  <div class='ocr_page' id='page_1' title='image "/cluster/home/n/w/nwhite01/storage/ocr_20150623/143/hvd.32044015471816/762.png"; bbox 0 0 4028 5360; ppageno 0'>
   <div class='ocr_carea' id='block_1_1' title="bbox 219 292 354 349">
    <p class='ocr_par' dir='ltr' id='par_1_1' title="bbox 219 292 354 349">
     <span class='ocr_line' id='line_1_1' title="bbox 219 292 354 349; baseline -0.007 -1"><span class='ocrx_word' id='word_1_1' title='bbox 219 292 354 349; x_wconf 69' lang='grc'><strong>1521</strong></span> 
     </span>
    </p>
   </div>
   <div class='ocr_carea' id='block_1_2' title="bbox 1579 292 2106 354">
    <p class='ocr_par' dir='ltr' id='par_1_2' title="bbox 1579 292 2106 354">
     <span class='ocr_line' id='line_1_2' title="bbox 1579 292 2106 354; baseline 0.002 -6"><span class='ocrx_word' id='word_1_2' title='bbox 1579 295 1754 351; x_wconf 65' lang='lat' dir='ltr'><strong>VITA.</strong></span> <span class='ocrx_word' id='word_1_3' title='bbox 1801 327 1863 333; x_wconf 88' lang='lat'><strong>-—-</strong></span> <span class='ocrx_word' id='word_1_4' title='bbox 1904 294 2033 354; x_wconf 77' lang='lat' dir='ltr'><strong>LIB.</strong></span> <span class='ocrx_word' id='word_1_5' title='bbox 2069 292 2106 349; x_wconf 91' lang='grc'><strong>1.</strong></span> 
     </span>
    </p>
   </div>
   <div class='ocr_carea' id='block_1_3' title="bbox 3351 297 3484 355">
    <p class='ocr_par' dir='ltr' id='par_1_3' title="bbox 3351 297 3484 355">
     <span class='ocr_line' id='line_1_3' title="bbox 3351 297 3484 355; baseline 0.023 -3"><span class='ocrx_word' id='word_1_6' title='bbox 3351 297 3484 355; x_wconf 73' lang='grc'><strong>1522</strong></span> 
     </span>
    </p>
   </div>
   <div class='ocr_carea' id='block_1_4' title="bbox 220 402 3484 482">
    <p class='ocr_par' dir='ltr' id='par_1_4' title="bbox 220 402 3484 482">
     <span class='ocr_line' id='line_1_4' title="bbox 220 402 3484 482; baseline 0.003 -26"><span class='ocrx_word' id='word_1_7' title='bbox 220 420 321 458; x_wconf 86' lang='lat' dir='ltr'><strong>nas</strong></span> <span class='ocrx_word' id='word_1_8' title='bbox 345 402 1048 482; x_wconf 74' lang='lat' dir='ltr'><strong>ll-l:trtii_._pnnit_urcathedra</strong></span> <span class='ocrx_word' id='word_1_9' title='bbox 1076 405 1392 482; x_wconf 79' lang='lat' dir='ltr'><strong>episcopali,</strong></span> <span class='ocrx_word' id='word_1_10' title='bbox 1417 408 1482 462; x_wconf 88' lang='lat' dir='ltr'><strong>ad</strong></span> <span class='ocrx_word' id='word_1_11' title='bbox 1507 411 1798 482; x_wconf 78' lang='lat' dir='ltr'><strong>regendam</strong></span> <span class='ocrx_word' id='word_1_12' title='bbox 1835 416 1873 470; x_wconf 69' lang='grc' dir='ltr'><strong>Α</strong></span> <span class='ocrx_word' id='word_1_13' title='bbox 1905 407 2082 482; x_wconf 67' lang='lat' dir='ltr'><strong>adire.</strong></span> <span class='ocrx_word' id='word_1_14' title='bbox 2109 407 2228 482; x_wconf 82' lang='lat' dir='ltr'><strong>Mox</strong></span> <span class='ocrx_word' id='word_1_15' title='bbox 2267 425 2421 465; x_wconf 84' lang='lat' dir='ltr'><strong>sacer</strong></span> <span class='ocrx_word' id='word_1_16' title='bbox 2453 408 2680 466; x_wconf 74' lang='lat' dir='ltr'><strong>antistes</strong></span> <span class='ocrx_word' id='word_1_17' title='bbox 2712 410 3032 468; x_wconf 72' lang='lat' dir='ltr'><strong>auctoritate</strong></span> <span class='ocrx_word' id='word_1_18' title='bbox 3059 411 3272 482; x_wconf 89' lang='lat' dir='ltr'><strong>plenus,</strong></span> <span class='ocrx_word' id='word_1_19' title='bbox 3305 412 3396 465; x_wconf 89' lang='lat' dir='ltr'><strong>tali</strong></span> <span class='ocrx_word' id='word_1_20' title='bbox 3429 414 3484 466; x_wconf 92' lang='lat' dir='ltr'><strong>ln</strong></span> 
     </span>
    </p>
   </div>
   <div class='ocr_carea' id='block_1_5' title="bbox 222 473 1800 548">
    <p class='ocr_par' dir='ltr' id='par_1_5' title="bbox 222 473 1800 548">
     <span class='ocr_line' id='line_1_5' title="bbox 222 473 1800 548; baseline 0.004 -21"><span class='ocrx_word' id='word_1_21' title='bbox 222 473 806 548; x_wconf 75' lang='lat' dir='ltr'><strong>sanctamEcclesium</strong></span> <span class='ocrx_word' id='word_1_22' title='bbox 848 487 900 530; x_wconf 88' lang='lat' dir='ltr'><strong>et</strong></span> <span class='ocrx_word' id='word_1_23' title='bbox 941 473 1149 546; x_wconf 86' lang='lat' dir='ltr'><strong>plebem</strong></span> <span class='ocrx_word' id='word_1_24' title='bbox 1203 473 1532 532; x_wconf 79' lang='lat' dir='ltr'><strong>universam.</strong></span> <span class='ocrx_word' id='word_1_25' title='bbox 1569 473 1800 548; x_wconf 71' lang='lat' dir='ltr'><strong>Jamque</strong></span> 
     </span>
    </p>
   </div>
   <div class='ocr_carea' id='block_1_6' title="bbox 217 546 1802 620">
    <p class='ocr_par' dir='ltr' id='par_1_6' title="bbox 217 546 1802 620">
     <span class='ocr_line' id='line_1_6' title="bbox 217 546 1802 620; baseline 0.003 -21"><span class='ocrx_word' id='word_1_26' title='bbox 217 546 614 620; x_wconf 66' lang='lat' dir='ltr'><strong>instabathora</strong></span> <span class='ocrx_word' id='word_1_27' title='bbox 643 546 897 620; x_wconf 78' lang='lat' dir='ltr'><strong>sacrificii</strong></span> <span class='ocrx_word' id='word_1_28' title='bbox 929 548 1246 620; x_wconf 73' lang='lat' dir='ltr'><strong>singularis,</strong></span> <span class='ocrx_word' id='word_1_29' title='bbox 1276 565 1399 602; x_wconf 89' lang='lat' dir='ltr'><strong>cum</strong></span> <span class='ocrx_word' id='word_1_30' title='bbox 1427 561 1552 604; x_wconf 83' lang='lat' dir='ltr'><strong>ecce</strong></span> <span class='ocrx_word' id='word_1_31' title='bbox 1583 546 1802 620; x_wconf 79' lang='lat' dir='ltr'><strong>pontifi-</strong></span> 
     </span>
    </p>
   </div>
   <div class='ocr_carea' id='block_1_7' title="bbox 218 617 1802 686">
    <p class='ocr_par' dir='ltr' id='par_1_7' title="bbox 218 617 1802 686">
     <span class='ocr_line' id='line_1_7' title="bbox 218 617 1802 686; baseline 0.004 -17"><span class='ocrx_word' id='word_1_32' title='bbox 218 617 432 670; x_wconf 83' lang='lat' dir='ltr'><strong>calibus</strong></span> <span class='ocrx_word' id='word_1_33' title='bbox 463 617 756 686; x_wconf 86' lang='lat' dir='ltr'><strong>insignitus</strong></span> <span class='ocrx_word' id='word_1_34' title='bbox 797 619 1154 682; x_wconf 78' lang='lat' dir='ltr'><strong>ornamentis,</strong></span> <span class='ocrx_word' id='word_1_35' title='bbox 1211 620 1444 673; x_wconf 85' lang='lat' dir='ltr'><strong>accessit</strong></span> <span class='ocrx_word' id='word_1_36' title='bbox 1503 617 1598 674; x_wconf 17' lang='lat' dir='ltr'><strong>adi</strong></span> <span class='ocrx_word' id='word_1_37' title='bbox 1630 623 1802 675; x_wconf 86' lang='lat' dir='ltr'><strong>altare</strong></span> 
     </span>
    </p>
   </div>
   <div class='ocr_carea' id='block_1_8' title="bbox 235 686 1798 752">
    <p class='ocr_par' dir='ltr' id='par_1_8' title="bbox 235 686 1798 752">
     <span class='ocr_line' id='line_1_8' title="bbox 235 686 1798 752; baseline 0.003 -13"><span class='ocrx_word' id='word_1_38' title='bbox 235 686 459 740; x_wconf 72' lang='lat' dir='ltr'><strong>tontifex</strong></span> <span class='ocrx_word' id='word_1_39' title='bbox 503 704 774 752; x_wconf 89' lang='lat' dir='ltr'><strong>summus,</strong></span> <span class='ocrx_word' id='word_1_40' title='bbox 808 704 932 742; x_wconf 86' lang='lat' dir='ltr'><strong>vere</strong></span> <span class='ocrx_word' id='word_1_41' title='bbox 958 691 1213 743; x_wconf 82' lang='lat' dir='ltr'><strong>sacerdos</strong></span> <span class='ocrx_word' id='word_1_42' title='bbox 1257 699 1309 743; x_wconf 87' lang='lat' dir='ltr'><strong>ct</strong></span> <span class='ocrx_word' id='word_1_43' title='bbox 1348 691 1526 744; x_wconf 77' lang='lat' dir='ltr'><strong>hostia</strong></span> <span class='ocrx_word' id='word_1_44' title='bbox 1574 691 1798 746; x_wconf 82' lang='lat' dir='ltr'><strong>Christi.</strong></span> 
     </span>
    </p>
   </div>
   <div class='ocr_carea' id='block_1_9' title="bbox 251 757 1804 829">
    <p class='ocr_par' dir='ltr' id='par_1_9' title="bbox 251 757 1804 829">
     <span class='ocr_line' id='line_1_9' title="bbox 251 757 1804 829; baseline 0.005 -19"><span class='ocrx_word' id='word_1_45' title='bbox 251 757 324 810; x_wconf 68' lang='lat' dir='ltr'><strong>ibi</strong></span> <span class='ocrx_word' id='word_1_46' title='bbox 359 768 563 827; x_wconf 89' lang='lat' dir='ltr'><strong>quanta</strong></span> <span class='ocrx_word' id='word_1_47' title='bbox 590 761 1248 829; x_wconf 89' lang='lat' dir='ltr'><strong>compunctione,quanta</strong></span> <span class='ocrx_word' id='word_1_48' title='bbox 1273 761 1454 814; x_wconf 90' lang='lat' dir='ltr'><strong>cordis</strong></span> <span class='ocrx_word' id='word_1_49' title='bbox 1478 762 1804 817; x_wconf 82' lang='lat' dir='ltr'><strong>contritione</strong></span> 
     </span>
    </p>
   </div>
   <div class='ocr_carea' id='block_1_10' title="bbox 219 829 1804 902">
    <p class='ocr_par' dir='ltr' id='par_1_10' title="bbox 219 829 1804 902">
     <span class='ocr_line' id='line_1_10' title="bbox 219 829 1804 902; baseline 0.003 -20"><span class='ocrx_word' id='word_1_50' title='bbox 219 829 740 902; x_wconf 64' lang='lat' dir='ltr'><strong>ministeriumillud</strong></span> <span class='ocrx_word' id='word_1_51' title='bbox 788 831 1074 902; x_wconf 82' lang='lat' dir='ltr'><strong>peregerit,</strong></span> <span class='ocrx_word' id='word_1_52' title='bbox 1097 832 1220 900; x_wconf 89' lang='lat' dir='ltr'><strong>quis</strong></span> <span class='ocrx_word' id='word_1_53' title='bbox 1245 830 1474 885; x_wconf 88' lang='lat' dir='ltr'><strong>sulliciat</strong></span> <span class='ocrx_word' id='word_1_54' title='bbox 1497 832 1804 902; x_wconf 84' lang='lat' dir='ltr'><strong>explicare?</strong></span> 
     </span>
    </p>
   </div>
   <div class='ocr_carea' id='block_1_11' title="bbox 220 898 1801 971">
    <p class='ocr_par' dir='ltr' id='par_1_11' title="bbox 220 898 1801 971">
     <span class='ocr_line' id='line_1_11' title="bbox 220 898 1801 971; baseline 0.003 -20"><span class='ocrx_word' id='word_1_55' title='bbox 220 898 393 971; x_wconf 87' lang='lat' dir='ltr'><strong>Totus</strong></span> <span class='ocrx_word' id='word_1_56' title='bbox 415 901 560 953; x_wconf 89' lang='lat' dir='ltr'><strong>enim</strong></span> <span class='ocrx_word' id='word_1_57' title='bbox 587 901 639 954; x_wconf 91' lang='lat' dir='ltr'><strong>in</strong></span> <span class='ocrx_word' id='word_1_58' title='bbox 665 898 938 971; x_wconf 65' lang='lat' dir='ltr'><strong>lact-vntas</strong></span> <span class='ocrx_word' id='word_1_59' title='bbox 962 898 1137 964; x_wconf 69' lang='lat' dir='ltr'><strong>fusus,</strong></span> <span class='ocrx_word' id='word_1_60' title='bbox 1169 902 1304 955; x_wconf 88' lang='lat' dir='ltr'><strong>tanti</strong></span> <span class='ocrx_word' id='word_1_61' title='bbox 1340 898 1665 956; x_wconf 80' lang='lat' dir='ltr'><strong>sacramenti</strong></span> <span class='ocrx_word' id='word_1_62' title='bbox 1693 904 1801 956; x_wconf 85' lang='lat' dir='ltr'><strong>vim</strong></span> 
     </span>
    </p>
   </div>
   <div class='ocr_carea' id='block_1_12' title="bbox 221 970 1804 1040">
    <p class='ocr_par' dir='ltr' id='par_1_12' title="bbox 221 970 1804 1040">
     <span class='ocr_line' id='line_1_12' title="bbox 221 970 1804 1040; baseline 0.004 -18"><span class='ocrx_word' id='word_1_63' title='bbox 221 970 276 1023; x_wconf 87' lang='lat' dir='ltr'><strong>in</strong></span> <span class='ocrx_word' id='word_1_64' title='bbox 300 971 541 1040; x_wconf 84' lang='lat' dir='ltr'><strong>seipsum</strong></span> <span class='ocrx_word' id='word_1_65' title='bbox 573 970 804 1040; x_wconf 83' lang='lat' dir='ltr'><strong>excepit,</strong></span> <span class='ocrx_word' id='word_1_66' title='bbox 863 972 1187 1026; x_wconf 70' lang='lat' dir='ltr'><strong>mirantibus</strong></span> <span class='ocrx_word' id='word_1_67' title='bbox 1214 973 1492 1028; x_wconf 86' lang='lat' dir='ltr'><strong>nonnullis</strong></span> <span class='ocrx_word' id='word_1_68' title='bbox 1524 974 1804 1029; x_wconf 88' lang='lat' dir='ltr'><strong>immensi-</strong></span> 
     </span>
    </p>
   </div>
   <div class='ocr_carea' id='block_1_13' title="bbox 221 1042 1803 1113">
    <p class='ocr_par' dir='ltr' id='par_1_13' title="bbox 221 1042 1803 1113">
     <span class='ocr_line' id='line_1_13' title="bbox 221 1042 1803 1113; baseline 0.004 -19"><span class='ocrx_word' id='word_1_69' title='bbox 221 1049 389 1113; x_wconf 81' lang='lat' dir='ltr'><strong>tatem</strong></span> <span class='ocrx_word' id='word_1_70' title='bbox 438 1042 824 1113; x_wconf 81' lang='lat' dir='ltr'><strong>lacrymarum,</strong></span> <span class='ocrx_word' id='word_1_71' title='bbox 873 1051 934 1096; x_wconf 78' lang='lat' dir='ltr'><strong>et</strong></span> <span class='ocrx_word' id='word_1_72' title='bbox 955 1059 1078 1097; x_wconf 91' lang='lat' dir='ltr'><strong>cum</strong></span> <span class='ocrx_word' id='word_1_73' title='bbox 1106 1043 1306 1113; x_wconf 82' lang='lat' dir='ltr'><strong>gemitu</strong></span> <span class='ocrx_word' id='word_1_74' title='bbox 1338 1046 1572 1113; x_wconf 85' lang='lat' dir='ltr'><strong>quodam</strong></span> <span class='ocrx_word' id='word_1_75' title='bbox 1598 1055 1649 1098; x_wconf 89' lang='lat' dir='ltr'><strong>et</strong></span> <span class='ocrx_word' id='word_1_76' title='bbox 1681 1060 1803 1100; x_wconf 88' lang='lat' dir='ltr'><strong>sus-</strong></span> 
     </span>
    </p>
   </div>
   <div class='ocr_carea' id='block_1_14' title="bbox 223 1112 1804 1182">
    <p class='ocr_par' dir='ltr' id='par_1_14' title="bbox 223 1112 1804 1182">
     <span class='ocr_line' id='line_1_14' title="bbox 223 1112 1804 1182; baseline 0.004 -18"><span class='ocrx_word' id='word_1_77' title='bbox 223 1112 384 1181; x_wconf 85' lang='lat' dir='ltr'><strong>pirio,</strong></span> <span class='ocrx_word' id='word_1_78' title='bbox 428 1112 704 1181; x_wconf 75' lang='lat' dir='ltr'><strong>simulque</strong></span> <span class='ocrx_word' id='word_1_79' title='bbox 734 1115 972 1182; x_wconf 75' lang='lat' dir='ltr'><strong>pectoris</strong></span> <span class='ocrx_word' id='word_1_80' title='bbox 1024 1112 1296 1177; x_wconf 87' lang='lat' dir='ltr'><strong>tuusione,</strong></span> <span class='ocrx_word' id='word_1_81' title='bbox 1329 1112 1510 1169; x_wconf 80' lang='lat' dir='ltr'><strong>cordis</strong></span> <span class='ocrx_word' id='word_1_82' title='bbox 1541 1115 1688 1170; x_wconf 88' lang='lat' dir='ltr'><strong>illius</strong></span> <span class='ocrx_word' id='word_1_83' title='bbox 1717 1131 1804 1170; x_wconf 91' lang='lat' dir='ltr'><strong>se-</strong></span> 
     </span>
    </p>
   </div>
   <div class='ocr_carea' id='block_1_15' title="bbox 187 1184 1803 1255">
    <p class='ocr_par' dir='ltr' id='par_1_15' title="bbox 187 1184 1803 1255">
     <span class='ocr_line' id='line_1_15' title="bbox 187 1184 1803 1255; baseline 0.001 -18"><span class='ocrx_word' id='word_1_84' title='bbox 187 1192 368 1238; x_wconf 81' lang='lat' dir='ltr'><strong>~creta</strong></span> <span class='ocrx_word' id='word_1_85' title='bbox 395 1197 492 1252; x_wconf 89' lang='lat' dir='ltr'><strong>per</strong></span> <span class='ocrx_word' id='word_1_86' title='bbox 519 1184 618 1236; x_wconf 89' lang='lat' dir='ltr'><strong>hoc</strong></span> <span class='ocrx_word' id='word_1_87' title='bbox 667 1184 1012 1239; x_wconf 81' lang='lat' dir='ltr'><strong>rimantibus.</strong></span> <span class='ocrx_word' id='word_1_88' title='bbox 1070 1184 1150 1237; x_wconf 86' lang='lat' dir='ltr'><strong>Ad</strong></span> <span class='ocrx_word' id='word_1_89' title='bbox 1196 1186 1353 1255; x_wconf 83' lang='lat' dir='ltr'><strong>cujus</strong></span> <span class='ocrx_word' id='word_1_90' title='bbox 1383 1201 1571 1254; x_wconf 85' lang='lat' dir='ltr'><strong>preces</strong></span> <span class='ocrx_word' id='word_1_91' title='bbox 1605 1187 1803 1240; x_wconf 74' lang='lat' dir='ltr'><strong>ctelum</strong></span> 
     </span>
    </p>
   </div>
   <div class='ocr_carea' id='block_1_16' title="bbox 185 1255 1804 1334">
    <p class='ocr_par' dir='ltr' id='par_1_16' title="bbox 185 1255 1804 1334">
     <span class='ocr_line' id='line_1_16' title="bbox 185 1255 1804 1334; baseline 0.001 -26"><span class='ocrx_word' id='word_1_92' title='bbox 185 1295 188 1298; x_wconf 90' lang='grc'><strong><em>-</em></strong></span> <span class='ocrx_word' id='word_1_93' title='bbox 225 1263 358 1334; x_wconf 74' lang='lat' dir='ltr'><strong>tunc</strong></span> <span class='ocrx_word' id='word_1_94' title='bbox 386 1255 631 1334; x_wconf 86' lang='lat' dir='ltr'><strong>patuisse</strong></span> <span class='ocrx_word' id='word_1_95' title='bbox 676 1256 808 1334; x_wconf 79' lang='lat' dir='ltr'><strong>nulli</strong></span> <span class='ocrx_word' id='word_1_96' title='bbox 838 1256 1086 1334; x_wconf 72' lang='lat' dir='ltr'><strong>dubium,</strong></span> <span class='ocrx_word' id='word_1_97' title='bbox 1118 1271 1243 1334; x_wconf 74' lang='lat' dir='ltr'><strong>cum</strong></span> <span class='ocrx_word' id='word_1_98' title='bbox 1274 1264 1328 1310; x_wconf 85' lang='lat' dir='ltr'><strong>et</strong></span> <span class='ocrx_word' id='word_1_99' title='bbox 1371 1258 1440 1308; x_wconf 92' lang='lat' dir='ltr'><strong>ob</strong></span> <span class='ocrx_word' id='word_1_100' title='bbox 1493 1258 1594 1310; x_wconf 91' lang='lat' dir='ltr'><strong>hoc</strong></span> <span class='ocrx_word' id='word_1_101' title='bbox 1625 1257 1804 1334; x_wconf 87' lang='lat' dir='ltr'><strong>ipsum</strong></span> 
     </span>
    </p>
   </div>
   <div class='ocr_carea' id='block_1_17' title="bbox 222 1325 1808 1396">
    <p class='ocr_par' dir='ltr' id='par_1_17' title="bbox 222 1325 1808 1396">
     <span class='ocr_line' id='line_1_17' title="bbox 222 1325 1808 1396; baseline 0.001 -18"><span class='ocrx_word' id='word_1_102' title='bbox 222 1325 538 1380; x_wconf 86' lang='lat' dir='ltr'><strong>misericors</strong></span> <span class='ocrx_word' id='word_1_103' title='bbox 567 1335 621 1378; x_wconf 86' lang='lat' dir='ltr'><strong>et</strong></span> <span class='ocrx_word' id='word_1_104' title='bbox 658 1326 948 1381; x_wconf 87' lang='lat' dir='ltr'><strong>miserator</strong></span> <span class='ocrx_word' id='word_1_105' title='bbox 980 1326 1241 1382; x_wconf 87' lang='lat' dir='ltr'><strong>Dominus</strong></span> <span class='ocrx_word' id='word_1_106' title='bbox 1287 1342 1412 1381; x_wconf 89' lang='lat' dir='ltr'><strong>eum</strong></span> <span class='ocrx_word' id='word_1_107' title='bbox 1445 1325 1711 1396; x_wconf 78' lang='lat' dir='ltr'><strong>posuerit,</strong></span> <span class='ocrx_word' id='word_1_108' title='bbox 1748 1338 1808 1380; x_wconf 92' lang='lat' dir='ltr'><strong>ut</strong></span> 
     </span>
    </p>
   </div>
   <div class='ocr_carea' id='block_1_18' title="bbox 189 1396 1808 1479">
    <p class='ocr_par' dir='ltr' id='par_1_18' title="bbox 189 1396 1808 1479">
     <span class='ocr_line' id='line_1_18' title="bbox 189 1396 1808 1479; baseline 0.003 -31"><span class='ocrx_word' id='word_1_109' title='bbox 189 1425 194 1432; x_wconf 94' lang='lat'><strong><em>-</em></strong></span> <span class='ocrx_word' id='word_1_110' title='bbox 223 1411 325 1479; x_wconf 84' lang='lat' dir='ltr'><strong>pro</strong></span> <span class='ocrx_word' id='word_1_111' title='bbox 358 1397 657 1479; x_wconf 43' lang='lat' dir='ltr'><strong>suingrclgis</strong></span> <span class='ocrx_word' id='word_1_112' title='bbox 696 1397 1013 1479; x_wconf 67' lang='lat' dir='ltr'><strong>excessibus</strong></span> <span class='ocrx_word' id='word_1_113' title='bbox 1071 1396 1433 1479; x_wconf 65' lang='lat' dir='ltr'><strong>intencedens,</strong></span> <span class='ocrx_word' id='word_1_114' title='bbox 1476 1399 1529 1451; x_wconf 89' lang='lat' dir='ltr'><strong>iu</strong></span> <span class='ocrx_word' id='word_1_115' title='bbox 1563 1406 1808 1479; x_wconf 75' lang='lat' dir='ltr'><strong>tempore</strong></span> 
     </span>
    </p>
   </div>
   <div class='ocr_carea' id='block_1_19' title="bbox 187 1467 1809 1538">
    <p class='ocr_par' dir='ltr' id='par_1_19' title="bbox 187 1467 1809 1538">
     <span class='ocr_line' id='line_1_19' title="bbox 187 1467 1809 1538; baseline 0.002 -19"><span class='ocrx_word' id='word_1_116' title='bbox 187 1501 192 1504; x_wconf 95' lang='lat'><em>-</em></span> <span class='ocrx_word' id='word_1_117' title='bbox 223 1467 522 1521; x_wconf 87' lang='lat' dir='ltr'><strong>iracundi:e</strong></span> <span class='ocrx_word' id='word_1_118' title='bbox 571 1467 720 1521; x_wconf 82' lang='lat' dir='ltr'><strong>fieret</strong></span> <span class='ocrx_word' id='word_1_119' title='bbox 761 1468 1149 1522; x_wconf 84' lang='lat' dir='ltr'><strong>reconciliatio.</strong></span> <span class='ocrx_word' id='word_1_120' title='bbox 1196 1467 1491 1538; x_wconf 85' lang='lat' dir='ltr'><strong>Postquam</strong></span> <span class='ocrx_word' id='word_1_121' title='bbox 1519 1484 1648 1522; x_wconf 90' lang='lat' dir='ltr'><strong>vero</strong></span> <span class='ocrx_word' id='word_1_122' title='bbox 1675 1467 1809 1524; x_wconf 79' lang='lat' dir='ltr'><strong>mis-</strong></span> 
     </span>
    </p>
   </div>
   <div class='ocr_carea' id='block_1_20' title="bbox 223 1538 1804 1610">
    <p class='ocr_par' dir='ltr' id='par_1_20' title="bbox 223 1538 1804 1610">
     <span class='ocr_line' id='line_1_20' title="bbox 223 1538 1804 1610; baseline 0.002 -19"><span class='ocrx_word' id='word_1_123' title='bbox 223 1553 416 1591; x_wconf 84' lang='lat' dir='ltr'><strong>sarum</strong></span> <span class='ocrx_word' id='word_1_124' title='bbox 444 1539 726 1610; x_wconf 85' lang='lat' dir='ltr'><strong>solemniis</strong></span> <span class='ocrx_word' id='word_1_125' title='bbox 747 1554 870 1592; x_wconf 92' lang='lat' dir='ltr'><strong>cum</strong></span> <span class='ocrx_word' id='word_1_126' title='bbox 895 1539 1270 1594; x_wconf 82' lang='lat' dir='ltr'><strong>benedictione</strong></span> <span class='ocrx_word' id='word_1_127' title='bbox 1287 1538 1582 1610; x_wconf 80' lang='lat' dir='ltr'><strong>pontificali</strong></span> <span class='ocrx_word' id='word_1_128' title='bbox 1615 1538 1804 1605; x_wconf 80' lang='lat' dir='ltr'><strong>finitis,</strong></span> 
     </span>
    </p>
   </div>
   <div class='ocr_carea' id='block_1_21' title="bbox 220 1609 1810 1682">
    <p class='ocr_par' dir='ltr' id='par_1_21' title="bbox 220 1609 1810 1682">
     <span class='ocr_line' id='line_1_21' title="bbox 220 1609 1810 1682; baseline 0.001 -20"><span class='ocrx_word' id='word_1_129' title='bbox 220 1609 637 1682; x_wconf 86' lang='lat' dir='ltr'><strong>conventusille</strong></span> <span class='ocrx_word' id='word_1_130' title='bbox 659 1610 875 1682; x_wconf 87' lang='lat' dir='ltr'><strong>solutus</strong></span> <span class='ocrx_word' id='word_1_131' title='bbox 896 1619 998 1675; x_wconf 90' lang='lat' dir='ltr'><strong>est,</strong></span> <span class='ocrx_word' id='word_1_132' title='bbox 1024 1610 1138 1679; x_wconf 87' lang='lat' dir='ltr'><strong>ipse</strong></span> <span class='ocrx_word' id='word_1_133' title='bbox 1155 1609 1410 1682; x_wconf 83' lang='lat' dir='ltr'><strong>deinceps</strong></span> <span class='ocrx_word' id='word_1_134' title='bbox 1452 1610 1504 1664; x_wconf 92' lang='lat' dir='ltr'><strong>in</strong></span> <span class='ocrx_word' id='word_1_135' title='bbox 1553 1612 1810 1682; x_wconf 86' lang='lat' dir='ltr'><strong>omnibus</strong></span> 
     </span>
    </p>
   </div>
   <div class='ocr_carea' id='block_1_22' title="bbox 225 1681 1810 1752">
    <p class='ocr_par' dir='ltr' id='par_1_22' title="bbox 225 1681 1810 1752">
     <span class='ocr_line' id='line_1_22' title="bbox 225 1681 1810 1752; baseline 0.001 -19"><span class='ocrx_word' id='word_1_136' title='bbox 225 1689 336 1733; x_wconf 88' lang='lat' dir='ltr'><strong>tam</strong></span> <span class='ocrx_word' id='word_1_137' title='bbox 365 1681 783 1745; x_wconf 87' lang='lat' dir='ltr'><strong>ecclesiasticis,</strong></span> <span class='ocrx_word' id='word_1_138' title='bbox 823 1697 1000 1752; x_wconf 5' lang='lat' dir='ltr'><strong>quam,</strong></span> <span class='ocrx_word' id='word_1_139' title='bbox 1031 1681 1353 1752; x_wconf 73' lang='lat' dir='ltr'><strong>reipublic-2e</strong></span> <span class='ocrx_word' id='word_1_140' title='bbox 1395 1681 1622 1752; x_wconf 86' lang='lat' dir='ltr'><strong>negotiis</strong></span> <span class='ocrx_word' id='word_1_141' title='bbox 1665 1682 1810 1736; x_wconf 85' lang='lat' dir='ltr'><strong>haud</strong></span> 
     </span>
    </p>
   </div>
   <div class='ocr_carea' id='block_1_23' title="bbox 1907 480 3482 553">
    <p class='ocr_par' dir='ltr' id='par_1_23' title="bbox 1907 480 3482 553">
     <span class='ocr_line' id='line_1_23' title="bbox 1907 480 3482 553; baseline 0.003 -21"><span class='ocrx_word' id='word_1_142' title='bbox 1907 480 2125 553; x_wconf 84' lang='lat' dir='ltr'><strong>negotio</strong></span> <span class='ocrx_word' id='word_1_143' title='bbox 2180 480 2513 548; x_wconf 84' lang='lat' dir='ltr'><strong>imperialem</strong></span> <span class='ocrx_word' id='word_1_144' title='bbox 2574 483 2971 552; x_wconf 85' lang='lat' dir='ltr'><strong>parvipendens</strong></span> <span class='ocrx_word' id='word_1_145' title='bbox 3004 480 3482 553; x_wconf 80' lang='lat' dir='ltr'><strong>magniﬁcentiam,</strong></span> 
     </span>
    </p>
   </div>
   <div class='ocr_carea' id='block_1_24' title="bbox 1904 552 3488 624">
    <p class='ocr_par' dir='ltr' id='par_1_24' title="bbox 1904 552 3488 624">
     <span class='ocr_line' id='line_1_24' title="bbox 1904 552 3488 624; baseline 0.004 -21"><span class='ocrx_word' id='word_1_146' title='bbox 1904 552 2046 603; x_wconf 79' lang='lat' dir='ltr'><strong>sicut</strong></span> <span class='ocrx_word' id='word_1_147' title='bbox 2071 565 2293 624; x_wconf 78' lang='lat' dir='ltr'><strong>parcere</strong></span> <span class='ocrx_word' id='word_1_148' title='bbox 2343 553 2536 624; x_wconf 86' lang='lat' dir='ltr'><strong>solitus</strong></span> <span class='ocrx_word' id='word_1_149' title='bbox 2565 567 2681 607; x_wconf 87' lang='lat' dir='ltr'><strong>erat</strong></span> <span class='ocrx_word' id='word_1_150' title='bbox 2705 553 2846 624; x_wconf 88' lang='lat' dir='ltr'><strong>inopi</strong></span> <span class='ocrx_word' id='word_1_151' title='bbox 2882 563 2937 608; x_wconf 87' lang='lat' dir='ltr'><strong>ct</strong></span> <span class='ocrx_word' id='word_1_152' title='bbox 2983 552 3230 624; x_wconf 86' lang='lat' dir='ltr'><strong>pauperi,</strong></span> <span class='ocrx_word' id='word_1_153' title='bbox 3274 553 3354 624; x_wconf 90' lang='lat' dir='ltr'><strong>sic</strong></span> <span class='ocrx_word' id='word_1_154' title='bbox 3389 569 3488 624; x_wconf 78' lang='lat' dir='ltr'><strong>op—</strong></span> 
     </span>
    </p>
   </div>
   <div class='ocr_carea' id='block_1_25' title="bbox 1905 622 3484 692">
    <p class='ocr_par' dir='ltr' id='par_1_25' title="bbox 1905 622 3484 692">
     <span class='ocr_line' id='line_1_25' title="bbox 1905 622 3484 692; baseline 0.005 -21"><span class='ocrx_word' id='word_1_155' title='bbox 1905 622 2292 689; x_wconf 86' lang='lat' dir='ltr'><strong>portunitatem</strong></span> <span class='ocrx_word' id='word_1_156' title='bbox 2333 623 2580 692; x_wconf 87' lang='lat' dir='ltr'><strong>adeptus,</strong></span> <span class='ocrx_word' id='word_1_157' title='bbox 2628 623 2937 680; x_wconf 88' lang='lat' dir='ltr'><strong>misericors</strong></span> <span class='ocrx_word' id='word_1_158' title='bbox 2967 622 3084 679; x_wconf 83' lang='lat' dir='ltr'><strong>sine</strong></span> <span class='ocrx_word' id='word_1_159' title='bbox 3113 622 3484 679; x_wconf 87' lang='lat' dir='ltr'><strong>misericordia</strong></span> 
     </span>
    </p>
   </div>
   <div class='ocr_carea' id='block_1_26' title="bbox 1906 692 3488 764">
    <p class='ocr_par' dir='ltr' id='par_1_26' title="bbox 1906 692 3488 764">
     <span class='ocr_line' id='line_1_26' title="bbox 1906 692 3488 764; baseline 0.006 -22"><span class='ocrx_word' id='word_1_160' title='bbox 1906 692 2289 764; x_wconf 59' lang='lat' dir='ltr'><strong>sayvireetepit</strong></span> <span class='ocrx_word' id='word_1_161' title='bbox 2325 693 2378 746; x_wconf 89' lang='lat' dir='ltr'><strong>in</strong></span> <span class='ocrx_word' id='word_1_162' title='bbox 2428 695 2748 764; x_wconf 88' lang='lat' dir='ltr'><strong>principem.</strong></span> <span class='ocrx_word' id='word_1_163' title='bbox 2808 693 2942 748; x_wconf 85' lang='lat' dir='ltr'><strong>Nam</strong></span> <span class='ocrx_word' id='word_1_164' title='bbox 2990 694 3488 751; x_wconf 87' lang='lat' dir='ltr'><strong>vehementissimis</strong></span> 
     </span>
    </p>
   </div>
   <div class='ocr_carea' id='block_1_27' title="bbox 1906 762 3492 835">
    <p class='ocr_par' dir='ltr' id='par_1_27' title="bbox 1906 762 3492 835">
     <span class='ocr_line' id='line_1_27' title="bbox 1906 762 3492 835; baseline 0.003 -21"><span class='ocrx_word' id='word_1_165' title='bbox 1906 763 2073 835; x_wconf 86' lang='lat' dir='ltr'><strong>illum</strong></span> <span class='ocrx_word' id='word_1_166' title='bbox 2093 762 2353 835; x_wconf 72' lang='lat' dir='ltr'><strong>invadens</strong></span> <span class='ocrx_word' id='word_1_167' title='bbox 2385 762 2837 832; x_wconf 86' lang='lat' dir='ltr'><strong>correptionibus,</strong></span> <span class='ocrx_word' id='word_1_168' title='bbox 2867 764 3130 835; x_wconf 88' lang='lat' dir='ltr'><strong>quidquid</strong></span> <span class='ocrx_word' id='word_1_169' title='bbox 3179 765 3364 822; x_wconf 82' lang='lat' dir='ltr'><strong>animo</strong></span> <span class='ocrx_word' id='word_1_170' title='bbox 3392 782 3492 835; x_wconf 84' lang='lat' dir='ltr'><strong>pro</strong></span> 
     </span>
    </p>
   </div>
   <div class='ocr_carea' id='block_1_28' title="bbox 1909 833 3490 898">
    <p class='ocr_par' dir='ltr' id='par_1_28' title="bbox 1909 833 3490 898">
     <span class='ocr_line' id='line_1_28' title="bbox 1909 833 3490 898; baseline 0.003 -12"><span class='ocrx_word' id='word_1_171' title='bbox 1909 833 2113 898; x_wconf 86' lang='lat' dir='ltr'><strong>iustitia</strong></span> <span class='ocrx_word' id='word_1_172' title='bbox 2132 833 2405 887; x_wconf 85' lang='lat' dir='ltr'><strong>concitato</strong></span> <span class='ocrx_word' id='word_1_173' title='bbox 2453 849 2512 887; x_wconf 90' lang='lat' dir='ltr'><strong>se</strong></span> <span class='ocrx_word' id='word_1_174' title='bbox 2538 835 2752 898; x_wconf 90' lang='lat' dir='ltr'><strong>obtulit,</strong></span> <span class='ocrx_word' id='word_1_175' title='bbox 2787 833 2952 890; x_wconf 75' lang='lat' dir='ltr'><strong>libere</strong></span> <span class='ocrx_word' id='word_1_176' title='bbox 2980 833 3034 892; x_wconf 83' lang='lat' dir='ltr'><strong>et</strong></span> <span class='ocrx_word' id='word_1_177' title='bbox 3061 843 3376 890; x_wconf 84' lang='lat' dir='ltr'><strong>constanter</strong></span> <span class='ocrx_word' id='word_1_178' title='bbox 3393 833 3490 890; x_wconf 21' lang='lat' dir='ltr'><strong>iet“-</strong></span> 
     </span>
    </p>
   </div>
   <div class='ocr_carea' id='block_1_29' title="bbox 1930 904 3462 978">
    <p class='ocr_par' dir='ltr' id='par_1_29' title="bbox 1930 904 3462 978">
     <span class='ocr_line' id='line_1_29' title="bbox 1930 904 3462 978; baseline 0.001 -20"><span class='ocrx_word' id='word_1_179' title='bbox 1930 905 2124 958; x_wconf 81' lang='lat' dir='ltr'><strong>abatur</strong></span> <span class='ocrx_word' id='word_1_180' title='bbox 2173 904 2434 978; x_wconf 79' lang='lat' dir='ltr'><strong>illumque</strong></span> <span class='ocrx_word' id='word_1_181' title='bbox 2483 904 2798 978; x_wconf 84' lang='lat' dir='ltr'><strong>dt_t_rissimis</strong></span> <span class='ocrx_word' id='word_1_182' title='bbox 2824 907 3111 978; x_wconf 78' lang='lat' dir='ltr'><strong>verberum</strong></span> <span class='ocrx_word' id='word_1_183' title='bbox 3147 906 3320 978; x_wconf 84' lang='lat' dir='ltr'><strong>plagis</strong></span> <span class='ocrx_word' id='word_1_184' title='bbox 3354 907 3462 960; x_wconf 82' lang='lat' dir='ltr'><strong>aflli</strong></span> 
     </span>
    </p>
   </div>
   <div class='ocr_carea' id='block_1_30' title="bbox 1907 973 3491 1040">
    <p class='ocr_par' dir='ltr' id='par_1_30' title="bbox 1907 973 3491 1040">
     <span class='ocr_line' id='line_1_30' title="bbox 1907 973 3491 1040; baseline 0.001 -11"><span class='ocrx_word' id='word_1_185' title='bbox 1907 984 2076 1040; x_wconf 89' lang='lat' dir='ltr'><strong>ctum,</strong></span> <span class='ocrx_word' id='word_1_186' title='bbox 2109 990 2216 1029; x_wconf 90' lang='lat' dir='ltr'><strong>non</strong></span> <span class='ocrx_word' id='word_1_187' title='bbox 2247 973 2406 1028; x_wconf 88' lang='lat' dir='ltr'><strong>aliter</strong></span> <span class='ocrx_word' id='word_1_188' title='bbox 2427 989 2489 1028; x_wconf 91' lang='lat' dir='ltr'><strong>ca</strong></span> <span class='ocrx_word' id='word_1_189' title='bbox 2513 974 2600 1028; x_wconf 90' lang='lat' dir='ltr'><strong>die</strong></span> <span class='ocrx_word' id='word_1_190' title='bbox 2629 986 2948 1030; x_wconf 90' lang='lat' dir='ltr'><strong>coronatum</strong></span> <span class='ocrx_word' id='word_1_191' title='bbox 2976 973 3224 1031; x_wconf 76' lang='lat' dir='ltr'><strong>incedere</strong></span> <span class='ocrx_word' id='word_1_192' title='bbox 3241 973 3491 1032; x_wconf 47' lang='lat' dir='ltr'><strong>&#39;consen-</strong></span> 
     </span>
    </p>
   </div>
   <div class='ocr_carea' id='block_1_31' title="bbox 1908 1044 3493 1138">
    <p class='ocr_par' dir='ltr' id='par_1_31' title="bbox 1908 1044 3493 1138">
     <span class='ocr_line' id='line_1_31' title="bbox 1908 1044 3493 1138; baseline 0.001 -40"><span class='ocrx_word' id='word_1_193' title='bbox 1908 1047 2001 1138; x_wconf 69' lang='lat' dir='ltr'><strong>sit,</strong></span> <span class='ocrx_word' id='word_1_194' title='bbox 2029 1060 2192 1128; x_wconf 75' lang='lat' dir='ltr'><strong>quam</strong></span> <span class='ocrx_word' id='word_1_195' title='bbox 2221 1044 2373 1114; x_wconf 87' lang='lat' dir='ltr'><strong>prius</strong></span> <span class='ocrx_word' id='word_1_196' title='bbox 2403 1046 2657 1100; x_wconf 89' lang='lat' dir='ltr'><strong>manibus</strong></span> <span class='ocrx_word' id='word_1_197' title='bbox 2680 1046 2808 1138; x_wconf 49' lang='lat' dir='ltr'><strong>‘suis</strong></span> <span class='ocrx_word' id='word_1_198' title='bbox 2854 1047 3081 1138; x_wconf 52' lang='lat' dir='ltr'><strong>triginta‘</strong></span> <span class='ocrx_word' id='word_1_199' title='bbox 3122 1056 3232 1128; x_wconf 80' lang='lat' dir='ltr'><strong>tres</strong></span> <span class='ocrx_word' id='word_1_200' title='bbox 3257 1047 3493 1128; x_wconf 42' lang='lat' dir='ltr'><strong>.argenti</strong></span> 
     </span>
    </p>
   </div>
   <div class='ocr_carea' id='block_1_32' title="bbox 1909 1115 3491 1187">
    <p class='ocr_par' dir='ltr' id='par_1_32' title="bbox 1909 1115 3491 1187">
     <span class='ocr_line' id='line_1_32' title="bbox 1909 1115 3491 1187; baseline 0 -16"><span class='ocrx_word' id='word_1_201' title='bbox 1909 1117 2079 1172; x_wconf 88' lang='lat' dir='ltr'><strong>libras</strong></span> <span class='ocrx_word' id='word_1_202' title='bbox 2110 1117 2163 1169; x_wconf 93' lang='lat' dir='ltr'><strong>in</strong></span> <span class='ocrx_word' id='word_1_203' title='bbox 2193 1131 2460 1186; x_wconf 88' lang='lat' dir='ltr'><strong>pauperes</strong></span> <span class='ocrx_word' id='word_1_204' title='bbox 2483 1117 2849 1187; x_wconf 84' lang='lat' dir='ltr'><strong>expcndissct.</strong></span> <span class='ocrx_word' id='word_1_205' title='bbox 2883 1115 3005 1187; x_wconf 76' lang='lat' dir='ltr'><strong>Nec</strong></span> <span class='ocrx_word' id='word_1_206' title='bbox 3033 1117 3223 1171; x_wconf 89' lang='lat' dir='ltr'><strong>abnuit</strong></span> <span class='ocrx_word' id='word_1_207' title='bbox 3256 1115 3491 1187; x_wconf 78' lang='lat' dir='ltr'><strong>impera—</strong></span> 
     </span>
    </p>
   </div>
   <div class='ocr_carea' id='block_1_33' title="bbox 1908 1186 3493 1258">
    <p class='ocr_par' dir='ltr' id='par_1_33' title="bbox 1908 1186 3493 1258">
     <span class='ocr_line' id='line_1_33' title="bbox 1908 1186 3493 1258; baseline 0.002 -19"><span class='ocrx_word' id='word_1_208' title='bbox 1908 1197 2012 1258; x_wconf 75' lang='lat' dir='ltr'><strong>tor,</strong></span> <span class='ocrx_word' id='word_1_209' title='bbox 2045 1187 2137 1240; x_wconf 90' lang='lat' dir='ltr'><strong>sed</strong></span> <span class='ocrx_word' id='word_1_210' title='bbox 2162 1195 2359 1241; x_wconf 87' lang='lat' dir='ltr'><strong>cuncta</strong></span> <span class='ocrx_word' id='word_1_211' title='bbox 2381 1201 2448 1240; x_wconf 89' lang='lat' dir='ltr'><strong>eo</strong></span> <span class='ocrx_word' id='word_1_212' title='bbox 2469 1186 2679 1254; x_wconf 84' lang='lat' dir='ltr'><strong>ordine,</strong></span> <span class='ocrx_word' id='word_1_213' title='bbox 2711 1203 2822 1258; x_wconf 92' lang='lat' dir='ltr'><strong>quo</strong></span> <span class='ocrx_word' id='word_1_214' title='bbox 2864 1186 3008 1241; x_wconf 88' lang='lat' dir='ltr'><strong>dicta</strong></span> <span class='ocrx_word' id='word_1_215' title='bbox 3064 1196 3212 1252; x_wconf 88' lang='lat' dir='ltr'><strong>sunt,</strong></span> <span class='ocrx_word' id='word_1_216' title='bbox 3266 1186 3493 1258; x_wconf 82' lang='lat' dir='ltr'><strong>superni</strong></span> 
     </span>
    </p>
   </div>
   <div class='ocr_carea' id='block_1_34' title="bbox 1908 1256 3495 1327">
    <p class='ocr_par' dir='ltr' id='par_1_34' title="bbox 1908 1256 3495 1327">
     <span class='ocr_line' id='line_1_34' title="bbox 1908 1256 3495 1327; baseline 0.001 -15"><span class='ocrx_word' id='word_1_217' title='bbox 1908 1256 2115 1313; x_wconf 82' lang='lat' dir='ltr'><strong>Judicis</strong></span> <span class='ocrx_word' id='word_1_218' title='bbox 2140 1266 2387 1326; x_wconf 73' lang='lat' dir='ltr'><strong>respectu</strong></span> <span class='ocrx_word' id='word_1_219' title='bbox 2413 1266 2467 1311; x_wconf 90' lang='lat' dir='ltr'><strong>et.</strong></span> <span class='ocrx_word' id='word_1_220' title='bbox 2511 1273 2709 1327; x_wconf 87' lang='lat' dir='ltr'><strong>passus</strong></span> <span class='ocrx_word' id='word_1_221' title='bbox 2730 1256 2840 1325; x_wconf 79' lang='lat' dir='ltr'><strong>est,</strong></span> <span class='ocrx_word' id='word_1_222' title='bbox 2866 1265 2919 1311; x_wconf 90' lang='lat' dir='ltr'><strong>et</strong></span> <span class='ocrx_word' id='word_1_223' title='bbox 2949 1258 3078 1312; x_wconf 81' lang='lat' dir='ltr'><strong>fecit</strong></span> <span class='ocrx_word' id='word_1_224' title='bbox 3121 1277 3132 1311; x_wconf 91' lang='lat'><strong>:</strong></span> <span class='ocrx_word' id='word_1_225' title='bbox 3185 1256 3376 1327; x_wconf 80' lang='lat' dir='ltr'><strong>sicque</strong></span> <span class='ocrx_word' id='word_1_226' title='bbox 3401 1259 3495 1313; x_wconf 86' lang='lat' dir='ltr'><strong>de-</strong></span> 
     </span>
    </p>
   </div>
   <div class='ocr_carea' id='block_1_35' title="bbox 1909 1328 3498 1398">
    <p class='ocr_par' dir='ltr' id='par_1_35' title="bbox 1909 1328 3498 1398">
     <span class='ocr_line' id='line_1_35' title="bbox 1909 1328 3498 1398; baseline -0.002 -14"><span class='ocrx_word' id='word_1_227' title='bbox 1909 1344 2057 1383; x_wconf 90' lang='lat' dir='ltr'><strong>mum</strong></span> <span class='ocrx_word' id='word_1_228' title='bbox 2087 1344 2238 1383; x_wconf 90' lang='lat' dir='ltr'><strong>more</strong></span> <span class='ocrx_word' id='word_1_229' title='bbox 2256 1345 2357 1383; x_wconf 90' lang='lat' dir='ltr'><strong>suo</strong></span> <span class='ocrx_word' id='word_1_230' title='bbox 2379 1328 2600 1384; x_wconf 87' lang='lat' dir='ltr'><strong>indutus</strong></span> <span class='ocrx_word' id='word_1_231' title='bbox 2634 1330 2916 1398; x_wconf 87' lang='lat' dir='ltr'><strong>processit.</strong></span> <span class='ocrx_word' id='word_1_232' title='bbox 2945 1328 3186 1382; x_wconf 84' lang='lat' dir='ltr'><strong>Miranda</strong></span> <span class='ocrx_word' id='word_1_233' title='bbox 3210 1344 3341 1382; x_wconf 85' lang='lat' dir='ltr'><strong>sane</strong></span> <span class='ocrx_word' id='word_1_234' title='bbox 3365 1345 3498 1383; x_wconf 81' lang='lat' dir='ltr'><strong>con-</strong></span> 
     </span>
    </p>
   </div>
   <div class='ocr_carea' id='block_1_36' title="bbox 1910 1399 3499 1470">
    <p class='ocr_par' dir='ltr' id='par_1_36' title="bbox 1910 1399 3499 1470">
     <span class='ocr_line' id='line_1_36' title="bbox 1910 1399 3499 1470; baseline -0.002 -15"><span class='ocrx_word' id='word_1_235' title='bbox 1910 1400 2111 1455; x_wconf 88' lang='lat' dir='ltr'><strong>stantia</strong></span> <span class='ocrx_word' id='word_1_236' title='bbox 2156 1400 2442 1470; x_wconf 63' lang='lat' dir='ltr'><strong>praesulis,</strong></span> <span class='ocrx_word' id='word_1_237' title='bbox 2490 1415 2590 1453; x_wconf 88' lang='lat' dir='ltr'><strong>nec</strong></span> <span class='ocrx_word' id='word_1_238' title='bbox 2645 1401 2828 1454; x_wconf 88' lang='lat' dir='ltr'><strong>minus</strong></span> <span class='ocrx_word' id='word_1_239' title='bbox 2893 1400 3162 1470; x_wconf 79' lang='lat' dir='ltr'><strong>laudanda</strong></span> <span class='ocrx_word' id='word_1_240' title='bbox 3217 1399 3499 1470; x_wconf 80' lang='lat' dir='ltr'><strong>humilitas</strong></span> 
     </span>
    </p>
   </div>
   <div class='ocr_carea' id='block_1_37' title="bbox 1911 1469 3498 1542">
    <p class='ocr_par' dir='ltr' id='par_1_37' title="bbox 1911 1469 3498 1542">
     <span class='ocr_line' id='line_1_37' title="bbox 1911 1469 3498 1542; baseline -0.001 -18"><span class='ocrx_word' id='word_1_241' title='bbox 1911 1471 2172 1542; x_wconf 87' lang='lat' dir='ltr'><strong>principis</strong></span> <span class='ocrx_word' id='word_1_242' title='bbox 2202 1489 2215 1524; x_wconf 90' lang='lat'>:</span> <span class='ocrx_word' id='word_1_243' title='bbox 2228 1485 2411 1542; x_wconf 67' lang='lat' dir='ltr'><strong>porro</strong></span> <span class='ocrx_word' id='word_1_244' title='bbox 2438 1469 2492 1523; x_wconf 93' lang='lat' dir='ltr'><strong>in</strong></span> <span class='ocrx_word' id='word_1_245' title='bbox 2542 1478 2774 1542; x_wconf 88' lang='lat' dir='ltr'><strong>utroque</strong></span> <span class='ocrx_word' id='word_1_246' title='bbox 2822 1470 3034 1542; x_wconf 82' lang='lat' dir='ltr'><strong>timoris</strong></span> <span class='ocrx_word' id='word_1_247' title='bbox 3089 1469 3184 1542; x_wconf 82' lang='lat' dir='ltr'><strong>Dei</strong></span> <span class='ocrx_word' id='word_1_248' title='bbox 3236 1469 3498 1542; x_wconf 83' lang='lat' dir='ltr'><strong>imitanda</strong></span> 
     </span>
    </p>
   </div>
   <div class='ocr_carea' id='block_1_38' title="bbox 1911 1540 3499 1612">
    <p class='ocr_par' dir='ltr' id='par_1_38' title="bbox 1911 1540 3499 1612">
     <span class='ocr_line' id='line_1_38' title="bbox 1911 1540 3499 1612; baseline -0.003 -16"><span class='ocrx_word' id='word_1_249' title='bbox 1911 1540 2190 1612; x_wconf 74' lang='lat' dir='ltr'><strong>perfectio.</strong></span> <span class='ocrx_word' id='word_1_250' title='bbox 2227 1540 2291 1595; x_wconf 82' lang='lat' dir='ltr'><strong>Et</strong></span> <span class='ocrx_word' id='word_1_251' title='bbox 2313 1541 2438 1610; x_wconf 90' lang='lat' dir='ltr'><strong>quia</strong></span> <span class='ocrx_word' id='word_1_252' title='bbox 2464 1556 2522 1595; x_wconf 89' lang='lat' dir='ltr'><strong>se</strong></span> <span class='ocrx_word' id='word_1_253' title='bbox 2554 1541 2772 1595; x_wconf 84' lang='lat' dir='ltr'><strong>occasio</strong></span> <span class='ocrx_word' id='word_1_254' title='bbox 2821 1541 3070 1612; x_wconf 71' lang='lat' dir='ltr'><strong>praebuit,</strong></span> <span class='ocrx_word' id='word_1_255' title='bbox 3094 1611 3101 1612; x_wconf 14' lang='grc' dir='ltr'>ί</span> <span class='ocrx_word' id='word_1_256' title='bbox 3128 1540 3255 1595; x_wconf 86' lang='lat' dir='ltr'><strong>licet</strong></span> <span class='ocrx_word' id='word_1_257' title='bbox 3295 1557 3391 1610; x_wconf 90' lang='lat' dir='ltr'><strong>per</strong></span> <span class='ocrx_word' id='word_1_258' title='bbox 3423 1541 3499 1595; x_wconf 81' lang='lat' dir='ltr'><strong>di-</strong></span> 
     </span>
    </p>
   </div>
   <div class='ocr_carea' id='block_1_39' title="bbox 1912 1611 3502 1694">
    <p class='ocr_par' dir='ltr' id='par_1_39' title="bbox 1912 1611 3502 1694">
     <span class='ocr_line' id='line_1_39' title="bbox 1912 1611 3502 1694; baseline 0 -30"><span class='ocrx_word' id='word_1_259' title='bbox 1912 1611 2275 1694; x_wconf 45' lang='lat' dir='ltr'><strong>gressipnenni,</strong></span> <span class='ocrx_word' id='word_1_260' title='bbox 2304 1613 2370 1667; x_wconf 88' lang='lat' dir='ltr'><strong>de</strong></span> <span class='ocrx_word' id='word_1_261' title='bbox 2389 1611 2636 1694; x_wconf 66' lang='lat' dir='ltr'><strong>ejusdem</strong></span> <span class='ocrx_word' id='word_1_262' title='bbox 2669 1611 3053 1694; x_wconf 32' lang='lat' dir='ltr'><strong>regis’nmorte,</strong></span> <span class='ocrx_word' id='word_1_263' title='bbox 3091 1611 3144 1664; x_wconf 90' lang='lat' dir='ltr'><strong>in</strong></span> <span class='ocrx_word' id='word_1_264' title='bbox 3187 1613 3502 1692; x_wconf 72' lang='lat' dir='ltr'><strong>quaomnis</strong></span> 
     </span>
    </p>
   </div>
   <div class='ocr_carea' id='block_1_40' title="bbox 1915 1681 3505 1752">
    <p class='ocr_par' dir='ltr' id='par_1_40' title="bbox 1915 1681 3505 1752">
     <span class='ocr_line' id='line_1_40' title="bbox 1915 1681 3505 1752; baseline -0.001 -16"><span class='ocrx_word' id='word_1_265' title='bbox 1915 1681 2195 1752; x_wconf 72' lang='lat' dir='ltr'><strong>injustitia:</strong></span> <span class='ocrx_word' id='word_1_266' title='bbox 2219 1681 2371 1737; x_wconf 88' lang='lat' dir='ltr'><strong>frena</strong></span> <span class='ocrx_word' id='word_1_267' title='bbox 2389 1683 2568 1737; x_wconf 80' lang='lat' dir='ltr'><strong>laxata</strong></span> <span class='ocrx_word' id='word_1_268' title='bbox 2587 1691 2734 1748; x_wconf 88' lang='lat' dir='ltr'><strong>sunt,</strong></span> <span class='ocrx_word' id='word_1_269' title='bbox 2761 1681 2962 1737; x_wconf 87' lang='lat' dir='ltr'><strong>inferre</strong></span> <span class='ocrx_word' id='word_1_270' title='bbox 2986 1682 3117 1736; x_wconf 85' lang='lat' dir='ltr'><strong>libet</strong></span> <span class='ocrx_word' id='word_1_271' title='bbox 3145 1682 3505 1752; x_wconf 70' lang='lat' dir='ltr'><strong>mentionem,</strong></span> 
     </span>
    </p>
   </div>
   <div class='ocr_carea' id='block_1_41' title="bbox 225 1751 3500 1822">
    <p class='ocr_par' dir='ltr' id='par_1_41' title="bbox 225 1751 3500 1822">
     <span class='ocr_line' id='line_1_41' title="bbox 225 1751 3500 1822; baseline 0.001 -20"><span class='ocrx_word' id='word_1_272' title='bbox 225 1753 490 1819; x_wconf 86' lang='lat' dir='ltr'><strong>imparem</strong></span> <span class='ocrx_word' id='word_1_273' title='bbox 518 1767 576 1804; x_wconf 90' lang='lat' dir='ltr'><strong>se</strong></span> <span class='ocrx_word' id='word_1_274' title='bbox 597 1762 832 1820; x_wconf 76' lang='lat' dir='ltr'><strong>accepta:</strong></span> <span class='ocrx_word' id='word_1_275' title='bbox 859 1751 1110 1822; x_wconf 79' lang='lat' dir='ltr'><strong>dignitati</strong></span> <span class='ocrx_word' id='word_1_276' title='bbox 1142 1752 1380 1821; x_wconf 75' lang='lat' dir='ltr'><strong>gerebat,</strong></span> <span class='ocrx_word' id='word_1_277' title='bbox 1412 1761 1466 1806; x_wconf 88' lang='lat' dir='ltr'><strong>ct</strong></span> <span class='ocrx_word' id='word_1_278' title='bbox 1512 1751 1654 1806; x_wconf 87' lang='lat' dir='ltr'><strong>sicut</strong></span> <span class='ocrx_word' id='word_1_279' title='bbox 1694 1752 1810 1806; x_wconf 85' lang='lat' dir='ltr'><strong>edi-</strong></span> <span class='ocrx_word' id='word_1_280' title='bbox 1846 1753 1886 1820; x_wconf 71' lang='grc' dir='ltr'><strong>Β</strong></span> <span class='ocrx_word' id='word_1_281' title='bbox 1915 1751 1985 1808; x_wconf 87' lang='lat' dir='ltr'><strong>ob</strong></span> <span class='ocrx_word' id='word_1_282' title='bbox 2016 1752 2068 1807; x_wconf 87' lang='lat' dir='ltr'><strong>id</strong></span> <span class='ocrx_word' id='word_1_283' title='bbox 2114 1753 2404 1822; x_wconf 66' lang='lat' dir='ltr'><strong>praecipue,</strong></span> <span class='ocrx_word' id='word_1_284' title='bbox 2467 1754 2730 1822; x_wconf 82' lang='lat' dir='ltr'><strong>quoniam</strong></span> <span class='ocrx_word' id='word_1_285' title='bbox 2776 1753 2952 1808; x_wconf 81' lang='lat' dir='ltr'><strong>virtus</strong></span> <span class='ocrx_word' id='word_1_286' title='bbox 2987 1768 3098 1807; x_wconf 91' lang='lat' dir='ltr'><strong>non</strong></span> <span class='ocrx_word' id='word_1_287' title='bbox 3146 1751 3372 1806; x_wconf 88' lang='lat' dir='ltr'><strong>minima</strong></span> <span class='ocrx_word' id='word_1_288' title='bbox 3413 1752 3500 1806; x_wconf 91' lang='lat' dir='ltr'><strong>hic</strong></span> 
     </span>
    </p>
   </div>
   <div class='ocr_carea' id='block_1_42' title="bbox 228 1823 1810 1892">
    <p class='ocr_par' dir='ltr' id='par_1_42' title="bbox 228 1823 1810 1892">
     <span class='ocr_line' id='line_1_42' title="bbox 228 1823 1810 1892; baseline 0.001 -18"><span class='ocrx_word' id='word_1_289' title='bbox 228 1823 384 1875; x_wconf 88' lang='lat' dir='ltr'><strong>tioris</strong></span> <span class='ocrx_word' id='word_1_290' title='bbox 411 1823 514 1875; x_wconf 90' lang='lat' dir='ltr'><strong>loci</strong></span> <span class='ocrx_word' id='word_1_291' title='bbox 554 1823 866 1890; x_wconf 84' lang='lat' dir='ltr'><strong>insignitus,</strong></span> <span class='ocrx_word' id='word_1_292' title='bbox 896 1824 968 1876; x_wconf 87' lang='lat' dir='ltr'><strong>ita</strong></span> <span class='ocrx_word' id='word_1_293' title='bbox 997 1825 1207 1878; x_wconf 89' lang='lat' dir='ltr'><strong>cunctis</strong></span> <span class='ocrx_word' id='word_1_294' title='bbox 1232 1823 1491 1877; x_wconf 90' lang='lat' dir='ltr'><strong>virtutum</strong></span> <span class='ocrx_word' id='word_1_295' title='bbox 1519 1823 1810 1892; x_wconf 81' lang='lat' dir='ltr'><strong>generibus</strong></span> 
     </span>
    </p>
   </div>
   <div class='ocr_carea' id='block_1_43' title="bbox 224 1893 1814 1963">
    <p class='ocr_par' dir='ltr' id='par_1_43' title="bbox 224 1893 1814 1963">
     <span class='ocr_line' id='line_1_43' title="bbox 224 1893 1814 1963; baseline 0.002 -19"><span class='ocrx_word' id='word_1_296' title='bbox 224 1893 370 1946; x_wconf 88' lang='lat' dir='ltr'><strong>inter</strong></span> <span class='ocrx_word' id='word_1_297' title='bbox 393 1901 620 1946; x_wconf 64' lang='lat' dir='ltr'><strong>creteros</strong></span> <span class='ocrx_word' id='word_1_298' title='bbox 642 1894 791 1960; x_wconf 78' lang='lat' dir='ltr'><strong>regni</strong></span> <span class='ocrx_word' id='word_1_299' title='bbox 834 1893 1107 1963; x_wconf 74' lang='lat' dir='ltr'><strong>principes</strong></span> <span class='ocrx_word' id='word_1_300' title='bbox 1158 1895 1487 1962; x_wconf 87' lang='lat' dir='ltr'><strong>conspicuus</strong></span> <span class='ocrx_word' id='word_1_301' title='bbox 1515 1894 1814 1948; x_wconf 86' lang='lat' dir='ltr'><strong>incedebat.</strong></span> 
     </span>
    </p>
   </div>
   <div class='ocr_carea' id='block_1_44' title="bbox 229 1963 1820 2034">
    <p class='ocr_par' dir='ltr' id='par_1_44' title="bbox 229 1963 1820 2034">
     <span class='ocr_line' id='line_1_44' title="bbox 229 1963 1820 2034; baseline 0.003 -20"><span class='ocrx_word' id='word_1_302' title='bbox 229 1963 507 2017; x_wconf 74' lang='lat' dir='ltr'><strong>Heddebat</strong></span> <span class='ocrx_word' id='word_1_303' title='bbox 524 1963 810 2034; x_wconf 84' lang='lat' dir='ltr'><strong>sollicitus,</strong></span> <span class='ocrx_word' id='word_1_304' title='bbox 844 1980 966 2034; x_wconf 69' lang='lat' dir='ltr'><strong>qua:</strong></span> <span class='ocrx_word' id='word_1_305' title='bbox 983 1973 1104 2018; x_wconf 91' lang='lat' dir='ltr'><strong>sunt</strong></span> <span class='ocrx_word' id='word_1_306' title='bbox 1128 1963 1383 2030; x_wconf 67' lang='lat' dir='ltr'><strong>Caesaris,</strong></span> <span class='ocrx_word' id='word_1_307' title='bbox 1397 1964 1621 2024; x_wconf 63' lang='lat' dir='ltr'><strong>Carsari;</strong></span> <span class='ocrx_word' id='word_1_308' title='bbox 1636 1972 1820 2034; x_wconf 69' lang='lat' dir='ltr'><strong>etqure</strong></span> 
     </span>
    </p>
   </div>
   <div class='ocr_carea' id='block_1_45' title="bbox 225 2033 1819 2103">
    <p class='ocr_par' dir='ltr' id='par_1_45' title="bbox 225 2033 1819 2103">
     <span class='ocr_line' id='line_1_45' title="bbox 225 2033 1819 2103; baseline 0.001 -16"><span class='ocrx_word' id='word_1_309' title='bbox 225 2042 358 2087; x_wconf 76' lang='lat' dir='ltr'><strong>sunt</strong></span> <span class='ocrx_word' id='word_1_310' title='bbox 390 2034 504 2099; x_wconf 88' lang='lat' dir='ltr'><strong>Dei,</strong></span> <span class='ocrx_word' id='word_1_311' title='bbox 537 2033 644 2087; x_wconf 90' lang='lat' dir='ltr'><strong>Deo</strong></span> <span class='ocrx_word' id='word_1_312' title='bbox 681 2033 898 2102; x_wconf 75' lang='lat' dir='ltr'><strong>(Matth.</strong></span> <span class='ocrx_word' id='word_1_313' title='bbox 937 2035 1100 2102; x_wconf 77' lang='lat' dir='ltr'><strong>xxn):</strong></span> <span class='ocrx_word' id='word_1_314' title='bbox 1153 2036 1282 2103; x_wconf 83' lang='lat' dir='ltr'><strong>quia</strong></span> <span class='ocrx_word' id='word_1_315' title='bbox 1331 2035 1676 2090; x_wconf 83' lang='lat' dir='ltr'><strong>Coloniensis</strong></span> <span class='ocrx_word' id='word_1_316' title='bbox 1719 2049 1819 2089; x_wconf 91' lang='lat' dir='ltr'><strong>no-</strong></span> 
     </span>
    </p>
   </div>
   <div class='ocr_carea' id='block_1_46' title="bbox 229 2104 1823 2175">
    <p class='ocr_par' dir='ltr' id='par_1_46' title="bbox 229 2104 1823 2175">
     <span class='ocr_line' id='line_1_46' title="bbox 229 2104 1823 2175; baseline 0.001 -17"><span class='ocrx_word' id='word_1_317' title='bbox 229 2104 398 2159; x_wconf 89' lang='lat' dir='ltr'><strong>minis</strong></span> <span class='ocrx_word' id='word_1_318' title='bbox 445 2106 784 2172; x_wconf 76' lang='lat' dir='ltr'><strong>majestatcm</strong></span> <span class='ocrx_word' id='word_1_319' title='bbox 816 2116 866 2160; x_wconf 85' lang='lat' dir='ltr'><strong>et</strong></span> <span class='ocrx_word' id='word_1_320' title='bbox 895 2106 1209 2160; x_wconf 67' lang='lat' dir='ltr'><strong>saecularem</strong></span> <span class='ocrx_word' id='word_1_321' title='bbox 1266 2119 1518 2175; x_wconf 90' lang='lat' dir='ltr'><strong>pompam</strong></span> <span class='ocrx_word' id='word_1_322' title='bbox 1567 2105 1823 2159; x_wconf 87' lang='lat' dir='ltr'><strong>ambitio-</strong></span> 
     </span>
    </p>
   </div>
   <div class='ocr_carea' id='block_1_47' title="bbox 228 2177 1824 2246">
    <p class='ocr_par' dir='ltr' id='par_1_47' title="bbox 228 2177 1824 2246">
     <span class='ocr_line' id='line_1_47' title="bbox 228 2177 1824 2246; baseline 0.001 -17"><span class='ocrx_word' id='word_1_323' title='bbox 228 2177 350 2229; x_wconf 81' lang='lat' dir='ltr'><strong>sius</strong></span> <span class='ocrx_word' id='word_1_324' title='bbox 383 2191 539 2244; x_wconf 87' lang='lat' dir='ltr'><strong>pene,</strong></span> <span class='ocrx_word' id='word_1_325' title='bbox 571 2192 733 2245; x_wconf 86' lang='lat' dir='ltr'><strong>quam</strong></span> <span class='ocrx_word' id='word_1_326' title='bbox 758 2177 958 2246; x_wconf 89' lang='lat' dir='ltr'><strong>aliquis</strong></span> <span class='ocrx_word' id='word_1_327' title='bbox 992 2193 1056 2229; x_wconf 88' lang='lat' dir='ltr'><strong>ex</strong></span> <span class='ocrx_word' id='word_1_328' title='bbox 1105 2177 1530 2245; x_wconf 70' lang='lat' dir='ltr'><strong>prteccssoribus</strong></span> <span class='ocrx_word' id='word_1_329' title='bbox 1559 2177 1697 2245; x_wconf 89' lang='lat' dir='ltr'><strong>ejus,</strong></span> <span class='ocrx_word' id='word_1_330' title='bbox 1730 2191 1824 2231; x_wconf 85' lang='lat' dir='ltr'><strong>os-</strong></span> 
     </span>
    </p>
   </div>
   <div class='ocr_carea' id='block_1_48' title="bbox 230 2247 1821 2316">
    <p class='ocr_par' dir='ltr' id='par_1_48' title="bbox 230 2247 1821 2316">
     <span class='ocr_line' id='line_1_48' title="bbox 230 2247 1821 2316; baseline -0.001 -16"><span class='ocrx_word' id='word_1_331' title='bbox 230 2247 476 2300; x_wconf 83' lang='lat' dir='ltr'><strong>tentabat</strong></span> <span class='ocrx_word' id='word_1_332' title='bbox 499 2248 563 2301; x_wconf 90' lang='lat' dir='ltr'><strong>ad</strong></span> <span class='ocrx_word' id='word_1_333' title='bbox 594 2248 849 2316; x_wconf 89' lang='lat' dir='ltr'><strong>populum</strong></span> <span class='ocrx_word' id='word_1_334' title='bbox 880 2267 892 2301; x_wconf 92' lang='lat'>:</span> <span class='ocrx_word' id='word_1_335' title='bbox 925 2263 1022 2301; x_wconf 87' lang='lat' dir='ltr'><strong>nec</strong></span> <span class='ocrx_word' id='word_1_336' title='bbox 1048 2256 1332 2316; x_wconf 86' lang='lat' dir='ltr'><strong>propterea</strong></span> <span class='ocrx_word' id='word_1_337' title='bbox 1350 2256 1528 2300; x_wconf 87' lang='lat' dir='ltr'><strong>tamen</strong></span> <span class='ocrx_word' id='word_1_338' title='bbox 1561 2247 1821 2300; x_wconf 88' lang='lat' dir='ltr'><strong>invictum</strong></span> 
     </span>
    </p>
   </div>
   <div class='ocr_carea' id='block_1_49' title="bbox 230 2318 1822 2387">
    <p class='ocr_par' dir='ltr' id='par_1_49' title="bbox 230 2318 1822 2387">
     <span class='ocr_line' id='line_1_49' title="bbox 230 2318 1822 2387; baseline -0.001 -17"><span class='ocrx_word' id='word_1_339' title='bbox 230 2318 564 2371; x_wconf 87' lang='lat' dir='ltr'><strong>intertantas</strong></span> <span class='ocrx_word' id='word_1_340' title='bbox 577 2319 992 2387; x_wconf 79' lang='lat' dir='ltr'><strong>occupationum</strong></span> <span class='ocrx_word' id='word_1_341' title='bbox 1018 2319 1282 2386; x_wconf 89' lang='lat' dir='ltr'><strong>procellas</strong></span> <span class='ocrx_word' id='word_1_342' title='bbox 1295 2318 1563 2386; x_wconf 86' lang='lat' dir='ltr'><strong>spiritum,</strong></span> <span class='ocrx_word' id='word_1_343' title='bbox 1581 2333 1822 2386; x_wconf 88' lang='lat' dir='ltr'><strong>unquam</strong></span> 
     </span>
    </p>
   </div>
   <div class='ocr_carea' id='block_1_50' title="bbox 233 2387 1815 2458">
    <p class='ocr_par' dir='ltr' id='par_1_50' title="bbox 233 2387 1815 2458">
     <span class='ocr_line' id='line_1_50' title="bbox 233 2387 1815 2458; baseline 0.001 -18"><span class='ocrx_word' id='word_1_344' title='bbox 233 2389 565 2442; x_wconf 86' lang='lat' dir='ltr'><strong>relaxabata</strong></span> <span class='ocrx_word' id='word_1_345' title='bbox 609 2391 790 2442; x_wconf 84' lang='lat' dir='ltr'><strong>studio</strong></span> <span class='ocrx_word' id='word_1_346' title='bbox 835 2389 1146 2444; x_wconf 88' lang='lat' dir='ltr'><strong>divinarum</strong></span> <span class='ocrx_word' id='word_1_347' title='bbox 1198 2405 1400 2442; x_wconf 90' lang='lat' dir='ltr'><strong>rerum.</strong></span> <span class='ocrx_word' id='word_1_348' title='bbox 1451 2387 1681 2458; x_wconf 81' lang='lat' dir='ltr'><strong>Jejnniis</strong></span> <span class='ocrx_word' id='word_1_349' title='bbox 1708 2402 1815 2442; x_wconf 88' lang='lat' dir='ltr'><strong>non</strong></span> 
     </span>
    </p>
   </div>
   <div class='ocr_carea' id='block_1_51' title="bbox 231 2459 1816 2528">
    <p class='ocr_par' dir='ltr' id='par_1_51' title="bbox 231 2459 1816 2528">
     <span class='ocr_line' id='line_1_51' title="bbox 231 2459 1816 2528; baseline -0.001 -17"><span class='ocrx_word' id='word_1_350' title='bbox 231 2459 392 2523; x_wconf 82' lang='lat' dir='ltr'><strong>adeo,</strong></span> <span class='ocrx_word' id='word_1_351' title='bbox 410 2475 572 2528; x_wconf 85' lang='lat' dir='ltr'><strong>quam</strong></span> <span class='ocrx_word' id='word_1_352' title='bbox 593 2460 867 2528; x_wconf 81' lang='lat' dir='ltr'><strong>legitimis,</strong></span> <span class='ocrx_word' id='word_1_353' title='bbox 896 2459 1296 2525; x_wconf 85' lang='lat' dir='ltr'><strong>semacerabat,</strong></span> <span class='ocrx_word' id='word_1_354' title='bbox 1316 2459 1496 2513; x_wconf 85' lang='lat' dir='ltr'><strong>sciens</strong></span> <span class='ocrx_word' id='word_1_355' title='bbox 1519 2459 1784 2528; x_wconf 87' lang='lat' dir='ltr'><strong>scriptum</strong></span> <span class='ocrx_word' id='word_1_356' title='bbox 1806 2476 1816 2510; x_wconf 88' lang='lat'><strong>:</strong></span> 
     </span>
    </p>
   </div>
   <div class='ocr_carea' id='block_1_52' title="bbox 240 2528 1819 2596">
    <p class='ocr_par' dir='ltr' id='par_1_52' title="bbox 240 2528 1819 2596">
     <span class='ocr_line' id='line_1_52' title="bbox 240 2528 1819 2596; baseline 0 -16"><span class='ocrx_word' id='word_1_357' title='bbox 240 2549 260 2579; x_wconf 75' lang='grc' dir='ltr'><strong><em>ι</em></strong></span> <span class='ocrx_word' id='word_1_358' title='bbox 294 2528 490 2583; x_wconf 88' lang='lat' dir='ltr'><strong>Omnia</strong></span> <span class='ocrx_word' id='word_1_359' title='bbox 522 2532 722 2584; x_wconf 89' lang='lat' dir='ltr'><strong>munda</strong></span> <span class='ocrx_word' id='word_1_360' title='bbox 762 2533 980 2584; x_wconf 81' lang='lat' dir='ltr'><strong>mundis</strong></span> <span class='ocrx_word' id='word_1_361' title='bbox 1013 2529 1143 2594; x_wconf 63' lang='lat' dir='ltr'><strong>(Tit.</strong></span> <span class='ocrx_word' id='word_1_362' title='bbox 1182 2532 1218 2596; x_wconf 88' lang='grc' dir='ltr'><strong>ι)</strong></span> <span class='ocrx_word' id='word_1_363' title='bbox 1247 2546 1258 2579; x_wconf 91' lang='lat'>:</span> <span class='ocrx_word' id='word_1_364' title='bbox 1285 2559 1355 2567; x_wconf 85' lang='lat'><strong>——</strong></span> <span class='ocrx_word' id='word_1_365' title='bbox 1391 2539 1444 2582; x_wconf 92' lang='lat' dir='ltr'><strong>et</strong></span> <span class='ocrx_word' id='word_1_366' title='bbox 1501 2529 1635 2581; x_wconf 86' lang='lat' dir='ltr'><strong>nihil</strong></span> <span class='ocrx_word' id='word_1_367' title='bbox 1684 2528 1819 2596; x_wconf 87' lang='lat' dir='ltr'><strong>reji-</strong></span> 
     </span>
    </p>
   </div>
   <div class='ocr_carea' id='block_1_53' title="bbox 230 2599 1827 2670">
    <p class='ocr_par' dir='ltr' id='par_1_53' title="bbox 230 2599 1827 2670">
     <span class='ocr_line' id='line_1_53' title="bbox 230 2599 1827 2670; baseline -0.003 -16"><span class='ocrx_word' id='word_1_368' title='bbox 230 2601 512 2665; x_wconf 83' lang='lat' dir='ltr'><strong>ciendum,</strong></span> <span class='ocrx_word' id='word_1_369' title='bbox 577 2602 722 2670; x_wconf 88' lang='lat' dir='ltr'><strong>quod</strong></span> <span class='ocrx_word' id='word_1_370' title='bbox 759 2618 881 2656; x_wconf 87' lang='lat' dir='ltr'><strong>cum</strong></span> <span class='ocrx_word' id='word_1_371' title='bbox 928 2601 1226 2669; x_wconf 75' lang='lat' dir='ltr'><strong>gratiarum</strong></span> <span class='ocrx_word' id='word_1_372' title='bbox 1272 2599 1485 2670; x_wconf 77' lang='lat' dir='ltr'><strong>actione</strong></span> <span class='ocrx_word' id='word_1_373' title='bbox 1533 2599 1827 2670; x_wconf 88' lang='lat' dir='ltr'><strong>percipitur</strong></span> 
     </span>
    </p>
   </div>
   <div class='ocr_carea' id='block_1_54' title="bbox 234 2669 1824 2740">
    <p class='ocr_par' dir='ltr' id='par_1_54' title="bbox 234 2669 1824 2740">
     <span class='ocr_line' id='line_1_54' title="bbox 234 2669 1824 2740; baseline -0.001 -18"><span class='ocrx_word' id='word_1_374' title='bbox 234 2670 289 2740; x_wconf 82' lang='grc'><strong>(1</strong></span> <span class='ocrx_word' id='word_1_375' title='bbox 323 2670 458 2724; x_wconf 80' lang='lat' dir='ltr'><strong>Tim.</strong></span> <span class='ocrx_word' id='word_1_376' title='bbox 494 2669 604 2733; x_wconf 41' lang='grc' dir='ltr'><strong>ιγ).“</strong></span> <span class='ocrx_word' id='word_1_377' title='bbox 637 2691 653 2720; x_wconf 74' lang='grc' dir='ltr'><strong>ι</strong></span> <span class='ocrx_word' id='word_1_378' title='bbox 688 2671 1052 2725; x_wconf 76' lang='lat' dir='ltr'><strong>Pernoctal‘iat</strong></span> <span class='ocrx_word' id='word_1_379' title='bbox 1103 2670 1426 2739; x_wconf 90' lang='lat' dir='ltr'><strong>plerumque</strong></span> <span class='ocrx_word' id='word_1_380' title='bbox 1466 2669 1520 2740; x_wconf 90' lang='lat' dir='ltr'><strong>in</strong></span> <span class='ocrx_word' id='word_1_381' title='bbox 1551 2669 1824 2721; x_wconf 88' lang='lat' dir='ltr'><strong>orationi-</strong></span> 
     </span>
    </p>
   </div>
   <div class='ocr_carea' id='block_1_55' title="bbox 233 2739 1826 2812">
    <p class='ocr_par' dir='ltr' id='par_1_55' title="bbox 233 2739 1826 2812">
     <span class='ocr_line' id='line_1_55' title="bbox 233 2739 1826 2812; baseline 0.001 -21"><span class='ocrx_word' id='word_1_382' title='bbox 233 2739 360 2802; x_wconf 80' lang='lat' dir='ltr'><strong>bus,</strong></span> <span class='ocrx_word' id='word_1_383' title='bbox 379 2751 433 2795; x_wconf 90' lang='lat' dir='ltr'><strong>et</strong></span> <span class='ocrx_word' id='word_1_384' title='bbox 461 2758 556 2810; x_wconf 88' lang='lat' dir='ltr'><strong>per</strong></span> <span class='ocrx_word' id='word_1_385' title='bbox 579 2743 858 2806; x_wconf 87' lang='lat' dir='ltr'><strong>ecclesias,</strong></span> <span class='ocrx_word' id='word_1_386' title='bbox 895 2742 1083 2812; x_wconf 86' lang='lat' dir='ltr'><strong>paucis</strong></span> <span class='ocrx_word' id='word_1_387' title='bbox 1099 2756 1162 2793; x_wconf 89' lang='lat' dir='ltr'><strong>ac</strong></span> <span class='ocrx_word' id='word_1_388' title='bbox 1195 2740 1358 2793; x_wconf 89' lang='lat' dir='ltr'><strong>certis</strong></span> <span class='ocrx_word' id='word_1_389' title='bbox 1386 2739 1678 2812; x_wconf 80' lang='lat' dir='ltr'><strong>comitibus</strong></span> <span class='ocrx_word' id='word_1_390' title='bbox 1700 2780 1714 2804; x_wconf 91' lang='lat'><strong>,</strong></span> <span class='ocrx_word' id='word_1_391' title='bbox 1741 2740 1826 2792; x_wconf 91' lang='lat' dir='ltr'><strong>in-</strong></span> 
     </span>
    </p>
   </div>
   <div class='ocr_carea' id='block_1_56' title="bbox 235 2811 1828 2881">
    <p class='ocr_par' dir='ltr' id='par_1_56' title="bbox 235 2811 1828 2881">
     <span class='ocr_line' id='line_1_56' title="bbox 235 2811 1828 2881; baseline -0.002 -16"><span class='ocrx_word' id='word_1_392' title='bbox 235 2814 453 2866; x_wconf 86' lang='lat' dir='ltr'><strong>terdum</strong></span> <span class='ocrx_word' id='word_1_393' title='bbox 505 2829 616 2865; x_wconf 89' lang='lat' dir='ltr'><strong>uno</strong></span> <span class='ocrx_word' id='word_1_394' title='bbox 666 2811 1102 2881; x_wconf 32' lang='lat' dir='ltr'><strong>tantum&#39;puero</strong></span> <span class='ocrx_word' id='word_1_395' title='bbox 1150 2821 1459 2873; x_wconf 86' lang='lat' dir='ltr'><strong>contentus,</strong></span> <span class='ocrx_word' id='word_1_396' title='bbox 1513 2811 1828 2863; x_wconf 85' lang='lat' dir='ltr'><strong>discurrens</strong></span> 
     </span>
    </p>
   </div>
   <div class='ocr_carea' id='block_1_57' title="bbox 203 2881 1828 2952">
    <p class='ocr_par' dir='ltr' id='par_1_57' title="bbox 203 2881 1828 2952">
     <span class='ocr_line' id='line_1_57' title="bbox 203 2881 1828 2952; baseline -0.001 -17"><span class='ocrx_word' id='word_1_397' title='bbox 203 2885 403 2937; x_wconf 69' lang='lat' dir='ltr'><strong>nudis</strong></span> <span class='ocrx_word' id='word_1_398' title='bbox 429 2883 674 2951; x_wconf 83' lang='lat' dir='ltr'><strong>pedibus,</strong></span> <span class='ocrx_word' id='word_1_399' title='bbox 715 2898 1110 2952; x_wconf 89' lang='lat' dir='ltr'><strong>nonnunquam</strong></span> <span class='ocrx_word' id='word_1_400' title='bbox 1156 2882 1320 2952; x_wconf 79' lang='lat' dir='ltr'><strong>etiam</strong></span> <span class='ocrx_word' id='word_1_401' title='bbox 1378 2881 1559 2934; x_wconf 90' lang='lat' dir='ltr'><strong>cilicio</strong></span> <span class='ocrx_word' id='word_1_402' title='bbox 1589 2881 1655 2934; x_wconf 90' lang='lat' dir='ltr'><strong>ad</strong></span> <span class='ocrx_word' id='word_1_403' title='bbox 1707 2896 1828 2952; x_wconf 85' lang='lat' dir='ltr'><strong>car-</strong></span> 
     </span>
    </p>
   </div>
   <div class='ocr_carea' id='block_1_58' title="bbox 237 2951 1827 3023">
    <p class='ocr_par' dir='ltr' id='par_1_58' title="bbox 237 2951 1827 3023">
     <span class='ocr_line' id='line_1_58' title="bbox 237 2951 1827 3023; baseline -0.002 -18"><span class='ocrx_word' id='word_1_404' title='bbox 237 2970 363 3006; x_wconf 82' lang='lat' dir='ltr'><strong>nem</strong></span> <span class='ocrx_word' id='word_1_405' title='bbox 400 2954 645 3017; x_wconf 84' lang='lat' dir='ltr'><strong>indutus,</strong></span> <span class='ocrx_word' id='word_1_406' title='bbox 673 2955 807 3008; x_wconf 77' lang='lat' dir='ltr'><strong>fletis</strong></span> <span class='ocrx_word' id='word_1_407' title='bbox 838 2951 1182 3023; x_wconf 87' lang='lat' dir='ltr'><strong>procedebat.</strong></span> <span class='ocrx_word' id='word_1_408' title='bbox 1223 2951 1288 3004; x_wconf 81' lang='lat' dir='ltr'><strong>Et</strong></span> <span class='ocrx_word' id='word_1_409' title='bbox 1325 2952 1466 3006; x_wconf 89' lang='lat' dir='ltr'><strong>diem</strong></span> <span class='ocrx_word' id='word_1_410' title='bbox 1497 2952 1716 3023; x_wconf 85' lang='lat' dir='ltr'><strong>quidem</strong></span> <span class='ocrx_word' id='word_1_411' title='bbox 1773 2951 1827 3003; x_wconf 93' lang='lat' dir='ltr'><strong>in</strong></span> 
     </span>
    </p>
   </div>
   <div class='ocr_carea' id='block_1_59' title="bbox 235 3022 1827 3094">
    <p class='ocr_par' dir='ltr' id='par_1_59' title="bbox 235 3022 1827 3094">
     <span class='ocr_line' id='line_1_59' title="bbox 235 3022 1827 3094; baseline -0.002 -17"><span class='ocrx_word' id='word_1_412' title='bbox 235 3025 596 3092; x_wconf 79' lang='lat' dir='ltr'><strong>disponendis</strong></span> <span class='ocrx_word' id='word_1_413' title='bbox 645 3022 869 3094; x_wconf 79' lang='lat' dir='ltr'><strong>privatis</strong></span> <span class='ocrx_word' id='word_1_414' title='bbox 898 3040 992 3078; x_wconf 90' lang='lat' dir='ltr'><strong>seu</strong></span> <span class='ocrx_word' id='word_1_415' title='bbox 1025 3023 1256 3092; x_wconf 86' lang='lat' dir='ltr'><strong>publicis</strong></span> <span class='ocrx_word' id='word_1_416' title='bbox 1309 3022 1558 3094; x_wconf 81' lang='lat' dir='ltr'><strong>negotiis,</strong></span> <span class='ocrx_word' id='word_1_417' title='bbox 1615 3031 1827 3075; x_wconf 87' lang='lat' dir='ltr'><strong>noctem</strong></span> 
     </span>
    </p>
   </div>
   <div class='ocr_carea' id='block_1_60' title="bbox 238 3065 1828 3163">
    <p class='ocr_par' dir='ltr' id='par_1_60' title="bbox 238 3065 1828 3163">
     <span class='ocr_line' id='line_1_60' title="bbox 238 3065 1828 3163; baseline -0.002 -16"><span class='ocrx_word' id='word_1_418' title='bbox 238 3071 371 3148; x_wconf 54' lang='lat' dir='ltr'><strong>vet-‘0</strong></span> <span class='ocrx_word' id='word_1_419' title='bbox 407 3103 575 3148; x_wconf 89' lang='lat' dir='ltr'><strong>totam</strong></span> <span class='ocrx_word' id='word_1_420' title='bbox 609 3065 660 3147; x_wconf 77' lang='lat' dir='ltr'><strong>iri</strong></span> <span class='ocrx_word' id='word_1_421' title='bbox 694 3095 785 3148; x_wconf 89' lang='lat' dir='ltr'><strong>Dei</strong></span> <span class='ocrx_word' id='word_1_422' title='bbox 818 3110 978 3163; x_wconf 89' lang='lat' dir='ltr'><strong>opere</strong></span> <span class='ocrx_word' id='word_1_423' title='bbox 1004 3065 1514 3162; x_wconf 38' lang='lat' dir='ltr'><strong>dxpcndcbatﬁam</strong></span> <span class='ocrx_word' id='word_1_424' title='bbox 1541 3065 1670 3146; x_wconf 76' lang='lat' dir='ltr'><strong>tunc</strong></span> <span class='ocrx_word' id='word_1_425' title='bbox 1708 3107 1828 3162; x_wconf 64' lang='lat' dir='ltr'><strong>pte-</strong></span> 
     </span>
    </p>
   </div>
   <div class='ocr_carea' id='block_1_61' title="bbox 239 3163 1826 3233">
    <p class='ocr_par' dir='ltr' id='par_1_61' title="bbox 239 3163 1826 3233">
     <span class='ocr_line' id='line_1_61' title="bbox 239 3163 1826 3233; baseline -0.002 -15"><span class='ocrx_word' id='word_1_426' title='bbox 239 3166 727 3233; x_wconf 81' lang='lat' dir='ltr'><strong>nitentiamagere,</strong></span> <span class='ocrx_word' id='word_1_427' title='bbox 761 3175 936 3219; x_wconf 87' lang='lat' dir='ltr'><strong>errata</strong></span> <span class='ocrx_word' id='word_1_428' title='bbox 970 3164 1237 3226; x_wconf 90' lang='lat' dir='ltr'><strong>conliteri,</strong></span> <span class='ocrx_word' id='word_1_429' title='bbox 1270 3164 1565 3218; x_wconf 86' lang='lat' dir='ltr'><strong>counnissa</strong></span> <span class='ocrx_word' id='word_1_430' title='bbox 1608 3163 1826 3233; x_wconf 79' lang='lat' dir='ltr'><strong>tlellcre,</strong></span> 
     </span>
    </p>
   </div>
   <div class='ocr_carea' id='block_1_62' title="bbox 239 3231 1828 3305">
    <p class='ocr_par' dir='ltr' id='par_1_62' title="bbox 239 3231 1828 3305">
     <span class='ocr_line' id='line_1_62' title="bbox 239 3231 1828 3305; baseline -0.001 -17"><span class='ocrx_word' id='word_1_431' title='bbox 239 3238 314 3288; x_wconf 84' lang='lat' dir='ltr'><strong>ob</strong></span> <span class='ocrx_word' id='word_1_432' title='bbox 344 3231 646 3304; x_wconf 86' lang='lat' dir='ltr'><strong>corporalis</strong></span> <span class='ocrx_word' id='word_1_433' title='bbox 673 3251 894 3305; x_wconf 73' lang='lat' dir='ltr'><strong>tutoque</strong></span> <span class='ocrx_word' id='word_1_434' title='bbox 915 3234 1107 3304; x_wconf 81' lang='lat' dir='ltr'><strong>flagelli</strong></span> <span class='ocrx_word' id='word_1_435' title='bbox 1133 3235 1566 3305; x_wconf 75' lang='lat' dir='ltr'><strong>castigationem,</strong></span> <span class='ocrx_word' id='word_1_436' title='bbox 1601 3231 1828 3287; x_wconf 61' lang='lat' dir='ltr'><strong>inferioo</strong></span> 
     </span>
    </p>
   </div>
   <div class='ocr_carea' id='block_1_63' title="bbox 240 3304 1831 3374">
    <p class='ocr_par' dir='ltr' id='par_1_63' title="bbox 240 3304 1831 3374">
     <span class='ocr_line' id='line_1_63' title="bbox 240 3304 1831 3374; baseline -0.001 -16"><span class='ocrx_word' id='word_1_437' title='bbox 240 3307 320 3360; x_wconf 57' lang='lat' dir='ltr'><strong>ris</strong></span> <span class='ocrx_word' id='word_1_438' title='bbox 353 3321 598 3374; x_wconf 70' lang='lat' dir='ltr'><strong>persona:</strong></span> <span class='ocrx_word' id='word_1_439' title='bbox 634 3304 884 3360; x_wconf 86' lang='lat' dir='ltr'><strong>manibus</strong></span> <span class='ocrx_word' id='word_1_440' title='bbox 927 3315 1110 3360; x_wconf 91' lang='lat' dir='ltr'><strong>tantus</strong></span> <span class='ocrx_word' id='word_1_441' title='bbox 1159 3304 1401 3374; x_wconf 78' lang='lat' dir='ltr'><strong>pontifex</strong></span> <span class='ocrx_word' id='word_1_442' title='bbox 1444 3304 1734 3358; x_wconf 87' lang='lat' dir='ltr'><strong>bumiliarc</strong></span> <span class='ocrx_word' id='word_1_443' title='bbox 1773 3319 1831 3359; x_wconf 88' lang='lat' dir='ltr'><strong>se</strong></span> 
     </span>
    </p>
   </div>
   <div class='ocr_carea' id='block_1_64' title="bbox 241 3375 1828 3445">
    <p class='ocr_par' dir='ltr' id='par_1_64' title="bbox 241 3375 1828 3445">
     <span class='ocr_line' id='line_1_64' title="bbox 241 3375 1828 3445; baseline 0 -17"><span class='ocrx_word' id='word_1_444' title='bbox 241 3393 350 3429; x_wconf 89' lang='lat' dir='ltr'><strong>non</strong></span> <span class='ocrx_word' id='word_1_445' title='bbox 376 3377 613 3430; x_wconf 87' lang='lat' dir='ltr'><strong>erubuit.</strong></span> <span class='ocrx_word' id='word_1_446' title='bbox 641 3376 803 3431; x_wconf 84' lang='lat' dir='ltr'><strong>Multa</strong></span> <span class='ocrx_word' id='word_1_447' title='bbox 833 3377 980 3430; x_wconf 90' lang='lat' dir='ltr'><strong>illius</strong></span> <span class='ocrx_word' id='word_1_448' title='bbox 1004 3377 1056 3429; x_wconf 89' lang='lat' dir='ltr'><strong>in</strong></span> <span class='ocrx_word' id='word_1_449' title='bbox 1088 3391 1373 3445; x_wconf 88' lang='lat' dir='ltr'><strong>pauperes,</strong></span> <span class='ocrx_word' id='word_1_450' title='bbox 1402 3376 1452 3428; x_wconf 92' lang='lat' dir='ltr'><strong>in</strong></span> <span class='ocrx_word' id='word_1_451' title='bbox 1490 3375 1828 3445; x_wconf 83' lang='lat' dir='ltr'><strong>peregrinos,</strong></span> 
     </span>
    </p>
   </div>
   <div class='ocr_carea' id='block_1_65' title="bbox 243 3417 1832 3514">
    <p class='ocr_par' dir='ltr' id='par_1_65' title="bbox 243 3417 1832 3514">
     <span class='ocr_line' id='line_1_65' title="bbox 243 3417 1832 3514; baseline -0.002 -14"><span class='ocrx_word' id='word_1_452' title='bbox 243 3448 298 3500; x_wconf 80' lang='lat' dir='ltr'><strong>ia</strong></span> <span class='ocrx_word' id='word_1_453' title='bbox 333 3448 582 3510; x_wconf 87' lang='lat' dir='ltr'><strong>clericos,</strong></span> <span class='ocrx_word' id='word_1_454' title='bbox 617 3448 669 3500; x_wconf 92' lang='lat' dir='ltr'><strong>in</strong></span> <span class='ocrx_word' id='word_1_455' title='bbox 696 3449 996 3502; x_wconf 90' lang='lat' dir='ltr'><strong>monachos</strong></span> <span class='ocrx_word' id='word_1_456' title='bbox 1045 3417 1376 3514; x_wconf 49' lang='lat' dir='ltr'><strong>benignitas:</strong></span> <span class='ocrx_word' id='word_1_457' title='bbox 1421 3417 1558 3498; x_wconf 63' lang='lat' dir='ltr'><strong>miia</strong></span> <span class='ocrx_word' id='word_1_458' title='bbox 1593 3417 1832 3498; x_wconf 57' lang='lat' dir='ltr'><strong>liberali-’-</strong></span> 
     </span>
    </p>
   </div>
   <div class='ocr_carea' id='block_1_66' title="bbox 243 3515 1831 3585">
    <p class='ocr_par' dir='ltr' id='par_1_66' title="bbox 243 3515 1831 3585">
     <span class='ocr_line' id='line_1_66' title="bbox 243 3515 1831 3585; baseline -0.003 -13"><span class='ocrx_word' id='word_1_459' title='bbox 243 3527 330 3572; x_wconf 89' lang='lat' dir='ltr'><strong>tas</strong></span> <span class='ocrx_word' id='word_1_460' title='bbox 358 3527 493 3571; x_wconf 91' lang='lat' dir='ltr'><strong>erat.</strong></span> <span class='ocrx_word' id='word_1_461' title='bbox 528 3517 741 3571; x_wconf 76' lang='lat' dir='ltr'><strong>Nullam</strong></span> <span class='ocrx_word' id='word_1_462' title='bbox 788 3519 932 3571; x_wconf 90' lang='lat' dir='ltr'><strong>intra</strong></span> <span class='ocrx_word' id='word_1_463' title='bbox 962 3517 1242 3573; x_wconf 67' lang='lat' dir='ltr'><strong>dioecesim</strong></span> <span class='ocrx_word' id='word_1_464' title='bbox 1263 3532 1420 3571; x_wconf 90' lang='lat' dir='ltr'><strong>suam</strong></span> <span class='ocrx_word' id='word_1_465' title='bbox 1452 3515 1831 3585; x_wconf 81' lang='lat' dir='ltr'><strong>congregatio-</strong></span> 
     </span>
    </p>
   </div>
   <div class='ocr_carea' id='block_1_67' title="bbox 245 3584 1833 3658">
    <p class='ocr_par' dir='ltr' id='par_1_67' title="bbox 245 3584 1833 3658">
     <span class='ocr_line' id='line_1_67' title="bbox 245 3584 1833 3658; baseline -0.002 -18"><span class='ocrx_word' id='word_1_466' title='bbox 245 3604 369 3640; x_wconf 69' lang='lat' dir='ltr'><strong>nem</strong></span> <span class='ocrx_word' id='word_1_467' title='bbox 395 3588 762 3656; x_wconf 64' lang='lat' dir='ltr'><strong>praetermisit,</strong></span> <span class='ocrx_word' id='word_1_468' title='bbox 788 3603 952 3658; x_wconf 88' lang='lat' dir='ltr'><strong>quam</strong></span> <span class='ocrx_word' id='word_1_469' title='bbox 978 3603 1085 3641; x_wconf 92' lang='lat' dir='ltr'><strong>non</strong></span> <span class='ocrx_word' id='word_1_470' title='bbox 1120 3596 1213 3658; x_wconf 88' lang='lat' dir='ltr'><strong>aut</strong></span> <span class='ocrx_word' id='word_1_471' title='bbox 1242 3586 1478 3658; x_wconf 62' lang='lat' dir='ltr'><strong>prtediis,</strong></span> <span class='ocrx_word' id='word_1_472' title='bbox 1531 3594 1626 3640; x_wconf 91' lang='lat' dir='ltr'><strong>aut</strong></span> <span class='ocrx_word' id='word_1_473' title='bbox 1661 3584 1833 3639; x_wconf 64' lang='lat' dir='ltr'><strong>indili-</strong></span> 
     </span>
    </p>
   </div>
   <div class='ocr_carea' id='block_1_68' title="bbox 241 3657 1830 3728">
    <p class='ocr_par' dir='ltr' id='par_1_68' title="bbox 241 3657 1830 3728">
     <span class='ocr_line' id='line_1_68' title="bbox 241 3657 1830 3728; baseline 0.001 -19"><span class='ocrx_word' id='word_1_474' title='bbox 241 3659 368 3720; x_wconf 89' lang='lat' dir='ltr'><strong>ciis,</strong></span> <span class='ocrx_word' id='word_1_475' title='bbox 404 3669 496 3713; x_wconf 90' lang='lat' dir='ltr'><strong>ant</strong></span> <span class='ocrx_word' id='word_1_476' title='bbox 521 3657 932 3728; x_wconf 83' lang='lat' dir='ltr'><strong>stipendiissua</strong></span> <span class='ocrx_word' id='word_1_477' title='bbox 958 3657 1269 3726; x_wconf 88' lang='lat' dir='ltr'><strong>specialiter</strong></span> <span class='ocrx_word' id='word_1_478' title='bbox 1289 3657 1583 3728; x_wconf 85' lang='lat' dir='ltr'><strong>donatione</strong></span> <span class='ocrx_word' id='word_1_479' title='bbox 1615 3665 1830 3728; x_wconf 65' lang='lat' dir='ltr'><strong>auctan</strong></span> 
     </span>
    </p>
   </div>
   <div class='ocr_carea' id='block_1_69' title="bbox 245 3727 1832 3798">
    <p class='ocr_par' dir='ltr' id='par_1_69' title="bbox 245 3727 1832 3798">
     <span class='ocr_line' id='line_1_69' title="bbox 245 3727 1832 3798; baseline 0.001 -18"><span class='ocrx_word' id='word_1_480' title='bbox 245 3729 356 3781; x_wconf 91' lang='lat' dir='ltr'><strong>vita</strong></span> <span class='ocrx_word' id='word_1_481' title='bbox 389 3727 656 3784; x_wconf 85' lang='lat' dir='ltr'><strong>decedens</strong></span> <span class='ocrx_word' id='word_1_482' title='bbox 706 3730 1005 3798; x_wconf 86' lang='lat' dir='ltr'><strong>reliquerit.</strong></span> <span class='ocrx_word' id='word_1_483' title='bbox 1059 3728 1116 3781; x_wconf 90' lang='lat' dir='ltr'><strong>In</strong></span> <span class='ocrx_word' id='word_1_484' title='bbox 1145 3727 1456 3798; x_wconf 87' lang='lat' dir='ltr'><strong>jndicandis</strong></span> <span class='ocrx_word' id='word_1_485' title='bbox 1487 3727 1669 3782; x_wconf 86' lang='lat' dir='ltr'><strong>causis</strong></span> <span class='ocrx_word' id='word_1_486' title='bbox 1700 3727 1832 3781; x_wconf 91' lang='lat' dir='ltr'><strong>sub-</strong></span> 
     </span>
    </p>
   </div>
   <div class='ocr_carea' id='block_1_70' title="bbox 210 3798 1834 3870">
    <p class='ocr_par' dir='ltr' id='par_1_70' title="bbox 210 3798 1834 3870">
     <span class='ocr_line' id='line_1_70' title="bbox 210 3798 1834 3870; baseline -0.001 -18"><span class='ocrx_word' id='word_1_487' title='bbox 210 3820 212 3822; x_wconf 56' lang='lat'><strong>&#39;</strong></span> <span class='ocrx_word' id='word_1_488' title='bbox 241 3800 485 3852; x_wconf 83' lang='lat' dir='ltr'><strong>diturum</strong></span> <span class='ocrx_word' id='word_1_489' title='bbox 517 3814 616 3853; x_wconf 89' lang='lat' dir='ltr'><strong>nec</strong></span> <span class='ocrx_word' id='word_1_490' title='bbox 649 3801 792 3862; x_wconf 86' lang='lat' dir='ltr'><strong>odio,</strong></span> <span class='ocrx_word' id='word_1_491' title='bbox 818 3816 916 3854; x_wconf 91' lang='lat' dir='ltr'><strong>nec</strong></span> <span class='ocrx_word' id='word_1_492' title='bbox 939 3801 1111 3870; x_wconf 82' lang='lat' dir='ltr'><strong>gratia</strong></span> <span class='ocrx_word' id='word_1_493' title='bbox 1169 3799 1492 3870; x_wconf 81' lang='lat' dir='ltr'><strong>cujusquam</strong></span> <span class='ocrx_word' id='word_1_494' title='bbox 1530 3813 1558 3850; x_wconf 92' lang='lat' dir='ltr'><strong>a</strong></span> <span class='ocrx_word' id='word_1_495' title='bbox 1585 3813 1711 3870; x_wconf 83' lang='lat' dir='ltr'><strong>vero</strong></span> <span class='ocrx_word' id='word_1_496' title='bbox 1734 3798 1834 3870; x_wconf 64' lang='lat' dir='ltr'><strong>alr-</strong></span> 
     </span>
    </p>
   </div>
   <div class='ocr_carea' id='block_1_71' title="bbox 241 3868 1832 3938">
    <p class='ocr_par' dir='ltr' id='par_1_71' title="bbox 241 3868 1832 3938">
     <span class='ocr_line' id='line_1_71' title="bbox 241 3868 1832 3938; baseline 0 -17"><span class='ocrx_word' id='word_1_497' title='bbox 241 3871 550 3923; x_wconf 88' lang='lat' dir='ltr'><strong>ducebatur</strong></span> <span class='ocrx_word' id='word_1_498' title='bbox 581 3871 710 3924; x_wconf 89' lang='lat' dir='ltr'><strong>:sed</strong></span> <span class='ocrx_word' id='word_1_499' title='bbox 737 3868 958 3938; x_wconf 71' lang='lat' dir='ltr'><strong>semper</strong></span> <span class='ocrx_word' id='word_1_500' title='bbox 992 3871 1044 3922; x_wconf 92' lang='lat' dir='ltr'><strong>in</strong></span> <span class='ocrx_word' id='word_1_501' title='bbox 1083 3868 1339 3922; x_wconf 88' lang='lat' dir='ltr'><strong>onmilms</strong></span> <span class='ocrx_word' id='word_1_502' title='bbox 1388 3869 1720 3938; x_wconf 82' lang='lat' dir='ltr'><strong>propositam</strong></span> <span class='ocrx_word' id='word_1_503' title='bbox 1746 3869 1832 3921; x_wconf 91' lang='lat' dir='ltr'><strong>in-</strong></span> 
     </span>
    </p>
   </div>
   <div class='ocr_carea' id='block_1_72' title="bbox 242 3938 1836 4010">
    <p class='ocr_par' dir='ltr' id='par_1_72' title="bbox 242 3938 1836 4010">
     <span class='ocr_line' id='line_1_72' title="bbox 242 3938 1836 4010; baseline -0.003 -16"><span class='ocrx_word' id='word_1_504' title='bbox 242 3939 647 3994; x_wconf 72' lang='lat' dir='ltr'><strong>declinaliilitm&#39;</strong></span> <span class='ocrx_word' id='word_1_505' title='bbox 673 3956 908 4010; x_wconf 87' lang='lat' dir='ltr'><strong>sequens</strong></span> <span class='ocrx_word' id='word_1_506' title='bbox 934 3940 1206 4008; x_wconf 67' lang='lat' dir='ltr'><strong>aequitatis</strong></span> <span class='ocrx_word' id='word_1_507' title='bbox 1243 3938 1463 4003; x_wconf 89' lang='lat' dir='ltr'><strong>lineam,</strong></span> <span class='ocrx_word' id='word_1_508' title='bbox 1490 3938 1554 3990; x_wconf 89' lang='lat' dir='ltr'><strong>ad</strong></span> <span class='ocrx_word' id='word_1_509' title='bbox 1588 3946 1836 3991; x_wconf 85' lang='lat' dir='ltr'><strong>everten-</strong></span> 
     </span>
    </p>
   </div>
   <div class='ocr_carea' id='block_1_73' title="bbox 242 4009 1824 4079">
    <p class='ocr_par' dir='ltr' id='par_1_73' title="bbox 242 4009 1824 4079">
     <span class='ocr_line' id='line_1_73' title="bbox 242 4009 1824 4079; baseline -0.002 -15"><span class='ocrx_word' id='word_1_510' title='bbox 242 4009 669 4079; x_wconf 82' lang='lat' dir='ltr'><strong>dmujudicium</strong></span> <span class='ocrx_word' id='word_1_511' title='bbox 717 4026 815 4063; x_wconf 87' lang='lat' dir='ltr'><strong>nec</strong></span> <span class='ocrx_word' id='word_1_512' title='bbox 866 4011 1246 4064; x_wconf 87' lang='lat' dir='ltr'><strong>considerabat</strong></span> <span class='ocrx_word' id='word_1_513' title='bbox 1299 4023 1586 4079; x_wconf 80' lang='lat' dir='ltr'><strong>personam</strong></span> <span class='ocrx_word' id='word_1_514' title='bbox 1632 4023 1824 4077; x_wconf 45' lang='lat' dir='ltr'><strong>paupe.</strong></span> 
     </span>
    </p>
   </div>
   <div class='ocr_carea' id='block_1_74' title="bbox 244 4077 1828 4149">
    <p class='ocr_par' dir='ltr' id='par_1_74' title="bbox 244 4077 1828 4149">
     <span class='ocr_line' id='line_1_74' title="bbox 244 4077 1828 4149; baseline -0.002 -15"><span class='ocrx_word' id='word_1_515' title='bbox 244 4084 348 4144; x_wconf 87' lang='lat' dir='ltr'><strong>ris,</strong></span> <span class='ocrx_word' id='word_1_516' title='bbox 376 4077 474 4135; x_wconf 79' lang='lat' dir='ltr'><strong>nec</strong></span> <span class='ocrx_word' id='word_1_517' title='bbox 519 4081 820 4134; x_wconf 84' lang='lat' dir='ltr'><strong>honorabat</strong></span> <span class='ocrx_word' id='word_1_518' title='bbox 870 4081 1079 4133; x_wconf 85' lang='lat' dir='ltr'><strong>vultum</strong></span> <span class='ocrx_word' id='word_1_519' title='bbox 1133 4079 1370 4149; x_wconf 87' lang='lat' dir='ltr'><strong>potentis</strong></span> <span class='ocrx_word' id='word_1_520' title='bbox 1425 4077 1614 4144; x_wconf 78' lang='lat' dir='ltr'><strong>(Lerit.</strong></span> <span class='ocrx_word' id='word_1_521' title='bbox 1693 4079 1828 4144; x_wconf 70' lang='lat' dir='ltr'><strong>XIX).</strong></span> 
     </span>
    </p>
   </div>
   <div class='ocr_carea' id='block_1_75' title="bbox 242 4149 1836 4219">
    <p class='ocr_par' dir='ltr' id='par_1_75' title="bbox 242 4149 1836 4219">
     <span class='ocr_line' id='line_1_75' title="bbox 242 4149 1836 4219; baseline -0.004 -13"><span class='ocrx_word' id='word_1_522' title='bbox 242 4153 420 4219; x_wconf 80' lang='lat' dir='ltr'><strong>Cujus</strong></span> <span class='ocrx_word' id='word_1_523' title='bbox 443 4151 517 4205; x_wconf 89' lang='lat' dir='ltr'><strong>rei</strong></span> <span class='ocrx_word' id='word_1_524' title='bbox 547 4151 803 4205; x_wconf 86' lang='lat' dir='ltr'><strong>idoneum</strong></span> <span class='ocrx_word' id='word_1_525' title='bbox 823 4151 960 4206; x_wconf 85' lang='lat' dir='ltr'><strong>satis</strong></span> <span class='ocrx_word' id='word_1_526' title='bbox 986 4150 1271 4204; x_wconf 87' lang='lat' dir='ltr'><strong>ctcvidens</strong></span> <span class='ocrx_word' id='word_1_527' title='bbox 1295 4149 1618 4217; x_wconf 87' lang='lat' dir='ltr'><strong>subjicimus</strong></span> <span class='ocrx_word' id='word_1_528' title='bbox 1648 4164 1836 4203; x_wconf 82' lang='lat' dir='ltr'><strong>exem-</strong></span> 
     </span>
    </p>
   </div>
   <div class='ocr_carea' id='block_1_76' title="bbox 285 4225 421 4275">
    <p class='ocr_par' dir='ltr' id='par_1_76' title="bbox 285 4225 421 4275">
     <span class='ocr_line' id='line_1_76' title="bbox 285 4225 421 4275; baseline 0 0"><span class='ocrx_word' id='word_1_529' title='bbox 285 4225 421 4275; x_wconf 89' lang='lat' dir='ltr'><strong>lum.</strong></span> 
     </span>
    </p>
   </div>
   <div class='ocr_carea' id='block_1_77' title="bbox 247 4240 1838 4345">
    <p class='ocr_par' dir='ltr' id='par_1_77' title="bbox 247 4240 1838 4345">
     <span class='ocr_line' id='line_1_77' title="bbox 287 4240 421 4275; baseline 0 0"><span class='ocrx_word' id='word_1_530' title='bbox 287 4240 421 4275; x_wconf 86' lang='lat' dir='ltr'><strong>nun.</strong></span> 
     </span>
     <span class='ocr_line' id='line_1_78' title="bbox 247 4240 1838 4345; baseline -0.002 0"><span class='ocrx_word' id='word_1_531' title='bbox 247 4240 281 4293; x_wconf 61' lang='grc' dir='ltr'><strong>Ρ</strong></span> <span class='ocrx_word' id='word_1_532' title='bbox 323 4292 409 4345; x_wconf 88' lang='lat' dir='ltr'><strong>Vl.</strong></span> <span class='ocrx_word' id='word_1_533' title='bbox 449 4291 775 4344; x_wconf 75' lang='lat' dir='ltr'><strong>Prwrlarum</strong></span> <span class='ocrx_word' id='word_1_534' title='bbox 836 4292 1046 4345; x_wconf 74' lang='lat' dir='ltr'><strong>ca&#39;inzirc</strong></span> <span class='ocrx_word' id='word_1_535' title='bbox 1089 4290 1411 4343; x_wconf 79' lang='lat' dir='ltr'><strong>humilitatis</strong></span> <span class='ocrx_word' id='word_1_536' title='bbox 1453 4298 1500 4342; x_wconf 82' lang='lat' dir='ltr'><strong>et</strong></span> <span class='ocrx_word' id='word_1_537' title='bbox 1541 4289 1752 4342; x_wconf 74' lang='lat' dir='ltr'><strong>rit-tutis</strong></span> <span class='ocrx_word' id='word_1_538' title='bbox 1781 4290 1838 4342; x_wconf 83' lang='lat' dir='ltr'><strong>in</strong></span> 
     </span>
    </p>
   </div>
   <div class='ocr_carea' id='block_1_78' title="bbox 223 4358 1835 4433">
    <p class='ocr_par' dir='ltr' id='par_1_78' title="bbox 223 4358 1835 4433">
     <span class='ocr_line' id='line_1_79' title="bbox 223 4358 1835 4433; baseline -0.001 -18"><span class='ocrx_word' id='word_1_539' title='bbox 223 4365 576 4433; x_wconf 68' lang='lat' dir='ltr'><strong>imperatore</strong></span> <span class='ocrx_word' id='word_1_540' title='bbox 617 4362 931 4431; x_wconf 72' lang='lat' dir='ltr'><strong>exemplum.</strong></span> <span class='ocrx_word' id='word_1_541' title='bbox 980 4361 1088 4415; x_wconf 79' lang='lat' dir='ltr'><strong>Rex</strong></span> <span class='ocrx_word' id='word_1_542' title='bbox 1121 4359 1427 4433; x_wconf 85' lang='lat' dir='ltr'><strong>Heinricus,</strong></span> <span class='ocrx_word' id='word_1_543' title='bbox 1459 4358 1835 4433; x_wconf 64' lang='lat' dir='ltr'><strong>Romanorum</strong></span> 
     </span>
    </p>
   </div>
   <div class='ocr_carea' id='block_1_79' title="bbox 248 4430 1838 4502">
    <p class='ocr_par' dir='ltr' id='par_1_79' title="bbox 248 4430 1838 4502">
     <span class='ocr_line' id='line_1_80' title="bbox 248 4430 1838 4502; baseline -0.003 -15"><span class='ocrx_word' id='word_1_544' title='bbox 248 4430 527 4502; x_wconf 84' lang='lat' dir='ltr'><strong>patritins,</strong></span> <span class='ocrx_word' id='word_1_545' title='bbox 564 4430 775 4501; x_wconf 87' lang='lat' dir='ltr'><strong>sceptra</strong></span> <span class='ocrx_word' id='word_1_546' title='bbox 801 4433 1001 4502; x_wconf 85' lang='lat' dir='ltr'><strong>regalia</strong></span> <span class='ocrx_word' id='word_1_547' title='bbox 1042 4432 1307 4495; x_wconf 90' lang='lat' dir='ltr'><strong>moribus,</strong></span> <span class='ocrx_word' id='word_1_548' title='bbox 1343 4430 1626 4500; x_wconf 89' lang='lat' dir='ltr'><strong>prudentia</strong></span> <span class='ocrx_word' id='word_1_549' title='bbox 1651 4438 1705 4483; x_wconf 90' lang='lat' dir='ltr'><strong>et</strong></span> <span class='ocrx_word' id='word_1_550' title='bbox 1726 4431 1838 4502; x_wconf 85' lang='lat' dir='ltr'><strong>glo-</strong></span> 
     </span>
    </p>
   </div>
   <div class='ocr_carea' id='block_1_80' title="bbox 225 4489 1915 4572">
    <p class='ocr_par' dir='ltr' id='par_1_80' title="bbox 225 4489 1915 4572">
     <span class='ocr_line' id='line_1_81' title="bbox 225 4489 1915 4572; baseline -0.004 -16"><span class='ocrx_word' id='word_1_551' title='bbox 225 4489 332 4557; x_wconf 24' lang='lat' dir='ltr'><strong>ti&#39;ia</strong></span> <span class='ocrx_word' id='word_1_552' title='bbox 363 4489 615 4572; x_wconf 73' lang='lat' dir='ltr'><strong>regaliter</strong></span> <span class='ocrx_word' id='word_1_553' title='bbox 640 4489 916 4568; x_wconf 58' lang='lat' dir='ltr'><strong>obtinens,</strong></span> <span class='ocrx_word' id='word_1_554' title='bbox 941 4519 1003 4557; x_wconf 88' lang='lat' dir='ltr'><strong>ac</strong></span> <span class='ocrx_word' id='word_1_555' title='bbox 1028 4489 1356 4570; x_wconf 74' lang='lat' dir='ltr'><strong>justissimis</strong></span> <span class='ocrx_word' id='word_1_556' title='bbox 1383 4502 1591 4571; x_wconf 82' lang='lat' dir='ltr'><strong>legibus</strong></span> <span class='ocrx_word' id='word_1_557' title='bbox 1620 4489 1754 4554; x_wconf 46' lang='lat' dir='ltr'><strong>tam“</strong></span> <span class='ocrx_word' id='word_1_558' title='bbox 1781 4501 1834 4554; x_wconf 90' lang='lat' dir='ltr'><strong>in</strong></span> <span class='ocrx_word' id='word_1_559' title='bbox 1867 4489 1915 4548; x_wconf 89' lang='lat' dir='ltr'><strong>D</strong></span> 
     </span>
    </p>
   </div>
   <div class='ocr_carea' id='block_1_81' title="bbox 249 4572 1838 4642">
    <p class='ocr_par' dir='ltr' id='par_1_81' title="bbox 249 4572 1838 4642">
     <span class='ocr_line' id='line_1_82' title="bbox 249 4572 1838 4642; baseline -0.002 -15"><span class='ocrx_word' id='word_1_560' title='bbox 249 4575 471 4636; x_wconf 80' lang='lat' dir='ltr'><strong>divinis,</strong></span> <span class='ocrx_word' id='word_1_561' title='bbox 505 4589 667 4642; x_wconf 89' lang='lat' dir='ltr'><strong>quam</strong></span> <span class='ocrx_word' id='word_1_562' title='bbox 695 4573 773 4627; x_wconf 57' lang='lat' dir='ltr'><strong>in‘</strong></span> <span class='ocrx_word' id='word_1_563' title='bbox 803 4574 1058 4627; x_wconf 90' lang='lat' dir='ltr'><strong>humanis</strong></span> <span class='ocrx_word' id='word_1_564' title='bbox 1112 4572 1522 4637; x_wconf 82' lang='lat' dir='ltr'><strong>administrans,</strong></span> <span class='ocrx_word' id='word_1_565' title='bbox 1556 4572 1629 4624; x_wconf 87' lang='lat' dir='ltr'><strong>ita</strong></span> <span class='ocrx_word' id='word_1_566' title='bbox 1657 4587 1715 4625; x_wconf 90' lang='lat' dir='ltr'><strong>se</strong></span> <span class='ocrx_word' id='word_1_567' title='bbox 1745 4588 1838 4642; x_wconf 82' lang='lat' dir='ltr'><strong>ex-</strong></span> 
     </span>
    </p>
   </div>
   <div class='ocr_carea' id='block_1_82' title="bbox 232 4641 1837 4714">
    <p class='ocr_par' dir='ltr' id='par_1_82' title="bbox 232 4641 1837 4714">
     <span class='ocr_line' id='line_1_83' title="bbox 232 4641 1837 4714; baseline -0.003 -15"><span class='ocrx_word' id='word_1_568' title='bbox 232 4646 423 4699; x_wconf 75' lang='lat' dir='ltr'><strong>terius</strong></span> <span class='ocrx_word' id='word_1_569' title='bbox 454 4641 647 4714; x_wconf 79' lang='lat' dir='ltr'><strong>agebat</strong></span> <span class='ocrx_word' id='word_1_570' title='bbox 675 4644 745 4714; x_wconf 90' lang='lat' dir='ltr'><strong>ad</strong></span> <span class='ocrx_word' id='word_1_571' title='bbox 790 4644 1072 4714; x_wconf 85' lang='lat' dir='ltr'><strong>populum,</strong></span> <span class='ocrx_word' id='word_1_572' title='bbox 1097 4652 1155 4696; x_wconf 90' lang='lat' dir='ltr'><strong>ut</strong></span> <span class='ocrx_word' id='word_1_573' title='bbox 1182 4644 1264 4695; x_wconf 90' lang='lat' dir='ltr'><strong>sui</strong></span> <span class='ocrx_word' id='word_1_574' title='bbox 1291 4651 1472 4714; x_wconf 82' lang='lat' dir='ltr'><strong>tamen</strong></span> <span class='ocrx_word' id='word_1_575' title='bbox 1535 4657 1643 4714; x_wconf 91' lang='lat' dir='ltr'><strong>non</strong></span> <span class='ocrx_word' id='word_1_576' title='bbox 1701 4641 1837 4714; x_wconf 80' lang='lat' dir='ltr'><strong>obli-</strong></span> 
     </span>
    </p>
   </div>
   <div class='ocr_carea' id='block_1_83' title="bbox 250 4711 1837 4768">
    <p class='ocr_par' dir='ltr' id='par_1_83' title="bbox 250 4711 1837 4768">
     <span class='ocr_line' id='line_1_84' title="bbox 250 4711 1837 4768; baseline -0.003 0"><span class='ocrx_word' id='word_1_577' title='bbox 250 4711 554 4768; x_wconf 81' lang='lat' dir='ltr'><strong>visceretur</strong></span> <span class='ocrx_word' id='word_1_578' title='bbox 592 4713 841 4767; x_wconf 88' lang='lat' dir='ltr'><strong>interius.</strong></span> <span class='ocrx_word' id='word_1_579' title='bbox 865 4711 1244 4767; x_wconf 75' lang='lat' dir='ltr'><strong>Considerans</strong></span> <span class='ocrx_word' id='word_1_580' title='bbox 1265 4712 1409 4765; x_wconf 90' lang='lat' dir='ltr'><strong>enim</strong></span> <span class='ocrx_word' id='word_1_581' title='bbox 1441 4711 1575 4763; x_wconf 90' lang='lat' dir='ltr'><strong>tanti</strong></span> <span class='ocrx_word' id='word_1_582' title='bbox 1599 4711 1837 4764; x_wconf 89' lang='lat' dir='ltr'><strong>nominis</strong></span> 
     </span>
    </p>
   </div>
   <div class='ocr_carea' id='block_1_84' title="bbox 254 4781 1834 4853">
    <p class='ocr_par' dir='ltr' id='par_1_84' title="bbox 254 4781 1834 4853">
     <span class='ocr_line' id='line_1_85' title="bbox 254 4781 1834 4853; baseline -0.004 -14"><span class='ocrx_word' id='word_1_583' title='bbox 254 4786 594 4851; x_wconf 84' lang='lat' dir='ltr'><strong>majestatem</strong></span> <span class='ocrx_word' id='word_1_584' title='bbox 629 4785 786 4853; x_wconf 86' lang='lat' dir='ltr'><strong>longe.</strong></span> <span class='ocrx_word' id='word_1_585' title='bbox 817 4784 933 4837; x_wconf 88' lang='lat' dir='ltr'><strong>suis</strong></span> <span class='ocrx_word' id='word_1_586' title='bbox 961 4783 1268 4852; x_wconf 70' lang='lat' dir='ltr'><strong>prmcellere.</strong></span> <span class='ocrx_word' id='word_1_587' title='bbox 1298 4781 1525 4845; x_wconf 89' lang='lat' dir='ltr'><strong>meritis,</strong></span> <span class='ocrx_word' id='word_1_588' title='bbox 1555 4796 1834 4853; x_wconf 83' lang='lat' dir='ltr'><strong>nunquam</strong></span> 
     </span>
    </p>
   </div>
   <div class='ocr_carea' id='block_1_85' title="bbox 254 4851 1835 4924">
    <p class='ocr_par' dir='ltr' id='par_1_85' title="bbox 254 4851 1835 4924">
     <span class='ocr_line' id='line_1_86' title="bbox 254 4851 1835 4924; baseline -0.003 -16"><span class='ocrx_word' id='word_1_589' title='bbox 254 4856 490 4924; x_wconf 84' lang='lat' dir='ltr'><strong>insignia</strong></span> <span class='ocrx_word' id='word_1_590' title='bbox 522 4851 847 4924; x_wconf 26' lang='lat' dir='ltr'><strong>regaliavsibi</strong></span> <span class='ocrx_word' id='word_1_591' title='bbox 874 4851 1220 4924; x_wconf 76' lang='lat' dir='ltr'><strong>praesumpsit</strong></span> <span class='ocrx_word' id='word_1_592' title='bbox 1247 4853 1542 4924; x_wconf 81' lang='lat' dir='ltr'><strong>imponere,</strong></span> <span class='ocrx_word' id='word_1_593' title='bbox 1569 4851 1672 4904; x_wconf 86' lang='lat' dir='ltr'><strong>nisi</strong></span> <span class='ocrx_word' id='word_1_594' title='bbox 1697 4851 1835 4904; x_wconf 85' lang='lat' dir='ltr'><strong>clam</strong></span> 
     </span>
    </p>
   </div>
   <div class='ocr_carea' id='block_1_86' title="bbox 252 4921 1845 4995">
    <p class='ocr_par' dir='ltr' id='par_1_86' title="bbox 252 4921 1845 4995">
     <span class='ocr_line' id='line_1_87' title="bbox 252 4921 1845 4995; baseline -0.004 -15"><span class='ocrx_word' id='word_1_595' title='bbox 252 4921 618 4980; x_wconf 45' lang='lat' dir='ltr'><strong>confessionis</strong></span> <span class='ocrx_word' id='word_1_596' title='bbox 658 4941 720 4979; x_wconf 89' lang='lat' dir='ltr'><strong>ac</strong></span> <span class='ocrx_word' id='word_1_597' title='bbox 749 4921 1127 4995; x_wconf 64' lang='grc' dir='ltr'><strong>ρῡέξιιῖῑεξηιίῑιξ,⁷</strong></span> <span class='ocrx_word' id='word_1_598' title='bbox 1152 4923 1434 4976; x_wconf 83' lang='lat' dir='ltr'><strong>verberum</strong></span> <span class='ocrx_word' id='word_1_599' title='bbox 1495 4922 1719 4995; x_wconf 79' lang='lat' dir='ltr'><strong>insuper</strong></span> <span class='ocrx_word' id='word_1_600' title='bbox 1757 4936 1845 4974; x_wconf 77' lang='lat' dir='ltr'><strong>sa-</strong></span> 
     </span>
    </p>
   </div>
   <div class='ocr_carea' id='block_1_87' title="bbox 252 4992 1848 5064">
    <p class='ocr_par' dir='ltr' id='par_1_87' title="bbox 252 4992 1848 5064">
     <span class='ocr_line' id='line_1_88' title="bbox 252 4992 1848 5064; baseline -0.003 -15"><span class='ocrx_word' id='word_1_601' title='bbox 252 4997 585 5059; x_wconf 87' lang='lat' dir='ltr'><strong>tisfactione,</strong></span> <span class='ocrx_word' id='word_1_602' title='bbox 641 4992 915 5049; x_wconf 71' lang='lat' dir='ltr'><strong>licentiam</strong></span> <span class='ocrx_word' id='word_1_603' title='bbox 969 5011 997 5048; x_wconf 88' lang='lat' dir='ltr'><strong>a</strong></span> <span class='ocrx_word' id='word_1_604' title='bbox 1029 4995 1273 5064; x_wconf 88' lang='lat' dir='ltr'><strong>quolibet</strong></span> <span class='ocrx_word' id='word_1_605' title='bbox 1319 4992 1664 5064; x_wconf 81' lang='lat' dir='ltr'><strong>sacerdotum</strong></span> <span class='ocrx_word' id='word_1_606' title='bbox 1723 5007 1848 5061; x_wconf 82' lang='lat' dir='ltr'><strong>sup-</strong></span> 
     </span>
    </p>
   </div>
   <div class='ocr_carea' id='block_1_88' title="bbox 251 5063 1843 5136">
    <p class='ocr_par' dir='ltr' id='par_1_88' title="bbox 251 5063 1843 5136">
     <span class='ocr_line' id='line_1_89' title="bbox 251 5063 1843 5136; baseline -0.003 -16"><span class='ocrx_word' id='word_1_607' title='bbox 251 5068 468 5135; x_wconf 88' lang='lat' dir='ltr'><strong>pliciter</strong></span> <span class='ocrx_word' id='word_1_608' title='bbox 497 5076 799 5136; x_wconf 84' lang='lat' dir='ltr'><strong>mereretur</strong></span> <span class='ocrx_word' id='word_1_609' title='bbox 829 5067 925 5134; x_wconf 73' lang='grc'><strong>(5).</strong></span> <span class='ocrx_word' id='word_1_610' title='bbox 959 5063 1098 5136; x_wconf 82' lang='lat' dir='ltr'><strong>Ergo</strong></span> <span class='ocrx_word' id='word_1_611' title='bbox 1129 5075 1372 5136; x_wconf 81' lang='lat' dir='ltr'><strong>tempore</strong></span> <span class='ocrx_word' id='word_1_612' title='bbox 1395 5063 1659 5136; x_wconf 28' lang='lat' dir='ltr'><strong>Aquodam</strong></span> <span class='ocrx_word' id='word_1_613' title='bbox 1723 5077 1843 5116; x_wconf 88' lang='lat' dir='ltr'><strong>ma-</strong></span> 
     </span>
    </p>
   </div>
   <div class='ocr_carea' id='block_1_89' title="bbox 252 5133 1847 5206">
    <p class='ocr_par' dir='ltr' id='par_1_89' title="bbox 252 5133 1847 5206">
     <span class='ocr_line' id='line_1_90' title="bbox 252 5133 1847 5206; baseline -0.001 -16"><span class='ocrx_word' id='word_1_614' title='bbox 252 5133 354 5206; x_wconf 79' lang='lat' dir='ltr'><strong>gna</strong></span> <span class='ocrx_word' id='word_1_615' title='bbox 377 5137 698 5190; x_wconf 87' lang='lat' dir='ltr'><strong>imminente</strong></span> <span class='ocrx_word' id='word_1_616' title='bbox 728 5133 1531 5206; x_wconf 55' lang='lat' dir='ltr'><strong>festivitate;cunrpontiticcs,</strong></span> <span class='ocrx_word' id='word_1_617' title='bbox 1581 5135 1750 5206; x_wconf 75' lang='lat' dir='ltr'><strong>duces</strong></span> <span class='ocrx_word' id='word_1_618' title='bbox 1782 5149 1847 5206; x_wconf 85' lang='lat' dir='ltr'><strong>ac</strong></span> 
     </span>
    </p>
   </div>
   <div class='ocr_carea' id='block_1_90' title="bbox 253 5202 1844 5275">
    <p class='ocr_par' dir='ltr' id='par_1_90' title="bbox 253 5202 1844 5275">
     <span class='ocr_line' id='line_1_91' title="bbox 253 5202 1844 5275; baseline -0.001 -13"><span class='ocrx_word' id='word_1_619' title='bbox 253 5202 507 5271; x_wconf 71' lang='lat' dir='ltr'><strong>comites,</strong></span> <span class='ocrx_word' id='word_1_620' title='bbox 564 5206 940 5275; x_wconf 86' lang='lat' dir='ltr'><strong>cujuscunque</strong></span> <span class='ocrx_word' id='word_1_621' title='bbox 987 5207 1128 5261; x_wconf 89' lang='lat' dir='ltr'><strong>alius</strong></span> <span class='ocrx_word' id='word_1_622' title='bbox 1175 5202 1459 5275; x_wconf 79' lang='lat' dir='ltr'><strong>dignitatis</strong></span> <span class='ocrx_word' id='word_1_623' title='bbox 1505 5219 1599 5259; x_wconf 87' lang='lat' dir='ltr'><strong>seu</strong></span> <span class='ocrx_word' id='word_1_624' title='bbox 1632 5202 1844 5260; x_wconf 87' lang='lat' dir='ltr'><strong>ordinis</strong></span> 
     </span>
    </p>
   </div>
   <div class='ocr_carea' id='block_1_91' title="bbox 248 5272 1842 5356">
    <p class='ocr_par' dir='ltr' id='par_1_91' title="bbox 248 5272 1842 5356">
     <span class='ocr_line' id='line_1_92' title="bbox 248 5272 1842 5356; baseline -0.003 -24"><span class='ocrx_word' id='word_1_625' title='bbox 248 5280 374 5344; x_wconf 87' lang='lat' dir='ltr'><strong>viri,</strong></span> <span class='ocrx_word' id='word_1_626' title='bbox 401 5277 611 5346; x_wconf 79' lang='lat' dir='ltr'><strong>regiam</strong></span> <span class='ocrx_word' id='word_1_627' title='bbox 632 5272 884 5356; x_wconf 16' lang='lat' dir='ltr'><strong>intulich</strong></span> <span class='ocrx_word' id='word_1_628' title='bbox 913 5272 1261 5356; x_wconf 78' lang='lat' dir='ltr'><strong>properarent</strong></span> <span class='ocrx_word' id='word_1_629' title='bbox 1293 5272 1361 5356; x_wconf 77' lang='lat' dir='ltr'><strong>ad</strong></span> <span class='ocrx_word' id='word_1_630' title='bbox 1381 5275 1612 5342; x_wconf 88' lang='lat' dir='ltr'><strong>curiam,</strong></span> <span class='ocrx_word' id='word_1_631' title='bbox 1644 5288 1768 5355; x_wconf 73' lang='lat' dir='ltr'><strong>cum</strong></span> <span class='ocrx_word' id='word_1_632' title='bbox 1789 5284 1842 5328; x_wconf 90' lang='lat' dir='ltr'><strong>et</strong></span> 
     </span>
    </p>
   </div>
   <div class='ocr_carea' id='block_1_92' title="bbox 1921 1822 3503 1894">
    <p class='ocr_par' dir='ltr' id='par_1_92' title="bbox 1921 1822 3503 1894">
     <span class='ocr_line' id='line_1_93' title="bbox 1921 1822 3503 1894; baseline -0.001 -17"><span class='ocrx_word' id='word_1_633' title='bbox 1921 1823 2159 1878; x_wconf 88' lang='lat' dir='ltr'><strong>occttrrit</strong></span> <span class='ocrx_word' id='word_1_634' title='bbox 2179 1824 2449 1888; x_wconf 79' lang='lat' dir='ltr'><strong>Annonis,</strong></span> <span class='ocrx_word' id='word_1_635' title='bbox 2474 1840 2636 1894; x_wconf 89' lang='lat' dir='ltr'><strong>quem</strong></span> <span class='ocrx_word' id='word_1_636' title='bbox 2693 1823 2992 1893; x_wconf 66' lang='lat' dir='ltr'><strong>prophetia:</strong></span> <span class='ocrx_word' id='word_1_637' title='bbox 3039 1823 3248 1893; x_wconf 87' lang='lat' dir='ltr'><strong>spiritu.</strong></span> <span class='ocrx_word' id='word_1_638' title='bbox 3271 1822 3503 1878; x_wconf 88' lang='lat' dir='ltr'><strong>subinde</strong></span> 
     </span>
    </p>
   </div>
   <div class='ocr_carea' id='block_1_93' title="bbox 1921 1894 2894 1964">
    <p class='ocr_par' dir='ltr' id='par_1_93' title="bbox 1921 1894 2894 1964">
     <span class='ocr_line' id='line_1_94' title="bbox 1921 1894 2894 1964; baseline 0 -16"><span class='ocrx_word' id='word_1_639' title='bbox 1921 1895 2175 1964; x_wconf 77' lang='lat' dir='ltr'><strong>floruisse</strong></span> <span class='ocrx_word' id='word_1_640' title='bbox 2194 1895 2396 1949; x_wconf 89' lang='lat' dir='ltr'><strong>veritas</strong></span> <span class='ocrx_word' id='word_1_641' title='bbox 2430 1896 2544 1964; x_wconf 89' lang='lat' dir='ltr'><strong>ipsa</strong></span> <span class='ocrx_word' id='word_1_642' title='bbox 2575 1894 2894 1950; x_wconf 75' lang='lat' dir='ltr'><strong>diffamavit.</strong></span> 
     </span>
    </p>
   </div>
   <div class='ocr_carea' id='block_1_94' title="bbox 1995 1963 3506 2036">
    <p class='ocr_par' dir='ltr' id='par_1_94' title="bbox 1995 1963 3506 2036">
     <span class='ocr_line' id='line_1_95' title="bbox 1995 1963 3506 2036; baseline 0 -20"><span class='ocrx_word' id='word_1_643' title='bbox 1995 1964 2104 2020; x_wconf 66' lang='grc' dir='ltr'><strong>νη.</strong></span> <span class='ocrx_word' id='word_1_644' title='bbox 2143 1963 2201 2018; x_wconf 91' lang='lat' dir='ltr'><strong>S.</strong></span> <span class='ocrx_word' id='word_1_645' title='bbox 2236 1964 2388 2036; x_wconf 76' lang='lat' dir='ltr'><strong>Anno</strong></span> <span class='ocrx_word' id='word_1_646' title='bbox 2409 1963 2661 2035; x_wconf 73' lang='lat' dir='ltr'><strong>prazvidct</strong></span> <span class='ocrx_word' id='word_1_647' title='bbox 2693 1967 3113 2036; x_wconf 12' lang='lat' dir='ltr'><strong>regisgmortcm.</strong></span> <span class='ocrx_word' id='word_1_648' title='bbox 3166 1963 3350 2036; x_wconf 58' lang='lat' dir='ltr'><strong>Victor:</strong></span> <span class='ocrx_word' id='word_1_649' title='bbox 3371 1979 3506 2033; x_wconf 83' lang='lat' dir='ltr'><strong>pon-</strong></span> 
     </span>
    </p>
   </div>
   <div class='ocr_carea' id='block_1_95' title="bbox 1891 2033 3504 2107">
    <p class='ocr_par' dir='ltr' id='par_1_95' title="bbox 1891 2033 3504 2107">
     <span class='ocr_line' id='line_1_96' title="bbox 1891 2033 3504 2107; baseline -0.001 -19"><span class='ocrx_word' id='word_1_650' title='bbox 1891 2105 1894 2107; x_wconf 17' lang='grc' dir='ltr'>λ</span> <span class='ocrx_word' id='word_1_651' title='bbox 1923 2037 2053 2107; x_wconf 73' lang='lat' dir='ltr'><strong>tifca:</strong></span> <span class='ocrx_word' id='word_1_652' title='bbox 2077 2037 2211 2089; x_wconf 81' lang='lat' dir='ltr'><strong>venit</strong></span> <span class='ocrx_word' id='word_1_653' title='bbox 2239 2033 2572 2107; x_wconf 75' lang='lat' dir='ltr'><strong>Goslariam,</strong></span> <span class='ocrx_word' id='word_1_654' title='bbox 2591 2053 2707 2106; x_wconf 78' lang='lat' dir='ltr'><strong>quw</strong></span> <span class='ocrx_word' id='word_1_655' title='bbox 2727 2033 2802 2090; x_wconf 67' lang='lat' dir='ltr'><strong>est</strong></span> <span class='ocrx_word' id='word_1_656' title='bbox 2829 2034 3079 2107; x_wconf 69' lang='lat' dir='ltr'><strong>Saxonite</strong></span> <span class='ocrx_word' id='word_1_657' title='bbox 3137 2035 3280 2088; x_wconf 81' lang='lat' dir='ltr'><strong>urbs.</strong></span> <span class='ocrx_word' id='word_1_658' title='bbox 3317 2033 3504 2107; x_wconf 73' lang='lat' dir='ltr'><strong>Obitus</strong></span> 
     </span>
    </p>
   </div>
   <div class='ocr_carea' id='block_1_96' title="bbox 1925 2105 3505 2176">
    <p class='ocr_par' dir='ltr' id='par_1_96' title="bbox 1925 2105 3505 2176">
     <span class='ocr_line' id='line_1_97' title="bbox 1925 2105 3505 2176; baseline -0.001 -16"><span class='ocrx_word' id='word_1_659' title='bbox 1925 2106 2144 2160; x_wconf 73' lang='lat' dir='ltr'><strong>llettrici</strong></span> <span class='ocrx_word' id='word_1_660' title='bbox 2171 2107 2527 2176; x_wconf 80' lang='lat' dir='ltr'><strong>imperatoris.</strong></span> <span class='ocrx_word' id='word_1_661' title='bbox 2555 2105 2610 2161; x_wconf 77' lang='lat' dir='ltr'><strong>S.</strong></span> <span class='ocrx_word' id='word_1_662' title='bbox 2645 2108 2796 2160; x_wconf 78' lang='lat' dir='ltr'><strong>Anno</strong></span> <span class='ocrx_word' id='word_1_663' title='bbox 2821 2109 2986 2160; x_wconf 78' lang='lat' dir='ltr'><strong>nutrit</strong></span> <span class='ocrx_word' id='word_1_664' title='bbox 3008 2105 3181 2175; x_wconf 79' lang='lat' dir='ltr'><strong>ﬁlium</strong></span> <span class='ocrx_word' id='word_1_665' title='bbox 3211 2107 3344 2176; x_wconf 58' lang='lat' dir='ltr'><strong>ejus,</strong></span> <span class='ocrx_word' id='word_1_666' title='bbox 3375 2105 3505 2176; x_wconf 82' lang='lat' dir='ltr'><strong>Qui-</strong></span> 
     </span>
    </p>
   </div>
   <div class='ocr_carea' id='block_1_97' title="bbox 1923 2175 3508 2247">
    <p class='ocr_par' dir='ltr' id='par_1_97' title="bbox 1923 2175 3508 2247">
     <span class='ocr_line' id='line_1_98' title="bbox 1923 2175 3508 2247; baseline -0.003 -15"><span class='ocrx_word' id='word_1_667' title='bbox 1923 2177 2152 2232; x_wconf 89' lang='lat' dir='ltr'><strong>busdam</strong></span> <span class='ocrx_word' id='word_1_668' title='bbox 2191 2175 2561 2231; x_wconf 85' lang='lat' dir='ltr'><strong>simultatibus</strong></span> <span class='ocrx_word' id='word_1_669' title='bbox 2623 2177 2764 2232; x_wconf 90' lang='lat' dir='ltr'><strong>inter</strong></span> <span class='ocrx_word' id='word_1_670' title='bbox 2806 2179 2980 2247; x_wconf 89' lang='lat' dir='ltr'><strong>ipsum</strong></span> <span class='ocrx_word' id='word_1_671' title='bbox 3014 2187 3067 2230; x_wconf 92' lang='lat' dir='ltr'><strong>et</strong></span> <span class='ocrx_word' id='word_1_672' title='bbox 3090 2192 3268 2246; x_wconf 87' lang='lat' dir='ltr'><strong>regem</strong></span> <span class='ocrx_word' id='word_1_673' title='bbox 3319 2175 3508 2229; x_wconf 82' lang='lat' dir='ltr'><strong>fraude</strong></span> 
     </span>
    </p>
   </div>
   <div class='ocr_carea' id='block_1_98' title="bbox 1924 2248 3510 2318">
    <p class='ocr_par' dir='ltr' id='par_1_98' title="bbox 1924 2248 3510 2318">
     <span class='ocr_line' id='line_1_99' title="bbox 1924 2248 3510 2318; baseline -0.003 -15"><span class='ocrx_word' id='word_1_674' title='bbox 1924 2249 2339 2318; x_wconf 83' lang='lat' dir='ltr'><strong>malignantium</strong></span> <span class='ocrx_word' id='word_1_675' title='bbox 2369 2248 2596 2312; x_wconf 87' lang='lat' dir='ltr'><strong>obortis,</strong></span> <span class='ocrx_word' id='word_1_676' title='bbox 2629 2264 2753 2302; x_wconf 89' lang='lat' dir='ltr'><strong>cum</strong></span> <span class='ocrx_word' id='word_1_677' title='bbox 2787 2265 2881 2301; x_wconf 86' lang='lat' dir='ltr'><strong>rex</strong></span> <span class='ocrx_word' id='word_1_678' title='bbox 2913 2257 3357 2318; x_wconf 69' lang='lat' dir='ltr'><strong>mentem,quam</strong></span> <span class='ocrx_word' id='word_1_679' title='bbox 3383 2262 3510 2318; x_wconf 87' lang='lat' dir='ltr'><strong>con—</strong></span> 
     </span>
    </p>
   </div>
   <div class='ocr_carea' id='block_1_99' title="bbox 1925 2316 3510 2388">
    <p class='ocr_par' dir='ltr' id='par_1_99' title="bbox 1925 2316 3510 2388">
     <span class='ocr_line' id='line_1_100' title="bbox 1925 2316 3510 2388; baseline -0.002 -16"><span class='ocrx_word' id='word_1_680' title='bbox 1925 2316 2140 2388; x_wconf 80' lang='lat' dir='ltr'><strong>ceperat</strong></span> <span class='ocrx_word' id='word_1_681' title='bbox 2165 2319 2218 2371; x_wconf 91' lang='lat' dir='ltr'><strong>in</strong></span> <span class='ocrx_word' id='word_1_682' title='bbox 2246 2318 2742 2387; x_wconf 86' lang='lat' dir='ltr'><strong>archiepiscopum,</strong></span> <span class='ocrx_word' id='word_1_683' title='bbox 2767 2317 3042 2372; x_wconf 62' lang='lat' dir='ltr'><strong>mandat-is</strong></span> <span class='ocrx_word' id='word_1_684' title='bbox 3084 2316 3510 2388; x_wconf 87' lang='lat' dir='ltr'><strong>solitoduriori-</strong></span> 
     </span>
    </p>
   </div>
   <div class='ocr_carea' id='block_1_100' title="bbox 1925 2387 3510 2457">
    <p class='ocr_par' dir='ltr' id='par_1_100' title="bbox 1925 2387 3510 2457">
     <span class='ocr_line' id='line_1_101' title="bbox 1925 2387 3510 2457; baseline -0.001 -15"><span class='ocrx_word' id='word_1_685' title='bbox 1925 2390 2027 2442; x_wconf 70' lang='lat' dir='ltr'><strong>bus</strong></span> <span class='ocrx_word' id='word_1_686' title='bbox 2058 2390 2386 2453; x_wconf 77' lang='lat' dir='ltr'><strong>detexisset,</strong></span> <span class='ocrx_word' id='word_1_687' title='bbox 2423 2390 2622 2457; x_wconf 68' lang='lat' dir='ltr'><strong>pracsul</strong></span> <span class='ocrx_word' id='word_1_688' title='bbox 2670 2389 2735 2443; x_wconf 92' lang='lat' dir='ltr'><strong>ad</strong></span> <span class='ocrx_word' id='word_1_689' title='bbox 2773 2389 3103 2443; x_wconf 82' lang='lat' dir='ltr'><strong>audientiam</strong></span> <span class='ocrx_word' id='word_1_690' title='bbox 3141 2387 3388 2452; x_wconf 87' lang='lat' dir='ltr'><strong>veniens,</strong></span> <span class='ocrx_word' id='word_1_691' title='bbox 3425 2403 3510 2457; x_wconf 46' lang='lat' dir='ltr'><strong>rae</strong></span> 
     </span>
    </p>
   </div>
   <div class='ocr_carea' id='block_1_101' title="bbox 1926 2456 3510 2528">
    <p class='ocr_par' dir='ltr' id='par_1_101' title="bbox 1926 2456 3510 2528">
     <span class='ocr_line' id='line_1_102' title="bbox 1926 2456 3510 2528; baseline -0.004 -14"><span class='ocrx_word' id='word_1_692' title='bbox 1926 2460 2074 2514; x_wconf 90' lang='lat' dir='ltr'><strong>tione</strong></span> <span class='ocrx_word' id='word_1_693' title='bbox 2109 2458 2394 2528; x_wconf 82' lang='lat' dir='ltr'><strong>etjustitia</strong></span> <span class='ocrx_word' id='word_1_694' title='bbox 2430 2456 2527 2528; x_wconf 85' lang='lat' dir='ltr'><strong>pro</strong></span> <span class='ocrx_word' id='word_1_695' title='bbox 2551 2476 2717 2515; x_wconf 89' lang='lat' dir='ltr'><strong>causa</strong></span> <span class='ocrx_word' id='word_1_696' title='bbox 2755 2477 2850 2514; x_wconf 90' lang='lat' dir='ltr'><strong>sua</strong></span> <span class='ocrx_word' id='word_1_697' title='bbox 2885 2475 3045 2528; x_wconf 84' lang='lat' dir='ltr'><strong>agere</strong></span> <span class='ocrx_word' id='word_1_698' title='bbox 3096 2458 3381 2528; x_wconf 83' lang='lat' dir='ltr'><strong>laboravit.</strong></span> <span class='ocrx_word' id='word_1_699' title='bbox 3409 2456 3510 2528; x_wconf 88' lang='lat' dir='ltr'><strong>Cui</strong></span> 
     </span>
    </p>
   </div>
   <div class='ocr_carea' id='block_1_102' title="bbox 1927 2527 3511 2600">
    <p class='ocr_par' dir='ltr' id='par_1_102' title="bbox 1927 2527 3511 2600">
     <span class='ocr_line' id='line_1_103' title="bbox 1927 2527 3511 2600; baseline -0.003 -16"><span class='ocrx_word' id='word_1_700' title='bbox 1927 2527 2190 2584; x_wconf 82' lang='lat' dir='ltr'><strong>facultate</strong></span> <span class='ocrx_word' id='word_1_701' title='bbox 2230 2527 2555 2598; x_wconf 27' lang='lat' dir='ltr'><strong>crepta’hac</strong></span> <span class='ocrx_word' id='word_1_702' title='bbox 2600 2527 2981 2600; x_wconf 83' lang='lat' dir='ltr'><strong>progrediendi</strong></span> <span class='ocrx_word' id='word_1_703' title='bbox 3022 2529 3139 2600; x_wconf 83' lang='lat' dir='ltr'><strong>via,</strong></span> <span class='ocrx_word' id='word_1_704' title='bbox 3195 2527 3410 2600; x_wconf 83' lang='lat' dir='ltr'><strong>tandem</strong></span> <span class='ocrx_word' id='word_1_705' title='bbox 3453 2527 3511 2600; x_wconf 81' lang='lat' dir='ltr'><strong>in</strong></span> 
     </span>
    </p>
   </div>
   <div class='ocr_carea' id='block_1_103' title="bbox 1927 2597 3512 2669">
    <p class='ocr_par' dir='ltr' id='par_1_103' title="bbox 1927 2597 3512 2669">
     <span class='ocr_line' id='line_1_104' title="bbox 1927 2597 3512 2669; baseline -0.003 -16"><span class='ocrx_word' id='word_1_706' title='bbox 1927 2601 2042 2654; x_wconf 65' lang='lat' dir='ltr'><strong>inec</strong></span> <span class='ocrx_word' id='word_1_707' title='bbox 2063 2601 2226 2653; x_wconf 90' lang='lat' dir='ltr'><strong>verba</strong></span> <span class='ocrx_word' id='word_1_708' title='bbox 2273 2597 2522 2669; x_wconf 79' lang='lat' dir='ltr'><strong>prorupit</strong></span> <span class='ocrx_word' id='word_1_709' title='bbox 2562 2619 2573 2653; x_wconf 91' lang='lat'>:</span> <span class='ocrx_word' id='word_1_710' title='bbox 2600 2597 2726 2654; x_wconf 37' lang='lat' dir='ltr'><strong>ilex“</strong></span> <span class='ocrx_word' id='word_1_711' title='bbox 2747 2599 3223 2664; x_wconf 78' lang='lat' dir='ltr'><strong>excellentissime,</strong></span> <span class='ocrx_word' id='word_1_712' title='bbox 3272 2597 3512 2652; x_wconf 76' lang='lat' dir='ltr'><strong>cculestis</strong></span> 
     </span>
    </p>
   </div>
   <div class='ocr_carea' id='block_1_104' title="bbox 1937 2668 3512 2740">
    <p class='ocr_par' dir='ltr' id='par_1_104' title="bbox 1937 2668 3512 2740">
     <span class='ocr_line' id='line_1_105' title="bbox 1937 2668 3512 2740; baseline -0.003 -17"><span class='ocrx_word' id='word_1_713' title='bbox 1937 2669 2098 2740; x_wconf 77' lang='lat' dir='ltr'><strong>[legis</strong></span> <span class='ocrx_word' id='word_1_714' title='bbox 2122 2668 2340 2735; x_wconf 83' lang='lat' dir='ltr'><strong>intuitu,</strong></span> <span class='ocrx_word' id='word_1_715' title='bbox 2366 2671 2742 2740; x_wconf 83' lang='lat' dir='ltr'><strong>cujuscunque</strong></span> <span class='ocrx_word' id='word_1_716' title='bbox 2765 2669 3048 2724; x_wconf 73' lang='lat' dir='ltr'><strong>discordia:</strong></span> <span class='ocrx_word' id='word_1_717' title='bbox 3063 2678 3158 2722; x_wconf 86' lang='lat' dir='ltr'><strong>aut</strong></span> <span class='ocrx_word' id='word_1_718' title='bbox 3172 2668 3280 2722; x_wconf 91' lang='lat' dir='ltr'><strong>odii</strong></span> <span class='ocrx_word' id='word_1_719' title='bbox 3308 2669 3512 2740; x_wconf 81' lang='lat' dir='ltr'><strong>malum</strong></span> 
     </span>
    </p>
   </div>
   <div class='ocr_carea' id='block_1_105' title="bbox 1926 2738 3512 2810">
    <p class='ocr_par' dir='ltr' id='par_1_105' title="bbox 1926 2738 3512 2810">
     <span class='ocr_line' id='line_1_106' title="bbox 1926 2738 3512 2810; baseline -0.002 -17"><span class='ocrx_word' id='word_1_720' title='bbox 1926 2742 2007 2793; x_wconf 85' lang='lat' dir='ltr'><strong>vel</strong></span> <span class='ocrx_word' id='word_1_721' title='bbox 2026 2738 2143 2794; x_wconf 78' lang='lat' dir='ltr'><strong>hoc</strong></span> <span class='ocrx_word' id='word_1_722' title='bbox 2175 2755 2320 2794; x_wconf 89' lang='lat' dir='ltr'><strong>anno</strong></span> <span class='ocrx_word' id='word_1_723' title='bbox 2360 2738 2466 2793; x_wconf 86' lang='lat' dir='ltr'><strong>non</strong></span> <span class='ocrx_word' id='word_1_724' title='bbox 2520 2738 2808 2810; x_wconf 62' lang='lat' dir='ltr'><strong>praevaleat</strong></span> <span class='ocrx_word' id='word_1_725' title='bbox 2833 2740 2974 2794; x_wconf 89' lang='lat' dir='ltr'><strong>inter</strong></span> <span class='ocrx_word' id='word_1_726' title='bbox 3003 2755 3125 2802; x_wconf 90' lang='lat' dir='ltr'><strong>nos,</strong></span> <span class='ocrx_word' id='word_1_727' title='bbox 3165 2738 3512 2808; x_wconf 88' lang='lat' dir='ltr'><strong>quandoqui-</strong></span> 
     </span>
    </p>
   </div>
   <div class='ocr_carea' id='block_1_106' title="bbox 1927 2810 3513 2880">
    <p class='ocr_par' dir='ltr' id='par_1_106' title="bbox 1927 2810 3513 2880">
     <span class='ocr_line' id='line_1_107' title="bbox 1927 2810 3513 2880; baseline -0.003 -15"><span class='ocrx_word' id='word_1_728' title='bbox 1927 2811 2050 2866; x_wconf 87' lang='lat' dir='ltr'><strong>dem</strong></span> <span class='ocrx_word' id='word_1_729' title='bbox 2084 2827 2228 2864; x_wconf 88' lang='lat' dir='ltr'><strong>anno</strong></span> <span class='ocrx_word' id='word_1_730' title='bbox 2251 2811 2501 2879; x_wconf 74' lang='lat' dir='ltr'><strong>proximo</strong></span> <span class='ocrx_word' id='word_1_731' title='bbox 2527 2811 2659 2880; x_wconf 91' lang='lat' dir='ltr'><strong>quid</strong></span> <span class='ocrx_word' id='word_1_732' title='bbox 2683 2827 2784 2865; x_wconf 89' lang='lat' dir='ltr'><strong>nos</strong></span> <span class='ocrx_word' id='word_1_733' title='bbox 2833 2818 3068 2875; x_wconf 87' lang='lat' dir='ltr'><strong>maneat,</strong></span> <span class='ocrx_word' id='word_1_734' title='bbox 3100 2810 3378 2880; x_wconf 10' lang='lat' dir='ltr'><strong>rmct‘ttinm</strong></span> <span class='ocrx_word' id='word_1_735' title='bbox 3413 2824 3513 2861; x_wconf 88' lang='lat' dir='ltr'><strong>no-</strong></span> 
     </span>
    </p>
   </div>
   <div class='ocr_carea' id='block_1_107' title="bbox 1929 2879 3510 2950">
    <p class='ocr_par' dir='ltr' id='par_1_107' title="bbox 1929 2879 3510 2950">
     <span class='ocr_line' id='line_1_108' title="bbox 1929 2879 3510 2950; baseline -0.004 -14"><span class='ocrx_word' id='word_1_736' title='bbox 1929 2891 2165 2936; x_wconf 88' lang='lat' dir='ltr'><strong>strarum</strong></span> <span class='ocrx_word' id='word_1_737' title='bbox 2195 2897 2340 2935; x_wconf 91' lang='lat' dir='ltr'><strong>nunc</strong></span> <span class='ocrx_word' id='word_1_738' title='bbox 2367 2879 2658 2950; x_wconf 75' lang='lat' dir='ltr'><strong>penetralia</strong></span> <span class='ocrx_word' id='word_1_739' title='bbox 2698 2883 2843 2936; x_wconf 88' lang='lat' dir='ltr'><strong>latet.</strong></span> <span class='ocrx_word' id='word_1_740' title='bbox 2875 2880 3006 2947; x_wconf 74' lang='lat' dir='ltr'><strong>Qua:</strong></span> <span class='ocrx_word' id='word_1_741' title='bbox 3057 2879 3263 2944; x_wconf 86' lang='lat' dir='ltr'><strong>dicens,</strong></span> <span class='ocrx_word' id='word_1_742' title='bbox 3305 2894 3510 2949; x_wconf 82' lang='lat' dir='ltr'><strong>regem,</strong></span> 
     </span>
    </p>
   </div>
   <div class='ocr_carea' id='block_1_108' title="bbox 1971 2951 3514 3022">
    <p class='ocr_par' dir='ltr' id='par_1_108' title="bbox 1971 2951 3514 3022">
     <span class='ocr_line' id='line_1_109' title="bbox 1971 2951 3514 3022; baseline -0.003 -16"><span class='ocrx_word' id='word_1_743' title='bbox 1971 2968 2090 3006; x_wconf 86' lang='lat' dir='ltr'><strong>uem</strong></span> <span class='ocrx_word' id='word_1_744' title='bbox 2122 2952 2442 3022; x_wconf 71' lang='lat' dir='ltr'><strong>prtesciebat</strong></span> <span class='ocrx_word' id='word_1_745' title='bbox 2470 2952 2571 3007; x_wconf 89' lang='lat' dir='ltr'><strong>hoc</strong></span> <span class='ocrx_word' id='word_1_746' title='bbox 2609 2953 2728 3021; x_wconf 88' lang='lat' dir='ltr'><strong>ipso</strong></span> <span class='ocrx_word' id='word_1_747' title='bbox 2754 2968 2899 3006; x_wconf 85' lang='lat' dir='ltr'><strong>anno</strong></span> <span class='ocrx_word' id='word_1_748' title='bbox 2927 2951 3276 3022; x_wconf 87' lang='lat' dir='ltr'><strong>moriturum,</strong></span> <span class='ocrx_word' id='word_1_749' title='bbox 3325 2966 3514 3022; x_wconf 38' lang='lat' dir='ltr'><strong>curent</strong></span> 
     </span>
    </p>
   </div>
   <div class='ocr_carea' id='block_1_109' title="bbox 1928 2969 3516 3078">
    <p class='ocr_par' dir='ltr' id='par_1_109' title="bbox 1928 2969 3516 3078">
     <span class='ocr_line' id='line_1_110' title="bbox 1971 2969 3514 3022; baseline -0.003 -16"><span class='ocrx_word' id='word_1_750' title='bbox 1971 2969 2090 3006; x_wconf 86' lang='lat' dir='ltr'><strong>uem</strong></span> <span class='ocrx_word' id='word_1_751' title='bbox 2122 2969 2442 3022; x_wconf 72' lang='lat' dir='ltr'><strong>prmscrenat</strong></span> <span class='ocrx_word' id='word_1_752' title='bbox 2470 2969 2571 3007; x_wconf 92' lang='lat' dir='ltr'><strong>noc</strong></span> <span class='ocrx_word' id='word_1_753' title='bbox 2609 2969 2728 3021; x_wconf 82' lang='lat' dir='ltr'><strong>ipso</strong></span> <span class='ocrx_word' id='word_1_754' title='bbox 2754 2969 2899 3006; x_wconf 85' lang='lat' dir='ltr'><strong>anno</strong></span> <span class='ocrx_word' id='word_1_755' title='bbox 2927 2969 3276 3015; x_wconf 80' lang='lat' dir='ltr'><strong>ﬂlOl‘llUl&#39;llm,</strong></span> <span class='ocrx_word' id='word_1_756' title='bbox 3325 2969 3514 3004; x_wconf 88' lang='lat' dir='ltr'><strong>emen-</strong></span> 
     </span>
     <span class='ocr_line' id='line_1_111' title="bbox 1928 2969 3516 3078; baseline -0.002 -1"><span class='ocrx_word' id='word_1_757' title='bbox 1928 2969 2166 3077; x_wconf 61' lang='lat' dir='ltr'><strong>iiationis</strong></span> <span class='ocrx_word' id='word_1_758' title='bbox 2204 3023 2329 3077; x_wconf 81' lang='lat' dir='ltr'><strong>vitae</strong></span> <span class='ocrx_word' id='word_1_759' title='bbox 2365 3023 2518 3078; x_wconf 86' lang='lat' dir='ltr'><strong>nisus</strong></span> <span class='ocrx_word' id='word_1_760' title='bbox 2563 3032 2646 3078; x_wconf 87' lang='lat' dir='ltr'><strong>est</strong></span> <span class='ocrx_word' id='word_1_761' title='bbox 2691 3023 2755 3078; x_wconf 83' lang='lat' dir='ltr'><strong>ad</strong></span> <span class='ocrx_word' id='word_1_762' title='bbox 2799 3022 3047 3077; x_wconf 87' lang='lat' dir='ltr'><strong>semitam</strong></span> <span class='ocrx_word' id='word_1_763' title='bbox 3091 3021 3372 3076; x_wconf 87' lang='lat' dir='ltr'><strong>reducere.</strong></span> <span class='ocrx_word' id='word_1_764' title='bbox 3407 3019 3516 3074; x_wconf 85' lang='lat' dir='ltr'><strong>Sed</strong></span> 
     </span>
    </p>
   </div>
   <div class='ocr_carea' id='block_1_110' title="bbox 1931 3090 3514 3173">
    <p class='ocr_par' dir='ltr' id='par_1_110' title="bbox 1931 3090 3514 3173">
     <span class='ocr_line' id='line_1_112' title="bbox 1931 3090 3514 3173; baseline -0.001 -26"><span class='ocrx_word' id='word_1_765' title='bbox 1931 3093 2305 3173; x_wconf 67' lang='lat' dir='ltr'><strong>crescentibus</strong></span> <span class='ocrx_word' id='word_1_766' title='bbox 2337 3107 2431 3173; x_wconf 77' lang='lat' dir='ltr'><strong>per</strong></span> <span class='ocrx_word' id='word_1_767' title='bbox 2453 3093 2568 3173; x_wconf 80' lang='lat' dir='ltr'><strong>dies</strong></span> <span class='ocrx_word' id='word_1_768' title='bbox 2584 3094 2706 3148; x_wconf 92' lang='lat' dir='ltr'><strong>aliis</strong></span> <span class='ocrx_word' id='word_1_769' title='bbox 2747 3103 2909 3173; x_wconf 80' lang='lat' dir='ltr'><strong>atque</strong></span> <span class='ocrx_word' id='word_1_770' title='bbox 2940 3091 3171 3173; x_wconf 44' lang='lat' dir='ltr'><strong>aliisucx.</strong></span> <span class='ocrx_word' id='word_1_771' title='bbox 3196 3090 3380 3173; x_wconf 63' lang='lat' dir='ltr'><strong>causis</strong></span> <span class='ocrx_word' id='word_1_772' title='bbox 3401 3090 3514 3171; x_wconf 76' lang='lat' dir='ltr'><strong>dis-</strong></span> 
     </span>
    </p>
   </div>
   <div class='ocr_carea' id='block_1_111' title="bbox 1932 3159 3514 3232">
    <p class='ocr_par' dir='ltr' id='par_1_111' title="bbox 1932 3159 3514 3232">
     <span class='ocr_line' id='line_1_113' title="bbox 1932 3159 3514 3232; baseline -0.001 -17"><span class='ocrx_word' id='word_1_773' title='bbox 1932 3165 2241 3218; x_wconf 81' lang='lat' dir='ltr'><strong>cordiarum</strong></span> <span class='ocrx_word' id='word_1_774' title='bbox 2275 3159 2469 3232; x_wconf 85' lang='lat' dir='ltr'><strong>Spinis,</strong></span> <span class='ocrx_word' id='word_1_775' title='bbox 2521 3164 2715 3218; x_wconf 85' lang='lat' dir='ltr'><strong>iterum</strong></span> <span class='ocrx_word' id='word_1_776' title='bbox 2748 3159 2957 3218; x_wconf 77' lang='lat' dir='ltr'><strong>curiam</strong></span> <span class='ocrx_word' id='word_1_777' title='bbox 2994 3162 3127 3216; x_wconf 89' lang='lat' dir='ltr'><strong>adiit</strong></span> <span class='ocrx_word' id='word_1_778' title='bbox 3161 3161 3213 3215; x_wconf 90' lang='lat' dir='ltr'><strong>in</strong></span> <span class='ocrx_word' id='word_1_779' title='bbox 3245 3159 3514 3232; x_wconf 80' lang='lat' dir='ltr'><strong>Goslaria,</strong></span> 
     </span>
    </p>
   </div>
   <div class='ocr_carea' id='block_1_112' title="bbox 1934 3230 3517 3306">
    <p class='ocr_par' dir='ltr' id='par_1_112' title="bbox 1934 3230 3517 3306">
     <span class='ocr_line' id='line_1_114' title="bbox 1934 3230 3517 3306; baseline -0.003 -18"><span class='ocrx_word' id='word_1_780' title='bbox 1934 3251 2045 3306; x_wconf 92' lang='lat' dir='ltr'><strong>quo</strong></span> <span class='ocrx_word' id='word_1_781' title='bbox 2078 3251 2173 3305; x_wconf 86' lang='lat' dir='ltr'><strong>per</strong></span> <span class='ocrx_word' id='word_1_782' title='bbox 2213 3230 2354 3288; x_wconf 80' lang='lat' dir='ltr'><strong>idem</strong></span> <span class='ocrx_word' id='word_1_783' title='bbox 2412 3243 2645 3305; x_wconf 85' lang='lat' dir='ltr'><strong>tempus,</strong></span> <span class='ocrx_word' id='word_1_784' title='bbox 2699 3251 2895 3306; x_wconf 81' lang='lat' dir='ltr'><strong>magna</strong></span> <span class='ocrx_word' id='word_1_785' title='bbox 2932 3232 3278 3306; x_wconf 79' lang='lat' dir='ltr'><strong>totius_regni</strong></span> <span class='ocrx_word' id='word_1_786' title='bbox 3315 3230 3517 3306; x_wconf 83' lang='lat' dir='ltr'><strong>princi-</strong></span> 
     </span>
    </p>
   </div>
   <div class='ocr_carea' id='block_1_113' title="bbox 1973 3301 3530 3374">
    <p class='ocr_par' dir='ltr' id='par_1_113' title="bbox 1973 3301 3530 3374">
     <span class='ocr_line' id='line_1_115' title="bbox 1973 3301 3530 3374; baseline -0.001 -17"><span class='ocrx_word' id='word_1_787' title='bbox 1973 3301 2497 3374; x_wconf 47' lang='lat' dir='ltr'><strong>nm—expectatione,</strong></span> <span class='ocrx_word' id='word_1_788' title='bbox 2524 3301 2874 3360; x_wconf 51' lang='lat' dir='ltr'><strong>&#39;venerabilis</strong></span> <span class='ocrx_word' id='word_1_789' title='bbox 2904 3319 3041 3374; x_wconf 88' lang='lat' dir='ltr'><strong>papa</strong></span> <span class='ocrx_word' id='word_1_790' title='bbox 3084 3301 3288 3374; x_wconf 82' lang='lat' dir='ltr'><strong>Victor,</strong></span> <span class='ocrx_word' id='word_1_791' title='bbox 3326 3301 3419 3371; x_wconf 90' lang='lat' dir='ltr'><strong>qui</strong></span> <span class='ocrx_word' id='word_1_792' title='bbox 3464 3311 3530 3355; x_wconf 72' lang='lat' dir='ltr'><strong>et.</strong></span> 
     </span>
    </p>
   </div>
   <div class='ocr_carea' id='block_1_114' title="bbox 1932 3323 3514 3444">
    <p class='ocr_par' dir='ltr' id='par_1_114' title="bbox 1932 3323 3514 3444">
     <span class='ocr_line' id='line_1_116' title="bbox 1973 3323 3514 3374; baseline -0.001 -17"><span class='ocrx_word' id='word_1_793' title='bbox 1973 3323 2060 3358; x_wconf 88' lang='lat' dir='ltr'><strong>nm</strong></span> <span class='ocrx_word' id='word_1_794' title='bbox 2102 3323 2497 3374; x_wconf 80' lang='lat' dir='ltr'><strong>expecmttone,</strong></span> <span class='ocrx_word' id='word_1_795' title='bbox 2548 3323 2874 3360; x_wconf 78' lang='lat' dir='ltr'><strong>veneramus</strong></span> <span class='ocrx_word' id='word_1_796' title='bbox 2904 3323 3041 3374; x_wconf 88' lang='lat' dir='ltr'><strong>papa</strong></span> <span class='ocrx_word' id='word_1_797' title='bbox 3089 3323 3288 3366; x_wconf 71' lang='lat' dir='ltr'><strong>Victor,</strong></span> <span class='ocrx_word' id='word_1_798' title='bbox 3326 3323 3419 3371; x_wconf 76' lang='lat' dir='ltr'><strong>qui</strong></span> <span class='ocrx_word' id='word_1_799' title='bbox 3464 3323 3514 3355; x_wconf 75' lang='lat' dir='ltr'><strong>cu</strong></span> 
     </span>
     <span class='ocr_line' id='line_1_117' title="bbox 1932 3323 3514 3444; baseline -0.004 -14"><span class='ocrx_word' id='word_1_800' title='bbox 1932 3323 2307 3440; x_wconf 55' lang='lat' dir='ltr'><strong>iicbcbardus,</strong></span> <span class='ocrx_word' id='word_1_801' title='bbox 2341 3386 2686 3431; x_wconf 85' lang='lat' dir='ltr'><strong>convenerat.</strong></span> <span class='ocrx_word' id='word_1_802' title='bbox 2717 3375 2831 3431; x_wconf 91' lang='lat' dir='ltr'><strong>lllic</strong></span> <span class='ocrx_word' id='word_1_803' title='bbox 2864 3373 3183 3444; x_wconf 87' lang='lat' dir='ltr'><strong>compositis</strong></span> <span class='ocrx_word' id='word_1_804' title='bbox 3214 3381 3514 3444; x_wconf 12' lang='lat' dir='ltr'><strong>introrum-</strong></span> 
     </span>
    </p>
   </div>
   <div class='ocr_carea' id='block_1_115' title="bbox 1933 3443 3518 3516">
    <p class='ocr_par' dir='ltr' id='par_1_115' title="bbox 1933 3443 3518 3516">
     <span class='ocr_line' id='line_1_118' title="bbox 1933 3443 3518 3516; baseline -0.004 -16"><span class='ocrx_word' id='word_1_805' title='bbox 1933 3463 2039 3516; x_wconf 85' lang='lat' dir='ltr'><strong>que</strong></span> <span class='ocrx_word' id='word_1_806' title='bbox 2062 3446 2260 3501; x_wconf 89' lang='lat' dir='ltr'><strong>animis</strong></span> <span class='ocrx_word' id='word_1_807' title='bbox 2295 3446 2346 3499; x_wconf 91' lang='lat' dir='ltr'><strong>in</strong></span> <span class='ocrx_word' id='word_1_808' title='bbox 2400 3445 2601 3516; x_wconf 85' lang='lat' dir='ltr'><strong>prioris</strong></span> <span class='ocrx_word' id='word_1_809' title='bbox 2635 3446 2887 3501; x_wconf 75' lang='lat' dir='ltr'><strong>amiciti-.e</strong></span> <span class='ocrx_word' id='word_1_810' title='bbox 2914 3443 3136 3510; x_wconf 85' lang='lat' dir='ltr'><strong>statum,</strong></span> <span class='ocrx_word' id='word_1_811' title='bbox 3173 3443 3518 3516; x_wconf 73' lang='lat' dir='ltr'><strong>discessurus</strong></span> 
     </span>
    </p>
   </div>
   <div class='ocr_carea' id='block_1_116' title="bbox 1934 3511 3513 3586">
    <p class='ocr_par' dir='ltr' id='par_1_116' title="bbox 1934 3511 3513 3586">
     <span class='ocr_line' id='line_1_119' title="bbox 1934 3511 3513 3586; baseline -0.005 -14"><span class='ocrx_word' id='word_1_812' title='bbox 1934 3511 2307 3585; x_wconf 73' lang='lat' dir='ltr'><strong>archiprzesul,</strong></span> <span class='ocrx_word' id='word_1_813' title='bbox 2369 3511 2447 3574; x_wconf 85' lang='lat' dir='ltr'><strong>sic</strong></span> <span class='ocrx_word' id='word_1_814' title='bbox 2503 3517 2811 3572; x_wconf 87' lang='lat' dir='ltr'><strong>sciscitatus</strong></span> <span class='ocrx_word' id='word_1_815' title='bbox 2866 3526 2950 3572; x_wconf 90' lang='lat' dir='ltr'><strong>est</strong></span> <span class='ocrx_word' id='word_1_816' title='bbox 3006 3530 3188 3586; x_wconf 80' lang='lat' dir='ltr'><strong>regem</strong></span> <span class='ocrx_word' id='word_1_817' title='bbox 3217 3511 3513 3586; x_wconf 69' lang='lat' dir='ltr'><strong>:Nunquid</strong></span> 
     </span>
    </p>
   </div>
   <div class='ocr_carea' id='block_1_117' title="bbox 1935 3585 3518 3657">
    <p class='ocr_par' dir='ltr' id='par_1_117' title="bbox 1935 3585 3518 3657">
     <span class='ocr_line' id='line_1_120' title="bbox 1935 3585 3518 3657; baseline -0.003 -16"><span class='ocrx_word' id='word_1_818' title='bbox 1935 3587 2242 3642; x_wconf 87' lang='lat' dir='ltr'><strong>dilectionis</strong></span> <span class='ocrx_word' id='word_1_819' title='bbox 2275 3597 2329 3641; x_wconf 90' lang='lat' dir='ltr'><strong>et</strong></span> <span class='ocrx_word' id='word_1_820' title='bbox 2357 3587 2546 3657; x_wconf 69' lang='lat' dir='ltr'><strong>gratia:</strong></span> <span class='ocrx_word' id='word_1_821' title='bbox 2578 3597 2770 3643; x_wconf 67' lang='lat' dir='ltr'><strong>vestra:</strong></span> <span class='ocrx_word' id='word_1_822' title='bbox 2801 3588 3059 3643; x_wconf 87' lang='lat' dir='ltr'><strong>recedens</strong></span> <span class='ocrx_word' id='word_1_823' title='bbox 3083 3585 3286 3640; x_wconf 84' lang='lat' dir='ltr'><strong>amodo</strong></span> <span class='ocrx_word' id='word_1_824' title='bbox 3335 3593 3518 3657; x_wconf 69' lang='lat' dir='ltr'><strong>certus</strong></span> 
     </span>
    </p>
   </div>
   <div class='ocr_carea' id='block_1_118' title="bbox 1933 3653 3520 3739">
    <p class='ocr_par' dir='ltr' id='par_1_118' title="bbox 1933 3653 3520 3739">
     <span class='ocr_line' id='line_1_121' title="bbox 1933 3653 3520 3739; baseline -0.004 -27"><span class='ocrx_word' id='word_1_825' title='bbox 1933 3659 2074 3739; x_wconf 76' lang='lat' dir='ltr'><strong>cro?</strong></span> <span class='ocrx_word' id='word_1_826' title='bbox 2109 3657 2163 3711; x_wconf 88' lang='lat' dir='ltr'><strong>Id</strong></span> <span class='ocrx_word' id='word_1_827' title='bbox 2190 3672 2313 3739; x_wconf 82' lang='lat' dir='ltr'><strong>rege</strong></span> <span class='ocrx_word' id='word_1_828' title='bbox 2337 3653 2481 3739; x_wconf 55' lang='lat' dir='ltr'><strong>haud</strong></span> <span class='ocrx_word' id='word_1_829' title='bbox 2506 3658 2665 3739; x_wconf 77' lang='lat' dir='ltr'><strong>aliter</strong></span> <span class='ocrx_word' id='word_1_830' title='bbox 2697 3675 2754 3714; x_wconf 91' lang='lat' dir='ltr'><strong>sc</strong></span> <span class='ocrx_word' id='word_1_831' title='bbox 2790 3659 2988 3712; x_wconf 88' lang='lat' dir='ltr'><strong>habere</strong></span> <span class='ocrx_word' id='word_1_832' title='bbox 3016 3653 3520 3739; x_wconf 49' lang='lat' dir='ltr'><strong>testante,Isubjtttt—</strong></span> 
     </span>
    </p>
   </div>
   <div class='ocr_carea' id='block_1_119' title="bbox 1937 3725 3517 3797">
    <p class='ocr_par' dir='ltr' id='par_1_119' title="bbox 1937 3725 3517 3797">
     <span class='ocr_line' id='line_1_122' title="bbox 1937 3725 3517 3797; baseline -0.005 -15"><span class='ocrx_word' id='word_1_833' title='bbox 1937 3729 2014 3783; x_wconf 90' lang='lat' dir='ltr'><strong>xit</strong></span> <span class='ocrx_word' id='word_1_834' title='bbox 2036 3738 2198 3797; x_wconf 89' lang='lat' dir='ltr'><strong>atque</strong></span> <span class='ocrx_word' id='word_1_835' title='bbox 2218 3725 2294 3782; x_wconf 87' lang='lat' dir='ltr'><strong>ait</strong></span> <span class='ocrx_word' id='word_1_836' title='bbox 2323 3747 2336 3782; x_wconf 91' lang='lat'>:</span> <span class='ocrx_word' id='word_1_837' title='bbox 2378 3729 2526 3790; x_wconf 83' lang='lat' dir='ltr'><strong>Scio,</strong></span> <span class='ocrx_word' id='word_1_838' title='bbox 2552 3729 2668 3784; x_wconf 89' lang='lat' dir='ltr'><strong>scio</strong></span> <span class='ocrx_word' id='word_1_839' title='bbox 2691 3745 2797 3781; x_wconf 80' lang='lat' dir='ltr'><strong>non</strong></span> <span class='ocrx_word' id='word_1_840' title='bbox 2830 3743 2930 3781; x_wconf 90' lang='lat' dir='ltr'><strong>nos</strong></span> <span class='ocrx_word' id='word_1_841' title='bbox 2949 3725 3152 3781; x_wconf 87' lang='lat' dir='ltr'><strong>mutuis</strong></span> <span class='ocrx_word' id='word_1_842' title='bbox 3176 3726 3230 3778; x_wconf 91' lang='lat' dir='ltr'><strong>in</strong></span> <span class='ocrx_word' id='word_1_843' title='bbox 3261 3725 3366 3778; x_wconf 86' lang='lat' dir='ltr'><strong>hoc</strong></span> <span class='ocrx_word' id='word_1_844' title='bbox 3395 3739 3517 3797; x_wconf 78' lang='lat' dir='ltr'><strong>eor—</strong></span> 
     </span>
    </p>
   </div>
   <div class='ocr_carea' id='block_1_120' title="bbox 1937 3795 3520 3880">
    <p class='ocr_par' dir='ltr' id='par_1_120' title="bbox 1937 3795 3520 3880">
     <span class='ocr_line' id='line_1_123' title="bbox 1937 3795 3520 3880; baseline -0.004 -28"><span class='ocrx_word' id='word_1_845' title='bbox 1937 3815 2068 3880; x_wconf 87' lang='lat' dir='ltr'><strong>pore</strong></span> <span class='ocrx_word' id='word_1_846' title='bbox 2103 3795 2356 3879; x_wconf 81' lang='lat' dir='ltr'><strong>deinceps</strong></span> <span class='ocrx_word' id='word_1_847' title='bbox 2410 3798 2678 3880; x_wconf 78' lang='lat' dir='ltr'><strong>fruituros</strong></span> <span class='ocrx_word' id='word_1_848' title='bbox 2730 3798 3060 3880; x_wconf 58' lang='lat' dir='ltr'><strong>aspectibus,</strong></span> <span class='ocrx_word' id='word_1_849' title='bbox 3098 3810 3334 3880; x_wconf 79' lang='lat' dir='ltr'><strong>quorum</strong></span> <span class='ocrx_word' id='word_1_850' title='bbox 3383 3795 3520 3874; x_wconf 77' lang='lat' dir='ltr'><strong>alter</strong></span> 
     </span>
    </p>
   </div>
   <div class='ocr_carea' id='block_1_121' title="bbox 1939 3869 3521 3938">
    <p class='ocr_par' dir='ltr' id='par_1_121' title="bbox 1939 3869 3521 3938">
     <span class='ocr_line' id='line_1_124' title="bbox 1939 3869 3521 3938; baseline -0.003 -16"><span class='ocrx_word' id='word_1_851' title='bbox 1939 3869 1990 3922; x_wconf 90' lang='lat' dir='ltr'><strong>in</strong></span> <span class='ocrx_word' id='word_1_852' title='bbox 2017 3877 2247 3922; x_wconf 85' lang='lat' dir='ltr'><strong>mortem</strong></span> <span class='ocrx_word' id='word_1_853' title='bbox 2276 3869 2386 3923; x_wconf 88' lang='lat' dir='ltr'><strong>cito</strong></span> <span class='ocrx_word' id='word_1_854' title='bbox 2413 3870 2675 3938; x_wconf 87' lang='lat' dir='ltr'><strong>rapietur,</strong></span> <span class='ocrx_word' id='word_1_855' title='bbox 2720 3869 2855 3923; x_wconf 89' lang='lat' dir='ltr'><strong>alter</strong></span> <span class='ocrx_word' id='word_1_856' title='bbox 2897 3869 3073 3921; x_wconf 85' lang='lat' dir='ltr'><strong>adhuc</strong></span> <span class='ocrx_word' id='word_1_857' title='bbox 3119 3869 3174 3919; x_wconf 90' lang='lat' dir='ltr'><strong>in</strong></span> <span class='ocrx_word' id='word_1_858' title='bbox 3216 3869 3521 3938; x_wconf 74' lang='lat' dir='ltr'><strong>certamine</strong></span> 
     </span>
    </p>
   </div>
   <div class='ocr_carea' id='block_1_122' title="bbox 1940 3933 3522 4008">
    <p class='ocr_par' dir='ltr' id='par_1_122' title="bbox 1940 3933 3522 4008">
     <span class='ocr_line' id='line_1_125' title="bbox 1940 3933 3522 4008; baseline -0.003 -16"><span class='ocrx_word' id='word_1_859' title='bbox 1940 3938 2298 4006; x_wconf 85' lang='lat' dir='ltr'><strong>relinquetur.</strong></span> <span class='ocrx_word' id='word_1_860' title='bbox 2362 3933 2566 3994; x_wconf 65' lang='lat' dir='ltr'><strong>ldcii-co</strong></span> <span class='ocrx_word' id='word_1_861' title='bbox 2617 3933 2796 3992; x_wconf 89' lang='lat' dir='ltr'><strong>valere</strong></span> <span class='ocrx_word' id='word_1_862' title='bbox 2827 3954 2925 3992; x_wconf 86' lang='lat' dir='ltr'><strong>vos</strong></span> <span class='ocrx_word' id='word_1_863' title='bbox 2956 3945 3171 4008; x_wconf 87' lang='lat' dir='ltr'><strong>optans,</strong></span> <span class='ocrx_word' id='word_1_864' title='bbox 3212 3935 3341 4008; x_wconf 76' lang='lat' dir='ltr'><strong>quia</strong></span> <span class='ocrx_word' id='word_1_865' title='bbox 3389 3933 3522 4008; x_wconf 83' lang='lat' dir='ltr'><strong>satis</strong></span> 
     </span>
    </p>
   </div>
   <div class='ocr_carea' id='block_1_123' title="bbox 1938 4004 3518 4078">
    <p class='ocr_par' dir='ltr' id='par_1_123' title="bbox 1938 4004 3518 4078">
     <span class='ocr_line' id='line_1_126' title="bbox 1938 4004 3518 4078; baseline -0.004 -14"><span class='ocrx_word' id='word_1_866' title='bbox 1938 4004 2216 4064; x_wconf 60' lang='lat' dir='ltr'><strong>frui-mese</strong></span> <span class='ocrx_word' id='word_1_867' title='bbox 2231 4008 2472 4078; x_wconf 89' lang='lat' dir='ltr'><strong>satisque</strong></span> <span class='ocrx_word' id='word_1_868' title='bbox 2489 4009 2778 4064; x_wconf 89' lang='lat' dir='ltr'><strong>salubriter</strong></span> <span class='ocrx_word' id='word_1_869' title='bbox 2795 4004 3208 4062; x_wconf 21' lang='lat' dir='ltr'><strong>aninneivestrte</strong></span> <span class='ocrx_word' id='word_1_870' title='bbox 3227 4004 3518 4078; x_wconf 75' lang='lat' dir='ltr'><strong>Coloniam</strong></span> 
     </span>
    </p>
   </div>
   <div class='ocr_carea' id='block_1_124' title="bbox 1939 4075 3520 4148">
    <p class='ocr_par' dir='ltr' id='par_1_124' title="bbox 1939 4075 3520 4148">
     <span class='ocr_line' id='line_1_127' title="bbox 1939 4075 3520 4148; baseline -0.004 -14"><span class='ocrx_word' id='word_1_871' title='bbox 1939 4079 2338 4147; x_wconf 85' lang='lat' dir='ltr'><strong>disposueritis,</strong></span> <span class='ocrx_word' id='word_1_872' title='bbox 2367 4075 2482 4147; x_wconf 79' lang='lat' dir='ltr'><strong>ipse</strong></span> <span class='ocrx_word' id='word_1_873' title='bbox 2535 4080 2933 4148; x_wconf 84' lang='lat' dir='ltr'><strong>qualiscunque</strong></span> <span class='ocrx_word' id='word_1_874' title='bbox 2961 4086 3146 4147; x_wconf 90' lang='lat' dir='ltr'><strong>pastor</strong></span> <span class='ocrx_word' id='word_1_875' title='bbox 3190 4077 3310 4145; x_wconf 89' lang='lat' dir='ltr'><strong>ejus</strong></span> <span class='ocrx_word' id='word_1_876' title='bbox 3340 4075 3444 4130; x_wconf 89' lang='lat' dir='ltr'><strong>hoc</strong></span> <span class='ocrx_word' id='word_1_877' title='bbox 3468 4075 3520 4128; x_wconf 93' lang='lat' dir='ltr'><strong>in</strong></span> 
     </span>
    </p>
   </div>
   <div class='ocr_carea' id='block_1_125' title="bbox 1940 4147 3518 4218">
    <p class='ocr_par' dir='ltr' id='par_1_125' title="bbox 1940 4147 3518 4218">
     <span class='ocr_line' id='line_1_128' title="bbox 1940 4147 3518 4218; baseline -0.003 -15"><span class='ocrx_word' id='word_1_878' title='bbox 1940 4149 2050 4203; x_wconf 83' lang='lat' dir='ltr'><strong>Deo</strong></span> <span class='ocrx_word' id='word_1_879' title='bbox 2101 4165 2437 4218; x_wconf 76' lang='lat' dir='ltr'><strong>praesumens</strong></span> <span class='ocrx_word' id='word_1_880' title='bbox 2487 4147 2764 4218; x_wconf 86' lang='lat' dir='ltr'><strong>polliceor.</strong></span> <span class='ocrx_word' id='word_1_881' title='bbox 2827 4147 2937 4203; x_wconf 80' lang='lat' dir='ltr'><strong>llcx</strong></span> <span class='ocrx_word' id='word_1_882' title='bbox 2983 4148 3234 4218; x_wconf 87' lang='lat' dir='ltr'><strong>protinus</strong></span> <span class='ocrx_word' id='word_1_883' title='bbox 3287 4154 3518 4218; x_wconf 86' lang='lat' dir='ltr'><strong>metum,</strong></span> 
     </span>
    </p>
   </div>
   <div class='ocr_carea' id='block_1_126' title="bbox 1939 4216 3524 4289">
    <p class='ocr_par' dir='ltr' id='par_1_126' title="bbox 1939 4216 3524 4289">
     <span class='ocr_line' id='line_1_129' title="bbox 1939 4216 3524 4289; baseline -0.003 -17"><span class='ocrx_word' id='word_1_884' title='bbox 1939 4216 2465 4289; x_wconf 71' lang='lat' dir='ltr'><strong>quenfconceperat,</strong></span> <span class='ocrx_word' id='word_1_885' title='bbox 2489 4216 2704 4289; x_wconf 79' lang='lat' dir='ltr'><strong>pallore</strong></span> <span class='ocrx_word' id='word_1_886' title='bbox 2727 4220 2908 4274; x_wconf 89' lang='lat' dir='ltr'><strong>vultus</strong></span> <span class='ocrx_word' id='word_1_887' title='bbox 2938 4216 3245 4289; x_wconf 79' lang='lat' dir='ltr'><strong>insinuans,</strong></span> <span class='ocrx_word' id='word_1_888' title='bbox 3269 4216 3339 4289; x_wconf 88' lang='lat' dir='ltr'><strong>_i_n</strong></span> <span class='ocrx_word' id='word_1_889' title='bbox 3361 4231 3524 4289; x_wconf 86' lang='lat' dir='ltr'><strong>quem</strong></span> 
     </span>
    </p>
   </div>
   <div class='ocr_carea' id='block_1_127' title="bbox 1940 4285 3540 4360">
    <p class='ocr_par' dir='ltr' id='par_1_127' title="bbox 1940 4285 3540 4360">
     <span class='ocr_line' id='line_1_130' title="bbox 1940 4285 3540 4360; baseline 0.001 -17"><span class='ocrx_word' id='word_1_890' title='bbox 1940 4285 2043 4343; x_wconf 72' lang='lat' dir='ltr'><strong>ista</strong></span> <span class='ocrx_word' id='word_1_891' title='bbox 2066 4285 2396 4356; x_wconf 78' lang='lat' dir='ltr'><strong>dicerentur,</strong></span> <span class='ocrx_word' id='word_1_892' title='bbox 2433 4285 2726 4346; x_wconf 86' lang='lat' dir='ltr'><strong>vehemens</strong></span> <span class='ocrx_word' id='word_1_893' title='bbox 2764 4289 3096 4360; x_wconf 88' lang='lat' dir='ltr'><strong>perquisitor</strong></span> <span class='ocrx_word' id='word_1_894' title='bbox 3118 4288 3238 4343; x_wconf 87' lang='lat' dir='ltr'><strong>fuit.</strong></span> <span class='ocrx_word' id='word_1_895' title='bbox 3269 4285 3397 4360; x_wconf 54' lang='lat' dir='ltr'><strong>Vos,</strong></span> <span class='ocrx_word' id='word_1_896' title='bbox 3427 4287 3540 4350; x_wconf 66' lang='lat' dir='ltr'><strong>ait,</strong></span> 
     </span>
    </p>
   </div>
   <div class='ocr_carea' id='block_1_128' title="bbox 1941 4357 3526 4431">
    <p class='ocr_par' dir='ltr' id='par_1_128' title="bbox 1941 4357 3526 4431">
     <span class='ocr_line' id='line_1_131' title="bbox 1941 4357 3526 4431; baseline -0.003 -17"><span class='ocrx_word' id='word_1_897' title='bbox 1941 4360 2057 4414; x_wconf 78' lang='lat' dir='ltr'><strong>luec</strong></span> <span class='ocrx_word' id='word_1_898' title='bbox 2085 4370 2192 4414; x_wconf 90' lang='lat' dir='ltr'><strong>tam</strong></span> <span class='ocrx_word' id='word_1_899' title='bbox 2222 4361 2393 4415; x_wconf 87' lang='lat' dir='ltr'><strong>tristis</strong></span> <span class='ocrx_word' id='word_1_900' title='bbox 2431 4357 2985 4431; x_wconf 65' lang='lat' dir='ltr'><strong>cxspcetatidmairct.</strong></span> <span class='ocrx_word' id='word_1_901' title='bbox 3033 4359 3189 4431; x_wconf 84' lang='lat' dir='ltr'><strong>Quod</strong></span> <span class='ocrx_word' id='word_1_902' title='bbox 3218 4357 3403 4431; x_wconf 77' lang='lat' dir='ltr'><strong>utique</strong></span> <span class='ocrx_word' id='word_1_903' title='bbox 3429 4373 3526 4411; x_wconf 88' lang='lat' dir='ltr'><strong>rex</strong></span> 
     </span>
    </p>
   </div>
   <div class='ocr_carea' id='block_1_129' title="bbox 1941 4428 3525 4500">
    <p class='ocr_par' dir='ltr' id='par_1_129' title="bbox 1941 4428 3525 4500">
     <span class='ocr_line' id='line_1_132' title="bbox 1941 4428 3525 4500; baseline -0.003 -16"><span class='ocrx_word' id='word_1_904' title='bbox 1941 4432 2075 4500; x_wconf 88' lang='lat' dir='ltr'><strong>ipse,</strong></span> <span class='ocrx_word' id='word_1_905' title='bbox 2116 4432 2372 4487; x_wconf 87' lang='lat' dir='ltr'><strong>velociter</strong></span> <span class='ocrx_word' id='word_1_906' title='bbox 2398 4428 2592 4486; x_wconf 80' lang='lat' dir='ltr'><strong>finiens</strong></span> <span class='ocrx_word' id='word_1_907' title='bbox 2618 4433 2805 4498; x_wconf 84' lang='lat' dir='ltr'><strong>vitam,</strong></span> <span class='ocrx_word' id='word_1_908' title='bbox 2835 4447 3025 4485; x_wconf 88' lang='lat' dir='ltr'><strong>verum</strong></span> <span class='ocrx_word' id='word_1_909' title='bbox 3079 4430 3248 4483; x_wconf 87' lang='lat' dir='ltr'><strong>fuisse</strong></span> <span class='ocrx_word' id='word_1_910' title='bbox 3277 4428 3525 4500; x_wconf 41' lang='lat' dir='ltr'><strong>declarat</strong></span> 
     </span>
    </p>
   </div>
   <div class='ocr_carea' id='block_1_130' title="bbox 1943 4496 3530 4577">
    <p class='ocr_par' dir='ltr' id='par_1_130' title="bbox 1943 4496 3530 4577">
     <span class='ocr_line' id='line_1_133' title="bbox 1943 4496 3530 4577; baseline -0.003 -23"><span class='ocrx_word' id='word_1_911' title='bbox 1943 4496 2145 4577; x_wconf 77' lang='lat' dir='ltr'><strong>vit._Eo</strong></span> <span class='ocrx_word' id='word_1_912' title='bbox 2167 4511 2349 4577; x_wconf 82' lang='lat' dir='ltr'><strong>autem</strong></span> <span class='ocrx_word' id='word_1_913' title='bbox 2394 4503 2536 4577; x_wconf 69' lang='lat' dir='ltr'><strong>viam</strong></span> <span class='ocrx_word' id='word_1_914' title='bbox 2582 4496 2851 4577; x_wconf 53' lang='lat' dir='ltr'><strong>ttt’tiversa:</strong></span> <span class='ocrx_word' id='word_1_915' title='bbox 2899 4501 3080 4577; x_wconf 71' lang='lat' dir='ltr'><strong>carnis</strong></span> <span class='ocrx_word' id='word_1_916' title='bbox 3109 4501 3376 4569; x_wconf 88' lang='lat' dir='ltr'><strong>ingresso,</strong></span> <span class='ocrx_word' id='word_1_917' title='bbox 3404 4496 3530 4577; x_wconf 76' lang='lat' dir='ltr'><strong>ﬁdei</strong></span> 
     </span>
    </p>
   </div>
   <div class='ocr_carea' id='block_1_131' title="bbox 1944 4571 3526 4636">
    <p class='ocr_par' dir='ltr' id='par_1_131' title="bbox 1944 4571 3526 4636">
     <span class='ocr_line' id='line_1_134' title="bbox 1944 4571 3526 4636; baseline -0.003 -12"><span class='ocrx_word' id='word_1_918' title='bbox 1944 4583 1998 4624; x_wconf 88' lang='lat' dir='ltr'><strong>et</strong></span> <span class='ocrx_word' id='word_1_919' title='bbox 2026 4573 2329 4627; x_wconf 85' lang='lat' dir='ltr'><strong>devotionis</strong></span> <span class='ocrx_word' id='word_1_920' title='bbox 2353 4574 2546 4628; x_wconf 82' lang='lat' dir='ltr'><strong>aﬂ&#39;cctu</strong></span> <span class='ocrx_word' id='word_1_921' title='bbox 2597 4588 2706 4627; x_wconf 88' lang='lat' dir='ltr'><strong>non</strong></span> <span class='ocrx_word' id='word_1_922' title='bbox 2738 4572 2920 4624; x_wconf 90' lang='lat' dir='ltr'><strong>minus</strong></span> <span class='ocrx_word' id='word_1_923' title='bbox 2940 4571 3216 4632; x_wconf 84' lang='lat' dir='ltr'><strong>defuncto,</strong></span> <span class='ocrx_word' id='word_1_924' title='bbox 3245 4582 3409 4636; x_wconf 85' lang='lat' dir='ltr'><strong>quam</strong></span> <span class='ocrx_word' id='word_1_925' title='bbox 3439 4571 3526 4620; x_wconf 86' lang='lat' dir='ltr'><strong>vi-</strong></span> 
     </span>
    </p>
   </div>
   <div class='ocr_carea' id='block_1_132' title="bbox 1942 4637 3527 4710">
    <p class='ocr_par' dir='ltr' id='par_1_132' title="bbox 1942 4637 3527 4710">
     <span class='ocr_line' id='line_1_135' title="bbox 1942 4637 3527 4710; baseline -0.003 -17"><span class='ocrx_word' id='word_1_926' title='bbox 1942 4643 2109 4706; x_wconf 86' lang='lat' dir='ltr'><strong>venti,</strong></span> <span class='ocrx_word' id='word_1_927' title='bbox 2145 4658 2300 4696; x_wconf 89' lang='lat' dir='ltr'><strong>sacer</strong></span> <span class='ocrx_word' id='word_1_928' title='bbox 2333 4644 2530 4710; x_wconf 66' lang='lat' dir='ltr'><strong>praesul</strong></span> <span class='ocrx_word' id='word_1_929' title='bbox 2563 4643 2847 4707; x_wconf 86' lang='lat' dir='ltr'><strong>assistens,</strong></span> <span class='ocrx_word' id='word_1_930' title='bbox 2871 4639 3126 4710; x_wconf 80' lang='lat' dir='ltr'><strong>jejuniis,</strong></span> <span class='ocrx_word' id='word_1_931' title='bbox 3147 4637 3366 4710; x_wconf 76' lang='lat' dir='ltr'><strong>vigiliis,</strong></span> <span class='ocrx_word' id='word_1_932' title='bbox 3399 4651 3527 4689; x_wconf 49' lang='lat' dir='ltr'><strong>ora:</strong></span> 
     </span>
    </p>
   </div>
   <div class='ocr_carea' id='block_1_133' title="bbox 1944 4708 3534 4783">
    <p class='ocr_par' dir='ltr' id='par_1_133' title="bbox 1944 4708 3534 4783">
     <span class='ocr_line' id='line_1_136' title="bbox 1944 4708 3534 4783; baseline -0.004 -17"><span class='ocrx_word' id='word_1_933' title='bbox 1944 4711 2186 4783; x_wconf 87' lang='lat' dir='ltr'><strong>tionibus</strong></span> <span class='ocrx_word' id='word_1_934' title='bbox 2206 4723 2257 4766; x_wconf 87' lang='lat' dir='ltr'><strong>et</strong></span> <span class='ocrx_word' id='word_1_935' title='bbox 2275 4708 2655 4783; x_wconf 78' lang='lat' dir='ltr'><strong>eleemosynis,</strong></span> <span class='ocrx_word' id='word_1_936' title='bbox 2683 4708 3059 4783; x_wconf 89' lang='lat' dir='ltr'><strong>spiritualibus</strong></span> <span class='ocrx_word' id='word_1_937' title='bbox 3075 4708 3325 4783; x_wconf 64' lang='lat' dir='ltr'><strong>videlicet</strong></span> <span class='ocrx_word' id='word_1_938' title='bbox 3353 4719 3534 4760; x_wconf 75' lang='lat' dir='ltr'><strong>reme-</strong></span> 
     </span>
    </p>
   </div>
   <div class='ocr_carea' id='block_1_134' title="bbox 1945 4778 3532 4854">
    <p class='ocr_par' dir='ltr' id='par_1_134' title="bbox 1945 4778 3532 4854">
     <span class='ocr_line' id='line_1_137' title="bbox 1945 4778 3532 4854; baseline -0.004 -18"><span class='ocrx_word' id='word_1_939' title='bbox 1945 4782 2070 4854; x_wconf 87' lang='lat' dir='ltr'><strong>diis,</strong></span> <span class='ocrx_word' id='word_1_940' title='bbox 2102 4778 2573 4854; x_wconf 78' lang='lat' dir='ltr'><strong>animamdivinae</strong></span> <span class='ocrx_word' id='word_1_941' title='bbox 2602 4778 2829 4837; x_wconf 82' lang='lat' dir='ltr'><strong>bonitati</strong></span> <span class='ocrx_word' id='word_1_942' title='bbox 2873 4778 3227 4854; x_wconf 79' lang='lat' dir='ltr'><strong>reconciliare</strong></span> <span class='ocrx_word' id='word_1_943' title='bbox 3277 4791 3386 4828; x_wconf 92' lang='lat' dir='ltr'><strong>non</strong></span> <span class='ocrx_word' id='word_1_944' title='bbox 3413 4789 3532 4854; x_wconf 74' lang='lat' dir='ltr'><strong>ees-</strong></span> 
     </span>
    </p>
   </div>
   <div class='ocr_carea' id='block_1_135' title="bbox 1949 4849 3522 4921">
    <p class='ocr_par' dir='ltr' id='par_1_135' title="bbox 1949 4849 3522 4921">
     <span class='ocr_line' id='line_1_138' title="bbox 1949 4849 3522 4921; baseline -0.006 -13"><span class='ocrx_word' id='word_1_945' title='bbox 1949 4853 2105 4908; x_wconf 88' lang='lat' dir='ltr'><strong>savit.</strong></span> <span class='ocrx_word' id='word_1_946' title='bbox 2146 4851 2385 4905; x_wconf 86' lang='lat' dir='ltr'><strong>Instituit</strong></span> <span class='ocrx_word' id='word_1_947' title='bbox 2421 4863 2679 4921; x_wconf 81' lang='lat' dir='ltr'><strong>praetcrea</strong></span> <span class='ocrx_word' id='word_1_948' title='bbox 2718 4849 3009 4921; x_wconf 87' lang='lat' dir='ltr'><strong>annualem</strong></span> <span class='ocrx_word' id='word_1_949' title='bbox 3049 4849 3168 4917; x_wconf 88' lang='lat' dir='ltr'><strong>cjtts</strong></span> <span class='ocrx_word' id='word_1_950' title='bbox 3211 4849 3522 4921; x_wconf 70' lang='lat' dir='ltr'><strong>memorian</strong></span> 
     </span>
    </p>
   </div>
   <div class='ocr_carea' id='block_1_136' title="bbox 1948 4914 3540 5004">
    <p class='ocr_par' dir='ltr' id='par_1_136' title="bbox 1948 4914 3540 5004">
     <span class='ocr_line' id='line_1_139' title="bbox 1948 4914 3540 5004; baseline -0.007 -27"><span class='ocrx_word' id='word_1_951' title='bbox 1948 4922 2297 5004; x_wconf 50' lang='lat' dir='ltr'><strong>agiuflolonize</strong></span> <span class='ocrx_word' id='word_1_952' title='bbox 2328 4914 2445 4989; x_wconf 78' lang='lat' dir='ltr'><strong>ipse</strong></span> <span class='ocrx_word' id='word_1_953' title='bbox 2490 4922 2731 5004; x_wconf 61' lang='lat' dir='ltr'><strong>quandiu</strong></span> <span class='ocrx_word' id='word_1_954' title='bbox 2759 4914 3540 5004; x_wconf 35' lang='lat' dir='ltr'><strong>vixit,nunq&#39;ttamuilliusspe:</strong></span> 
     </span>
    </p>
   </div>
   <div class='ocr_carea' id='block_1_137' title="bbox 1949 4992 3544 5065">
    <p class='ocr_par' dir='ltr' id='par_1_137' title="bbox 1949 4992 3544 5065">
     <span class='ocr_line' id='line_1_140' title="bbox 1949 4992 3544 5065; baseline -0.004 -16"><span class='ocrx_word' id='word_1_955' title='bbox 1949 4992 2156 5065; x_wconf 82' lang='lat' dir='ltr'><strong>cialiter</strong></span> <span class='ocrx_word' id='word_1_956' title='bbox 2188 4992 2503 5065; x_wconf 71' lang='lat' dir='ltr'><strong>immemor.</strong></span> <span class='ocrx_word' id='word_1_957' title='bbox 2530 4992 2682 5065; x_wconf 24' lang='lat' dir='ltr'><strong>AEjus</strong></span> <span class='ocrx_word' id='word_1_958' title='bbox 2712 5005 2930 5065; x_wconf 83' lang='lat' dir='ltr'><strong>quoque</strong></span> <span class='ocrx_word' id='word_1_959' title='bbox 2979 4992 3176 5065; x_wconf 80' lang='lat' dir='ltr'><strong>lilium,</strong></span> <span class='ocrx_word' id='word_1_960' title='bbox 3209 4992 3450 5065; x_wconf 78' lang='lat' dir='ltr'><strong>nominis</strong></span> <span class='ocrx_word' id='word_1_961' title='bbox 3488 4995 3544 5042; x_wconf 84' lang='lat' dir='ltr'><strong>et</strong></span> 
     </span>
    </p>
   </div>
   <div class='ocr_carea' id='block_1_138' title="bbox 1950 5054 3548 5135">
    <p class='ocr_par' dir='ltr' id='par_1_138' title="bbox 1950 5054 3548 5135">
     <span class='ocr_line' id='line_1_141' title="bbox 1950 5054 3548 5135; baseline -0.005 -15"><span class='ocrx_word' id='word_1_962' title='bbox 1950 5063 2097 5135; x_wconf 87' lang='lat' dir='ltr'><strong>regni</strong></span> <span class='ocrx_word' id='word_1_963' title='bbox 2125 5061 2416 5135; x_wconf 79' lang='lat' dir='ltr'><strong>haeredem,</strong></span> <span class='ocrx_word' id='word_1_964' title='bbox 2441 5063 2508 5116; x_wconf 89' lang='lat' dir='ltr'><strong>ad</strong></span> <span class='ocrx_word' id='word_1_965' title='bbox 2529 5054 2794 5135; x_wconf 69' lang='lat' dir='ltr'><strong>honorem</strong></span> <span class='ocrx_word' id='word_1_966' title='bbox 2829 5054 3048 5135; x_wconf 79' lang='lat' dir='ltr'><strong>imperii</strong></span> <span class='ocrx_word' id='word_1_967' title='bbox 3081 5066 3135 5112; x_wconf 89' lang='lat' dir='ltr'><strong>et</strong></span> <span class='ocrx_word' id='word_1_968' title='bbox 3149 5054 3390 5135; x_wconf 65' lang='lat' dir='ltr'><strong>ecclesia:</strong></span> <span class='ocrx_word' id='word_1_969' title='bbox 3420 5071 3548 5135; x_wconf 78' lang='lat' dir='ltr'><strong>pro-</strong></span> 
     </span>
    </p>
   </div>
   <div class='ocr_carea' id='block_1_139' title="bbox 1948 5127 3556 5207">
    <p class='ocr_par' dir='ltr' id='par_1_139' title="bbox 1948 5127 3556 5207">
     <span class='ocr_line' id='line_1_142' title="bbox 1948 5127 3556 5207; baseline -0.002 -20"><span class='ocrx_word' id='word_1_970' title='bbox 1948 5127 2163 5207; x_wconf 66' lang='lat' dir='ltr'><strong>vectum</strong></span> <span class='ocrx_word' id='word_1_971' title='bbox 2204 5133 2445 5200; x_wconf 88' lang='lat' dir='ltr'><strong>suscepit</strong></span> <span class='ocrx_word' id='word_1_972' title='bbox 2471 5133 2840 5207; x_wconf 86' lang='lat' dir='ltr'><strong>nutriendum,</strong></span> <span class='ocrx_word' id='word_1_973' title='bbox 2867 5127 3173 5207; x_wconf 67' lang='lat' dir='ltr'><strong>multorum</strong></span> <span class='ocrx_word' id='word_1_974' title='bbox 3198 5134 3420 5207; x_wconf 53' lang='lat' dir='ltr'><strong>prpptet:</strong></span> <span class='ocrx_word' id='word_1_975' title='bbox 3436 5127 3556 5207; x_wconf 74' lang='lat' dir='ltr'><strong>hoc</strong></span> 
     </span>
    </p>
   </div>
   <div class='ocr_carea' id='block_1_140' title="bbox 1951 5194 3550 5262">
    <p class='ocr_par' dir='ltr' id='par_1_140' title="bbox 1951 5194 3550 5262">
     <span class='ocr_line' id='line_1_143' title="bbox 1951 5194 3550 5262; baseline -0.005 -1"><span class='ocrx_word' id='word_1_976' title='bbox 1951 5205 2208 5261; x_wconf 86' lang='lat' dir='ltr'><strong>invidiam</strong></span> <span class='ocrx_word' id='word_1_977' title='bbox 2233 5194 2422 5257; x_wconf 71' lang='lat' dir='ltr'><strong>contra</strong></span> <span class='ocrx_word' id='word_1_978' title='bbox 2454 5219 2513 5258; x_wconf 86' lang='lat' dir='ltr'><strong>se</strong></span> <span class='ocrx_word' id='word_1_979' title='bbox 2548 5194 2870 5262; x_wconf 87' lang='lat' dir='ltr'><strong>accendens.</strong></span> <span class='ocrx_word' id='word_1_980' title='bbox 2936 5201 3047 5259; x_wconf 87' lang='lat' dir='ltr'><strong>Sed</strong></span> <span class='ocrx_word' id='word_1_981' title='bbox 3092 5211 3200 5252; x_wconf 89' lang='lat' dir='ltr'><strong>non</strong></span> <span class='ocrx_word' id='word_1_982' title='bbox 3243 5194 3451 5251; x_wconf 88' lang='lat' dir='ltr'><strong>destitit</strong></span> <span class='ocrx_word' id='word_1_983' title='bbox 3492 5198 3550 5253; x_wconf 91' lang='lat' dir='ltr'><strong>in</strong></span> 
     </span>
    </p>
   </div>
   <div class='ocr_carea' id='block_1_141' title="bbox 1951 5265 3570 5356">
    <p class='ocr_par' dir='ltr' id='par_1_141' title="bbox 1951 5265 3570 5356">
     <span class='ocr_line' id='line_1_144' title="bbox 1951 5265 3570 5356; baseline -0.007 -23"><span class='ocrx_word' id='word_1_984' title='bbox 1951 5273 2250 5356; x_wconf 73' lang='lat' dir='ltr'><strong>laborando</strong></span> <span class='ocrx_word' id='word_1_985' title='bbox 2275 5273 2604 5356; x_wconf 66' lang='lat' dir='ltr'><strong>spefructus</strong></span> <span class='ocrx_word' id='word_1_986' title='bbox 2639 5272 2996 5356; x_wconf 70' lang='lat' dir='ltr'><strong>percipiendi,</strong></span> <span class='ocrx_word' id='word_1_987' title='bbox 3025 5265 3570 5356; x_wconf 41' lang='lat' dir='ltr'><strong>regaliteppuerum.</strong></span> 
     </span>
    </p>
   </div>
  </div>
