4028 5360
271 361 402 418 I535

1612 353 1792 409 V'I'I‘A.
1835 385 1903 394 —
1944 354 2072 411 LIB.
2116 354 2156 409 I.

3391 360 3527 417 1533

263 473 581 532 Fruetuaria
611 487 810 528 nomen
851 479 954 534 est,
986 486 1153 543 causa
1189 468 1458 543 orationis
1492 468 1842 543 divertit._Ibi
1874 474 1916 529 Α
1945 469 2098 543 ponit
2127 471 2419 543 terminum
2449 471 2586 527 mari
2613 470 2746 543 (Jer.
2773 473 2848 543 ν),
2882 492 2900 527 ι
2935 489 3028 529 rex
3054 489 3084 528 ει
3115 471 3325 530 [crvore
3349 475 3530 531 cordis

263 548 564 603 admiratus
594 543 986 598 monachorum
1019 541 1402 604 aretissimam,
1445 549 1500 594 et
1543 539 1844 594 secundum

266 617 487 689 Regula:
527 612 1309 689 institutaconversationem,
1341 611 1731 689 duodecimo:
1767 611 1847 689 eis

267 689 325 742 in
351 681 647 757 ὀνειδείῡεί
683 683 1104 757 probatissimos
1139 697 1322 757 secum
1355 681 1848 757 rediensabdtrxit,

267 767 322 814 et
349 751 445 812 eos
481 756 550 810 ad
579 751 900 810 tradendum
928 753 1119 809 Galliis
1140 751 1383 821 ejusdem
1411 751 1716 821 disciplina:
1739 751 1850 805 for-

268 829 495 890 mulam,
529 827 581 880 in
613 824 870 896 Sigeberg
895 822 1506 896 constituit,_priuribu_s
1542 821 1848 884 monachis,

268 914 410 970 quos
439 897 657 970 aliunde
681 892 974 970 asciverat,
1028 892 1324 970 honorifice
1363 892 1416 945 in
1465 893 1850 970 locpnrusuum

272 962 536 1025 remissis.
567 965 723 1032 Quod
749 966 869 1034 ejus
887 966 1090 1020 factum
1123 963 1316 1018 imitati
1351 963 1531 1034 ca‘teri
1553 962 1854 1034 Galliargm

271 1039 536 1110 episcOpi,
554 1031 661 1110 alii
685 1031 994 1110 ex__t_}orzia,
1023 1034 1115 1089 alii
1143 1049 1210 1110 ex
1233 1033 1527 1110 Cluniaco,
1553 1033 1646 1086 alii
1669 1048 1736 1087 ex
1762 1031 1852 1086 Si-

270 1103 490 1180 geberg,
514 1103 690 1180 aliiex
717 1107 842 1180 aliis
863 1103 1209 1180 monasteriis
1225 1105 1525 1180 monachos
1543 1111 1852 1180 evocantes,

269 1172 693 1235 diviniv'servitii
733 1177 978 1231 scholam
1015 1177 1070 1230 in
1111 1174 1226 1230 suis
1270 1172 1856 1244 singuliimonasteriis

272 1250 670 1305 instituerunt:
710 1247 955 1318 adeoque
978 1245 1127 1318 brevi
1167 1243 1445 1318 con_va_l_i_iit
1479 1243 1654 1298 felicis
1693 1243 1859 1318 hujus

271 1319 403 1376 facti
445 1317 742 1382 aemulatio,
780 1328 839 1372 ut
867 1313 1040 1387 pauca
1079 1317 1221 1370 intra
1249 1315 1478 1369 Galliam
1501 1313 1856 1387 monasteria

272 1391 587 1454 videamus,
629 1403 750 1456 quae
793 1384 899 1441 non
939 1387 1054 1456 jam
1086 1401 1243 1441 nova:
1284 1387 1447 1455 hujus
1498 1384 1859 1456 institutionis

273 1461 463 1531 iugum
539 1455 776 1531 subacta
805 1455 1171 1531 _rec_eperint._
1207 1456 1326 1526 Ipse
1380 1471 1511 1510 vero
1560 1455 1860 1510 monachos

272 1528 424 1594 suos,
447 1531 602 1599 juxta
633 1529 779 1598 quod
804 1528 859 1582 in
887 1528 1210 1583 Fructuaria
1239 1534 1600 1596 compererat,
1626 1539 1858 1599 cernens

274 1595 602 1656 arctissimis
651 1595 844 1654 'vivere
902 1599 1249 1668 disciplinis,
1314 1595 1380 1651 et
1428 1595 1862 1668 conversationis

272 1687 465 1726 eorum
503 1669 759 1740 opinione
797 1670 956 1740 longe
999 1667 1213 1740 lateque
1252 1668 1468 1739 vulgata
1491 1709 1506 1732 ,
1549 1668 1753 1740 multos
1794 1667 1862 1740 ad

275 1742 467 1796 mundi
490 1737 860 1809 contemptum
889 1737 1234 1805 inﬂammari,
1258 1737 1522 1802 eteorum
1547 1737 1862 1810 magisterio

274 1828 334 1867 se
362 1813 418 1866 in
453 1812 537 1865 via
569 1810 663 1864 Dei
691 1811 1022 1865 erudiendos
1051 1810 1294 1875 tradere,
1331 1824 1560 1880 magnas
1595 1809 1703 1880 Deo
1734 1823 1860 1878 gra-

277 1883 385 1938 tias
413 1882 697 1944 referebat,
727 1881 873 1951 quod
901 1896 1008 1935 non
1037 1881 1373 1936 confudisset
1407 1879 1534 1936 eum
1561 1879 1630 1934 ab
1665 1893 1862 1951 exspe-

275 1954 517 2008 ctatione
543 1967 664 2006 sua.
694 1950 922 2006 Oinnem
951 1967 1170 2021 quoque
1192 1951 1528 2021 diligentiam
1551 1950 1863 2021 adhibebat,

275 2039 344 2077 ne
378 2039 544 2092 quam
569 2039 756 2076 carum
787 2020 991 2087 rerum,
1016 2020 1216 2092 quibus
1236 2020 1486 2092 corporis
1507 2020 1865 2092 imbecillitati

274 2090 675 2149 consulendum
711 2094 815 2157 sit,
847 2090 1132 2162 penuriam
1163 2090 1518 2147 sustinerent.
1551 2090 1867 2162 Ilonorabat

277 2180 345 2218 ac
379 2165 743 2218 venerabatur
781 2161 901 2228 eos,
933 2173 994 2219 ut
1027 2164 1282 2218 dominos
1325 2178 1456 2218 suos
1497 2182 1509 2217 :
1555 2177 1655 2216 nec
1686 2161 1863 2214 solum

276 2235 485 2298 abbati,
537 2233 630 2288 sal
663 2234 886 2288 decanis
923 2235 1086 2288 etiam
1137 2234 1454 2289 monasterii
1497 2233 1570 2287 ita
1614 2231 1866 2286 subditus

276 2305 538 2374 dictoque
575 2306 959 2374 obtemperans
995 2313 1134 2368 erat,
1169 2314 1230 2358 ut
1276 2305 1343 2358 ad
1385 2304 1621 2374 primum
1672 2317 1863 2374 eorum

277 2372 594 2444 imperium,
621 2372 1022 2444 quantumlibet
1056 2375 1313 2446 gravibus
1354 2372 1582 2446 publica:
1614 2372 1719 2426 sub
1753 2372 1867 2441 pri-

276 2453 420 2500 vatas
441 2445 519 2498 rei
549 2447 778 2516 negotiis
804 2445 1098 2515 implicitus
1127 2454 1422 2510 teneretur,
1446 2445 1592 2516 illico
1618 2457 1685 2516 ex
1709 2457 1869 2497 occu-

275 2517 422 2598 patis
453 2513 704 2598 maiiilius
734 2513 1001 2597 surgeret,
1054 2525 1110 2570 et
1151 2531 1314 2598 omne
1351 2517 1494 2598 quod
1536 2513 1864 2594 jussissent,

274 2583 458 2640 instar
484 2587 608 2641 vilis
637 2583 894 2655 mancipi
923 2583 1513 2655 exsequeretur.(1ibos
1537 2597 1751 2655 summa
1783 2583 1867 2636 in—

274 2656 492 2710 dustria
533 2653 1125 2725 confectos—quotidie,
1167 2655 1296 2709 dum
1342 2657 1533 2709 adesse
1576 2653 1862 2725 potuisset,

275 2727 399 2796 ipse
415 2728 496 2780 eis
522 2725 808 2792 inferebat,
835 2723 950 2796 ipse
969 2727 1292 2796 apponebat,
1320 2727 1434 2795 ipse
1461 2733 1646 2794 potum
1673 2723 1870 2778 misce-

275 2797 397 2862 bat,
425 2797 543 2866 ipse
587 2796 746 2866 quasi
782 2797 993 2851 divinas
1032 2801 1171 2850 inter
1222 2797 1336 2850 haec
1384 2796 1871 2866 singulorumiex-

272 2865 640 2922 osculabatur
656 2882 873 2932 manus,
907 2867 1022 2932 ipse
1033 2867 1404 2921 retieientibus
1433 2865 1499 2919 ad
1522 2879 1686 2919 omne
1705 2865 1868 2918 obse-

271 2937 476 3008 quium
504 2938 748 3007 quolibet
777 2933 981 2992 famqu
1013 2937 1311 3008 promptior
1349 2937 1700 3006 paratiorque
1731 2933 1871 3008 assi-

273 3004 462 3063 stebat
499 3004 900 3077 {intentusque
929 3004 1140 3073 lectori,
1171 3004 1469 3078 postquam
1507 3004 1691 3078 omne
1711 3004 1872 3078 mini-

278 3079 516 3134 sterium
545 3075 860 3148 peregisset,
897 3079 953 3132 in
990 3075 1222 3134 ascensu
1253 3075 1550 3149 graduum,
1592 3075 1726 3131 satis
1764 3075 1869 3128 hu-

283 3149 404 3203 mili
441 3156 732 3204 contentus
761 3151 906 3212 sele,
953 3148 1288 3216 quiescebat.
1329 3148 1620 3202 Silentium
1651 3159 1870 3215 quoque

280 3235 344 3274 ac
375 3228 603 3273 caeteras
632 3218 944 3272 monasterii
972 3219 1414 3285 consuetudines,
1449 3219 1579 3273 dum
1613 3218 1752 3270 inter
1776 3231 1872 3270 eos

282 3298 619 3352 versaretur,
656 3289 729 3342 ita
759 3297 998 3344 attentus
1020 3291 1398 3359 sollicitusque
1430 3289 1702 3352 servabat,
1730 3301 1794 3359 ac
1819 3286 1872 3359 si

281 3376 388 3430 pro
412 3361 732 3415 excessibus
759 3359 874 3414 suis
904 3360 1019 3429 ipse
1041 3375 1262 3430 quoque
1276 3357 1520 3430 quotidie
1548 3359 1601 3412 in
1633 3357 1872 3426 capitulo

281 3445 479 3485 eorum
510 3447 734 3484 causam
776 3430 1042 3495 dicturus,
1091 3440 1146 3484 et
1187 3431 1511 3485 sententiam
1552 3437 1875 3497 accepturus

283 3501 448 3556 foret.
480 3499 674 3555 Nullus
704 3515 948 3570 unquam
985 3510 1136 3571 pater
1170 3501 1264 3555 tali
1308 3517 1436 3571 erga
1466 3499 1609 3571 ﬁlios
1633 3497 1874 3571 duceba-

284 3581 377 3626 tur
412 3571 629 3635 aﬂ'ectu,
662 3567 815 3624 nulla
841 3567 1034 3625 mater.
1060 3570 1262 3626 Omnes
1289 3581 1350 3626 ut
1376 3567 1441 3625 se
1468 3569 1722 3639 diligens,
1753 3567 1873 3622 sin-

283 3643 432 3712 gulis
463 3641 912 3710 eompatiebatur,
939 3650 995 3695 et
1035 3643 1273 3712 animam
1312 3657 1468 3712 suam
1490 3656 1590 3712 pro
1621 3653 1874 3712 unoquo-

283 3709 398 3781 que
427 3709 650 3780 paratus
676 3712 1005 3780 impendere.
1049 3711 1162 3767 Hoc
1184 3713 1330 3768 enim
1357 3712 1413 3766 in
1448 3709 1874 3781 Sigeberg,ihoc

225 3846 229 3851 ,
285 3780 342 3836 in
378 3780 614 3848 Salevel,
655 3783 758 3836 hoc
799 3781 852 3835 in
882 3781 1132 3846 Graseaf,
1168 3783 1302 3839 locis
1329 3780 1538 3837 scilicet
1564 3780 1692 3850 post
1711 3780 1780 3851 ab
1808 3794 1876 3834 eo

285 3854 644 3914 constructis,
672 3851 914 3906 studium
946 3854 1202 3913 eratahic
1235 3867 1376 3917 mos,
1411 3853 1523 3908 haec
1545 3850 1836 3905 institutio.

359 3921 551 3976 XXIV.
597 3923 754 3992 Modo
780 3923 1123 3978 charissiuma
1142 3966 1156 3990 ,
1205 3923 1360 3976 modo
1388 3922 1542 3992 plane
1569 3922 1768 3974 invisus
1797 3927 1876 3972 est

287 3993 622 4062 imperatori.
664 3991 730 4044 In
757 3993 1008 4060 periculis
1054 3995 1122 4046 ad
1161 3993 1537 4046 monachorum
1571 4007 1760 4062 preces
1789 4005 1874 4062 re—

285 4059 480 4116 currit.
508 4063 678 4116 Porro
709 4078 738 4116 a
759 4059 902 4132 rege
930 4063 1267 4131 gravissimis
1289 4077 1431 4132 saepe
1457 4059 1687 4132 numero
1711 4059 1876 4132 dissi-

283 4133 428 4186 dens
455 4133 779 4196 inimicitiis,
809 4130 953 4186 nunc
993 4133 1212 4202 quidem
1258 4134 1312 4187 in
1343 4130 1612 4188 summam
1641 4130 1876 4202 familia-

285 4202 507 4256 ritatem
536 4218 672 4272 pene
700 4203 754 4255 in
785 4203 934 4273 regni
970 4201 1309 4258 consortium
1340 4203 1410 4257 ab
1436 4202 1528 4256 illo
1560 4201 1878 4256 assumeha-

287 4282 421 4326 tur:
453 4289 599 4326 nunc
622 4287 794 4344 ivero,
823 4273 1084 4344 quoniam
1127 4288 1190 4329 ea
1235 4289 1357 4344 quae
1396 4273 1450 4325 in
1489 4287 1656 4344 regno
1682 4279 1880 4342 przeter

286 4358 511 4415 :equum
539 4351 590 4396 et
621 4343 824 4396 bonum
846 4343 1133 4415 perperam
1161 4343 1506 4415 gerebantur,
1531 4343 1879 4397 vehementer

286 4414 703 4486 detestareturt
725 4423 780 4486 et
811 4414 1076 4486 accrrime
1104 4414 1475 4486 impugnaret,
1513 4429 1639 4486 cum
1683 4422 1878 4486 contu-

1950 540 2034 616 sui
2065 541 2356 616 desistens,
2394 558 2518 596 cum
2551 540 2712 616 paulo
2742 540 2875 616 ante
2896 561 3103 616 necem,
3145 545 3530 616 ultimumque,

1951 611 1998 666 si
2047 611 2200 680 copia
2247 611 2418 678 ﬂeret,
2467 611 2851 668 exterminium
2896 613 3112 669 Annoni
3163 626 3217 670 ct
3253 611 3530 676 omnibus;

1949 697 2073 756 qua
2105 681 2224 756 ejus
2245 692 2447 756 essent,
2473 684 2793 750 minaretur,
2819 700 2884 740 eo
2911 685 3180 756 veniente,
3206 685 3364 756 quasi
3395 686 3534 740 divi-

1951 751 2098 827 nitus
2119 751 2391 827 impulsus
2411 769 2658 827 surgens,
2679 755 2926 809 osculum
2949 755 3100 827 pacis
3121 757 3170 810 ei
3188 751 3312 810 cum
3338 771 3534 827 magna

1951 823 2244 896 dilectione
2285 823 2543 892 porrexit.
2589 823 2930 896 Quapropter
2951 823 3018 880 in
3065 833 3342 896 stuporem
3391 823 3532 896 versi

1952 893 2157 963 quique
2197 891 2640 957 circumstantes,
2686 891 2828 949 inter
2875 911 2934 951 se
2978 891 3338 951 susurrabant
3377 914 3388 949 :
3432 893 3534 950 L'bi

1955 979 2102 1018 nunc
2136 963 2265 1018 irae?
2314 963 2405 1016 ubi
2463 979 2606 1018 nunc
2644 965 2837 1020 mime?
2885 966 2975 1020 ubi
3029 974 3109 1020 tot
3154 965 3536 1021 insultationes

1953 1034 2119 1104 paulo
2149 1041 2274 1088 ante
2300 1033 2552 1104 _habit:e?
2597 1033 2656 1088 In
2707 1035 2792 1089 his
2823 1035 3078 1091 omnibus
3110 1035 3392 1090 Dominica
3434 1052 3535 1090 vox

1957 1102 2349 1177 consideranda
2375 1113 2477 1177 est,
2511 1104 2746 1177 qmesio
2761 1105 3028 1177 promittit
3056 1125 3125 1177 τέ
3158 1106 3273 1177 Ego
3303 1121 3390 1161 me
3419 1105 3538 1177 glo-

1959 1175 2234 1229 riticantes
2269 1173 2585 1246 gloritlcabo
2629 1173 2681 1244 (1
2710 1173 2836 1246 Reg.
2875 1175 2958 1246 ιι).
3014 1195 3032 1228 ι
3087 1175 3152 1231 Et
3195 1173 3380 1234 revera
3424 1173 3540 1246 non

1957 1247 2122 1300 modo
2157 1245 2388 1310 nosu'is,‘
2423 1245 2516 1316 sed
2549 1255 2602 1300 et
2636 1245 2795 1300 retro
2817 1245 3154 1316 temporibus
3197 1246 3413 1302 dillicile
3455 1245 3540 1300 in-

1957 1324 2154 1370 ventus
2203 1324 2318 1387 est,
2364 1315 2457 1384 qui
2489 1324 2696 1370 tantam
2735 1331 2846 1386 pra:
2893 1315 2951 1372 se
2994 1315 3160 1387 ferret
3200 1317 3539 1387 majestatem

1961 1385 2548 1458 ad__sgeciilum_tantam
2576 1385 2937 1458 humilitatem
2965 1403 3093 1458 erga
3127 1385 3318 1458 Deum.

2029 1455 2196 1510 XXV.
2220 1456 2292 1539 De
2309 1454 2763 1538 Sigebcrgenst'bus
2785 1473 2900 1528 qua'
2921 1454 3187 1539 statuerit.
3205 1456 3532 1539 Igitur-posi-

1960 1543 2125 1610 quam
2160 1527 2268 1610 voti
2305 1527 2408 1608 sui.
2435 1542 2679 1610 compos,
2725 1528 3024 1610 monachos
3060 1543 3192 1610 sups
3216 1527 3300 1609 .in
3345 1527 3542 1610 divinis

1963 1599 2127 1652 rebus
2151 1598 2216 1669 ad
2262 1597 2510 1651 omnium
2560 1597 3318 1669 imitationemsingulariter
3349 1597 3543 1652 ﬂorere

1963 1667 2264 1737 conspexit,
2302 1683 2519 1722 omnem
2546 1684 2645 1738 pro
2665 1668 2746 1724 eis
2773 1667 3193 1723 sollicitudinem
3219 1669 3270 1722 in
3297 1667 3541 1722 futurum

1963 1739 2294 1802 extendens,
2332 1738 2562 1808 publica:
2607 1739 3188 1794 excommunicationis
3229 1748 3284 1794 et
3331 1748 3546 1793 aeternae

1896 1819 1937 1878 Β
1964 1809 2329 1864 damnationis
2349 1809 2639 1863 vindictam
2669 1810 2891 1878 protulit
2911 1809 2964 1862 in
2995 1825 3214 1864 omnem
3244 1809 3544 1873 hominem,

1965 1880 2280 1950 quicunque
2303 1880 2384 1950 eis
2428 1880 2494 1934 ad
2516 1879 2828 1950 nocendum
2871 1879 3118 1950 pertinax
3148 1890 3202 1936 et
3237 1879 3546 1934 maiiuosus

1966 1949 2325 2022 incumberet.
2357 1949 2572 2022 Deinde
2591 1949 2933 2022 auctoritatis
2972 1966 3084 2022 suae
3115 1950 3294 2022 sigillo
3321 1951 3544 2022 robora-

1967 2030 2076 2076 tam
2105 2021 2358 2090 paginam
2391 2021 2535 2086 fecit,
2562 2020 2615 2073 in
2656 2038 2761 2091 qua
2793 2021 2896 2075 sub
2920 2021 3109 2076 eadem
3147 2019 3547 2075 contestatione

1965 2092 2225 2158 decrevit,
2256 2107 2324 2146 ne
2348 2092 2473 2162 quis
2497 2091 2725 2161 primam
2753 2091 3145 2146 monachorum
3169 2092 3385 2145 illatum
3417 2106 3546 2144 con-

1968 2163 2313 2218 suetudinem
2338 2162 2626 2216 immutare
2654 2172 2947 2232 prtesumat
2985 2181 2997 2215 :
3032 2177 3102 2218 ne
3138 2163 3264 2233 quis
3300 2161 3548 2233 abbatrm

1968 2235 2034 2288 ad
2059 2233 2279 2303 aliquod
2315 2233 2519 2286 curiale
2562 2230 2864 2298 servitium,
2897 2239 2990 2286 aut
3011 2248 3120 2288 non
3156 2230 3404 2302 regulare
3431 2230 3547 2284 olli-

1966 2304 2112 2359 cium
2143 2303 2523 2373 constringat:
2558 2319 2626 2357 ne
2669 2304 2794 2372 quis
2835 2305 3145 2373 cpiscopus,
3189 2303 3271 2357 vel
3321 2317 3550 2373 suorum

1965 2375 2262 2456 quisquam
2285 2371 2538 2456 ‘eodtloco
2576 2371 2754 2455 standi
2799 2371 3123 2456 potestatem
3177 2374 3396 2456 habeat_
3435 2371 3552 2456 sine

1968 2441 2464 2525 licentiaabbatis:
2493 2460 2566 2525 ne
2594 2441 3054 2525 quis_advocat_us
3102 2453 3197 2498 aut
3260 2441 3551 2525 subdcfen:

1969 2530 2081 2579 sor,
2108 2513 2213 2568 nisi
2237 2529 2400 2584 quem
2424 2513 2657 2568 voluerit
2691 2514 2881 2580 abbas,
2910 2516 3084 2570 eidem
3112 2514 3448 2569 monasterio
3471 2513 3552 2567 vel

1970 2585 2130 2640 bonis
2157 2583 2278 2653 ejus
2317 2585 2704 2638 constituatur.
2755 2583 2820 2639 Et
2849 2593 2908 2639 ut
2943 2585 3120 2654 major
3157 2586 3242 2640 his
3283 2583 3551 2638 constitu—

1969 2654 2209 2725 tionibps
2234 2654 2288 2707 in
2319 2661 2466 2708 esset
2505 2654 2828 2721 auctoritas,
2862 2653 3203 2725 privilegium
3245 2653 3556 2725 apostolica!

1971 2724 2116 2781 sedis
2144 2723 2374 2796 Romam
2405 2741 2638 2796 pergens
2662 2723 2903 2794 expetiit,
2947 2723 3092 2796 quod
3125 2723 3304 2796 adhuc
3337 2723 3392 2778 in
3423 2738 3556 2796 pare

1969 2805 2023 2850 et
2045 2793 2338 2850 concordia
2369 2793 2560 2864 agente
2600 2793 2862 2863 Ecclesia,
2911 2793 2980 2850 in'
3013 2797 3128 2852 haec
3155 2795 3314 2850 verba
3338 2793 3546 2850 rescri-

1969 2875 2131 2937 βψω,
2144 2865 2368 2937 accepit
2383 2936 2392 2937 ί
2408 2881 2421 2918 =

2039 2933 2231 3008 XXVI.
2271 2933 2638 3008 (Alexander
2674 2937 2990 3008 episcopus,
3039 2952 3246 3008 servus
3272 2951 3554 3008 servorpm

1971 3005 2090 3072 Dei,
2120 3005 2336 3077 Annoni
2365 3004 2777 3077 archiepiscopo
2819 3004 3021 3063 sanch
3062 3007 3404 3077 Coloniensis
3455 3004 3555 3077 Ec—

1971 3077 2172 3142 clesiae,
2209 3076 2263 3130 in
2287 3075 2508 3132 Christo
2554 3075 2721 3132 ’Jesu'
2746 3077 2899 3133 fratri
2955 3077 3299 3133 charissimo.
3345 3075 3501 3143 Quod
3525 3092 3556 3130 a

1898 3163 1944 3224 ρ
1975 3147 2157 3212 nobis,
2184 3145 2296 3201 Deo
2349 3148 2544 3224 dilecte
2576 3148 2764 3224 frater,
2803 3149 3036 3224 expetis,
3059 3164 3124 3224 ex
3162 3147 3336 3224 cilicio
3367 3161 3556 3202 susce-

1972 3227 2068 3288 pto
2093 3225 2148 3272 et
2173 3218 2498 3288 auctoritate
2532 3219 2829 3288 apostolica
2859 3218 3130 3274 universis
3155 3219 3417 3272 debemus
3440 3233 3557 3288 _cc-

1971 3286 2175 3342 clesiis.
2210 3287 2277 3342 At
2305 3288 2437 3342 mihi
2474 3286 2672 3356 tecum,
2700 3290 2754 3344 in
2795 3289 2906 3344 Deo
2941 3291 3134 3344 dilecte
3165 3287 3352 3354 frater,
3403 3286 3560 3340 aliter

1972 3359 2241 3429 agendum
2268 3369 2370 3424 est,
2399 3360 2598 3482 quippe
2634 3361 2774 3430 apud
2799 3361 2977 3414 virum
3004 3359 3343 3430 religiosum,
3370 3365 3426 3411 et
3477 3371 3558 3410 rc-

1972 3444 2100 3482 vera
2124 3437 2232 3482 tam
2265 3429 2418 3482 oneri
2441 3446 2543 3482 ωδ.
2568 3447 2734 3482 (Illam
2760 3431 2980 3482 nomine
3001 3430 3339 3482 cnisconum.
3373 3426 3558 3482 Itaque

1971 3426 2100 3483 vera
2124 3437 2232 3482 tam
2257 3426 2548 3500 pperihus,
2568 3426 2734 3500 quam
2760 3431 2980 3485 nomine
3001 3426 3339 3500 episcopum.
3373 3426 3560 3500 Itaque

1971 3514 2039 3554 ex
2075 3508 2227 3567 parte
2257 3497 2471 3553 Demini
2507 3497 2680 3555 nostri
2717 3500 2844 3557 Jcsu
2892 3501 3118 3567 Christi,
3148 3497 3207 3555 et
3235 3507 3436 3554 sanctae
3462 3497 3558 3567 Dei

1974 3566 2255 3644 gerlitricis
2283 3568 2486 3644 Mariae,
2527 3580 2952 3644 sanctorumque
3001 3566 3374 3644 apostolorum
3416 3566 3558 3644 Petri

1973 3637 2029 3695 et
2049 3638 2224 3712 Pauli,
2271 3641 2626 3712 omniumque
2665 3637 2978 3698 sanctorum
3032 3637 3088 3697 ct
3131 3641 3428 3712 electorum
3461 3637 3556 3712 Dei

1974 3710 2368 3766 confirmamus
2389 3720 2444 3767 et
2488 3707 2911 3768 corroboramus
2960 3711 3233 3767 abbati-am
3301 3709 3447 3762 illam
3503 3707 3557 3760 in

1975 3790 2296 3854 perpetuum
2325 3800 2336 3834 :
2364 3797 2430 3835 ne
2466 3799 2573 3852 qua
2607 3799 2838 3852 persona
2867 3799 3061 3854 magna
3089 3782 3171 3836 vel
3217 3795 3405 3851 parva,
3451 3792 3558 3831 non

1976 3851 2176 3920 aliquis
2223 3851 2622 3906 successorum
2652 3862 2902 3918 tuorum,
2939 3851 3044 3907 non
3090 3867 3183 3906 rex
3221 3858 3315 3904 aut
3355 3863 3560 3920 comes,

1977 3918 2180 3985 nullus,
2214 3921 2458 3990 inquam,
2507 3923 2792 3977 hominum
2824 3939 2889 3978 ex
2931 3938 2994 3977 ea
3027 3923 3324 3993 quidquam
3352 3919 3419 3973 ad
3441 3918 3559 3993 __de-

1977 3989 2330 4046 structioncm
2383 3993 2485 4046 loci
2512 3993 2764 4046 demoliri
2797 3993 2995 4047 audeat
3021 3989 3270 4047 {verum
3305 3989 3562 4044 omnibus

1977 4061 2111 4133 inibi
2137 4061 2348 4115 collatis
2373 4073 2535 4133 atque
2579 4062 2945 4128 conferendis,
2989 4079 3095 4133 pax
3135 4063 3208 4117 sit
3235 4073 3562 4132 permanens

1975 4141 2030 4186 et
2065 4132 2380 4204 inconvulsa
2411 4152 2422 4186 :
2449 4132 2504 4189 et
2527 4134 2840 4202 primaista,
2864 4149 2973 4204 quo
3001 4133 3560 4204 modoinstituuntpr,

1977 4202 2127 4275 apud
2150 4203 2452 4275 monachos
2485 4199 2806 4275 permaneat
2829 4199 3200 4271 consuetudo,
3241 4203 3421 4275 sitque
3455 4199 3564 4275 illis

1977 4269 2046 4346 de
2078 4273 2274 4346 abbate
2309 4269 2501 4346 libera'
2527 4275 2743 4330 electio.
2787 4274 2843 4330 Si
2886 4275 3010 4346 quis
3038 4269 3201 4345 hujus
3245 4269 3415 4346 nostri
3448 4269 3561 4346 pri-

1977 4343 2158 4426 vilegii
2190 4352 2393 4426 temere
2426 4345 2660 4426 violator
2709 4341 3002 4426 exstiterit,
3037 4341 3284 4426 perpetui
3310 4341 3558 4426 anathe-

1979 4411 2144 4469 matis
2192 4415 2428 4471 vinculis
2475 4433 2535 4471 se.
2569 4417 2938 4472 innodandum
2985 4411 3217 4482 noverit,
3267 4413 3375 4469 nisi
3427 4411 3564 4466 forte

287 4483 456 4537 melia
505 4485 572 4564 de
622 4484 823 4567 palatio
842 4483 1281 4567 ejiciebat'ur,‘_et'
1320 4485 1387 4540 ad
1420 4483 1874 4567 crstinguendprn
1908 4509 1952 4567 ο
1979 4485 2330 4567 resipiscens,
2389 4487 2552 4559 digne
2596 4488 2944 4567 satisfecerit.
2983 4487 3088 4554 Qui
3123 4501 3253 4567 vero
3287 4485 3374 4555 pia
3407 4483 3564 4536 devo-

285 4569 490 4626 nomcn
519 4553 672 4626 ejus,
728 4563 899 4608 totum
941 4557 1094 4626 regni
1131 4557 1300 4611 robur
1335 4556 1730 4611 concitabatur.
1762 4553 1876 4616 ,Hic

285 4625 765 4697 vicissitudinibus
794 4641 891 4694 per
915 4625 1098 4694 plures
1125 4641 1300 4697 annos
1333 4642 1458 4681 eum
1488 4641 1625 4697 rege
1643 4641 1875 4697 concer-

286 4695 554 4750 tationem
592 4695 820 4764 babens,
851 4710 1068 4764 semper
1091 4696 1239 4749 velut
1266 4697 1332 4750 ad
1361 4695 1570 4750 turrim“
1604 4695 1878 4750 fortitudi-

287 4765 750 4836 nisgrecurrens,
800 4763 1276 4836 Sigebergensium
1327 4765 1556 4820 fratrum
1605 4780 1793 4835 preces
1822 4764 1878 4836 iu

285 4833 781 4890 auxiliumascivit.
815 4833 968 4889 Unde
1001 4833 1236 4905 quodam
1287 4844 1530 4905 tempore
1559 4833 1684 4904 rege
1707 4834 1885 4903 pessi-

283 4905 396 4959 mis
408 4907 696 4976 adversum
709 4923 770 4961 sc
792 4906 1039 4961 consiliis
1063 4906 1397 4960 inﬂammato
1411 4948 1426 4971 ,
1451 4920 1682 4976 pergens
1707 4905 1773 4959 ad
1786 4919 1882 4958 cu-

283 4976 460 5040 riam,
491 4975 752 5031 fratribus
787 4977 842 5030 in
867 4977 1007 5030 horti
1035 4977 1250 5031 cultura
1281 4975 1604 5046 generaliter
1631 4976 1879 5046 repertis,

281 5047 362 5118 ait
387 5062 400 5096 :
429 5047 831 5118 Commotionis
853 5055 908 5118 et
925 5045 1313 5118 indignationis
1338 5048 1500 5118 regia:
1523 5061 1634 5102 non
1649 5045 1877 5118 inscius,

281 5117 472 5169 iturus
499 5117 565 5169 ad
593 5119 875 5186 palatium,
893 5116 998 5171 Deo
1010 5115 1097 5172 me
1124 5116 1392 5186 vobisque
1404 5115 1750 5173 commendo.
1772 5115 1880 5172 Vos

279 5187 512 5255 clypcus
535 5184 687 5244 meus
707 5188 842 5243 estis
871 5205 884 5239 :
905 5203 1001 5242 vos
1016 5184 1330 5256 praesidium
1357 5204 1540 5244 meum
1557 5187 1692 5242 estis
1718 5204 1731 5240 :
1760 5203 1876 5253 vos,

279 5269 538 5324 mquam,
555 5257 648 5312 lilii
664 5255 1025 5324 dilectissimi,
1039 5255 1226 5311 omnia
1241 5271 1363 5312 mea
1385 5262 1538 5317 estis.
1565 5257 1723 5311 Nulla
1746 5259 1879 5314 mihi

1979 4557 2128 4632 tione
2149 4557 2471 4611 observator
2489 4575 2612 4614 esse
2640 4559 2929 4632 studuerit,
2955 4566 3302 4632 peccatorum
3338 4567 3563 4632 suorum

1975 4627 2224 4698 omnium
2247 4639 2620 4698 consequatur
2647 4629 2887 4698 veniam,
2917 4622 2982 4682 'e't
3029 4636 3246 4682 aeterna:
3271 4622 3564 4698 beatitudi-

1977 4697 2064 4768 nis
2088 4697 2315 4768 gioriam
2343 4691 2656 4768 mereatur.
2696 4717 2715 4748 ι
2765 4697 2823 4752 1η
2871 4691 3071 4768 quibus
3099 4711 3252 4768 papae
3294 4694 3456 4749 dictis
3487 4691 3566 4745 fa-

1975 4767 2079 4838 cile
2104 4766 2267 4838 datur
2291 4767 2590 4834 advertere,
2623 4778 2841 4838 quanta:
2893 4766 3198 4838 sanctitatis
3237 4773 3291 4838 et
3335 4777 3566 4838 venera-

1980 4836 2148 4916 tionis
2168 4837 2606 4916 istenostrurum
2631 4834 2936 4916 temporum
2963 4837 3059 4916 ‘(_9)
3085 4834 3385 4916 singularis
3431 4848 3570 4912 prmi

1983 4907 2070 4962 sul
2093 4907 2147 4959 in
2173 4915 2392 4978 pectore
2417 4909 2553 4964 tanti
2579 4907 2851 4978 pontificis
2888 4907 3250 4978 habitususit,
3293 4919 3458 4976 quem
3485 4907 3570 4954 vi—

1994 4992 2116 5048 rum
2145 4975 2488 5048 religiosum,
2529 4975 2593 5034 et'
2611 4995 2800 5034 revera
2824 4988 2934 5034 tam
2975 4975 3234 5048 operibus
3269 4975 3435 5048 quam
3467 4987 3570 5048 u_o—

1984 5047 2132 5103 mine
2167 5043 2506 5117 episcopum,
2530 5050 2611 5105 sic
2639 5049 2926 5119 vigilanter
2949 5043 3257 5119 appellavit-
3285 5043 3575 5119 Ειοηιρὶειῗ

1981 5116 2208 5190 quoque
2231 5116 2430 5190 regalis
2460 5121 2660 5176 decreti
2700 5116 2965 5190 ponimus
2984 5116 3267 5190 exparte,
3304 5133 3376 5190 ne
3408 5116 3579 5190 lateat

1983 5185 2268 5315 iertorenli,
2299 5185 2541 5262 legitima
2592 5185 2804 5263 praefati
2844 5185 3086 5249 emnobii
3114 5201 3225 5240 non
3253 5186 3448 5244 leviter
3490 5185 3578 5238 in-

2009 5274 2200 5315 rmaen
2241 5274 2314 5313 a:
2537 5311 2558 5315 ,

2009 5274 2272 5326 rmgenua
2300 5278 2314 5313 :
