4028 5360
259 286 288 339 1
302 281 405 338 557

1622 269 1799 325 VITA.
1843 299 1904 308 -~
1951 266 2075 322 LIII.
2117 267 2152 319 Ι.

3402 269 3536 323 1533

261 369 471 450 veribus
499 390 776 461 clm-gitur.
817 389 954 443 Cum
978 397 1158 444 autem
1193 387 1396 461 diuitiis
1430 395 1482 440 et
1507 387 1680 461 gloria
1707 392 1844 439 c'nn-
1879 391 1921 441 Α
1949 383 2203 435 miscens.
2243 381 2474 461 Interim
2519 399 2671 434 sacer
2702 383 2941 461 j‘ioutifex
2995 385 3321 437 intrinsecus
3357 385 3536 461 cilicio

263 474 377 521 etus
408 463 462 515 in
492 459 659 531 regno
689 461 1035 530 praecederet,
1063 459 1208 529 quod
1245 459 1470 512 forsitan
1502 459 1660 531 Iidem
1689 474 1846 531 exce-

261 536 355 598 dit,
383 548 528 613 saepe
549 529 645 611 nec
671 529 954 613 minimum
979 540 1032 584 et
1053 545 1217 610 prope
1243 545 1338 613 nec
1367 529 1580 613 minimi
1613 530 1843 613 pretium

260 605 362 660 sub
395 599 481 657 sui
510 601 651 671 juris
703 601 950 655 custodia
1001 601 1219 669 reperit.
1253 599 1550 671 iQuidqnid
1595 599 1749 671 enim
1781 599 1847 652 ab

261 674 425 742 hujus
453 669 642 726 mundi
673 672 932 726 divitibus
964 671 1044 724 vel
1074 670 1324 742 ernendo,
1355 671 1438 723 vel
1464 672 1515 742 in
1543 669 1845 739 precariam

260 739 595 813 ac’cipiendo,
630 743 712 796 vel
743 743 900 796 aliter
927 741 1280 813 acquisierat,
1317 758 1439 813 n'tox
1476 741 1526 792 in
1560 756 1843 813 pauperes,

260 816 342 869 vel
366 811 720 868 ecclesiarum
751 815 1032 866 ministros
1062 812 1316 880 expendit
1344 831 1354 864 :
1383 812 1484 865 hoc
1505 811 1844 878 propositum

262 886 492 950 habens,
522 899 590 936 ne
640 883 920 937 minimam
955 885 1144 937 saltem
1176 898 1288 935 rem
1326 883 1380 934 in
1419 880 1566 934 omni
1595 881 1842 948 proprie-

260 964 387 1010 tatis
423 971 536 1010 sua:
557 953 680 1022 jure
705 954 944 1007 moriens
970 963 1091 1022 post
1134 971 1191 1006 se
1219 952 1568 1020 relinqueret.
1594 949 1845 1022 Denique.

259 1041 406 1080 nunc
443 1021 648 1090 multis,
685 1040 829 1078 nunc
854 1021 1224 1093 pauciorilms,
1251 1031 1348 1093 aut
1373 1032 1524 1093 certe
1559 1021 1788 1090 singulis
1817 1038 1845 1075 e

257 1095 521 1150 fratribus
542 1095 767 1158 nostris,
794 1091 976 1148 coram
1007 1091 1486 1162 e01.n')sitis:Quid,
1517 1092 1712 1160 inquit,
1745 1093 1842 1145 ho-

258 1168 469 1221 minum
519 1167 809 1220 aestimatio
862 1181 948 1217 me
1003 1164 1157 1233 quasi
1212 1178 1468 1232 magnum
1513 1163 1844 1231 divitemquc

257 1237 529 1292 celebrat?
561 1235 640 1289 En
691 1236 930 1303 exceptis
975 1235 1296 1288 utensilibus
1345 1234 1643 1302 capellulze,
1683 1233 1844 1286 mini-

258 1308 520 1376 steriique
569 1305 898 1375 pontificalis
939 1313 990 1358 et
1030 1307 1133 1358 hoe
1165 1304 1367 1358 annulo
1401 1305 1584 1376 nescio
1614 1320 1699 1358 me
1732 1305 1838 1376 sal-

254 1389 365 1433 tem
401 1373 752 1432 unum—hodie
787 1376 1064 1445 possidere
1095 1376 1398 1428 denarium.
1445 1373 1552 1427 Nec
1587 1376 1729 1427 enim
1761 1375 1844 1426 in-

254 1449 540 1518 explebilis
585 1447 826 1518 avaritiae
853 1447 1164 1518 thesauros
1219 1445 1353 1499 meis
1389 1462 1665 1518 congrege
1690 1446 1839 1500 elau-

255 1517 406 1583 stris,
457 1518 599 1571 unde
634 1517 715 1571 vel
753 1517 914 1586 regis,
963 1517 1043 1568 vel
1073 1532 1296 1569 sum-um
1345 1517 1450 1567 vita
1483 1517 1839 1584 periclitetur,

256 1601 352 1644 aut
381 1587 647 1659 ingluvies
675 1588 920 1651 satietur,
962 1602 1151 1640 eorum
1196 1586 1458 1659 edacitati
1482 1603 1566 1640 me
1595 1587 1738 1659 satis
1788 1587 1841 1639 in

257 1661 363 1714 hoc
396 1657 671 1722 obviante,
704 1666 763 1710 ut
791 1675 890 1710 nec
918 1673 1092 1710 assem
1141 1673 1310 1710 unum
1341 1657 1527 1710 oculos
1559 1657 1840 1721 claudens,

255 1729 403 1802 inter
429 1729 651 1802 illorum
697 1743 908 1796 ungues
954 1727 1278 1802 relinquam.
1313 1727 1484 1802 Cujus
1527 1728 1676 1802 verbi
1719 1728 1842 1796 quis
1882 1749 1921 1802 Β

255 1800 385 1856 finis
420 1800 604 1863 fuerit,
657 1807 807 1867 patet
832 1813 896 1850 ex
941 1811 1006 1850 eo
1048 1798 1192 1866 quod
1245 1798 1298 1850 in
1348 1797 1692 1867 a-gritudine,
1737 1815 1844 1867 qua

255 1880 508 1924 mortuus
536 1878 638 1934 est,
665 1869 854 1922 alienis
888 1868 1172 1922 fovebatur
1201 1867 1574 1936 operimentis,
1600 1869 1846 1937 quoties-

239 1955 361 2010 'que
417 1941 670 1994 manibus
727 1939 1000 2010 ferebatur
1051 1939 1104 2010 in
1144 1955 1445 2010 occursum
1491 1949 1842 2010 sanctorum,

251 2007 394 2080 quos
413 2012 525 2080 jam
553 2011 800 2063 infirmus
825 2007 876 2080 in
905 2009 1019 2063 suis
1045 2009 1323 2063 liminibus
1344 2009 1458 2079 ipse
1487 2009 1708 2064 visitare
1738 2026 1845 2063 non

289 2078 575 2145 razvalens,
614 2081 680 2133 ad
711 2095 767 2134 se
797 2078 1127 2150 visitandum
1158 2078 1477 2150 plerumque
1512 2080 1708 2134 deferri
1749 2096 1845 2134 vo-

289 2097 575 2145 razvatens,
614 2097 680 2133 au
711 2097 767 2134 se
797 2097 1127 2133 vxsnanuum
1158 2097 1477 2150 plerumque
1512 2097 1708 2134 uelerri
1749 2097 1841 2134 vo-

250 2097 388 2218 iitit,
409 2151 596 2205 habitu
627 2149 847 2220 proprio
869 2165 1082 2216 carens,
1119 2150 1330 2204 interim
1370 2151 1438 2204 ab
1464 2151 1648 2219 aliquo
1674 2166 1841 2204 cano-

251 2222 508 2276 nicorum
556 2221 765 2290 contegi
803 2236 1024 2275 necesse
1065 2221 1270 2275 habuit.
1302 2221 1344 2274 0
1386 2231 1627 2291 quantus
1672 2221 1844 2274 eccle-

250 2292 462 2346 siarum
506 2291 758 2346 defensor
814 2291 903 2344 ille
951 2291 1178 2356 exstitit,
1227 2308 1388 2360 quam
1420 2292 1845 2361 impenetrabilis

250 2362 493 2416 inimicis
531 2361 735 2416 Christi
767 2377 958 2432 murus
992 2377 1003 2412 ε
1040 2377 1145 2414 non
1170 2378 1232 2416 ex
1271 2362 1396 2427 illis,
1449 2362 1501 2415 in
1549 2378 1688 2431 quos
1717 2379 1844 2432 pro-

249 2433 436 2501 phetia
461 2432 714 2503 dirigitur
746 2447 757 2482 :
805 2452 820 2482 ι
857 2431 975 2484 Non
1023 2433 1438 2503 ascendistiscx
1465 2431 1842 2495 adverso,'nec

252 2501 596 2572 opposuistis
627 2517 844 2572 murum
893 2516 992 2572 pro
1008 2501 1183 2572 domo
1215 2501 1402 2564 Israel,
1445 2510 1501 2554 ut
1537 2503 1756 2554 starelis
1790 2503 1840 2554 in

269 2569 443 2627 iraelio
496 2574 549 2627 in
586 2573 672 2626 die
705 2569 914 2623 Domini
972 2569 1187 2638 (Ezcclt.
1234 2573 1354 2638 xnl)
1392 2590 1401 2622 :
1444 2593 1459 2618 ι
1498 2572 1592 2640 qui
1641 2572 1842 2626 smnmi

294 2643 503 2698 astoris
544 2642 786 2712 imitator
833 2642 1029 2712 bonus,
1061 2641 1300 2694 animam
1333 2657 1487 2695 suam
1517 2657 1614 2712 pro
1649 2641 1843 2694 ovibus

249 2714 368 2768 suis
400 2712 597 2766 obtulit
631 2711 811 2780 (Joan.
847 2711 925 2780 χ),
955 2711 1083 2764 dum
1120 2726 1402 2779 nunquam
1447 2711 1598 2764 more
1633 2726 1842 2765 merce—

250 2784 394 2837 narii
423 2782 564 2852 lupis
619 2782 995 2853 ingruentibus
1023 2781 1188 2853 cessit
1207 2801 1231 2853 γε
1263 2782 1354 2834 sed
1393 2798 1608 2850 semper
1628 2797 1723 2836 eos
1753 2790 1846 2853 aut

251 2856 424 2908 verbo
458 2851 816 2908 severissima:
862 2852 1279 2919 iucrepationis,
1313 2861 1406 2905 aut
1433 2853 1610 2923 gladio
1644 2851 1843 2923 justis-

247 2925 410 2978 simm
455 2923 1039 2978 exetm'nnunicationis
1097 2923 1376 2976 insecutus
1416 2933 1521 2988 est,
1571 2922 1842 2975 interdum

245 2995 418 3048 etiam
444 2993 870 3063 impudentiores
902 2991 1060 3072 quasi
1090 2993 1312 3072 militari
1343 3008 1505 3047 manu
1538 2993 1840 3072 deterrens,

245 3080 420 3136 porro
453 3073 643 3136 cgntra
671 3079 860 3136 omnes
890 3063 1153 3136 orationis
1186 3064 1412 3136 invictte
1461 3073 1678 3136 scutum
1705 3063 1844 3116 arri-

243 3132 430 3207 piens.
467 3133 696 3188 Exstant
727 3133 846 3202 ejus
890 3133 1315 3207 innumerabiles
1346 3132 1715 3207 proAEeclcsia
1747 3151 1842 3187 su-

241 3205 440 3270 dores,
479 3220 580 3259 nec
607 3213 828 3274 possent
872 3205 1290 3258 commemorari
1320 3205 1522 3271 omnia,
1571 3219 1693 3274 qua:
1725 3220 1846 3272 per-

247 3278 379 3330 tulit
410 3275 480 3330 ab
508 3275 710 3342 impiis.
738 3272 917 3327 Unum
945 3274 1227 3338 duntaxat,
1263 3275 1314 3327 in
1359 3291 1469 3344 quo
1498 3272 1844 3345 pt‘itissimum

247 3346 524 3401 orationis
561 3346 678 3414 ejus
713 3345 794 3398 vis
821 3353 874 3397 et
915 3345 1151 3398 etiicacia
1177 3347 1544 3413 cognoscitur,
1577 3347 1643 3399 ad
1677 3355 1846 3399 terro-

252 3434 373 3470 rem
402 3431 624 3479 COI‘UIII,
671 3415 763 3483 qui
794 3430 938 3468 nunc
983 3430 1200 3483 quoque
1231 3415 1384 3469 cmlis
1422 3416 1632 3469 invecto
1664 3416 1844 3484 impu-

248 3487 447 3541 denter
499 3487 904 3554 obloquuntur,
956 3486 1291 3539 inferimus:
1347 3493 1403 3539 ut
1444 3486 1525 3538 vel
1548 3500 1670 3538 sero
1714 3487 1847 3539 resi-

249 3558 552 3627 piscentes,
589 3555 718 3626 quid
769 3572 892 3608 cum
939 3554 1159 3608 Christo
1194 3555 1415 3620 vivens,
1449 3556 1640 3624 possit,
1671 3565 1846 3610 atten-

247 3629 406 3691 dant,
443 3642 603 3694 quem
638 3640 799 3680 carne
833 3633 1056 3692 tectum,
1089 3633 1300 3680 tantum
1341 3627 1583 3696 potuisse
1615 3627 1844 3680 forsitan

247 3698 622 3752 miralnmtur.

321 3765 542 3820 XXXII.
588 3767 771 3821 Comes
824 3765 1109 3819 Palatinus
1166 3767 1228 3834 fit
1279 3766 1585 3820 tuanec/ms.
1638 3766 1844 3820 Deserit

249 3837 657 3891 monasterium.
696 3836 881 3888 l’astat
905 3837 1159 3889 ditionem
1188 3837 1245 3891 S.
1272 3837 1528 3890 Amtouis.
1557 3836 1842 3889 Palatinus

250 3916 431 3961 mente
461 3907 689 3975 capitur.
726 3905 1019 3976 Postquam
1068 3921 1229 3960 mons
1274 3905 1682 3976 Sigebergensis
1708 3907 1842 3976 (10),

246 3979 347 4047 qui
392 3977 636 4047 vertitur
670 3976 724 4028 in
774 3977 1079 4041 victoriam,
1109 3977 1281 4047 victor
1322 3977 1508 4047 utique
1557 3976 1841 4047 VillOl'lilll,

244 4045 506 4102 tradente
551 4046 798 4100 Palatino
843 4047 1075 4109 comite,
1119 4045 1312 4099 ditioni
1358 4045 1432 4100 S.’
1467 4046 1611 4101 Petri
1647 4046 1841 4113 cessit,

246 4119 402 4172 idem
442 4132 651 4188 magna!
695 4116 998 4188 tyrannidis
1041 4117 1150 4188 vir,
1179 4117 1338 4187 quasi
1370 4118 1547 4188 sopito
1571 4116 1842 4186 perversi-

246 4189 385 4242 tatis
420 4186 564 4258 igne,
589 4187 843 4258 Gorziam
870 4186 1073 4258 venit;
1094 4187 1184 4240 ubi
1205 4186 1467 4256 deposito
1498 4203 1708 4258 pompzc
1739 4202 1842 4240 sa}-

243 4257 464 4314 cularis
510 4256 767 4324 cingulo,
823 4257 1158 4311 monachicw
1207 4256 1543 4326 paupertatis
1597 4256 1843 4311 habitum

244 4327 513 4396 sumpsit.
542 4326 661 4396 Egit
685 4327 786 4380 hoc
817 4338 931 4381 arte
967 4342 1066 4382 sua
1107 4327 1376 4392 diabolus,
1405 4329 1496 4396 qui
1525 4328 1844 4384 substantiae

243 4397 556 4468 spiritualis
589 4406 641 4451 et
667 4396 926 4467 angelice
948 4397 1224 4468 dignitatis
1264 4410 1534 4461 creatura,
1563 4415 1659 4469 per
1709 4399 1842 4454 sub-

1955 462 2147 524 tectus,
2185 454 2379 506 minori
2408 471 2505 524 pro
2553 473 2628 517 se,
2673 456 2906 509 maxima
2947 472 3198 524 veropro
3241 459 3537 510 connnisso

1952 523 2052 576 sibi
2083 540 2242 596 grege
2291 523 2655 578 sollicitudine
2697 536 2966 591 il‘blllillls,
3010 523 3368 596 dieiquadam
3413 545 3536 582 cum

1952 595 2313 668 processisset
2339 596 2402 647 ad
2441 612 2680 659 llllll'llltl,
2728 597 2856 668 vidit.
2893 599 3078 665 procul
3114 595 3291 668 ignem
3330 599 3539 653 mican-

1951 675 2078 730 tem,
2134 674 2182 717 et
2212 665 2453 717 vicorum
2505 683 2678 734 nuper
2728 667 3074 722 incmsm'um
3129 665 3403 722 l‘lannnam
3457 671 3540 724 fn-

1951 751 2210 804 mumque
2241 735 2292 788 in
2321 736 2550 788 sublime
2579 739 2964 803 conscendere,
2998 739 3190 793 incolis
3219 757 3284 792 ex
3319 758 3427 793 uno
3462 743 3540 795 la-

1950 814 2062 858 tere
2102 804 2431 880 fugientibus
2481 807 2682 880 hostes,
2719 825 2783 880 cx
2835 810 3005 862 altero
3044 811 3215 880 ignes.
3268 811 3346 864 Ad
3392 813 3540 880 quod

1951 878 2322 951 spectaculum
2373 889 2570 951 pastor
2604 877 2957 951 pius__i_ntimo
3005 877 3192 935 dolore
3246 877 3537 951 trajectus,

1952 964 2055 1000 non
2103 947 2288 1010 aliter,
2323 965 2485 1016 quam
2530 948 2574 1000 si
2628 948 2818 1014 gladiis
2867 951 3112 1005 omnium
3156 947 3541 1007 confoderetur

1951 1017 2209 1082 hostium,
2244 1018 2528 1087 ingemuit,
2560 1026 2608 1070 et
2641 1019 3002 1073 miscrabilern
3036 1023 3290 1077 emittens
3320 1041 3536 1079 vocem:

1948 1088 1992 1140 0
2023 1105 2105 1141 me
2143 1090 2423 1154 miserum,
2455 1089 2646 1158 inquit,
2680 1107 2712 1142 o
2731 1107 2814 1143 me
2843 1101 3202 1158 peceattn-em,
3231 1103 3284 1146 et
3313 1111 3346 1146 o
3374 1096 3538 1149 nimis

1950 1159 2418 1232 infelicem,quem
2443 1161 2574 1213 tanti
2603 1161 2899 1224 mali,tanti
2933 1162 3156 1228 doloris,
3185 1163 3320 1232 prob
3354 1165 3535 1218 dolor!

1949 1229 2313 1298 inspectorcm
2341 1240 2472 1284 :ctas
2505 1231 2716 1298 ingrata
2769 1233 3033 1298 protraxit
3071 1234 3123 1287 in
3154 1229 3296 1288 hanc
3323 1236 3536 1290 horam.

1952 1299 2185 1370 Moxque
2213 1303 2331 1354 loco
2374 1302 2592 1365 cedens,
2625 1303 2764 1354 intra
2812 1304 3056 1357 matrieis
3086 1306 3332 1358 ecclesiae
3377 1306 3540 1359 limen

1949 1387 2068 1425 sese
2122 1373 2362 1440 recepit,
2415 1381 2466 1425 et
2514 1381 2637 1425 ante
2683 1374 3004 1441 protectoris
3045 1375 3129 1427 sui
3175 1377 3346 1429 sancti
3397 1376 3544 1430 Petri

1950 1443 2268 1513 memoriam
2295 1459 2478 1508 ruens,
2505 1444 2604 1496 has
2633 1445 2821 1513 lugens
2847 1453 2899 1498 ct
2921 1445 3132 1513 ejulans
3155 1447 3499 1502 cdiditvoees
3526 1466 3537 1501 :

1950 1511 2497 1586 IIeu,uheu!Domine,
2517 1514 2645 1582 quid
2662 1511 2982 1586 ('otnmeruit
2998 1532 3128 1586 grex
3141 1526 3193 1570 et
3211 1518 3349 1573 ovile
3364 1527 3415 1572 tu
3427 1535 3540 1584 ιιιιι,

1950 1593 2009 1636 ut
2059 1584 2142 1656 sie
2169 1583 2373 1636 rabidis
2406 1585 2656 1653 luporum
2707 1585 2960 1656 dentibus
3003 1583 3313 1656 cxpositns,
3347 1583 3539 1642 eorum

1950 1655 2227 1708 morsibus
2251 1662 2590 1720 attrectetur,
2622 1670 2809 1709 cormn
2841 1655 3090 1712 faucibus
3122 1659 3448 1712 devoretur?
3473 1660 3542 1713 Se

1951 1725 2204 1798 ltedentes
2236 1741 2342 1798 non
2375 1726 2627 1798 laeserunt
2657 1746 2668 1778 :
2715 1726 2828 1780 lz‘csi
2860 1728 3032 1781 vicem
3079 1743 3185 1782 non
3214 1730 3539 1798 rependunt,

1952 1795 2120 1868 gratis
2151 1795 2492 1868 jugulantur,
2547 1797 2662 1849 sine
2695 1811 2860 1852 causa
2901 1798 3122 1852 sedibus
3164 1795 3460 1868 pelluntur,
3490 1813 3542 1855 et

1948 1867 2212 1940 quidquid
2259 1882 2560 1940 piratarum
2596 1867 2866 1935 pessimus
2905 1868 3138 1940 quisque
3165 1867 3418 1925 dictante
3448 1872 3539 1940 ju-

1950 1937 2095 2011 stitia
2131 1937 2248 2011 luit,
2286 1937 2361 2001 hi,
2389 1937 2502 2011 sola
2550 1937 2847 2011 inmerante
2875 1939 3210 2011 crudelitate,
3250 1942 3407 2011 longe
3437 1937 3539 1996 du-

1949 2007 2389 2082 riusexsolvuut.
2416 2008 2553 2082 Ecce
2575 2009 2751 2076 qualis
2774 2009 2981 2082 clamor
2999 2009 3304 2082 viduarum,
3324 2007 3542 2082 quanta:
3605 2057 3610 2062 .

1951 2077 2375 2152 ptipillot'ttxirct
2415 2080 2787 2148 orphanorum
2830 2080 3097 2147 miserizc,
3147 2077 3298 2150 quot
3335 2077 3536 2152 parque-

1948 2163 2068 2200 rum
2097 2149 2452 2221 contrititmes
2480 2161 2529 2202 te
2573 2159 2942 2221 susceptorcm
2977 2149 3188 2218 eorum,
3231 2161 3280 2206 te
3301 2149 3538 2221 judicent

1947 2233 2160 2291 eorum,
2194 2220 2420 2291 jamjain
2453 2220 2766 2291 necessario
2817 2230 3118 2289 provocant
3143 2223 3210 2274 ad
3248 2220 3538 2291 judicium.

1949 2286 2225 2353 Miserere,
2259 2290 2517 2357 pacisque
2544 2289 2701 2344 nobis
2756 2286 3008 2344 serenum
3040 2286 3265 2360 adspira
3292 2293 3456 2358 diem,
3487 2295 3540 2347 in

1946 2374 2096 2434 eisin,
2119 2360 2496 2434 cujuscunque
2514 2375 2686 2434 causa
2705 2361 2836 2434 talis
2853 2360 3107 2434 Ecclesia:
3129 2373 3235 2416 tuae
3249 2372 3541 2434 tempestas

1947 2429 2215 2492 imminet,
2266 2441 2370 2483 [me
2403 2430 2651 2484 vindictae
2685 2431 3056 2486 determinans
3096 2429 3445 2488 sententia—in.
3473 2435 3540 2488 Λι

1945 2515 2075 2573 vero
2099 2499 2522 2573 Coloniensilnis
2546 2500 2610 2573 ad
2643 2515 2797 2573 arma
2824 2503 3315 2573 conclamantibus,
3349 2521 3413 2558 ac
3442 2521 3540 2573 pro

1946 2569 2262 2644 defrnsionc
2293 2570 2527 2644 civitatis
2573 2570 2798 2624 hostiles
2846 2570 3082 2644 impetus
3124 2573 3336 2628 bellicis
3373 2569 3538 2644 appa-

1947 2640 2167 2716 ratibus_
2191 2639 2292 2716 hac
2322 2640 2442 2716 illac
2473 2655 2568 2716 per
2595 2655 2815 2716 murum
2862 2641 3282 2716 observantibus
3303 2687 3318 2711 ,
3353 2639 3530 2716 tyran-

1946 2725 2049 2760 nus
2078 2708 2298 2783 quidem
2335 2711 2484 2783 velut
2510 2709 2867 2765 dissimulans
2890 2753 2904 2776 ,
2960 2711 3015 2765 in
3050 2708 3313 2768 castrum
3342 2708 3502 2770 suum
3521 2759 3536 2783 ,

1945 2780 2090 2856 quod
2119 2780 2406 2856 _(_lochomo
2436 2780 2657 2856 dicunt,
2703 2795 2762 2835 se
2809 2783 3076 2856 contulit:
3114 2786 3288 2856 magis
3333 2780 3536 2853 autem,

1946 2859 2003 2922 ut
2030 2849 2315 2922 viribuset
2348 2850 2694 2922 multitudine
2727 2866 2784 2905 se
2817 2855 3161 2922 sequentium
3193 2849 3302 2910 illic
3330 2849 3537 2913 adunaL

1946 2920 2037 2996 tis,
2062 2919 2328 2996 judicium
2359 2921 2642 2996 sanguinis
2674 2937 2800 2975 cum
2827 2919 3081 2996 episCOpo
3110 2925 3336 2996 ejusque
3359 2929 3538 2983 admi-

1946 2989 2136 3070 nistris
2165 2991 2378 3070 publice
2402 2989 2790 3070 committeret.
2823 2989 3028 3070 Contra
3063 2989 3224 3064 quem
3249 2989 3386 3052 .cum
3419 3001 3536 3070 cpi--

1948 3061 2097 3130 scopi
2132 3062 2331 3116 milites
2363 3062 2719 3117 nihilominus
2750 3064 3005 3120 omnibus
3034 3061 3380 3122 armarentur
3408 3061 3538 3124 viri-

1872 3121 1916 3181 C
1947 3121 2070 3207 bus,
2103 3139 2156 3207 et
2197 3134 2379 3207 studio
2427 3133 2660 3202 partium
2703 3135 2926 3207 quidam
2973 3121 3369 3207 consanguinei
3412 3121 3536 3196 cum

1947 3199 2214 3275 Palatino,
2246 3199 2468 3273 quidam
2498 3220 2624 3258 cum
2653 3199 2907 3274 episcopo
2937 3199 3340 3275 ordinarentur,
3367 3221 3538 3266 esset--

1947 3288 2053 3341 que
2099 3273 2274 3329 civilis
2319 3275 2441 3352 belli
2493 3273 2958 3352 periculosissima
3002 3279 3214 3352 cunctis
3262 3273 3534 3352 suspicio,

1948 3352 2173 3420 sanctus
2216 3345 2463 3420 pontifex
2514 3345 2944 3420 graviupressus
2998 3351 3251 3419 angustia
3300 3345 3534 3420 mentis,

1946 3415 2168 3491 quotle
2197 3417 2412 3491 duobus
2439 3415 2799 3491 tolerabilius
2843 3415 3096 3491 eligeret,
3129 3420 3436 3491 ignorabat.
3479 3415 3536 3478 Si

1949 3486 2260 3560 superbiam
2294 3487 2484 3560 hostis
2525 3486 2692 3560 armis
2727 3486 3039 3560 uhumiliarcr
3065 3486 3408 3560 decerneret,
3440 3511 3535 3550 0c-

1946 3557 2198 3631 currebat
2232 3557 2531 3631 inhumana
2555 3557 2872 3624 crudelitas,
2895 3567 2948 3613 ct
2971 3559 3283 3616 miserabile
3334 3557 3535 3631 scelus,

1947 3641 2071 3680 cum
2107 3625 2272 3681 frater
2299 3627 2542 3692 fratrem,
2575 3643 2740 3696 gener
2763 3645 3042 3694 socerum,
3089 3647 3246 3686 socer
3272 3625 3534 3696 generum

1950 3697 2215 3769 hostiliter
2245 3707 2669 3767 jn-osternerent.
2722 3697 2777 3752 Si
2827 3715 2956 3754 vero
2997 3700 3152 3754 aliter
3188 3697 3366 3769 vellet,
3401 3705 3535 3759 ima-

1947 3767 2172 3840 ginariis
2204 3769 2774 3840 oculisexpugnandic
2797 3769 2951 3824 urbis
2976 3772 3246 3840 miserias,
3284 3767 3555 3829 ecclesia?

1948 3853 2069 3889 rmn
2127 3838 2561 3903 destructiones,
2621 3839 2946 3894 clericormn
3001 3842 3084 3895 vel
3140 3838 3534 3901 monachorum

1947 3908 2329 3982 contumelias,
2378 3908 2665 3962 viduarum
2701 3925 3112 3982 pauper-umque
3158 3916 3533 3982 necessitates,

1945 3986 2226 4045 postremo
2242 3979 2502 4046 juvenum
2530 3987 2582 4031 et
2609 3994 2798 4032 senum
2828 3979 3149 4036 indiscretas
3171 3985 3343 4038 etedes
3365 3979 3534 4042 attenQ

1946 4047 2126 4125 debat.
2180 4046 2236 4101 In
2273 4049 2437 4125 hujus
2461 4049 2692 4125 articuio
2721 4049 3061 4125 necessitatis
3088 4055 3235 4122 quod
3272 4056 3531 4125 primum,

1945 4117 2093 4186 quod
2143 4119 2463 4186 maximum,
2513 4120 2770 4189 quodque
2816 4117 3181 4178 certissimum
3230 4117 3346 4180 erat
3393 4117 3533 4183 sola;

1948 4190 2106 4266 _t_ium_,
2146 4198 2318 4266 totum
2352 4205 2409 4244 se
2439 4191 2672 4266 contulit
2716 4191 2782 4245 ad
2811 4189 3124 4258 Dominum,
3150 4212 3272 4249 cum
3310 4197 3536 4266 jejuniis

1946 4258 2163 4313 litanias
2191 4259 2451 4315 ordinans
2472 4302 2486 4326 ,
2515 4271 2570 4315 et
2595 4260 2809 4316 diversa
2835 4274 3150 4320 sanctorum
3177 4258 3416 4321 oratoria
3448 4270 3533 4323 Iu-

1947 4338 2145 4402 strans.
2191 4328 2420 4400 Jamque
2451 4331 2688 4402 futurus
2743 4332 2900 4402 quasi
2949 4351 3190 4402 praesens
3243 4339 3536 4395 timebatur

1947 4400 2226 4474 hostis,ct
2276 4401 2533 4456 sacerdos
2581 4419 2705 4458 cum
2736 4400 3312 4474 populo—circumiens,
3349 4411 3534 4468 tristes

245 4464 509 4544 tilitatem
553 4464 766 4544 naturae
785 4483 899 4522 sua:
943 4464 1336 4544 nonnunquam
1365 4485 1428 4523 ex
1452 4464 1842 4544 anterioribus
1877 4464 1920 4518 D
1947 4471 2310 4544 meditabatur
2339 4487 2557 4544 causas,
2593 4491 2694 4528 nec
2722 4464 2900 4526 tamen
2927 4490 2956 4528 a
2977 4464 3312 4544 psalmorum
3341 4464 3534 4536 ltmdtl;

245 4540 440 4593 futura
469 4538 771 4609 perpendit,
802 4546 855 4609 et
886 4539 1050 4609 semel
1079 4539 1354 4609 robnoxios
1385 4541 1664 4609 gehennae,
1697 4541 1844 4594 mille

245 4609 704 4678 circumveniens
743 4607 913 4678 dolis,
961 4608 1251 4676 dupliciter
1305 4607 1444 4662 filios
1498 4610 1616 4678 ejus
1644 4611 1840 4664 effecit.

246 4678 366 4733 IIac
396 4694 530 4732 usus
554 4677 743 4748 fraude
767 4677 911 4731 circa
934 4677 1112 4748 virum
1141 4679 1305 4743 hunc,
1333 4693 1456 4732 eum
1483 4677 1605 4747 pust
1625 4679 1842 4748 aliquod

246 4759 475 4816 tempus
504 4764 534 4801 a
562 4747 900 4816 professione
926 4746 1190 4802 fallaciter
1221 4746 1498 4816 usurpata
1521 4746 1837 4814 deturbatis,

245 4819 545 4887 amplexus
615 4818 926 4888 conjugales
1004 4834 1200 4888 resque
1258 4818 1554 4873 familiares
1602 4828 1844 4888 repetere

244 4889 454 4954 suasit,
502 4897 557 4942 et
597 4887 903 4957 conjunctis
935 4888 1036 4940 sibi
1077 4887 1333 4957 nequitia:
1362 4904 1475 4944 sua:
1504 4887 1706 4959 septem
1737 4890 1844 4958 spi-

250 4959 478 5025 ritibus,
507 4973 603 5012 cor
643 4959 760 5027 ejus
799 4959 1029 5023 intrans,
1062 4960 1114 5012 in
1152 4974 1369 5030 onmem
1396 4960 1650 5029 deinceps
1691 4960 1838 5030 flagi-

244 5031 461 5084 tiorum
490 5029 812 5099 _voraginem
864 5028 1237 5099 praecipitavit.
1304 5029 1352 5084 Is
1395 5028 1600 5084 exosos
1639 5028 1844 5085 habens

251 5113 458 5152 omnes
487 5097 580 5152 Dei
610 5097 817 5164 servos,
850 5097 1042 5167 utpote
1060 5099 1268 5168 refuga,
1305 5099 1440 5153 bella
1475 5101 1664 5165 niovit,
1695 5102 1842 5154 sedi--

247 5171 437 5250 tiones
466 5169 790 5250 concitavit,
832 5177 886 5221 et
914 5170 980 5224 ad
1021 5188 1134 5250 suae
1159 5169 1510 5250 _pcrditiouis
1541 5172 1844 5250 conuiuium,

1948 4541 2150 4595 latione
2180 4543 2448 4596 cessabat.
2477 4543 2727 4611 Cumque
2752 4543 2942 4598 ordine
2978 4541 3227 4599 Vvenisset
3269 4549 3335 4600 ad
3372 4551 3554 4604 trice-.

1948 4611 2146 4687 simum
2176 4612 2731 4680 quintumpsalmum,
2757 4613 2914 4687 cujus
2940 4623 3020 4668 est
3051 4615 3286 4687 initium,
3315 4617 3530 4687 Judiea,

1949 4680 2195 4746 Domine,
2223 4691 2480 4735 nocentes
2511 4697 2618 4748 me,
2650 4693 2809 4751 atque
2843 4683 2894 4736 in
2926 4699 3051 4738 cum
3090 4685 3252 4740 altius
3274 4680 3534 4746 intende-'-

1947 4759 2047 4830 ret,
2087 4766 2149 4803 ex
2192 4751 2316 4832 ipsa
2337 4751 2540 4832 psalmi
2586 4751 2964 4832 convenientia
2986 4754 3365 4832 ‘dolor‘cordis
3415 4762 3537 4832 ejus

1943 4820 2298 4893 increscebat.
2337 4820 2440 4877 Ubi
2472 4831 2652 4876 autem
2677 4822 2743 4876 ad
2767 4825 3098 4879 versiculum
3123 4825 3273 4879 illum
3294 4867 3309 4893 ,
3345 4820 3540 4888 Vediat

1943 4891 2019 4944 illi
2046 4891 2304 4972 laqueus,
2339 4908 2501 4972 quem
2528 4893 2780 4972 ignorat,_
2810 4905 3036 4949 ventum
3074 4903 3185 4972 est,
3208 4891 3371 4972 quasi
3404 4918 3544 4972 prm-

1945 4961 2355 5044 ὃξιέὅῐΟ-(Ῑυθδίηέῖ
2390 4964 2456 5017 de
2505 4961 2820 5016 adversario
2873 4974 3076 5030 tactus,
3105 4961 3550 5044 infr'Simu‘tt-spi-

1946 5033 2076 5098 ritu,
2103 5032 2475 5104 lacrymisque
2520 5047 2644 5087 cum
2673 5047 2813 5104 voce
2851 5034 3366 5104 prorumpentibus,
3397 5032 3557 5098 cui“-

1947 5105 2110 5166 dem,
2174 5101 2408 5158 diacono
2456 5114 2726 5173 stupente,
2780 5101 2974 5173 denuo
3030 5102 3271 5171 repetivit
3315 5101 3563 5169 (licens:

1948 5173 2144 5249 Veniat
2175 5174 2250 5250 illi
2300 5172 2562 5249 laqueus,
2592 5189 2755 5250 quem
2791 5172 3047 5244 ignorat,
3094 5181 3142 5224 et
3183 5174 3371 5250 captio
3405 5197 3572 5250 quam
