4028 5360
635 297 777 352 1545

1723 298 1777 350 S.
1823 292 2121 348 ANNONlS
2159 294 2476 352 ARClllEP.
2516 296 2765 352 COLON.
2814 286 2817 289 λ

3736 304 3845 359 15H

632 411 870 480 sippum,
898 424 928 462 a
954 409 1211 478 pracdicto
1237 418 1471 480 martyre
1498 408 1817 478 baptizatos,
1841 418 1894 463 et
1914 408 2052 481 apud
2083 408 2211 481 ltia-
2243 421 2281 474 Α
2315 410 2366 463 in
2387 409 2644 479 Sigeherg
2672 411 2836 479 hujus
2863 410 3059 464 lauitia:
3094 412 3304 475 nuntio,
3336 411 3450 481 ipse
3474 428 3593 466 cum
3616 414 3723 469 suis
3741 408 3846 471 con-

629 494 800 549 goncs
846 481 1062 549 egregie
1095 479 1403 546 coronatos,
1429 495 1537 533 una
1583 495 1706 533 cum
1753 496 1982 550 corpore
2014 480 2069 533 S.
2100 479 2209 532 Ma—

630 550 810 614 merti,
839 550 1077 605 civitatis
1104 550 1260 604 illius-
1273 551 1533 619 episcopi,
1561 551 1670 604 dux
1705 550 1843 605 idem
1879 553 2210 605 concedente

628 622 848 675 Christo
871 623 1121 685 emeruit,
1150 622 1412 690 laetusque
1431 637 1555 675 cum
1593 630 1741 676 tanto
1766 622 2003 677 eielestis
2026 632 2209 690 patro-

627 692 756 746 cinii
802 691 1028 762 pignore
1079 693 1216 747 lines
1256 691 1591 747 Alemaunia:
1638 703 1914 761 repetens,
1966 694 2211 746 ecclesia:

629 778 793 832 quam
826 763 1153 829 construxit,
1183 763 1595 817 desiderabilem
1628 763 1969 833 consignavit
1996 764 2211 817 thesau-

629 850 781 897 rum,
836 833 1037 887 sanctis
1062 834 1404 902 corporibus,
1437 835 1505 887 ob
1543 842 1745 887 metum
1796 836 2123 895 futurorum,
2156 834 2209 886 iu

629 904 874 959 sacrario
910 918 1038 957 cum
1093 904 1454 958 attitulatione
1490 905 1804 970 nominum,
1840 914 1995 960 terra:
2045 905 2210 959 altius

629 976 922 1029 immersis.
957 975 1085 1028 l’ost
1110 976 1310 1029 multos
1352 990 1525 1028 annos
1560 974 1815 1030 omnibus
1843 978 2212 1045 generation's

629 1045 773 1099 illius
804 1045 931 1099 hinc
961 1046 1210 1113 sublatis,
1238 1062 1362 1100 cum
1396 1046 1547 1099 locus
1578 1046 1718 1099 idem
1747 1047 1913 1115 regali
1935 1047 2205 1111 etenobio,

627 1116 772 1185 quod
804 1116 1107 1185 Eleuvange
1138 1115 1580 1196 _nuucupaut,ixi
1606 1117 1987 1196 proprietatem
2017 1118 2212 1172 cessis-

628 1197 727 1253 set,
757 1194 809 1240 et
838 1196 1110 1240 tantarum
1137 1188 1481 1243 lucernarum
1507 1188 1683 1257 fulgor
1713 1188 2020 1258 incognitus
2046 1204 2209 1241 mun-

626 1258 717 1327 do,
769 1258 989 1325 pulvere
1042 1258 1164 1312 vilis
1209 1259 1502 1327 sepultura:
1560 1266 1871 1327 tegeretur,
1922 1259 2211 1312 ordinante

631 1326 760 1392 Deo,
793 1328 885 1396 qui
912 1328 1160 1396 producit
1209 1326 1518 1383 Luciferum
1565 1326 1896 1398 intempore
1948 1345 2049 1383 suo
2088 1328 2209 1399 (Job

632 1402 884 1465 xxxviii),
919 1400 1203 1468 cujusdam
1257 1400 1438 1469 0pcris
1493 1400 1791 1453 intentione
1838 1400 2208 1469 pavimentum

626 1470 831 1539 sanctis
857 1470 1175 1539 corporibus
1203 1470 1515 1533 imminens,
1550 1487 1577 1523 a
1618 1469 1923 1525 fossoribus
1964 1482 2210 1539 apertum

558 1566 563 1571 ι
625 1548 728 1593 est.
780 1538 1265 1594 Proscindentihus
1309 1551 1489 1594 autem
1521 1542 1626 1593 illis
1671 1543 1933 1605 humum,
1982 1538 2212 1610 eamque

626 1610 874 1663 certatim
904 1612 1272 1678 egerentibus,
1302 1627 1365 1664 ex
1408 1612 1705 1679 improviso
1735 1620 2047 1665 sanctarum
2086 1611 2213 1665 reli-

624 1680 877 1752 quiarum
902 1682 1223 1752 sarcOphagi
1247 1680 1496 1735 discretis
1521 1684 1833 1735 nominibus
1853 1683 2047 1751 reperti
2064 1692 2206 1735 sunt.

2314 481 2525 535 scensis
2552 482 2727 549 cquis,
2768 481 3155 535 comitantibus
3188 483 3390 550 pariter
3421 497 3487 535 ex
3521 482 3737 539 Colonia
3764 504 3849 543 non

2312 550 2522 624 cxigme
2559 551 2922 624 multitudinis
2957 551 3111 624 ‘viris
3162 550 3499 624 etfeminis,
3540 553 3593 607 in
3637 554 3747 624 ipso
3779 574 3855 613 ve-

2313 637 2468 702 spere
2497 620 2796 703 l)ominic:c_
2826 621 3024 703 noctis,
3073 637 3194 691 quae
3228 622 3441 703 jejunii_
3464 620 3849 703 Quadragcsima

2312 691 2527 744 initium
2564 700 2706 759 erat,
2732 694 2798 746 ad
2840 691 3049 746 radices
3076 691 3277 747 montis
3300 695 3560 763 applicuit
3586 704 3641 749 et
3664 691 3851 753 (ii-scen-

2311 762 2567 833 deutibus
2597 764 2665 816 ad
2689 778 2815 816 cum
2846 763 3021 817 debita
3048 778 3171 817 cum
3199 762 3502 819 reverentia
3526 768 3853 833 proccssioni-

2314 832 2416 886 bus
2469 832 2720 905 fratrum,
2748 849 2875 887 ossa
2908 848 3079 905 sacra
3102 849 3225 888 cum
3248 833 3504 891 laudibus
3530 832 3730 905 recepta
3752 849 3852 892 sunt

2313 918 2407 971 per
2444 913 2658 974 noctem
2706 903 2760 956 in
2808 904 3058 969 ecclesia,
3091 918 3213 973 quze
3256 906 3467 974 adjacct
3500 903 3685 961 monti.
3727 907 3851 962 Mane

2315 989 2442 1027 vero
2490 973 2757 1028 Dominici
2806 974 2934 1040 diei,
2988 977 3131 1043 quod
3179 973 3336 1029 tertio
3384 976 3602 1031 decimo
3625 976 3849 1033 Kalendas

2314 1043 2489 1098 Martii
2516 1044 2921 1113 exspectatione
2946 1047 3191 1098 omnium
3218 1046 3412 1110 illuxit,
3446 1049 3597 1103 omni
3622 1062 3848 1103 conventu

2314 1115 2629 1169 solemniter
2668 1115 2876 1179 induto,
2908 1115 3141 1170 diversis
3170 1117 3333 1171 etiam
3365 1119 3720 1182 ornamentis,
3737 1120 3848 1172 mul-

2316 1184 2493 1255 tisque
2540 1185 2903 1240 luininaribus
2934 1187 3138 1256 templo,
3167 1188 3579 1256 resplendente,
3612 1203 3754 1242 sacer
3775 1206 3849 1242 an-

2316 1256 2470 1310 tistes
2494 1271 2551 1309 se
2573 1268 2774 1311 sancta:
2805 1258 3082 1311 memoriae
3105 1255 3286 1326 Erpho
3311 1258 3502 1323 abbas,
3543 1258 3665 1327 pios
3695 1259 3851 1314 bonic-

2315 1343 2406 1380 ros
2452 1336 2766 1382 sanctarum
2814 1328 3165 1396 reliquiarum
3226 1326 3432 1382 feretro
3492 1326 3847 1396 sribjicieutes,

2315 1407 2601 1451 resonante
2646 1398 2867 1466 pepulo,
2917 1398 3195 1467 signisque
3237 1398 3715 1467 «increpantibus,
3753 1416 3848 1454 cum

2317 1482 2527 1538 magna:
2556 1468 2858 1522 devotionis
2889 1469 3128 1522 carmine
3155 1469 3575 1538 praecedentium
3600 1471 3849 1525 monacho-

2315 1537 2456 1601 rum,
2472 1548 2763 1609 martyrem
2781 1547 2833 1594 et
2845 1539 3179 1592 sacerdotem
3191 1554 3350 1592 suum
3364 1537 3589 1609 Christo
3603 1541 3658 1594 in
3670 1541 3850 1594 odorem

2316 1607 2699 1663 suavitatisad
2746 1610 2916 1663 altare
2956 1617 3372 1678 praasentaruut.
3404 1607 3538 1662 lude
3582 1626 3850 1665 sermonem

2315 1678 2381 1731 ad
2412 1681 2667 1748 populum
2715 1680 3023 1746 habiturus,
3070 1680 3259 1737 altiora
3312 1680 3516 1747 pracsul
3556 1682 3850 1746 conscendit,

629 1749 739 1805 Illic
762 1752 952 1829 magni
982 1752 1159 1829 meriti
1180 1749 1387 1823 inartyr
1410 1760 1467 1829 et
1494 1754 1747 1829 sacerdos
1772 1768 1899 1829 vere
1916 1749 2131 1806 inet-itis
2158 1760 2211 1805 cl.
2247 1767 2283 1823 ις
2314 1761 2364 1829 et
2396 1758 2541 1829 lotus
2570 1766 2680 1818 prie
2709 1751 2907 1829 gaudio
2936 1750 3191 1829 lacrymis
3217 1749 3389 1803 ﬂuens
3409 1791 3422 1816 ,
3468 1766 3742 1829 nunquam
3773 1753 3851 1805 sibi

628 1822 848 1875 nomine
896 1821 1209 1891 Beuiguus,
1243 1821 1453 1876 caeteris
1498 1823 1829 1876 nominatior
1875 1824 2211 1877 invcutnsac

625 1892 940 1963 sublevatus
988 1903 1105 1959 est,
1152 1909 1248 1962 per
1270 1893 1412 1946 idem
1456 1902 1666 1962 tempus
1692 1894 1885 1948 abbate
1923 1893 2207 1963 thtigero,

624 1962 717 2033 qui
746 1961 803 2016 Β.
837 1960 1085 2018 Aneonis
1111 1960 1709 2033 censanguineusiuit,
1742 1965 2051 2018 cumobium
2068 1960 2209 2018 illud

626 2032 1063 2087 administrante.
1116 2032 1369 2088 Proxime
1430 2034 1628 2089 dehinc
1692 2035 1959 2088 Dominici
2012 2036 2210 2088 natalis

624 2104 821 2172 gaudia
853 2120 944 2157 rex
976 2103 1327 2174 Babinbergaa
1356 2106 1649 2159 celebravit
1677 2122 1688 2156 :
1723 2107 1812 2159 ubi
1839 2122 1962 2159 cum
2012 2107 2209 2159 inulto-

626 2190 748 2228 rum
800 2190 1083 2243 procerum
1137 2180 1190 2229 et
1232 2176 1493 2245 dignitate
1545 2176 1857 2245 pollentium
1909 2186 2209 2230 conventus

625 2253 790 2309 esset,
833 2247 997 2298 etiam
1040 2246 1208 2302 abbas
1238 2246 1380 2299 idem
1429 2248 1663 2300 advenit.
1710 2247 2055 2315 l’mpinquus
2079 2262 2209 2316 ergo

626 2329 754 2389 _c_um_
781 2326 924 2369 esset
949 2317 1197 2389 Almonis
1227 2318 1642 2389 archiepiscopi,
1681 2321 1839 2386 quasi
1871 2318 2210 2389 giatulatuijo

629 2383 951 2457 benignum,
987 2386 1083 2455 qui
1130 2387 1377 2440 mittente
1518 2383 1818 2457 Pulycarpo
1852 2383 2120 2455 discipulo
2147 2387 2205 2443 Β.

624 2453 852 2525 Joannis
889 2453 1252 2525 evangelistze,
1293 2458 1437 2511 venit
1466 2474 1529 2511 ex
1578 2453 1823 2522 A'sia,'se
1869 2453 2100 2511 testatus
2125 2466 2209 2512 est

625 2524 915 2580 invenisse.
955 2524 1189 2595 llapicns
1219 2537 1399 2581 autem
1430 2528 1672 2597 pontifex
1700 2545 1895 2582 nomen
1918 2528 2110 2597 ,ipsnm
2142 2545 2205 2583 ex

623 2612 719 2651 ore
748 2597 1242 2667 ejuszlianignum,
1276 2599 1472 2666 inquit,
1504 2607 1552 2653 te
1583 2598 1819 2654 allirmas
1852 2600 2087 2653 habere?
2110 2598 2207 2653 llic

625 2682 871 2720 meorum
932 2669 1186 2737 specialis
1248 2670 1575 2723 intercessor
1622 2680 1704 2724 est
1762 2671 2203 2724 monachorum:

626 2736 772 2810 hunc
816 2736 1353 2807 meis’petitionibus
1389 2750 1602 2810 oportet
1639 2750 1694 2795 ut
1726 2742 2026 2809 indulgeas,
2072 2741 2117 2793 si
2158 2750 2207 2795 te

621 2805 853 2878 delectat
876 2825 942 2863 ex
975 2805 1079 2863 hoc
1120 2811 1233 2878 jam
1266 2805 1441 2864 ulluui
1480 2811 1785 2866 dilectionis
1828 2805 1959 2865 nunc
2008 2805 2208 2865 benefi—

622 2877 789 2932 cium.
817 2879 926 2946 llle,
957 2887 1015 2951 ut
1036 2877 1132 2949 qui
1161 2882 1216 2933 in
1240 2881 1593 2950 persolvendo
1619 2898 1725 2937 non
1763 2882 1911 2951 parvi
1948 2882 2207 2950 ponderis

622 2958 849 3018 argento
888 2950 997 3022 regi
1031 2952 1304 3006 obnoxius
1350 2960 1515 3017 esset,
1566 2953 1636 3006 ita
1705 2950 1988 3022 respondit
2024 2971 2034 3006 :
2068 2952 2207 3006 Ecce

624 3021 968 3099 utgpecuniie,
1009 3038 1173 3099 quam
1208 3022 1397 3099 debeo,
1438 3039 1569 3099 cura
1598 3039 1694 3099 me
1722 3021 1891 3099 leves,
1921 3022 2206 3099 desideriis

2308 1819 2693 1889 jucundiorem
2713 1823 2955 1876 illuxisse
2968 1819 3110 1875 diem
3130 1828 3474 1874 testatusest.
3492 1819 3855 1891 Exponeusque

2311 1891 2438 1965 quis
2485 1891 2570 1943 vel
2599 1892 2762 1965 cujus
2774 1892 2976 1965 meriti
3022 1900 3189 1965 esset,
3217 1891 3310 1965 qui
3348 1891 3704 1965 portabatur,
3740 1893 3853 1961 quod

2311 1959 2585 2032 benignus
2612 1959 2993 2031 appellaretur,
3024 1960 3300 2022 indicavit,
3328 1959 3523 2015 dicens
3553 1981 3567 2015 :
3601 1959 3852 2032 Benignus,

2311 2031 2507 2100 inquit,
2539 2032 2835 2088 benevolus
2855 2033 3057 2087 dicitur
3080 2073 3094 2098 ,
3130 2042 3182 2086 et
3215 2032 3411 2085 merito
3443 2051 3454 2084 :
3506 2031 3855 2100 apci‘tas’cnim

2310 2116 2470 2156 aures
2497 2103 2561 2156 ad
2595 2104 2841 2157 oumium
2888 2113 3137 2158 nostrum
3180 2118 3365 2172 preces
3400 2101 3589 2166 habet,
3632 2113 3680 2156 et
3722 2103 3855 2156 libens

2311 2172 2520 2227 tissime
2549 2174 2866 2239 exaudiens,
2897 2188 2993 2241 per
3014 2174 3254 2242 seipsum
3272 2172 3487 2227 accedit
3522 2174 3597 2227 ad
3626 2172 3779 2227 Deum
3804 2173 3855 2225 ad

2311 2242 2764 2312 interpellandum
2788 2259 2888 2313 pro
2914 2243 3088 2298 nobis.
3130 2242 3287 2297 Nunc
3317 2243 3502 2312 igitur,
3524 2243 3856 2307 dilectissimi,

2309 2313 2445 2384 tanti
2476 2316 2691 2384 patroni
2719 2315 3063 2384 praesentiam
3093 2315 3373 2379 habentes,
3404 2313 3605 2383 erigite
3632 2315 3797 2384 corda,
3816 2324 3857 2366 et

2311 2383 2543 2455 singuli,
2586 2383 2734 2455 quid
2758 2386 2911 2439 vobis
2954 2384 3246 2453 expediat,
3284 2384 3358 2455 illi
3407 2384 3729 2453 suppliciter
3756 2383 3857 2455 inti-

2310 2466 2473 2508 mate.
2505 2453 2636 2509 Mihi
2675 2456 2895 2519 credite,
2925 2454 2970 2510 si
2993 2462 3201 2509 tantum
3243 2454 3377 2509 ﬁdes
3418 2469 3531 2507 non
3564 2455 3733 2519 desit,
3758 2453 3857 2523 quia

2310 2523 2584 2594 Benignus
2613 2535 2697 2581 est
2736 2535 2789 2580 et
2813 2526 3148 2590 nominatur,
3181 2524 3587 2595 benignissime
3612 2525 3856 2595 quodcun-

2307 2610 2415 2663 que
2443 2597 2653 2665 petitis,
2696 2612 2943 2651 annuens
2986 2596 3325 2651 aceclerabit.
3354 2596 3556 2649 Annus
3609 2596 3859 2648 Dominicr

2309 2666 2742 2733 lacarnatiouis,
2794 2682 2903 2737 quo
2948 2665 3063 2737 haec
3107 2666 3390 2721 translatio
3436 2667 3712 2737 celebrata
3766 2676 3855 2737 est.

2309 2737 2636 2817 millesimus
2677 2735 3120 2817 septuagesimus
3164 2739 3354 2792 tertius
3407 2746 3549 2817 erat.
3608 2736 3730 2790 Post
3770 2736 3857 2789 iure

2307 2808 2521 2879 duobus
2550 2808 2740 2862 loculis
2777 2808 2933 2862 novis
2968 2808 3293 2863 altrinsecus
3320 2815 3445 2879 post
3472 2808 3655 2861 altare
3673 2820 3858 2879 compo-

2309 2878 2451 2944 sitis,
2482 2880 2661 2933 medio
2686 2879 2825 2933 inter
2846 2893 2942 2934 eos
2968 2887 3197 2933 vacante
3231 2877 3370 2943 loco,
3394 2878 3460 2930 'in
3487 2879 3721 2933 dextero
3757 2877 3856 2930 bc:-

2308 2958 2423 3003 tum
2448 2948 2923 3007 lnnocentium.in
2947 2948 3171 3003 sinistro
3194 2964 3321 3004 vero
3342 2949 3572 3002 beatum
3597 2946 3855 3017 Bcnignum

2307 3020 2549 3088 pontifex
2579 3020 2884 3085 collocavit,
2909 3027 2965 3073 et
2988 3020 3170 3073 la-titia
3192 3018 3466 3088 perfusus,
3485 3019 3654 3088 quasi
3681 3018 3855 3088 ludens,

625 3087 756 3155 tuis,
772 3100 847 3172 _ut
872 3092 973 3157 vis,
1003 3087 1361 3172 satisfaciam,
1391 3093 1623 3172 mittens
1640 3094 1745 3172 tibi
1766 3111 1875 3172 non
1895 3094 2081 3172 alium,
2113 3094 2204 3146 sed
2238 3110 2277 3165 ρ
2313 3087 2367 3143 ut
2399 3092 2721 3172 plerumque
2749 3091 2976 3155 solebat,
3007 3087 3331 3172 loquebatur
3367 3107 3380 3143 :
3420 3087 3531 3172 erit
3568 3092 3636 3144 ad
3679 3087 3855 3172 libitum

621 3161 875 3235 eumdem
912 3178 1096 3235 revera
1130 3164 1450 3234 Beuignum,
1482 3165 1575 3235 qui
1613 3166 1663 3218 in
1690 3164 2002 3218 Divioneusi
2029 3173 2211 3235 castro

623 3231 727 3285 sub
783 3232 1077 3306 Aureliano
1133 3231 1452 3306 martyrium
1500 3231 1684 3289 duxit.
1744 3235 1882 3289 lluie
1927 3234 2207 3304 sponsioni

621 3302 822 3425 Βηθδυί
869 3312 1149 3373 gratanter
1179 3302 1448 3372 annuens,
1481 3308 1682 3375 quippe
1731 3306 1823 3376 qui
1867 3302 2047 3359 nullas
2075 3320 2207 3375 opes

663 3371 866 3425 aberet.
897 3389 1035 3425 duas
1062 3390 1168 3425 non
1193 3376 1425 3425 libenter
1451 3377 1503 3425 in
1536 3376 1908 3425 huiuscemodi
1946 3390 2207 3425 eonnmer-

663 3371 1035 3445 aberet,'quas
1062 3390 1168 3429 non
1193 3371 1514 3430 libenter'in'
1536 3371 1909 3445 hujuscemodi
1946 3371 2209 3431 commer-

621 3440 768 3515 cium
798 3440 1097 3499 insumeret
1122 3446 1256 3515 (l5),
1288 3463 1412 3501 cum
1437 3447 1537 3502 sibi
1577 3440 1768 3501 mutuo
1798 3448 1955 3500 fidem
1984 3447 2202 3512 dantes,

625 3512 846 3586 utrique
870 3512 1231 3570 recessissent
1251 3517 1317 3570 ad
1348 3517 1584 3586 propria,
1609 3530 1732 3586 post
1755 3533 1997 3571 mensem
2031 3525 2081 3571 et
2118 3517 2205 3571 di-

620 3583 862 3657 midium
887 3586 1187 3657 monachos
1220 3583 1463 3657 pretiosi
1489 3583 1734 3657 corporis
1764 3588 1975 3657 glebam
2025 3586 2207 3641 feren-

618 3663 723 3728 tes,
769 3654 1019 3728 Coloniae
1040 3671 1162 3728 cum
1217 3654 1414 3728 gaudio
1471 3654 1733 3726 suscepit.
1767 3654 1996 3724 Quibus
2044 3656 2204 3728 [idem

618 3724 905 3798 adstruere
970 3724 1269 3783 nitentibus
1323 3729 1553 3798 publicis
1603 3724 2001 3792 sacramentis,
2056 3727 2201 3796 quod

619 3810 730 3849 non
764 3796 926 3870 alius,
953 3813 1119 3870 quant
1141 3799 1233 3870 qui
1259 3796 1572 3868 rogabatur,
1600 3798 1874 3870 Bcnignus
1894 3808 2057 3863 esset,
2092 3813 2201 3870 non

619 3867 888 3935 permisit,
920 3869 1110 3922 dicens
1137 3867 1191 3922 iii
1235 3870 1354 3938 ejus
1383 3867 1760 3935 veneratione,
1780 3870 1848 3924 de
1873 3886 1984 3938 quo
2011 3869 2201 3938 ageba-

620 3947 727 4002 tur,
760 3938 907 3993 hunc
936 3954 995 3993 se
1016 3938 1382 3994 indubitanter
1430 3940 1764 3996 habiturum.
1801 3938 2199 4009 Przeuiissoque

2314 3156 2496 3241 meum
2530 3162 2606 3241 rei
2632 3156 2962 3241 "processus,
2993 3161 3041 3241 si
3079 3156 3411 3241 quandoque
3436 3160 3648 3231 dignus
3677 3156 3853 3241 altario,

2314 3233 2525 3287 medius
2550 3226 2690 3286 inter
2715 3247 2812 3286 vos
2842 3226 3347 3301 recipiathlioqui
3372 3245 3441 3285 ex
3486 3226 3584 3285 me
3628 3226 3854 3299 speranda

2311 3303 2462 3356 vobis
2489 3304 2787 3373 gratiarum
2810 3303 2954 3357 actio
2981 3300 3225 3371 profecto
3282 3315 3391 3373 non
3410 3301 3535 3373 erit.
3579 3301 3724 3373 Quae
3773 3312 3855 3349 vox

2309 3371 2560 3443 quamvis
2587 3374 2777 3443 leviter
2805 3373 2969 3437 dicta,
3002 3388 3164 3441 quam
3188 3373 3332 3427 serio
3352 3372 3424 3427 sit
3447 3372 3516 3425 ab
3537 3371 3625 3426 eis
3651 3377 3853 3435 accepta,

2311 3442 2411 3499 nos
2440 3444 2585 3498 oculi
2611 3442 2733 3499 fidei
2765 3444 2881 3513 jam
2903 3443 3334 3512 contemplamur
3360 3461 3372 3495 :
3407 3442 3503 3511 qui
3530 3443 3637 3496 etsi
3664 3450 3855 3508 corpore

2310 3516 2545 3568 necdum
2590 3514 2927 3579 viderimus,
2981 3513 3174 3568 merito
3220 3523 3401 3567 tamen
3433 3513 3711 3567 credimus
3755 3521 3852 3561 cum

2311 3584 2452 3639 inter
2495 3601 2593 3639 eos
2634 3585 2817 3640 locum
2839 3578 2951 3653 jam
2999 3584 3291 3652 accepisse.
3342 3584 3421 3637 De
3465 3582 3631 3651 cuius
3669 3578 3777 3632 Vita
3812 3585 3852 3653 et

2308 3656 2568 3723 operibus
2594 3671 2767 3725 pauca
2793 3649 2893 3724 pro
2930 3649 3181 3725 numero,
3208 3668 3316 3725 non
3360 3664 3422 3725 ut
3450 3649 3757 3725 debtiimus,
3781 3649 3850 3701 sed

2311 3722 2372 3778 ut
2393 3722 2690 3794 potuimus,
2731 3722 3026 3780 auxiliante
3064 3724 3194 3787 Deo,
3225 3724 3329 3777 hoc
3370 3722 3481 3778 line
3506 3724 3850 3794 terminantt’s.

2305 3791 2426 3849 ocio
2461 3796 2677 3849 interim
2709 3796 3077 3866 indulgemus,
3123 3802 3181 3846 ut
3210 3794 3297 3866 iis,
3346 3809 3474 3866 qua}
3499 3795 3567 3849 de
3602 3791 3853 3846 virtutibus

2302 3867 2423 3935 ejus
2479 3864 2885 3937 praedicantur,
2936 3865 3301 3931 elucidandis,
3347 3864 3586 3920 leviores
3630 3876 3850 3928 assurga-

2302 3952 2446 3992 mus.

693 4094 808 4165 (l5)
881 4096 1005 4155 Ilaec
1054 4098 1141 4169 pie
1184 4100 1496 4170 accipienda
1526 4110 1671 4155 sunt.
1729 4098 1849 4153 Non
1891 4099 2037 4153 enim
2086 4096 2212 4152 licet
2250 4097 2481 4152 vendere
2507 4111 2694 4152 sacras
2717 4094 2997 4168 reliquias.

621 4201 3035 4231 Mm

3028 4201 3830 4226 τ-ι--ιιι--ο--ι--ισ-

1803 4380 2105 4457 LIBER
2164 4374 2730 4457 SECUNDUS.

694 4558 734 4612 l.
778 4557 918 4631 Quid
956 4558 1036 4612 vir
1059 4565 1238 4613 tantus
1268 4560 1488 4631 senserit
1513 4560 1575 4613 de
1590 4562 1758 4614 sacris
1789 4560 2042 4631 reliquiis.
2080 4558 2203 4614 Sine
2240 4562 2279 4618 D
2309 4558 2420 4631 fieri
2442 4557 2943 4631 :quippequibusin
2962 4556 3176 4628 signum
3191 4553 3782 4631 contradictionisUnit.
3802 4548 3848 4629 ii)

623 4632 768 4686 clare
794 4630 1027 4701 thecam,
1052 4631 1108 4682 in
1134 4644 1239 4701 qua
1277 4628 1333 4685 S.
1375 4630 1612 4701 Gregorii
1648 4628 1942 4697 brachium,
1970 4634 2197 4700 aperuit.

625 4702 983 4771 lnteutionem
1016 4700 1181 4771 hujus
1211 4702 1395 4771 operis
1424 4702 1620 4757 divinae
1650 4702 1825 4757 laudis
1853 4703 2051 4757 intuitu
2092 4718 2203 4771 prae

623 4773 878 4828 manibus
924 4770 1160 4835 habens,
1217 4772 1359 4828 fictis
1416 4773 1828 4827 narrationilms
1884 4770 2201 4828 incumbere

622 4844 972 4914 vehementer
1008 4850 1062 4895 et
1106 4842 1223 4914 ipse
1266 4843 1546 4898 detestor:
1581 4845 2024 4914 quandoquidem
2054 4845 2200 4898 unde

622 4912 757 4983 mihi
812 4926 938 4983 spes
981 4919 1063 4965 est
1105 4913 1501 4982 aliquantulum
1537 4912 1894 4969 exhauriendi
1942 4923 2197 4983 peccata,

624 4982 749 5036 inde
780 4980 999 5054 gravior
1026 4980 1305 5054 accederet
1333 4984 1613 5053 iniquitas,
1654 4985 1699 5040 si
1728 4980 2089 5054 praitcrquam
2111 5000 2204 5038 ves

624 5053 759 5107 ritas
782 5052 984 5116 cst,vel
1011 5068 1041 5106 a
1065 5068 1150 5106 me
1187 5052 1384 5108 veritas
1411 5052 1513 5118 est,
1556 5056 1639 5109 vel
1673 5072 1704 5109 a
1727 5052 1814 5110 ine
1843 5052 2031 5109 verum
2055 5055 2200 5109 allir-

624 5132 835 5203 matur,
883 5123 1205 5206 quicquam.
1239 5122 1582 5205 impudenter
1621 5126 2003 5206 exprimerem.
2037 5124 2203 5206 “Deus

2602 4630 2811 4682 alva'tor
2829 4626 3042 4698 positus
3068 4635 3167 4681 est.
3196 4626 3264 4679 At
3293 4626 3850 4698 nosscicntessaueii-

2310 4639 2365 4684 ct
2404 4639 2524 4699 ipse,
2561 4639 2811 4682 Salvator
2829 4639 3042 4698 pOStlllS
3068 4639 3167 4681 est.
3196 4639 3264 4679 At
3293 4642 3392 4680 nos
3424 4639 3659 4679 scientes
3684 4639 3849 4677 saucu-

2312 4709 2475 4755 tatem
2503 4699 2740 4755 hominis
2770 4698 2895 4765 Dei,
2933 4714 3033 4753 nec
3074 4698 3329 4766 potentiae
3356 4696 3559 4750 Christi
3591 4694 3849 4766 quicquam

2312 4698 2475 4755 tatem
2503 4699 2740 4755 hominis
2770 4698 2895 4765 Dei,
2933 4714 3033 4753 nec

2309 4772 2677 4846 detrahentes,
2706 4770 2775 4823 ad
2804 4786 2889 4846 ea,
2914 4785 3036 4839 quae
3057 4765 3159 4846 _vel
3185 4767 3497 4846 auditu,ch
3528 4765 3848 4846 scripturn»

2308 4841 2507 4895 bahilia
2534 4842 2601 4896 de
2628 4856 2694 4893 eo
2720 4834 3021 4909 reperimus
3054 4839 3108 4893 in
3153 4839 3322 4908 signis
3348 4846 3398 4890 ct
3441 4834 3848 4909 revelationilms,

2307 4920 2473 4981 atque
2499 4910 2587 4977 iis,
2615 4925 2737 4980 quae
2758 4905 3073 4980 prophetiee
3099 4905 3315 4964 locutus
3339 4917 3444 4971 est,
3480 4905 3713 4981 Spiritus
3746 4917 3849 4957 San—

2307 4977 2828 5064 eti—gratia‘sensu—m
2922 4981 3160 5064 linguam
3184 4986 3420 5064 regente,
3444 4977 3513 5064 pb
3537 4985 3848 5064 pOSlBII‘OIFiljl

2285 5043 2558 5107 ‘notitiam
2582 5052 2687 5106 hoc
2712 5052 2938 5123 exordio
2972 5043 3272 5123 colligenda
3298 5043 3644 5123 accedamus.
3676 5043 3847 5123 lucu!-

2308 5125 2471 5206 nobio
2499 5137 2620 5190 suo,
2657 5123 2802 5206 quod
2842 5122 2895 5204 in
2920 5112 3295 5206 montevsi‘tum
3325 5128 3428 5206 est,
3449 5117 3620 5206 frater
3657 5112 3848 5206 quidjlzijt
