4028 5360
283 267 428 322 lfiail

1627 263 1807 319 VITA.
1850 292 1916 302 —-
1957 262 2076 316 LIB=
2125 263 2184 318 ll.

3425 261 3557 317 I569.

282 379 508 456 etisquc
529 376 831 456 cervicibus
854 377 1329 456 interflciunt,_lioc
1351 377 1399 431 ei
1423 376 1636 456 crimini
1663 377 1878 440 dantes,
1911 381 1952 434 A
1983 385 2180 456 tusquc
2205 375 2576 456 qnod_tra'iita
2618 375 2858 456 civitate,
2883 376 2964 430 vis
2985 375 3277 456 conc-itane.
3308 375 3555 456 multitu-

284 450 443 518 quod
473 448 722 518 homines
749 448 1066 518 plerumque
1087 449 1311 517 magicis
1335 449 1544 502 artibus
1569 447 1880 502 dementare

287 517 559 572 infamata
607 517 817 572 fuisset.
864 517 1104 573 Sedboc
1149 523 1326 573 scelus
1350 518 1707 572 commodiori
1747 527 1878 572 tem-

285 606 452 660 pore,
481 598 537 642 ct
570 591 844 658 pacatiore
889 591 1074 644 animo
1124 591 1402 644 vindicare
1445 590 1762 660 debuerant.
1796 587 1884 642 ln-

262 659 571 714 ‘tluxcrant
599 660 764 714 etiam
816 659 868 712 in
918 662 1162 714 auiumm
1229 661 1276 714 si
1315 675 1424 714 non
1472 659 1598 726 fuga
1631 661 1719 713 vix
1751 676 1880 713 eva-

289 731 486 785 sisset.
517 730 862 784 Abbatissam
915 731 1178 799 perimere
1207 731 1275 785 de
1308 730 1365 784 S.
1403 729 1652 794 Caecilia,
1709 731 1882 784 solam

290 801 496 856 mortis
527 800 650 870 ejus
700 816 922 855 causam
973 801 1252 864 habentes,
1283 802 1431 870 quod
1472 800 1884 870 archiepiscopo

288 871 775 942 consanguinitate
815 872 1144 942 jungehatur
1173 873 1396 942 :adhuc
1442 871 1884 942 etscelcratiora

289 941 522 1024 aggredi
544 941 992 1024 statuentes,_nisi
1022 942 1164 998 Deus
1183 941 1424 1024 Cplonitc
1455 941 1733 1024 misertus,
1757 943 1883 1024 bre-

288 1012 504 1068 viasset
536 1012 654 1068 dies
683 1013 934 1067 amentiae
980 1027 1193 1067 eorum.
1225 1013 1490 1068 Praeterea
1515 1013 1758 1082 juvenes.
1783 1014 1885 1066 im-

289 1087 490 1166 pigros
519 1083 736 1148 citato,
769 1093 1036 1165 quantum
1073 1093 1325 1154 possent,
1366 1085 1536 1166 gradu
1581 1085 1648 1137 ad
1699 1099 1880 1155 regem

288 1153 384 1211 ire
409 1155 623 1225 juhcnt,
657 1153 907 1227 nuntiare
938 1153 986 1207 ei
1025 1153 1147 1227 qua!
1181 1164 1327 1225 gesta
1376 1153 1614 1219 fuerant,
1647 1163 1700 1208 et
1753 1153 1882 1227 sug-

288 1240 490 1296 gerere
518 1237 576 1278 ut
606 1225 929 1296 quantocius
960 1226 1143 1279 veniat
1168 1255 1181 1290 ,
1208 1236 1488 1280 vacantem
1537 1227 1767 1294 expulso
1795 1225 1886 1280 ar-

289 1295 685 1365 ehiepiseopo,
703 1295 980 1366 civitatem
999 1311 1264 1366 occupare
1292 1315 1303 1349 :
1332 1298 1384 1350 in
1408 1311 1474 1350 eo
1499 1310 1580 1365 vel
1595 1297 1632 1350 ti
1654 1297 1882 1351 salutem

290 1375 563 1424 crvrtatis.
598 1377 653 1420 ct
685 1367 859 1436 ipsius
892 1365 1176 1437 utilitatem
1223 1367 1548 1431 maximam,
1579 1377 1637 1421 ut
1660 1368 1884 1437 grandia

293 1437 736 1492 molientem'de
791 1436 1115 1507 vindicanda
1171 1437 1369 1507 injuria
1415 1436 1884 1507 archiepisc0pum

289 1508 608 1578 anticipare
629 1518 878 1562 conetur.
921 1505 1146 1562 Talibus
1169 1505 1330 1561 furiis
1356 1517 1471 1562 toto
1509 1505 1687 1562 triduo
1710 1505 1884 1578 agita-

288 1578 523 1633 bantur.
561 1577 859 1647 Postquam
891 1578 1138 1632 auditum
1165 1587 1250 1633 est
1288 1593 1382 1647 per
1425 1577 1792 1647 provinciam,
1831 1587 1887 1632 et

289 1649 503 1703 celebri
535 1665 754 1702 rumore
783 1649 1092 1719 vulgatum,
1120 1649 1265 1717 quod
1286 1648 1646 1703 Colonienses
1673 1665 1772 1704 sua
1794 1663 1884 1703 ar-

1981 446 2126 500 dinis
2150 448 2377 500 inhiberi
2411 463 2516 501 non
2536 455 2737 516 posset,
2767 445 2858 501 sed
2889 447 3082 514 partim
3117 445 3336 513 injuria,
3363 447 3556 514 partim

1981 518 2236 584 cupidine
2291 519 2482 586 praeda:
2513 520 2750 581 accensi,
2787 520 3036 573 acerbius
3067 517 3316 571 Stcvireut
3355 517 3407 569 in
3459 533 3557 584 po-

1984 588 2191 658 pulum,
2226 588 2424 641 obnixe
2456 599 2608 658 rogat
2629 589 3007 657 provinciales,
3039 588 3131 657 qui
3165 603 3347 641 secum
3379 597 3558 658 erant,

1985 668 2042 710 ut
2076 657 2273 726 singuli
2313 660 2364 710 in
2422 657 2538 712 sua?
2574 675 2697 713 cum
2742 675 2872 726 pace
2924 666 3236 712 ret‘eilereut
3282 677 3293 710 :
3341 657 3475 712 satis
3498 673 3559 712 se

1983 745 2144 797 opera
2171 745 2360 782 eorum
2395 743 2575 792 usum,
2605 738 2659 783 et
2686 731 2908 784 evidens
2934 730 3121 783 tulisse
3149 730 3397 782 documen
3422 737 3559 794 tum,

1983 799 2112 869 quid
2143 798 2310 852 animi
2341 815 2470 851 oves
2497 817 2621 868 erga
2684 810 2976 868 pastorem,
3026 801 3119 853 lilii
3166 815 3294 869 erga
3351 807 3558 867 patrem

1983 881 2230 940 gererent
2262 888 2272 920 :
2309 870 2662 938 asperrimam
2695 880 2897 938 portent
2931 870 3129 940 negotii
3165 870 3330 923 multa
3372 885 3560 940 eorum

1983 937 2183 994 virtute
2228 937 2474 993 exactam
2515 957 2635 997 esse
2666 937 2911 994 :cartera
2951 937 3072 1010 quze
3127 948 3351 1001 restent,
3406 937 3562 994 facile

1979 1011 2090 1081 jam
2109 1011 2315 1078 privata
2348 1011 2716 1081 acdomestiea
2743 1028 2902 1064 nzauu
2932 1027 3089 1080 posse
3105 1011 3565 1070 confici.Proinde

1985 1080 2128 1150 quod
2185 1081 2388 1135 bonum
2452 1080 2576 1134 felix
2629 1083 2978 1150 faittstutnque
3039 1092 3202 1144 esset,
3240 1083 3453 1135 abirent
3508 1081 3562 1133 in

2021 1167 2178 1206 omos
2212 1168 2360 1216 suas,
2387 1151 2528 1205 hanc
2553 1160 2894 1221 reportantes
2917 1167 3088 1220 spem,
3121 1153 3265 1221 quod
3298 1153 3461 1219 hujus
3477 1151 3564 1203 be.-

1985 1222 2163 1277 nelicii
2193 1223 2366 1292 gratia
2393 1223 2534 1292 apud
2568 1239 2718 1289 cum,
2749 1238 2846 1276 seu
2882 1222 3064 1275 vivum
3103 1238 3195 1276 seu
3225 1223 3564 1283 deftmetum,

1987 1291 2247 1363 perpetuo
2270 1291 2528 1348 mansura
2553 1292 2710 1348 foret.
2751 1292 2864 1347 lloc
2893 1292 2981 1346 vix
3027 1291 3336 1363 impetrato,
3370 1293 3568 1363 milites

1986 1361 2139 1426 suos,
2166 1372 2403 1434 quantos
2433 1364 2500 1418 ad
2540 1363 2974 1433 comprimemlos
3010 1362 3250 1417 urbanos
3273 1372 3498 1434 motus,
3524 1361 3569 1413 si

1985 1435 2078 1504 qui
2103 1432 2246 1488 forte
2273 1434 2489 1488 levitate
2517 1432 3144 1504 vulgiiustmnrareutur,
3194 1432 3439 1489 sul'lieere
3471 1448 3571 1500 puv-

1989 1503 2156 1568 tabat,
2188 1505 2492 1574 praecedere
2536 1505 2587 1558 in
2613 1505 2885 1558 civitatem
2925 1503 3099 1570 jubet,
3135 1514 3424 1558 secuturus
3455 1503 3570 1574 ipse

1988 1572 2235 1645 proxima
2282 1576 2419 1640 luce,
2469 1590 2592 1645 cum
2627 1591 2838 1637 eorum,
2865 1575 2958 1644 qui
2983 1572 3566 1645 pr:ecessissent,rtlili-

1989 1644 2189 1716 gentia,
2206 1661 2282 1716 ne
2306 1646 2433 1716 quid
2467 1644 2607 1699 forte
2651 1646 2974 1699 insidiarum
3006 1646 3198 1698 lateret
3234 1644 3285 1698 in
3311 1644 3569 1716 Aeivitate,

289 1714 951 1793 chicpiscopumprobris
994 1727 1050 1775 et
1077 1714 1424 1793 contumeliis
1444 1719 1718 1793 aﬂ'ectum,
1751 1721 1884 1793 urbe
1919 1735 1957 1793 ις
1985 1714 2352 1793 praecavisset,
2388 1715 2462 1793 Ea
2487 1727 2639 1793 nocte
2667 1716 2927 1793 sexcenti,
2954 1724 3054 1793 aut
3068 1730 3139 1793 eo
3159 1714 3394 1793 amplius
3423 1727 3569 1766 mer-

294 1789 606 1858 fugassent,
639 1789 922 1844 exhorruit
951 1789 1131 1843 omnis
1156 1789 1390 1859 populus
1431 1791 1728 1845 novitatem
1773 1791 1882 1856 rei,

290 1860 642 1915 atrocitatem
691 1860 948 1925 sceleris,
997 1861 1365 1930 Spectaculum
1408 1860 1772 1915 humanarum
1801 1877 1886 1915 re-

292 1947 449 1994 rum,
476 1932 621 2000 quod
653 1931 735 1984 vir
763 1939 1038 1984 tantarum
1072 1947 1255 1984 rerum
1277 1972 1290 1996 ,
1323 1931 1468 2000 quod
1495 1931 1580 1984 vir
1606 1941 1883 1986 tantarum

291 2001 352 2055 in
398 1999 622 2056 Christo
647 2001 932 2062 virtutum,
973 2011 1080 2054 tam
1105 1999 1325 2071 indigna
1345 1999 1575 2070 perpeti,
1600 2002 1708 2056 Deo
1739 2003 1885 2071 aspi-

290 2072 498 2135 cientc,
561 2072 842 2140 potuisset.
889 2071 1081 2140 Magna
1127 2071 1247 2140 ejus
1291 2071 1344 2124 in
1375 2087 1642 2140 pauperes
1689 2073 1886 2126 libera—

291 2141 456 2204 litas,
493 2142 660 2195 multa
707 2142 760 2194 in
810 2142 1064 2196 butnanis
1113 2142 1447 2206 moderatio,
1483 2143 1779 2197 vehemens
1831 2143 1883 2196 in

291 2211 639 2282 corrigendis
677 2212 884 2282 legibus
930 2212 1193 2277 studium,
1245 2212 1411 2266 libera
1447 2211 1500 2266 in
1549 2213 1887 2280 corrigendis

291 2283 394 2352 qui
431 2283 571 2336 male.
610 2292 834 2352 agerent
883 2283 1166 2346 severitas,
1219 2283 1466 2336 omnium
1500 2298 1596 2337 ore
1642 2284 1887 2337 celebra-

291 2351 523 2416 bantur,
556 2369 856 2422 carumque
903 2369 1085 2407 rerum
1122 2353 1576 2407 commemoratio
1617 2369 1727 2408 non
1777 2354 1886 2407 mi—

293 2423 512 2476 nimum
535 2425 583 2476 ei
608 2423 793 2492 gratize
821 2423 964 2491 apud
987 2424 1274 2493 populares
1306 2423 1652 2478 conciliabat.
1692 2423 1885 2478 Excla-

293 2503 457 2547 mant
497 2507 710 2558 omnes,
760 2495 830 2564 ad
887 2507 1043 2548 suam
1094 2494 1268 2564 magis
1317 2494 1573 2562 injuriam
1616 2495 1887 2564 pertinere

291 2564 559 2617 violatam
589 2563 917 2632 pontificalis
960 2563 1200 2617 nominis
1243 2564 1610 2628 maiestatem,
1642 2573 1695 2618 et
1743 2566 1882 2617 mori

293 2634 405 2688 sibi
441 2634 616 2688 satius
656 2648 798 2696 esse,
827 2642 991 2702 quam
1023 2642 1080 2686 ut
1105 2642 1311 2686 tantum
1345 2633 1610 2702 ﬂagitium
1657 2649 1885 2688 suorum

295 2716 616 2773 temporum
672 2703 911 2775 inultum
953 2704 1248 2775 patiantur.
1301 2702 1606 2775 lgiturper
1651 2712 1888 2773 quatuor

293 2775 382 2828 vel
431 2776 672 2844 quinque
701 2773 948 2827 milliaria
981 2773 1408 2843 circumquaque
1435 2774 1503 2827 ad
1550 2789 1701 2828 arma
1751 2790 1886 2829 con-

294 2845 566 2909 clamant,
599 2845 768 2899 multa
814 2845 1101 2898 hominum
1149 2845 1318 2898 millia
1360 2845 1511 2898 dicto
1540 2844 1702 2899 citius
1749 2860 1886 2899 con-

295 2924 562 2995 currunt,
607 2916 754 2994 pullo
783 2915 1018 2995 'quiuper
1045 2924 1259 2995 aetatem
1296 2931 1448 2968 arma
1497 2913 1642 2969 ferre
1680 2924 1884 2995 posset,

297 2996 419 3041 tam
467 2985 778 3054 religiosam
832 2985 1080 3039 militiam
1128 2987 1514 3040 detractante:
1552 2986 1889 3055 conglobati-

296 3071 414 3133 quc
444 3056 496 3109 in
522 3073 712 3133 unum,
737 3064 930 3133 rogant
952 3055 1442 3133 archiepiscopum,
1467 3065 1520 3133 et
1541 3065 1885 3110 cunctantem
1919 3077 1959 3133 (ἶ

297 3127 350 3179 vi
385 3126 694 3194 impellunt,
744 3135 804 3180 ut
838 3127 904 3182 ad
941 3127 1365 3194 recuperandam
1397 3127 1667 3180 civitatem
1715 3143 1889 3196 quan-

300 3196 487 3250 tocius
515 3196 764 3252 festinet:
797 3213 855 3250 se
884 3211 981 3266 pro
1009 3211 1074 3250 eo
1111 3197 1489 3259 dimicaturos,
1530 3206 1583 3250 et
1611 3197 1658 3251 si
1693 3212 1757 3251 ea
1791 3214 1888 3251 uc~

299 3267 537 3322 cessitas
570 3267 868 3332 incumbat,
915 3282 1045 3320 oves
1067 3282 1166 3336 pro
1189 3275 1423 3337 pastore,
1451 3267 1592 3322 filios
1617 3283 1715 3336 pro
1739 3277 1890 3336 patre

300 3338 541 3391 libenter
577 3347 807 3391 mortem
851 3345 1221 3405 excepturos:
1267 3353 1331 3392 ac
1381 3337 1484 3392 nisi
1534 3337 1889 3391 (lolonienses

301 3416 584 3461 maturent
628 3408 926 3461 venientem
952 3407 1262 3476 suscipere,
1307 3417 1358 3461 et
1390 3424 1486 3476 pro
1520 3408 1692 3477 ipsius
1739 3409 1887 3461 arbi-

302 3487 456 3549 tratu
487 3477 803 3549 satisfacere
850 3478 1080 3542 offenso,
1113 3493 1172 3531 se
1202 3487 1296 3531 aut
1325 3479 1534 3549 ingesto
1563 3479 1684 3549 igne
1715 3494 1890 3547 popa-

303 3548 421 3602 lum
447 3563 570 3602 cum
596 3547 813 3602 civitate
837 3557 1280 3617 consumpturus,
1307 3547 1404 3601 aut
1420 3547 1683 3617 dissipato
1712 3565 1888 3613 llllll't),

302 3634 432 3671 eum
469 3633 631 3688 super
660 3617 1301 3688 congeriemioccisorum
1328 3619 1380 3671 in
1411 3619 1724 3672 cathedram
1756 3634 1891 3687 pon—

306 3687 564 3742 tificalem
592 3687 937 3743 reducturus.
971 3687 1046 3741 Ita
1091 3689 1540 3758 archiepiscopus
1565 3698 1763 3758 quarto
1804 3690 1890 3744 die

306 3769 453 3828 post,
479 3775 642 3827 quam
672 3759 895 3821 exierat,
928 3775 1124 3828 magna
1169 3761 1399 3813 vallatus
1422 3760 1670 3829 agmine,
1703 3760 1768 3812 ad
1802 3776 1892 3812 ur-

308 3829 432 3882 bem
465 3830 714 3884 arcessit.
749 3829 903 3895 Quod
947 3829 1034 3883 ubi
1077 3829 1500 3885 Coloniensilms
1549 3839 1887 3898 compertum

303 3908 412 3962 est,
441 3909 494 3952 et
517 3915 573 3952 se
600 3908 762 3953 tanta:
808 3908 1026 3969 tamque
1055 3900 1289 3954 ell‘eratze
1317 3900 1681 3953 multitudinis
1721 3900 1891 3969 impe—

304 3978 424 4022 tum
473 3984 574 4023 nec
621 3984 800 4033 muro,
839 3984 942 4023 nec
989 3969 1104 4022 acie
1133 3970 1406 4024 sustinere
1437 3984 1598 4038 posse
1641 3970 1889 4023 animad-

307 4047 545 4103 vertunt,
573 4047 684 4092 tum
717 4039 952 4108 primum
986 4038 1139 4092 furor
1161 4041 1480 4108 deﬂagrare,
1503 4039 1741 4093 ebrietas
1767 4055 1893 4092 cva-

308 4125 535 4164 ncscere
565 4109 730 4177 erepit
753 4127 769 4168 ,ε
808 4124 1116 4179 magnoque
1145 4121 1354 4162 terrore
1377 4109 1652 4174 concussi,
1676 4110 1889 4163 obviam

306 4180 517 4249 legatos
546 4180 612 4233 de
641 4194 773 4247 pace
817 4180 1106 4242 miserunt,
1167 4195 1226 4233 se
1283 4195 1406 4234 reos
1455 4180 1796 4244 confitentes,
1837 4189 1893 4234 et

307 4265 550 4314 omnem,
607 4264 772 4317 quam
816 4249 925 4303 vita
972 4249 1231 4303 incolumi
1266 4250 1612 4317 juberentur,
1675 4266 1887 4318 pusnam

307 4320 545 4390 pendere
576 4328 816 4390 paratos.
846 4319 914 4374 At
953 4320 1400 4390 archiepiscopus
1423 4321 1586 4390 digne
1616 4321 1888 4390 poeniten-

309 4389 458 4460 tibus
493 4404 551 4443 se
581 4389 795 4444 veniam
824 4406 931 4443 non
957 4403 1279 4460 negaturum
1305 4389 1626 4460 respondit.
1645 4389 1780 4444 Tum
1808 4407 1893 4445 ec-

1988 1796 2201 1841 eatores
2223 1786 2621 1854 opulentissimi
2656 1803 2721 1840 ex
2767 1786 2899 1839 urbe
2930 1785 3164 1856 profugi,
3209 1785 3274 1838 ad
3307 1800 3488 1854 regem
3513 1798 3573 1856 se

1988 1860 2356 1920 contulerunt,
2383 1857 2790 1912 intercessionis
2813 1854 2942 1926 ejus,
2962 1854 3118 1925 opem
3167 1857 3429 1910 adversus
3456 1854 3573 1926 cpi—-

1989 1928 2136 1998 scopi
2169 1928 2430 1982 swvitiam
2470 1925 2851 1997 imploraturi.
2880 1927 3072 1998 Carteri
3122 1927 3368 1998 ingresso
3383 1925 3571 1998 carebi-

1987 1995 2244 2067 episcopo
2270 1995 2566 2062 civitatem,
2610 2008 2664 2052 ct
2697 2008 2809 2051 toto
2836 1997 3015 2051 triduo
3041 1995 3204 2066 juxta
3257 1995 3571 2050 condictum

1987 2070 2347 2141 exspectanti,
2376 2069 2601 2141 minimc
2641 2085 2696 2124 se
2727 2067 3222 2141 It!‘tl3$6llttll‘l_l_lll_tlt_l
3255 2082 3571 2141 proponen-

1987 2141 2114 2192 dum
2147 2140 2365 2204 a-lieuod
2390 2139 2780 2193 satisfactiouis
2808 2137 2999 2207 genus.
3033 2137 3573 2206 Undeindignitatem

1991 2211 2063 2262 I'ci
2092 2226 2196 2262 non
2225 2209 2459 2262 ferentes
2475 2210 2711 2278 episcopi
2729 2209 2948 2271 milites,
2967 2210 3160 2274 inscio,
3179 2216 3236 2260 ut
3256 2208 3474 2278 plurimi
3490 2223 3576 2259 as-

1988 2290 2196 2344 5υιιιιιι,
2213 2285 2374 2347 atque
2392 2275 3143 2349 inconsultoarchitpiscopo,
3159 2275 3309 2331 arma
3337 2275 3573 2345 rapiunt,

1985 2351 2181 2403 domos
2206 2351 2508 2412 incursant,
2555 2351 2930 2419 possessiones
2961 2351 3244 2418 diripiunt,
3279 2361 3576 2401 occursan-

1991 2430 2068 2474 tes
2099 2422 2293 2489 partim
2323 2431 2593 2482 sternunt,
2621 2421 2818 2489 partim
2855 2429 3045 2488 captos
3090 2422 3158 2473 in
3195 2419 3409 2472 vincula
3437 2434 3574 2471 cou‘

1983 2491 2277 2559 jiciunt,ct
2301 2507 2545 2559 prorsus,
2573 2502 2628 2544 ut
2669 2491 2879 2544 veritati
2909 2491 2990 2543 vel
3041 2489 3214 2544 coacti
3267 2489 3576 2542 assentiar)-

1991 2571 2097 2624 tur,
2131 2563 2300 2614 multo
2326 2561 2580 2624 ferocius,
2615 2577 2778 2628 quam
2810 2561 2942 2613 tanti
2982 2561 3254 2628 pontificis
3291 2559 3574 2611 existima-

1990 2631 2120 2683 tioni
2154 2639 2502 2699 competeret,
2529 2631 2690 2697 justie
2720 2631 2942 2686 ultionis
2967 2631 3238 2697 negotium
3263 2644 3578 2696 exsequun-

1991 2708 2097 2753 tur.
2133 2699 2233 2753 Sed
2248 2701 2476 2769 gravior
2502 2702 2724 2754 morbus
2748 2701 2946 2754 acriori
2995 2701 3269 2770 indigebat
3303 2700 3569 2752 antidoto.

1992 2770 2162 2823 Filius
2184 2788 2348 2839 supra
2383 2771 2666 2823 nmnorati
2721 2771 3064 2833 uici-caloris,
3095 2770 3188 2838 qui
3240 2771 3450 2837 primus
3484 2784 3574 2839 se-

1989 2841 2197 2894 ditione
2221 2838 2653 2894 inﬂammaverat
2680 2842 2962 2910 populum,
3021 2850 3074 2893 et
3111 2842 3268 2908 parui
3296 2839 3383 2892 alii
3416 2838 3579 2910 lumi-

1992 2911 2152 2966 nibus
2176 2920 2304 2966 sunt
2329 2912 2527 2976 orbati,
2576 2909 2825 2965 nonnulli
2851 2910 3019 2980 virgis
3049 2911 3174 2965 c:esi
3220 2926 3283 2965 ac
3336 2909 3574 2980 detonsi,

1989 2998 2181 3036 onlucs
2233 2983 2554 3051 gravissimo
2603 2983 2678 3035 rei
2745 2979 3032 3034 familiaris
3083 2981 3284 3034 damno
3341 2979 3574 3043 multa-ti,

1992 3062 2156 3120 atque
2175 3053 2558 3121 jusjurandum
2585 3053 2716 3106 dare
2734 3053 3023 3122 compulsi,
3047 3052 3190 3122 quod
3216 3051 3469 3119 deincrps
3491 3065 3583 3122 tt:-

1994 3123 2342 3192 cbiepiscopo
2357 3124 2632 3177 civitatem
2659 3132 2845 3176 contra
2863 3121 3121 3175 ninnium
3151 3121 3578 3192 hominumvio—

1996 3194 2236 3255 leutiam,
2260 3191 2525 3262 quantum
2551 3194 2780 3247 consilio
2803 3202 2857 3247 ct
2891 3191 3062 3246 armis
3110 3200 3352 3262 possent,
3400 3191 3579 3243 vindi-

1993 3265 2169 3318 caturi
2208 3261 2409 3328 essent,
2443 3273 2496 3317 et
2510 3264 2741 3333 eos,'qui
2761 3278 2825 3333 ex
2849 3264 2983 3317 urbe
3005 3261 3375 3333 profugerant,
3399 3261 3577 3333 quoad

1993 3333 2155 3403 digne
2180 3335 2592 3404 archiepiscopo
2632 3332 3077 3404 satisfecissentt
3110 3348 3325 3401 semper
3351 3348 3448 3401 pro
3489 3332 3576 3385 in-

1994 3402 2304 3459 feStissimis
2333 3402 2582 3460 hostibus
2628 3404 2885 3459 habituri.
2914 3402 3026 3474 (lli)
3065 3402 3137 3457 Ita
3168 3403 3438 3474 civitatem
3482 3418 3584 3471 pro

1995 3476 2312 3530 diversitate
2341 3477 2598 3543 partium,
2629 3484 2681 3529 et
2720 3477 2899 3530 luctus
2939 3473 3142 3542 pariter
3175 3483 3229 3528 et
3285 3473 3468 3528 lictitia
3502 3482 3581 3526 te-

1995 3554 2250 3609 nucuunt,
2284 3546 2405 3601 aliis
2444 3546 2498 3599 in
2532 3561 2778 3615 regressu
2816 3545 3254 3615 poutificisejecti
3275 3545 3453 3613 justas
3485 3557 3583 3615 au-

1994 3617 2164 3671 dacia:
2189 3633 2301 3671 suae
2329 3632 2519 3685 punias
2557 3613 2849 3680 Ilietitilms,
2874 3617 2997 3670 aliis
3020 3617 3216 3684 dignos
3244 3613 3582 3685 consolatioo

1997 3688 2082 3740 nis
2107 3704 2222 3741 sua:
2242 3683 2438 3741 choros
2464 3687 2892 3740 instituentibus.
2929 3683 3210 3754 Siquidem
3239 3700 3346 3738 non
3371 3685 3422 3737 in
3450 3683 3583 3736 urle

1997 3767 2228 3820 tantum,
2256 3759 2347 3810 sed
2381 3768 2434 3810 et
2467 3758 2778 3825 ubicunque
2807 3759 2960 3811 locus
2995 3755 3317 3825 exhibenda:
3354 3767 3581 3825 procch

1997 3828 2169 3881 siouis
2219 3829 2569 3892 oliin'ebatur,
2621 3823 2702 3879 ilzi‘
2744 3836 2866 3895 post
2911 3827 3068 3879 istam
3129 3824 3327 3878 famam
3377 3823 3581 3877 Christi

1995 3898 2278 3951 conlessor
2303 3898 2354 3950 in
2393 3897 2610 3967 hymnis
2649 3906 2704 3950 et
2731 3897 2962 3967 canticis
2984 3896 3131 3949 velut
3159 3895 3384 3964 angelus
3420 3910 3583 3947 exce-

1997 3976 2120 4035 ptus
2143 3976 2246 4031 cst,
2295 3983 2392 4020 nec
2439 3966 2723 4020 immerito
2765 3986 2776 4020 :
2811 3966 2935 4036 quis
2976 3981 3210 4034 namque
3255 3973 3580 4036 neget__et_tm

1998 4033 2163 4090 unum
2189 4053 2253 4090 ex
2308 4038 2414 4090 illis
2463 4038 2670 4106 angelis
2714 4033 2903 4099 luisée,
2929 4037 2996 4089 de.
3028 4033 3229 4106 quibus
3272 4033 3368 4103 per
3415 4033 3586 4087 Mala-

1995 4109 2173 4160 ebiam
2200 4108 2400 4161 dicitur
2440 4125 2502 4171 :1
2544 4105 2708 4160 Labia
2737 4105 3380 4162 sacerdotiscustodiunt
3399 4105 3581 4158 scien-
3665 4131 3678 4153 γε

1999 4178 2149 4241 tiam,
2177 4187 2232 4231 et
2253 4179 2421 4248 legem
2448 4179 2733 4246 requirunt
2752 4194 2819 4232 ex
2851 4193 2946 4248 ore
2968 4177 3105 4248 pejus
3141 4195 3158 4229 :4
3183 4176 3329 4248 quia
3355 4175 3584 4245 angelus

2000 4246 2572 4300 Dominiexercituum
2624 4249 2745 4302 est?
2773 4269 2790 4298 ι
2835 4247 3058 4315 (Malae.
3101 4251 3182 4312 ιι.)
3232 4246 3403 4313 Cujus
3461 4253 3605 4314 post'

1999 4319 2110 4372 ll‘tl‘t'
2138 4320 2404 4388 laci-vinas
2435 4319 2487 4371 in
2543 4333 2774 4373 ascensu
2817 4317 2899 4370 vel
2941 4319 3205 4371 descensu
3253 4315 3433 4371 dilecti
3475 4315 3581 4369 sibi

1999 4391 2202 4443 montis
2228 4390 2450 4454 cllusas,
2485 4389 2582 4454 illi,
2615 4390 2816 4459 quibus
2843 4388 2915 4442 ibi
2946 4389 3200 4452 servitur,
3225 4397 3279 4442 et
3307 4388 3584 4452 viderpnt,

308 4459 856 4542 leln'ataunissarnm
910 4455 1254 4542 solemnitate
1286 4455 1428 4542 apud
1470 4459 1891 4542 S.__Georgium2
1929 4455 1968 4508 D
1995 4469 2047 4512 tl
2074 4460 2314 4514 miserati
2364 4455 2723 4542 suntsaucti:
2755 4474 2990 4528 quorum
3031 4459 3216 4542 pietati
3248 4467 3583 4542 conquestus

305 4545 425 4595 eos,
458 4530 550 4599 qui
601 4532 912 4600 poutilicem
961 4531 1086 4584 sede
1116 4531 1335 4601 propria
1381 4530 1753 4600 expulissent,
1797 4533 1892 4601 qui

306 4601 593 4671 ecclesiam
646 4601 940 4654 homicidio
989 4601 1344 4669 polluissent,
1392 4602 1484 4671 qui
1529 4602 1788 4670 templum
1831 4602 1889 4656 S.

306 4668 453 4741 Petri
487 4671 756 4724 hostiliter
806 4668 1166 4739 impctisscnt,
1223 4671 1315 4740 qui
1369 4668 1563 4726 caztcra
1615 4668 1895 4741 religionis

299 4739 431 4806 jura
463 4754 599 4794 ausu
644 4741 876 4794 barbaro
928 4739 1306 4806 temerasscnt,
1367 4742 1660 4810 episcopali
1710 4739 1894 4796 hanno

303 4810 370 4863 ad
398 4811 826 4864 satisfactionem
849 4811 1081 4864 vocavit.
1113 4810 1368 4864 Protinus
1398 4825 1590 4865 omnes
1616 4812 1776 4865 nudis
1805 4827 1898 4880 pe-

304 4880 491 4946 dibus,
524 4881 697 4934 laneis
720 4882 787 4934 ad
811 4897 1028 4934 carnem
1063 4880 1234 4934 induti
1269 4891 1672 4949 processerunt,
1723 4882 1815 4936 vix
1841 4890 1897 4936 et

302 4965 447 5019 aegre
470 4951 756 5023 impetrata
784 4966 916 5022 pace
944 4951 1329 5023 multitudinis,
1353 4967 1477 5021 quae
1517 4952 1661 5008 circa
1686 4953 1898 5023 episco-

305 5034 435 5086 pum
467 5029 604 5086 erat,
648 5032 708 5076 ut
747 5020 851 5074 hoc
900 5030 1016 5075 tuto
1059 5020 1239 5076 facere
1283 5022 1612 5076 sinerentur.
1655 5020 1788 5076 Nam
1843 5035 1897 5078 et

304 5089 652 5160 vehementer
689 5091 738 5145 ei
777 5091 1194 5156 succensebant,
1223 5091 1367 5160 quod
1403 5093 1533 5146 dum
1561 5093 1895 5148 immodera—

308 5158 416 5232 tius
461 5161 806 5232 clementiam
862 5161 1211 5232 ostentando,
1243 5158 1532 5230 popularis
1568 5163 1681 5216 fieri
1711 5165 1892 5232 vel‘let,

307 5227 546 5306 nefarios
587 5231 836 5306 homines
863 5231 930 5306 ad
959 5231 1207 5306 audenda
1255 5227 1550 5305 nequiora,
1571 5233 1734 5302 hujus
1775 5227 1896 5290 see;

1995 4545 2137 4594 cam,
2169 4546 2334 4600 quam
2365 4547 2394 4584 a
2429 4530 2546 4584 suis
2575 4527 2792 4595 tulerat,
2825 4527 3233 4600 contumeliam,
3276 4543 3468 4600 omnes
3509 4527 3577 4580 ad

1996 4597 2392 4666 lletuurtraxit,
2421 4616 2559 4669 quos
2580 4601 2663 4653 vel
2708 4615 2774 4652 cx
2809 4600 2976 4662 clero,
3007 4599 3086 4652 vel
3109 4614 3172 4650 ex
3218 4597 3419 4669 pepqu
3445 4613 3586 4669 con-

1998 4672 2116 4737 tigit
2146 4671 2357 4724 adesse.
2408 4667 2752 4724 Levaverunt
2799 4677 2981 4722 autem
3010 4678 3064 4722 et
3093 4667 3346 4720 monachi
3377 4668 3586 4736 pariter

1995 4756 2157 4792 voces
2184 4754 2333 4803 suas,
2370 4749 2423 4793 et
2470 4748 2531 4793 ut
2570 4739 2866 4793 redivivam
2925 4737 3338 4792 desiderabilem
3385 4737 3586 4790 faciem

1997 4809 2118 4876 ejus
2139 4811 2589 4879 conten'iplautes,
2626 4808 2865 4880 universi
2917 4807 3334 4880 personabant;
3369 4807 3446 4862 Te
3483 4823 3585 4860 no-

1998 4890 2110 4951 stra
2135 4877 2405 4934 vocabant
2416 4881 2672 4951 suspiria,
2697 4887 2750 4933 te
2774 4877 2934 4951 larga
2947 4877 3298 4950 requirebant
3312 4879 3550 4951 lamenta
3568 4893 3585 4925 :

1996 4960 2052 5004 tu
2086 4949 2260 5021 factus
2288 4966 2349 5005 es
2391 4946 2531 5021 spes-
2569 4946 2894 5018 despcxatis',
2939 4946 3154 5021 magna;
3186 4950 3494 5021 consolatio
3532 4946 3589 4998 in

1997 5020 2300 5075 tormentis.
2334 5016 2711 5077 Audiebantur
2742 5021 2857 5075 haec
2900 5021 2956 5076 in
3007 5016 3262 5082 excelsis,
3314 5028 3369 5074 et
3403 5021 3596 5085 utique

1994 5091 2325 5146 credendum
2364 5103 2448 5148 est
2484 5102 2591 5146 tam
2615 5105 2830 5163 eorum,
2863 5106 2986 5163 qua:
3018 5086 3382 5163 canebantur,
3409 5090 3600 5146 dulce-

1995 5164 2142 5227 dine,
2171 5176 2336 5233 quarn
2368 5163 2637 5220 sacrificio
2669 5155 3054 5233 lacryniarum
3109 5155 3466 5233 oblectatum,
3491 5169 3606 5233 _!‘_P_‘

1989 5225 2225 5306 vera'ilii
2278 5232 2560 5306 Christum
2616 5225 2885 5305 adfuisse,
2919 5233 3064 5288 sicut
3093 5234 3150 5280 et
3183 5225 3618 5306 ipsepromig'llv-
3700 5251 3702 5254 ·
