4028 5360
247 208 271 262 1
286 211 402 264 5115

251 390 369 446 due
401 409 668 449 intercus.
702 391 812 449 Nec
837 394 928 450 diu
955 397 1138 450 militis
1165 397 1248 449 sui
1275 397 1505 450 sudores
1542 390 1718 451 bonus
1741 397 1852 448 Do-

253 464 458 518 minus
512 466 941 520 irremuneratos
989 466 1300 534 praeterivit,
1332 483 1508 536 neque
1542 475 1860 536 [1115505το51

250 546 395 588 cum
424 537 625 589 tentari
652 552 815 606 supra
848 537 920 600 id,
949 537 1092 606 quod
1120 537 1346 590 sufferre
1373 535 1584 605 poterat
1619 538 1634 602 (
1680 536 1708 588 1
1731 535 1855 590 Cor.

255 605 315 661 xl
351 618 366 658 :
398 604 753 675 verumbinc
774 623 896 660 eum
921 604 1224 675 erepturus,
1255 604 1387 660 ante
1413 623 1507 675 per
1527 606 1690 660 altam
1722 622 1858 660 cou-

254 674 653 746 templationls
681 678 812 742 vim,
848 674 1154 730 futttrormn
1199 677 1857 746 malorum.inspectorem

251 761 391 821 esse
418 748 600 801 voluit
631 764 643 801 :
675 763 746 821 ne
777 748 1051 821 ignoraret
1111 748 1330 821 quantis
1367 764 1395 800 a
1425 746 1534 821 Ileo
1586 746 1860 821 beneﬁciis

249 815 594 882 donaretur,
643 818 691 871 si
732 815 1140 871 necessitatenr
1171 818 1368 871 talibus
1417 815 1858 870 eoinmunieandi

252 887 525 943 moriens
553 889 822 942 evaderet.
854 887 909 941 Id
945 887 1184 957 subjecta
1222 889 1414 957 pagina
1453 887 1712 1008 loquitur,
1746 883 1860 940 sola

252 955 557 1008 sulIiciens
583 958 836 1008 meritum
868 957 970 1008 viri
993 958 1291 1008 declarare.
1322 958 1414 1008 11111
1447 958 1498 1008 111
1549 973 1632 1008 1110
1658 968 1860 1008 morta-

251 955 557 1027 sutIiciens
583 958 836 1012 meritum
868 957 970 1011 viri
993 955 1414 1027 declarare,‘qui
1447 958 1498 1010 in
1534 955 1632 1010 hac
1658 968 1861 1010 morta-

253 1026 452 1082 litatis
507 1028 684 1082 adhuc
725 1029 927 1096 degens
972 1028 1276 1082 substantia
1323 1026 1657 1083 Secretornm
1699 1027 1872 1080 curle-.

253 1097 754 1167 stium-"particeps
786 1097 906 1152 fuit.

331 1165 515 1237 XXV.
597 1165 864 1237 Sfupt'ttda
921 1167 978 1222 S.
1030 1168 1265 1221 Annouis
1317 1169 1472 1221 cisio.
1535 1167 1860 1218 Crurissimo

252 1236 460 1290 morbo
491 1236 798 1308 corripitur.
836 1237 1064 1307 Exponit
1099 1239 1412 1308 quibusdam
1451 1238 1740 1308 generatim
1783 1238 1862 1288 ri-

251 1308 479 1384 sionern
514 1307 687 1384 suam.
721 1308 851 1384 Post
892 1325 1010 1362 eam
1055 1307 1308 1384 superius
1337 1309 1664 1384 descriptam
1705 1307 1864 1360 (inlo-

255 1379 554 1432 nirnsium
583 1379 845 1433 nefariam
887 1378 1368 1448 conspirationem,
1399 1379 1609 1432 hiberni
1657 1387 1862 1445 tempo-

254 1449 343 1502 ris
375 1449 614 1503 aderant
637 1449 772 1513 dies,
801 1450 1074 1504 et‘beatus
1125 1450 1356 1504 antistes
1391 1464 1488 1517 pro
1510 1448 1744 1518 quodam
1787 1449 1861 1500 111-

249 1519 495 1573 vamine
544 1521 777 1574 sauciati
818 1521 1002 1573 cordis
1047 1520 1236 1574 urbem
1280 1517 1584 1588 egrediens,
1628 1517 1862 1572 Salevelt

252 1588 492 1643 devenit
521 1607 534 1643 :
570 1599 630 1643 ut
657 1589 790 1644 visis
832 1589 940 1645 illic
969 1590 1202 1653 ﬁliorum
1231 1605 1456 1643 suorum
1487 1589 1862 1657 spiritualibus

1626 213 1801 268 VITA.
1843 246 1912 253 —-
1954 215 2080 268 LIB.
2127 215 2188 268 II.

155 368 180 379 ,
245 321 378 396 bat,
411 324 799 396 sitigularitate
831 325 1219 396 delu'tahatur,
1252 326 1469 381 assidue
1507 326 1670 391 ﬁcus,
1717 327 1856 381 assi-
1887 336 1928 387 Λ
1959 327 2158 396 quibus
2202 344 2418 389 nomen,
2458 344 2562 380 non
2609 326 2735 386 vita,
2763 327 3102 379 sacerdotem
3145 333 3246 381 est,
3281 323 3343 396 Et
3371 340 3532 396 grave.

3392 211 3528 267 1566

1960 394 2256 465 suspirium
2288 416 2318 450 a
2353 407 2568 465 pectore
2601 398 2735 450 trahi
2759 414 2842 459 ns,
2879 396 3124 451 attonitis
3152 407 3205 450 ct
3253 394 3533 450 ardentius

1962 467 2124 532 hujus
2161 469 2308 520 verbi
2361 469 2596 521 radicem
2659 467 3152 534 investigarJiImts,
3205 465 3528 532 respondit:

1963 537 2054 589 Sol
2085 537 2137 589 in
2171 552 2367 590 nonam
2389 538 2724 618 jamjanique
2753 539 3004 618 vergebat
3029 538 3241 618 horam,
3269 543 3323 588 et
3350 549 3450 603 ego
3477 534 3530 588 in

1961 623 2123 659 curru
2157 622 2276 658 tneo
2301 605 2564 670 residens,
2601 605 2650 660 it,
2677 627 2702 661 r
2731 608 3121 662 acceleralzam.
3149 605 3204 659 In
3235 621 3413 658 aerem
3445 620 3534 659 me

1961 677 2136 728 visum
2166 677 2520 744 expandente,
2549 679 2740 731 scissis
2768 695 2829 730 rx
2863 677 3159 747 imprtwiso
3185 676 3369 738 caelis,
3410 690 3531 727 om-

1962 747 2304 814 0111110501)ον
2336 758 2543 814 aperta,
2573 749 2854 816 oculisque
2888 749 3025 801 Illt‘IS
3058 763 3162 801 non
3194 747 3354 800 modo
3382 761 3535 816 men-

1963 818 2053 878 tis,
2081 818 2173 869 sed
2208 825 2262 868 et
2294 817 2562 884 corporis,
2608 834 2718 885 per=
2739 815 2784 870 ia
2838 825 3215 872 remanserunt
3248 858 3259 869 .
3291 815 3536 885 expavit-

1961 903 2066 956 que
2102 903 2198 939 cor
2242 902 2442 946 meum,
2480 895 2532 938 et
2561 888 2858 941 dissolutus
2899 905 3041 952 stitit,
3067 904 3163 942 nec
3188 885 3448 940 remansit
3478 886 3533 956 in

1962 955 2049 1008 me
2093 957 2388 1025 quidquam
2437 957 2630 1009 vitium
2667 969 3000 1024 111-1111511110
3048 975 3206 1020 sum,
3255 955 3534 1024 languoris

1965 1027 2126 1092 hujus
2153 1027 2544 1079 immanitatem
2573 1028 2623 1079 in
2649 1028 2694 1077 le
2729 1045 2811 1078 tne
2839 1029 3141 1096 collegisse.
3181 1029 3248 1081 At
3273 1044 3400 1080 vero
3425 1041 3533 1079 non

1963 1098 2290 1178 aliter'illam
2317 1097 2521 1150 terribil
2546 1115 2609 1178 -_m
2642 1097 2906 1150 visionem
2931 1098 3166 1178 intuitus
3197 1115 3347 1178 sum,
3369 1113 3534 1178 quam

1965 1183 2057 1221 vos
2103 1168 2263 1220 Inoan
2298 1169 2666 1235 coiilemplor,
2698 1168 3008 1236 corporales
3050 1169 3101 1221 in
3152 1184 3249 1221 vos
3298 1168 3538 1236 dirigens

1963 1239 2148 1291 acies:
2196 1253 2294 1290 nec.
2335 1252 2455 1288 reor
2499 1239 2794 1306 quidquam
2838 1254 3026 1291 ent'tnn
3068 1238 3374 1300 malorum,
3418 1252 3539 1305 qua).

1966 1308 2124 1361 t'rais
2155 1307 2440 1361 imminent
2483 1324 2575 1376 per
2599 1325 2789 1364 1111111115
2817 1317 3100 1362 secuturas
3122 1317 3329 1370 aetates,
3357 1317 3408 1360 et
3447 1323 3542 1375 per

1964 1379 2140 1446 ipsum
2175 1394 2380 1439 arvum,
2412 1379 2696 1431 oculorum
2740 1394 2981 1432 meorum
3012 1381 3262 1432 acumina
3295 1378 3540 1438 latuisse,

1962 1449 2386 1519 p'atcordiisqur.
2438 1448 2824 1519 palpitantibus
2856 1491 2868 1511 ,
2930 1449 3092 1502 altius
3150 1449 3540 1519 ingemiscens,

1962 1517 2142 1572 11011110
2192 1519 2485 1587 replzrabal
2521 1538 2532 1572 a
2588 1517 2673 1571 \‘ae
2706 1519 2905 1571 misero
2934 1519 3137 1572 1111111110
3169 1538 3180 1571 :
3217 1535 3296 1571 vae
3331 1517 3543 1571 enm-tis

1964 1591 2216 1644 humanae
2245 1589 2409 1642 sortis
2439 1590 2600 1657 angui
2628 1607 2652 1642 s
2679 1589 2747 1641 ab
2772 1589 2858 1650 iis,
2883 1589 2976 1658 qui
2999 1590 3254 1642 dicuntur
3280 1587 3538 1657 episcopi.

252 1659 572 1740 exercitiis,
596 1660 752 1741 quasi
795 1660 1052 1741 salutaris
1080 1659 1308 1713 antidoti
1334 1659 1528 1741 haustu
1563 1668 1855 1741 recreatus,
1895 1668 1932 1723 11
1964 1658 2076 1741 Nec
2105 1667 2312 1741 poterat
2343 1660 2449 1712 111111
2500 1659 2837 1741 precantium
2885 1658 3293 1741 importunitate
3336 1658 3400 1710 ad
3441 1658 3542 1736 hoc.

254 1729 349 1783 sui
391 1728 656 1784 mmroris
683 1731 1104 1784 atuarituiinen‘i
1130 1737 1476 1799 temperaret.
1505 1728 1632 1783 Inde
1661 1738 1856 1784 exacto

254 1799 608 1868 yisitationis
664 1800 842 1854 ollieio
892 1800 1212 1863 discedens,
1263 1799 1458 1854 festum
1511 1799 1854 1868 illud,quod

254 1866 594 1938 Hypapante
613 1868 828 1924 Domini
853 1870 1074 1934 dicitur,
1101 1869 1154 1923 in
1181 1869 1511 1924 IIeresfeldia
1541 1866 1857 1924 solemniter

253 1939 420 2010 egit:
458 1941 834 2010 imperataque
877 1940 1232 2010 profectione,
1288 1941 1430 1994 viam
1476 1955 1598 2009 quae
1626 1939 1855 1994 tenden-

255 2009 415 2081 tibus
442 2010 498 2063 in
533 2009 790 2081 Sigeberg
815 2009 998 2081 pervia
1042 2019 1146 2075 est,
1182 2027 1349 2066 curru
1379 2010 1688 2073 subvectus,
1727 2024 1853 2081 cum

255 2080 383 2134 suis
413 2081 662 2135 incessit.
689 2079 937 2151 Cumque
960 2081 1048 2136 die
1068 2081 1301 2150 quadam
1329 2081 1552 2150 psalmis
1574 2090 1626 2134 et
1649 2080 1855 2134 oratio-

255 2151 436 2219 nibus
457 2166 680 2214 vacans,
711 2152 956 2205 animum
984 2151 1037 2204 iu
1069 2166 1302 2219 superna
1334 2151 1583 2214 levasset,
1621 2151 1858 2204 instante

250 2216 372 2287 jam
409 2220 546 2274 hora
577 2237 739 2286 nona,
764 2237 870 2274 non
897 2221 949 2274 in
977 2216 1202 2285 exstasi,
1231 2237 1328 2274 nec
1355 2222 1407 2274 in
1433 2221 1638 2275 visione
1654 2220 1852 2284 somni,

256 2292 359 2343 sed
393 2291 542 2345 sicut
573 2292 785 2346 ean'neis
817 2292 991 2346 oculis
1042 2292 1211 2360 aspici
1270 2293 1439 2357 solet,
1489 2292 1659 2346 caelos
1691 2307 1856 2359 super

257 2376 319 2431 se
368 2361 580 2428 aperiri
632 2362 806 2415 vidit:
836 2372 889 2416 et
930 2371 990 2415 ut
1034 2362 1163 2415 olim
1199 2362 1586 2431 prophetarum
1619 2360 1857 2414 eximius

262 2429 486 2495 Daniel,
547 2432 774 2494 horrore
827 2448 1132 2486 concussus
1175 2429 1239 2486 ac
1282 2429 1548 2495 tremore,
1593 2431 1855 2486 membris

256 2501 531 2556 ornatibus
556 2501 855 2555 dissolutus
881 2511 965 2570 est
1001 2501 1162 2569 (Dan.
1189 2503 1245 2564 χ)
1279 2520 1292 2554 :
1320 2501 1486 2555 animi
1523 2516 1853 2570 quoquero-

258 2571 368 2624 bur
404 2585 575 2624 omne
613 2571 868 2625 concidit.
908 2569 1274 2626 Transmissis
1315 2571 1415 2625 viae
1455 2569 1748 2639 propositae
1773 2569 1858 2623 in-

259 2642 554 2706 tervallis,
601 2658 698 2710 per
741 2641 964 2695 biduum
1002 2641 1077 2694 nil
1128 2640 1457 2695 incommodi
1503 2640 1758 2710 pertulit,
1799 2639 1855 2700 in

256 2721 457 2764 monte
483 2712 707 2780 degens,
729 2719 923 2781 praeter
945 2711 1091 2781 quod
1116 2711 1413 2776 nonnullis,
1438 2711 1595 2780 quasi
1621 2710 1715 2781 qui
1735 2725 1857 2763 sese

257 2782 622 2846 excessisset,
680 2780 742 2835 in
777 2780 978 2836 verbis’
1004 2781 1236 2835 subinde
1285 2780 1632 2835 admirationi
1687 2787 1851 2834 esset.

259 2851 455 2906 Tertia
491 2868 619 2905 vero
644 2863 764 2920 post
793 2852 895 2906 hoc
917 2852 1004 2905 die
1031 2860 1337 2906 comantem
1367 2851 1540 2904 valida
1565 2849 1855 2904 inﬁrmitas

259 2931 376 2976 tam
405 2922 670 2976 atrociter
698 2923 915 2987 invasit,
944 2930 1002 2976 ut
1040 2937 1165 2990 spes
1187 2921 1367 2976 omnis
1391 2921 1719 2985 auferretur,
1749 2934 1853 2972 no-

1959 1727 2190 1793 adduci,
2235 1738 2295 1782 ut
2340 1727 2528 1783 eorum
2578 1745 2699 1798 quae
2734 1727 2975 1794 viderat,
3007 1730 3087 1782 ch
3122 1729 3407 1782 minimum
3463 1727 3544 1779 eis

1958 1800 2405 1854 communicaret.
2434 1798 2546 1853 IIoc
2578 1801 2750 1852 50111111
2778 1800 2844 1853 1111
2876 1815 3093 1854 onmem
3127 1799 3538 1868 inquisitionem
3599 1845 3614 1864 ,

1956 1887 2145 1924 eorum
2192 1870 2384 1924 dolens
2407 1871 2655 1934 protulit:
2673 1869 2783 1934 Vae,
2807 1886 2888 1925 vae
2911 1871 3112 1924 misero
3134 1867 3358 1923 mundo.
3375 1867 3544 1921 Porro

1957 1951 2235 1994 crescente
2259 1956 2353 2009 per
2386 1939 2502 1994 dies
2529 1941 2861 2006 inlirmitate,
2885 1957 3008 1994 cum
3039 1949 3185 1994 esset
3209 1939 3312 1995 sibi
3352 1939 3545 1992 mortis

1959 2011 2200 2079 suspicio
2225 2010 2565 2079 quotidiana,
2618 2010 2882 2080 primates
2913 2011 3041 2065 cleri
3083 2009 3427 2066 Coloniensis
3469 2009 3544 2080 ad

1958 2097 2018 2135 se
2040 2078 2370 2142 accersit-us,
2393 2078 2707 2150 postulavit,
2743 2091 2797 2136 et
2830 2082 2934 2136 sub
2962 2081 3344 2135 testiﬁcatione
3373 2078 3543 2150 divini

1959 2151 2195 2204 nominis
2218 2148 2530 2205 terribiliter
2550 2151 2821 2219 anljuravit
2841 2167 2906 2206 ne
2927 2166 3260 2221 consensum
3284 2166 3444 2221 suum
3473 2148 3544 2221 iis

1961 2237 2198 2290 unquam
2246 2222 2758 2292 accommodarent,
2805 2222 3007 2292 quibus
3025 2220 3544 2292 conveniretualibi,

1957 2289 2122 2375 quam
2154 2291 2211 2375 in
2255 2290 2512 2372 Sigeberg
2543 2293 2787 2375 corporis
2824 2289 2956 2375 wejus
2993 2290 3253 2361 repositio
3279 2331 3295 2356 ,
3325 2289 3542 2375 (iit-riis:

1961 2360 2015 2414 Si
2051 2361 2306 2414 desiderii
2335 2362 2442 2414 mei
2473 2362 2626 2417 vobis
2656 2360 3034 2416 insistentibus
3061 2360 3392 2430 processerit
3419 2360 3548 2412 effe-

1957 2442 2098 2495 ctus,
2134 2432 2328 2500 hicque
2362 2432 2495 2485 mihi
2527 2433 2804 2502 sepultura
2846 2433 3109 2497 cesserit,
3142 2431 3353 2486 tametsi
3383 2430 3546 2484 meri-

1961 2509 2138 2555 torum
2165 2517 2418 2572 ineorum
2444 2501 2611 2572 pensa
2644 2504 2957 2566 relnctetur,
2985 2519 3079 2572 per
3113 2501 3544 2572 misericordiam

1958 2573 2130 2626 nostri
2162 2570 2538 2640 Redemptoris
2592 2572 2940 2628 excedentem
2985 2570 3207 2637 onmia,
3245 2581 3458 2635 vestrae,
3490 2578 3548 2622 ut

1959 2656 2138 2710 spero,
2168 2640 2236 2694 de
2268 2656 2354 2694 me
2377 2641 2631 2695 haurieut
2659 2643 2838 2696 adhuc
2865 2658 3047 2706 aures,
3075 2642 3218 2710 quod
3251 2641 3302 2694 in
3334 2655 3545 2709 magnae

1958 2710 2374 2782 consolationis,
2415 2710 2468 2764 in
2518 2727 2728 2782 magna:
2752 2713 2866 2781 spei
2917 2712 3278 2782 patrocinium
3308 2711 3394 2764 vol
3417 2711 3462 2763 is
3492 2719 3546 2763 (-t

1957 2779 2198 2852 Coloniae
2223 2791 2416 2835 vestrae
2437 2789 2560 2835 ante
2586 2779 2755 2836 Deum
2783 2779 3049 2852 proﬁciat.
3069 2780 3218 2836 Fidei
3243 2797 3355 2852 suae
3381 2795 3545 2849 spcu-

1959 2851 2170 2922 sionem
2187 2867 2360 2922 super
2395 2852 2499 2905 hac
2526 2868 2584 2905 re
2625 2852 2857 2922 singulis
2883 2854 2932 2908 ei
2970 2851 3247 2915 dantibus,
3274 2851 3545 2905 discesse-

1961 2930 2106 2992 runt.
2137 2920 2230 2975 Ille
2259 2937 2387 2976 vero
2409 2921 2615 2977 sensim
2652 2920 2972 2992 recolligens
3016 2923 3179 2985 vires,
3207 2922 3542 2992 debilitatem

258 3001 407 3070 ctcm
448 2993 594 3046 illam
619 3008 742 3070 eum
770 2992 1232 3070 supervicturum.
1268 2991 1414 3070 “Erat
1433 3000 1636 3070 autem
1660 3007 1854 3070 crepu-
1882 3008 1926 3066 ο
1960 2991 2106 3045 illam
2129 2991 2376 3061 corporis
2396 2993 2569 3047 evasit
2586 3034 2615 3070 _,
2649 2991 2966 3048 memoriam
2999 3001 3180 3047 autem
3206 2991 3420 3070 mentis
3436 3009 3543 3070 11011

260 3064 485 3116 sculum
512 3063 902 3130 vespertinum,
919 3061 1243 3132 fratresque,
1263 3061 1430 3117 ﬁnitis
1449 3061 1852 3132 Completoriis,

259 3149 388 3187 sese
408 3142 726 3200 receperant
752 3133 803 3186 in
827 3131 1230 3187 dormitorium.
1256 3132 1376 3186 Mox
1401 3133 1563 3203 igitur
1585 3131 1823 3200 uthujus
1847 3161 1854 3168 -

262 3203 415 3256 modi
447 3203 672 3257 111111ιί115
693 3203 905 3258 abbatis
927 3219 1091 3257 aures
1106 3204 1356 3272 perculit,
1374 3202 1439 3257 eo
1452 3202 1855 3273 perturbatione

259 3289 559 3335 e'mcusso,
590 3289 676 3328 res
707 3289 801 3342 per
825 3288 1016 3328 omnes
1045 3273 1273 3343 angulos
1302 3272 1537 3328 0011101111
1584 3272 1854 3326 diﬂ‘unde-

260 3343 453 3406 batur,
481 3344 750 3413 ﬁcbatque
793 3358 1095 3398 concursus
1114 3343 1376 3398 hincinde
1399 3343 1650 3406 fratrum,
1675 3343 1851 3412 signo,

259 3430 376 3481 quo
403 3414 811 3484 colligerentur,
834 3413 1208 3468 vehementius
1229 3423 1575 3483 perurgente.
1608 3413 1856 3483 Angebat

260 3497 464 3539 nnmes
491 3483 657 3552 pavor
689 3483 1066 3549 intolerabilis,
1096 3494 1150 3538 et
1181 3493 1439 3553 tanquam
1473 3485 1852 3537 universorum

259 3554 375 3624 vita
411 3555 670 3623 penderet
703 3554 762 3608 in
814 3554 1060 3623 ancipiti,
1117 3555 1510 3609 monasterium
1561 3555 1850 3624 petierunt,

260 3621 594 3678 illud’eorde
624 3621 967 3690 meditantes,
995 3625 1123 3678 illud
1154 3640 1249 3677 ore
1273 3621 1611 3680 ruminantes
1643 3643 1655 3677 :
1698 3643 1716 3673 1
1747 3621 1855 3677 Do-

261 3694 438 3758 mine,
472 3695 620 3748 salva
659 3681 798 3748 n83:
834 3681 1075 3765 perimus
1104 3694 1320 3764 (Matth.
1356 3696 1496 3764 vui).
1531 3715 1548 3745 1
1579 3694 1674 3750 His
1699 3709 1850 3759 vero,

260 3765 469 3836 quibus
515 3765 824 3836 egrediendi
874 3765 1172 3821 claustrmn
1229 3767 1588 3836 undecunque
1636 3767 1851 3820 licentia

259 3835 615 3900 offerebatur,
642 3835 952 3890 cubiculum
975 3836 1212 3905 episcopi
1237 3837 1483 3892 certatim
1502 3836 1849 3901 adeuntibus,

262 3905 453 3977 caeteri
488 3907 716 3977 chorum
764 3907 1149 3977 irrumpentes,
1181 3917 1385 3975 septem
1431 3907 1674 3977 psalmos
1724 3920 1850 3959 cum

262 3974 477 4028 litaniis
532 3976 778 4029 luctuose
841 3974 1348 4044 prosequebantiw,
1391 3974 1582 4030 omnes
1630 3985 1851 4046 pectora

259 4052 359 4097 tun
387 4046 574 4106 lentes,
622 4061 812 4099 omnes
860 4047 1018 4099 1101115
1061 4054 1114 4098 et
1141 4046 1377 4115 suspiria
1427 4047 1756 4110 emittentes,
1800 4054 1854 4099 et

260 4124 471 4182 quanta
519 4115 784 4168 charitate
834 4131 959 4182 erga
1011 4124 1216 4182 patrem
1267 4117 1716 4177 amantissimum
1757 4115 1850 4169 lilii

260 4186 630 4254 adicerentur,
664 4185 766 4238 sibi
805 4185 936 4254 ipsis
965 4186 1163 4254 singuli
1203 4187 1575 4240 testimonium
1609 4186 1849 4240 existen-

257 4263 366 4324 tes.
391 4249 535 4324 Inter
557 4249 672 4309 haec
702 4255 789 4309 ille
822 4249 1008 4309 dolore
1037 4249 1186 4324 gravi
1215 4256 1544 4322 laborantes,
1581 4258 1851 4310 clamores

259 4323 518 4396 insolitos
541 4325 721 4396 magis
762 4343 827 4379 ac
873 4326 1046 4394 magis
1089 4327 1300 4380 edebat.
1336 4326 1438 4380 Sed
1474 4343 1599 4383 cum
1632 4335 1847 4396 postera

255 4394 350 4447 die
376 4395 582 4449 doloris
604 4396 942 4450 vehementia
972 4413 1078 4448 non
1104 4397 1238 4451 adeo
1271 4398 1541 4466 jaeeutem
1569 4394 1844 4460 crucians,

256 4466 618 4536 recuperandi
650 4467 791 4520 vires
823 4467 1019 4520 mentis
1035 4467 1428 4536 aliquantulam
1455 4469 1503 4523 ei
1531 4468 1844 4522 facultatem

255 4533 602 4589 indulsisset.
637 4537 820 4590 Abbas
842 4547 951 4591 tres
980 4533 1161 4605 probae
1203 4539 1326 4592 vitae
1368 4537 1562 4594 fratres
1605 4540 1672 4593 ad
1719 4554 1844 4593 eum

263 4605 438 4677 inisit,
461 4607 576 4675 qui,
611 4607 753 4661 sicut
796 4607 848 4658 in
897 4621 958 4659 ea
1000 4608 1321 4661 necessitate
1353 4609 1592 4677 expedit,
1619 4609 1684 4676 ad
1710 4625 1846 4662 con-

259 4674 578 4746 fessionem,
610 4686 663 4731 et
691 4678 757 4730 ad
791 4692 972 4730 rerum
1006 4693 1229 4729 suarum
1282 4674 1692 4746 dispositionem
1721 4693 1847 4732 eum

263 4743 648 4811 hortarentur,
705 4757 870 4815 utque
922 4747 1144 4800 novellae
1181 4763 1294 4800 suae
1321 4743 1736 4813 constructioni,
1769 4747 1852 4800 in-

262 4826 528 4898 {[‘llﬁilllﬂil
575 4825 701 4869 tum:
749 4815 1008 4898 lieuisset,
1034 4817 1343 4898 prospicere
1375 4833 1481 4898 non
1535 4818 1846 4898 negligeret.

184 4893 194 4904 ‘
263 4885 474 4954 Quibus
495 4887 648 4954 juxta
675 4902 897 4940 sensum
943 4888 1109 4951 hunc,
1140 4903 1263 4940 eum
1289 4887 1490 4952 lectulo
1515 4885 1841 4953 assiderent,

265 4953 620 5028 hortamentis
650 4958 766 5011 suis
799 4973 924 5028 eum
967 4957 1333 5028 mulcentibus
1356 5000 1370 5023 ,
1402 4959 1563 5028 idque
1591 4974 1842 5027 quaeren-

265 5023 408 5079 tibus
438 5027 614 5090 unice,
658 5044 758 5081 cur
785 5027 909 5080 ﬁliis
945 5028 1081 5091 suis,
1130 5026 1330 5098 quibus
1379 5023 1490 5083 alia
1521 5023 1645 5098 post
1671 5028 1842 5084 Deum

263 5105 459 5169 praeter
478 5111 611 5169 cum
635 5113 755 5166 spes
778 5112 884 5149 non
917 5107 1082 5161 esset,
1113 5097 1336 5153 1111111100
1365 5097 1680 5169 loqueretur
1708 5119 1720 5152 :
1754 5101 1842 5154 ille

263 5165 892 5240 iemiissimamnvocem,
954 5177 1013 5223 ut
1073 5175 1315 5240 poterat,
1367 5165 1680 5239 exprimens
1710 5172 1834 5226 ait:

1958 3077 2078 3134 eam
2101 3077 2264 3134 quam
2291 3071 2437 3134 ante,
2463 3077 2557 3134 per
2586 3063 2805 3134 longum
2838 3071 3052 3133 tempus
3088 3062 3307 3132 assequi
3339 3061 3538 3115 valuit:

1957 3131 2031 3186 ita
2056 3131 2126 3203 ad
2152 3131 2380 3188 visionis
2423 3133 2568 3186 illius
2599 3131 3280 3203 majestatemexterritus,
3308 3141 3362 3186 ct
3387 3141 3542 3203 extra

1957 3217 2016 3274 se
2041 3202 2229 3274 factus
2248 3213 2396 3274 erat.
2431 3203 2486 3258 Id
2523 3219 2590 3274 ex
2621 3202 2979 3272 eo’innnitur,
3008 3205 3296 3274 quodcum
3325 3204 3452 3257 olim
3477 3202 3548 3256 ab

1957 3271 3268 3345 IjigilbertoMindonensiumAepiscopo'quamdam
3287 3282 3547 3345 perpetuo

1955 3342 2240 3415 dicendam
2269 3341 2553 3415 confessor
2594 3345 2643 3398 ei
2677 3341 2855 3401 factus
2890 3341 3190 3415 accepisset
3217 3341 3543 3406 orationem,

1956 3413 2024 3486 ad
2047 3412 2458 3486 ejusnotitiam
2509 3415 2659 3469 nullo
2686 3425 2898 3484 poterat
2939 3412 3158 3486 ingenio
3203 3415 3543 3486 pertingere,

1953 3483 2127 3556 donec
2170 3484 2393 3539 directis
2439 3485 2506 3540 ad
2534 3502 2659 3540 eum
2686 3483 2916 3552 litteris,
2943 3483 3189 3542 ordinem
3208 3483 3338 3556 "ejus
3372 3500 3436 3538 ex
3467 3501 3547 3539 re-

1955 3555 2287 3628 scriptorum
2301 3556 2669 3628 annotatioue
2700 3557 2996 3628 colligeret.

2025 3623 2224 3697 XXVI.
2249 3625 2514 3697 Visioueni
2536 3628 2746 3680 cuidam
2769 3623 2862 3680 suo
2887 3627 3150 3697 fmniliari
3175 3625 3406 3697 exponit.
3435 3623 3546 3676 Ex:-

1952 3697 2146 3766 positio
2176 3696 2310 3764 ejus.
2351 3697 2463 3764 (‘20)
2489 3695 2607 3751 Jam
2642 3695 3068 3766 Septuagesinue
3102 3697 3314 3759 1111111115,
3351 3695 3546 3766 inqui-

1955 3716 2146 3764 pasmo
2176 3716 2310 3764 εμιδ.
2351 3716 2463 3764 (zu;
2489 3716 2607 3751 .iam
2643 3716 2841 3766 aepum
2881 3716 3068 3751 esnuae
3102 3716 3314 3759 01110115,
3351 3716 3402 3746 111
3428 3716 3542 3762 qu;-

1955 3765 2060 3820 bus
2106 3766 2218 3820 haec
2250 3767 2443 3836 obtigit
2501 3768 2781 3828 revelatio,
2833 3716 3342 3835 Suada-agesimales
3394 3763 3542 3836 feriae

1953 3845 2352 3900 successerant,
2375 3835 2438 3890 et
2475 3836 2707 3891 dilectus
2758 3837 2968 3890 Domini
3002 3837 3284 3904 praeteritae
3332 3835 3540 3888 valetu-

1952 3905 2097 3959 dinis
2119 3905 2389 3959 defectum
2414 3906 2644 3960 necdum
2674 3909 2828 3975 plene
2873 3916 3222 3975 superaverat
3248 3925 3260 3958 a
3295 3921 3417 3958 cum
3452 3922 3542 3957 re-

1951 3991 2017 4046 cc
2037 3975 2249 4046 positus
2280 3976 2332 4029 in
2365 3976 2546 4046 quiete
2581 3974 2758 4032 1100115
2785 3974 3092 4045 cujusdam,
3129 3974 3401 4030 saz-mnitlm
3430 3991 3543 4046 suae

1953 4044 2286 4117 felicissimae
2309 4044 2689 4102 dissolutionis
2710 4044 3034 4117 praesagum,
3069 4048 3122 4100 in
3151 4047 3293 4099 Iumc
3318 4045 3538 4117 modum

1951 4116 2164 4187 aspexit
2193 4135 2204 4169 :
2239 4115 2414 4187 Visus,
2451 4127 2536 4171 est
2564 4118 2665 4172 sibi
2688 4115 2909 4172 domum
2939 4117 3250 4187 quamdam,
3277 4115 3426 4169 0111111
3447 4116 3542 4169 dr-

1952 4202 2078 4257 core
2106 4186 2252 4257 intus
2273 4196 2348 4257 et
2395 4186 2530 4241 foris
2563 4186 3020 4257 resplendentem,
3054 4188 3257 4241 intrare.
3292 4206 3303 4240 :
3336 4194 3388 4239 et
3414 4202 3541 4240 erce

1953 4255 2006 4328 in
2040 4255 2316 4328 subselliis
2334 4255 2708 4327 iudicialibus,
2735 4267 2992 4328 tanquam
3025 4260 3090 4312 ad
3127 4258 3418 4328 concilium
3449 4272 3540 4328 50-

1952 4326 2201 4398 lemniter
2233 4329 2461 4394 evocati,
2488 4329 2798 4398 residebant
2837 4326 3151 4384 Ileribertus
3192 4327 3538 4382 Coloniensis

1951 4397 2415 4472 archiepiscopus,
2455 4398 2644 4472 Bardo
2675 4397 3026 4472 Illoguntinus
3072 4399 3537 4472 archiepiscopus,

1951 4467 2134 4538 Boppo
2161 4479 2214 4523 et
2229 4468 2581 4538 Everbardus
2603 4467 2954 4526 Trevirenses
2986 4467 3403 4538 archiepiscopi,
3428 4469 3535 4520 Ar-

1951 4537 2193 4610 nulp_hus
2228 4537 2646 4595 Wormatiensis
2670 4541 2983 4610 episcopus,
3025 4549 3080 4593 et
3129 4537 3220 4593 alii
3246 4537 3537 4609 quamplu-

1951 4624 2039 4662 res
2061 4607 2359 4663 Galliarum
2388 4611 2652 4679 episcopi,
2677 4607 2912 4677 quorum
2969 4610 3104 4663 alios
3135 4607 3332 4678 ipsein
3369 4624 3535 4661 carne

1951 4687 2197 4742 noverat,
2227 4679 2364 4734 alios
2388 4679 2530 4733 fama
2563 4688 2771 4733 tantum
2801 4681 2884 4733 vel
2909 4679 3140 4733 lectione
3162 4685 3533 4747 compererat:

1958 4747 2146 4819 amicti
2165 4762 2356 4802 omnes
2383 4750 2538 4804 stolis
2585 4749 3010 4819 pontiﬁcalibus,
3040 4757 3095 4802 et
3150 4749 3540 4819 habenteshve-

1953 4825 2087 4889 stem
2135 4817 2308 4889 instar
2335 4819 2477 4874 nivis
2523 4817 2829 4874 candidam.
2879 4820 3000 4889 Ipse
3045 4834 3263 4888 quoque
3292 4817 3539 4889 candidis

1952 4887 2243 4959 admodum
2277 4898 2441 4958 atque
2486 4890 2741 4959 pretiosis
2782 4887 3024 4946 vestibus
3072 4887 3298 4959 indutus
3320 4887 3422 4943 sibi
3459 4887 3540 4939 vi-

1951 4957 2229 5029 debatur:
2275 4957 2369 5014 sed
2425 4957 2632 5029 partem
2687 4961 2974 5016 candentis
3031 4957 3366 5029 vestimenti,
3415 4972 3538 5010 eam

1952 5028 2310 5100 seilieet,qua
2353 5028 2546 5100 pectus
2599 5031 2900 5100 tegebatur,
2942 5028 3160 5100 sordida
3193 5029 3447 5100 quaedam
3477 5039 3542 5079 ac

1951 5098 2094 5173 f_mda
2117 5097 2292 5168 caligo
2313 5097 2634 5173 obduxerat.
2661 5097 2726 5173 ac
2740 5097 3002 5158 caeterum
3023 5097 3346 5173 cultusejus
3368 5097 3550 5165 splen-

1949 5168 2136 5222 dorem
2187 5185 2286 5224 sua
2333 5169 2576 5227 feditate
2622 5171 2917 5239 plurimum
2980 5168 3290 5231 oﬁuscabait
3330 5190 3346 5226 :
3390 5181 3553 5236 quam
