4028 5360
200 279 338 341 1577

128 473 140 508 ι
191 454 703 537 praestantissimum
725 458 1034 537 ctenobium
1066 457 1227 537 _itum
1251 454 1380 537 est,"
1390 454 1515 511 inde
1557 455 1630 535 ad
1654 469 1767 537 3c-

196 524 417 607 elesiam
445 531 837 603 apostolorum,
870 536 995 607 post
1014 525 1085 607 ad
1124 526 1302 607 sancti
1341 524 1624 607 Cerconis.
1654 524 1767 607 Err-

196 596 496 676 eipiebatui
519 609 703 676 autem
757 596 902 671 apud
929 606 1182 676 sanctum
1212 596 1510 676 Gereonem
1537 596 1767 676 honori-

194 666 562 732 ficentissime.
600 669 735 725 Nam
766 666 923 725 citra
968 667 1115 724 fores
1142 666 1401 733 basilicae,
1429 666 1604 722 sancti
1638 681 1770 723 cum

191 745 362 801 multa
384 741 681 799 reverentia
699 740 913 796 obviam
924 737 1362 810 proferebantur,
1383 737 1660 810 micabant
1680 738 1769 791 in-

194 823 281 885 tus
333 813 645 879 luminaria,
696 808 1114 885 resplendebant
1156 810 1384 885 dirersae
1422 808 1770 863 metallorum

194 880 429 957 species,
458 880 845 957 eampanarum
873 881 1169 957 permistus
1194 880 1418 957 clangor
1462 888 1771 949 perstrepe-

193 950 303 1031 bat,
336 950 613 1031 totiusque
658 952 843 1031 _templi
890 950 1058 1008 facies
1093 965 1204 1031 non
1253 950 1362 1031 alia
1403 957 1539 1017 erat,
1598 963 1769 1031 quam

193 1020 330 1082 solet
344 1040 474 1104 esse
515 1020 570 1079 i'n
592 1020 937 1104 solemnitate
955 1021 1249 1104 prmcipua.
1277 1020 1455 1104 Atque
1468 1034 1533 1074 ea
1547 1020 1769 1104 quidem

189 1105 352 1152 nocte
374 1164 377 1165 ν
402 1095 478 1150 ibi
501 1109 629 1150 cum
670 1094 897 1165 psalmis
914 1089 1198 1165 vigilatum
1227 1099 1323 1165 est
1347 1089 1417 1145 ad
1436 1089 1656 1165 sacrum
1683 1089 1772 1145 fu—

193 1183 316 1223 nus.
352 1164 562 1233 Quarto
595 1162 689 1221 die
708 1172 833 1233 post
864 1162 1066 1219 missas
1110 1162 1770 1233 celebratas,_deportatus

192 1248 276 1294 est
295 1229 627 1293 vir'sanctus
660 1229 729 1291 ad
780 1234 1179 1291 monasterium
1214 1232 1400 1288 Sancti
1425 1229 1674 1299 Andreae,
1700 1229 1771 1286 ad

189 1323 378 1365 sacras
403 1308 666 1373 virgines,
691 1306 761 1361 ad
792 1304 1053 1362 Sanctum
1101 1302 1482 1373 Cunibertum,
1511 1302 1604 1357 ubi
1628 1303 1772 1373 inter

191 1379 329 1441 duos
378 1372 617 1433 Evaldos
652 1372 882 1432 medius
930 1384 1016 1431 est
1062 1374 1381 1431 collocatus.
1428 1372 1671 1429 Tandem
1690 1372 1771 1427 ad

188 1448 403 1504 Gradus
436 1458 664 1503 ventum
691 1455 795 1515 est,
824 1446 917 1502 ubi
941 1447 1233 1501 innovatus
1257 1453 1344 1501 est
1384 1443 1559 1511 dolor,
1586 1445 1769 1515 incref

190 1526 384 1590 verunt
419 1519 693 1590 lacrymaa,
724 1513 825 1572 nec
847 1516 1236 1590 admittebatur
1262 1516 1585 1590 consolatio,
1620 1513 1772 1590 quod

190 1589 247 1645 in
262 1589 510 1644 omnium
537 1585 715 1645 oculis
748 1588 1079 1645 exstinctum
1111 1587 1320 1657 jaceret
1337 1586 1576 1642 Colonia:
1602 1585 1770 1657 decus

187 1666 245 1715 et
269 1668 676 1714 ornamentum.
714 1657 792 1713 lbi
845 1656 1205 1713 deliberatum
1247 1666 1332 1712 est
1385 1672 1419 1713 a
1447 1656 1771 1728 proceribus

1547 262 1733 325 VITA.
1772 298 1841 308 —-
1874 266 2005 323 LIB.
2042 265 2132 325 ΙΙΙ..

197 388 549 456 sacriﬁcium,
581 386 651 444 ad
686 385 743 444 S.
800 385 1148 443 Pantaleonis
1195 382 1549 456 religioneet
1594 398 1765 456 censu
1794 392 1841 452 Α
1870 382 1961 440 alii

3308 266 3452 324 {573

1870 382 1983 450 alii,
2051 383 2108 437 ui
2148 382 2276 440 odio
2323 384 2469 441 beati
2500 384 2605 440 viri
2646 384 3065 457 conﬂagrarant,
3109 398 3172 438 su
3246 382 3451 441 irantes

1868 397 2174 511 tundelbant
2216 464 2458 526 pectora,
2504 455 2839 527 domumque
2873 455 3144 513 abierunt.
3177 398 3452 527 iomple-

1871 533 1999 597 tum
2022 533 2107 579 est
2127 521 2283 597 tum,
2308 521 2456 596 quod
2481 527 2535 582 in
2582 521 2796 597 psalm'o
2819 527 3018 581 dicitur
3056 545 3069 580 :
3120 544 3138 577 ι
3177 521 3452 597 Videbunt

1869 594 2025 661 recti,
2046 593 2476 668 et_la:t_abuntur,
2504 606 2561 668 et
2583 593 2766 654 omnis
2801 597 3063 668 iniquitas
3091 596 3353 666 oppilabit
3388 612 3453 652 os

1869 680 2034 739 suum
2060 663 2396 739 (Ρεαιεεγι).
2449 663 2469 719 ἱ
2502 667 2716 739 litatum
2743 663 2938 724 deinde
2973 677 3058 723 est
3085 663 3302 739 sacrum
3330 682 3454 722 cor-

1869 752 1973 807 pus
1997 735 2053 790 in
2090 735 2363 806 templum
2381 738 2573 795 matris
2616 739 2729 805 Dei,
2758 739 2851 794 ubi
2878 747 3102 794 sanctus
3137 737 3453 794 ileribertus

1872 806 2154 862 miraculis
2169 816 2513 881 cor_uscat_,_et
2533 824 2639 864 nox
2663 811 2753 865 illa
2766 825 2894 865 cum
2916 809 3135 881 hymnis
3155 818 3209 863 et
3227 808 3455 881 psalmis

1869 886 2061 951 exacta
2104 887 2209 934 est.
2249 876 2517 933 Postridie
2546 894 2725 951 mane,
2758 890 2818 935 ut
2854 876 3086 951 septimo
3110 876 3331 951 quoque
3367 880 3457 935 die

1870 949 2225 1005 Colonienses
2271 963 2429 1003 suam
2469 959 2523 1003 et
2560 948 2722 1004 ﬁdem
2770 960 2823 1005 et
2861 948 3211 1006 devotionem
3238 948 3456 1007 saeculis

1870 1019 2127 1076 omnibus
2154 1028 2421 1091 testatam
2443 1018 2735 1085 efﬁcerent,
2764 1019 3077 1091 frequentes
3104 1020 3310 1091 clerici,
3337 1037 3457 1076 mo-

1871 1090 2053 1153 nachi,
2104 1090 2547 1146 sanctimoniales
2588 1098 2643 1145 et
2691 1091 2838 1145 cives
2878 1092 3203 1147 transmisso
3229 1090 3454 1154 Rheno,

1870 1170 1998 1232 ante
2027 1162 2205 1217 lucem
2227 1176 2295 1217 eo
2326 1170 2707 1232 pervenerunt.
2741 1160 2927 1216 Multis
2956 1171 3139 1216 autem
3166 1162 3221 1215 in
3255 1162 3457 1232 templo

1870 1231 2190 1303 ardentibus
2251 1231 2426 1289 cereis
2446 1274 2463 1300 ,
2487 1288 2495 1303 ,
2515 1232 2848 1287 sacrificium
2877 1240 2933 1287 et
2953 1231 3457 1287 commendationes

1871 1301 2157 1375 celebratae
2193 1312 2340 1370 sunt,
2388 1301 2552 1375 idque
2581 1319 2665 1375 ea,
2696 1318 2806 1375 qua
2829 1311 3096 1375 pargerat,
3127 1304 3455 1375 reverentia.

1871 1373 2112 1445 aderant
2140 1375 2381 1445 episcopi
2423 1372 2554 1441 duo,
2581 1372 2892 1445 Fridericus
2933 1372 3462 1445 Monasteriensisget

1871 1441 2187 1515 Egilbertus'
2224 1441 2547 1511 Mindensis,
2588 1452 2819 1515 uterque
2846 1443 3015 1500 decus
3045 1445 3128 1499 sui
3175 1443 3458 1513 temporis,

1871 1521 1927 1568 et
1942 1515 2083 1597 tanti
2114 1515 2325 1598 funeris
2351 1515 2735 1598 procuratione
2767 1516 2984 1598 dignus.
3001 1515 3266 1598 "Aderant
3294 1516 3459 1598 etiam

1872 1585 2143 1655 primores
2172 1585 2560 1652 Colonienses,
2606 1585 2863 1656 permulti
2887 1586 3120 1652 nobiles,
3160 1586 3461 1640 monacbo~

1873 1671 1995 1710 rum
2022 1671 2232 1726 greges,
2262 1659 2500 1727 populus
2526 1659 2873 1723 innumeros,
2905 1657 3080 1725 parati
3114 1672 3308 1727 omnes
3336 1671 3462 1725 pro-

188 1729 256 1787 de
279 1730 583 1800 majoribus
611 1728 989 1800 impendendis
1016 1728 1317 1784 honoribus
1338 1725 1498 1800 beato
1519 1727 1769 1793 antistiti,
1803 1737 1847 1794 Β
1874 1725 2281 1800 ερᾳυῖ-οαέιεδιῤ
2310 1725 2505 1799 pignus
2526 1728 2595 1782 ad
2624 1736 2864 1800 montem
2901 1743 3075 1800 usque
3107 1725 3463 1800 Sigebergen—

189 1798 453 1869 tanquam
500 1801 637 1856 nihil
666 1802 890 1870 dignum
952 1798 1220 1870 hactenus
1261 1799 1567 1868 praestitum
1597 1805 1767 1870 esset.

188 1868 474 1926 Statutum
503 1879 589 1926 est
614 1868 800 1941 igitur,
828 1877 888 1924 ut
930 1869 1182 1939 proxima
1207 1868 1330 1924 luce
1357 1870 1629 1941 generalis
1660 1868 1775 1924 illic

184 1941 557 1999 celebraretur
592 1940 913 2006 cenventus,
940 1948 1258 1995 sanctorum
1299 1940 1543 2011 reliquize
1566 1954 1635 1995 ex
1654 1955 1776 1994 om-

189 2011 352 2095 nibus
377 2011 631 2068 ecclesiis
654 2026 720 2095 eo
747 2012 1168 2095 adducerentur,
1203 2010 1437 2081 singulis
1483 2025 1774 2095 congrega-

180 2080 429 2138 tionibus
463 2097 596 2138 suos
625 2080 1225 2153 patronoshonorifice
1272 2080 1661 2153 sequentibus.
1678 2080 1777 2153 Fa-

178 2160 550 2223 ctumqueest
582 2151 685 2223 ita,
736 2167 846 2207 non
868 2151 986 2207 sine
1010 2151 1308 2223 multorum
1340 2166 1576 2223 summa;
1599 2152 1774 2223 admi-

186 2221 413 2279 ratione.
446 2221 797 2279 Praedicanda
819 2236 952 2277 sane
979 2221 1236 2277 omnibus
1263 2222 1462 2277 seculis
1482 2221 1775 2277 Colonien-

186 2292 328 2347 sium
357 2293 498 2349 ﬁdes
536 2301 592 2349 et
622 2292 858 2359 devotio,
909 2292 1004 2361 qui
1031 2292 1143 2363 _sui
1192 2293 1432 2363 pastoris
1467 2291 1634 2347 funus
1659 2300 1773 2346 tam

187 2363 471 2432 splendide
521 2360 969 2420 cohonestarunt.
1010 2360 1327 2433 Postquam
1378 2371 1560 2417 autem
1603 2377 1775 2418 sacrm

180 2432 292 2489 illa:
326 2433 579 2504 reliquis:
601 2434 659 2489 in
684 2434 943 2503 templum
972 2432 1149 2488 allatae
1179 2432 1351 2498 sunt,
1385 2433 1440 2487 in
1481 2432 1660 2488 medio
1680 2449 1774 2504 ea:

186 2519 305 2574 rum
327 2502 577 2574 positum
605 2514 690 2560 est
716 2502 915 2574 corpus
936 2504 1186 2557 exanime
1210 2503 1355 2557 beati
1378 2504 1503 2570 viri,
1540 2510 1601 2557 ut
1612 2502 1774 2572 quasi

186 2573 291 2630 illis
317 2573 648 2630 antecellere
691 2573 982 2643 videretur,
1041 2574 1244 2642 quibus
1284 2575 1373 2643 vel
1419 2574 1627 2643 aequari
1662 2587 1775 2626 non

187 2645 292 2700 nisi
324 2659 676 2701 summorum
726 2643 817 2699 sit.
880 2642 1148 2713 Equidem
1201 2642 1335 2712 quid
1374 2642 1771 2713 alii’sentiant,

179 2729 378 2785 ignoro
404 2733 421 2770 :
448 2730 536 2770 me
557 2714 781 2785 quidem
803 2728 915 2784 prae
939 2712 1303 2785 admiratione
1322 2713 1413 2785 vix
1438 2712 1616 2785 capio,
1641 2713 1773 2785 dum

180 2781 296 2841 n'on
322 2786 554 2841 memini
574 2781 671 2841 ulli
698 2781 942 2854 unq‘uam
972 2782 1151 2839 funeri
1178 2784 1302 2839 illos
1324 2781 1617 2849 exhibitas,
1646 2781 1772 2853 qui-

187 2856 288 2912 bus
316 2871 435 2938 prte
484 2857 679 2912 timore
728 2855 1039 2938 sanctitatis
1078 2869 1292 2938 eorum,
1326 2854 1774 2938 _vix__quisquam

186 2925 562 2997 propinquare
590 2941 762 2981 ausus
788 2934 893 2981 est.
938 2925 1147 2997 Quinto
1188 2926 1279 2980 die
1310 2926 1485 2997 levati
1510 2935 1654 2997 sunt
1685 2940 1775 2997 sa-

187 2994 423 3052 crorum
430 3013 738 3067 corporum
762 2997 950 3051 aeterni
970 2995 1263 3067 magnique
1283 2994 1547 3067 thesauri,
1572 2995 1775 3067 beatis-

1873 1795 2009 1852 sem.
2040 1795 2147 1853 Per
2168 1799 2272 1853 hoc
2298 1795 2489 1855 omnes
2518 1798 2758 1853 medium
2788 1795 3087 1853 ducebatur
3110 1795 3275 1853 funus
3300 1795 3463 1851 vene-

1873 1868 2065 1940 rabile,
2096 1870 2446 1940 psallentium
2470 1869 2655 1925 choris
2675 1868 2936 1923 vallatum
2964 1887 2977 1922 :
3009 1868 3310 1924 ferentibus
3331 1866 3463 1921 illud

1872 1938 2120 2010 vicissim
2150 1940 2426 2007 manibus,
2455 1940 2619 1995 modo
2654 1940 2900 2010 humeris
2936 1940 3055 1995 suis
3100 1954 3197 2010 per
3221 1948 3463 2010 quatuor

1872 2007 1988 2063 fere
2037 2010 2292 2065 milliaria
2340 2026 2448 2065 non
2498 2011 2605 2067 nisi
2654 2008 3014 2066 nobilissimis
3064 2007 3198 2065 viris
3226 2007 3464 2067 pedestri

1873 2079 2086 2145 itinere,
2114 2082 2262 2151 quod
2287 2090 2405 2137 tum
2434 2082 2675 2138 resoluta
2702 2081 2874 2153 glacie
2908 2081 3199 2153 admodum
3225 2079 3461 2153 lutosum

1873 2157 1928 2222 et
1953 2150 2345 2220 permolestum
2385 2160 2540 2208 erat:
2575 2166 2677 2207 nec
2701 2150 2995 2222 quisquam
3027 2151 3242 2208 servilis
3275 2150 3465 2222 condi:

1873 2218 2060 2294 tionis,
2110 2230 2208 2294 aut
2255 2224 2525 2294 quiequo
2569 2218 2880 2288 veheretur,
2926 2224 3231 2294 permissus
3268 2232 3350 2277 est
3395 2218 3465 2275 ad

1870 2290 2080 2374 iactum
2101 2290 2316 2374 lapidis
2352 2290 2976 2374 {metropropinquare
3025 2293 3248 2348 interim
3287 2295 3465 2374 donec

1873 2362 2116 2431 conspici
2139 2362 2343 2432 posset,
2381 2362 2623 2418 Colonia:
2664 2362 2820 2434 signa
2858 2380 3248 2434 campanarum
3279 2364 3467 2419 omnia

1873 2447 2055 2489 aerem
2080 2447 2218 2489 sono
2261 2435 2625 2505 complebant.
2658 2433 2956 2504 Postquam
2986 2433 3068 2489 ad
3104 2436 3306 2491 montis
3328 2449 3465 2489 con-

1874 2511 2119 2570 spectum
2140 2512 2363 2559 ventum
2387 2515 2489 2570 est,
2518 2520 2713 2560 rursus
2730 2513 2913 2559 tantus
2934 2517 3089 2560 onus
3108 2514 3196 2560 est
3217 2505 3464 2559 omnium

1874 2575 2127 2696 planctus
2148 2583 2203 2627 et
2243 2575 2443 2638 luctus,
2480 2583 2540 2629 ut
2565 2575 2732 2630 nullis
2761 2576 2943 2629 verbis
2971 2576 3232 2645 explicari
3277 2583 3463 2644 queat.

1901 2645 2160 2696 rruebant
2195 2658 2359 2696 super
2384 2644 2641 2696 feretrum
2683 2646 2960 2696 monachi.
2991 2654 3045 2696 et
3094 2646 3463 2696 miserandum

1901 2645 2160 2697 rrnebant
2195 2658 2359 2711 super
2384 2644 2641 2699 feretrum
2683 2646 2960 2711 monachi,
2991 2644 3055 2699 et
3093 2646 3467 2701 miserandum

1875 2712 1932 2767 in
1967 2712 2193 2767 modum
2222 2712 2512 2783 plorabant
2546 2714 2755 2770 obitum
2783 2715 2918 2770 tanti
2946 2716 3081 2781 viri,
3119 2716 3295 2771 donec
3329 2716 3466 2771 deli,

1875 2790 2063 2858 cerent
2094 2783 2153 2838 in
2192 2785 2285 2858 eis
2303 2785 2557 2858 lacrymae
2584 2800 2744 2858 :unec
2773 2793 3025 2858 poterant
3052 2786 3333 2841 absolvere
3378 2787 3465 2841 in-

1877 2854 2149 2927 choatam
2176 2854 2558 2927 antiphoniam
2603 2855 2747 2911 illam
2777 2854 2799 2910 ἐ
2844 2856 2902 2910 ln
2959 2858 3308 2927 paradisum,
3357 2864 3467 2913 etc.

1876 2923 1998 2979 Miri
2020 2924 2282 2994 quiddam
2295 2923 2385 2982 ibi
2415 2934 2531 2982 tum
2559 2927 2772 2982 accidit.
2796 2926 2888 2981 Ab
2922 2923 3203 2983 occidente
3242 2928 3467 2983 advola-

1875 2994 2007 3049 bant
2035 3010 2165 3051 aves
2192 2995 2673 3070 frequentissimae,
2722 2997 2855 3070 novi
2895 2998 3181 3070 cujusdam
3209 3000 3424 3070 generis
3448 3041 3465 3070 ,

187 3012 412 3052 crorum
445 3013 738 3067 corporum
762 3010 950 3051 aeterni
970 3010 1263 3120 magnique
1283 3010 1547 3061 tnesaurt,
1572 3010 1775 3050 beatis-
1875 3010 2007 3049 nant
2035 3010 2165 3051 aves
2192 3010 2673 3068 rrequentrssrmm,
2722 3012 2850 3053 novt
2895 3010 3181 3067 cujusdam
3209 3010 3424 3070 generis
3448 3041 3465 3063 ,

185 3067 390 3142 simum
413 3066 582 3122 funus
607 3076 873 3142 tanquam
909 3067 1066 3142 singu
1086 3082 1185 3142 are
1219 3066 1581 3135 patrocinium
1604 3064 1778 3142 fertur
1802 3079 1848 3142 ο
1878 3075 2121 3121 montem
2148 3068 2474 3142 aperientes,
2506 3078 2561 3142 et
2583 3083 2680 3123 sua
2708 3068 2973 3142 densitate
2994 3068 3313 3139 plerumque
3343 3069 3468 3125 coeli

185 3137 243 3191 in
275 3153 473 3193 eorum
500 3138 701 3204 medio,
726 3136 1063 3203 commistiin
1085 3138 1339 3204 lacrymae
1356 3145 1411 3191 et
1440 3145 1638 3191 cantus
1672 3136 1776 3190 im-

186 3209 488 3273 molantur,
514 3209 622 3264 itur
656 3209 725 3263 ad
748 3208 919 3264 {edem
949 3207 1138 3263 Sancti
1166 3207 1337 3273 Petri,
1366 3214 1534 3277 atque
1566 3207 1623 3260 in
1653 3222 1776 3262 eam

184 3287 337 3350 tanta
353 3279 671 3334 celebritate
684 3288 741 3350 et
759 3278 928 3350 gloria
951 3278 1183 3333 infertur
1198 3292 1429 3350 sacrum
1471 3293 1692 3350 corpus,
1718 3286 1780 3332 ut

185 3348 276 3403 vix
295 3365 542 3419 unquam
563 3347 904 3404 clarior’illic
928 3364 1117 3418 regum
1140 3347 1453 3419 triumphus
1472 3349 1777 3404 celebratus

183 3419 278 3473 sit.
298 3419 608 3475 Innumerae
624 3419 736 3474 illic
751 3419 1105 3489 splendebant
1119 3419 1399 3489 lampades
1411 3420 1637 3484 etcerei,
1660 3434 1779 3473 am-

184 3490 503 3559 plissimum
518 3491 777 3560 templum
794 3506 906 3560 prae
930 3490 1099 3545 nimia
1125 3491 1412 3560 hominum
1425 3489 1777 3545 multitudine

181 3569 487 3631 angustum
520 3559 1071 3631 videbatur,baculns
1100 3560 1277 3616 sancti
1304 3559 1780 3631 Petri,ornamen-

174 3630 778 3702 turninsigne,obviam
793 3630 1318 3702 proferebatur,eum
1328 3630 1518 3687 multis
1529 3631 1779 3702 reliquiis

183 3710 239 3756 et
274 3703 556 3757 crucibus.
589 3701 655 3756 Et
686 3710 744 3756 ut
772 3702 962 3771 paucis
989 3701 1368 3771 expediamus,
1399 3702 1548 3772 quod
1589 3701 1778 3758 miritis

181 3772 580 3843 comprehendi
614 3787 723 3826 non
745 3781 942 3842 potest,
974 3773 1109 3826 nihil
1132 3788 1309 3843 neque
1332 3773 1571 3843 dignius,
1600 3789 1785 3843 neque

183 3842 462 3914 celebrius
484 3842 783 3914 excogitari
807 3845 1004 3914 potuit,
1028 3858 1195 3913 quam
1221 3842 1422 3914 sitillic
1450 3842 1774 3913 praestitum.

186 3910 459 3983 Sequenti
483 3910 752 3984 _inde_'die
795 3910 861 3968 ad
893 3915 1026 3968 solis
1045 3910 1240 3968 ’ortum
1271 3912 1376 3968 diei
1424 3910 1533 3968 n'on
1574 3923 1776 3984 potest,

182 3981 403 4052 quanta
442 3982 495 4036 vi
538 3982 592 4036 in
618 3981 819 4051 januas
843 3999 962 4053 sese
986 3984 1286 4050 intulerint,
1310 3990 1365 4039 et
1392 3981 1593 4039 clerus'
1606 3993 1660 4039 et
1679 4000 1780 4053 po-

176 4054 376 4123 pulus,
415 4061 733 4123 quantoque
769 4052 952 4107 studio
977 4053 1309 4108 sacrificium
1341 4061 1396 4109 et
1428 4052 1781 4110 commenda-

184 4122 371 4192 tiones
420 4132 652 4191 peractae
694 4122 822 4188 sint,
855 4131 951 4177 aut
976 4123 1436 4192 quemadmodum
1473 4124 1668 4179 deinde
1709 4123 1779 4179 ad

182 4191 551 4264 Rhenumsit
572 4192 820 4264 instituta
845 4191 1141 4264 processio.
1174 4192 1510 4264 Cantabatur
1530 4208 1779 4264 respon—

182 4263 409 4335 sor-ium
456 4261 590 4317 illud
626 4261 1199 4335 irrprimiSIugubriter
1227 4279 1255 4335 :7
1277 4263 1501 4335 Aspice,
1528 4261 1777 4331 Domine,

174 4332 319 4404 quia
357 4329 500 4386 facta
548 4340 633 4388 est
668 4329 1166 4404 desolatafcivitas
1210 4329 1373 4404 plena'
1397 4329 1621 4400 divitiis,
1648 4329 1778 4403 etc,

183 4402 338 4457 unde
366 4410 645 4476 utcunque
679 4403 859 4476 colligi
890 4404 1040 4476 licet,
1069 4420 1180 4475 quo
1212 4402 1383 4458 animi
1421 4419 1666 4476 maerore
1685 4402 1781 4476 pa;

182 4480 415 4545 storem
436 4472 587 4527 illum
616 4488 777 4545 suum
808 4472 1035 4529 Colonia
1071 4472 1187 4529 tum
1213 4484 1502 4545 prosecuta
1525 4476 1614 4531 sit.
1640 4472 1777 4531 cum

183 4551 375 4615 autem
398 4542 669 4615 jamnavi
699 4544 1016 4615 impositum
1043 4554 1189 4600 esset
1214 4542 1371 4600 'beati
1406 4547 1508 4600 viri
1555 4561 1778 4615 corpus,

185 4623 241 4668 et
264 4613 455 4685 littora
474 4612 646 4685 Rheni
670 4612 1041 4685 plangentium
1054 4616 1203 4670 luctu
1225 4624 1601 4684 personarent,
1618 4612 1782 4671 ades;

186 4692 315 4738 sent
342 4682 509 4754 etiam
539 4684 650 4738 illic
671 4682 895 4753 quidam
936 4701 1002 4739 ex
1032 4684 1099 4739 iis
1118 4726 1134 4751 ,
1170 4682 1266 4754 qui
1306 4686 1484 4740 virum
1510 4685 1605 4740 Dei
1634 4687 1783 4742 odis-

187 4761 336 4825 sent,
370 4752 783 4825 evidentissimo
822 4756 1107 4825 miraculo
1120 4752 1459 4825 declaratum
1485 4764 1597 4822 est,
1623 4756 1782 4825 cujus

188 4823 339 4892 apud
370 4821 541 4877 Deum
570 4825 751 4879 meriti
776 4824 868 4878 ille
893 4835 1055 4880 esset.
1089 4823 1253 4880 Navis
1289 4827 1436 4881 enim
1464 4827 1521 4881 in
1550 4821 1779 4881 alteram

190 4891 376 4947 Rheni
414 4893 591 4967 ripam
639 4895 1068 4967 transmissum,
1112 4905 1300 4950 contra
1336 4896 1580 4951 fluminis
1611 4898 1782 4967 impe-

188 4972 315 5018 tum
346 4963 671 5037 ascendens,
714 4966 905 5037 instar,
933 4967 1149 5037 sagittae
1183 4967 1336 5022 littus
1363 4968 1510 5022 aliud
1553 4963 1781 5022 felici—ter

189 5034 520 5101 occupavit,
552 5034 805 5089 fortassis
838 5034 1022 5090 etiam'
1047 5035 1237 5090 eadem
1282 5037 1333 5090 vi
1364 5048 1552 5092 contra
1587 5046 1781 5092 nauta-

191 5118 319 5157 rum
340 5111 604 5157 conatum
629 5106 792 5160 altius
818 5104 986 5173 itura,
1010 5106 1116 5161 nisi
1139 5107 1311 5162 sancti
1342 5106 1610 5163 Heriberti
1639 5110 1782 5164 aedes

191 5173 592 5250 impedivisset.
642 5175 880 5250 Eratque
927 5193 988 5232 ea
1028 5191 1118 5230 res
1176 5186 1325 5231 tanto
1375 5178 1779 5247 admirabilior,

1878 3144 2233 3210 conspectum
2282 3138 2694 3209 intercipientes
2718 3181 2732 3206 ,
2779 3138 2999 3210 illicque
3039 3138 3421 3210 permanentes
3447 3182 3464 3205 ,

1877 3207 2051 3280 donec
2084 3209 2330 3280 humata,
2353 3207 2617 3280 corpore,
2672 3207 2924 3265 homines
2955 3207 3082 3265 inde
3125 3212 3463 3266 recederent.

1877 3275 1986 3351 Eas
2015 3278 2101 3333 vel
2138 3280 2365 3351 angelos
2384 3322 2400 3346 ,
2448 3275 2534 3351 vel
2568 3275 2780 3335 animas
2810 3288 3029 3337 sanctas
3058 3282 3465 3350 existimabant,

1878 3349 1985 3422 qui
2003 3364 2099 3404 eas
2120 3349 2426 3422 cernerent.
2458 3350 2680 3408 Rectius
2703 3358 2884 3407 autem
2928 3350 3179 3408 fortassis
3202 3352 3469 3422 interpre-

1878 3420 2138 3492 tabimur,
2166 3420 2505 3492 signiﬁcasse
2532 3437 2641 3492 eas
2685 3439 2989 3479 concursus
3036 3422 3253 3478 futuros
3289 3420 3469 3478 homi-

1878 3505 2051 3564 num._
2093 3488 2336 3564 Tandem
2393 3491 2685 3563 sepultura:
2738 3495 3057 3549 mandatum
3125 3501 3209 3549 est
3267 3509 3468 3564 corpus

1879 3561 2055 3636 sancti
2089 3561 2362 3636 _episcopi
2398 3605 2414 3629 ,
2454 3561 2782 3636 ‘voiensque
2847 3566 3157 3636 hominum
3197 3561 3469 3636 laerymas

1875 3639 1933 3688 et
1994 3632 2233 3705 ejulatus
2267 3632 2460 3705 sedare
2517 3632 2864 3692 Hermannus
2896 3634 3281 3705 vicedominus}
3306 3632 3327 3688 τ’
3359 3634 3467 3705 Fa—

1878 3712 2099 3759 cessant
2133 3703 2247 3773 jam
2273 3744 2288 3770 ,
2333 3704 2565 3775 inquit,
2612 3707 2828 3762 dolores
2889 3720 3099 3761 omnes.
3141 3703 3313 3760 Habet
3353 3704 3470 3774 jam

1878 3783 2032 3846 pater
2068 3783 2124 3829 et
2164 3773 2680 3846 pontifex—noster,
2718 3776 2863 3846 quod
2895 3776 3143 3846 optavit;
3178 3773 3470 3846 psallitque

1878 3853 1934 3899 et
1978 3845 2111 3917 dicit
2137 3843 2200 3917 :i
2244 3843 2380 3900 Ecce
2425 3843 3070 3917 quodpeonéupivifjam
3094 3843 3291 3917 video;
3321 3843 3471 3916 quod

1879 3914 2129 3987 speravi,
2178 3913 2294 3987 jam
2342 3913 2519 3970 teneo.
2575 3914 2657 3970 illi
2728 3913 2851 3972 sum
2902 3913 3129 3987 junctus
3184 3916 3239 3971 in
3293 3913 3467 3980 cfelis,

1879 3983 2042 4054 quem
2072 3984 2129 4038 in
2153 3983 2314 4040 terris
2342 3987 2554 4055 positus
2578 3995 2690 4043 tota
2711 3983 2999 4043 devotione
3023 3988 3187 4043 dilexi
3216 4006 3227 4041 :
3260 4007 3277 4038 ι
3309 3988 3469 4040 audi-

1876 4056 2066 4178 vitgue
2114 4055 2262 4109 illam
2307 4055 2767 4126 jucundissimam
2817 4071 3005 4113 vocem
3061 4057 3277 4113 Domini
3326 4058 3413 4111 sui
3448 4076 3466 4112 :

1887 4144 1906 4176 ι
1996 4140 2098 4178 uae
2123 4139 2278 4178 serve
2297 4127 2439 4178 bone
2463 4136 2518 4178 et
2548 4128 2740 4178 fidelis.
2773 4129 2900 4178 quia
2924 4144 3093 4178 suner
3116 4143 3288 4178 nauca
3318 4127 3466 4178 fuisti

1887 4144 1912 4199 ε
1935 4127 2098 4199 _E_uge
2123 4139 2278 4181 serve
2297 4127 2439 4199 bone
2463 4136 2518 4183 et
2548 4128 2741 4194 fidelis,
2773 4129 2900 4199 quia
2924 4144 3093 4198 super
3116 4143 3289 4199 pauca
3318 4127 3472 4183 fuisti

1881 4194 2456 4270 fidelis,_super_multa
2477 4208 2530 4253 te
2558 4194 2888 4270 constituam
2916 4214 2929 4252 :
2958 4194 3102 4254 intra
3118 4194 3182 4254 in
3211 4200 3472 4270 gaudium

1882 4265 2100 4341 Domini
2139 4267 2220 4321 tui
2257 4265 2476 4341 (Matth.
2514 4271 2663 4341 xxv).
2707 4288 2727 4321 ι
2758 4268 3020 4324 Nonnihil
3046 4277 3162 4324 tum
3194 4265 3472 4341 cessatum

1882 4343 1968 4391 est
2008 4351 2041 4391 a
2072 4337 2451 4411 lacrimis.»At
2489 4354 2601 4395 non
2624 4337 2735 4395 'diu
2773 4350 2929 4411 post,
2970 4341 3212 4410 primum
3258 4340 3470 4396 nobiles

1813 4426 1858 4482 ι)
1883 4421 2096 4482 omnes,
2136 4406 2548 4482 indeministri
2587 4406 2858 4482 episcopi,
2896 4406 3175 4481 postremo
3201 4426 3474 4481 pauperes

1887 4478 2032 4549 intro
2056 4478 2318 4549 ingressi,
2354 4480 2565 4537 luctum
2610 4478 2989 4537 instaurarunt
3033 4490 3145 4535 tota
3180 4478 3288 4535 die.
3317 4478 3473 4536 Con-

1887 4546 2161 4621 feratjam
2191 4548 2288 4617 qui
2330 4560 2537 4620 potest,
2570 4553 2766 4607 barum
2813 4552 3199 4620 exsequiarum
3240 4552 3472 4621 gloriam

1885 4626 1942 4673 et
1962 4619 2350 4691 celebritatem,
2376 4637 2502 4676 cum
2524 4622 2855 4691 quibuslibet
2882 4619 3066 4691 regum
3094 4619 3473 4691 etpriucipnm

1886 4688 2101 4769 pompis
2158 4696 2325 4757 atque
2368 4688 2682 4760 triumphis.
2727 4688 3177 4769 _C(epit_'autem'
3206 4688 3474 4769 Dominus

1888 4757 2164 4831 illustrare
2207 4774 2433 4831 servum,
2469 4757 2632 4831 suum
2668 4757 3257 4816 etiam'miraculorum
3301 4762 3475 4831 signis

1888 4828 1956 4882 ad
1989 4827 2383 4901 confutandam
2425 4830 2647 4887 illorum
2696 4831 3131 4901 impudentiam,
3182 4831 3274 4900 qui
3312 4827 3477 4901 paulo

1887 4908 2014 4952 ante
2026 4898 2437 4970 sanctissimam
2468 4901 2588 4970 ejus
2602 4898 2891 4960 vitam—den
2900 4911 2953 4957 te
2973 4898 3232 4954 rodebant
3248 4898 3477 4965 canino,

1884 4977 1938 5044 et
1976 4969 2281 5044 p_reciosam
2299 4969 2704 5044 Amargaritam,
2749 4977 3000 5032 caelestis
3023 4971 3169 5041 regis
3186 4971 3487 5044 diademati

1884 5038 2244 5104 destinatam,
2293 5038 2804 5099 falsis'rumoribus
2835 5038 3116 5104 :oﬂuscaré
3150 5040 3486 5098 nitebantur.

1957 5108 2096 5185 XVL
2154 5109 2299 5185 Visis
2352 5114 2538 5185 fratris
2591 5114 2910 5185 cujusdam.
2965 5107 3085 5185 NO."
3122 5119 3243 5185 5.1""
3300 5113 3499 5185 mortui

1885 5181 2078 5246 sancti,
2102 5180 2192 5235 sed
2229 5175 2431 5240 vivunt.
2458 5175 2694 5239 Alternis
2720 5181 2929 5250 {ranis
2956 5178 3108 5235 uisio.
3134 5175 3270 5233 Post
3294 5184 3507 5238 obitum
