4028 5360
210 306 339 375 issi

1538 286 1733 373 Vlia.
1758 347 1827 357 —
1857 316 1986 373 LIB.
2024 306 2111 373 ιιι.

3330 318 3465 379 I582

207 429 459 501 Diabolus
583 437 820 501 apparet.
857 427 1027 501 Impia
1078 433 1405 486 conviciatur
1445 431 1504 487 S.
1543 430 1777 489 Anno‘ni.
1807 439 1856 498 Α
1884 433 2047 488 brant
2072 448 2265 489 omnes
2292 430 2436 488 beati
2463 426 2710 490 Annonis
2738 449 2938 490 nomen
2966 454 2981 501 ;
3012 435 3165 492 solus
3188 434 3354 490 miser
3380 433 3468 489 ille

208 499 342 555 Ῑιεικ
357 499 467 571 aiio
491 499 624 553 ultio
647 499 877 571 nominis
911 499 1219 571 blasphemi.
1245 503 1518 558 Arnoldus
1537 503 1622 557 vir
1641 515 1781 559 stre-

207 587 347 626 nuus
368 580 421 625 et
442 569 1121 641 dives,Dollendorpensis
1154 573 1320 628 castri
1340 573 1617 638 dominus,
1653 589 1782 629 cum

204 641 494 713 aliquando
546 640 757 713 sederet
788 641 857 695 ad
904 640 1203 713 audiendas
1250 658 1476 698 suorum
1501 659 1699 699 causas
1727 653 1783 699 et

204 710 344 776 lites,
374 712 513 765 iram
542 710 763 781 quidem
788 727 901 781 prae
928 727 987 766 se
1016 711 1157 766 ferre
1186 713 1472 769 videbatur
1499 714 1555 767 in
1583 714 1781 771 noxios

203 783 471 847 homines,
498 790 761 835 attamen
786 781 984 852 minus
1028 784 1239 852 agebat,
1295 784 1341 839 si
1395 799 1502 838 non
1532 784 1780 840 criminis

200 853 439 923 gravitas
461 850 915 924 obsisteret.iErat
935 850 1085 907 enini
1103 864 1204 922 pro
1232 869 1333 909 suo
1357 853 1607 909 instituto
1632 854 1777 924 pius,

199 932 251 976 et
277 937 475 993 magna
508 938 736 993 prorsus
772 922 827 975 in
863 922 1032 978 Deum
1080 924 1202 978 lide.
1240 922 1777 979 Aecusabatuftum

197 990 818 1064 coram'illo’Velbertus
846 993 1015 1064 homo
1063 994 1455 1064 nequissimus,
1494 995 1636 1064 quod
1667 1011 1778 1050 non

198 1064 552 1131 persolvisset
588 1077 662 1117 (BS
692 1063 950 1118 alienum.
991 1062 1061 1117 At
1090 1062 1180 1119 ille
1200 1064 1383 1119 animo
1404 1062 1563 1120 'l‘erox
1586 1074 1640 1120 et
1666 1065 1776 1120 lin-

197 1149 302 1203 gua
331 1132 777 1203 procacissimus,
826 1134 961 1187 nihil
989 1136 1297 1189 modestum
1334 1142 1435 1191 ‘aut
1459 1150 1656 1191 sanum
1686 1151 1775 1191 re-

196 1204 437 1274 spondit,
488 1203 598 1257 imo
632 1203 810 1273 ipsum
838 1219 1057 1274 quoque
1093 1204 1333 1273 judicem
1365 1206 1641 1261 criminari
1666 1222 1779 1261 cte-

196 1220 437 1274 sponon,
488 1220 598 1257 uno
632 1220 810 1273 ipsum
878 1220 1057 1274 noque
1093 1220 1333 1273 mercem
1365 1221 1641 1261 criminari
1666 1222 1778 1261 cte-

195 1275 291 1343 pit.
327 1272 668 1340 Querebatur
714 1289 773 1329 se
824 1220 893 1329 ea)
936 1275 1028 1329 illo
1064 1284 1119 1329 et
1170 1274 1240 1329 ab
1290 1277 1547 1332 omnibus
1580 1285 1778 1343 prater

194 1345 451 1400 meritum
482 1343 736 1414 opprimi,
763 1345 978 1414 absque
1001 1344 1105 1416 ulla
1128 1360 1270 1400 noxa
1284 1347 1400 1416 rapi
1423 1347 1491 1402 ad
1519 1343 1774 1415 tribunal,

194 1429 669 1487 prorumpensquc
721 1415 775 1487 in
825 1426 986 1470 vcees
1037 1415 1254 1487 impias.
1298 1415 1773 1487 Quandoquidem,

194 1485 391 1555 inquit,
426 1484 639 1541 ’l‘rustra
685 1502 715 1539 a
746 1484 858 1540 Deo
910 1484 1132 1555 speravi
1180 1487 1386 1555 justam
1427 1484 1773 1555 sententiam,

192 1555 334 1611 alius
372 1557 512 1610 mihi
559 1556 727 1626 judex
757 1564 810 1627 et
840 1567 1102 1627 patronus
1140 1559 1466 1627 quaerendus
1491 1565 1593 1614 est.
1632 1557 1775 1612 Hor-

192 1627 389 1681 rebant
411 1625 625 1693 omnes,
651 1635 703 1681 et
727 1626 896 1681 miser
920 1625 1008 1681 ille
1035 1625 1312 1682 diabolum
1339 1628 1601 1684 invocans
1627 1644 1639 1680 :
1670 1627 1773 1696 Tu,

191 1696 392 1766 inquit,
417 1696 554 1751 mihi
583 1697 834 1767 prmsidio
865 1698 945 1753 sis
971 1715 983 1751 :
1016 1713 1117 1767 ego
1135 1710 1269 1767 vero
1302 1698 1401 1752 tibi
1446 1714 1534 1753 me
1552 1714 1775 1754 servum

190 1775 425 1837 utraque
474 1766 658 1846 mariti
693 1767 847 1822 trado
875 1766 1491 1846 et_addico._Ulc_iscere
1546 1768 1777 1846 injurias
1812 1791 1853 1846 Β

189 1836 362 1909 ineas,
392 1838 543 1908 quod
564 1854 596 1892 a
620 1836 734 1909 Deo
752 1853 867 1909 non
915 1838 1146 1909 obtinui.
1174 1836 1401 1894 Ferebat
1447 1836 1775 1909 Deus'impii

187 1907 435 1991 hominis
462 1908 856 1991 blasphemiam
885 1926 902 1963 :
932 1907 1028 1964 sed
1053 1907 1775 1991 ubiillenequam‘etiam‘in

186 1988 413 2035 sanctos
443 1979 566 2048 ejus
582 1979 826 2049 injurias
850 1994 973 2035 esse
1013 1977 1179 2049 coepit
1211 1979 1346 2049 ultio
1371 1977 1616 2035 inaudita
1644 1995 1769 2035 con-

187 2056 377 2120 secuta
399 2057 509 2115 est,
541 2057 601 2103 ut
647 2049 933 2120 perspicue
972 2048 1159 2104 liceret
1186 2048 1566 2115 animadverti,
1610 2050 1778 2104 veris-

185 2118 326 2191 sime
350 2118 717 2191 dixissceuin.
749 2118 901 2186 (Qui
925 2120 1159 2191 tetigerit
1172 2134 1304 2191 nvos,
1331 2120 1776 2191 tangitpupillam

184 2189 334 2244 oculi
374 2190 493 2246 mei
550 2189 861 2260 (lac/1.").
925 2208 944 2242 ι
998 2190 1264 2260 Surgebat
1324 2189 1490 2260 judex
1518 2189 1599 2244 ’ct
1650 2206 1776 2245 cum

183 2274 252 2314 eo
276 2259 524 2330 majores
560 2275 771 2327 omnes,
820 2259 1027 2315 tantam
1081 2259 1191 2315 non
1235 2259 1477 2316 ferentes
1515 2260 1775 2330 blasphe-

162 2330 355 2401 miam
389 2350 403 2385 :
434 2330 666 2401 agebant
687 2347 813 2388 cum
844 2332 1040 2387 insano
1066 2346 1212 2386 nunc
1233 2331 1417 2398 minis,
1444 2340 1592 2387 nunc
1622 2331 1777 2385 blan-

183 2400 568 2467 dimentis,“
599 2400 666 2455 ad
690 2401 981 2456 sanitatem
1009 2402 1231 2467 rediret,
1265 2402 1361 2457 sed
1402 2402 1491 2457 ille
1518 2410 1670 2456 tanto
1691 2401 1778 2455 lu-

184 2470 339 2542 rebat
369 2471 567 2541 magis.
590 2469 735 2542 ‘Jam
773 2472 854 2527 sol
880 2472 989 2526 ibat
1010 2472 1079 2525 ad
1113 2486 1394 2538 occasum,
1422 2484 1476 2526 et
1506 2472 1778 2542 malignus

185 2540 276 2595 i‘lle
303 2542 360 2595 in
408 2539 643 2611 pascuis
669 2543 957 2611 Aquzerebat
986 2556 1187 2611 equum
1216 2557 1386 2611 suum
1412 2560 1424 2595 :
1449 2539 1779 2610 veniensque

183 2610 253 2665 ad
296 2609 501 2666 silvam
526 2609 910 2680 propinquam,
941 2609 1083 2665 inter
1118 2610 1339 2665 umbras
1367 2611 1624 2665 arborum
1644 2609 1780 2664 vidit

183 2681 435 2751 hominis
469 2680 797 2751 horrendam
825 2681 1083 2751 speciem,
1117 2680 1303 2751 sicque
1344 2681 1499 2751 prior
1544 2680 1779 2751 appellat

182 2766 313 2821 eum
356 2770 370 2806 :
407 2750 678 2821 Quisnam
700 2768 760 2806 es
789 2750 871 2818 tu,
899 2760 993 2807 aut
1028 2766 1137 2821 qua
1165 2750 1349 2806 causa
1377 2751 1465 2806 hic
1493 2750 1779 2806 Subsistis?

184 2819 504 2892 Respondit
543 2820 794 2892 diabolus
826 2840 839 2876 :
872 2819 1134 2892 Equidem
1185 2821 1291 2892 huc
1341 2821 1470 2876 veni
1513 2821 1779 2876 misertus

132 2924 133 2927 η
182 2892 287 2946 tui.
304 2890 454 2948 'Seis
475 2891 641 2958 enim,
665 2908 828 2962 quem
846 2890 1046 2962 ple—nus
1071 2890 1432 2947 amaritudine
1452 2892 1620 2962 paulo
1654 2899 1780 2945 ante

184 2962 565 3033 invocaveris,
585 2960 791 3033 cuique
835 2960 886 3017 te
914 2977 1149 3033 servum
1179 2960 1481 3033 devoveris.
1536 2960 1650 3031 Ego
1690 2962 1780 3016 ille

184 3033 305 3104 ipse
327 3048 459 3088 sum
489 3028 757 3104 diabolus.
785 3033 868 3088 Me
897 3028 1026 3104 ergo
1055 3040 1358 3102 protectore
1391 3031 1539 3104 felix‘
1566 3028 1783 3104 semper

182 3100 440 3171 futurus,
467 3102 582 3158 redi
611 3103 856 3170 domum,
888 3100 1191 3169 sic'tamen,
1219 3111 1277 3157 ut
1303 3119 1333 3156 a
1362 3117 1486 3156 meo
1515 3100 1781 3157 famulatu

182 3173 422 3229 minime
452 3182 503 3228 te
534 3172 830 3229 subducas.
856 3174 1114 3228 Abscedit
1138 3173 1326 3239 miser,
1350 3181 1405 3227 et
1443 3171 1611 3227 altera
1660 3173 1780 3227 luce

179 3244 390 3300 sedens
413 3258 559 3314 equo
609 3259 735 3300 cum
764 3243 1229 3314 commilitonibus
1277 3243 1391 3298 suis
1420 3243 1667 3314 sequitur
1691 3243 1781 3313 ju-

179 3314 369 3370 dicem
391 3313 506 3369 alio
531 3314 860 3370 tendentem.
901 3313 1113 3370 Rursus
1134 3313 1305 3384 judex
1333 3329 1457 3368 cum
1485 3313 1617 3384 suis
1660 3325 1781 3368 tan-

178 3399 357 3455 quam
431 3394 701 3440 nocturna
763 3384 1093 3454 cogitatione
1132 3382 1415 3455 mutatum
1479 3382 1670 3439 invitat
1712 3384 1781 3439 ad

179 3453 633 3511 satisfactionem
663 3472 675 3508 :
702 3453 969 3525 promittit
1020 3454 1235 3509 veniam
1280 3453 1455 3525 pridie
1493 3469 1781 3525 perperam

179 3535 498 3597 gestorum,
546 3524 717 3580 modo
753 3525 1340 3597 persolvat_debit_um.
1368 3524 1503 3597 Allle’
1532 3526 1682 3597 redit
1710 3525 1782 3579 ad

178 3593 561 3667 contumelias
603 3604 658 3651 et
710 3593 976 3667 convicia,
1003 3594 1177 3667 aitse
1219 3595 1334 3667 jam
1366 3593 1782 3667 invenis-setme-

180 3665 386 3721 liorem
412 3674 726 3734 patronum,
754 3666 847 3736 qui
870 3675 924 3720 et
955 3666 1131 3736 possit
1148 3665 1290 3721 tueri
1312 3680 1472 3730 suos,
1508 3672 1565 3736 et
1590 3665 1783 3720 adver-

180 3736 373 3792 sarios
395 3737 707 3806 opprimere
734 3755 748 3790 ;
771 3734 863 3792 cui
887 3734 995 3791 non
1025 3736 1095 3791 sit
1126 3736 1267 3791 alius
1293 3735 1506 3790 similis.
1539 3734 1780 3790 Percon-

180 3807 444 3877 tantibus
466 3807 608 3874 aliis,
633 3808 950 3877 ecquisnam
997 3807 1087 3862 ille
1124 3807 1226 3877 psit,
1259 3806 1639 3877 incunctanter
1690 3821 1781 3859 re-

179 3876 433 3946 spondet
464 3874 740 3932 diaboluui
779 3893 920 3942 esse,
965 3892 1065 3932 nec
1104 3876 1315 3931 dubitat
1341 3875 1395 3928 in
1415 3874 1694 3946 Christum
1728 3883 1784 3929 et

180 3944 422 4003 sanctos
437 3947 557 4016 ejus
586 3947 951 4016 blasphemias
994 3955 1048 4001 et
1076 3946 1310 4001 nefanda
1354 3944 1522 4016 multa
1536 3945 1777 4016 jactare.

179 4016 333 4072 Tum
355 4012 529 4088 judex
553 4012 805 4088 religioso
839 4031 1073 4088 mmrore
1097 4016 1321 4088 allectus
1343 4033 1356 4068 :
1375 4012 1443 4088 _O
1475 4012 1659 4088 miser,
1690 4014 1780 4069 in-

176 4089 329 4159 quit,
357 4082 402 4159 c
434 4088 633 4159 λρι-εβὸιι
656 4082 902 4151 Satanae,
933 4087 1078 4140 itane
1117 4085 1326 4159 insanis
1354 4084 1428 4159 ⁸ἱιι
1465 4082 1781 4140 Creatorem

177 4154 352 4215 thum
372 4157 400 4210 ?
414 4155 549 4227 tNisi
574 4157 762 4227 plenus
789 4171 939 4212 esses
957 4171 1040 4221 eo,
1064 4171 1226 4227 quem
1238 4154 1477 4227 jactitas,
1502 4170 1780 4224 nunquam

176 4238 267 4284 tot
299 4226 512 4298 prgbra
544 4225 844 4298 conjicercs
865 4227 923 4298 in
952 4226 1140 4280 mundi
1164 4225 1456 4298 Dominum
1478 4234 1533 4298 et
1562 4234 1781 4298 sanctos

173 4294 330 4370 ejus.
379 4294 663 4366 [inpietate
681 4296 844 4351 etiam
857 4296 1151 4370 daemones
1170 4295 1387 4370 vincere
1406 4295 1625 4350 videris.
1654 4315 1671 4346 ι
1700 4294 1779 4349 llli

172 4365 557 4432 credunt,’et
605 4366 1037 4423 contremiscunt
1095 4365 1238 4436 (Jac.
1293 4366 1354 4435 ιι)
1404 4384 1416 4418 :
1457 4385 1476 4416 ι
1537 4376 1596 4420 ιιι
1649 4381 1781 4420 vero

176 4450 341 4496 totus
368 4452 588 4507 amens,
613 4437 753 4491 nihil
779 4438 976 4493 metuis
992 4436 1087 4490 Dei
1113 4444 1455 4507 potestatem,
1479 4451 1579 4491 nec
1599 4437 1778 4492 credis

176 4483 505 4578 miraculis,
531 4483 731 4578 quibus
752 4514 897 4578 terra
925 4483 1171 4578 marique
1198 4507 1373 4578 sancti
1411 4483 1771 4561 illustrantur.
1809 4483 1852 4541 υ

177 4580 252 4635 Et
278 4587 347 4635 ut
381 4577 523 4634 alios
549 4576 822 4643 omittam,
856 4577 923 4630 de
956 4577 1273 4632 beatissimo
1311 4576 1559 4641 Annone,
1583 4586 1779 4645 prteter

177 4651 297 4707 alia
328 4648 459 4718 ejus
506 4648 789 4713 miracula,
820 4655 1053 4712 constat,
1097 4661 1351 4717 magnam
1387 4647 1506 4770 eius
1540 4646 1595 4699 in
1619 4647 1778 4702 caecis

177 4718 579 4770 illuminandis
625 4733 746 4770 esse
778 4716 1072 4770 efﬁcaciam
1128 4734 1142 4770 :
1196 4730 1297 4770 nec
1343 4716 1414 4770 du
1457 4716 1589 4770 ium.
1645 4717 1778 4770 auin

177 4716 579 4778 illuminandis
625 4733 746 4773 esse
778 4716 1072 4772 efﬁcaciam
1128 4734 1142 4771 :
1196 4716 1297 4770 nec
1343 4716 1589 4785 dubium,
1645 4717 1781 4785 quin

177 4791 375 4864 possit
405 4789 573 4844 etiam
600 4788 848 4864 videntes
871 4787 1170 4864 luminibus
1197 4786 1429 4864 privare.
1462 4784 1778 4864 Vide_ergo,

178 4856 258 4919 ne
279 4874 589 4943 percassus
614 4860 881 4943 caecitate,
904 4857 990 4911 vel
1021 4872 1143 4938 sero
1165 4857 1379 4943 cogaris
1411 4872 1537 4910 eum
1585 4856 1780 4943 depre-

177 4926 329 4989 cari.
365 4928 455 4983 Ad
477 4929 595 4984 haec
612 4928 701 4985 ille
727 4936 907 4984 erecta
962 4927 1193 4992 cervice,
1222 4926 1554 4982 eachiunans
1578 4935 1632 4981 et
1652 4926 1783 4981 sub-

178 5014 450 5060 sanuans
481 5017 494 5053 :
523 4998 690 5054 Istum
720 5014 870 5064 vero,
901 4997 1099 5067 inquit,
1124 4996 1297 5065 signis
1315 4996 1640 5067 _clarescere
1664 5011 1784 5067 cre-

176 5074 322 5131 dere
349 5069 668 5144 quisquam,
698 5069 804 5124 nisi
829 5064 1053 5133 delirus,
1078 5064 1285 5144 potest?
1315 5064 1452 5119 Novi
1474 5065 1782 5144 egghomi-

1886 512 2069 558 manet
2097 502 2429 559 incredulus.
2459 503 2757 559 Hortamur
2779 521 2905 560 eum
2925 521 3118 561 omnes
3138 547 3152 569 ,
3183 513 3240 560 ut
3264 506 3345 559 vel
3374 520 3467 558 ex—

1885 573 2377 645 perientiacautus
2400 574 2514 638 ﬁat,
2540 584 2593 629 et
2641 575 2859 630 beatum
2907 572 3192 631 Annonem
3216 575 3468 645 precibus

1886 642 1990 716 sibi
2016 642 2288 716 conciliet.
2325 642 2810 716 llleuveroﬁseipso
2855 647 3112 713 deterior,
3144 642 3341 701 rursus
3367 660 3465 699 ex—

1884 714 2084 786 ciamat
2115 731 2128 766 :
2160 712 2344 786 Donec
2366 714 2489 786 ulla
2522 715 2657 786 mihi
2677 712 2913 786 luminis
2930 712 3109 786 portio
3125 717 3313 771 relicta
3338 715 3465 783 erit,

1883 784 2027 839 absit
2048 792 2108 838 ut
2134 783 2186 838 ei
2228 782 2454 852 supplex
2500 784 2615 838 ﬁeri
2665 786 2845 841 velim.
2894 782 2977 841 Sit
3029 787 3233 842 erroris
3278 786 3466 848 vestri,

1884 864 2133 909 sanctum
2161 868 2286 908 eum
2321 854 2501 907 dicere
2534 872 2547 906 :
2581 855 2736 923 mihi,
2788 856 2835 912 si
2959 866 3080 922 test,
3112 858 3263 928 prius
3301 856 3467 911 etiam

1884 925 2113 979 alterum
2138 923 2375 979 excutiet
2418 923 2659 981 oculum.
2688 940 2851 981 quam
2883 872 2989 981 Rga
3036 943 3136 981 ego
3178 927 3335 981 fateri
3376 942 3467 981 ve-

1882 925 2113 997 altcrnrm
2138 923 2375 997 excutiet
2418 923 2659 997 oculum,
2688 940 2851 997 quam
2883 923 2989 982 hoc
3036 923 3136 997 ego
3178 927 3335 982 fateri
3376 942 3468 997 ve-

1883 995 2011 1067 lim._
2034 993 2199 1067 Dixit,
2229 1003 2284 1067 et
2316 995 2533 1049 cunctis
2556 993 2925 1067 cernentibus,
2970 993 3232 1067 tanquam
3274 996 3465 1052 fulmi-

1882 1065 1970 1137 nis
1992 1065 2237 1137 jaculum
2264 1065 2320 1120 in
2357 1072 2521 1137 caput
2563 1064 2683 1137 ejus
2719 1064 2921 1137 vibrari
2965 1064 3138 1123 visum
3163 1077 3264 1133 est,
3309 1070 3465 1137 cujus

1883 1134 2005 1208 ictu
2020 1135 2263 1206 reliquus
2291 1134 2777 1208 oculusiradicitus
2794 1136 3015 1208 evulsus
3039 1147 3142 1192 est.
3173 1137 3296 1193 Mox
3324 1134 3467 1208 equo

1882 1204 2065 1278 fugam
2102 1204 2444 1278 capessente,
2488 1204 2678 1278 infelix
2711 1206 2800 1278 tab
2846 1206 2939 1261 illo
2988 1222 3278 1273 excussus,
3314 1204 3466 1263 humi

1882 1276 2091 1332 corruit
2124 1277 2259 1332 :sed
2282 1276 2419 1347 pede
2456 1276 2629 1331 altero
2650 1276 2948 1333 inhaerente
2996 1278 3089 1332 uni
3126 1278 3462 1347 stapedibus,

1880 1347 2097 1429 longius
2123 1347 2199 1429 ab_
2244 1363 2385 1429 equo
2416 1347 2615 1429 misere
2631 1356 2889 1429 raptatus
2937 1358 3039 1404 est.
3078 1348 3265 1403 Seeuti
3302 1348 3461 1429 illum

1879 1416 2093 1489 equites
2116 1416 2488 1489 velocissimi,
2506 1417 2915 1489 moribundum,
2942 1434 3084 1489 equo
3112 1419 3466 1489 comprehen—

1881 1486 1963 1554 so,
1991 1488 2293 1543 solverunt.
2346 1486 2707 1543 Conﬂuebant
2755 1489 2822 1543 ad
2854 1486 3203 1545 eum—omnes
3236 1486 3468 1544 horrore

1881 1559 2177 1614 concussi:
2216 1558 2306 1613 ille
2334 1572 2467 1612 vero
2515 1574 2628 1628 przr
2652 1558 2839 1613 dolore
2863 1560 3177 1614 clamitabat
3202 1568 3253 1614 et
3295 1559 3469 1628 ejula-

1879 1630 1992 1696 bat,
2023 1628 2077 1682 in
2111 1628 2332 1699 pulvere
2376 1643 2497 1699 sese
2540 1629 2810 1684 volutans.
2856 1628 2993 1684 Tum
3029 1645 3221 1685 omnes
3267 1643 3469 1699 pavore

1881 1708 1935 1755 et
1967 1697 2189 1768 stupore
2212 1697 2467 1769 cbrrepti,
2512 1699 2855 1768 appellabant
2882 1710 3131 1755 sanctum
3154 1697 3463 1766 Annonem;

1883 1784 2004 1824 sese
2045 1769 2104 1824 in
2152 1776 2356 1824 terram
2404 1778 2814 1838 prosternentes
2838 1811 2853 1835 ,
2903 1770 3196 1826 identidem
3251 1769 3462 1825 clama»

1882 1840 2014 1894 bant
2056 1836 2486 1911 liyrie__eleison.
2524 1838 2596 1911 lis
2643 1836 2975 1897 clamoribus
3006 1857 3103 1911 per
3154 1855 3378 1911 nemora
3413 1849 3469 1894 et

1884 1924 2045 1993 agros
2067 1909 2188 1991 sese
2214 1909 2667 1993 diﬂ‘undentibus,
2695 1926 2763 1967 ex
2816 1911 2955 1993 locis
2985 1909 3314 1993 propinquis
3348 1926 3467 1993 ma-

1883 1979 1989 2051 gna
2021 1979 2305 2034 hominum
2330 1980 2491 2035 turba
2550 1995 2675 2051 cum
2712 1979 3109 2051 sacerdotibus
3153 1979 3461 2051 advolavit:

1883 2050 2131 2120 quicum
2176 2065 2317 2120 remi
2347 2057 2519 2104 totam
2558 2050 2896 2117 didicissent,
2947 2068 3057 2109 non
3118 2050 3467 2106 mediocriter

1884 2115 2231 2189 obstupuere.
2290 2115 2643 2175 Sustinebant
2687 2136 2818 2191 verp
2869 2115 3082 2187 Omnes,
3120 2121 3252 2191 quid
3300 2136 3466 2190 porro

1882 2200 2207 2262 eventurum
2227 2199 2375 2262 esset
2403 2191 2606 2262 misero
2626 2191 2723 2245 illi.
2754 2190 3002 2262 tPropius
3036 2190 3217 2246 autem
3240 2191 3309 2262 ad
3338 2206 3465 2245 eum

1883 2261 2146 2316 accedens
2170 2261 2337 2333 judeit
2358 2269 2414 2315 et
2438 2260 2661 2333 quidam
2692 2260 2931 2333 religiosi
2958 2261 3083 2328 viri,
3110 2261 3459 2333 sciscitaban-

1884 2340 1974 2387 tur
1993 2346 2060 2386 ει
2087 2326 2473 2402 εοξιιιιιόιιιιιιῐ
2489 2331 2730 2386 haberet.
2754 2326 3181 2402 'R'espondit‘ille
3203 2332 3373 2386 tantis
3406 2345 3466 2386 se

1882 2401 2208 2458 discruciari
2228 2401 2531 2467 doloribus,
2566 2410 2625 2455 ut
2659 2418 2809 2467 spem
2864 2401 3082 2457 vivendi
3121 2404 3338 2457 omnem
3369 2401 3467 2455 ab-

1879 2468 2092 2542 jecerit.
2120 2468 2497 2542 Hortabantur
2514 2487 2640 2542 eum
2673 2468 2771 2537 illi,
2809 2480 2870 2527 ut
2888 2473 3019 2527 dum
3042 2473 3222 2526 adhuc
3252 2481 3466 2539 tempus

1884 2541 2221 2612 poenitentiae
2237 2542 2480 2612 adesset,
2507 2541 2783 2610 colligeret
2813 2557 2934 2596 sese
2961 2561 2973 2595 :
2998 2542 3142 2612 quod
3164 2542 3211 2596 si
3239 2541 3463 2605 faceret,

1884 2610 1939 2665 et
1974 2610 2195 2665 beatum
2218 2611 2506 2681 Annonem
2540 2626 2606 2665 ex
2637 2613 2824 2666 animo
2857 2610 3261 2681 deprecaretur,
3293 2618 3467 2681 etve-

1884 2681 2032 2734 niam
2057 2689 2110 2735 et
2132 2679 2420 2735 sanitatem
2461 2680 2513 2735 ei
2551 2679 2964 2737 pollicebantur.
2995 2680 3133 2735 Tum
3163 2682 3251 2735 ille
3278 2680 3467 2735 dolore

1884 2759 2113 2821 urgente
2132 2750 2457 2805 exclamavit
2485 2770 2496 2803 ;
2524 2750 2719 2805 Fateor
2746 2760 2995 2807 sanctum
3027 2753 3310 2806 Annonem
3338 2766 3467 2820 pos-

1886 2820 1977 2887 se,’
2000 2821 2047 2875 si
2072 2821 2220 2886 velit,
2253 2820 2387 2875 mihi
2411 2821 2698 2876 restituere
2732 2822 2922 2877 oculos
2952 2822 3168 2877 ablatos
3202 2836 3466 2875 :manus-

1886 2906 1991 2963 quc
2010 2892 2273 2963 tremulas
2290 2890 2351 2963 in
2374 2892 2571 2963 cmlum
2603 2892 2909 2963 porrigens,
2937 2892 3152 2948 cunctis
3202 2892 3469 2963 audienti-

1885 2960 2011 3027 bus,
2046 2962 2507 3033 lacrymabundus
2549 2960 2725 3033 oravit
2760 2960 2789 3016 ἐ
2855 2962 3047 3027 Parce,
3096 2962 3467 3017 sacratissime

1888 3032 2340 3103 pontifex,parce
2360 3033 2573 3103 misero
2624 3032 2757 3103 mihi
2781 3032 2905 3103 jure
2926 3033 3217 3103 castigato,
3244 3048 3343 3087 nec
3369 3048 3466 3103 ne-

1890 3101 1983 3173 ges
2007 3116 2270 3158 converso
2299 3101 2749 3168 misericordiam,
2770 3101 2939 3173 quam
2962 3101 3229 3173 Dominus
3252 3102 3466 3157 cunctis

1885 3171 2209 3243 resipiscere
2245 3173 2558 3227 volentibus
2580 3174 2757 3238 oll'ert,
2794 3171 2891 3228 ubi
2935 3175 3013 3227 ait
3047 3192 3058 3226 :
3098 3193 3116 3225 ‹
3154 3171 3288 3227 Vivo
3316 3187 3416 3243 ego
3449 3191 3462 3226 :

1883 3244 2011 3316 nolo
2036 3251 2263 3316 mortem
2301 3243 2629 3316 peccatoris,
2662 3244 2757 3316 sed
2799 3252 2867 3316 ut
2886 3243 3061 3316 magis
3093 3248 3463 3316 convertatur,

1881 3321 1935 3367 et
1964 3314 2108 3368 vivat
2129 3312 2343 3377 (Ezecft.
2374 3312 2588 3439 xxxng.
2632 3332 2652 3365 ›
2682 3313 2739 3367 Si
2780 3312 3081 3369 reddideris
3104 3314 3241 3368 mihi
3295 3313 3464 3368 lumi-

1883 3399 1975 3439 na.
1998 3384 2145 3439 auod
2170 3392 2223 3438 te
2244 3398 2406 3439 nosse
2433 3399 2525 3438 ere
2564 3400 2617 3439 ο.
2643 3391 2758 3439 toto
2786 3385 2948 3439 corde
2970 3385 3067 3439 tibi
3093 3399 3311 3439 semper
3342 3384 3464 3438 sub-

1883 3399 1975 3450 na,
1998 3384 2145 3454 quod
2170 3392 2223 3438 te
2244 3398 2406 3453 posse
2433 3384 2617 3450 credo,
2643 3391 2758 3439 toto
2786 3385 2948 3440 corde
2970 3385 3067 3439 tibi
3093 3399 3311 3454 semper
3342 3384 3468 3438 sub-

1883 3454 2029 3509 dhus
2056 3469 2171 3521 ero,
2188 3454 2408 3524 etquod
2436 3454 2702 3511 hactenus
2724 3455 2890 3525 impie
2923 3456 3117 3525 negavi
3143 3470 3237 3524 per
3286 3463 3465 3509 totum

1883 3525 2069 3579 orbem
2104 3524 2463 3595 annuntiabo,
2491 3533 2541 3595 te
2560 3524 2841 3595 prioribus
2864 3524 3067 3580 sanctis
3088 3532 3362 3595 aequatum
3384 3540 3467 3579 es-

1882 3610 1943 3649 se
1970 3595 2182 3651 meritis
2200 3604 2254 3650 et
2277 3594 2453 3650 factis.
2482 3594 2612 3651 Haec
2640 3612 2765 3651 cum
2817 3595 2904 3650 ille
2940 3594 3166 3659 diceret,
3191 3602 3245 3648 et
3273 3609 3464 3650 omnes

1882 3665 2235 3721 miseratione
2253 3664 2618 3732 abicerentur,
2648 3665 2924 3719 Arnoldus
2948 3664 3117 3733 judex
3146 3664 3468 3718 hortabatur

1882 3750 1996 3804 eos,
2018 3746 2082 3790 ut
2102 3735 2487 3792 communibus
2508 3738 2649 3791 votis
2671 3744 2726 3790 et
2754 3735 3006 3804 precibus
3027 3733 3235 3789 homini
3261 3733 3465 3789 misero

1883 3803 2121 3859 divinam
2199 3805 2629 3860 misericordiam
2689 3803 3065 3868 conciliarent,
3124 3804 3466 3873 sublatisque

1884 3875 2158 3941 manibus,
2209 3874 2372 3945 Kyrie
2403 3875 2606 3930 elcison
2652 3891 2761 3929 una
2814 3874 3333 3945 voceclamitarent.
3364 3873 3467 3945 lm-

1883 3944 2531 4013 pietatisenimnotamse
2558 3961 2666 3999 non
2689 3960 2851 4014 posse
2880 3944 3115 4014 ell‘ugerc
3148 3944 3383 4009 dicebat,
3414 3944 3464 3999 si

1884 4024 2098 4069 natura:
2156 4024 2465 4069 consortem
2548 4015 2603 4069 in
2673 4030 2736 4069 ea
2796 4015 3071 4069 clamitate
3127 4014 3458 4069 desererent.

1884 4084 2068 4154 Itaque
2087 4085 2298 4153 primus
2323 4084 2437 4153 ipse
2463 4084 2615 4138 humi
2635 4100 2693 4139 se
2713 4084 2996 4154 abjiciens,
3021 4100 3211 4139 omnes
3235 4093 3293 4138 ut
3319 4084 3462 4138 idem

1884 4152 2125 4209 facerent
2151 4152 2437 4225 permovit.
2462 4152 2992 4225 'Postquam‘autem
3031 4170 3061 4208 a
3094 4164 3239 4225 terra
3270 4170 3461 4209 surre-

1883 4234 2098 4290 xerunt,
2146 4224 2396 4279 sanctum
2438 4225 2728 4280 Annonem
2780 4225 2991 4281 iteratis
3026 4224 3256 4280 vocibus
3304 4226 3461 4279 invo—

1884 4304 2101 4362 cantes,
2146 4294 2390 4350 inaudito
2434 4296 2699 4350 miraculo
2747 4296 2873 4350 novi
2906 4296 2961 4350 in
3005 4294 3244 4351 hominis
3289 4296 3464 4364 capite

1883 4366 2028 4420 oculi
2077 4373 2296 4435 repente
2329 4366 2689 4434 exstiterunt,
2718 4367 2879 4422 solito
2915 4366 3216 4422 clariores:
3253 4376 3307 4420 et
3337 4374 3443 4419 tan~
3526 4408 3532 4415 .

1881 4451 2046 4504 quam
2079 4436 2213 4495 nihil
2260 4450 2456 4505 passus
2488 4447 2652 4503 esset,
2696 4453 2865 4492 sanus
2891 4445 2945 4491 et
2973 4436 3261 4490 incolumis
3300 4436 3464 4490 homo

1880 4508 2117 4577 surrexit
2146 4525 2157 4559 :
2184 4507 2433 4577 populus
2453 4507 2818 4577 circumstans
2840 4522 2948 4577 pra:
2973 4505 3171 4575 gaudio
3193 4505 3464 4577 lacrymas

1880 4574 2136 4639 fundens,
2180 4574 2464 4631 immensis
2499 4576 2727 4630 vocibus
2769 4575 2839 4628 ita
2883 4574 2945 4629 ut
2976 4574 3072 4643 par
3118 4583 3236 4627 erat
3272 4575 3463 4629 laudes

1880 4646 2186 4699 diutissime
2214 4643 2582 4712 dcpromebat.
2611 4645 2804 4700 Postea
2827 4644 2918 4698 ille
2951 4645 3017 4698 ad
3046 4643 3190 4696 beati
3215 4643 3463 4699 Annonis

1883 4715 2153 4768 tumulum
2191 4713 2360 4781 venit,
2404 4715 2765 4784 exposuitque
2816 4715 2948 4784 quid
2994 4713 3099 4784 ipsi
3138 4713 3460 4784 accidisset.

1884 4784 1989 4839 Sed
2016 4799 2140 4855 cum
2171 4797 2333 4855 nemo
2366 4782 2629 4855 crederet,
2654 4782 2822 4839 abbas
2840 4782 3468 4855 Reginbarduscuravit
3537 4785 3545 4839 ζ

1882 4853 2416 4926 cumadducendum
2443 4854 2528 4926 ad
2555 4855 2823 4926 synodttm
2842 4896 2858 4919 ,
2884 4850 3169 4926 quietum,
3193 4850 3468 4926 Hidulpho

1883 4924 2294 5005 archiepiscopo
2335 4921 2659 5005 praesidente
2677 4967 2702 5005 ,_
2725 4921 2971 5005 Celonia;
3014 4921 3474 5005 liabcbaturt'lbi

1882 4995 1975 5050 ille
1998 4990 2182 5049 coram
2212 4990 2469 5051 omnibus
2494 5002 2660 5048 totam
2682 4990 2857 5062 hujus
2884 4995 2965 5050 rei
2987 4990 3261 5062 pertexuit
3288 4992 3477 5053 histo-

1886 5068 2046 5144 riam,
2071 5063 2274 5144 multus
2303 5065 2424 5135 ejus
2447 5065 2601 5144 dicta
2641 5059 2969 5144 suis'verbis
2992 5059 3485 5144 :t'gnﬁxjmantibus.
