4028 5360
220 444 227 482 ¹
295 445 722 503 Conslderamus
749 460 880 517 ergo
909 445 1037 518 qula
1078 444 1207 518 fecit
1232 444 1370 518 mihi
1399 444 1667 501 Dominus
1694 459 1813 498 ma-

228 534 331 593 gna
356 518 469 593 _qu_i
520 526 713 593 potens
756 515 876 583 est,
926 515 1723 593 et_anxiusfactus_sun1_-pro
1748 530 1814 569 eo

228 585 488 662 quodvis
525 585 856 662 invenirem“
881 588 1013 662 quid
1060 588 1418 662 retribuerem
1448 585 1684 662 Domino
1712 601 1813 662 pro

228 656 483 715 omnibus
534 673 658 728 quae
708 656 964 714 retribuit
1013 659 1167 713 mihi.
1228 657 1325 713 His
1376 657 1527 713 curis
1557 656 1815 712 aastuanti

226 731 362 787 mihi
389 730 572 785 divina
606 729 778 798 pietas
806 730 950 784 viam
998 730 1212 800 aperuit
1237 737 1254 796 ζ
1307 744 1418 799 quo
1446 735 1677 798 pergens
1697 770 1711 792 ,
1732 743 1815 800 eo

226 817 336 874 quo
361 798 1050 874 desiderabamattingeref
1075 816 1235 874 posse
1271 798 1627 874 speraverint,
1667 798 1815 855 scili-

224 869 310 930 cet
339 880 400 929 ut
428 870 815 940 ampliﬁcando
840 869 1141 927 Ecclesiam
1182 869 1328 926 dono
1362 870 1456 926 Dei
1494 869 1628 924 mihi
1660 885 1814 925 com-

226 944 475 1009 missam,
505 943 593 997 his
623 942 719 1013 qui
766 958 856 998 me
905 950 1303 1013 praecesserunt
1349 942 1507 1007 viris,
1536 950 1651 1013 toto
1678 956 1817 1013 pene

222 1015 356 1070 orbe
386 1011 657 1069 terrarum
689 1022 804 1068 tum
837 1011 1151 1082 sanctitate,
1180 1025 1296 1068 tum
1318 1011 1813 1084 patrimonio,'tum
1864 1028 1867 1029 ν

224 1086 442 1157 generis
488 1084 747 1157 claritate,
776 1085 1113 1156 conspicuis,
1146 1094 1201 1141 et
1226 1092 1287 1139 ut
1311 1082 1447 1155 pace
1480 1084 1700 1157 illorum
1732 1082 1817 1137 di-

222 1154 368 1221 cam,
402 1170 491 1210 me
519 1156 823 1227 studiosius
847 1154 1162 1227 operantem
1190 1198 1205 1221 ,
1252 1154 1439 1227 parem
1477 1154 1585 1227 illis
1611 1154 1816 1227 factum

221 1241 346 1282 esse
372 1227 554 1282 dicere
584 1243 693 1282 non
731 1224 1039 1282 formidem.
1078 1227 1207 1282 Inde
1237 1224 1529 1281 occasione
1557 1226 1683 1280 data
1714 1224 1814 1279 do-

221 1298 427 1369 minam
453 1297 746 1353 Richezam
777 1298 1022 1368 reginam
1051 1313 1217 1369 super
1239 1297 1567 1368 quibusdam
1597 1296 1817 1367 prmdiis

223 1367 707 1440 Salevelt-ltobins,
744 1367 1017 1440 quatenus
1041 1369 1108 1424 de
1122 1367 1222 1423 his
1251 1367 1553 1440 precariam
1584 1382 1818 1440 consen-

220 1440 364 1494 tiens
386 1454 453 1493 eo
475 1438 679 1495 Sancto
708 1438 872 1496 Petro
890 1438 1135 1495 Colonia:
1148 1438 1405 1504 traderet,
1435 1438 1812 1495 convenimus.

223 1510 381 1576 Quod
416 1527 540 1565 cum
576 1511 631 1565 in
654 1512 802 1567 aditu
819 1512 998 1582 primo
1013 1526 1206 1581 parum
1225 1510 1293 1565 ad
1319 1521 1503 1565 votum
1523 1509 1818 1582 responde:-

214 1589 321 1644 τοι,
341 1582 593 1637 voluntas
611 1582 702 1637 Dei
720 1579 835 1637 fuit
852 1591 912 1637 ut
938 1579 1047 1637 non
1070 1582 1235 1653 longo
1262 1590 1387 1651 post
1416 1579 1818 1653 tempore.quod

217 1653 600 1723 quaerebamus
621 1668 944 1723 prosperum
964 1669 1028 1709 ac
1052 1653 1260 1710 felicem
1275 1653 1499 1708 haberet
1528 1652 1755 1707 exitum.

290 1720 448 1778 Unde
479 1720 670 1778 notum
702 1720 824 1779 esse
854 1724 1107 1780 volumus
1134 1724 1348 1779 cunctis
1378 1733 1491 1777 tam
1521 1721 1815 1793 przesenti—

219 1792 324 1847 bus
356 1810 523 1864 quam
558 1795 758 1850 futuris
797 1794 1016 1849 Domini
1049 1794 1143 1848 Dei
1173 1806 1226 1849 et
1255 1795 1430 1851 sancti
1457 1792 1606 1848 Petri
1638 1792 1814 1847 ﬁdeli-

219 1864 361 1930 bus,
414 1866 1028 1937 qualitergStarckhare
1071 1865 1297 1937 quidam
1348 1865 1433 1918 vir
1461 1865 1733 1935 ingenuus
1763 1872 1817 1937 et

220 1949 429 2008 eomes,
465 1937 621 1992 miles
670 1935 849 2008 ipsius
891 1935 1130 2008 reginae,
1182 1945 1649 2008 praecepto-atque
1679 1936 1817 2008 peti-

219 2006 369 2060 tione
398 2007 632 2062 domina:
658 2005 772 2063 sine
820 2005 1163 2063 Saleveldoin
1184 2005 1480 2062 ’castellum
1531 2023 1656 2061 cum
1691 2005 1815 2059 uni-

219 2078 398 2131 versis
428 2077 495 2131 ad
522 2078 627 2133 hoc
662 2078 1079 2148 pertinentibus,
1109 2078 1269 2133 terris
1301 2093 1364 2133 ac
1395 2077 1567 2148 silvis,
1597 2076 1817 2148 forestis

218 2154 386 2231 atque
433 2147 834 2231 piscatio’uibu’s‘
860 2191 884 2231 ,ε
924 2150 1140 2231 pratis,
1182 2149 1437 2231 pascuis,
1482 2147 1728 2228 familiis,
1763 2154 1817 2231 et

217 2217 487 2289 quidquid
520 2220 636 2289 ipsa
685 2220 740 2274 in
793 2217 939 2274 Orla
956 2217 1306 2290 proprietatis
1336 2219 1535 2290 habere
1564 2217 1680 2290 visa
1706 2224 1814 2290 est,

216 2287 461 2359 exceptis
493 2287 857 2346 servientibus
885 2332 901 2356 ,
957 2287 1161 2345 Sancto
1206 2290 1370 2344 Petro
1405 2288 1721 2359 Coloniensi
1749 2287 1817 2342 ad

206 2374 387 2415 .usum
418 2361 810 2432 archiepisc0pi
836 2361 1134 2417 Christiani
1166 2360 1414 2416 advocati
1446 2358 1670 2432 tradidit
1693 2359 1818 2432 jure

216 2440 481 2516 perpetuo
509 2429 920 2516 possidendum,
953 2448 1019 2516 eo
1045 2432 1297 2515 videlicet
1327 2441 1517 2486 tenore
1552 2438 1615 2513 ut
1641 2429 1817 2516 ipsius

216 2501 405 2569 praedii
435 2518 571 2556 usus
600 2506 838 2557 fructum
868 2503 1088 2557 domina
1134 2503 1321 2572 regina
1363 2517 1539 2571 usque
1569 2501 1814 2572 intiuem

216 2571 341 2643 vita:
391 2588 505 2626 sua:
553 2579 732 2627 teneat
759 2614 773 2638 ,
823 2589 884 2628 ea
916 2584 1133 2643 quoque
1163 2569 1373 2627 ratione
1406 2569 1471 2627 ac
1500 2569 1818 2626 firmissimo

216 2642 555 2708 interdicto,
606 2658 674 2697 ne
720 2642 964 2712 unquam
1020 2642 1222 2711 aliquis
1275 2643 1816 2712 archiepiscoporum

254 2728 311 2766 er
341 2713 735 2779 concanbium,
777 2711 861 2768 vel
893 2714 1149 2783 cuiquam
1194 2713 1249 2766 in
1282 2714 1605 2767 beneﬁcium
1637 2711 1816 2783 dando

259 2784 503 2850 alavelt,
554 2784 639 2838 vel
689 2785 757 2839 ad
805 2784 909 2839 hoc
958 2784 1288 2854 pertinentia
1350 2784 1419 2838 ab
1480 2782 1816 2854 dominicato

214 2870 319 2910 suo
350 2854 518 2910 faciat
546 2855 744 2920 aliena,
782 2855 888 2909 nisi
920 2853 1060 2909 ferte
1085 2862 1352 2924 quantum
1383 2870 1485 2911 nos
1512 2869 1638 2909 cum
1667 2853 1817 2923 ejus-

216 2925 342 2996 dem
397 2927 600 2995 reginae
646 2925 875 2980 consilio
920 2941 1021 2996 pro
1073 2925 1255 2979 anima
1308 2933 1495 2980 nostra
1525 2966 1540 2991 ,
1580 2938 1815 2996 necnon

212 2995 392 3121 ipsius
425 2993 760 3067 suorumque
786 2993 1074 3066 parentum
1103 3011 1200 3066 per
1222 2996 1552 3051 monasteria
1574 2993 1817 3050 Coloniae

251 3067 655 3121 istribuendum
706 3082 772 3121 ex
823 3067 944 3121 inso
993 3067 1372 3121 statuerimus.
1427 3065 1531 3121 Sed
1580 3075 1633 3120 et
1671 3064 1817 3120 deci-

207 2704 214 2723 6

1642 346 2063 405 DIPLOMATA.

3362 349 3499 406 1586

1915 462 2038 502 rum
2068 447 2317 515 Aldeger,
2350 449 2665 515 Gunthore,
2712 448 2971 513 Rathere,
3001 446 3207 511 Mazzo,
3247 444 3506 515 Ruodolf,

1916 515 2174 583 llerman,
2207 515 2445 587 Adelart,
2498 520 2774 586 Adelbert,
2827 520 3079 581 Gerhort,
3114 516 3291 583 Usito,
3322 516 3507 573 Helin-

1916 588 2378 662 bolth,_l_luozelin
2402 634 2415 656 ,
2469 590 2746 658 Adeleich,
2783 590 3013 662 Morlog,
3046 589 3277 662 Vincho,
3313 596 3367 662 et
3409 589 3510 645 ite-

1916 675 2040 713 rum
2093 658 2326 727 Vincho,
2375 662 2564 729 llebo,
2610 656 2801 729 Buho,
2844 656 3133 724 Gadélher,
3187 656 3506 726 Starkharc,

1917 731 2137 859 gnando
2159 731 2380 787 domina
2413 728 2599 804 regina
2652 728 2804 789 stans
2842 733 2894 787 in
2932 733 3097 788 domo
3127 728 3185 784 S.
3218 729 3363 785 Petri
3398 738 3509 786 tra-

1956 802 2177 857 itionem
2214 804 2354 857 hanc
2380 806 2789 859 recognovitzct
2811 803 3109 858 Starkhare
3137 816 3324 857 comes
3352 802 3425 855 ita
3448 810 3509 855 ut

1956 802 2177 874 itionem
2214 804 2354 874 hanc
2380 802 2789 874 recbgnovitzct
2811 803 3109 874 Starkhare
3137 816 3324 874 comes
3352 802 3425 874 ita
3448 810 3511 874 ut

1918 873 1972 928 in
2023 872 2257 928 Salevelt
2298 872 2554 939 tradidit,
2594 883 2842 929 sanctum
2885 873 3105 929 Petrum
3150 873 3226 927 ita
3266 872 3506 927 vestivit.

1919 944 2096 1001 Testis
2130 955 2215 999 est
2254 944 2603 1000 Coloniensis
2652 946 2832 1015 clerus
2864 953 2920 1000 et
2963 943 3244 1015 populusJ
3299 951 3415 997 tum
3452 943 3510 997 hi

1959 1031 2058 1071 uos
2091 1016 2277 1071 subter
2299 1015 2633 1081 notabimus,
2664 1014 2938 1081 Berthold,
2967 1013 3163 1080 Sicco,
3208 1013 3506 1081 Ruotgher,

1969 1086 2136 1151 dolff,
2180 1086 2460 1158 Christian
2487 1128 2502 1153 ,
2550 1085 2763 1158 lngram
2790 1127 2806 1152 ,
2874 1085 3170 1158 Beringher
3196 1128 3211 1151 ,
3240 1085 3507 1158 _Ad_elger,

1919 1157 2227 1229 Burghart,
2278 1155 2915 1229 Thieniartgllcrmap,
2964 1155 3176 1229 Arnolt,
3227 1155 3508 1229 Gudefrid,

1919 1224 2489 1301 Berung,§igebodo,
2532 1227 2803 1301 Waltare,
2829 1225 2969 1297 Nug,
2996 1225 3241 1301 Go_svvin,
3272 1224 3512 1301 _Wecho,

1918 1296 2415 1372 CunofWig'man,
2445 1298 2727 1424 Hermanﬁ
2759 1296 3029 1365 llerwart,
3066 1296 3329 1352 Bertholt.

1921 1442 2124 1498 Charta
2169 1442 2502 1511 fundationis
2544 1441 2853 1497 monasterii
2899 1436 3512 1511 Sanctidlexandrilin

1993 1507 2279 1584 Grais-Imp
2320 1512 2559 1568 dicecesis
2595 1512 2924 1569 Coloniensi:
2976 1510 3041 1565 ab
3073 1507 3292 1564 Annone
3329 1507 3511 1562 archi-

1992 1586 2253 1655 episcopo.

2527 1655 2708 1724 (Anno
2733 1652 2917 1725 1072.)

1850 1717 1894 1772 Β
1991 1725 2279 1851 ιΜΑῐιτιῖΝε
2308 1726 2398 1780 ubi
2422 1717 2603 1796 “mra,
2634 1727 2739 1782 col.
2773 1717 2911 1790 49οζ
2952 1738 3017 1778 ex
3053 1720 3441 1794 autographo.]

2018 1814 2050 1851 n
2087 1798 2310 1851 nomine
2336 1806 2540 1851 sanctae
2574 1806 2627 1851 et
2657 1796 2951 1851 individua:
2981 1792 3286 1848 Trinitatis.

2018 1814 2050 1851 n
2087 1798 2310 1852 nomine
2336 1792 2540 1852 sanctae
2574 1806 2627 1853 et
2657 1796 2951 1851 individua:
2981 1792 3286 1848 Trinitatis.

1988 1865 2188 1923 Notum
2219 1868 2290 1924 sit
2320 1868 2580 1923 omnibus
2601 1866 2809 1923 Christi
2854 1865 3105 1920 ﬁdelibus
3147 1872 3260 1920 tam
3308 1860 3513 1917 futuris

1918 1955 2085 2008 quam
2118 1939 2498 2010 praesentibus,
2522 1938 2667 2009 quod
2692 1953 2794 2008 ego
2819 1936 2992 2010 Arno,
3018 1934 3114 1990 Dei
3140 1934 3314 2010 gratia
3345 1933 3512 2010 Colo—

1918 2003 2141 2081 uiensis'i
2162 2003 2628 2081 archiepiscopus,
2656 2003 2949 2081 qucmdam
2979 2003 3164 2061 locum
3192 2003 3515 2081 in_Saxonia

1919 2079 2166 2135 Grafcaft
2199 2075 2476 2150 vocatum,
2507 2075 2539 2134 a
2573 2075 2808 2150 qua—dam
2843 2077 3338 2150 matronamomine
3363 2075 3515 2130 Chu-

1919 2150 2038 2206 niza
2068 2162 2122 2207 et
2151 2151 2264 2206 ﬁlio
2289 2152 2410 2221 ejus
2442 2146 2744 2206 Thieinone
2774 2147 3061 2219 acquisivi.
3089 2146 3221 2221 Post
3246 2147 3365 2221 haec
3386 2162 3517 2221 cum

1919 2221 2139 2277 licentia
2200 2216 2379 2293 ικψιὶξΔ
2401 2222 2713 2293 Alexandri
2747 2230 2802 2276 et
2851 2216 3510 2293 imperatorislicinriei,

1918 2298 2081 2347 anno'
2114 2288 2294 2349 autem
2353 2290 2649 2348 Dominicre
2695 2288 3095 2349 lncar'nationis
3150 2288 3318 2355 1072,
3365 2288 3513 2343 indi—

1918 2363 2100 2418 ctione
2134 2380 2188 2430 ς,
2216 2379 2341 2420 cum
2367 2363 2536 2418 totius
2572 2361 2793 2418 familiae
2817 2361 3051 2418 consilio
3078 2362 3135 2415 in
3169 2359 3360 2415 eodem
3388 2360 3510 2415 loco

1919 2433 2199 2506 regulares
2258 2435 2564 2506 monachos
2618 2434 2733 2506 (ἓὸ)
2812 2431 3224 2506 Sigebergensis
3304 2430 3514 2506 culinis

1918 2500 2282 2575 constitui,et
2304 2505 2454 2575 omni
2480 2519 2613 2573 pace
2628 2500 2695 2559 'et
2712 2500 2925 2575 justitia
2971 2500 3087 2575 qua
3109 2510 3323 2575 exterae
3344 2500 3543 2575 Colo-o

1921 2574 2139 2629 nienses
2171 2574 2404 2629 abbatia:
2440 2570 2690 2640 utuntur,
2714 2570 3112 2628 'conlirma'ndo
3148 2570 3381 2626 stabiliri
3403 2611 3419 2638 ,
3459 2579 3516 2626 ct

1919 2644 2177 2700 omnibus
2207 2645 2634 2713 archiepiscopis
2662 2644 3076 2713 successoribus
3115 2642 3255 2696 meis
3292 2641 3515 2713 aliquod

1919 2660 2177 2700 omnibus
2207 2660 2545 2713 arcmepisco
2588 2660 2634 2699 ιε
2662 2660 3076 2699 successoribus
3115 2660 3255 2696 mets
3292 2660 3512 2711 auqnou

1919 2714 2183 2769 sazculare
2207 2714 2487 2769 servitium
2516 2660 2584 2770 al;
2626 2715 2823 2769 abbate
2864 2714 2959 2768 illo
2985 2712 3198 2781 exigere
3230 2712 3333 2766 sub
3376 2727 3512 2766 ana-

1916 2785 2177 2840 thematis
2203 2784 2422 2840 vinculo
2443 2786 2829 2855 constringens
2856 2783 3133 2839 interdixi.
3170 2782 3514 2855 Advocatum

1919 2855 2023 2927 sibi
2049 2856 2220 2912 abbas
2251 2856 2436 2927 eligat,
2463 2856 2557 2927 qui
2586 2852 2847 2926 placitum
2891 2855 2976 2927 bis
2999 2862 3235 2927 tantum
3281 2852 3349 2927 in_
3368 2868 3515 2908 anno

1919 2921 2349 2999 habeat,etinon'
2376 2921 2499 2999 plus
2534 2921 2697 2999 quam
2729 2943 2807 2999 xu
2830 2925 3083 2999 caballos
3099 2923 3306 2999 aderat.
3332 2921 3391 2978 ln
3415 2940 3516 2999 au-

1919 3006 2110 3068 tumno
2131 3006 2186 3053 et
2209 2994 2395 3052 hieme
2414 2998 2486 3053 sit
2512 2994 2632 3068 ejus
2658 2997 2940 3053 servitium
2971 2997 3080 3051 duo
3102 2994 3311 3068 maldra
3333 2994 3513 3063 panis,

273 3064 964 3148 stribuendum—ex'ipso.
993 3064 1372 3148 statuerimus.
1427 3065 1538 3148 Sed.
1580 3075 1633 3120 et
1671 3064 1818 3120 deci-
1845 3073 1886 3130 Ο
1919 3067 2048 3148 duae
2080 3067 2317 3141 victimm
2362 3064 2604 3140 porcina:
2651 3076 2705 3123 et
2754 3083 2899 3123 unus
2941 3066 3516 3148 porcellus_,.qu.atu0r

212 3152 369 3191 mam
416 3138 869 3208 vestimentorum
922 3138 1036 3193 sive
1061 3138 1330 3208 cujusque
1358 3136 1573 3207 generis
1600 3150 1815 3208 panno-

210 3222 364 3273 rum,
398 3223 497 3262 nec
527 3224 636 3262 non
666 3217 719 3262 et
746 3207 1008 3272 lodicum,
1051 3206 1484 3278 mellis'quoque
1510 3215 1564 3278 et
1588 3221 1728 3261 certe
1756 3206 1813 3278 in

215 3293 386 3348 usum
442 3279 839 3333 monachorum
875 3278 929 3331 in
962 3278 1266 3333 Brumvilre
1286 3277 1484 3346 regina
1522 3277 1812 3348 disposuit.

209 3344 327 3404 Nos
359 3364 580 3418 quoque
609 3364 709 3419 pro
747 3349 1039 3404 devotione
1085 3344 1572 3404 Christianissima:
1610 3344 1818 3418 reginae

212 3434 325 3473 non
365 3421 536 3473 multa
565 3419 786 3489 quidem
835 3434 866 3475 a
911 3420 1073 3474 nobis
1114 3420 1400 3489 quierenti,
1433 3428 1699 3490 quantum
1737 3428 1815 3490 ta-

209 3505 340 3543 men
374 3490 490 3613 ip‘sa
519 3499 902 3559 proposuerat,
933 3490 989 3545 in
1020 3490 1325 3561 precariam
1373 3489 1494 3559 ejus
1540 3489 1817 3544 concessi-

210 3575 362 3613 mus.
437 3576 498 3613 as
528 3561 779 3613 videlicet
806 3560 964 3613 villas
1007 3562 1181 3613 nostri
1230 3560 1597 3613 dominicatus
1623 3560 1672 3613 ei
1703 3568 1816 3613 tra-

210 3575 362 3625 mus,
400 3560 498 3615 has
528 3561 779 3617 videlicet
806 3560 964 3616 villas
1007 3562 1181 3615 nostri
1230 3560 1597 3615 dominicatus
1623 3560 1672 3614 ei
1703 3568 1816 3614 trao

212 3629 409 3685 dentes
437 3646 611 3701 usque
642 3632 694 3685 in
731 3631 895 3686 ﬁnem
923 3632 1046 3686 vita:
1073 3647 1206 3697 suae,
1235 3647 1360 3686 cum
1391 3632 1538 3685 omni
1566 3631 1816 3701 utilitate

207 3701 576 3824 possidendas
601 3745 614 3770 ,
677 3701 1019 3785 Sedekehaclt
1048 3744 1064 3768 ,
1114 3701 1467 3783 Brezenheim
1493 3742 1510 3768 ,
1564 3700 1813 3767 Vickolo,

240 3769 594 3824 loll‘endom.
648 3772 1111 3824 Muoteresheim.
1161 3771 1438 3824 Blashctm
1466 3814 1480 3824 .
1536 3771 1810 3824 Znonoro.

240 3769 557 3843 loll‘endorp
578 3769 607 3839 ,⁷
648 3772 1069 3828 Muoteresheim
1096 3816 1111 3839 ,
1161 3771 1438 3828 Blasheim
1466 3814 1480 3839 ,
1536 3771 1810 3843 Znonoro.

208 3840 449 3911 Insuper
486 3840 647 3900 annis
679 3844 911 3915 singulis
956 3852 1176 3899 centum
1226 3859 1443 3899 marcas
1487 3842 1697 3915 argenti
1747 3842 1815 3897 de

209 3926 436 3983 camera
467 3922 676 3979 nostra,
710 3912 832 3983 quae
857 3915 1041 3970 omnia
1091 3930 1157 3970 eo
1202 3922 1447 3982 tempore
1488 3912 1631 3967 facta
1662 3917 1810 3968 sunt.

209 3980 281 4054 Et
311 3983 360 4036 si
376 3982 535 4054 quis,
564 3984 649 4037 vel
678 3980 793 4049 rex,
824 3986 910 4040 vel
951 3984 1263 4054 episcopus.
1296 3980 1409 4054 sive
1435 3982 1549 4051 ipse
1580 3998 1700 4054 ego,
1728 3983 1814 4054 vel

209 4053 419 4123 aliquis
466 4069 852 4109 successorum
904 4052 1175 4119 meorum,
1228 4054 1295 4108 de
1344 4052 1431 4107 his
1461 4052 1718 4109 omnibus
1763 4053 1814 4107 ci

209 4122 443 4192 aliquod
471 4124 738 4191 minuere,
774 4126 860 4180 vel
884 4126 1069 4195 aliquo
1094 4125 1260 4180 modo
1288 4132 1522 4195 mutare,
1554 4124 1659 4195 nisi
1697 4124 1814 4193 ipsa

209 4201 459 4262 petente,
489 4196 800 4261 tentaverit,
832 4193 1027 4250 odium
1046 4194 1143 4250 Dei
1170 4202 1224 4250 et
1252 4194 1426 4249 sancti
1456 4193 1600 4248 Petri
1630 4194 1814 4248 incur-

208 4271 323 4318 rat.
359 4263 610 4335 ipsaque
638 4265 704 4320 sit
737 4274 929 4335 potens
960 4264 1196 4321 Salavelt
1245 4273 1302 4321 et
1332 4264 1519 4319 omnia
1565 4264 1616 4321 ei
1645 4263 1815 4335 perti-

206 4333 698 4408 nentiareeipere,
725 4333 918 4408 eisque
948 4346 1007 4392 ut
1036 4335 1275 4408 propriis
1304 4336 1402 4408 uti.

283 4352 857 4476 ii-‘iaiiii’ifiﬁaiés‘l‘

206 4489 403 4530 comes
428 4474 723 4548 Starkhare
769 4479 1068 4533 servientes
1111 4474 1251 4548 quos
1299 4493 1463 4548 supra
1494 4474 1810 4547 escepimus

206 4560 411 4600 omnes
443 4546 730 4618 utriusque
759 4549 975 4620 generis
1002 4549 1068 4603 ad
1100 4546 1213 4604 haec
1237 4546 1436 4618 praedia
1457 4548 1807 4620 pertinentia,

206 4623 489 4687 praecepto
539 4629 701 4687 atque
751 4619 1013 4687 petitione
1043 4620 1280 4673 dominae
1331 4634 1485 4685 suae,
1533 4619 1600 4673 ad
1637 4619 1810 4673 altare

209 4683 270 4738 S.
304 4683 476 4751 Petri,
511 4683 811 4743 sub—censu
859 4690 1091 4744 duorum
1124 4683 1478 4743 denariorum
1509 4688 1670 4742 annis
1696 4688 1810 4742 sin-

206 4756 379 4829 gulis,
412 4765 684 4826 quatenus
713 4758 817 4827 ipsi
864 4767 918 4814 et
948 4758 1129 4814 omnis
1160 4759 1453 4829 posteritas
1482 4774 1674 4813 eorum
1702 4758 1808 4813 sub

204 4841 270 4900 ea
301 4826 423 4895 lege
449 4826 822 4896 permaneant,
847 4829 995 4900 quod
1015 4826 1206 4885 omnes
1230 4829 1461 4884 similem
1490 4843 1716 4884 censum
1742 4829 1811 4900 ad

207 4897 388 4950 altare
416 4900 661 4971 solvant;
688 4897 1115 4971 illud'quoque
1162 4900 1315 4954 lirma
1362 4900 1575 4971 ratione
1602 4899 1811 4971 consti-

207 4974 398 5037 tuens,
431 4975 490 5021 ut
542 4969 730 5025 liberis
765 4971 848 5023 vel
893 4969 1132 5026 sinordis
1164 4970 1539 5037 venatoribus,
1568 4969 1684 5025 sive
1709 4985 1809 5025 cu-

205 5035 523 5110 juscunque
574 5040 789 5110 generis
833 5041 1153 5097 hominibus
1197 5042 1264 5096 ad
1301 5042 1443 5095 hanc
1472 5035 1805 5096 dominatio-

208 5122 339 5181 Leu}
390 5107 823 5181 pertinentibus,
868 5128 993 5180 quae
1043 5111 1162 5166 suis
1213 5111 1551 5181 temporibus
1595 5112 1718 5181 jura
1748 5121 1804 5168 et

211 5177 453 5253 optimas
476 5177 900 5253 consuetudines
942 5181 1202 5253 habuisse
1236 5177 1471 5253 probare
1499 5177 1797 5253 potuerint.

217 5248 445 5328 magno
571 5249 951 5328 incarnatione
977 5248 1408 5328 _l)qm_i_1_1i_nostri
1431 5248 1559 5328 Jesu
1592 5252 1801 5328 Christi

1887 3135 2157 3209 'pulli,‘et
2197 3155 2342 3195 unus
2366 3135 2572 3206 'anser,
2614 3146 2852 3209 quatuor
2891 3135 3039 3193 casei
3078 3146 3146 3209 ctu
3164 3135 3357 3209 viginti
3388 3152 3512 3209 ova,

1920 3207 2029 3264 una
2058 3225 2182 3266 ama
2209 3210 2452 3265 cervisia:
2478 3219 2532 3265 et
2554 3207 2803 3265 tne—donis
2824 3216 3089 3279 quantum
3123 3207 3181 3262 ﬁt
3204 3207 3272 3279 de
3302 3207 3514 3278 quadra

1919 3280 2083 3337 unius
2103 3297 2256 3336 urna:
2286 3281 2483 3337 mellis.
2510 3280 2780 3336 Pabulum
2804 3278 3141 3336 caballorum
3174 3278 3277 3332 tria
3303 3279 3513 3333 maldra

1919 3365 2124 3407 avenae.
2176 3350 2237 3405 In
2283 3360 2473 3407 testate
2508 3361 2562 3408 et
2606 3367 2733 3406 vere
2774 3359 2890 3407 tres
2934 3350 3209 3417 victima),
3266 3357 3321 3404 et
3368 3365 3514 3405 unus

1918 3438 2113 3494 agnus,
2144 3430 2198 3477 et
2222 3422 2480 3492 pabulum
2508 3430 2745 3494 quatuor
2769 3436 3059 3494 equorum,
3085 3431 3216 3494 etet,
3240 3429 3298 3494 ut
3321 3436 3509 3494 supra.

1921 3491 1978 3546 Si
2002 3493 2055 3547 in
2086 3491 2337 3562 sequenti
2367 3494 2454 3549 die
2493 3491 2715 3549 rursum
2755 3494 2872 3557 vult
2897 3493 3158 3563 placitum
3189 3492 3411 3563 habere,
3457 3491 3513 3544 in

1918 3563 2132 3646 abbatis
2155 3561 2226 3619 sit
2253 3564 2503 3646 arbitrio,
2534 3565 2579 3620 si
2608 3561 3049 3646 prandiumﬁihi
3076 3561 3206 3645 velit
3232 3561 3509 3646 exhibere.

1921 3631 1995 3687 Ut
2033 3642 2216 3689 autem
2258 3636 2375 3691 hac
2421 3631 2710 3705 dispositio
2753 3634 2966 3690 stabilis
3002 3641 3056 3688 et
3098 3631 3419 3705 inconvulsa
3446 3631 3515 3705 in

1916 3712 2181 3760 aeternum
2208 3701 2535 3774 perseveret,
2561 3706 2664 3759 sub
2686 3704 3030 3774 invocatione
3053 3711 3255 3774 sancta:
3282 3709 3337 3755 et
3369 3701 3513 3774 indi—

1915 3774 2094 3831 vidua:
2119 3770 2425 3841 Trinitatis,
2449 3785 2501 3831 et
2525 3776 2629 3830 sub
2651 3775 2975 3829 auctoritate
2998 3770 3057 3827 S.
3085 3771 3230 3827 Petri
3255 3771 3512 3840 apostoli,

1918 3853 1974 3900 et
2004 3845 2107 3900 sub
2136 3846 2429 3915 judiciaria
2461 3845 2707 3899 omnium
2740 3853 3058 3915 sanctorum
3088 3842 3433 3915 districtione
3459 3849 3515 3897 et

1916 3930 2040 3970 meo
2073 3911 2371 3985 pontiﬁcali
2406 3916 2621 3985 hanno,
2648 3924 2702 3969 et
2746 3915 2850 3969 sub
2895 3911 3343 3985 interminatione
3390 3928 3514 3983 per-

1916 3983 2461 4069 petui—anathematis
2489 3984 2830 4045 conﬁrmavi.
2860 3993 2915 4040 et
2944 3985 3051 4040 mei
3080 3983 3243 4055 sigilli
3274 3984 3510 4053 impres-

1917 4072 2073 4126 snone
2104 4072 2336 4126 Signavi.

1988 4125 2114 4182 llrec
2136 4123 2265 4181 sunt
2295 4127 2519 4182 nomina
2550 4126 2904 4183 ecclesiarum
2930 4134 2983 4182 et
3016 4126 3263 4196 locorum
3294 4139 3417 4196 qnze
3436 4123 3509 4180 ad

1913 4196 2121 4252 victum
2167 4205 2223 4251 et
2271 4198 2530 4253 vestitum
2584 4199 2984 4254 monachorum
3036 4195 3148 4250 Deo
3206 4202 3261 4250 et
3314 4195 3511 4251 ’sancto

1913 4267 2223 4339 Alexandro
2256 4268 2405 4339 juste
2453 4277 2509 4323 et
2555 4268 2795 4339 legitime
2854 4266 3127 4339 acquisita
3172 4265 3507 4339 Acontradidi.

1914 4334 2324 4404 Worumbach,
2369 4334 2719 4406 Attandarra,
2766 4334 3295 4404 Luidoltl‘escheide,
3350 4335 3511 4391 Fale-

862 4405 1053 4481 omina
1075 4405 1286 4479 regina,
1318 4407 1431 4461 imo
1462 4405 1811 4481 supradictus
1839 4414 1889 4474 1)
1915 4409 2095 4481 breht,
2119 4405 2727 4481 llertseido,llcsliphq,
2753 4408 3077 4481 Hademare,
3096 4407 3509 4481 Hostervelden,

1915 4478 2200 4546 Felmedo,
2242 4477 2643 4547 Buodevelden,
2686 4480 3167 4547 Brunscapellum,
3200 4477 3508 4547 ‘Ruothino.

1915 4547 2037 4605 ista:
2066 4545 2195 4605 sunt
2223 4560 2406 4607 curtes
2435 4570 2448 4606 :
2480 4545 2742 4615 Nuzlare,
2785 4545 3134 4613 Clintfelden,
3170 4545 3507 4615 Hademarc;

1917 4619 2044 4674 item
2079 4639 2090 4674 :
2122 4620 2445 4685 Hademare,
2470 4621 2923 4684 Amelinchusun,
2946 4618 3281 4673 Prctinholo.
3308 4616 3508 4672 Decem

1918 4690 2099 4744 mansi
2150 4706 2291 4760 quos
2334 4692 2483 4747 dedit
2514 4689 2824 4753 lleinricus,
2856 4688 3379 4754 Luidolfessceinde,
3411 4687 3512 4742 At-

1918 4759 2172 4815 tandarra
2202 4802 2218 4815 .
2272 4768 2327 4815 et
2379 4760 2688 4815 Smerlecco
2714 4802 2730 4815 .
2785 4758 3052 4814 Alerenen
3080 4801 3094 4815 .
3142 4756 3464 4813 llolzhusun
3492 4799 3508 4815 .

1918 4773 2172 4815 Ianuarra
2202 4802 2218 4827 ,
2272 4773 2327 4815 et
2379 4773 2688 4815 amcrtecco
2714 4802 2730 4827 ,
2785 4773 3052 4814 Alerenen
3080 4801 3094 4823 ,
3144 4773 3464 4813 uoxznusun
3492 4799 3508 4826 ,

1917 4829 2361 4886 Buodenveldum
2388 4874 2403 4897 ,
2468 4830 2758 4896 Felmedo,
2811 4829 2962 4885 Leno
2985 4872 3000 4897 ,
3045 4827 3466 4898 Beigenchusun
3491 4870 3508 4896 ,

1915 4899 2346 4971 Brunes-apella.
2380 4901 2461 4957 Ad
2486 4900 2977 4971 Dietrinchegovan
3005 4914 3234 4971 mansos
3252 4898 3513 4971 LABe‘ren-

1910 4970 2061 5025 dortl‘
2096 4968 2323 5040 Fatena,
2360 4974 2594 5040 Suropo,
2632 4968 3038 5035 Lannichofon,
3081 4968 3325 5040 Gledorf,
3369 4968 3513 5025 Har-

1910 5040 2189 5110 ltincdorf,
2225 5037 2633 5106 Wérdincdorf,
2676 5040 3236 5110 \l’cdiriehucldem.”
3252 5037 3516 5110 De‘deci-

1908 5111 2153 5168 matione
2177 5108 2264 5167 ad
2318 5113 2587 5171 Suefaccn
2622 5112 2777 5167 librae
2822 5122 2936 5169 tres
2970 5118 3024 5167 et
3052 5108 3301 5178 dimidia,
3336 5108 3519 5167 Bade-

1906 5183 2095 5240 lccche
2107 5191 2230 5237 octo
2240 5182 2413 5253 librae,
2426 5185 2493 5239 de
2505 5182 2767 5239 beneﬁcio
2780 5181 3124 5253 Luitbizonis
3133 5180 3320 5253 decem
3332 5181 3520 5253 solidi,

1907 5256 1975 5312 de
1992 5252 2261 5328 beneﬁcio
2292 5251 2519 5313 Arn'oldi
2546 5253 2838 5328 χέεν-δομάὶ
2858 5252 3189 5327 Censingcn,
3236 5251 3526 5328 [illinchu-
