4140 6460
367 381 429 437 11
1571 372 1945 426 EPHREMII
1981 371 2554 433 CHRONOGRAPHI
3717 375 3786 430 12

364 506 703 568 varietates
730 503 863 582 ipse
893 498 1253 561 exscribens
1282 496 1578 557 effecerit.
1616 497 1904 558 Profecto
1936 517 2077 558 cum
2110 498 2330 559 folium
2364 501 2805 561 tantummodo
2840 500 3113 579 primum
3147 519 3184 562 a
3227 500 3442 561 codice
3482 499 3667 569 absit,
3718 499 3785 559 in

360 625 488 685 quo
510 621 741 664 nomen
763 600 1038 662 auctoris
1066 616 1199 659 esse
1224 596 1654 669 debuit,valde
1684 597 1967 675 suspicor
1998 603 2139 677 post
2168 596 2386 659 Allatii
2416 605 2667 660 aetatem
2693 600 2756 659 id
2787 599 3119 673 excidisse,
3152 619 3297 660 cum
3327 599 3526 660 codex
3556 599 3669 660 Pio
3703 600 3785 660 VI

363 709 673 782 regnante
703 699 884 777 cujus
914 715 1081 758 nunc
1110 701 1448 757 stemmata
1479 695 1661 773 gerit,
1693 714 1730 755 a
1758 694 2123 774 bibliopego
2155 704 2525 776 compactus
2554 698 2692 758 fuit.
2730 701 2809 759 Et
2848 717 2999 759 sane
3050 698 3206 759 mihi
3253 704 3535 769 narrant,
3586 696 3789 756 multa

363 798 734 879 hujusmodi
766 798 1001 858 damna
1028 795 1107 854 ab
1139 812 1474 871 operarum
1508 793 1758 854 inscitia
1788 794 2106 855 Vaticanis
2136 795 2481 868 codicibus,
2514 797 2864 874 praesertim
2898 796 3155 873 Graecis,
3188 797 3513 856 accidisse.
3548 794 3670 854 Sed
3710 793 3789 852 de

364 899 578 959 codice
610 897 936 956 hactenus.
971 894 1112 954 Jam
1146 909 1285 951 cum
1320 909 1525 968 neque
1554 891 1846 961 Allatius,
1885 898 1952 951 ut
1982 891 2134 965 dixi,
2182 910 2387 971 neque
2436 892 2545 952 alii
2593 894 2841 965 eruditi,
2891 894 3240 973 quidquam
3298 893 3376 954 de
3428 889 3789 971 Ephraemio

363 994 851 1073 chronographo
883 1009 1140 1051 narrare
1170 990 1538 1059 videantur;
1576 988 1730 1047 mihi
1762 988 2017 1066 quidem
2049 988 2126 1048 de
2156 990 2287 1049 viro
2331 989 2450 1049 hoc
2480 991 2790 1068 quaerenti
2819 992 3197 1051 occurrabat
3226 990 3623 1069 Ephraemius
3653 987 3785 1050 ille.

368 1112 557 1173 quem
576 1093 851 1155 Joannes
872 1092 988 1151 ΧΙΙ
1022 1088 1384 1168 patriarcha
1412 1086 2168 1165 Constantinopolitanus,
2203 1094 2349 1148 ante
2379 1106 2623 1148 sacram
2646 1107 2825 1149 suam
2855 1089 3251 1167 dignitatem,
3287 1087 3584 1166 legitimis
3618 1106 3782 1164 nup-

363 1191 469 1251 tiis
498 1190 756 1267 genuit;
793 1190 870 1248 de
899 1206 1027 1266 quo
1058 1184 1428 1245 nominatim
1464 1183 1825 1263 Ephraemio
1854 1183 2049 1244 verba
2079 1184 2228 1244 facit
2262 1185 2681 1264 Pachymeres
2718 1187 2783 1246 in
2832 1186 3116 1265 praedicti
3167 1185 3544 1265 patriarchae
3562 1184 3786 1245 notitia

364 1294 411 1347 t.
448 1288 520 1362 II,
554 1287 665 1346 lib.
700 1303 782 1360 1v,
808 1286 958 1346 dum
990 1283 1098 1352 ait,
1134 1282 1465 1359 episcopos
1496 1281 1659 1340 inter
1682 1286 1943 1341 caeteras
1957 1280 2426 1342 criminationes
2450 1283 2878 1361 patriarcham
2896 1283 3583 1362 reprehendisse,quod
3613 1282 3783 1342 bona

362 1385 643 1445 ecclesiae
675 1381 1040 1463 Ephrtemio
1071 1380 1200 1439 ﬁlio
1227 1398 1340 1438 suo
1371 1378 1795 1456 dispensanda
1827 1378 2363 1457 relinqueret,non
2395 1382 2737 1442 constituto
2768 1388 2957 1461 prout
2985 1381 3156 1460 leges
3177 1381 3490 1460 jubebant
3528 1397 3785 1441 oecono-

365 1501 492 1543 mo.
528 1487 775 1559 Reapse
805 1486 868 1540 et
899 1487 1113 1538 noster
1152 1475 1679 1554 chronographus
1734 1476 1797 1534 in
1856 1476 2361 1554 patriarcharum
2404 1479 2696 1557 catalogo
2749 1487 3058 1541 memorat
3110 1480 3463 1540 masculum
3521 1477 3785 1540 Joannis

361 1581 469 1639 XII
503 1580 727 1655 ﬁlium,
760 1578 866 1636 sed
900 1576 977 1636 de
1008 1594 1071 1635 se
1092 1576 1230 1654 ipso
1260 1574 1429 1634 haud
1465 1574 1694 1633 diserte
1726 1573 1896 1651 loqui
1927 1573 2263 1651 signiﬁcat.
2298 1577 2373 1635 Et
2409 1580 2618 1636 tamen
2653 1581 2806 1637 aetas
2835 1578 3121 1656 apprime
3144 1577 3476 1655 congruit:
3506 1593 3783 1653 namque

360 1676 464 1736 hic
490 1677 722 1738 Joanes
752 1673 1253 1754 patriarchatum
1288 1671 1546 1731 retinuit
1576 1689 1773 1748 usque
1796 1670 1877 1730 ad
1906 1671 2137 1731 Christi
2165 1690 2401 1733 annum
2446 1673 2630 1744 1304;
2667 1679 2881 1734 noster
2912 1680 3121 1734 autem
3154 1674 3551 1752 Ephraemius
3592 1673 3781 1733 chro-

357 1775 541 1835 nicon
559 1792 741 1834 suum
766 1792 933 1833 anno
950 1772 1103 1831 1313
1116 1770 1433 1832 concludit
1447 1817 1459 1829 .
1474 1770 1612 1830 Jam
1626 1786 1742 1846 ego
1759 1769 1959 1829 fontes
1972 1769 2385 1846 Ephraemicaa
2402 1770 2831 1849 chronologiae
2848 1772 3150 1849 comperi,
3172 1774 3481 1831 Zonaram
3524 1770 3777 1848 quidem

358 1890 557 1951 usque
573 1872 650 1932 ad
666 1869 1482 1931 AlexiiIComneniobitum
1512 1886 1526 1940 ;
1562 1868 1850 1928 Nicetam
1870 1867 2243 1928 Choniatam
2270 1888 2468 1948 usque
2491 1870 2569 1928 ad
2594 1870 3779 1949 Balduinuml,imperatorem;deinde

356 1988 507 2031 vero
537 1970 879 2049 Georgium
913 1968 1367 2047 AcrOpolitam.
1404 1969 1535 2044 Age
1567 1985 1712 2026 vero
1746 1966 1917 2044 quod
1946 1966 2343 2044 Ephraemius
2372 1968 2703 2028 historiam
2755 1968 3004 2046 poetico
3056 1974 3257 2027 metro
3306 1966 3772 2045 conscripserit,

354 2086 542 2127 nemo
576 2085 960 2145 magnopere
990 2068 1332 2137 irascatur;
1367 2064 1571 2142 primo
1605 2062 1754 2142 quia
1781 2080 2035 2123 carmen
2064 2064 2404 2125 iambicum
2436 2065 2816 2125 narrationis
2873 2064 3306 2144 perspicuitati
3360 2064 3773 2144 peridoneum

351 2170 468 2243 est,
503 2171 565 2225 et
598 2164 968 2223 memoriam
1002 2161 1343 2239 legentium
1377 2159 1665 2239 apprime
1687 2159 1908 2238 juvat;
1944 2160 2171 2222 deinde
2202 2164 2353 2240 quia
2401 2163 2643 2224 Pisidas
2700 2164 2915 2236 etiam,
2941 2164 3391 2225 Constantinus
3431 2165 3772 2240 Manasses,

352 2268 543 2340 atque
577 2264 827 2322 Tzetzes
856 2262 1116 2339 impune
1148 2278 1292 2319 suas
1321 2258 1619 2318 historias
1648 2258 1932 2317 versibus
1963 2267 2493 2339 composuerunt;
2529 2261 2637 2341 qui
2686 2262 2885 2323 nihilo
2938 2262 3144 2322 minus
3185 2271 3499 2331 auctores,
3552 2260 3775 2340 pracci-

348 2377 597 2438 pueque
626 2362 898 2433 Tzetzes,
936 2375 1167 2431 magno
1201 2356 1341 2415 usui
1362 2355 1531 2433 apud
1563 2355 1842 2415 eruditos
1874 2362 2042 2415 sunt.
2079 2360 2288 2435 Atque
2318 2375 2433 2436 ego
2464 2359 2803 2437 Ephrzemii
2827 2360 3082 2437 quidem
3116 2361 3480 2430 Historiam,
3518 2364 3778 2438 propter

349 2475 529 2517 suam
560 2457 854 2517 eximiam
889 2455 1226 2516 utilitatem
1259 2452 1339 2514 ad
1366 2454 1653 2513 Latinam
1680 2453 2223 2528 consuetudinem,
2257 2456 2461 2516 soluta
2496 2463 2707 2517 tamen
2740 2458 3047 2533 oratione,
3084 2456 3415 2518 transtuli:
3449 2456 3559 2517 etsi
3610 2457 3776 2517 enim

350 2554 503 2616 olim
534 2556 847 2634 poeticam
879 2573 1005 2614 non
1036 2552 1314 2632 neglexi,
1346 2571 1511 2612 nunc
1544 2558 1753 2613 tamen
1785 2552 2263 2631 pangendorum
2291 2572 2587 2615 versuum
2624 2555 2766 2634 plus
2796 2556 3011 2617 decem
3044 2556 3324 2617 millibus
3366 2556 3566 2616 otium
3622 2554 3778 2614 mihi

350 2653 772 2733 voluntasque
801 2652 1023 2714 defuit.

730 3108 2049 3282 ΕΦΡΑΙΜΙΟΥ
2175 3110 3412 3284 ΧΡΟΝΙΚΟΥ

1607 3431 2532 3565 ΚΑΙΣΑΡΕΣ.

571 3940 1820 4110 ΕΡΗΒίἘΜΙΙ
1989 3938 2206 4105 CI

1989 3937 3562 4109 CHRONOLOGI

1639 4252 2486 4379 CESARES.

2816 4697 3071 4769 ...ω

879 4808 1089 4867 CAIUS
1135 4806 1352 4863 ANNIS
1392 4805 1485 4860 IV.

2690 4805 2901 4861 ΓΑΙΟΣ
2942 4804 3085 4862 ΕΤΗ
3125 4804 3196 4859 Δ’.

350 4936 574 4993 Deinde
595 4936 995 4992 Romanorum
1029 4930 1345 5002 imperium
1371 4928 1562 4984 tenuit

2291 4929 2427 4983 Εἶτα
2458 4928 2691 5003 κατέσχὲ
2721 4928 2785 4982 τὸ
2814 4926 3014 5000 κράτος
3041 4932 3150 4983 τῶν
3184 4926 3468 5004 Αὐσόνων,

348 5028 546 5096 Caius,
576 5026 695 5081 vita
722 5024 1015 5096 Epicurus
1041 5019 1130 5076 vel
1164 5018 1363 5092 potius
1394 5019 1596 5086 Satan,

2294 5018 2452 5077 Γαὶος
2485 5015 2807 5089 Ἐπίκουρος
2910 5015 3083 5070 Σατὰν
3112 5016 3338 5090 τρόπον,

346 5131 529 5187 supra
557 5114 885 5169 humauam
910 5113 1181 5165 naturam
1214 5107 1500 5163 extollens
1534 5111 1721 5163 semet

2296 5105 2454 5178 Ὑπὲρ
2490 5104 2648 5183 φύσιν
2682 5104 2929 5178 βρότειον
2960 5104 3118 5160 αὐτὸν
3148 5108 3449 5181 σεμνύνων,

343 5206 724 5276 divinamque
756 5203 1059 5270 affectans,
1090 5198 1420 5254 vilissimus
1464 5197 1749 5264 mortalis,

2292 5196 2360 5251 ’Ἠ
2386 5194 2475 5248 καὶ
2509 5197 2782 5269 θεουργῶν
2815 5195 2849 5263 ἡ
2883 5195 3252 5259 κατπάτυστος
3277 5199 3431 5274 φύσις

343 5294 705 5367 impudicus,
738 5290 1046 5357 scelestus,
1080 5286 1503 5359 sanguinarius
1537 5303 1551 5340 :

2220 5289 2250 5337 5
2293 5283 2460 5357 Ἀνὴρ
2495 5282 2758 5356 ἀσελγὴς,
2795 5283 3060 5360 ἀποφρὰς,
3099 5286 3411 5363 μιαιφόνος·

341 5387 453 5441 sub
484 5401 601 5455 quo
636 5383 828 5455 prima
858 5380 1194 5452 Stephanus
1225 5377 1408 5449 gloria
1440 5381 1767 5448 martyrum

2292 5372 2407 5449 Ἐφ’
2438 5372 2498 5426 οὗ
2532 5372 2801 5448 Στέφανος
2830 5378 3315 5451 πρωτομαρτῢρων
3344 5375 3505 5441 διλὲος

413 5565 494 5634 (Ι)
525 5565 700 5620 Deest
748 5565 805 5619 in
858 5561 1055 5619 codice
1107 5559 1364 5634 primum
1398 5558 1629 5634 folium,
1666 5556 1998 5634 quod_Julii
2110 5553 2794 5634 minus_qui_pq_uaginta,
2822 5559 2888 5610 ut
2916 5556 3267 5634 paginarum
3321 5558 3471 5634 ratio
3518 5561 3765 5620 demon-

344 5624 610 5704 Caésaris,
641 5636 907 5708 Augusti,
957 5639 1014 5690 et
1069 5624 1289 5708 Tiberii
1347 5629 1620 5685 notitiam
1682 5624 1997 5708 continuit.
2109 5629 2278 5707 sti-at.
2311 5624 2492 5692 Nihil,
2515 5624 2714 5708 tamen
2744 5624 3112 5700 incognitum
3142 5628 3204 5685 in
3236 5628 3346 5685 hac
3378 5628 3594 5691 lacuna
3620 5636 3765 5693 ami-

342 5697 762 5767 Desiderantur
788 5697 971 5780 igitur
1000 5722 1071 5762 ex
1097 5704 1367 5761 universo
1394 5717 1566 5774 opere
1596 5716 1803 5757 versus
1823 5700 2000 5773 paulo
2105 5697 2257 5753 sisse
2289 5713 2396 5753 nos
2424 5701 2589 5770 puto.
