4140 6486
396 466 465 521 15
1607 458 1982 517 ΕΡΗΒΕΜΠ
2019 462 2031 511 t

1607 458 1982 517 ΕΡΗΒΕΜΠ
2019 456 2600 515 CHRONOGRAPHI

394 591 513 646 Sub
548 608 614 647 eo
646 592 888 663 quidam
921 592 1135 663 reperit
1164 607 1374 647 aurum
1404 590 1752 660 plurimum,

394 682 661 753 amplum
696 698 908 753 nempe
939 684 1283 737 thesaurum
1316 678 1484 735 humi
1517 680 1820 741 obrutum,

396 782 573 837 quem
607 769 679 823 ad
712 769 1028 823 arbitrium
1061 768 1304 823 Caesaris
1337 767 1617 822 eﬂ‘ossum
1648 762 1871 819 retulit.

399 855 503 911 Hic
535 862 732 912 autem
764 862 821 913 et
852 858 1106 913 retinere
1133 858 1289 914 hunc
1310 856 1499 927 jussit
1527 855 1851 925 eodemque
1876 850 1979 906 uti.

402 948 666 1017 Cumque
698 946 795 1002 ille
828 948 1113 1017 majorem
1140 947 1362 1017 privato
1394 962 1514 1001 rem
1549 959 1677 1000 esse
1711 943 1947 1010 diceret,

402 1035 488 1091 Tu
519 1052 675 1107 vero,
708 1036 905 1107 inquit
934 1035 1137 1102 Nerva,
1169 1035 1406 1090 inventa
1438 1050 1499 1088 re
1530 1032 1621 1089 vel
1652 1030 1930 1088 abutitor.

834 1150 1210 1207 TRAJANUS
1262 1155 1380 1205 AN.
1422 1148 1621 1206 XVIII.

406 1257 512 1313 Ubi
544 1258 861 1330 imperium
891 1259 1077 1315 Nerva
1107 1274 1243 1313 cum
1274 1259 1393 1313 vita
1422 1256 1757 1328 dereliquit,

401 1348 710 1419 Trajanus,
745 1348 925 1419 hujus
954 1348 1267 1418 adeptione
1296 1348 1479 1413 ﬁlius,

404 1440 805 1493 Romanorum
833 1442 1133 1509 sceptrum
1166 1437 1494 1508 occupavit,

405 1527 666 1582 victoriis
694 1527 782 1581 vir
813 1528 1111 1597 rebusque
1141 1525 1325 1597 gestis
1359 1524 1635 1596 inclytus.

406 1616 462 1672 Is
491 1622 690 1671 tamen
723 1616 852 1687 pios
884 1614 1256 1685 aliquantum
1290 1623 1633 1686 persecutus
1665 1615 1755 1668 est
1784 1628 1796 1666 :

401 1722 516 1776 quo
549 1710 813 1776 tempore
845 1705 1139 1761 contritus
1168 1704 1489 1759 bestiarum
1520 1703 1799 1757 dentibus

404 1794 599 1865 Theop
630 1794 813 1849 borus
845 1792 1108 1864 lgnatius
1136 1793 1193 1847 in
1229 1793 1369 1847 urbe
1402 1792 1587 1848 Roma
1617 1791 1727 1846 fuit
1760 1805 1775 1845 :

401 1887 579 1953 atque
610 1881 709 1937 alii
742 1885 982 1953 insuper
1007 1881 1246 1952 plurimi
1276 1881 1458 1937 vitam
1495 1884 1783 1949 martyres

406 1970 625 2025 Christi
654 1986 836 2026 causa
866 1971 1143 2025 certando
1171 1976 1668 2026 consummarunt
1699 1987 1713 2025 :

406 2076 661 2131 quorum
690 2059 983 2115 intellecto
1016 2060 1309 2131 Trajanus
1344 2060 1607 2115 interitu.

408 2150 644 2221 negavit
672 2149 885 2219 dignos
915 2148 1099 2203 fuisse
1130 2148 1271 2203 talia
1299 2148 1440 2221 pati,

408 2254 473 2293 eo
506 2240 664 2308 quod
696 2237 996 2292 Christum
1030 2236 1199 2292 unice
1228 2237 1411 2293 Deum
1444 2237 1721 2308 colerent,

410 2332 468 2384 et
495 2345 567 2383 ne
597 2327 913 2383 Christiani
946 2332 1298 2382 vexarentur
1329 2328 1533 2383 vetuit.

415 2417 574 2471 Idem
608 2433 741 2471 cum
770 2416 1036 2486 praefecto
1069 2416 1334 2487 gladium
1366 2418 1642 2486 traderet,

417 2505 637 2561 dixisse
667 2504 852 2560 fertur
886 2521 897 2559 :
940 2509 1105 2560 Hunc
1138 2522 1301 2576 cape,
1335 2507 1541 2562 amice.
1577 2524 1774 2562 manu.

414 2598 471 2649 et
501 2593 551 2649 si
581 2594 818 2664 quidem
849 2592 1268 2665 rempublicam
1306 2594 1452 2650 bene
1483 2610 1739 2666 gessero,

412 2699 518 2755 pro
551 2699 682 2738 mea
707 2680 898 2739 salute
928 2682 1037 2738 hoc
1067 2682 1174 2737 tibi
1209 2684 1493 2738 utendum
1524 2690 1614 2739 est
1640 2702 1652 2753 ;

412 2774 505 2829 sin
538 2772 689 2828 male
718 2773 1100 2843 imperavero,
1133 2772 1245 2827 hoc
1272 2789 1365 2827 me
1395 2774 1715 2828 confodito.

857 2886 1269 2943 HADRIANUS
1308 2887 1425 2943 AN.
1466 2891 1621 2943 XXI.

413 2997 551 3052 Post
579 2995 738 3050 hunc
768 2994 888 3050 vita
919 2994 1263 3051 defunctum
1296 2994 1356 3050 in
1388 2994 1661 3067 imperio,

414 3084 598 3141 ZElius
633 3084 961 3140 Hadrianus
991 3084 1239 3140 bellator
1271 3085 1488 3140 nobilis

415 3175 580 3246 regni
612 3188 920 3229 successor
950 3173 1293 3245 designatus
1323 3174 1432 3229 fuit
1464 3191 1477 3228 :

413 3264 505 3320 vir
533 3266 741 3320 doctus
771 3280 838 3319 ac
869 3264 1217 3335 magniﬁcus
1250 3280 1699 3336 usquequaque,

416 3356 514 3427 qui
546 3355 724 3410 etiam
755 3355 939 3410 vetuit
972 3356 1042 3409 de
1070 3355 1422 3411 Christianis
1453 3372 1658 3428 pcnnas
1688 3355 1866 3412 sumi.

418 3444 568 3500 Huic
599 3444 917 3516 aliquando
948 3444 1239 3516 equitanti
1270 3444 1329 3499 in
1363 3445 1454 3499 via

421 3550 622 3611 preces
654 3532 864 3588 mulier
891 3533 1160 3605 quaedam
1193 3533 1455 3588 efﬂictim
1487 3534 1701 3589 obtulit
1734 3551 1746 3587 :

419 3624 472 3678 is
499 3627 693 3677 autem
725 3620 957 3693 negavit
985 3625 1252 3677 orantem
1286 3639 1346 3677 se
1379 3638 1549 3694 posse
1581 3622 1803 3678 audire.

419 3712 569 3769 Tum
600 3711 722 3780 illa,
755 3712 834 3767 Ne
866 3727 1070 3781 regnes
1102 3712 1301 3781 igitur,
1329 3712 1630 3783 respondit
1661 3728 1674 3766 :

419 3818 602 3874 quare
634 3802 683 3857 is
711 3817 1025 3857 conversus
1060 3800 1286 3855 feminae
1311 3801 1415 3871 jus
1448 3801 1720 3857 reddidit.

415 3892 578 3948 Idem
609 3892 669 3945 in
703 3890 1012 3946 Palmstina
1042 3885 1245 3945 urbem
1283 3890 1517 3959 struxit,

415 3981 515 4035 ubi
546 3982 681 4036 Sion
716 3980 984 4034 funditus
1015 3994 1218 4033 eversa
1250 3978 1460 4047 fuerat,

413 4086 659 4142 eamque
690 4068 1007 4140 appellavit
1036 4066 1423 4140 Capitolinam
1455 4067 1687 4125 {Eliam.

412 4160 726 4232 Templum
760 4173 994 4229 quoque
1026 4158 1298 4211 excitavit
1327 4158 1601 4213 Saturnio
1632 4158 1782 4224 Jovi,

412 4250 513 4305 ubi
544 4248 681 4303 olim
716 4247 993 4302 Solomon
1026 4262 1203 4301 suum
1236 4245 1601 4302 condiderat.

410 4342 547 4405 Quas
578 4356 671 4393 res
702 4335 1094 4392 intolerabilis
1123 4336 1381 4390 Judaicaa
1411 4338 1573 4407 genti
1608 4337 1721 4392 fuit
1751 4352 1764 4389 :

410 4445 593 4502 quare
623 4430 822 4484 coacto
853 4429 1217 4481 armatorum
1250 4440 1519 4491 numero,

406 4524 741 4575 Romanum
774 4515 1196 4587 aggrediuntur
1227 4513 1567 4584 praesidium
1596 4512 1728 4585 loci,

410 4609 797 4681 ejusdemque
821 4605 1119 4676 ingentem
1151 4607 1404 4672 stragem
1437 4604 1641 4658 edunt.

412 4700 576 4764 Quod
608 4697 708 4753 ubi
739 4700 929 4749 Cazsar
960 4692 1138 4758 novit,
1172 4691 1462 4762 conjurati
1489 4692 1779 4748 exercitus

410 4789 788 4845 Hebraeorum
824 4783 1059 4855 penitus
1085 4780 1337 4835 succidit
1368 4782 1521 4837 vires
1555 4798 1567 4836 :

404 4879 691 4935 nimirum
724 4876 775 4930 is
806 4872 1132 4944 quingenta
1162 4873 1220 4925 et
1251 4870 1544 4942 octoginta

403 4969 716 5024 hominum
745 4961 931 5017 millia
957 4959 1117 5014 letho
1147 4959 1331 5013 dedit.

402 5057 590 5127 Pagos
621 5052 799 5107 etiam
829 5047 1021 5119 gentis
1051 5045 1344 5102 subvertit
1376 5045 1539 5101 mille

402 5161 536 5200 cum
568 5137 998 5214 quinquaginta
1023 5134 1259 5190 arcibus
1290 5135 1610 5193 nobilibus.

402 5233 579 5288 Porro
610 5229 849 5300 quidam
882 5225 953 5279 ab
982 5240 1047 5280 eo
1078 5225 1205 5280 neci
1239 5225 1537 5294 addictus,

400 5323 576 5377 thure
600 5320 659 5373 in
689 5317 889 5389 ignem
922 5314 1184 5384 conjecto
1216 5318 1468 5370 testatus
1496 5319 1606 5383 est,

399 5430 462 5470 se
495 5410 731 5484 quidem
761 5407 1167 5461 immerentem
1204 5405 1273 5459 ad
1305 5415 1548 5461 mortem
1582 5407 1738 5480 adigi
1766 5429 1780 5478 ;

395 5496 709 5572 imprecari
740 5498 938 5551 autem
970 5492 1264 5549 Hadriano
1296 5510 1367 5550 ne
1399 5510 1532 5550 cum
1566 5494 1719 5551 volet

399 5590 571 5653 mori,
602 5584 720 5641 voti
751 5584 845 5641 sui
876 5599 1116 5655 compos
1144 5583 1245 5638 fiat
1279 5600 1292 5638 :

401 5677 558 5749 quod
587 5690 787 5731 revera
811 5673 1100 5731 Hadriano
1127 5671 1319 5729 evenit
1348 5671 1409 5728 in
1438 5672 1569 5730 vitae
1602 5674 1874 5748 termino,

2079 591 2133 659 Α

2091 1958 2140 2024 Β

2094 4695 2142 4760 D

2341 584 2455 660 Ἐφ’
2486 583 2547 636 οὗ
2569 604 2652 647 τις
2677 585 2753 657 (2)
2784 582 3061 657 ἀμύθητον
3094 584 3214 664 εὗρε
3244 589 3474 666 χρυσίον

2337 672 2619 747 Θησαυρὸν
2654 669 2817 745 ἁδρὸν
2854 674 3344 752 ἐγκατακεχωσμὲν
3354 702 3437 751 ον,

2229 764 2301 817 60
2339 763 2433 814 "Ov
2467 760 2801 835 ἐκκαλύψας,
2832 765 3098 840 κράτορος
3139 766 3282 839 μένει
3316 770 3516 842 κρίσιν.

2337 852 2397 907 Ὁ
2427 848 2471 903 δ’
2498 851 2562 904 αὗ
2591 858 2899 927 κεχρῆσθαι
2934 854 3127 926 μηνύει
3156 857 3247 911 καὶ
3279 861 3553 936 κατέχειν·

2339 938 2494 995 Ἀλλ’
2529 940 2662 1015 ὑπὲρ
2694 940 2851 995 αὐτὸν
2886 944 3103 1017 εὑρεθὲν
3134 946 3327 1022 φάσκει
3357 950 3570 1025 πέλειν,

2339 1029 2409 1084 Ἥ
2443 1025 2487 1081 δ’
2520 1029 2603 1099 ὃς,
2638 1031 3038 1106 Κατακέχρησο
3069 1040 3186 1097 τοῖς
3220 1038 3576 1113 εὑρημένοις.

2645 1147 3007 1205 ΤΡΑΙΔΝΟΣ
3049 1153 3161 1209 ET.
3216 1155 3321 1209 Ill'.

2342 1249 2556 1306 Τούτου
2590 1249 2851 1316 λιπόντος
2884 1254 2977 1309 σὺν
3011 1260 3322 1334 κραταρχίᾳ
3355 1259 3496 1335 βίον,

2233 1340 2303 1393 65
2342 1338 2610 1413 Τραϊανός
2642 1362 2725 1404 τις
2758 1349 2884 1406 παῖς
2916 1346 3069 1409 θετὸς
3111 1350 3309 1404 τούτου
3340 1350 3537 1430 στέφος

2343 1429 2446 1483 Καὶ
2480 1436 2727 1507 σκῆπερα
2755 1432 3066 1513 παρείληφε
3086 1438 3153 1491 τὰ
3180 1443 3288 1493 τῶν
3322 1429 3604 1497 Αὐσόνων·

2341 1516 2484 1592 Εύρὺ
2516 1518 2678 1582 κλέος
2705 1522 2854 1595 σχὼν
2890 1521 2941 1577 ἐν
2974 1524 3143 1588 νίκαις
3174 1528 3265 1581 καὶ
3294 1532 3605 1601 πρακτέοις·

2341 1605 2405 1660 Et
2436 1607 2525 1662 καὶ
2559 1604 2772 1665 διώκων
2809 1608 3045 1675 εὐσεϐεῖς
3073 1615 3141 1683 ἧν
3179 1620 3440 1692 μετρίως,

2345 1696 2473 1749 Καθ’
2501 1697 2558 1751 ὃν
2584 1701 2786 1783 χρόνον
2822 1696 3070 1777 βεϐρωτο
3101 1706 3308 1780 Θηρίων
3337 1710 3558 1783 γνάθοις

2235 1785 2307 1839 70
2345 1785 2405 1841 Ὁ
2431 1781 2693 1863 θεοφόρος
2728 1789 2992 1864 Ἰγνάτιος
3023 1792 3075 1847 ἐν
3106 1792 3318 1868 Ῥώμῃ,

2345 1872 2550 1929 ’Ἄλλοι
2580 1896 2638 1933 τε
2667 1876 2921 1935 πλεῖστοι
2956 1887 3304 1957 μαρτυρικῶς
3333 1885 3426 1937 τὸν
3462 1886 3582 1960 βίον

2348 1964 2586 2038 Χριστοῦ
2618 1970 2783 2042 χάριν
2812 1970 3013 2040 ἤνυσαν
3041 1971 3432 2044 ἠγωνισμένου

2346 2053 2568 2110 Τούτων
2604 2057 2846 2128 μαθόντα
2872 2059 2964 2113 τὸν
2996 2064 3296 2134 κρατοῦντα
3322 2063 3417 2118 τὸν
3454 2065 3644 2141 φόνον.

2348 2143 2436 2207 Ὠς
2467 2143 2532 2198 οὐ
2564 2152 2810 2221 πονηρᾶς
2838 2146 3017 2209 αἰτίας
3048 2150 3279 2224 πάσχειν
3306 2149 3437 2207 τάδε

2240 2232 2311 2286 75
2350 2233 2446 2294 Οἷς
2479 2230 2536 2287 δὲ
2566 2234 2799 2307 Χριστὸν
2833 2231 3079 2292 σέϐουσιν
3109 2238 3184 2301 ὡς
3211 2238 3339 2295 Θεὸν
3376 2242 3564 2315 μόνον,

2351 2322 2445 2390 Μὴ
2480 2318 2590 2376 δεῖν
2623 2321 2880 2392 κολάζειν
2908 2327 3150 2380 θεσπίσαι
3182 2331 3632 2405 Χριστωνύμους.

2348 2410 2552 2497 Τοῦτόν
2583 2412 2635 2486 γ’
2665 2411 2893 2488 ἐπάρχῳ
2923 2415 3241 2491 χειρίσαντα
3268 2422 3331 2475 τὸ
3363 2420 3542 2497 ξίφος,

2349 2496 2535 2570 Δέδεξο
2566 2501 2721 2556 τουτὶ
2752 2508 2870 2558 ταῖν
2907 2512 3117 2580 χεροῖν,
3150 2513 3341 2565 τοῦτον
3370 2511 3559 2588 φάναι,

2352 2586 2454 2642 Κᾶν
2492 2590 2586 2661 μὶν
2615 2589 2799 2655 καλῶς
2825 2591 2869 2647 ὦ
2901 2590 3102 2651 διέπων
3134 2597 3200 2653 τὰ
3229 2603 3325 2653 τοῦ
3356 2586 3613 2675 κράτους,

2244 2680 2313 2733 80
2350 2678 2509 2750 Ὑπὶρ
2539 2681 2588 2755 γ’
2620 2679 2857 2753 ἐμαυτοῦ
2885 2682 3026 2756 τῷδε
3056 2689 3348 2762 χρηστέον.
3375 2688 3521 2765 φίλε”

2354 2768 2415 2824 Εἰ
2449 2766 2497 2822 δ’
2528 2767 2593 2823 αὖ
2625 2790 2687 2845 γε
2716 2776 2916 2845 κακῶς,
2948 2776 3065 2829 κατ’
3098 2774 3334 2849 ἐμαυτοῦ
3364 2776 3612 2855 καρδίας.

2674 2892 3022 2950 ΑΔΡΙΑΝΟΣ
3062 2894 3176 2950 ET.
3218 2896 3330 2951 KA'

2348 2991 2550 3048 Τούτου
2584 2990 2642 3049 δὲ
2674 2996 2795 3070 βίον
2823 3000 2916 3052 καὶ
2946 3001 3144 3073 κράτος
3187 2998 3543 3073 λελοιπότος,

2348 3078 2634 3157 Ἀδριανὸς
2664 3082 2860 3147 Αἴλιος
2890 3086 3140 3159 ἀριστεὺς
3174 3087 3341 3163 μέγας

2354 3168 2627 3247 Διάδοχος
2661 3170 2902 3229 δὲδεικτο
2932 3181 3035 3245 τῆς
3071 3177 3401 3252 μοναρχίας·

2251 3261 2322 3316 85
2359 3261 2655 3334 Ἑρμαϊκός
2674 3283 2731 3317 τε
2760 3263 2848 3317 καὶ
2884 3262 3245 3343 μεγαλόφρων
3279 3266 3457 3339 ὅλοις,

2361 3350 2456 3418 Μή
2490 3348 2598 3405 δεῖν
2631 3348 2883 3422 κολάζειν
2914 3354 3169 3417 θεσπίσας
3194 3356 3637 3431 Χριστωνύμους⁶

2358 3438 2562 3496 Τούτου
2596 3438 2642 3494 δ’
2670 3441 2999 3506 ἱππεύοντάς
3029 3446 3155 3498 ποτ’
3187 3443 3237 3499 ἐν
3270 3445 3537 3523 λεωφόρῳ

2358 3526 2565 3585 Ἐδεῖτο
2597 3532 2734 3605 γυνὴ
2769 3530 3018 3607 λιπαρῶς
3047 3533 3354 3609 ἐγκειμένηο

2358 3618 2419 3674 Ὀ
2452 3612 2523 3687 δ’,
2554 3619 2631 3676 Οὐ
2663 3619 2947 3695 σχολάζω,
2979 3619 3101 3694 τῇδ’
3132 3622 3420 3699 ἐγκειμξνῃ
3455 3623 3623 3699 ικέγει·

2251 3710 2321 3765 90
2361 3707 2487 3780 Καὶ,
2520 3706 2678 3778 Μηδέ
2709 3709 2984 3782 βασίλευε,
3017 3713 3155 3785 πρὸς
3184 3710 3329 3768 τόνδ’
3363 3714 3589 3791 ἀντὲφη,

2358 3799 2421 3856 Ὁ
2451 3796 2508 3851 δὲ
2540 3800 2791 3875 στραφεὶς
2819 3801 3124 3875 προσέσχεν
3158 3801 3325 3871 αὐτῆς
3350 3806 3418 3876 τῇ
3454 3800 3605 3878 δίκῃο

2359 3888 2529 3949 Οὗτος
2560 3888 2775 3957 πολίζει
2807 3890 2946 3963 πρὸς
2980 3888 3321 3965 Παλαιστὶνῃ
3353 3888 3512 3946 πόδιν

2356 3979 2534 4035 ’Ὀπου
2568 3978 2710 4032 Σιὼν
2747 3975 2931 4050 ἵδρυτο
2953 3979 3395 4053 κατεσκαμμένη,

2360 4066 2740 4122 Καπιτωλίναν
2772 4065 3003 4130 καλέσας
3030 4066 3183 4138 τήνδ’
3213 4069 3432 4126 Αἷλίαψ

2248 4159 2320 4213 95
2359 4157 2462 4212 Καὶ
2490 4157 2617 4211 ναὸν
2651 4155 2942 4232 ἀντήγειρε
2975 4158 3057 4210 Διὶ
3087 4161 3168 4230 τῷ
3201 4158 3435 4232 Κρόνου,

2354 4243 2429 4301 ΟΎ
2542 4244 2555 4261 “
2833 4245 2848 4264 ‘
3120 4247 3134 4265 ‘
3278 4248 3291 4268 ’
3424 4245 3449 4267 ”

2402 4268 2432 4298 υ
2460 4265 2587 4320 πριν
2621 4242 2894 4317 Σολομων
2921 4245 3012 4300 τὸν
3045 4267 3171 4301 ναον
3202 4248 3391 4318 τευξας
3423 4268 3565 4323 εχει·

2353 4339 2513 4388 Τοῦτ’
2543 4334 2642 4388 οὺκ
2670 4334 2887 4389 ἀνεκτὸν
2914 4335 2981 4405 ἦν
3016 4333 3293 4392 Ἰουδαίων
3326 4336 3509 4416 φύΛῳ’

2356 4423 2811 4499 Συσπειραθέντες
2840 4429 3134 4499 τοιγαροῦν
3169 4425 3536 4499 ὡπλισμένοι,

2351 4514 2567 4569 Ἐπίασι
2599 4512 2790 4590 φύλαξι
2824 4514 3121 4587 Ῥωμαίοις
3150 4514 3349 4588 τόπου,

2212 4606 2312 4661 100
2350 4602 2453 4660 Καὶ
2483 4606 2631 4678 σφῶν
2665 4602 2727 4676 γε
2755 4601 3048 4666 πλείστους
3080 4599 3304 4679 ἔδρασαν
3339 4599 3494 4679 ἔργον
3528 4604 3718 4683 φόνου·

2350 4696 2418 4749 Ὅ
2446 4692 2605 4765 γνοὺς
2636 4694 2663 4746 ὁ
2692 4696 2930 4766 κρατῶν,
2960 4699 3214 4769 στρατιᾶς
3248 4692 3565 4770 ὁμαιχμίας

2343 4780 2549 4856 Ἂρδην
2582 4777 2853 4857 Ἑϐραίων
2886 4780 3149 4857 ἐκθερίζει
3179 4784 3240 4837 τὸ
3272 4784 3485 4860 στίφος·

2344 4871 2521 4927 Ὀκτὼ
2557 4871 2650 4943 μὲν
2678 4867 2888 4945 ἀνδρῶν
2921 4870 3012 4925 καὶ
3043 4872 3382 4942 πεντήκοντα
3410 4871 3577 4927 πάλιν

2345 4960 2698 5032 Ποσουμὲνας
2732 4958 2862 5020 δοὺς
2898 4957 3168 5031 μυριάδας
3196 4961 3430 5034 θανάτῳ,

2204 5050 2308 5104 105
2345 5049 2552 5120 Κώμας
2582 5048 2927 5119 κατασκάψας
2960 5044 3019 5100 δὲ
3046 5046 3258 5102 τούτων
3290 5048 3505 5124 χιλίας,

2345 5137 2591 5211 Φρούρια
2621 5137 2959 5205 πεντήκοντα
2989 5135 3265 5209 τεθρυΛλη
3278 5139 3435 5211 μένα.

2345 5224 2522 5289 Οὗτός
2550 5227 2671 5280 ποτ’
2698 5222 2893 5297 ἀνδρὸς
2921 5225 2988 5293 ἦν
3021 5226 3346 5301 κατακρίνας
3382 5227 3573 5302 μόρον

2343 5316 2449 5372 Καὶ
2478 5316 2569 5369 τὸν
2603 5309 2845 5369 λαϐόντα
2876 5319 2985 5390 πῦρ
3016 5317 3296 5389 θυμιῶντά
3328 5316 3533 5393 λέγειν,

2343 5405 2484 5480 Ἐγὼ
2519 5405 2613 5477 μὲν
2644 5401 2796 5459 οὐδὲν
2830 5401 3033 5460 ἀδικῶν
3066 5407 3287 5476 θνήσκω
3322 5406 3432 5482 βίᾳ,

2202 5498 2304 5553 110
2343 5492 2623 5569 Ἀδριανὸν
2658 5490 2715 5548 δὲ
2742 5494 2831 5547 καὶ
2862 5498 3136 5558 ποθοῦντα
3164 5496 3412 5551 τεθνάναι

2344 5585 2439 5653 Μὴ
2469 5587 2566 5639 τοῦ
2595 5586 2713 5640 κατ’
2745 5584 2918 5659 εὐχὴν
2950 5582 3189 5660 εὔχομαι
3217 5590 3410 5660 τυχεῖν
3435 5582 3651 5648 τέλους’

2342 5674 2409 5730 Ὀ
2439 5673 2528 5728 καὶ
2558 5678 2745 5740 παθεῖν
2782 5674 2835 5728 οἱ
2864 5668 3060 5743 συνέϐη
3092 5674 3230 5749 πρὸς
3259 5678 3339 5746 τῷ
3360 5672 3533 5745 τέλει,

469 5805 545 5877 (2)
580 5804 801 5879 Nempe
831 5804 1085 5862 Herodes
1116 5805 1367 5873 Atticus,
1400 5808 1465 5863 ut
1495 5807 1695 5861 narrat
1718 5804 1779 5861 in
1816 5802 1964 5859 Vitis
1994 5802 2407 5861 Philostratus.

3749 475 3820 531 16
