4140 6462
330 505 398 568 17
1870 503 1965 559 CA!

1870 502 2246 560 CESABES.

509 624 675 700 Νόσῳ
707 624 954 705 χρονίως
988 621 1164 700 ὑδέρῳ
1192 627 1538 700 τετηγμένῳ.

519 713 667 773 Κᾶπί
696 714 919 790 Θρᾴκης
954 711 1002 769 δ’
1032 713 1098 769 αὖ
1132 711 1392 792 Ὀδρυσοό
1422 717 1559 789 πρὸς
1588 716 1800 793 χωρίῳ.

370 809 478 865 115
517 805 738 877 Ἄλλην
770 803 994 875 πολίζει
1023 807 1123 875 τὴν
1157 806 1457 879 ὁμώνυμον
1491 806 1672 864 πόλιν.

563 914 988 970 ANTQNINOE
1019 914 1099 985 (3)
1130 915 1173 970 0
1203 915 1322 970 KAI
1354 916 1515 972 11102
1550 916 1655 972 ET.
1690 916 1766 973 ις’.

513 998 628 1057 Εἶτ’
656 1001 986 1063 Ἀντωνῖνος
1018 996 1263 1071 Εὐσεϐὴς
1291 1001 1656 1076 κεκλημένος,

516 1088 814 1150 Βέλτιστος
842 1090 979 1163 ἀνὴρ
1014 1088 1210 1162 εὐαγής
1241 1111 1300 1144 τε
1328 1090 1456 1155 τοὺς
1486 1093 1742 1168 τρόπους,

518 1180 742 1233 Πάντων
773 1183 953 1252 τιμῶν
993 1179 1231 1252 μάλιστα
1260 1180 1386 1243 τοὺς
1417 1184 1860 1256 Χριστωνύμους,

515 1267 824 1343 Χειρίζεται
857 1265 1131 1323 κάλλιστα
1161 1272 1260 1339 τήν
1289 1272 1624 1347 κραταρχίαν
1657 1291 1670 1304 ·

372 1358 477 1412 120
512 1358 704 1419 ’Ὀστις
736 1376 800 1431 γε
831 1354 1020 1431 μάχης
1047 1354 1136 1410 καὶ
1174 1356 1290 1431 βίας
1323 1357 1675 1432 ἐγκειμένων,
1752 1376 1755 1379 ‘

516 1444 773 1517 Ἐπείπερ
809 1442 963 1500 οὐδὲν
1000 1447 1247 1520 εὐπορῶν
1280 1446 1346 1516 ἦν
1374 1449 1708 1522 χρημάτων,

514 1535 606 1596 Εἷς
638 1536 841 1610 ἀγορὰν
874 1533 1155 1610 προῦθηκε
1181 1542 1300 1600 τοῖς
1331 1538 1636 1613 ᾑρημένοις

517 1624 698 1680 Ηάντα
726 1625 794 1678 τὰ
822 1622 1054 1698 λαμπρὰ
1082 1626 1172 1679 καὶ
1202 1625 1453 1704 τιμαλφῆ
1487 1632 1585 1682 τοῦ
1614 1630 1847 1704 κράτους
1876 1648 1889 1661 ⁸

520 1712 643 1786 Ἀφ’
672 1710 745 1765 ὧν
779 1713 975 1767 ἱκανῶν
1007 1713 1316 1788 εὐπορήσας
1348 1717 1654 1792 χρημάτων

377 1802 486 1857 125
522 1799 622 1855 Καὶ
658 1806 1006 1876 στρατιωτῶν
1039 1802 1253 1873 ἡλικὼς
1281 1804 1542 1869 πλείστας
1572 1804 1717 1873 ἴλας,

517 1891 721 1963 Μάχην
744 1896 1016 1966 κατορθοῖ
1043 1892 1133 1946 καὶ
1168 1893 1335 1968 βαθὺν
1364 1899 1603 1950 πλοῦτον
1636 1894 1782 1974 φέρει
1815 1916 1829 1929 ο

512 1978 612 2033 Kal
642 1976 807 2033 πάλιν
841 1974 1082 2035 ἀπέλαϐε
1110 1981 1176 2036 τὰ
1204 1983 1579 2060 πεπραγμένα,

514 2066 877 2142 Δῖρουμένοις
913 2066 1040 2133 δοὺς
1067 2072 1166 2139 τήν
1195 2073 1366 2143 τιμὴν
1400 2071 1759 2147 ὠνουμένοις.

649 2175 943 2231 ΜΑΡΚΟΣ
984 2179 1390 2236 ΑΝΤΩΝΙΝΟΣ
1434 2182 1534 2238 ET.
1579 2183 1670 2251 Ic'.

512 2262 621 2317 Kal
651 2262 815 2318 πάλιν
847 2260 1022 2327 ἄλλος
1052 2267 1375 2331 Ἀντωνῖνός
1402 2290 1485 2332 τις
1520 2273 1740 2346 Μάρκος

371 2352 477 2406 130
517 2352 747 2426 Πρώτου
779 2354 933 2418 θετὸς
959 2361 1111 2427 παῖς,
1145 2357 1447 2437 φιλόσοφος
1474 2359 1601 2423 τοὺς
1633 2358 1857 2435 λόγους,

514 2441 758 2515 Τρόπους
791 2464 850 2498 τε
882 2446 1148 2518 χρηστὸς,
1183 2446 1416 2520 εὐμενὴς
1445 2450 1882 2525 Χριστωνύμοις.

516 2526 856 2605 Παραλαϐὼν
889 2532 1037 2588 ἴθυνε
1065 2536 1164 2605 τὴν
1195 2536 1531 2612 κραταρχίαν
1569 2557 1580 2570 °

516 2617 634 2693 Ἐφ’
662 2617 725 2674 οὗ
756 2618 963 2698 φάλαγξ
993 2622 1232 2694 κέκλητο
1268 2622 1703 2700 Κεραυνοϐόλος,

514 2708 673 2769 Ἦτις
707 2707 931 2781 μερίδος
962 2709 1095 2766 οὖσα
1124 2717 1231 2768 τῶν
1262 2715 1669 2791 Χριστωνύμων

374 2795 481 2850 135
516 2800 701 2871 Καιρῷ
730 2798 917 2873 μάχης
949 2798 1146 2873 ηὔξατο
1176 2804 1391 2878 Χριστῷ
1424 2806 1691 2881 Δεσπότῃ,

517 2883 668 2958 Δίψει
703 2894 956 2963 στρατιᾶς
980 2888 1403 2964 κινδυνευούσης
1428 2895 1573 2965 τότε,

519 2974 865 3031 ’Δντιπάλων
898 2999 957 3033 τε
987 2976 1287 3056 Βαρϐάρων
1321 2982 1554 3048 ἐπιθέσει

517 3064 620 3120 Καὶ
653 3062 937 3151 δυσμενεῖς
971 3068 1067 3141 μὶν
1096 3074 1177 3142 τῷ
1204 3078 1450 3148 κεραυνῷ
1490 3074 1815 3151 συμφλέγει,

523 3147 788 3229 Ὅμϐρων
820 3152 869 3209 δ’
902 3154 992 3211 ἐπὶ
1026 3147 1336 3234 στράτευμα
1361 3147 1647 3227 πλουσίως
1678 3147 1780 3221 ὕει.

375 3240 487 3297 140
522 3240 861 3319 Ἑρμογένης
889 3246 937 3299 τ’
966 3243 1182 3320 ⁴ἤκμαζε
1209 3256 1309 3318 τῆς
1341 3250 1543 3325 τέχνης
1573 3250 1714 3328 ἴδρις
1747 3271 1761 3285 ·

523 3330 662 3419 Θυάς
688 3336 736 3386 τ’
760 3331 980 3397 έναθλεῖ
1012 3336 1300 3412 μαρτύρων
1335 3344 1580 3415 Χριστοῦ
1611 3342 1772 3419 χάριν

526 3417 784 3496 Σμύρνης
812 3421 839 3476 ὁ
861 3421 1229 3501 Πολύκαρπος
1256 3428 1348 3483 καὶ
1376 3428 1688 3491 Ἰουστῖνος.

867 3532 1199 3589 ΚΟΜΟΔΟΣ
1233 3536 1344 3592 ΕΤ.
1378 3538 1484 3593 ΙΒ’.

531 3613 784 3689 Κόμοδος
814 3618 927 3673 εἶτα
961 3623 1156 3695 μιαρὸς
1188 3623 1576 3700 φαυλεργάτης

536 3709 724 3767 Κακῶς
755 3705 1116 3785 ἐπεισέφρησε
1150 3715 1217 3786 τῇ
1248 3715 1556 3791 κραταρχίᾳ
1579 3736 1592 3750 ·

380 3795 491 3851 145
532 3794 648 3871 Ἐφ’
680 3795 742 3849 οὗ
774 3794 1009 3870 Κλήμης
1039 3799 1106 3868 ἧν
1135 3804 1500 3877 Στρωματεὺς
1528 3806 1692 3883 σοφὸς
1722 3806 1907 3883 μέγας,

534 3883 639 3939 Καὶ
670 3885 991 3961 Πάνταινος,
1022 3891 1262 3964 κήρυκες
1298 3891 1471 3967 ὀρθῶν
1503 3891 1810 3969 δογμάτων.

666 4020 669 4025 ‹
714 3994 1077 4055 ΗΕΡΤΙΝΛΞ
1106 4001 1223 4055 ΚΑΙ
1252 4000 1651 4061 ΙΟΥΛΙΑΝΟΣ.

536 4080 674 4136 Μεθ’
703 4081 773 4169 ὃν,
792 4091 1095 4161 κραταρχεῖ
1118 4088 1375 4162 Περτίναξ
1408 4091 1435 4145 ὁ
1464 4093 1754 4169 τριγέρων,

537 4168 644 4225 Καὶ
676 4168 959 4248 σφάττεται
994 4171 1059 4244 δὴ
1091 4177 1229 4250 πρὸς
1266 4179 1451 4250 μέσοις
1482 4168 1824 4259 ἀνακτόροις.

538 4260 642 4315 Καὶ
673 4266 922 4335 σκῆπτρα
950 4263 1258 4342 παρείληφε
1286 4268 1353 4322 τὰ
1380 4274 1486 4323 τῶν
1520 4272 1785 4329 Αὐσόνων

388 4350 497 4406 150
538 4349 841 4414 Ἰουλιανὸς
871 4349 1049 4416 Δίδιος
1085 4354 1295 4431 βραχὺν
1330 4360 1551 4433 χρόνον.

882 4464 1201 4521 ΣΕΒΗΡΟΣ
1235 4467 1344 4523 ET.
1384 4468 1492 4524 IH'.

541 4548 645 4602 Kal
679 4543 924 4625 Σεϐῆρος
951 4554 1239 4628 κράτιστος
1262 4556 1474 4632 ἐχθρῶν
1504 4556 1555 4613 έν
1592 4559 1797 4634 μάχαις

541 4635 795 4713 Σφοδρὸς
824 4640 1107 4711 κολαστὴς
1131 4641 1365 4700 εὐσεϐῶν
1395 4651 1804 4724 Χριστωνύμων
1842 4671 1855 4684 ο

540 4726 663 4803 Ἐφ’
692 4727 753 4781 οὗ
783 4727 875 4783 σὺν
902 4730 1096 4796 ἄλλοις
1125 4733 1216 4789 καὶ
1247 4737 1427 4809 πατὴρ
1461 4738 1767 4812 Ὠριγένους

544 4813 868 4889 Φιλωνίδης
892 4822 970 4894 (4)
1000 4822 1191 4896 εὕρατο
1229 4824 1517 4900 μαρτύρων
1552 4826 1765 4904 στέφος.

605 4927 1019 4987 ΑΝΤΩΝΙΝΟΣ
1054 4933 1539 4991 ΚΑΡΑΚΑΛΛΟΣ
1571 4937 1682 4992 ET.
1716 4937 1785 4994 Z'.

391 5016 504 5073 155
543 5015 758 5071 Τούτου
790 5017 1066 5088 θανόντος,
1093 5020 1453 5095 Καράκαλλος
1480 5022 1787 5096 τούπίκλην

542 5104 866 5169 Ἀντωνῖνος
898 5105 1095 5183 εἴληφε
1122 5112 1223 5179 τὴν
1261 5111 1565 5187 μοναρχίαν
1601 5133 1612 5145 ·

539 5193 788 5269 Αἰσνχρός
814 5215 900 5257 τις
932 5197 1070 5272 ἀνὴρ
1101 5200 1187 5254 καὶ
1222 5197 1390 5254 πλέον
1424 5201 1734 5279 μιαιφόνος.

608 5302 966 5360 ΜΑΚΡΙΝΟΣ
998 5310 1117 5361 ΚΑΙ
1149 5308 1430 5364 ΑΡΒιΤοΣ
1461 5311 1538 5381 (5)
1572 5312 1687 5368 ET.
1721 5311 1790 5368 A'.

543 5391 651 5448 Kal
682 5393 963 5467 Μακρῖνος
997 5394 1295 5470 βράχιστον
1325 5394 1485 5472 ἄρξας
1506 5400 1597 5453 τὸν
1633 5401 1832 5474 χρόνον
1868 5419 1880 5432 ·

542 5479 683 5539 Εἶτα
712 5484 1121 5556 κατωρχήσατο
1148 5490 1246 5555 τῆς
1274 5488 1609 5562 κραταρχίας

389 5572 506 5629 460
547 5569 762 5639 Κλῆσιν
790 5566 1069 5645 Ἀρϐιτος,
1105 5572 1534 5651 Σαρδανάπαλος
1564 5579 1727 5651 θέσιν,

430 5758 512 5831 (3)
545 5754 691 5831 Cod.
724 5754 829 5831 hic
878 5753 1190 5819 Ἀντώνιος.
1224 5757 1337 5815 Sed
1389 5758 1449 5815 in
1489 5761 1654 5817 textu
1685 5757 2029 5819 Ἀντωνῖνοςο

432 5826 513 5902 (4)
546 5829 636 5886 Ita
666 5826 804 5884 cod.

2029 625 2085 695 Α
2116 641 2251 681 cum
2281 624 2439 682 lento
2470 627 2751 699 hydropis
2778 628 2982 683 morbo
3013 627 3112 683 diu
3146 628 3355 684 tabuit.

2111 716 2166 771 Is
2197 715 2373 770 etiam
2400 716 2460 770 in
2484 716 2723 773 Thracia
2754 732 2933 789 prope
2969 721 3230 773 castrum
3263 717 3588 791 Odryssum

2109 805 2180 860 de
2212 822 2319 861 suo
2346 806 2563 861 dictam
2596 806 2830 861 nomine
2859 823 3068 862 novam
3103 807 3305 862 urbem
3337 810 3619 865 condidit.

2464 910 2883 968 ANTONINUS
2927 911 3090 967 PIUS
3129 913 3245 968 AN.
3289 912 3411 968 ΧΧ.

2106 998 2325 1055 Deinde
2349 1000 2684 1055 Antoninus
2716 1005 3102 1071 cognomento
3134 1002 3295 1073 Pius,

2104 1088 2192 1142 vir
2220 1089 2483 1159 optimus
2515 1088 2853 1160 sanctisque
2877 1090 3163 1161 moribus,

2105 1177 2206 1248 qui
2239 1177 2600 1234 Christianos
2632 1195 2867 1234 summo
2899 1179 2959 1233 in
2993 1180 3181 1250 pretio
3211 1179 3439 1247 habuit,

2106 1265 2261 1321 felici
2294 1284 2436 1324 sane
2468 1268 2587 1323 fato
2619 1270 2689 1322 ad
2722 1268 3041 1339 imperium
3071 1270 3255 1325 venit.

2104 1363 2160 1417 Is
2191 1362 2494 1428 premente
2525 1357 2663 1412 belli
2697 1358 3067 1427 necessitate,

2104 1450 2244 1521 quia
2275 1446 2421 1503 nihil
2453 1446 2511 1501 in
2545 1448 2746 1502 aarario
2782 1448 3042 1519 pecuniae
3074 1452 3218 1515 erat,

2100 1538 2161 1592 in
2194 1538 2318 1593 foro
2349 1536 2616 1608 exposuit
2646 1535 3012 1592 licitantibus

2103 1627 2360 1699 pretiosa
2386 1624 3129 1697 principatusornamenta
3160 1626 3359 1681 omnia
3392 1646 3405 1682 :

2101 1717 2257 1772 unde
2287 1714 2560 1788 pecunia,
2593 1717 2881 1785 quantum
2915 1718 3006 1770 sat
3034 1718 3180 1781 erat,
3215 1720 3405 1789 capta,

2102 1804 2552 1876 conscriptaque
2585 1802 2846 1859 militum
2876 1803 3101 1874 ingenti
3134 1820 3337 1873 manu,

2100 1893 2407 1950 victoriam
2439 1909 2553 1947 non
2588 1893 2714 1948 sine
2745 1894 2911 1949 lauta
2942 1894 3138 1965 praeda
3165 1893 3368 1950 retulit
3400 1911 3414 1949 :

2020 1994 2069 2061 B
2103 1982 2487 2055 quamobrem
2520 1998 2611 2038 res
2640 1982 2973 2039 divenditas
3002 1982 3385 2053 recuperavit,

2100 2073 2328 2129 civibus
2359 2072 2459 2144 qui
2491 2077 2758 2127 emerant
2787 2088 3033 2142 repenso
3064 2072 3269 2143 pretio.

2383 2178 2668 2233 MARCUS
2706 2177 3123 2234 ANTONINUS
3161 2174 3282 2231 AN.
3325 2176 3464 2231 XVI.

2102 2269 2474 2339 Rursumque
2508 2266 2658 2323 alius
2687 2267 3023 2321 Antoninus
3053 2271 3306 2336 Marcus,

2101 2357 2315 2429 prioris
2348 2356 2662 2428 adoptione
2694 2355 2873 2426 ﬁlius,
2905 2356 3170 2411 doctrina
3199 2354 3613 2427 philosophus,

2104 2447 2371 2502 moribus
2402 2446 2696 2517 egregius,
2730 2445 3083 2501 Christianis
3114 2445 3439 2514 benivolus,

2104 2534 2442 2605 reipublicae
2470 2532 2938 2605 gubernaculum
2972 2534 3145 2604 coepit
3176 2548 3393 2605 regere.

2104 2624 2225 2679 Sub
2256 2640 2322 2679 eo
2354 2622 2500 2692 legio
2533 2622 2690 2677 dicta
2722 2621 3126 2687 Fulminatrix,

2104 2714 2176 2768 de
2205 2711 2670 2766 Christianorum
2704 2710 3013 2765 hominum
3046 2710 3297 2766 conﬂata
3325 2725 3592 2777 numero,

2104 2804 2442 2875 pugnatura
2470 2799 2698 2854 Christo
2732 2798 2975 2854 Domino
3006 2798 3381 2870 supplicavit,

2104 2889 2383 2961 quoniam
2416 2892 2472 2943 et
2503 2888 2599 2943 siti
2632 2887 2925 2943 exercitus
2959 2888 3282 2956 laborabat,

2104 2983 2163 3036 et
2192 2978 2585 3034 Barbarorum
2617 2976 2881 3033 hostium
2914 2976 3177 3032 instabat
3198 2975 3457 3047 impetus
3492 2993 3505 3031 :

2106 3068 2422 3136 statimque
2445 3067 2643 3122 hostes
2676 3066 3027 3121 fulminibus
3056 3065 3473 3136 deﬂagrarunt,

2107 3157 2409 3213 Romanus
2438 3156 2729 3213 exercitus
2758 3154 2945 3211 imbre
2977 3154 3213 3226 copioso
3245 3153 3495 3211 maduit.

2105 3250 2268 3302 Tunc
2294 3245 2541 3301 ﬂorebat
2570 3250 2949 3315 Hermogenes
2981 3246 3190 3300 doctus
3220 3244 3436 3299 rhetor.

2029 3362 2072 3431 α
2109 3334 2447 3406 Christique
2478 3350 2658 3390 causa
2688 3350 2793 3406 par
2822 3337 3148 3405 martyrum
3181 3331 3503 3389 decertavit

2112 3424 2465 3497 Polycarpus
2494 3426 2757 3495 Smyrnae
2785 3422 3098 3494 episcopus
3129 3427 3185 3477 et
3212 3420 3502 3478 Justinus.

2577 3528 2969 3586 COMMODUS
3020 3530 3139 3584 AN.
3172 3528 3299 3584 XII.

2116 3623 2333 3679 Deinde
2355 3622 2709 3678 Commodus
2740 3620 3030 3689 impurus,
3066 3617 3372 3683 scelestus,

2115 3714 2257 3769 laevo
2288 3713 2483 3767 omine
2513 3709 2776 3780 adrepsit
2805 3708 2877 3762 ad
2904 3708 3239 3779 imperium.

2114 3802 2235 3859 Sub
2258 3818 2325 3857 eo
2355 3800 2624 3856 Clemens
2649 3802 3014 3853 Stromatum
3046 3802 3249 3853 auctor
3279 3796 3538 3868 sapiens,

2118 3896 2572 3960 Pantaenusque,
2608 3886 2914 3943 orthodoxi
2942 3887 3115 3941 ambo
3142 3887 3571 3958 praedicatores.

2506 3994 2861 4051 PERTINAX
2902 3993 2990 4049 ET
3026 3991 3393 4048 JULIANUS.

2120 4093 2252 4147 Mox
2281 4084 2592 4157 imperavit
2618 4083 2912 4149 Pertinax,
2946 4081 3294 4153 grandaevus
3324 4093 3524 4147 senex,

2123 4178 2225 4250 qui
2252 4178 2312 4231 in
2343 4174 2478 4231 aula
2508 4171 2709 4245 palatii
2738 4172 3082 4227 interfectus
3112 4175 3221 4225 est.

2123 4270 2549 4338 Sceptrumque
2578 4260 2825 4331 arripuit
2855 4258 3103 4315 Romani
3136 4257 3367 4329 imperii

2124 4355 2287 4413 brevi
2314 4352 2634 4411 admodum
2665 4354 2930 4421 tempore
2951 4347 3224 4404 Julianus
3252 4346 3482 4405 Didius.

2582 4455 2901 4512 SEVERUS
2942 4458 3058 4509 AN.
3098 4454 3309 4510 XVIII.

2128 4555 2275 4611 Hinc
2301 4552 2548 4607 Severus
2578 4547 2842 4603 hostium
2874 4545 2934 4600 in
2966 4544 3183 4616 praeliis
3215 4544 3492 4611 domitor,

2131 4645 2295 4701 dirus
2326 4641 2557 4712 piorum
2589 4636 3059 4692 Christianorum
3090 4639 3430 4706 persecutor
3462 4651 3476 4687 :

2048 4734 2094 4798 D
2128 4735 2237 4791 sub
2270 4747 2384 4803 quo
2414 4744 2547 4786 cum
2579 4725 2712 4783 aliis
2742 4728 2907 4796 pater
2935 4739 3168 4794 quoque
3199 4723 3465 4792 Origenis

2131 4821 2419 4880 Leonidas
2450 4816 2714 4887 martyrii
2737 4829 3015 4870 coronam
3047 4811 3270 4868 retulit.

2344 4922 2762 4983 ANTONINUS
2813 4919 3231 4977 CARACALLA
3270 4921 3387 4974 AN.
3430 4918 3551 4975 VII.

2132 5019 2321 5088 Hujus
2345 5013 2614 5071 exstincti
2648 5008 3051 5066 monarchiam
3080 5008 3305 5079 excepit

2131 5106 2464 5165 Antoninus
2495 5100 2842 5175 cognomine
2872 5096 3185 5163 Caracalla,

2134 5199 2323 5255 fcedus
2345 5195 2521 5250 homo
2552 5196 2609 5247 et
2641 5189 2893 5245 maxime
2926 5187 3366 5257 sanguinarius.

2413 5295 2782 5357 MACRINUS
2820 5294 2912 5350 ET
2951 5294 3210 5350 AVITUS
3248 5294 3365 5350 AN.
3411 5294 3504 5349 IV.

2136 5394 2285 5450 Tum
2318 5396 2375 5447 et
2403 5388 2698 5445 Macrinus
2728 5384 3074 5440 brevissime
3104 5384 3431 5455 imperavit.

2139 5481 2360 5539 Deinde
2391 5480 2449 5534 in
2483 5476 2732 5547 imperio
2763 5473 3158 5533 debacchatus
3189 5480 3278 5529 est

2140 5570 2379 5628 nomine
2410 5568 2634 5633 Avitus,
2668 5565 3015 5638 cognomine
3047 5562 3507 5636 Sardanapalus,

2210 5752 2293 5827 (5)
2325 5753 2411 5808 Ita
2441 5750 2569 5807 cod.

3700 506 3767 560 18
