4140 6454
402 512 471 569 19
1628 515 2004 574 EPHBBMII
2043 510 2610 567 CHRONOGRAPHI

404 635 599 709 Priapi
628 639 929 709 quoddam
962 641 1292 714 Bacchique
1322 643 1710 716 mancipium,

405 727 671 783 moribus
696 745 829 783 vere
859 730 1298 803 Sardanapalus
1327 733 1491 804 alter,

404 817 779 873 effeminatus
806 819 1129 875 admodum
1165 826 1224 877 et
1254 823 1613 879 luxuriosus.

674 934 1121 991 ALEXANDER
1163 938 1458 993 ΜΑΜίΕᾹΞ
1500 939 1611 993 ΑΝ.
1651 937 1795 993 XIV.

408 1043 548 1095 Post
579 1040 737 1095 hunc
770 1044 1030 1113 pervenit
1057 1046 1124 1099 ad
1159 1061 1407 1117 regnum
1435 1046 1765 1102 Alexander

408 1129 663 1183 Mamaeae
697 1130 875 1200 filius,
910 1132 1378 1190 Christianorum
1412 1150 1701 1190 reverens.

412 1217 555 1274 Cum
586 1218 741 1274 enim
774 1222 902 1291 ejus
939 1227 1128 1279 mater
1158 1225 1509 1279 credidisset

412 1308 782 1379 sapientibus
814 1311 1082 1382 Origenis
1114 1312 1420 1379 doctrinis,

412 1397 601 1453 honor
629 1400 994 1455 credentium
1028 1401 1223 1456 ordini
1249 1401 1452 1458 haberi
1483 1405 1707 1475 coeptus
1739 1404 1846 1457 est.

725 1516 1137 1574 MAXIMINUS
1176 1518 1266 1573 ET
1305 1519 1452 1574 ALII
1491 1520 1608 1575 AN.
1652 1518 1751 1574 III.

416 1620 619 1676 Occiso
651 1622 998 1690 Alexandro,
1031 1627 1263 1679 creatur
1292 1624 1607 1695 imperator

417 1710 810 1766 exsecrandus
843 1712 1221 1784 furiosusque
1248 1713 1602 1769 Maximinus
1633 1714 1895 1785 quidam,

418 1799 520 1871 qui
550 1800 678 1855 dira
708 1806 1006 1856 commota
1034 1803 1317 1859 adversus
1348 1803 1716 1859 Christianos

420 1892 849 1961 persecutione,
882 1889 1173 1961 plurimos
1205 1891 1339 1949 fecit
1365 1896 1667 1964 martyres.

420 1979 586 2033 Tunc
618 1978 798 2034 etiam
830 1986 1225 2052 regnaverunt
1258 1981 1556 2037 Maximus
1582 1986 1639 2038 et
1666 1981 1941 2048 Albinus,

424 2072 482 2123 et
506 2083 641 2123 cum
674 2068 935 2140 Pupieno
964 2070 1204 2125 Publius
1237 2070 1545 2126 Balbinus.

902 2184 1314 2241 GORDIANUS
1351 2185 1469 2241 AN.
1512 2188 1599 2243 VI.

426 2291 531 2347 His
562 2289 886 2359 exstinctis,
920 2305 1154 2346 summa
1184 2295 1442 2363 potestas
1476 2293 1711 2349 devenit

425 2382 497 2436 ad
527 2381 886 2435 Gordianum
918 2381 1234 2450 quemdam
1268 2381 1569 2451 ﬁliumque
1599 2383 1728 2453 ejus
1761 2400 1776 2439 :

424 2471 536 2527 sub
568 2469 784 2540 quibus
815 2468 1070 2538 inclytus
1101 2470 1365 2525 doctrina
1394 2470 1669 2541 Origenes

421 2561 485 2617 in
516 2558 810 2615 Palestina
840 2558 1164 2631 discipulos
1197 2559 1538 2631 erudiebat;

422 2664 675 2721 quorum
707 2651 871 2703 erant
904 2649 963 2702 in
997 2663 1244 2704 numero
1276 2650 1484 2705 fratres
1516 2652 1654 2720 duo,

424 2737 737 2810 Gregorius
769 2741 1157 2809 cognomento
1189 2738 1690 2813 Thaumaturgus,

427 2920 603 2989 atque
629 2915 1041 2972 Athenodorus
1072 2915 1337 2972 doctrina
1363 2934 1479 2974 non
1510 2918 1771 2976 inferior.

920 3030 1298 3089 PHILIPPUS
1337 3034 1457 3089 AN.
1500 3024 1613 3090 v1.’

428 3141 677 3195 Secutus
706 3142 797 3193 est
826 3138 1154 3210 Philippus,
1185 3137 1536 3197 Christianis
1563 3140 1902 3211 benevolus,

430 3228 547 3284 imo
578 3244 735 3293 vero,
767 3231 834 3283 ut
863 3228 1019 3283 fama
1048 3232 1155 3293 est,
1189 3228 1406 3283 Christi
1438 3230 1686 3299 assecla,

429 3316 791 3372 credentium
825 3316 1098 3372 sodalitio
1131 3318 1375 3388 adjungi
1408 3322 1641 3390 optans,

426 3404 776 3477 Christoque
806 3421 947 3461 suos
977 3405 1313 3476 triumphos
1342 3408 1558 3462 referre
1588 3415 1897 3481 acceptos;

427 3510 601 3565 quem
635 3498 831 3550 tamen
865 3494 1016 3549 sacri
1047 3510 1163 3549 non
1196 3495 1564 3551 admiserunt
1597 3500 1896 3568 praesules.

425 3581 568 3637 Huic
598 3583 805 3639 Bostra
837 3583 1065 3655 patria;
1102 3599 1278 3654 prope
1310 3601 1489 3656 quam
1522 3587 1697 3642 aliam
1726 3590 1990 3646 condidit

426 3686 605 3741 quam
636 3670 890 3742 Philippi
927 3672 1135 3726 urbem
1162 3688 1367 3727 omnes
1399 3674 1673 3730 vocitant.

996 3786 1251 3843 DECIUS
1292 3788 1411 3843 AN.
1456 3790 1499 3845 Ι.

426 3892 679 3964 Imperio
711 3894 914 3963 postea
944 3891 1166 3963 potitus
1204 3893 1409 3949 Decius

426 3982 794 4039 Christianos
821 3982 948 4037 sine
978 3998 1143 4037 mora
1173 3982 1347 4054 cmpit
1372 3986 1641 4058 persequi
1677 4006 1690 4042 :

426 4072 520 4128 cui
556 4071 903 4127 restiterunt
928 4070 1149 4141 insigni
1180 4071 1526 4128 fortitudine

425 4161 771 4234 Cyprianus,
805 4159 1072 4233 Bahylas,
1106 4160 1324 4232 aliique
1350 4161 1611 4232 plurimi.

426 4250 597 4320 Lapsi
631 4254 771 4304 sunt
796 4248 897 4304 alii
923 4274 938 4317 ;
971 4250 1029 4304 in
1062 4249 1157 4306 his
1188 4250 1397 4306 infelix
1416 4251 1715 4324 Origenes.

426 4340 592 4394 Tunc
623 4339 733 4394 fuit
756 4339 1016 4393 Novatus
1046 4338 1317 4395 malevoli
1349 4340 1436 4395 vir
1464 4341 1683 4413 ingenii
1720 4360 1735 4398 :

427 4429 527 4500 qui
559 4445 689 4484 cum
726 4433 1000 4483 Romanae
1024 4428 1295 4485 Ecclesiae
1325 4433 1599 4487 sacerdos
1631 4439 1807 4502 esset,

427 4532 527 4573 eos
556 4518 654 4588 qui
685 4517 1042 4573 cruciatibus
1074 4518 1206 4572 victi
1238 4519 1693 4591 sacriﬁcassent,

429 4608 500 4662 ad
530 4606 940 4680 pmnitentiam
974 4607 1229 4677 recipere
1259 4612 1637 4681 pernegabat.

427 4697 489 4753 Id
522 4697 738 4768 dogma
767 4694 1040 4750 Patribus
1072 4712 1105 4750 a
1134 4695 1248 4750 fide
1285 4697 1542 4754 alienum
1574 4700 1767 4756 visum
1799 4707 1921 4772 est;

428 4787 522 4845 cui
555 4787 693 4841 dum
728 4784 927 4851 haeret,
958 4784 1374 4841 communione
1399 4786 1597 4843 infelix
1628 4791 1881 4860 pellitur.

704 4899 974 4955 GALLUS
1013 4900 1106 4955 ET
1138 4899 1563 4959 EMILIANUS
1603 4905 1720 4959 AN.
1764 4909 1806 4961 Ι.

427 5010 745 5081 Postquam
775 5007 1087 5078 imperium
1122 5006 1334 5062 Decius
1366 5023 1501 5064 cum
1531 5010 1652 5066 vita
1682 5012 1899 5085 amisit,

424 5099 689 5172 regnavit
718 5095 919 5152 Gallus
951 5096 1131 5167 impio
1164 5096 1252 5151 vir
1281 5098 1455 5154 corde
1486 5099 1792 5172 praeditus,

420 5196 477 5247 et
505 5188 1010 5246 Cchristianorum
1042 5188 1235 5258 gravis
1268 5195 1631 5261 persecutor,

424 5280 640 5334 Deinde
669 5277 764 5332 vix
794 5280 1049 5347 quatuor
1080 5278 1383 5333 mensibus
1414 5280 1784 5337 lEmilianus.

419 5371 584 5425 Tunc
614 5366 904 5423 Sabellius
936 5371 1057 5421 erat
1089 5383 1311 5421 scaevus
1342 5372 1497 5439 Afer,

418 5458 514 5529 qui
545 5456 773 5513 divinas
800 5456 979 5526 impie
1012 5455 1070 5511 in
1106 5456 1314 5512 Triade
1348 5474 1627 5527 personas

416 5547 682 5602 confudit
710 5551 767 5600 et
796 5548 1071 5601 naturam
1104 5561 1239 5601 cum
1269 5545 1361 5601 his
1388 5550 1782 5606 commiscuit.

509 5690 563 5757 5)
598 5688 681 5742 lta
711 5688 914 5751 codex,
944 5692 1002 5742 et
1031 5687 1113 5742 ita
1145 5686 1407 5759 loquitur
1435 5691 1608 5745 etiam
1636 5693 1909 5751 Zonaras.

510 5760 567 5833 (5)
596 5761 691 5833 ita
723 5760 850 5833 cod.
884 5762 955 5815 At
988 5761 1242 5816 Zonaras
1275 5763 1652 5833 Πομπηϊανός.

487 5832 563 5902 (7)
595 5830 681 5887 Ita
708 5832 837 5887 cod.

2093 634 2148 702 A

2104 2003 2151 2069 Β

2111 3368 2153 3437 C

2108 4732 2155 4797 D

2356 628 2724 707 ’Δνδράποδόν
2754 650 2804 684 τι
2840 631 3093 706 Πριήπου
3127 630 3409 692 Διονύσου.

2350 720 2566 783 ’Δλλος
2596 743 2679 784 τις
2712 715 2884 783 ὅντως
2916 718 3344 795 Σαρδανάπαλος
3372 721 3635 796 τρόπους,

2349 808 2659 885 Θηλυδρίας
2688 832 2769 873 τις
2800 808 3081 884 ἐκδεδιῃτη
3094 812 3277 884 μένος.

2386 930 2854 987 ΔΛΕΞΑΝΔΡΟΣ
2898 930 2941 986 Ο
2983 930 3319 987 ΜΑΜΑΙΑΣ
3362 933 3467 987 ΕΤ.
3512 934 3609 989 ΙΔ’.

2350 1039 2480 1095 Μεθ’
2512 1039 2571 1092 ’ὸν
2603 1037 2885 1113 παρῆλθεν
2913 1038 2987 1100 εἷς
3026 1038 3303 1113 βασίλειον
3333 1041 3532 1114 κράτος

2210 1132 2314 1186 165
2352 1128 2613 1201 Μσμαίας
2648 1125 3002 1201 Ἀλέξανδρος
3032 1123 3269 1189 εὐσεϐεῖς
3299 1124 3471 1184 σέϐων
3507 1149 3519 1163 ·

2349 1219 2570 1291 Μητρὸς
2599 1217 2699 1292 γὰρ
2733 1216 2896 1272 αὐτοῦ
2929 1217 3185 1289 Μαμαίας
3216 1218 3579 1290 πιστευσάσης

2352 1306 2733 1369 Διδασκαλίαις
2763 1312 2881 1367 ταῖς
2910 1312 3101 1383 σοφαῖς
3133 1309 3471 1382 Ὠριγένους,

2354 1400 2527 1470 Γιμῆς
2557 1396 2861 1467 κατηξίωτο
2894 1400 3099 1450 πιστῶν
3134 1398 3196 1451 τὸ
3228 1398 3438 1475 στίφος.

2468 1515 2883 1571 ΜΛΞΙΜΙΝΟΣ
2916 1518 3033 1572 ΚΑΙ
3064 1516 3278 1571 ΑΛΛοΙ
3310 1515 3416 1571 ET.
3451 1516 3522 1569 1".

2355 1618 2565 1675 Τούτου
2596 1618 2890 1694 σφαγέντος
2917 1617 3290 1674 ἀναδείκνυται
3313 1620 3531 1694 κράτωρ

2217 1710 2321 1764 170
2359 1706 2661 1779 Θεοστυγής
2689 1727 2771 1768 τις
2805 1707 3116 1779 Μαξιμῖνος
3155 1705 3446 1779 μαινόλης,

2356 1798 2540 1855 Ὅστις
2581 1792 2823 1870 διωγμὸν
2859 1794 3101 1869 χαλεπὸν
3132 1794 3548 1870 Χριστωνύμοις

2360 1888 2618 1955 Κινήσας,
2652 1884 2897 1959 ἀπέφηνε
2931 1884 3207 1962 μάρτυρας
3240 1885 3420 1946 ὅσους.

2362 1972 2468 2028 Σὺν
2497 1969 2736 2047 Ἀλϐίνῳ
2768 1977 2872 2049 (5')
2903 1975 3158 2047 Μάξιμος
3188 1971 3317 2050 ἔσχε
3345 1975 3407 2030 τὸ
3438 1971 3637 2048 κράτος

2362 2064 2464 2121 Καὶ
2495 2065 2814 2136 [Ιομπιανὸς
2843 2066 2920 2138 (6)
2953 2063 3219 2136 Πουπλίῳ
3247 2063 3340 2118 σὺν
3374 2057 3653 2133 Βαλϐίνῳ.

2701 2179 3081 2237 ΓΟΡΔΙΑΝΟΣ
3112 2184 3209 2235 ET.
3248 2184 3306 2246 ζ’.

2222 2296 2326 2350 175
2363 2292 2563 2363 Ὦνπερ
2598 2285 2863 2351 θανόντων
2900 2285 3160 2353 ζώννυται
3185 2284 3522 2359 κραταρχίαν

2362 2379 2656 2442 Γοοδιανός
2681 2398 2763 2439 τις
2797 2378 2891 2432 σὺν
2918 2376 3202 2448 ὁμωνύμῳ
3225 2374 3397 2445 τέκνῳ
3429 2393 3442 2405 ·

2364 2473 2480 2549 Ἐφ’
2507 2471 2578 2525 ὧν
2614 2471 2641 2524 ὁ
2676 2468 2933 2544 λαμπρὸς
2964 2466 3015 2521 έν
3049 2463 3237 2539 λόγοις
3268 2462 3549 2539 Ὠριγένης

2363 2564 2465 2619 Ἦν
2500 2556 2830 2615 ἐκδιδάσκων
2866 2555 3069 2629 μύστας
3098 2552 3151 2608 ἐν
3179 2549 3517 2624 Παλαιστίνῃ
3553 2568 3565 2582 ’

2368 2652 2570 2724 Οἴσπερ
2602 2647 3008 2720 συνηρίθμηντο
3041 2643 3290 2716 σύγγονοι
3323 2637 3419 2694 δύο

2223 2743 2327 2799 180
2364 2741 2426 2797 Ὁ
2482 2739 2771 2813 Γρήγορος
2828 2738 2954 2795 νοῦς
3011 2733 3089 2807 (7)
3149 2726 3597 2869 ΘαυματουργὸςΓ
3638 2726 3843 2869 {06ml-

3602 2836 3636 2869 κ
3676 2835 3766 2869 ην.

3602 2835 3742 2869 κΛην

3602 2818 3671 2869 κλ
3715 2835 3766 2882 ν,

2364 2920 2508 2997 Πρὸς
2538 2916 2584 2974 δ’
2616 2916 2681 2973 αὖ
2713 2911 3093 2987 Ἀθηνόδωρος
3125 2909 3235 2986 οὐχ
3263 2908 3441 2978 ἥττων
3472 2818 3708 2983 λόγίιυςῗἱ

2725 3029 3071 3088 ΦΙΛΙΠῐιοΣ
3103 3026 3216 3084 ET.
3240 3025 3300 3093 ζ’.

2367 3144 2501 3207 Μεθ’
2532 3139 2623 3203 οὓς
2657 3137 2939 3199 Φίλιππος
2970 3134 3203 3207 εὐμενὴς
3231 3128 3669 3204 Χριστωνύμοις,

2364 3230 2592 3288 Μᾶλλον
2628 3228 2685 3284 δὲ
2718 3230 2934 3304 Χριστῷ
2966 3218 3337 3299 προσδραμεῖν
3365 3220 3510 3292 αἱρεῖ
3534 3214 3719 3292 λόγος,

2369 3321 2568 3397 Εὖχῶν
2598 3340 2658 3373 τε
2685 3320 2899 3376 πιστοῖς
2931 3312 3340 3385 συμμετασχεῖν
3372 3306 3644 3379 ἀσμένως,

2230 3414 2332 3469 185
2371 3411 2469 3465 Καί
2500 3410 2551 3464 οἱ
2584 3401 2940 3483 θριαμϐεὖσαί
2971 3423 3029 3476 γε
3057 3400 3124 3455 τὰ
3153 3397 3511 3472 πεπραγμένα
3540 3416 3552 3428 ·

2368 3499 2597 3561 Ἀλλως
2625 3492 2907 3571 προέδρων
2935 3488 3092 3545 τόνδε
3119 3489 3193 3561 μὴ
3231 3484 3588 3560 δεδεγμένων.

2364 3592 2432 3667 ’ῼ
2466 3587 2672 3661 Βόστρα
2701 3582 2917 3658 πατρὶς,
2954 3581 3013 3634 οὗ
3044 3577 3229 3667 κτίσας
3260 3572 3381 3667 ἔχει
3411 3573 3573 3667 πόλιν

2362 3661 2459 3732 ἻΪν
2487 3678 2590 3736 πᾶς
2623 3670 2908 3728 Φιλίππου
2936 3664 3096 3737 τήνδε
3126 3665 3355 3742 φημίζει
3386 3661 3571 3717 πόλιν.

2748 3785 3003 3842 ΔΕΚΙΟΣ
3048 3782 3155 3838 ET.
3196 3779 3275 3836 A'.

2361 3901 2493 3958 Εἶτα
2520 3896 2705 3959 Δέκιος
2729 3897 2825 3948 τοῦ
2855 3891 3086 3967 κράτους
3119 3883 3479 3961 δεδραγμένος

2224 3997 2324 4051 190
2362 3991 2533 4054 Εὐθὺς
2564 3987 2803 4061 διωγμὸν
2837 3980 2973 4039 κατὰ
3000 3981 3206 4035 πιστῶν
3236 3975 3451 4051 ἐκφέρει
3486 3994 3498 4006 ·

2359 4084 2455 4139 Ὃν
2487 4082 2565 4152 (8)
2593 4074 2894 4151 ὑπερέσχον
2928 4068 3185 4143 εὐψύχως
3214 4061 3595 4139 ἠνδρισμένοι,

2364 4167 2671 4244 Κυπριανός
2698 4186 2757 4219 τε
2786 4156 3033 4220 Βαϐύλας
3062 4156 3152 4212 καὶ
3190 4154 3375 4230 μυρίοι
3411 4173 3426 4188 ο

2360 4240 2639 4327 ’Ἡττηντο
2672 4252 2718 4308 δ’
2740 4252 2927 4321 ἄλλοι,
2958 4248 3048 4303 καὶ
3079 4244 3248 4305 τάλας
3276 4240 3553 4318 Ὠριγένης
3589 4258 3602 4271 ·

2359 4348 2485 4404 Τότ¹
2515 4346 2581 4415 ἦν
2615 4343 2863 4403 Ναυάτος
2891 4340 2967 4412 (9)
2992 4339 3026 4406 ἡ
3065 4335 3448 4410 μισάνθρωπος
3480 4329 3661 4403 φύσις,

2225 4441 2328 4496 195
2367 4434 2699 4504 Έκκλησίας
2728 4429 2774 4485 δ’
2808 4429 2882 4483 ὣν
2914 4425 3209 4499 Ῥωμαίων
3240 4416 3547 4491 θυηπόλος,

2364 4529 2604 4598 Ἔφασκε
2638 4523 2713 4594 μὴ
2748 4519 2857 4574 δεῖν
2895 4514 3149 4592 βασάνοις
3178 4511 3466 4598 τεθυκότας

2362 4596 2768 4670 Μετανοοῦντας
2799 4603 3200 4681 προσδέχεσθαι
3229 4596 3470 4666 καθάπαξ
3500 4611 3514 4625 ⁸

2360 4706 2427 4760 Ὃ
2460 4701 2729 4775 ΙΙατράσιν
2762 4694 2911 4766 ἔδοξε
2939 4693 3170 4752 πίστεως
3200 4689 3357 4752 νόθον

2369 4792 2466 4847 Καὶ
2500 4774 2587 4864 μήγ
2612 4785 2931 4863 μεταγνοὺς,
2966 4782 3354 4855 ἐκκεκήρυκται
3382 4774 3571 4838 τάλας.

2450 4911 2721 4962 ΓΑΛΛΟΣ
2753 4906 2869 4959 ΚΑΙ
2899 4898 3315 4958 ΑΙΜΙΛῙΑΝΟΣ
3348 4895 3460 4949 ΕΤ.
3492 4892 3572 4949 Α’.

2221 5019 2330 5073 200
2366 5014 2490 5073 Βίον
2524 5012 2712 5068 Δεκίου
2742 5008 2831 5064 καὶ
2861 5005 3059 5081 κράτος
3092 4999 3443 5066 λελοιπότος,

2360 5103 2611 5178 Κατῆρξε
2640 5096 2857 5158 Γάλλος
2886 5097 2920 5163 ἡ
2956 5088 3194 5168 βέϐηλος
3224 5085 3443 5178 καρδία,

2363 5176 2537 5268 Βαρὺς
2567 5188 2843 5255 κολαστὴς
2874 5183 3206 5257 Χριστιανῶν
3228 5176 3515 5251 τυγχάνων
3549 5192 3564 5208 ⁸

2361 5266 2693 5354 Αἰμιλιανός
2719 5298 2776 5332 τε
2804 5273 3063 5347 τέτταρας
3100 5277 3275 5343 μῆνας
3314 5266 3477 5354 μόλις
3514 5284 3526 5296 ο

2360 5352 2547 5426 Ἡνίκα
2580 5362 2884 5426 Σαϐέλλιος
2918 5364 2982 5431 ἦν
3017 5360 3204 5421 σκαιὸς
3235 5352 3427 5424 Λίϐυς,

2215 5465 2323 5519 205
2362 5462 2422 5517 Ὁ
2455 5458 2716 5535 σύγχυσιν
2752 5452 2893 5529 δρῶν
2928 5446 3134 5511 ἀσεϐῶς
3165 5447 3214 5503 ἐν
3249 5441 3439 5519 Τριάδι

2357 5530 2861 5617 Θείωνπροσώπων
2892 5541 2983 5595 καὶ
3015 5535 3351 5609 συναλείφων
3388 5530 3593 5608 φύσεις.

2249 5695 2325 5759 (8)
2360 5695 2443 5747 Ita
2464 5693 2588 5747 cod.
2626 5690 2756 5750 Nisi
2790 5687 2975 5743 mavis
3158 5755 3168 5762 _
3225 5757 3234 5762 _

2247 5746 2321 5837 (‘93
2355 5746 2441 5837 lla
2469 5746 2668 5819 eliam‘
2701 5763 2976 5818 Zonoras.
3010 5757 3121 5813 Sed
3154 5749 3575 5823 intelligendus
3631 5746 3827 5821 potius

2176 5836 2553 5895 Novatianus.
