4140 6414
391 465 460 521 21
1936 461 2295 517 caeneus.
3748 476 3820 531 22

566 587 1060 645 ΒΔΛΛΕΡΙΑΝΟΣ
1094 586 1213 643 ΚΑΙ
1244 585 1599 642 ΓΑΛΗΙΝΟΣ
1642 588 1749 642 ET.
1783 584 1886 640 IE'.

581 688 923 763 ΔῖμιΛιανοῦ
955 684 1012 742 δὲ
1043 687 1337 765 σφαγέντος
1365 683 1598 756 ἀθλίως,

580 775 949 852 Βαλλεριανὸ,
981 771 1398 851 παραλαμϐάνει
1425 776 1646 850 κράτος,

573 865 755 942 Βαρὺς
788 863 1032 936 διώκτης
1066 860 1296 918 εὐσεϐῶν
1330 861 1735 936 Χριστωνύμων
1768 879 1783 896 ·

426 958 538 1013 210
573 958 765 1017 "Oa-nc
796 954 1036 1029 ἆγεννως
1067 947 1376 1028 Βαρϐάροις
1409 952 1637 1027 Πέρσαις
1672 953 1826 1026 μάχῃ

572 1042 775 1115 Αλοὺς,
805 1048 934 1115 παρ’
966 1041 1150 1103 αὐτοῖς
1184 1041 1274 1095 τὸν
1309 1038 1426 1116 βίον
1462 1041 1837 1115 καταστρέφει.

573 1132 687 1190 Καὶ
719 1136 848 1194 παῖς
876 1129 1128 1205 παρῆλθε
1161 1127 1436 1199 Γαληῖνος
1470 1128 1546 1191 εἷς
1576 1129 1791 1190 κοάτος.

572 1223 750 1294 Δεξιὸς
792 1222 953 1295 ἀνὴρ,
987 1220 1309 1297 φιλότιμος,
1340 1219 1575 1295 χαρίεις,

572 1309 828 1373 Πολλοὺς
861 1308 1096 1373 ἀνατλὰς
1125 1306 1412 1371 κινδύνους
1443 1307 1495 1364 ἐν
1526 1312 1644 1371 ταῖς
1680 1306 1904 1383 μάχαις.

849 1430 1195 1485 ΚΛΑΥΔΙΟΣ
1240 1428 1345 1484 ET.
1378 1430 1436 1483 A’
1465 1427 1598 1499 (ιο).

421 1535 534 1592 215
572 1535 707 1598 Μεθ’
736 1535 795 1589 ’ὃν
828 1532 1107 1597 Κλαύδιος
1140 1533 1410 1611 ἀρῥεποῦς
1441 1531 1596 1602 δίκης
1625 1531 1819 1610 φύλαξ.

496 1664 500 1669 .
567 1621 792 1699 Κράτωρ
835 1623 1033 1699 ἀγαθὸς
1063 1621 1152 1677 καὶ
1189 1623 1450 1698 μαχητὴς
1481 1618 1757 1697 γεννάδας,

564 1713 791 1775 Πάππος
919 1713 1177 1787 μεγίστου
1305 1712 1573 1785 κράτορος

1689 1802 1801 1873 [νου
1835 1800 1967 1872 (11).

869 1900 1312 1958 ΔΥΡΗΛΙΛΝΟΣ
1344 1900 1456 1955 ET.
1488 1902 1548 1966 ζ’.

564 1987 776 2045 Τούτου
802 1988 1228 2060 τελευτήσαντος
1256 1988 1308 2043 ἐν
1333 1986 1661 2062 κραταρχίᾳ,

562 2076 910 2153 Αύρηλιανὸς
944 2076 1214 2151 δυσμενὴς
1248 2075 1665 2147 Χριστωνύμοις

413 2166 524 2220 220
559 2166 634 2221 Τὰ
661 2173 911 2241 σκῆπτρα
930 2164 1241 2243 παρείληφε
1267 2171 1367 2235 τῆς
1398 2162 1697 2237 αὐταρχίας
1729 2181 1743 2195 ο

557 2256 760 2311 Τούτου
789 2259 1112 2332 κρατοῦντος
1141 2252 1358 2311 Παῦλον
1390 2251 1708 2325 Σαμοσατέσ

556 2336 750 2408 Κακῶς
781 2349 1083 2422 φρονοῦντα
1108 2342 1358 2415 Ηατέρων
1388 2343 1529 2402 θεῖος
1555 2341 1742 2417 στίφος

550 2433 851 2504 Ἐπάρατον
882 2433 1065 2503 τίθησι
1096 2431 1187 2487 καὶ
1222 2428 1544 2507 βδελυκτέον
1580 2448 1593 2461 ο

548 2522 659 2591 Τῆς
693 2518 740 2576 δ’
770 2523 1066 2596 Ἀντιόχου
1096 2517 1358 2593 καθέδρας
1390 2516 1779 2593 δεδραγμένον,

400 2610 512 2665 225
548 2611 654 2665 Καὶ
683 2608 848 2681 τήνδε
881 2610 974 2685 βίᾳ
1003 2610 1253 2685 κατέχειν
1284 2609 1591 2685 ᾑρημένον,

542 2699 790 2762 Πεισθεὶς
816 2700 843 2753 ὁ
872 2703 1087 2775 κρατῶν
1120 2692 1354 2753 εὐσεϐῶν
1388 2694 1612 2771 ἐντυχίᾳ

542 2794 783 2865 Γραφαῖς
812 2790 1027 2864 ἀτίμως
1060 2788 1332 2861 ἐξελαύνει
1360 2793 1457 2844 τοῦ
1488 2787 1705 2862 θρόνου.

937 2909 1209 2963 ΠΡΟΒΟΣ
1238 2907 1347 2962 ΕΤ.
1384 2906 1446 2973 ζ’.

540 2994 756 3071 Βραχὺν
788 2995 989 3071 χρόνον
1013 2997 1258 3067 Τάκητος
1292 2996 1427 3069 ἀνὴρ
1460 2990 1789 3071 πρεσϐύτης.

540 3084 670 3140 Εἶτα
700 3080 913 3160 Πρόϐος
942 3086 1054 3158 (12)
1086 3106 1170 3147 τις
1204 3083 1360 3160 φίλος
1395 3085 1565 3158 έρμοῦ
1596 3083 1685 3137 καὶ
1720 3084 1907 3158 μάχης

389 3174 502 3228 230
538 3169 883 3246 Παραλαϐὼν
910 3170 1058 3237 ἴθυνε
1085 3174 1186 3242 τὴν
1213 3171 1574 3247 κραταρχίαν,

537 3268 737 3337 Πρᾶος,
770 3258 1189 3338 μεγαλόψυχος,
1217 3263 1452 3335 εὐμενὴς
1480 3259 1699 3337 κράτωρ
1734 3279 1749 3293 ⁸

534 3351 607 3404 Οῦ
636 3356 756 3414 ταῖς
786 3353 903 3407 κατ’
932 3351 1147 3426 ἐχθρῶν
1171 3346 1605 3425 ἐμϐραδύνοντος
1640 3350 1864 3425 μάχαις,

534 3444 777 3515 Στρατοῦ
809 3437 865 3495 δέ
900 3442 1127 3515 βρωτῶν
1157 3437 1564 3502 κινδυνεύοντος
1590 3438 1800 3510 σπάνει,

530 3528 649 3585 Ἐπ’
674 3528 834 3583 αὐτὸν
866 3527 1195 3584 ἐκλείποντα
1224 3529 1377 3602 λιμῷ
1408 3530 1596 3584 σιτίων

377 3617 490 3672 235
527 3611 776 3692 ’Όμϐρον
807 3617 941 3690 σίτῳ
972 3616 1283 3691 σύμμικτον
1313 3613 1591 3693 ὀμϐρῆσαι
1625 3617 1795 3694 λόγος

527 3706 627 3760 Τὸν
661 3706 855 3779 ὑψόθεν
888 3705 1164 3781 βλύσαντα
1193 3711 1273 3778 τῷ
1304 3705 1426 3779 λαῷ
1462 3706 1649 3780 μάννα,

527 3799 697 3873 ᾬπερ
726 3801 1016 3873 τραφεῖσαν
1043 3795 1295 3871 στρατιὰν
1328 3795 1628 3872 ἐνισχῦσαι.

344 3913 577 3968 ΚΑΡΟΣ
683 3912 801 3967 ΚΑΙ
890 3911 1389 4039 ΝΟΥΜέξΙὲᾙΟΣ
1496 3917 1616 3967 ΚΑΙ
1704 3915 2001 3969 ΚΑΡΙΝΟΣ

1116 3989 1173 4041 Τ.
1202 3984 1273 4041 Β’.

525 4073 656 4127 Μεθ’
688 4072 749 4126 ’όν
782 4070 961 4145 Κάρος
991 4091 1072 4133 τις
1098 4069 1352 4146 γεννάδας
1386 4070 1477 4126 σὺν
1508 4070 1673 4127 υἱέσιν

523 4162 683 4231 ’Ἄναξ
715 4159 938 4236 ἐδείχθη
971 4157 1307 4236 παραλαϐὼν
1337 4163 1399 4216 τὸ
1421 4163 1617 4233 κράτος
1654 4181 1665 4193 ·

372 4252 485 4306 240
521 4252 891 4324 Νουμεριανὸς
924 4249 1170 4326 ἑκδαρεὶς
1201 4250 1366 4305 ἀσκοῦ
1401 4248 1580 4321 δίκην,

520 4340 765 4417 Δηφθεὶς
795 4341 923 4414 παρ’
954 4340 1167 4414 ἐχθρῶν
1201 4338 1566 4414 αἶ’χμάλωτος
1600 4342 1674 4403 ὡς
1708 4338 1875 4416 λόγος
1910 4362 1922 4373 ·

520 4428 620 4486 Καὶ
655 4432 887 4504 Καρῖνος
919 4426 1227 4504 αἵσχιστος,
1261 4429 1477 4500 ἀπηνὴς
1509 4428 1650 4500 Λίαν,

515 4519 921 4593 Χριστωνύμων
946 4516 1195 4594 ὄλεθρος,
1227 4515 1358 4595 ἔσχε
1384 4520 1447 4575 τὸ
1476 4518 1675 4593 κράτος
1709 4541 1721 4554 ο

520 4609 637 4685 Ἐφ’
658 4607 721 4663 οὗ
749 4605 1028 4670 λελοιπὼς
1054 4604 1287 4682 Περσίδα
1316 4608 1508 4679 Μάνης
1534 4608 1701 4671 τάλας

368 4698 482 4754 245
518 4694 829 4770 Ῥωμαῒδος
856 4694 1087 4770 κλίμασι
1110 4698 1542 4773 παρεισεφθάρη,

521 4786 727 4847 Κακίας
756 4784 838 4840 ῗὸν
867 4783 1070 4860 ἒξεμῶν
1102 4781 1485 4860 ψυχοφθὸρον,

517 4876 637 4952 Ἀφ’
664 4875 726 4929 οὗ
761 4872 1054 4951 βδελυκτὸν
1082 4869 1327 4946 τοῦνομα
1356 4873 1705 4949 Μανιχαίων.

777 4992 1294 5049 ΔΙΟΚΛΗΤΙΑΝΟΣ
1328 4993 1434 5048 E’l‘.
1469 4993 1543 5063 K',

517 5081 671 5137 Μετᾶ
702 5077 759 5134 δὲ
782 5081 988 5135 τούτων
1020 5082 1055 5150 ἡ
1093 5079 1319 5156 μεγίστη
1357 5080 1544 5153 μανίαν

512 5171 630 5237 Τὴν
659 5168 796 5223 κατὰ
823 5170 1067 5242 Χριστοῦ
1100 5166 1231 5231 δυὰς
1258 5170 1291 5238 ἡ
1322 5169 1610 5243 τρισαθλία

356 5262 471 5317 250
511 5262 732 5333 Βρονῶν
768 5256 978 5332 ἐριννὺς
1009 5258 1329 5331 αἱμοχαρής
1359 5255 1557 5331 καρδία

396 5422 513 5493 (10)
545 5420 693 5475 Male
724 5420 1019 5493 inicodice
1054 5420 1147 5490 ια’,
1178 5421 1460 5477 undecim;

394 5496 515 5563 (11)
562 5492 890 5565 Eumenius
940 5508 1151 5565 paneg.
1198 5492 1535 5549 Cantantini
1586 5507 1714 5564 cap.
1758 5494 1793 5546 2
1850 5510 1862 5547 :
1914 5494 1990 5549 Ab

321 5569 425 5625 illo
456 5566 606 5621 enim
638 5565 767 5637 divo
815 5563 1055 5637 Claudio
1098 5563 1287 5620 manat
1318 5566 1379 5619 in
1415 5570 1470 5620 te
1518 5563 1676 5620 avita
1704 5568 1988 5637 cognatio,

318 5638 425 5714 qui
454 5635 694 5714 Roman}
723 5637 951 5714 imperii
978 5636 1212 5692 solutam
1241 5640 1295 5692 et
1325 5637 1604 5706 perditam
1634 5635 1989 5709 dsscz'plinam

318 5708 929 5787 ἱινξηὶιέεἰείονηιέιρίι·

397 5781 519 5854 (12)
550 5775 691 5837 Cod.
727 5775 990 5852 Φλῶρος,
1021 5779 1149 5836 sine
1180 5779 1359 5836 dubio
1390 5796 1496 5852 pro
1523 5780 1828 5839 Florianus
1851 5782 1986 5849 ;sed

1700 1715 1817 1764 Κων
1827 1708 2043 1763 σταντί-

2082 587 2137 655 Α
2323 586 2784 649 VALERIANUS
2820 592 2912 650 ET
2953 595 3346 654 GALLIENUS
3384 598 3499 656 AN.
3541 601 3658 657 XV.

2166 686 2299 743 Post
2326 686 2708 745 Emilianum
2742 692 2956 749 misere
2988 694 3361 751 interfectum

2162 777 2420 848 suscepit
2450 777 2763 849 imperium
2799 782 3166 852 Valerianus,

2161 865 2355 935 gravis
2387 868 2615 937 piorum
2647 876 2981 941 persecutor
3001 872 3472 931 Christianorum
3509 894 3522 932 :

2161 956 2260 1024 qui
2293 956 2558 1012 barbaris
2590 975 2624 1013 a
2655 958 2848 1014 Persis
2880 960 2937 1014 in
2973 960 3173 1031 praelio
3199 964 3455 1035 turpiter

2160 1048 2391 1115 captus,
2422 1048 2575 1117 apud
2601 1047 2761 1119 ipsos
2792 1048 2971 1104 vitam
3005 1050 3214 1107 ﬁnivit.

2158 1132 2423 1189 Obtinuit
2454 1141 2649 1192 autem
2685 1137 2998 1207 imperium
3028 1141 3332 1199 Gallienus
3362 1142 3540 1208 ﬁlius,

2155 1224 2244 1278 vir
2271 1224 2490 1291 dexter,
2525 1224 2785 1281 liberalis
2815 1231 2871 1281 et
2900 1229 3191 1296 amabilis,

2155 1311 2257 1383 qui
2290 1312 2547 1385 pericula
2578 1314 2635 1369 in
2669 1314 2863 1386 praelis
2895 1317 3082 1373 multa
3112 1319 3375 1390 pertulit.

2678 1432 3038 1490 CLAUDIUS
3068 1436 3187 1491 AN.
3221 1436 3261 1491 Ι.

2150 1539 2297 1594 Exin
2327 1540 2609 1597 Claudius
2632 1542 2742 1597 fuit
2763 1543 3012 1613 justitiaa
3044 1544 3253 1599 ﬁrmus
3285 1549 3507 1614 custos,

2150 1629 2425 1700 princeps
2454 1630 2642 1686 bonus
2672 1635 2731 1687 et
2759 1631 3007 1688 bellator
3034 1637 3335 1705 strenuus,

2149 1718 2385 1773 maximi
2419 1719 2701 1791 principis
2732 1721 3099 1778 Constantini
3134 1739 3299 1779 avus.

2590 1907 3050 1965 AURELIANUS
3087 1910 3204 1965 AN.
3250 1910 3342 1967 Vl.

2068 1954 2115 2019 Β
2146 1996 2463 2066 Postquam
2496 1995 2591 2051 hic
2628 1996 2690 2051 in
2723 2013 2988 2069 purpura
3013 1954 3196 2054 vitam
3230 1954 3465 2066 clausit,

2142 2085 2494 2141 Aurelianus
2523 2085 2994 2143 Christianorum
3026 2088 3157 2143 odio
3188 2087 3456 2144 imbutus

2143 2172 2363 2229 summi
2395 2174 2626 2246 imperii
2655 2182 2952 2246 sceptrum
2985 2180 3215 2247 gestare
3247 2178 3444 2250 coepit.

2138 2261 2218 2317 Eo
2248 2267 2532 2334 regnante
2561 2263 2808 2319 Paulum
2841 2264 3311 2321 Samosatensem

2139 2367 2315 2421 prava
2346 2352 2697 2407 sentientem
2727 2353 2962 2408 Patrum
2995 2354 3229 2410 divinus
3260 2356 3476 2411 chorus

2134 2439 2316 2495 edixit
2346 2456 2475 2496 esse
2508 2440 2887 2499 maledictum
2919 2447 2976 2497 et
3004 2444 3425 2499 exsecrabilem
3458 2463 3472 2500 :

2132 2530 2234 2599 qui
2265 2545 2399 2583 cum
2429 2530 2854 2585 Antiochenam
2880 2532 3196 2588 invasisset
3224 2534 3561 2589 cathedram

2132 2618 2518 2688 eamdemque
2540 2619 2827 2675 niteretur
2855 2619 2909 2673 vi
2942 2620 3213 2689 retinere,

2129 2706 2358 2777 piorum
2389 2706 2679 2778 legatione
2709 2712 3011 2778 permotus
3038 2708 3360 2780 imperator

2129 2794 2329 2850 missis
2358 2794 2571 2850 litteris
2602 2796 2741 2851 sede
2769 2797 3019 2867 turpiter
3048 2813 3183 2852 eum
3216 2798 3405 2868 ejecit.

2661 2911 2943 2967 PROBUS
2982 2913 3101 2967 AN.
3144 2915 3235 2969 VI.

2126 3000 2290 3055 Brevi
2322 2999 2586 3071 regnavit
2615 3001 2877 3066 Tacitus,
2909 3001 2998 3057 vir
3028 3002 3397 3072 grandaevus.

2123 3089 2262 3144 Dein
2297 3088 2523 3157 Florus,
2558 3094 2617 3144 et
2646 3105 2781 3144 mox
2810 3091 3033 3145 Probus
3066 3090 3223 3145 domi
3257 3091 3513 3162 bellique

2122 3179 2335 3251 bonus,
2369 3195 2491 3234 rem
2524 3178 2699 3249 coepit
2730 3178 3030 3250 publicam
3062 3179 3412 3249 gubernare.

2124 3266 2281 3324 Mitis
2312 3267 2408 3322 hic
2439 3271 2564 3323 erat
2596 3268 2890 3339 princeps,
2924 3267 3365 3340 magnanimus,
3397 3268 3732 3333 benevolus,

2124 3355 2224 3427 qui
2254 3358 2395 3411 dum
2430 3358 2729 3413 diuturnis
2759 3356 3138 3412 distineretur
3164 3356 3356 3428 bellis,

2121 3445 2489 3518 periclitante
2521 3446 2776 3501 exercitu
2806 3451 3244 3501 commeatuum
3278 3446 3547 3517 penuria,

2111 3536 2359 3605 jamque
2388 3535 2799 3590 deﬁcientibus
2831 3536 2906 3590 ob
2938 3536 3153 3590 famem
3184 3536 3432 3601 viribus,

2118 3625 2308 3680 imber
2337 3624 2686 3680 commistus
2715 3624 2909 3680 tritico
2942 3625 3231 3681 decidisse
3263 3625 3481 3681 dicitur

2117 3712 2351 3769 caeleste
2384 3729 2601 3769 manna
2631 3713 3001 3771 multitudini
3033 3715 3368 3779 effundens,

2114 3820 2225 3874 quo
2259 3806 2465 3875 pastus
2495 3803 2646 3858 vires
2678 3802 2959 3874 pristinas
2980 3803 3200 3874 recepit
3232 3803 3419 3859 miles.

2165 3917 2421 3986 CARUS,
2462 3917 2953 3988 NUMERIANUS,
2996 3920 3084 3975 ET
3123 3920 3430 3976 CARINUS
3468 3920 3589 3976 AN.
3634 3922 3703 3977 II.

2180 4078 2363 4134 Carus
2395 4077 2627 4143 deinde,
2658 4078 2745 4133 vir
2775 4082 3076 4146 strenuus,
3110 4096 3242 4134 cum
3277 4078 3403 4135 suis
3443 4078 3648 4134 liberis

2108 4167 2333 4238 regium
2366 4183 2574 4221 nomen
2608 4183 2742 4221 cum
2776 4168 3039 4238 potentia
3068 4168 3311 4239 excepit.

2107 4256 2467 4313 Numeriano
2499 4255 2734 4328 quidem
2769 4257 2924 4328 apud
2958 4256 3158 4312 hostes
3191 4259 3443 4328 captivo.

2106 4345 2268 4401 Cutis
2299 4346 2560 4402 detracta
2591 4346 2826 4410 dicitur,
2859 4346 3011 4402 utris
3042 4347 3247 4403 instar.

2104 4433 2351 4490 Carinus
2379 4434 2762 4505 turpissimus
2794 4440 2851 4491 et
2881 4434 3137 4491 crudelis
3168 4437 3506 4492 admodum.

2102 4523 2693 4596 Christianorumque
2724 4526 2928 4596 pestis,
2960 4527 3273 4599 imperium
3308 4527 3519 4583 tenuit.

2103 4612 2224 4668 Sub
2255 4629 2322 4668 eo
2358 4614 2556 4670 Manes
2588 4614 2969 4671 calamitosus
3002 4615 3209 4672 relicta
3239 4615 3477 4672 Perside

2027 4683 2075 4748 D
2108 4703 2181 4758 ad
2215 4702 2508 4759 Romanas
2539 4706 2727 4759 terras
2758 4704 3019 4775 adrepsit
3043 4721 3334 4761 venenum
3362 4722 3639 4762 evomens

2104 4791 2504 4862 improbitatis
2534 4809 2677 4859 sua,
2710 4793 3025 4850 animabus
3053 4794 3563 4861 exitiosissimum,

2102 4880 2184 4935 Ex
2212 4879 2321 4936 hoc
2350 4879 2807 4937 Manichaeorum
2839 4882 3009 4938 ﬂuxit
3038 4883 3256 4939 infame
3288 4899 3524 4939 nomen.

2508 4995 3035 5053 DIOCLETIANUS
3071 4997 3190 5053 AN.
3232 4996 3346 5054 XX.

2100 5084 2204 5140 His
2235 5084 2563 5153 exstinctis,
2596 5086 2788 5140 furere
2818 5086 2876 5139 in
2908 5086 3205 5142 Christum
3238 5088 3414 5159 ccepit

2100 5174 2337 5244 gemina
2368 5172 2707 5230 mortalium
2734 5174 2983 5246 Erynnis
3016 5179 3192 5246 atque
3220 5177 3498 5248 maxima,

2100 5262 2427 5318 tristimum
2459 5263 2795 5318 animorum
2828 5267 2886 5318 et
2908 5263 3393 5321 cruentissimum

2098 5426 2295 5501 tamen
2312 5423 2992 5501 gonsequenteslaudes
3026 5426 3197 5501 Probo
3228 5434 3583 5501 congruunt,
3604 5433 3753 5489 teste

2099 5494 2273 5567 etiam
2309 5496 2551 5567 Zonara.
2588 5496 2654 5550 Et
2684 5496 2921 5567 quidem
2946 5499 3153 5553 Probus
3183 5494 3462 5555 scribitur
3492 5502 3549 5557 in
3569 5494 3746 5558 codi-

2100 5566 2183 5620 cis
2216 5565 2619 5635 lemmatibus,
2671 5565 2786 5624 non
2836 5570 3027 5625 Florus
3079 5576 3181 5624 aut
3235 5572 3555 5629 Florz'anus.
3611 5575 3747 5629 Exi-

2099 5638 2274 5716 stimo
2295 5638 2704 5716 igitur_unum
2736 5656 2966 5716 versum
2998 5642 3305 5716 excidisse,
3332 5646 3390 5699 in
3423 5660 3539 5716 quo
3571 5649 3747 5703 aFlo-

2096 5711 2258 5765 riano
2288 5709 2464 5765 fiebat
2492 5711 2743 5767 tansitus
2771 5712 2842 5767 ad
2875 5714 3138 5769 Probum.
