4140 6428
345 433 418 489 23
1560 434 1933 491 ΕΡΗΒΕΜΠ
1968 437 1980 482 t

2139 426 2547 483 )NOGRAPHI
3700 430 3774 487 ει,

351 577 477 632 par,
514 560 913 617 Diocletianus
947 561 1170 619 scilicet
1197 566 1253 618 et
1280 561 1694 627 Maximianus,

350 652 585 704 utentes
617 650 778 721 regia
808 655 1095 722 potestate
1125 651 1460 708 crudeliter.

353 738 422 792 Et
454 738 611 807 prior
642 739 882 809 quidem
916 740 1185 795 obscuris
1217 742 1275 796 in
1308 740 1600 796 Dalmatia
1622 737 1856 811 genitus

357 828 724 898 parentibus,
758 827 955 883 servili
981 829 1163 900 stirpe
1196 835 1251 884 et
1282 829 1679 900 conspuenda,

361 932 572 972 arcano
604 917 708 971 Dei
742 919 979 974 decreto
1012 919 1321 991 imperium
1359 920 1654 987 obtinuit;

364 1007 534 1076 cujus
567 1007 777 1060 deinde
810 1008 1148 1079 participem
1176 1009 1513 1064 Herculium
1548 1009 1683 1063 fecit

366 1093 786 1151 Maximianum
820 1095 1283 1153 Christianorum
1320 1098 1497 1154 exitio
1531 1101 1754 1152 natum.

366 1184 517 1253 Ergo
549 1182 608 1236 hi
640 1184 755 1237 duo
788 1184 856 1237 ad
882 1185 1196 1255 perniciem
1228 1187 1626 1257 conspirantes

371 1271 865 1343 Christianorum,
892 1273 978 1327 vel
1012 1274 1211 1344 potius
1237 1274 1487 1346 propriae
1521 1274 1750 1341 animai,

371 1359 842 1431 persecutionem
876 1368 1323 1417 commoverunt
1355 1362 1741 1432 asperrimam
1774 1378 1787 1428 ;

370 1447 797 1518 turmatimque
828 1465 932 1519 per
961 1448 1209 1520 populos
1240 1450 1863 1521 ingentemnumerum

377 1540 701 1608 martyrum
736 1538 1055 1593 eﬂ‘ecerunt
1079 1538 1429 1594 certantium
1460 1540 1688 1595 fortiter
1719 1556 1731 1592 :

373 1626 739 1680 voluntarias
772 1643 983 1697 nempe
1011 1628 1283 1683 victimas
1314 1633 1372 1684 et
1403 1630 1776 1700 purissimas,

379 1714 607 1769 animas
640 1730 1068 1788 usquequaque
1090 1721 1361 1788 acceptas
1391 1717 1661 1773 Domino.

379 1804 557 1859 Porro
589 1808 835 1873 uterque
865 1810 1139 1875 regnator
1167 1822 1449 1877 generum
1482 1806 1594 1861 sibi
1627 1805 1768 1877 legit

381 1894 473 1948 cui
507 1893 804 1963 propriam
839 1892 1145 1950 collocavit
1174 1894 1446 1950 dilectam
1482 1894 1662 1950 tiliam
1702 1911 1713 1949 :

384 1980 777 2036 Maximianus
809 1981 1065 2038 nobilem
1099 1984 1509 2040 Constantium
1540 1983 1819 2039 Chlorum

385 2069 484 2139 qui
518 2069 756 2124 maximi
787 2073 1153 2127 Constantini
1186 2090 1398 2144 parens
1429 2073 1541 2128 fuit
1572 2094 1585 2140 ;

386 2157 787 2215 Diocletianus
817 2164 1015 2215 autem
1048 2162 1455 2230 Maximinum,

389 2247 484 2301 cui
516 2245 745 2302 Galerio
779 2264 1012 2319 quoque
1044 2266 1253 2305 nomen
1284 2256 1428 2307 erat.

391 2336 581 2406 Atque
612 2334 702 2391 bis
731 2338 992 2392 Caesarea
1021 2338 1283 2410 dignitas
1310 2344 1396 2395 est
1427 2340 1673 2396 tributa.

390 2424 521 2480 Jam
555 2440 690 2479 cum
722 2424 1117 2483 Christianam
1148 2428 1524 2500 exstinguere
1553 2430 1898 2503 religionem

392 2514 628 2585 tyranni
659 2515 775 2568 duo
807 2532 923 2569 non
954 2521 1215 2587 possent,
1245 2526 1525 2575 conantes
1557 2519 1715 2585 licet,

395 2603 815 2659 abdicaverunt
850 2604 1000 2663 ultro
1032 2606 1380 2679 dignitatem
1413 2626 1606 2676 suam,

396 2692 845 2764 Caesaribusque
878 2695 1193 2767 imperium
1227 2699 1625 2768 permiserunt
1649 2717 1663 2767 ;

396 2780 479 2836 ita
511 2787 575 2837 ut
603 2782 868 2839 Galerius
901 2785 1139 2856 quidem
1170 2786 1226 2841 in
1260 2791 1380 2844 toto
1408 2788 1665 2858 Oriente,

400 2870 784 2926 Constantius
819 2872 877 2927 in
911 2874 1174 2931 occiduis
1204 2882 1478 2948 regnaret
1509 2877 1797 2949 partibus.

402 2959 541 3012 Erat
570 2959 748 3013 etiam
780 2960 990 3015 tertius
1022 2962 1215 3017 Romae
1241 2967 1528 3034 tyrannus

403 3046 659 3101 Herculii
690 3047 850 3103 ﬁlius
879 3051 1206 3106 Maxentius
1239 3052 1518 3109 furiosus.

403 3139 825 3193 Verumtamen
856 3139 1235 3195 Constantius
1265 3141 1498 3196 cunctis
1530 3141 1799 3213 placidus

408 3224 772 3281 Christianos
796 3226 1081 3297 diligebat
1110 3229 1491 3301 singulariter
1522 3246 1535 3285 :

407 3318 466 3368 at
492 3305 851 3370 Maximinus
884 3316 1275 3387 permolestus
1308 3320 1585 3387 subditis,

410 3403 790 3473 mulierosus,
826 3407 1116 3478 mmchus,
1148 3409 1333 3479 pestis
1366 3409 1624 3481 publica,

412 3491 766 3549 Christianis
798 3498 995 3550 autem
1028 3495 1494 3564 infensissimus,

414 3581 703 3651 ipsorum,
735 3582 847 3637 heu
876 3581 888 3637 l
924 3585 1259 3641 decreverat
1288 3587 1504 3642 caedem
1537 3588 1827 3642 omnium.

419 3670 522 3723 Hic
554 3671 613 3724 in
643 3671 875 3742 imperii
906 3677 1130 3743 partem
1164 3674 1465 3730 advocavit

420 3758 747 3813 Constantii
780 3760 998 3816 foedum
1029 3777 1311 3831 generum
1345 3748 1633 3819 Licinium

425 3846 650 3901 malum
686 3853 1016 3903 monstrum
1049 3855 1107 3904 et
1140 3852 1369 3922 piorum
1402 3851 1668 3907 exitium.

427 3936 543 3991 Hos
574 3936 903 3992 Maxentius
936 3939 1285 4010 adaequabat
1316 3940 1440 3995 suis
1473 3940 1758 4011 moribus,

421 4025 894 4082 Christianorum
925 4026 1134 4092 hostis,
1166 4032 1223 4083 et
1252 4045 1440 4084 saevus
1472 4030 1787 4085 homicida.

425 4114 566 4169 Hem
601 4115 1018 4169 exsecrandam
1053 4116 1319 4187 triadcm,
1352 4117 1585 4189 pietatis
1616 4118 1838 4175 labem!

424 4218 601 4273 quam
636 4212 906 4259 assecuta
936 4209 1024 4259 est
1047 4205 1386 4277 justissima
1419 4206 1563 4264 ultio
1593 4207 1718 4264 Dei.

760 4321 1317 4379 CONSTANTINUS
1358 4324 1476 4380 AN.
1518 4323 1737 4379 XXXII.

426 4419 575 4490 Ergo
608 4420 992 4475 Constantius
1024 4424 1272 4475 mortem
1310 4434 1445 4476 cum
1475 4422 1595 4477 vita
1627 4426 1864 4477 mutans

424 4508 737 4579 imperium
773 4508 893 4564 tilio
925 4509 1310 4565 Constantino
1343 4510 1605 4579 tradidit,

426 4613 600 4669 quem
638 4615 703 4653 ex
736 4598 928 4668 priore
957 4605 1293 4669 susceperat
1323 4599 1553 4654 Helenae
1585 4601 1896 4673 oonjugio;

429 4687 527 4758 qui
556 4687 850 4758 quomodo
883 4687 1219 4759 reipublicae
1254 4687 1552 4759 navigium
1584 4690 1819 4758 rexerit,

428 4776 775 4847 primusque
808 4778 880 4833 ad
914 4776 1215 4833 Christum
1246 4778 1565 4833 Dominum
1616 4796 1715 4835 rex
1745 4782 2077 4851 accesserit,

428 4866 619 4921 dicere
651 4883 765 4921 non
799 4865 930 4931 erit,
964 4869 1029 4920 ut
1058 4881 1208 4934 reor,
1244 4882 1763 4938 supervacaneum,

430 4958 604 5026 atque
637 4954 927 5010 audituris
960 4954 1279 5010 absurdum
1313 4973 1428 5011 non
1460 4956 1776 5013 videbitur.

431 5044 616 5114 Igitur
648 5044 741 5098 hic
764 5043 1193 5114 rempublicam
1228 5062 1260 5099 a
1290 5050 1459 5116 patre
1489 5046 1767 5102 traditam

433 5132 706 5203 praeclare
736 5132 1106 5203 gubernabat
1138 5134 1319 5188 armis
1352 5136 1408 5190 et
1439 5134 1706 5201 consilio,

432 5222 694 5276 nondum
730 5220 1015 5288 initiatus,
1050 5223 1151 5277 sed
1186 5226 1380 5277 tamen
1416 5228 1571 5278 recte
1604 5225 1887 5295 sentiens,

433 5312 585 5381 quod
619 5327 685 5365 ex
715 5311 967 5382 ipsomet
996 5312 1140 5366 satis
1172 5312 1458 5381 conjicere
1491 5312 1721 5381 licebat,

432 5406 606 5472 atque
640 5405 702 5455 ut
732 5416 929 5455 rerum
962 5401 1151 5455 exitus
1182 5401 1394 5455 deinde
1423 5402 1641 5456 docuit.

429 5490 561 5545 Jam
592 5506 725 5544 cum
757 5490 1140 5560 imperatores
1170 5494 1290 5545 tres
1322 5494 1463 5545 tunc
1494 5496 1710 5560 essent,

502 5616 616 5685 (13)
662 5617 746 5671 Ita
795 5616 922 5671 cod.
982 5618 1054 5670 At
1106 5616 1328 5671 Latinis
1376 5621 1466 5672 est
1529 5618 1907 5685 Constantius,
1961 5634 2077 5673 non

432 5686 713 5743 Constans.

2036 557 2091 624 Α
2296 547 2631 622 Μαξιμιανὸς
2662 549 3056 621 Διοκλητιανός
3082 571 3162 621 τε,

2296 642 2479 713 Ὠμῶς
2510 640 2778 715 κατῆρξαν
2810 645 2906 695 τοῦ
2944 640 3225 716 βασιλείου
3252 642 3482 718 κράτους
3518 660 3531 676 °

2292 731 2391 790 ’Ὁς
2421 730 2668 801 πατέρων
2703 729 2802 806 φὺς
2838 727 3103 803 δυσγενῶν
3139 731 3487 805 Δαλματὸθεν

2296 820 2548 891 Ἀσημος
2581 818 2615 887 ἢ
2648 817 2939 895 τρίδουλος
2968 816 3364 898 ἐϐδελυγμένος

2152 911 2260 965 255
2298 912 2431 962 Θεοῦ
2463 908 2743 982 χριμάτων
2775 910 3034 984 τυγχάνει
3066 912 3403 985 κραταρχίας
3442 932 3453 943 ·

2297 999 2401 1059 Ἦς
2436 1000 2811 1072 συμμεριστὴν
2845 999 3170 1074 Ἑρκούλιον
3208 995 3477 1075 λαμϐάνει

2306 1086 2643 1159 Μαξιμιανὸν
2671 1082 2901 1142 εὐσεϐῶν
2939 1089 3225 1164 ἀναιρέτην

2306 1176 2425 1229 Ἐπὶ
2458 1180 2609 1246 κακῴ
2640 1181 2767 1250 γοῦν
2796 1174 2939 1230 τώδε
2970 1180 3413 1249 συμπεπνευκότε

2306 1266 2540 1335 Χριστοῦ
2575 1262 2799 1338 μερίδος
2832 1264 2866 1332 ἢ
2900 1264 3068 1319 πλέον
3104 1269 3249 1341 σφῶν
3279 1264 3525 1341 καρδίας,

2164 1356 2267 1409 260
2307 1354 2561 1427 Διωγμὸν
2596 1353 2868 1427 ἀφόρητον
2904 1353 3267 1428 ἰξηγειρέτην,

2311 1441 2413 1497 Καὶ
2444 1443 2580 1494 κατὰ
2613 1439 2829 1513 δήμους
2860 1439 2966 1496 εἷίτε
2997 1441 3322 1516 χιλιοστύας

2311 1529 2603 1603 Μάρτυρας
2637 1530 2915 1606 ἀπέφηναν
2943 1531 3367 1605 ἠγωνισμένους,

2317 1619 2609 1690 Αὐθαίρετα
2642 1619 2851 1689 θύματα
2885 1631 3088 1693 καθηγν
3101 1621 3291 1693 ισμένα

2313 1709 2602 1780 ⁸Ἐμψυχα,
2636 1705 2947 1779 παντέλεια,
2980 1704 3139 1762 δεκτὰ
3171 1708 3372 1783 Κυρίῳ,

2172 1800 2280 1854 265
2316 1790 2605 1868 Γαμϐροὺς
2640 1791 2766 1855 δυὰς
2798 1793 3022 1870 εἴληφεν
3059 1796 3470 1873 αὐτοκρατόρων

2316 1885 2412 1947 Εἷς
2444 1886 2536 1947 τὰς
2572 1885 2772 1938 ἑαυτῶν
2795 1883 3058 1961 φιλτάτας
3085 1886 3379 1965 θυγατέρας
3412 1909 3425 1924 ⁸

2319 1976 2375 2027 Ὁ
2412 1975 2506 2046 μὶν
2539 1972 2768 2046 Χλωρὸν
2798 1976 3124 2030 Κώνσταντα
3155 1978 3410 2054 λαμπρὸν
3437 1983 3516 2049 τῷ
3544 1980 3683 2054 γένιι

2318 2060 2430 2119 Τοῖ’)
2456 2063 2833 2136 παμμεγίστου
2863 2064 3068 2139 πατέρα
3106 2066 3531 2125 Κωνσταντίνου.

2322 2153 2380 2205 Ὀ
2411 2149 2807 2220 Διοκλητιανὸς
2839 2150 2884 2206 δ’
2918 2154 2980 2206 αὗ
3011 2154 3319 2226 Μαξιμῖνον

2183 2244 2289 2296 270
2327 2242 2426 2302 Ὃς
2454 2242 2543 2295 καὶ
2576 2239 2837 2315 Γαλέριος
2866 2241 2931 2310 ἦν
2966 2241 3229 2313 ἐπικεκλη
3243 2245 3404 2316 μένος
3438 2264 3451 2275 ·
3513 2244 3518 2254 ’

2330 2330 2430 2384 Καὶ
2461 2327 2654 2384 τούσδε
2683 2334 2818 2403 τιμᾷ
2845 2330 2916 2405 τῇ
2948 2331 3223 2408 Καίσαρος
3256 2332 3376 2407 ἀξίᾳ
3399 2354 3412 2365 ⁸

2332 2418 2483 2473 Ἐπεὶ
2518 2417 2575 2472 δὲ
2602 2419 2990 2492 Χριστώνυμον
3022 2420 3120 2475 οὐκ
3146 2422 3270 2490 ένῆν
3304 2418 3488 2477 σϐέσαι

2332 2507 2529 2564 Ηολλὰ
2557 2512 2795 2581 καμοῦσι
2827 2506 3009 2564 τοῖσδε
3037 2509 3321 2586 τυράννοις
3354 2506 3534 2581 σέϐας,

2334 2597 2583 2661 Ἐκόντες
2616 2598 2874 2661 ἀπέθεντο
2905 2601 3006 2668 τὴν
3038 2600 3439 2675 σκηπτουχίαν,

2192 2689 2299 2743 215
2338 2686 2595 2763 Καίσαρσι
2622 2685 2801 2751 δόντες
2832 2686 3031 2745 διέπειν
3063 2690 3130 2744 τὰ
3153 2694 3248 2745 τοῦ
3279 2694 3511 2765 κράτους
3546 2708 3560 2723 °

2337 2776 2549 2850 Ἀρχὴν
2584 2775 2830 2849 Γαλερίῳ
2860 2778 2954 2850 μέν
2980 2779 3196 2848 ἁπάσης
3226 2782 3364 2850 "Em,

2335 2868 2420 2935 Τῷ
2453 2865 2758 2920 Κώνσταντι
2793 2868 2904 2940 (13)
2938 2865 2995 2921 δὲ
3029 2865 3333 2942 βασιλεύειν
3362 2868 3622 2943 Ἑσπέρας
3656 2884 3669 2898 ·

2337 2958 2437 3010 Ἠν
2466 2953 2554 3008 καὶ
2588 2954 2769 3029 τρίτος
2799 2955 3063 3029 τύραννος
3098 2955 3147 3009 έν
3180 2957 3367 3030 Ῥώμῃ
3400 2955 3567 3012 πᾶλιν

2338 3040 2667 3115 Ἑρκουλίου
2699 3049 2827 3104 παῖς
2859 3045 3156 3111 Μαξέντιος
3192 3043 3460 3115 μαινόλης
3494 3064 3538 3095 °.

2199 3133 2305 3187 280
2347 3128 2519 3186 Ἀλλὰ
2552 3131 2810 3193 Κώνστας
2851 3133 2945 3205 μὲν
2981 3132 3212 3204 εὐμενὴς
3246 3132 3313 3199 ἦν
3344 3136 3460 3195 τοῖς
3490 3130 3667 3201 ὅλοις,

2346 3218 2773 3292 Χριστωνύμους
2807 3214 3025 3295 ἔστεργε
3056 3224 3163 3273 τῶν
3198 3218 3384 3275 ἄλλων
3417 3219 3584 3277 πλέον
3616 3241 3629 3253 ·

2088 3285 2131 3354 C
2348 3285 2654 3379 Μαξιμῖνος
2685 3304 2742 3361 δὲ
2774 3285 3044 3383 δυσχερίὴς
3079 3308 3367 3378 ὑπηκόοις,

2352 3397 2792 3467 Γυναικομανής,
2832 3398 3114 3470 μοιχικὸς,
3146 3399 3303 3467 κοινή
3338 3396 3514 3471 λύμη,

2354 3483 2778 3558 Χριστωνύμοις
2810 3481 2867 3537 δὲ
2900 3483 3322 3561 δυσχερέστατος
3356 3485 3505 3557 λίαν,

2210 3575 2317 3629 285
2354 3568 2733 3647 Πάνωλεθρίαν
2767 3571 2938 3629 τῶνδε
2971 3579 3066 3652 φεῦ
3096 3576 3424 3650 κατακρίνας
3454 3596 3464 3606 ·

2358 3661 2623 3715 Κοινωνὸν
2658 3662 2814 3723 οὗτος
2845 3667 2941 3716 τοῦ
2967 3665 3197 3738 κράτους
3224 3659 3640 3738 προσλαμϐάνει

2358 3750 2596 3804 Λικίνιον
2631 3752 2979 3815 Κώνσταντος
3010 3755 3121 3827 (14)
3154 3753 3383 3829 αἰσχρὸν
3416 3753 3648 3832 νυμφίον

2361 3840 2531 3894 Κακόν
2558 3861 2611 3894 τι
2641 3842 2953 3916 τερμέρειον
2986 3845 3097 3916 (15)
3124 3838 3358 3896 εὐσεϐῶν
3392 3844 3591 3917 φθόρον
3622 3861 3636 3875 '

2360 3931 2461 3986 Καὶ
2493 3932 2787 4002 Μαξέντιος
2818 3931 2883 3999 ἦν
2914 3930 3029 3993 ἴσος
3056 3930 3273 3992 τούτοις
3300 3931 3560 4005 τρόπους,

2216 4020 2459 4075 29οΚαὶ
2497 4020 2878 4093 χριστομάχος
2909 4018 2999 4073 καὶ
3031 4020 3319 4095 μιαιφόνος
3352 4019 3518 4077 πλέον
3554 4039 3567 4052 ‘

2362 4108 2531 4180 Τριὰς
2560 4108 2770 4183 ἐναγὴς,
2804 4104 3036 4161 εὐσεϐῶν
3067 4107 3357 4182 ἀναιρέτις,

2361 4200 2567 4271 ’Ήνπερ
2598 4197 2865 4270 μετῆλθεν
2897 4194 3117 4262 ἐνδίκως
3148 4199 3265 4262 θεία
3296 4196 3444 4268 δίκη.

2594 4314 3140 4370 ΚΩΝΣΤΑΝΤΙΝΟΣ
3168 4316 3277 4371 ΕΤ.
3302 4315 3427 4370 AB’.

2367 4412 2422 4463 Ὀ
2452 4411 2632 4464 τοίνυν
2668 4411 2918 4472 Κώνστας
2949 4409 3029 4483 τῷ
3055 4410 3196 4485 γόνῳ
3228 4410 3612 4483 Κωνσταντίνῳ

2364 4498 2487 4553 Βίον
2520 4496 2788 4554 τελευτῶν
2818 4496 3135 4555 καταλείπει
3165 4498 3225 4554 τὸ
3256 4498 3477 4573 κράτος,

2220 4590 2326 4645 295
2362 4591 2459 4645 "Ov
2492 4588 2543 4658 ἐξ
2573 4589 2799 4658 Ἑλένης
2828 4585 2956 4663 ἔσχε
2984 4594 3091 4645 τῶν
3124 4588 3353 4664 πρόσθεν
3383 4591 3577 4663 γάμων
3608 4606 3620 4619 ⁰

2366 4676 2442 4734 Οὐ
2474 4677 2634 4752 χάριν
2664 4678 2832 4733 εἰπεῖν
2866 4678 2928 4733 οὐ
2958 4678 3239 4753 περίεργον
3271 4678 3417 4753 τάχα

2368 4765 2603 4822 Κλύουσι
2634 4769 2967 4843 προσ-γένοιτ’
2999 4766 3057 4822 ἂν
3093 4763 3472 4837 εὐεπηϐόΛως,

2365 4860 2557 4919 "Ome:
2587 4879 2646 4912 τε
2677 4856 2910 4912 διίθυνεν
2944 4856 3125 4931 ἀρχῆς
3154 4857 3217 4911 τὸ
3250 4855 3476 4931 σκάφος,

2365 4947 2463 5000 Καὶ
2496 4944 2866 5021 προσδραμεῖν
2905 4947 3109 5018 ὑπῆρξε
3137 4946 3356 5019 Χριστῷ
3379 4944 3621 5018 Δεσπότῃ
3654 4964 3665 4975 ·

2223 5040 2329 5093 300
2365 5038 2571 5110 Ἀρχὴν
2609 5035 2701 5106 μὲν
2732 5035 2887 5095 οὗτος
2918 5035 3181 5107 πατρόθεν
3216 5031 3535 5109 δεδεγμένος

2367 5130 2549 5179 Διεῖπε
2579 5123 2765 5186 καλῶς
2799 5120 3002 5177 συνέσει
3035 5122 3411 5199 στρατηγίαις,

2365 5216 2484 5270 Ἔτι
2521 5214 2613 5285 μὲν
2645 5213 2912 5285 ἀμύητος,
2944 5212 2998 5267 εὐ
3031 5217 3237 5291 φρενῶν
3272 5210 3317 5267 δ’
3349 5208 3516 5289 ἔχων,

2365 5305 2455 5365 Ὠς
2488 5303 2537 5374 ἐξ
2562 5305 2727 5357 αὐτοῦ
2755 5300 2821 5371 δὴ
2856 5302 3278 5379 συλλογίσασθαι
3313 5300 3455 5371 δέον,

2365 5399 2450 5456 Ὡς
2480 5392 2697 5467 ὕστερον
2733 5389 2947 5466 δέδειχε
2975 5390 3304 5468 πραγμάτων
3337 5392 3508 5465 πέρας
3539 5407 3553 5425 ’

2224 5486 2330 5541 305
2366 5486 2547 5555 Τριῶν
2583 5480 2628 5536 3'
2662 5482 2906 5537 ὑπόντων
2942 5481 3360 5559 αὐτοκρατόρων
3388 5480 3531 5552 τότε,

2063 1936 2111 2001 Β

2107 4652 2156 4714 1)

2188 5615 2337 5674 erat,
2369 5626 2548 5681 gener
2581 5610 2909 5666 Constantii.

2260 5684 2374 5755 (15)
2407 5685 2493 5739 lta
2524 5682 2652 5737 cod.

497 5760 613 5830 (14)
644 5759 729 5815 Ita
759 5759 887 5814 cod.
923 5758 1099 5829 Atqui
1134 5758 1392 5815 Licinius
1438 5759 1775 5817 Constantia?
1822 5777 2080 5831 sponsus
