4140 6404
365 469 436 523 27
1577 470 1951 528 EPHREKII
1988 468 2563 528 CHRONOGRAPHI

366 592 883 667 immortalemque
912 613 979 652 ac
1011 596 1221 653 miram
1252 598 1433 654 vitam
1464 596 1729 668 adipisci.

369 683 689 755 Postquam
719 702 853 741 eum
886 702 1133 742 somnus
1162 687 1497 759 dereliquit,
1532 686 1734 744 statim

369 778 641 829 sanctum
671 774 1017 831 Silvestrum
1052 777 1375 832 admodum
1408 781 1737 833 reverenter

370 863 615 917 advocat
642 888 656 931 ;
691 868 865 935 atque
896 865 995 919 ubi
1027 865 1356 921 venientem
1389 865 1700 936 conspicit,

370 966 494 1006 rem
524 950 610 1006 illi
640 957 917 1008 cunctam
950 955 1155 1025 pandit
1182 954 1598 1010 lubentissime
1632 972 1645 1009 :

371 1040 653 1096 Silvester
686 1058 878 1113 regem
912 1043 1021 1097 visi
1052 1042 1338 1097 rationem
1367 1044 1593 1098 edocet.

368 1133 487 1186 Cur
515 1130 693 1186 verba
722 1130 928 1203 longas
961 1132 1172 1187 ducam
1201 1147 1307 1202 per
1338 1132 1621 1202 ambages
1651 1130 1679 1185 ?

372 1218 714 1290 religiosum
749 1220 998 1291 principi
1031 1220 1379 1284 mysterium
1411 1214 1683 1290 explicat,

370 1307 785 1379 initiatumque
815 1312 871 1364 et
902 1309 1237 1365 credentem
1272 1308 1566 1380 baptismo
1599 1307 1797 1379 tingit,

372 1400 428 1451 et
459 1400 661 1451 sancto
694 1397 890 1453 educit
916 1398 1146 1453 lavacro
1176 1397 1556 1453 incolumem.

372 1484 457 1538 Ad
486 1484 705 1540 Christi
732 1490 928 1555 partes
959 1485 1209 1541 accessit
1237 1486 1415 1542 etiam
1450 1486 1664 1541 Helena

375 1571 644 1628 Silvestri
673 1573 865 1630 verbis
898 1575 1103 1631 edocta
1132 1576 1388 1646 pastoris
1419 1575 1682 1632 maximi.

374 1663 509 1731 Ipsa
532 1662 809 1734 deinceps
834 1663 1069 1719 Sionem
1096 1664 1198 1720 Dei
1230 1666 1437 1720 urbem

374 1748 595 1818 invisit,
627 1767 857 1807 sacrum
888 1751 1116 1824 lignum
1149 1754 1449 1825 vestigans
1478 1753 1691 1824 crucis,

373 1837 573 1909 ibique
603 1845 668 1894 ut
699 1840 921 1911 templa
950 1843 1226 1898 conderet
1254 1842 1653 1901 sanctissima.

375 1925 599 1999 Religio
632 1933 832 1984 nostra
862 1931 1045 1987 crevit
1073 1948 1141 1987 ex
1172 1931 1280 1987 hoc
1311 1937 1574 2005 tempore

374 2015 703 2086 amplifice;
737 2024 914 2090 atque
944 2021 1015 2075 ad
1050 2021 1210 2077 orbis
1244 2021 1509 2092 pervenit
1534 2021 1680 2076 fines

376 2105 779 2175 apostolorum
811 2109 1070 2165 salubris
1100 2110 1437 2181 praedicatio
1472 2127 1485 2165 :

374 2193 624 2266 risitque
652 2213 751 2251 ver
785 2199 1167 2270 tranquillum
1200 2199 1575 2256 orthodoxiaa.

375 2283 541 2338 Tunc
573 2284 793 2356 templa
823 2288 1045 2357 passim
1079 2292 1319 2360 patuere
1348 2288 1736 2356 Christicolis,

372 2377 549 2444 atque
583 2376 777 2432 omnis
809 2393 911 2434 ara
942 2377 1075 2435 falsi
1106 2378 1300 2435 cultus
1325 2378 1582 2435 concidit

371 2460 589 2519 Christi
614 2466 827 2522 virtute
859 2468 1093 2523 Domini
1126 2478 1183 2524 et
1212 2469 1479 2524 omnium
1512 2468 1710 2540 Regis,

369 2550 638 2623 Itemque
667 2553 1036 2611 Constantini
1068 2556 1247 2630 legati
1280 2559 1433 2628 ejus.

371 2638 475 2695 Hic
506 2641 624 2697 late
654 2643 1003 2715 imperitans
1034 2648 1314 2719 gentibus
1344 2645 1697 2713 innumeris,

369 2729 617 2799 prolatis
647 2732 821 2789 etiam
857 2736 1067 2807 priscis
1097 2736 1330 2809 imperii
1363 2736 1584 2791 ﬁnibus

370 2818 562 2874 crucis
594 2823 770 2893 atque
790 2822 1090 2897 Evangelii
1118 2825 1379 2897 potentia
1410 2826 1677 2896 adjutus,

370 2906 784 2979 homonymam
818 2926 1051 2981 quoque
1078 2912 1341 2966 condidit
1373 2912 1484 2967 sibi
1512 2912 1742 2981 urbem,

369 2996 620 3052 ocellum
650 2998 834 3055 totius
857 2998 1065 3054 mundi
1096 2998 1669 3071 splendidissimum.

369 3083 593 3158 Regum
629 3086 725 3143 hic
755 3087 988 3159 piorum
1022 3094 1186 3160 pater
1213 3093 1304 3144 est
1335 3088 1687 3159 appellatus,

369 3178 428 3228 et
458 3174 933 3232 christicolarum
966 3176 1260 3233 Caesarum
1294 3181 1655 3233 antecessor.

368 3262 530 3319 Idem
558 3264 970 3336 episcoporum
1003 3266 1255 3338 primam
1288 3266 1500 3322 indixit
1525 3266 1839 3337 synodum,

372 3352 723 3424 quibuscum
759 3357 1029 3428 spurium
1065 3357 1185 3412 Arii
1216 3358 1432 3429 dogma
1460 3353 1734 3427 perculit.

405 3477 903 3538 CONSTANTIUS
945 3482 1179 3537 MAGNI
1218 3480 1699 3538 CONSTANTINI
1742 3478 1976 3536 FILIUS

1009 3554 1126 3609 AN.
1168 3554 1368 3608 XXIV.

368 3657 688 3725 Postquam
720 3657 770 3712 is
800 3661 1078 3713 terrestre
1108 3659 1367 3715 deseruit
1396 3657 1734 3729 imperium,

370 3759 594 3814 proque
623 3743 733 3800 hoc
764 3762 1084 3818 supernam
1114 3747 1361 3819 gloriam
1392 3748 1644 3819 adeptus
1677 3751 1787 3814 est,

371 3831 773 3904 omlorumque
805 3837 969 3907 regni
1000 3836 1144 3891 adiit
1174 3836 1609 3905 haereditatem;

372 3921 495 3976 nati
530 3936 599 3976 ex
626 3938 692 3979 eo
724 3923 893 3979 liberi
925 3928 1154 3980 tantam
1180 3924 1415 3997 imperii
1447 3924 1664 3981 molem

369 4013 685 4081 Constans,
716 4012 1122 4083 Constantius,
1156 4020 1331 4085 atque
1359 4012 1806 4085 Constantinus,

367 4099 523 4156 inter
551 4118 613 4157 se
643 4102 844 4173 partiti
872 4108 1012 4159 sunt
1042 4103 1339 4159 haeredum
1375 4104 1514 4159 ritu.

366 4190 437 4244 Et
463 4193 757 4247 Constans
789 4192 1026 4264 quidem
1061 4209 1197 4249 cum
1228 4192 1613 4249 Constantino
1646 4191 1823 4246 fratre

368 4281 558 4334 terras
589 4281 865 4337 occiduas
896 4283 1008 4336 sibi
1031 4284 1317 4353 regendas
1349 4286 1617 4349 sumunt,

370 4366 613 4423 Romam
645 4368 859 4440 ipsam,
894 4370 1170 4439 Africam,
1204 4370 1575 4441 Italiamque,

370 4459 427 4509 et
457 4456 745 4528 quidquid
779 4458 987 4514 mundi
1018 4475 1208 4529 usque
1239 4459 1311 4513 ad
1343 4472 1630 4513 oceanum
1662 4461 1840 4528 patet.

371 4542 578 4600 Oriens
609 4545 953 4602 Constantio
987 4547 1234 4619 contigit
1267 4547 1597 4614 universus,

371 4636 766 4706 praetereaque
796 4635 1062 4704 Thracia,
1096 4637 1362 4706 ﬁnesque
1391 4634 1770 4704 Macedonici,

371 4737 507 4777 cum
539 4726 685 4781 urbe
714 4742 747 4780 a
772 4731 934 4796 patre
965 4726 1203 4781 condita
1233 4732 1287 4780 et
1318 4725 1480 4797 regni
1512 4725 1668 4779 sede.

369 4811 473 4868 Hic
502 4813 617 4869 sibi
647 4814 935 4870 creditum
967 4814 1187 4885 optime
1216 4813 1532 4886 imperium
1564 4828 1773 4885 gerens

368 4900 588 4957 multos
620 4919 840 4973 agonas
870 4903 1113 4975 pertulit
1142 4921 1209 4958 ac
1240 4903 1608 4969 discrimina,

366 4996 648 5069 perpetuo
683 4991 945 5048 militans
978 4993 1297 5064 hostesque
1329 4992 1508 5049 armis
1539 5006 1901 5063 persequens

366 5083 585 5139 Deinde
617 5083 825 5139 occisis
857 5085 914 5139 in
946 5084 1258 5140 Occidente
1289 5085 1594 5151 fratribus,

365 5172 752 5228 Constantino
785 5173 924 5245 quia
957 5175 1195 5229 fratrem
1230 5175 1414 5230 armis
1446 5174 1843 5243 lacessiverat,

366 5260 681 5318 Constante
720 5262 872 5319 dolis
904 5263 1225 5335 Magnentii
1258 5263 1505 5331 irretito,

364 5351 524 5406 orbis
556 5351 811 5408 universi
843 5354 1228 5408 Constantius
1259 5359 1557 5425 sceptrum
1589 5354 1800 5408 tenuit.

365 5439 514 5495 Nam
544 5442 946 5513 Magnentium
979 5441 1211 5513 quidem
1240 5442 1377 5499 belli
1400 5444 1537 5514 jure
1568 5442 1813 5500 sustulit
1841 5460 1854 5511 ;

368 5535 429 5584 at
456 5530 872 5586 Vetranionem
905 5532 1005 5603 qui
1037 5540 1245 5604 praeter
1277 5534 1364 5589 fas
1393 5550 1455 5589 se
1485 5538 1766 5605 gesserat,

370 5618 704 5688 perculsum
738 5624 893 5677 metu
926 5622 1233 5679 subditum
1268 5623 1378 5680 sibi
1410 5623 1566 5680 fecit.

438 5798 551 5869 (16)
582 5804 668 5860 Ita
696 5803 826 5859 cod.

2046 597 2102 664 Α
2165 596 2273 653 365
2310 600 2465 662 Ζωῆς
2494 596 2773 671 ἀκηράτου
2803 618 2861 653 τε
2890 600 3080 672 τυχεῖν
3110 597 3197 651 καὶ
3233 597 3409 667 ξένης.

2312 685 2462 743 Ἐπεὶ
2494 684 2541 741 δ’
2570 686 2764 755 ἀνῆκεν
2798 686 2964 750 ὕπνος
2995 688 3179 757 αὐτὸν,
3212 685 3407 741 αὐτίκα

2308 776 2416 831 Τὸν
2448 776 2592 851 ἱερὸν
2628 776 2965 853 Σίλοεστρυν
2999 770 3249 837 εὐλαϐῶς
3276 777 3408 849 ἄγαν

2309 862 2737 931 Μετακαλεῖται,
2766 865 2856 919 καὶ
2888 861 3263 940 προσελθόντα
3298 862 3510 938 βλέπει,

2312 953 2410 1005 Καὶ
2444 953 2617 1007 πάντα
2644 951 2889 1025 διέξεισιν
2924 952 3071 1024 αὺτῷ
3096 951 3449 1028 προφρόνως’

2166 1045 2274 1099 370
2310 1044 2367 1098 Ὀ
2395 1040 2443 1098 δ’
2474 1042 2538 1098 αὖ
2571 1044 2758 1119 ἐπάγει
2786 1050 2895 1099 τῶν
2929 1043 3227 1109 θεαθέντων
3261 1041 3439 1098 λύσιν·

2308 1134 2417 1188 Καὶ
2446 1133 2497 1188 τί
2533 1155 2600 1206 με
2631 1132 2713 1189 δεῖ
2741 1136 3017 1211 γράφοντα
3052 1135 3232 1209 μακρὰ
3261 1131 3596 1206 συμπλέκειν
3629 1152 3643 1203 ;

2309 1222 2607 1277 Έκτίθεταί
2640 1224 2695 1276 ol
2726 1224 2819 1277 τὸν
2846 1223 3010 1299 λόγον
3042 1223 3368 1296 μυστηρίου.

2309 1312 2452 1369 Μυεῖ
2479 1332 2537 1366 τε
2571 1311 2818 1386 βαπτίζει
2848 1333 2906 1367 τε
2936 1311 3295 1368 πιστεύσαντα
3322 1331 3407 1384 γε,

2312 1402 2558 1475 Λουτροῦ
2579 1402 2626 1456 τ’
2654 1403 2809 1471 ἀσινῆ
2841 1406 2938 1456 τοῦ
2968 1405 3244 1475 παναγοῦς
3278 1399 3481 1475 ἀνάγει·

2166 1491 2275 1546 375
2313 1495 2603 1563 Προσῆλθε
2626 1495 2849 1566 Χριστῷ
2878 1491 2967 1545 καὶ
3004 1489 3222 1567 βασιλὶς
3248 1488 3443 1559 Ἑλένη

2309 1577 2698 1642 Διδασκαλίαις
2728 1580 3113 1655 ποιμενάρχου
3143 1574 3500 1653 Σιλϐέστρου·

2308 1670 2439 1732 Μεθ’
2471 1666 2534 1722 οῦ
2567 1671 2710 1723 Σιὼν
2744 1664 2941 1743 εϐλεψε
2968 1669 3068 1737 τὴν
3101 1671 3235 1724 Θεοῦ
3267 1666 3434 1722 πόλιν

2307 1757 2405 1821 Εἷς
2437 1759 2737 1835 φανέρωσιν
2768 1762 3061 1833 σταυρικοῦ
3094 1759 3243 1822 θείου
3274 1755 3463 1831 ξύλου,

2306 1851 2470 1902 Ναῶν
2502 1848 2551 1902 τ’
2580 1845 2920 1920 ἀναδόμησιν
2954 1847 3344 1921 εὐαγεστάτων.

2049 1963 2098 2030 Β
2162 1938 2269 1995 380
2308 1936 2595 1994 Κάντεῦθεν
2629 1938 2781 2030 ἀνθεῖ
2805 1938 2872 1991 τὰ
2901 1937 3020 2001 καθ’
3050 1938 3201 2009 ἡμᾶς
3232 1934 3308 1997 εἷς
3342 1936 3497 2030 μέγα·

2305 2026 2629 2082 Ἐκτείνεται
2663 2024 2721 2080 δὲ
2750 2026 2839 2080 καὶ
2875 2027 3040 2101 μέχρι
3064 2032 3166 2099 γῆς
3193 2023 3477 2100 τερμάτων

2306 2118 2592 2190 Σωτήριον
2624 2117 2884 2191 κήρυγμα
2912 2118 3020 2169 τῶν
3055 2113 3401 2170 ἀποστόλων·

2305 2201 2445 2273 Γελᾷ
2475 2201 2521 2257 δ’
2552 2198 2644 2277 ἔαρ
2675 2204 2886 2277 ἥσυχον
2918 2200 3255 2277 ὀρθοδοξίας·

2306 2292 2647 2368 Ἀνοίγνυται
2678 2298 2782 2354 πᾶς
2812 2292 2902 2346 καὶ
2932 2291 3069 2354 νεὼς
3098 2291 3536 2365 Χριστωνύμοις,

2162 2382 2270 2438 385
2307 2381 2508 2453 Βωμὸς
2538 2383 2585 2435 τ’
2608 2380 2967 2457 ἀνετέτραπτο
2994 2385 3098 2442 πᾶς
3134 2380 3225 2434 σὺν
3258 2383 3326 2453 τῇ
3357 2378 3539 2453 πλάνῃ

2304 2473 2541 2543 Χριστοῦ
2576 2466 2801 2543 δυνάμει
2834 2470 3206 2532 παντάνακτυς
3235 2466 3508 2523 Δεσπότου

2298 2560 2726 2635 Ὑποστρατήγῳ
2761 2558 2977 2635 βασιλεῖ
3014 2556 3428 2631 Κωνσταντίνῳ,

2305 2650 2401 2710 "Oc
2434 2648 2593 2723 ἄρξας
2624 2647 2791 2703 ἐθνῶν
2823 2647 3074 2704 ἀπλέτων
3100 2645 3390 2722 ἐθναρχίας

2309 2736 2689 2812 Σχοινίσματά
2717 2758 2777 2793 τε
2805 2736 3082 2802 πλατύνας
3110 2732 3455 2811 κληρουχίας

2163 2826 2271 2881 390
2312 2830 2564 2901 Σταυρυῦ
2595 2848 2655 2882 τι
2683 2826 2867 2902 κράτει
2896 2824 3311 2898 παντοδυνάμου
3345 2822 3534 2899 λόγου,

2306 2913 2479 2969 Πάλιν
2513 2914 2730 2985 πολίζει
2760 2918 2861 2985 τὴν
2892 2917 3190 2989 ὁμώνυμον
3223 2910 3411 2981 πόλιν,

2311 3002 2633 3078 Ὀφθαλμὸν
2667 3001 2969 3078 αἰγλήεντα
2995 3009 3096 3071 τῆς
3122 3003 3270 3055 οἶκον
3282 3001 3469 3071 μένης·

2312 3093 2500 3167 Πατὴρ
2534 3092 2779 3146 ἀνάκτων
2807 3086 3043 3145 εὐσεϐῶν
3071 3087 3417 3161 κεκλημένος

2306 3179 2407 3233 Καὶ
2433 3177 2851 3253 χριστολατρῶν
2884 3178 3165 3252 κρατόρων
3199 3174 3534 3250 ἀρχηγέτης’

2163 3269 2271 3324 395
2308 3268 2544 3339 Ηρώτης
2576 3269 2801 3343 ὁριστής
2832 3267 3223 3341 ποιμενάρχων
3257 3261 3512 3331 συνόδου,

2050 3327 2094 3397 C
2311 3327 2443 3421 Μεθ’
2580 3327 2831 3411 καθεῖλεν
2862 3327 3081 3429 Ἀρείου
3110 3327 3293 3428 δόγμα
3321 3327 3507 3418 νόθονξ
3562 3342 3567 3347 ’

2130 3481 2637 3538 ΚΩΝΣΤΑΝΤΙΟΣ
2700 3481 2743 3536 Ο
2812 3479 2968 3536 ΥΙΟΣ
3027 3478 3163 3535 ΤΟΥ
3230 3480 3562 3536 ΜΕΓΔΛΟΥ
3617 3482 3792 3535 ΚΩΝ-

2600 3552 3010 3608 ΣΤΑΝΤΙΝΟΥ
3058 3553 3161 3607 ET.
3207 3551 3323 3606 KA'.

2306 3659 2513 3713 Τούτου
2545 3657 2806 3722 λιπόντος
2832 3660 2932 3726 τήν
2965 3658 3112 3712 κάτω
3148 3655 3450 3732 μοναρχίαν

2308 3748 2572 3825 Οὐράνιον
2598 3745 2754 3821 δόξαν
2780 3744 2836 3801 δὲ
2862 3746 3321 3822 κληρωσαμένου,

2307 3837 2406 3892 Καὶ
2441 3834 2719 3906 βασιλείας
2754 3834 2993 3911 οὐρανῶν
3022 3832 3396 3910 κληρουχίαν,

2163 3929 2269 3983 400
2308 3928 2375 3985 Ol
2405 3924 2596 3989 παῖδες
2627 3927 2794 3981 αὐτοῦ
2817 3925 2916 3993 τὴν
2951 3922 3089 3994 ὅλην
3120 3921 3460 3997 κραταρχίαν

2305 4017 2570 4072 Κώνστασ
2596 4036 2677 4082 τε,
2705 4012 3075 4074 Κωνστάντιος
3104 4011 3194 4066 καὶ
3224 4013 3659 4079 Κωνσταντῖνος,

2304 4103 2503 4166 Αὐτοῖς
2536 4101 2742 4157 διεῖλόν
2774 4123 2949 4180 σφισιν
2984 4101 3059 4163 εἰς
3088 4098 3460 4175 κληρουχίαν·

2304 4194 2563 4255 Κώνστας
2600 4193 2694 4265 μὶν
2728 4192 2840 4265 ἅμα
2870 4189 3115 4267 συγγόνῳ
3143 4187 3527 4259 Κωνσταντίνῳ

2308 4282 2582 4357 Λαχόντες
2612 4283 2801 4357 ἄρχειν
2832 4284 2940 4335 τῶν
2973 4280 3091 4334 καθ’
3112 4277 3373 4354 Ἑσπέραν
3404 4275 3585 4331 τόπων

2161 4376 2268 4431 405
2303 4373 2489 4442 Αὐτῆς
2518 4392 2578 4425 τε
2601 4371 2851 4443 Ῥώμης,
2885 4370 3169 4447 Ἀφρικῆς,
3204 4366 3463 4437 Ἰταλίας,

2303 4461 2402 4516 Καὶ
2432 4462 2628 4535 μέχρις
2657 4459 2832 4513 αὐτῶν
2863 4457 3100 4513 ὠκεανοῦ
3130 4457 3438 4531 τερμάτωνο

2305 4554 2457 4607 Πᾶσα
2472 4547 2532 4625 ,δέ
2560 4549 2702 4603 Ἐώα
2731 4552 2810 4621 τῷ
2842 4546 3204 4618 Κωνσταντίῳ
3237 4547 3439 4620 λάχος,

2302 4639 2448 4714 Πρὸς
2478 4635 2660 4693 τοῖσδε
2690 4637 2925 4710 Θρᾴκης,
2959 4632 3301 4696 Μακεδονίας
3334 4633 3476 4709 ὅροι,

2049 4706 2095 4771 D
2306 4706 2410 4782 va
2442 4730 2511 4801 τῇ
2542 4706 2889 4800 πατρῴακαῖ
2912 4706 3173 4799 βασιλίδι
3202 4706 3385 4779 πόλειλ

2161 4820 2267 4875 410
2304 4818 2406 4879 "Oc
2438 4813 2636 4871 διέπων
2672 4816 2863 4889 ἄριστα
2890 4814 2989 4882 τὴν
3018 4811 3364 4886 κληρουχίαν

2302 4904 2556 4968 Πολλοὺς
2582 4904 2797 4977 ἀγῶνας
2827 4900 3024 4971 ἀνέτλη
3057 4901 3146 4954 καὶ
3177 4898 3479 4973 κινδύνους,

2304 4994 2417 5052 Ἀεὶ
2450 4995 2829 5067 στραταρχῶν,
2862 4989 2980 5044 κατ’
3012 4987 3223 5063 ἐχθρῶν
3253 4992 3415 5043 κινῶν
3449 4986 3600 5066 δόρυ·

2304 5084 2435 5138 Εἰτα
2467 5078 2773 5158 σφαγέντων
2808 5078 3084 5154 συγγόνων
3117 5076 3170 5132 ἐν
3200 5079 3453 5154 Ἑσπέρᾳ,

2303 5175 2417 5229 Τοῦ
2452 5171 2546 5244 μὲν
2579 5172 2859 5231 κινοῦντος
2888 5169 3009 5233 καθ’
3040 5166 3347 5242 ὁμαίμονας
3378 5167 3527 5246 ξίφη,

2160 5264 2265 5320 415
2299 5265 2405 5317 Τοῦ
2437 5260 2787 5338 Κώνσταντπ
2822 5258 2879 5313 δὲ
2909 5257 3049 5333 πρὸς
3077 5257 3419 5332 Μαγνεντίου
3453 5254 3629 5329 δόλῳ,

2303 5352 2490 5420 Πάσης
2518 5349 2780 5423 κατῆρξεν
2810 5346 3071 5423 Ἐσπέρας
3104 5345 3193 5400 καὶ
3223 5353 3324 5417 τῆς
3355 5348 3492 5403 Ἕω·

2303 5436 2635 5515 Μαγνέντιον
2668 5438 2761 5511 μὲν
2796 5434 3006 5493 ἀνελὼν
3043 5437 3231 5511 μάχης
3260 5437 3441 5509 νόμῳ,

2306 5528 2413 5585 Τὸν
2448 5526 2492 5581 δ’
2526 5528 2590 5581 αὖ
2623 5528 2967 5601 Βρετανίωνα
2997 5528 3105 5599 (16)
3132 5526 3225 5580 τὸν
3257 5523 3594 5601 κακεργάτην

2305 5619 2573 5688 Ὑπήκοον
2607 5618 2717 5683 θεὶς
2747 5613 3163 5680 κατασεισθέντα
3193 5610 3373 5693 φόϐῳ.
