2070 3173
206 217 243 245 29

225 280 280 308 420
298 280 430 315 Υπῆρχεν
445 271 524 309 οὗτος
540 272 658 316 εὐχερὴς
668 263 722 315 ’μλεν
735 262 784 306 ea}:
804 263 917 316 τρόπον,
980 309 1002 313 η

300 322 351 351 Καὶ
366 322 482 359 πάμπαν
502 321 656 360 εὐρίπιστος
672 323 774 360 ἀνέμου
789 322 889 359 πέδον,

300 367 446 402 Ῑῖειθήνιός
461 377 492 394 τε
505 369 564 398 τοῖς
581 366 795 404 ἂρειομανίταις,
892 397 894 400 ,

297 411 395 439 Ἔνδον
414 410 444 439 δὲ
458 411 505 439 τὸν
517 414 579 438 νοῦν
596 411 635 443 εἷς
649 410 729 444 σέϐας
745 411 911 450 ἐρρωμένος·

303 456 419 494 Κράτωρ
435 455 559 493 ἀριστεύς
576 456 620 482 καὶ
638 457 768 494 μαχητὴς
784 455 923 494 γεννάδας,

228 502 282 530 425
301 499 392 535 ”Πδί›ς,
409 500 565 538 προσηνὴς,
579 500 695 537 εὐμενὴς
715 501 861 536 ὑπηκόοις.

299 545 365 583 Περί
381 555 411 572 τε
424 545 475 579 τὴν
492 543 596 572 δίαιταν
613 544 744 583 ἐγκρατὴς
760 544 824 582 ἄγαν

301 589 353 619 Καὶ
369 590 550 629 σωφρονικὸς,
565 590 610 616 καὶ
626 591 718 617 παθῶν
734 590 921 627 αὐτοκράτωρ,

299 634 349 661 Καὶ
365 634 413 665 τὰς
427 633 530 672 κρίσεις
545 635 578 668 ἦν
594 633 713 673 ἐκφέρων
729 635 797 662 κατὰ
812 634 924 670 νόμους,

302 678 484 714 Δικαιοσύνης
499 677 523 706 δ’
537 677 668 715 οὐδαμῶς
684 678 869 716 ὑπεκτρέχων,

230 725 284 752 430
302 724 536 762 Ἀρχαιρεσιάζων
552 733 581 750 τε
596 723 715 760 καθάπερ
732 723 803 758 δέον,

298 766 350 798 Τὰς
367 766 443 802 ἀξίας
457 777 487 794 τε
499 768 659 805 προσνέμων
674 770 733 798 τοῖς
749 767 834 802 ἀξίοις

301 812 352 840 Καὶ
370 811 458 839 πάντα
473 814 559 840 ποιῶν
577 811 623 839 σὺν
640 811 714 850 λόγῳ
730 813 763 840 τὰ
776 814 825 840 τοῦ
840 813 965 850 κράτους

301 855 337 883 Οὐ
353 857 527 894 σοναριθμῶν
544 855 641 884 οὐδένα
650 857 787 895 γερουσίᾳ,

302 901 351 931 ’Ός
366 901 399 928 οὗ
415 901 532 938 μετέσχε
545 903 600 928 τῶν
618 903 708 940 σοφῶν
725 900 929 938 παιδευμάτων,

231 945 289 984 4357
302 945 348 980 Μή
361 943 383 972 δ’
401 945 433 972 αὗ
449 945 536 982 λέγειν
552 944 658 980 ἤσκητο
674 947 718 973 καὶ
731 945 823 977 καλῶς
837 946 950 984 γράφειν

302 988 502 1028 Καταλογάδην
519 989 573 1018 εἴτε
589 989 686 1028 ῥυθμῷ
700 991 745 1018 καὶ
763 992 866 1029 μέτρῳ,

304 1032 476 1065 Παιδεύσιως
491 1032 633 1071 ἔμπειρος,
650 1036 736 1072 ἓρμοῦ
750 1036 774 1062 τ’
789 1035 821 1063 αὖ
839 1035 929 1075 φίλοςσ

301 1079 412 1107 ’Ᾱνακτι
424 1077 491 1115 τῷδ’
507 1077 657 1111 Ἰουλιανὸς
675 1079 810 1116 μαινόλης

302 1122 443 1159 Ἐπιφυεὶς
456 1122 563 1161 ἥρπασε
578 1125 627 1158 τὴν
647 1124 825 1161 κραταρχίαν·

230 1167 284 1195 440
302 1165 358 1194 Κάλ
373 1166 454 1195 τοῦδε
471 1170 561 1205 μακρᾷ
575 1169 715 1206 συσχεθεὶς
738 1169 843 1206 ἀγωνίᾳ

303 1211 351 1238 Καὶ
367 1210 474 1239 διακαεῖ
487 1212 596 1250 πυρετῷ
610 1210 778 1251 φθισιϐρότῳ

304 1256 346 1283 Ἐν
361 1256 460 1293 Μόψου
475 1257 588 1292 κρὴναις
603 1258 650 1285 τὸν
666 1258 724 1296 βίον
745 1256 932 1295 καταστρέφει,

303 1299 544 1337 Χολήνμέλαιναν
561 1301 693 1333 ἐκπτύσας
710 1302 734 1338 ἐξ
750 1302 880 1340 ἐγκάτων·

219 1363 406 1400 ιογΑΙΑΝσΣ
417 1372 440 1400 o
454 1372 673 1402 HAPABATHX
690 1375 746 1402 ET.
756 1374 784 1402 B‘
807 1374 978 1402 mETEPOI
995 1374 1035 1401 ΔΕ

498 1410 610 1436 ΦΑΣΙΝ
633 1410 689 1437 ΕΤ.
716 1410 751 1437 1".

302 1466 367 1493 Εἶτα
378 1466 502 1503 καθαρῶς
518 1465 703 1494 ἀναδείκνυται
719 1468 828 1504 κράτωρ

230 1510 284 1538 445
304 1508 452 1541 Ἰουλιανὸς
464 1510 658 1549 χριστομάχος
676 1510 823 1548 μαινόλης,

301 1554 396 1587 Ὀστις
411 1555 530 1587 ἀποστάς
542 1556 680 1583 Δεσπότου
696 1556 859 1591 σεσωκότας,

302 1599 351 1626 Καὶ
367 1600 534 1636 Χριστιανῶν
548 1599 663 1631 πίστεως
681 1600 819 1637 σωτηρίου

301 1644 341 1679 Τῇ
355 1642 504 1680 δαιμόνων,
520 1646 570 1683 φεῦ
584 1645 589 1673 ί
607 1644 695 1681 ἀπάτῃ
710 1644 875 1682 προσερῥύῃ,

300 1688 338 1715 Τὰ
352 1688 526 1726 Χριπιαπῶν
541 1687 674 1727 φαυλίσας
688 1689 717 1716 ἐκ
736 1687 857 1725 καρδίας

228 1733 283 1761 450
302 1732 351 1760 Καὶ
366 1733 436 1760 κατὰ
451 1731 571 1770 Χριστοῦ
587 1733 783 1771 παρατάττεται
799 1733 894 1769 τάλας,

301 1777 353 1805 Καὶ
367 1776 449 1805 τοῦδε
463 1777 561 1810 κλῆσιν
577 1777 701 1806 ἐκποδὼν
718 1778 810 1810 θέσθαι
823 1778 906 1810 θὲλει·

300 1821 350 1849 Καὶ
365 1822 463 1849 λοιπὸν
480 1821 549 1853 οἵαις
563 1821 698 1860 ἐξέτριψεν
713 1822 815 1854 αἰκίαις

299 1866 352 1894 Καὶ
366 1865 565 1902 παντοδαπαῖς,
579 1867 722 1898 ποικίλαις
735 1867 881 1905 τιμωρίαις

299 1910 535 1943 ’Δντιστατοῦντας
551 1909 669 1944 εὐσεϐῶς
684 1911 906 1950 Χριστωνύμους,

225 1955 281 1983 455
298 1954 349 1982 Καὶ
363 1953 445 1990 τῶνδ’
461 1954 544 1991 δσου;
560 1954 642 1991 ἔδειξε
659 1957 796 1994 μάρτυρας
810 1956 893 1984 πάλιν

299 1998 419 2036 Δῖματος
434 1999 501 2038 ἄχρι
516 2003 653 2038 καρτερῶς
667 2000 876 2037 ὴνδρισμὲνους,

298 2043 357 2072 Οὔκ
371 2042 442 2071 ἔστιν
458 2044 544 2071 εἰπεῖν
556 2044 714 2082 χρωμένοις
730 2045 894 2082 συμμετρίᾳ·

299 2085 375 2116 Κατὰ
390 2087 419 2115 δὶ
435 2089 543 2125 Περσῶν
559 2087 752 2127 ἐκστρατεύσας
769 2087 917 2128 Βαρϐάρων

299 2131 376 2160 Μετὰ
389 2135 517 2170 στρατιᾶς
534 2133 632 2171 μυρίας
648 2133 805 2171 ῥωμαλέοις.

224 2177 279 2205 460
299 2177 348 2205 Καὶ
367 2177 405 2214 μὴ
423 2175 525 2209 διαθεὶς
540 2177 577 2209 ὡς
594 2176 649 2205 δέοι
664 2178 698 2206 τὰ
707 2179 757 2213 τῆς
770 2179 875 2216 μάχης,

298 2221 402 2249 Ἐκεῖσε
415 2222 592 2259 κατέστρεψεν
607 2221 721 2255 ἀθλίως
732 2222 801 2260 βίον,

296 2265 416 2301 Βληθεὶς
431 2266 506 2304 παρά
519 2277 567 2294 του
578 2266 684 2305 καιρίαν
699 2267 725 2295 ἐν
740 2269 775 2305 τῇ
791 2266 879 2306 μάχῃ,

296 2309 352 2339 Εἶτ’
366 2310 493 2339 Αὐσόνων
506 2311 523 2345 ἢ
541 2309 690 2349 Βαρϐάρων
704 2311 871 2348 ἀντιπάλων,

293 2357 330 2382 Ἥ
343 2356 437 2393 χειρὸς
451 2353 542 2390 ἄλλης
557 2356 723 2387 πανσθενοῠς
739 2355 894 2394 οὐρανόθεν,

217 2399 279 2427 465
297 2398 391 2427 Ἦνίκα
406 2399 484 2439 φασὶν
501 2399 616 2436 αἵματνς
633 2399 801 2438 καταῤῥύτου

295 2442 418 2481 Πλευρᾶς
433 2444 560 2482 νυγείσης
575 2444 650 2482 χειρὶ
666 2443 902 2482 προσδεδεγμένου

294 2487 342 2520 Εἰς
359 2488 424 2526 ἀέρα
434 2489 544 2527 χέοντα,
560 2489 634 2517 ταῦτ’
650 2489 796 2527 ἐπιλέγειν,

294 2533 449 2571 Ναζωραῖε,
462 2533 615 2568 πλῆσθητι·
632 2536 680 2570 φεῦ
695 2537 744 2569 τῆς
761 2534 857 2570 μανίας
870 2536 875 2562 l

293 2596 461 2625 ΙΟΒΙΑΝΟΣ
477 2597 599 2624 ΜΗΝΑΣ
618 2597 659 2625 H’.
674 2598 710 2625 ΟΙ
728 2600 771 2626 ΔΕ
787 2597 843 2626 ET.
864 2598 904 2624 Α’-

288 2689 396 2718 Τούτου
411 2690 657 2727 καταστρέψαντος,
671 2691 708 2721 ὡς
724 2689 802 2727 ἔφην,
821 2690 877 2728 βίον

213 2735 271 2764 470
291 2734 358 2761 Δυσὶ
371 2729 590 2773 τυραννήσαντος
606 2731 710 2766 ἀσεϐῶς
728 2734 852 2773 χρόνοις,

291 2780 387 2818 Ψήφῳ
403 2780 530 2817 στρατιᾶς
544 2779 701 2817 προκρίτων
717 2779 861 2817 γερουσίας

294 2818 429 2854 Ἰοϐιανὸς
441 2823 592 2862 χιλίαρχος
607 2821 644 2851 ὥν
659 2823 731 2857 τότε,

293 2868 379 2905 Ἀνὴρ
396 2868 497 2905 ἀγαθὸς
512 2865 625 2902 εὐσεϐὴς
641 2870 759 2906 Χριστοῦ
775 2868 870 2907 λάτρις

977 214 1158 243 OESABBS.
1883 212 1920 241 30

1052 271 1080 311 Α
1094 276 1163 304 Erat
1176 274 1367 303 Constantius
1382 276 1486 311 suapte
1500 274 1612 312 ingenii
1627 269 1711 313 levis,

1094 328 1216 356 prorsus
1230 319 1377 347 versatilis
1392 328 1445 347 ceu
1458 320 1555 356 pulvis
1569 323 1655 348 vento
1670 321 1820 357 expositus

1095 373 1185 401 sequo
1199 365 1235 392 ab
1249 365 1308 393 Arii
1322 364 1464 393 studiosis
1480 365 1597 394 sinebat
1612 366 1692 400 duci,

1094 417 1266 445 quanquam
1281 409 1344 444 ipse
1360 409 1492 437 animum
1508 404 1705 438 orthodoxam
1723 404 1848 446 gereret.

1094 454 1230 489 princeps
1246 454 1390 489 egregius,
1409 456 1547 482 strenuus
1563 454 1697 482 bellator.

1095 498 1233 531 blandus,
1250 498 1388 530 affabilis,
1404 499 1562 527 benevolus
1578 508 1646 536 erga
1661 500 1807 529 subditos.

1095 543 1172 570 Idem
1189 543 1245 570 cibi
1261 545 1408 578 potusque
1423 544 1723 580 temperantissimus,

1094 588 1258 621 continens,
1275 588 1367 615 animi
1384 589 1579 624 cupiditatum
1595 589 1745 624 dominus,

1094 634 1189 661 dicere
1200 634 1251 669 jus
1267 641 1301 660 ex
1317 633 1414 669 legum
1430 642 1532 661 norma
1545 634 1661 669 solitus,

1095 686 1188 713 neque
1204 687 1220 706 a
1233 678 1350 713 justitia
1364 678 1457 706 latum
1474 687 1601 715 unguem
1619 680 1793 714 discedens;

1093 726 1158 750 tum
1174 725 1202 750 et
1217 723 1408 758 magistratus
1425 731 1477 758 pro
1492 724 1605 751 meritis
1620 724 1742 760 eligens,

1093 768 1191 804 dignis
1207 769 1378 796 hominibus
1394 769 1552 805 dignitates
1569 769 1708 805 largiens,

1093 816 1199 841 cuncta
1213 814 1334 841 demum
1350 814 1379 841 in
1396 814 1518 850 imperio
1535 815 1683 850 sapienter
1696 823 1812 850 gerens.

1091 859 1192 894 Neque
1207 859 1237 886 in
1254 861 1387 887 senatum
1401 860 1571 895 quempiam
1587 868 1719 895 unquam
1732 859 1814 895 legit,

1093 903 1149 931 nisi
1165 904 1258 932 doctis
1274 904 1420 932 imbutum
1439 904 1614 940 disciplinis,

1092 950 1120 975 et
1134 948 1184 982 qui
1200 950 1277 975 recto
1289 949 1384 975 dicere
1400 949 1531 982 beneque
1547 948 1674 976 scribere

1092 1001 1143 1020 seu
1161 1001 1248 1028 prosa
1263 993 1395 1021 oratione
1411 995 1510 1028 posset
1524 1002 1576 1021 seu
1592 993 1709 1029 rythmo
1725 994 1754 1021 et
1769 993 1881 1026 metro;

1091 1037 1220 1065 nutritus
1236 1038 1298 1073 ipse
1313 1038 1418 1065 litteris
1433 1045 1645 1073 musarumque
1660 1038 1810 1065 alumnus.

1091 1084 1176 1109 Hunc
1191 1084 1293 1109 contra
1309 1089 1405 1118 regem
1422 1082 1620 1118 lymphaticus
1635 1082 1772 1110 Julianus

1092 1134 1284 1162 consurgens,
1297 1126 1450 1154 latrocinio
1466 1126 1624 1162 imperium
1641 1127 1748 1162 rapuit.

1092 1170 1165 1197 llinc
1181 1171 1273 1198 animi
1288 1179 1412 1199 mmrore
1429 1171 1568 1199 diuturno
1584 1173 1688 1207 captus

1092 1214 1281 1242 Constantius
1297 1224 1330 1242 ac
1346 1215 1464 1243 lethalis
1476 1216 1580 1243 ardore
1597 1216 1697 1248 febris,

1092 1259 1128 1286 ad
1145 1259 1238 1294 Mopsi
1253 1260 1349 1287 fontes
1363 1261 1427 1287 vitae
1443 1261 1573 1295 spatium
1590 1260 1707 1294 clausit,

1093 1305 1185 1331 atram
1203 1305 1345 1339 rejectans
1359 1304 1449 1332 bilem
1465 1306 1500 1332 de
1515 1305 1687 1333 visceribus.

1092 1376 1261 1405 JULIANUS
1282 1376 1467 1404 APOSTATA
1486 1376 1545 1403 AN.
1568 1377 1603 1408 Il,
1623 1375 1728 1404 MENS.
1749 1375 1808 1408 VI;
1835 1375 1915 1408 VEL,

1289 1412 1336 1439 UT
1356 1412 1427 1439 ALlI
1447 1412 1568 1446 AIUNT,
1590 1412 1647 1439 AN.
1670 1412 1720 1439 ΙΙΙ.

1092 1470 1164 1498 Exin
1179 1470 1292 1505 absque
1307 1469 1411 1497 aemulo
1427 1470 1586 1505 imperator
1600 1472 1645 1497 est
1656 1469 1774 1497 habitus

1092 1514 1326 1542 christomacbus
1341 1513 1478 1541 Julianus
1493 1516 1522 1541 et
1536 1515 1683 1548 furiosus;

1092 1559 1143 1594 qui
1159 1568 1175 1586 a
1191 1559 1266 1594 Rege
1281 1559 1431 1586 Servatore
1448 1567 1501 1586 suo
1518 1559 1634 1592 defecit,

1091 1604 1385 1639 Christianorumque
1402 1604 1487 1630 ﬁdem
1504 1603 1662 1630 salutarem

1054 1646 1075 1680 C
1092 1656 1159 1675 cum
1175 1648 1349 1682 dmmonum,
1364 1648 1440 1675 heul
1458 1648 1611 1675 fraudibus
1627 1646 1829 1680 commutavit,

1091 1701 1268 1727 sacrumque
1283 1693 1390 1728 dogma
1405 1692 1595 1727 contemptim
1613 1692 1698 1719 corde
1713 1693 1835 1726 respuit.

1090 1738 1165 1764 Tum
1183 1739 1284 1764 contra
1299 1736 1448 1764 Christum
1465 1737 1575 1764 bellum
1593 1736 1639 1764 hic
1653 1736 1744 1764 miser
1754 1736 1851 1763 movet

1090 1781 1240 1817 bujusque
1255 1789 1361 1808 nomen
1377 1781 1570 1808 exterminare
1587 1780 1701 1808 nititur.

1090 1826 1214 1853 Proinde
1230 1828 1302 1861 quot
1317 1825 1496 1853 cruciatibus
1512 1828 1641 1861 quotque
1657 1824 1762 1861 pcenis,

1090 1879 1216 1906 quarum
1233 1872 1362 1898 diversas
1379 1871 1488 1899 formas
1504 1871 1550 1898 vix
1565 1870 1619 1898 fari
1634 1870 1713 1905 licet,

1089 1915 1330 1943 Christicolarum
1348 1915 1491 1943 attriverit
1504 1915 1700 1942 constantiam
1717 1914 1807 1950 piem,

1090 1962 1252 1995 martyrum
1268 1962 1415 1995 quantum
1432 1967 1590 1987 numerum
1606 1958 1744 1991 effecerit,

1089 2003 1141 2039 qui
1156 2012 1249 2039 usque
1264 2005 1299 2031 ad
1316 2004 1492 2040 sanguinem
1510 2004 1691 2037 restiterunt,

1090 2048 1222 2076 studioso
1238 2048 1313 2075 mihi
1329 2048 1479 2076 brevitatis
1496 2057 1554 2076 non
1570 2048 1639 2075 licet
1654 2048 1761 2074 dicere.

1090 2093 1200 2120 Deinde
1214 2095 1317 2120 Persas
1333 2093 1476 2120 Barbaros
1492 2092 1568 2120 bello
1584 2093 1736 2127 appetens,

1087 2137 1180 2172 copiis
1192 2137 1357 2164 instructus
1371 2137 1535 2164 innumeris
1551 2136 1734 2170 fortissimis,

1088 2190 1116 2209 re
1133 2181 1326 2209 nihilominus
1341 2181 1447 2209 bellica
1460 2181 1534 2209 male
1550 2184 1644 2217 gesta,

1087 2226 1188 2253 amisit
1202 2226 1262 2254 illic
1278 2227 1368 2254 vitam
1383 2225 1550 2259 infeliciter,

1087 2270 1198 2298 incerto
1214 2272 1333 2298 auctore
1349 2270 1474 2306 graviter
1490 2270 1518 2298 in
1533 2269 1633 2306 prmlio
1647 2269 1735 2304 ictus,

1047 2325 1071 2357 D
1087 2323 1139 2342 seu
1155 2315 1212 2342 fuit
1226 2315 1275 2342 ille
1290 2317 1439 2342 Romanus
1454 2323 1505 2342 seu
1522 2314 1615 2342 hostis
1631 2314 1788 2349 Barbarus,

1088 2367 1139 2386 seu
1155 2359 1281 2386 caelestis
1295 2359 1395 2395 aliqua
1409 2359 1532 2386 validior
1551 2367 1665 2386 manus.

1087 2405 1167 2431 Tunc
1181 2403 1332 2431 Julianum
1348 2404 1431 2431 aiunt
1446 2406 1617 2431 manantem
1633 2403 1809 2439 sanguinem

1088 2448 1213 2476 suﬂ‘osso
1229 2455 1245 2473 ιλ
1259 2448 1349 2476 latere
1365 2456 1452 2475 manu
1469 2456 1538 2475 cava
1554 2449 1707 2483 exceptum

1088 2492 1229 2528 dispersis
1245 2500 1297 2528 per
1310 2500 1406 2520 aerem
1422 2492 1469 2520 his
1482 2492 1579 2520 verbis
1595 2492 1705 2520 additis
1723 2501 1729 2520 :

1087 2537 1245 2571 Nazarene,
1261 2537 1341 2565 sitim
1359 2537 1452 2572 exple.
1467 2537 1549 2571 (Hem
1566 2537 1715 2564 vesaniam
1729 2537 1749 2572 ί)

1086 2600 1261 2628 JOVIANUS
1291 2599 1397 2626 MENS.
1519 2599 1597 2663 SIEU,
1621 2599 1667 2627 UT
1691 2599 1762 2627 ALH
1792 2599 1914 2631 AIUNT,

1086 2693 1217 2725 Juliano,
1234 2692 1312 2720 sicut
1325 2692 1395 2727 dixi,
1412 2693 1472 2720 vita
1488 2693 1588 2721 orbato

1088 2740 1154 2773 post
1171 2737 1343 2765 sceleratam
1359 2737 1469 2765 biennii
1486 2737 1685 2773 tyrannidem,

1086 2782 1224 2818 suffragio
1240 2781 1427 2817 optimatium
1443 2783 1602 2810 castrensis
1618 2782 1733 2810 consilii

1084 2826 1225 2854 Jovianus
1241 2834 1291 2861 per
1302 2826 1331 2853 id
1348 2829 1466 2862 tempus
1481 2826 1621 2854 tribunus
1638 2826 1783 2861 militum,

1084 2871 1128 2899 vir
1143 2871 1239 2899 bonus
1255 2873 1343 2906 atque
1357 2870 1464 2899 Christi
1480 2870 1547 2907 pius
1562 2870 1692 2899 famulus
