4140 6400
348 414 419 472 31
1577 410 1949 465 ΕΡΗΒΕΜΙΙ

1577 410 1949 465 ΕΡΗΒΕΜΙΙ
1984 407 2548 465 CHRONOGRAPHI

352 538 426 596 ad
457 536 694 611 imperii
724 537 1078 610 dignitatem
1108 536 1222 593 fuit
1252 534 1590 601 subvectus,

351 627 720 699 Ceteroquin
753 626 881 697 ipse
913 642 1165 698 regnum
1197 625 1537 695 respuebat,

347 717 565 774 Christi
599 732 661 773 se
690 716 988 771 famulum
1021 730 1151 771 esse
1183 716 1409 781 dicens,

352 812 527 877 atque
556 805 810 863 ethnicis
845 805 1135 860 militibus
1167 803 1597 875 imperaturum
1631 817 1869 871 negans.

352 898 421 951 Hi
455 912 588 951 vero
620 911 756 950 cum
789 893 1172 949 Christicolas
1204 910 1267 947 se
1298 892 1744 956 inclamassent,

351 989 496 1041 tunc
527 984 846 1057 imperium
877 983 1158 1039 Jovianus
1184 980 1404 1052 recepit
1434 980 1724 1052 protinus.

352 1075 422 1130 Et
451 1090 593 1146 pace
625 1090 761 1128 mox
795 1072 1127 1143 composita
1157 1086 1293 1125 cum
1327 1070 1503 1125 Persa
1533 1084 1691 1141 rege,

355 1167 532 1234 atque
563 1161 934 1218 Antiochiam
967 1160 1206 1215 reducto
1240 1158 1519 1227 exercitu,

354 1250 586 1307 exsules
620 1251 843 1305 dudum
873 1250 1170 1321 principes
1200 1253 1469 1319 pastores

351 1341 424 1395 ad
456 1355 597 1394 suos
627 1354 840 1412 greges
870 1339 1060 1395 edicto
1094 1338 1406 1402 revocavit,

359 1444 507 1501 quos
537 1428 691 1483 inter
718 1427 1116 1484 Athanasium
1148 1426 1411 1482 divinum
1445 1423 1777 1497 praesulem,

356 1517 706 1587 cunctisque
736 1517 1006 1572 exhibuit
1034 1515 1387 1571 Christianis

353 1622 455 1662 ver
483 1604 875 1677 tranquillum
902 1608 959 1661 et
984 1603 1344 1662 orthodoxias
1374 1603 1596 1660 lumen.

357 1694 466 1749 Hic
497 1693 838 1750 Galatarum
870 1696 1159 1766 Ancyram
1192 1693 1447 1761 delatus,

356 1783 439 1841 ibi
470 1782 793 1855 improviso
821 1783 984 1838 obitu
1020 1782 1267 1838 excessit
1299 1782 1492 1850 terris,

356 1872 715 1937 recentibus.
751 1876 817 1928 ut
845 1872 1002 1928 fama
1031 1875 1139 1937 est,
1167 1871 1384 1927 voratis
1416 1871 1636 1943 fungis.

355 1961 526 2017 haud
546 1959 865 2034 plusquam
895 1964 1024 2016 octo
1057 1961 1363 2016 mensibus
1393 1977 1570 2033 regno
1603 1961 1836 2016 fruitus.

357 2049 583 2107 Pietate
614 2049 688 2118 is,
718 2054 784 2106 ut
811 2050 953 2121 dixi,
986 2049 1098 2107 fuit
1125 2049 1407 2123 inclytus,

358 2141 570 2208 bonus,
608 2141 991 2213 tranquillus,
1022 2142 1344 2198 benevolus
1374 2157 1512 2213 erga
1540 2140 1834 2211 subditos,

359 2234 711 2303 staturaque
742 2230 1003 2303 corporis
1035 2247 1276 2304 procera
1305 2230 1551 2300 lucens;

361 2319 579 2376 litteris
612 2320 790 2375 etiam
815 2320 1190 2376 mediocriter
1218 2320 1489 2376 eruditus
1512 2338 1527 2387 ;

361 2407 481 2463 vini
513 2412 711 2464 tamen
744 2412 919 2481 atque
952 2409 1170 2465 amoris
1201 2407 1494 2465 illecebris
1526 2406 1834 2464 obnoxius.

361 2495 555 2567 Hujus
582 2497 832 2553 cadaver
852 2498 1011 2568 apud
1043 2497 1389 2570 Byzantium
1422 2497 1627 2553 urbem

363 2585 423 2640 in
457 2591 659 2643 sancto
691 2587 1108 2658 Apostolorum
1142 2587 1360 2661 templo
1392 2590 1483 2643 est
1512 2586 1835 2643 conditum.

736 2702 1327 2761 VALENTINIANUS
1367 2704 1483 2759 AN.
1526 2704 1643 2772 XI;

647 2791 831 2862 SIVE,
874 2792 972 2850 UT
1010 2793 1161 2850 ALII
1214 2792 1464 2865 AIUNT,
1502 2792 1623 2848 ΔΝ.
1664 2790 1730 2846 Χ.

358 2898 498 2953 Post
528 2897 686 2952 hunc
720 2898 940 2951 insedit
970 2897 1187 2967 regiam
1221 2898 1572 2968 dignitatem

360 2984 614 3043 Justitiee
648 2984 829 3041 simul
862 2984 1305 3056 clementiaeque
1330 2985 1629 3056 exemplar

364 3072 823 3130 Valentinianus
851 3073 1325 3130 Christianorum
1359 3075 1566 3145 decus,

364 3162 455 3220 vir
485 3166 765 3232 stremus,
795 3161 1100 3219 animosus
1136 3179 1200 3219 ac
1233 3162 1535 3234 robustus,

361 3250 592 3323 generis
623 3267 691 3307 ex
718 3251 1023 3307 Pannonia
1052 3250 1294 3321 stirpem
1323 3251 1599 3320 trahens;

358 3339 634 3412 princeps
666 3340 856 3396 bonus
887 3345 945 3395 et
974 3341 1256 3413 providus
1287 3357 1426 3414 erga
1456 3340 1749 3411 subditos,

358 3428 457 3499 qui
487 3428 828 3501 peregrinas
860 3430 1161 3501 quondam
1192 3431 1252 3486 in
1283 3431 1572 3503 regiones,

358 3520 559 3588 utpote
586 3518 952 3574 Christianus
984 3519 1285 3588 Deumque
1318 3520 1615 3575 Christum
1647 3518 1865 3591 colens,

362 3605 435 3662 ab
467 3610 735 3678 apostata
762 3606 1001 3664 Juliano
1032 3607 1242 3681 pulsus
1275 3609 1503 3682 fuerat;

363 3711 521 3750 nunc
552 3697 735 3751 redux
765 3698 837 3753 ad
870 3698 1207 3767 exercitum,
1244 3701 1523 3755 tribunus
1554 3705 1697 3755 erat.

365 3783 422 3837 Is
450 3781 550 3838 ubi
577 3799 919 3855 supremam
950 3784 1299 3857 dignitatem
1332 3787 1497 3858 adiit,

365 3870 600 3943 imperii
629 3873 857 3930 socium
889 3875 1128 3930 fratrem
1159 3877 1365 3932 ascivit
1395 3894 1593 3947 suum,

364 3975 765 4016 aerumnosum
799 3960 1129 4035 Valentem,
1158 3964 1279 4019 Arii
1311 3965 1620 4034 asseclam,

365 4047 460 4105 cui
491 4054 688 4121 partes
720 4050 976 4108 Orientis
1003 4054 1291 4125 regendas
1319 4055 1564 4111 tradidit
1588 4072 1602 4111 :

364 4138 492 4208 ipse
522 4155 657 4194 vero
687 4139 960 4195 Occiduis
992 4141 1084 4213 pie
1115 4143 1363 4215 praefuit,

368 4226 469 4281 ubi
501 4226 761 4299 trophaea
789 4229 1011 4286 nobilia
1041 4231 1111 4286 de
1139 4232 1466 4289 barbaricis

367 4314 642 4386 gentibus
671 4319 851 4375 victor
878 4323 1087 4376 statuit
1115 4338 1223 4392 ope
1252 4323 1542 4380 Numinis.

371 4409 477 4466 Hic
506 4412 706 4467 omnia
735 4412 875 4468 boni
906 4429 1257 4484 expromens
1288 4414 1574 4487 principis

365 4501 729 4574 justitiaeque
759 4520 957 4560 amore
988 4506 1315 4576 praesertim
1349 4506 1626 4577 ﬂagrans,

369 4591 825 4649 orthodoxorum
855 4595 1198 4668 dogmatum
1231 4594 1521 4663 defensor,

372 4680 699 4751 spatiosum
732 4683 858 4739 vita
891 4684 1257 4740 curriculum
1290 4700 1569 4740 emensus
1601 4686 1712 4751 est,

373 4774 431 4825 et
460 4787 639 4828 cursu
668 4773 799 4828 vitae
832 4778 887 4829 et
916 4774 1167 4829 termino
1197 4774 1406 4829 beatus
1436 4775 1620 4843 visus,

373 4861 620 4932 expletis
652 4865 906 4934 quatuor
935 4879 1115 4935 supra
1144 4863 1419 4936 octogina
1446 4863 1617 4920 annis

375 4964 612 5006 summo
642 4951 700 5005 in
736 4952 929 5008 favore
964 4953 1235 5009 Numinis
1267 4954 1699 5023 beatitateque;

377 5054 445 5093 ex
474 5056 588 5111 quo
621 5040 937 5113 imperium
968 5047 1308 5115 susceperat
1338 5043 1509 5100 annis
1544 5041 1841 5099 undecim.

378 5128 480 5185 Hic
510 5132 653 5185 dum
682 5131 742 5185 in
776 5131 960 5187 Gallis
992 5133 1250 5203 degeret,
1284 5139 1535 5189 mortem
1565 5133 1734 5199 obiit,

377 5218 657 5275 Gratiano
687 5220 808 5277 ﬁlio
840 5221 1155 5293 imperium
1189 5222 1532 5294 reiinquens

376 5307 499 5363 viro
532 5316 823 5364 rectorum
854 5309 1193 5381 dogmatum
1223 5309 1539 5365 defensori.

749 5423 1035 5481 VALENS
1078 5425 1196 5482 AN.
1238 5425 1341 5491 III,
1380 5425 1514 5481 SEU
1554 5424 1650 5481 IV.

375 5529 629 5588 Orientis
657 5530 895 5588 interim
925 5538 1197 5606 regnator
1224 5531 1442 5589 Valens

374 5621 726 5679 Arianorum
758 5622 994 5680 deditus
1026 5621 1296 5692 vesaniae,

2033 533 2087 602 Α
2297 530 2395 594 Εἷς
2432 528 2711 606 βασιλείας
2742 530 2805 585 τὸ
2835 527 3031 603 κράτος
3056 528 3381 604 προεκρίθη·

2160 619 2266 676 475
2302 620 2359 673 '0
2387 616 2433 673 δ’
2454 622 2519 687 ἦν
2553 619 2781 687 ἀπειθὴς
2813 618 2949 688 πρὸς
2983 617 3044 671 τὸ
3077 614 3319 686 δέξασθαι
3350 613 3573 691 κράτος.

2302 713 2544 784 Χριστοῦ
2578 709 2670 781 μὲν
2700 707 2858 762 αὐτὸν
2891 707 3107 775 οἰκέτην
3142 708 3275 761 εἶναι
3304 702 3504 781 λέγων,

2303 797 2401 852 Καὶ
2438 798 2514 870 μή
2542 800 2870 872 κραταρχεῖν
2900 790 3127 857 ἀσεϐοῦς
3158 798 3388 870 στρατοῦ
3413 791 3610 858 θέλειν*

2304 887 2529 943 Τούτων
2562 884 2619 941 δὲ
2646 888 2878 958 Χριστὸν
2912 885 3324 960 ἀνακραξάντων
3360 877 3560 955 σέϐειν,

2300 975 2476 1041 Εὐθὺς
2509 977 2812 1045 ἀνεζώσατο
2838 975 2936 1044 τὴν
2967 972 3330 1049 κραταρχίαν·

2158 1069 2264 1123 480
2301 1066 2398 1119 Καὶ
2432 1065 2711 1120 σπένδεται
2744 1062 2801 1119 δὲ
2829 1069 2909 1136 τῷ
2938 1066 3228 1139 κρατοῦντι
3260 1058 3545 1135 Περσίδος·

2300 1154 2403 1211 Καὶ
2432 1153 2523 1209 σὺν
2560 1158 2782 1229 στρατιᾷ
2810 1154 2909 1223 τὴν
2941 1151 3231 1226 Ἀντιόχου
3265 1149 3467 1228 φθάσας

2299 1242 2443 1305 Τοὺς
2473 1243 2598 1318 πρὶν
2633 1239 2875 1319 φυγάδας
2904 1240 3203 1317 άρχιθύτας
3235 1239 3502 1311 ποιμένας

2295 1332 2393 1394 Εἲς
2426 1336 2573 1408 σφῶν
2609 1330 2917 1407 ἐπανήγαγε
2946 1327 3371 1403 ποιμεναρχίας,

2298 1428 2428 1486 Μεθ’
2449 1423 2525 1477 ὧν
2558 1422 2868 1479 Ἀθανάσιον
2902 1414 3085 1475 ἔνθεον
3120 1417 3315 1490 θύτην,

2153 1514 2260 1569 485
2298 1511 2397 1568 Καὶ
2427 1516 2587 1565 πᾶσιν
2622 1505 2913 1585 ἐϐράϐευσε
2942 1514 3058 1571 τοῖς
3087 1505 3503 1583 Χριστωνύμοις

2294 1602 2428 1677 Ἔαρ
2449 1599 2689 1675 γαληνὸν
2724 1596 3038 1673 ὀρθοδοξίας
3068 1596 3223 1675 φάος.

2293 1689 2391 1750 Εἰς
2418 1690 2691 1764 Ἀγκυραν
2726 1686 2783 1742 δὲ
2812 1687 3100 1761 πεφθακὼς
3133 1683 3400 1746 Γαλατίας

2296 1778 2447 1834 Ἐκεῖ
2475 1780 2702 1846 τεΛευτᾷ
2734 1774 2936 1851 διάγων
2968 1773 3219 1845 ἐξαπίνης

2443 1865 2494 1916 ὒν
2524 1866 2771 1916 μύκητας
2800 1864 3098 1916 ἀοτιωυεῖς.
3130 1862 3202 1916 ὡς
3235 1861 3369 1916 λόγο

2035 1902 2085 1969 Β
2294 1865 2494 1942 Φαγών
2523 1866 2771 1939 μύκητας
2800 1864 3098 1943 ἀρτιφυεῖς,
3130 1862 3203 1925 ὡς
3235 1860 3425 1938 λόγος,

2156 1959 2262 2015 490
2298 1958 2478 2014 Ὀκτώ
2509 1955 2801 2030 κατασχὼν
2839 1960 3012 2027 μῆνας
3045 1953 3225 2027 ἀρχὴν
3257 1952 3347 2006 καὶ
3385 1952 3606 2023 μόνους·

2296 2048 2570 2120 ’Υπῆρχεν
2605 2044 2763 2106 οὗτος
2794 2037 3020 2112 εὐσεϐὴς
3056 2043 3173 2115 μὲν,
3206 2041 3280 2102 ὡς
3309 2035 3461 2114 ἔθφν,

2298 2135 2548 2208 Χρηστὸς
2580 2132 2824 2207 γαληνὸς
2856 2131 3091 2205 εὐμενὴς
3123 2127 3415 2199 ὑπηκόοις,

2298 2220 2642 2297 Ἀναδρομήν
2677 2223 2931 2295 σώματος
2964 2219 3179 2293 εὐμήκη
3214 2218 3437 2298 φέρωνρ

2302 2312 2402 2366 Καὶ
2434 2312 2777 2387 γραμμάτων
2812 2307 2870 2365 δὲ
2901 2310 3135 2385 μετρίως
3166 2306 3511 2385 γεγευμένος·

2159 2404 2267 2459 495
2307 2407 2553 2473 ’Ήττητο
2580 2398 2626 2456 δ’
2658 2398 2812 2455 οἴνου
2835 2401 2926 2454 σὺν
2964 2395 3389 2475 έρωτοληψίαις

2303 2490 2405 2549 Καὶ
2435 2487 2584 2546 τοῦδ’
2616 2491 2643 2544 ὁ
2673 2490 2862 2565 νεκρὸς
2892 2488 2946 2543 έν
2978 2485 3139 2543 πόλει
3171 2481 3457 2555 Βυζαντίδι

2303 2581 2392 2637 Ἐν
2426 2581 2611 2656 εὐαγεῖ
2629 2579 2863 2634 τέθαπτο
2894 2576 3148 2651 κηρύκων
3185 2572 3365 2649 δόμῳ.

2228 2697 2835 2757 ΟΥΑΑΕΝΩΙΝΙΔΝΟΣ
2880 2697 2993 2752 ET.
3039 2695 3146 2750 IA’.
3187 2693 3262 2748 OI
3302 2693 3406 2748 AE.
3452 2695 3553 2749 ET.
3596 2689 3634 2745 Γ
3660 2728 3674 2743 .

2301 2895 2435 2951 Εἶτα
2463 2894 2742 2970 παρῆλθεν
2772 2893 2849 2955 εἷς
2886 2891 3160 2969 βασίλειον
3192 2889 3390 2965 κράτος

2305 2985 2684 3052 Δικαιοσύνης,
2717 2983 3033 3057 πραότητος
3067 2978 3131 3033 αὖ
3161 2978 3332 3038 τύπος

2159 3076 2267 3130 500
2304 3070 2748 3134 Οὐαλεντινιανὸς
2778 3064 3012 3125 εὐσεϐῶν
3045 3065 3231 3133 κλέος,

2304 3159 2567 3217 Γεννάδας
2601 3161 2760 3234 ἀνὴρ,
2795 3157 3073 3226 εὐσθενὴς,
3106 3150 3416 3230 ῥωμαλέος,

2042 3261 2087 3332 c
2305 3253 2402 3309 Ἐκ
2430 3248 2703 3309 Πανονίας
2736 3248 2975 3332 ἀρχῆθεν
3009 3242 3365 3332 ὡρμημένος,

2306 3342 2537 3415 Κράτωρ
2568 3337 2787 3414 ἀγαθὸς,
2818 3331 3075 3406 κηδεμὼν
3110 3331 3392 3403 ὑπηκόων,

2306 3428 2403 3491 Εἷς
2434 3424 2759 3495 ἀλλοδαπὴν
2793 3420 3088 3496 έξορισθείς
3117 3443 3222 3475 που
3256 3419 3430 3495 χθόνα

2156 3523 2265 3577 505
2306 3520 2396 3580 Ὡς
2426 3515 2744 3590 Χριστιανὸς
2772 3514 2864 3569 καὶ
2896 3512 3027 3567 Θεὸν
3058 3511 3289 3587 Χριστόν
3323 3504 3495 3563 σέϐων

2301 3607 2609 3665 Ἰουλιανοῦ
2640 3606 2775 3680 πρὸς
2802 3596 3127 3676 Παραϐάτου
3158 3598 3348 3655 πάλαι·

2304 3698 2419 3757 Εἶτ’
2450 3694 2778 3765 ἀνακληθεὶς
2810 3692 3148 3767 χρημανίζει
3178 3684 3494 3766 τρεϐοὖνος.

2303 3787 2392 3849 Ὧς
2425 3785 2515 3841 οὗν
2551 3783 2855 3852 ἆνεζώσατο
2885 3782 2985 3849 τὴν
3015 3775 3377 3856 κραταρχίαν,

2300 3874 2573 3930 Κοινωνὸν
2607 3872 2790 3948 ἀρχῆς
2817 3870 3079 3946 σὺγγονον
3104 3860 3517 3943 προσλαμϐάνει

2155 3969 2262 4024 510
2298 3964 2520 4023 Ἀθλιον
2556 3961 2838 4022 Οὐάλεντα
2874 3959 3080 4033 μύστην
3116 3956 3354 4032 Ἀρείου*

2297 4054 2396 4108 Καὶ
2433 4057 2633 4127 μοῖραν
2666 4050 2813 4121 αὐτῷ
2845 4044 3121 4123 παραδοὺς
3142 4046 3240 4114 τὴν
3264 4047 3362 4113 τῆς
3385 4046 3524 4115 Ἕω,

2298 4143 2471 4206 Αὐτὸς
2503 4144 2777 4215 κατῆρχεν
2809 4130 3043 4199 εὐσεϐῶς
3074 4142 3171 4205 τῆς
3201 4135 3491 4211 Ἑσπέραςς

2302 4237 2583 4310 Ηεριφανῆ
2617 4229 2853 4306 τρόπαια
2881 4228 3017 4283 κατᾶ
3048 4220 3344 4302 Βαρϐάρων

2306 4325 2404 4380 Καὶ
2436 4324 2589 4386 νίκας
2614 4323 2764 4382 ἱστὰς
2793 4324 2863 4394 τῇ
2889 4322 3027 4375 Θεοῦ
3059 4317 3373 4393 συμμαχίᾳ·

2159 4418 2267 4474 515
2306 4415 2405 4469 Καὶ
2428 4413 2599 4467 πάντα
2623 4414 2796 4466 ποιῶν
2827 4410 2911 4471 οἷς
2938 4407 3253 4482 σεμνύνεται
3284 4404 3523 4483 κράτωρ,

2309 4500 2670 4571 Δικαιοσύνης
2701 4499 2756 4560 ές
2785 4499 2852 4553 τὰ
2886 4496 3121 4572 μάλιστα
3152 4496 3337 4575 φίλος,

2056 4620 2103 4685 D
2312 4591 2415 4685 Rati
2446 4588 2739 4665 δογμάτων
2758 4582 3429 4685 ’πρόμαχος.ὀρ’θοδοξίας,

2315 4679 2600 4749 ΙΙολυετής
2634 4698 2717 4739 τις
2748 4677 3036 4751 ἀναφανεὶς
3065 4673 3117 4730 έν
3151 4675 3279 4751 βίῳ,

2314 4770 2413 4824 Καὶ
2448 4766 2776 4844 μακαριστὸς
2807 4769 2902 4820 τοῦ
2938 4764 3057 4841 βίου
3085 4763 3173 4819 καὶ
3204 4767 3301 4818 τοῦ
3329 4761 3545 4831 τέλους,

2172 4862 2279 4917 520
2316 4857 2481 4919 Βιοὺς
2515 4853 2854 4932 ὀγδοήκοντα
2880 4860 2983 4923 τῆς
3017 4858 3160 4922 ζωῆς
3188 4853 3425 4927 χρόνους

2318 4948 2460 5024 Πρὸς
2488 4947 2735 5018 τέτρασιν
2764 4941 2828 4997 αὖ
2857 4943 3051 5005 ένθέως
3074 4938 3433 5012 εύδαιμόνως,

2318 5038 2433 5115 ’Λφ’
2465 5036 2538 5089 ὧν
2570 5034 2829 5109 κατῆρξεν
2860 5027 3049 5085 ἕνδεκα
3072 5030 3433 5105 κραταρχίας·

2320 5127 2494 5186 Οὗτος
2520 5126 2749 5193 τελευτᾷ
2779 5119 2977 5196 διάγων
3012 5120 3065 5174 ἐν
3095 5118 3382 5188 Γαλλίαις,

2318 5216 2432 5287 Υἱῷ
2463 5211 2743 5274 λελοιπὼς
2772 5210 3052 5287 Γρατιανῷ
3071 5209 3135 5265 τὸ
3166 5208 3387 5286 κράτος,

2173 5309 2281 5363 525
2321 5301 2505 5381 Ἀνδρὶ
2537 5302 2819 5379 προμάχῳ
2852 5298 3138 5377 δογμάτων
3168 5296 3539 5376 ὄρθοφρόνων,

2322 5421 2601 5480 orAAnz
2640 5420 2755 5476 ET.
2797 5418 2871 5475 r'.
2903 5418 3017 5491 (ιτ)
3060 5418 3131 5475 01
3170 5420 3254 5472 ΔΕ
3294 5416 3397 5472 ET.
3442 5414 3514 5471 Δι’.

2317 5530 2379 5586 Ὁ
2412 5526 2460 5583 δ’
2486 5524 2551 5582 αὗ
2582 5525 2806 5598 Οὐάλης
2840 5522 3143 5602 βασιλεύων
3174 5530 3277 5595 τῆς
3302 5529 3415 5579 Ἐω

2323 5618 2430 5675 Καὶ
2459 5616 2831 5690 καθυπαχθεὶς
2864 5617 3155 5692 ’Λρειανῶν
3193 5615 3379 5689 μανίᾳ,

445 5750 559 5824 (17)
590 5748 856 5823 Intelligo
884 5756 1007 5809 tres
1034 5751 1125 5809 vel
1158 5755 1413 5824 quatuor
1443 5767 1633 5809 annos
1665 5754 1807 5823 post
1826 5750 2223 5811 Valentiniani
2254 5747 2452 5807 fratris
2482 5746 2729 5805 obitum.
