  <div class='ocr_page' id='page_1' title='image "/cluster/home/n/w/nwhite01/storage/ocr_20150623/143:no.1/coo.31924054870484/024.png"; bbox 0 0 4140 6422; ppageno 0'>
   <div class='ocr_carea' id='block_1_1' title="bbox 417 412 492 468">
    <p class='ocr_par' dir='ltr' id='par_1_1' title="bbox 417 412 492 468">
     <span class='ocr_line' id='line_1_1' title="bbox 417 412 492 468; baseline 0 0"><span class='ocrx_word' id='word_1_1' title='bbox 417 412 492 468; x_wconf 88' lang='grc'><strong>33</strong></span> 
     </span>
    </p>
   </div>
   <div class='ocr_carea' id='block_1_2' title="bbox 604 525 1838 613">
    <p class='ocr_par' dir='ltr' id='par_1_2' title="bbox 604 525 1838 613">
     <span class='ocr_line' id='line_1_2' title="bbox 604 525 1838 613; baseline -0.008 -23"><span class='ocrx_word' id='word_1_2' title='bbox 604 530 853 613; x_wconf 88' lang='grc' dir='ltr'>Σφοδρὸς</span> <span class='ocrx_word' id='word_1_3' title='bbox 887 530 1127 603; x_wconf 87' lang='grc' dir='ltr'>διώκτης</span> <span class='ocrx_word' id='word_1_4' title='bbox 1158 526 1593 605; x_wconf 81' lang='grc' dir='ltr'>ὀρθοδοξούντων</span> <span class='ocrx_word' id='word_1_5' title='bbox 1628 525 1838 601; x_wconf 85' lang='grc' dir='ltr'>λάχους</span> 
     </span>
    </p>
   </div>
   <div class='ocr_carea' id='block_1_3' title="bbox 602 614 1800 695">
    <p class='ocr_par' dir='ltr' id='par_1_3' title="bbox 602 614 1800 695">
     <span class='ocr_line' id='line_1_3' title="bbox 602 614 1800 695; baseline -0.01 -13"><span class='ocrx_word' id='word_1_6' title='bbox 602 627 703 682; x_wconf 86' lang='grc' dir='ltr'>Ἦν</span> <span class='ocrx_word' id='word_1_7' title='bbox 735 621 826 678; x_wconf 83' lang='grc' dir='ltr'>καὶ</span> <span class='ocrx_word' id='word_1_8' title='bbox 857 620 1138 691; x_wconf 76' lang='grc' dir='ltr'>κολαστὴς</span> <span class='ocrx_word' id='word_1_9' title='bbox 1170 617 1460 693; x_wconf 74' lang='grc' dir='ltr'>δυσμενὴς,</span> <span class='ocrx_word' id='word_1_10' title='bbox 1485 614 1800 695; x_wconf 83' lang='grc' dir='ltr'>φρικαλέος’</span> 
     </span>
    </p>
   </div>
   <div class='ocr_carea' id='block_1_4' title="bbox 457 704 1769 790">
    <p class='ocr_par' dir='ltr' id='par_1_4' title="bbox 457 704 1769 790">
     <span class='ocr_line' id='line_1_4' title="bbox 457 704 1769 790; baseline -0.011 -18"><span class='ocrx_word' id='word_1_11' title='bbox 457 717 569 772; x_wconf 87' lang='grc'>530</span> <span class='ocrx_word' id='word_1_12' title='bbox 607 711 942 790; x_wconf 81' lang='grc' dir='ltr'>’Δρχιθύτας</span> <span class='ocrx_word' id='word_1_13' title='bbox 980 711 1074 784; x_wconf 78' lang='grc' dir='ltr'>μὶν</span> <span class='ocrx_word' id='word_1_14' title='bbox 1108 708 1371 782; x_wconf 74' lang='grc' dir='ltr'>ποιμένας</span> <span class='ocrx_word' id='word_1_15' title='bbox 1408 704 1769 766; x_wconf 81' lang='grc' dir='ltr'>διδασκάλους</span> 
     </span>
    </p>
   </div>
   <div class='ocr_carea' id='block_1_5' title="bbox 606 794 1827 876">
    <p class='ocr_par' dir='ltr' id='par_1_5' title="bbox 606 794 1827 876">
     <span class='ocr_line' id='line_1_5' title="bbox 606 794 1827 876; baseline -0.008 -18"><span class='ocrx_word' id='word_1_16' title='bbox 606 804 858 876; x_wconf 88' lang='grc' dir='ltr'>Ποίμνης</span> <span class='ocrx_word' id='word_1_17' title='bbox 892 800 1135 856; x_wconf 86' lang='grc' dir='ltr'>ἐλαύνων</span> <span class='ocrx_word' id='word_1_18' title='bbox 1169 798 1257 852; x_wconf 84' lang='grc' dir='ltr'>καὶ</span> <span class='ocrx_word' id='word_1_19' title='bbox 1288 798 1457 859; x_wconf 80' lang='grc' dir='ltr'>τιθεὶς</span> <span class='ocrx_word' id='word_1_20' title='bbox 1490 794 1827 872; x_wconf 64' lang='grc' dir='ltr'>πορρωτάτω</span> 
     </span>
    </p>
   </div>
   <div class='ocr_carea' id='block_1_6' title="bbox 605 881 1779 963">
    <p class='ocr_par' dir='ltr' id='par_1_6' title="bbox 605 881 1779 963">
     <span class='ocr_line' id='line_1_6' title="bbox 605 881 1779 963; baseline -0.008 -17"><span class='ocrx_word' id='word_1_21' title='bbox 605 890 702 948; x_wconf 84' lang='grc' dir='ltr'>Καὶ</span> <span class='ocrx_word' id='word_1_22' title='bbox 730 889 1016 951; x_wconf 81' lang='grc' dir='ltr'>ποικίλαις</span> <span class='ocrx_word' id='word_1_23' title='bbox 1050 891 1184 960; x_wconf 81' lang='grc' dir='ltr'>σφᾶς</span> <span class='ocrx_word' id='word_1_24' title='bbox 1211 881 1473 963; x_wconf 87' lang='grc' dir='ltr'>ἐκτρίϐων</span> <span class='ocrx_word' id='word_1_25' title='bbox 1506 884 1779 961; x_wconf 68' lang='grc' dir='ltr'>βασάνοιςσ</span> 
     </span>
    </p>
   </div>
   <div class='ocr_carea' id='block_1_7' title="bbox 607 972 1705 1048">
    <p class='ocr_par' dir='ltr' id='par_1_7' title="bbox 607 972 1705 1048">
     <span class='ocr_line' id='line_1_7' title="bbox 607 972 1705 1048; baseline -0.007 -13"><span class='ocrx_word' id='word_1_26' title='bbox 607 983 743 1036; x_wconf 88' lang='grc' dir='ltr'>Θεοῦ</span> <span class='ocrx_word' id='word_1_27' title='bbox 774 977 832 1034; x_wconf 74' lang='grc' dir='ltr'>δὲ</span> <span class='ocrx_word' id='word_1_28' title='bbox 864 977 1028 1043; x_wconf 88' lang='grc' dir='ltr'>θύτας</span> <span class='ocrx_word' id='word_1_29' title='bbox 1058 975 1292 1032; x_wconf 78' lang='grc' dir='ltr'>κωλύων</span> <span class='ocrx_word' id='word_1_30' title='bbox 1326 974 1483 1040; x_wconf 80' lang='grc' dir='ltr'>θείων</span> <span class='ocrx_word' id='word_1_31' title='bbox 1520 972 1705 1048; x_wconf 81' lang='grc' dir='ltr'>δόμων</span> 
     </span>
    </p>
   </div>
   <div class='ocr_carea' id='block_1_8' title="bbox 604 1063 1665 1143">
    <p class='ocr_par' dir='ltr' id='par_1_8' title="bbox 604 1063 1665 1143">
     <span class='ocr_line' id='line_1_8' title="bbox 604 1063 1665 1143; baseline -0.008 -18"><span class='ocrx_word' id='word_1_32' title='bbox 604 1069 863 1143; x_wconf 73' lang='grc' dir='ltr'>Εἷρκταῖς</span> <span class='ocrx_word' id='word_1_33' title='bbox 894 1063 1207 1122; x_wconf 80' lang='grc' dir='ltr'>ἐναπέκλειε</span> <span class='ocrx_word' id='word_1_34' title='bbox 1240 1063 1665 1139; x_wconf 56' lang='grc' dir='ltr'>δεσμωτηρίοις</span> 
     </span>
    </p>
   </div>
   <div class='ocr_carea' id='block_1_9' title="bbox 461 1150 1716 1231">
    <p class='ocr_par' dir='ltr' id='par_1_9' title="bbox 461 1150 1716 1231">
     <span class='ocr_line' id='line_1_9' title="bbox 461 1150 1716 1231; baseline -0.009 -15"><span class='ocrx_word' id='word_1_35' title='bbox 461 1161 570 1216; x_wconf 88' lang='grc'>535</span> <span class='ocrx_word' id='word_1_36' title='bbox 605 1156 854 1218; x_wconf 76' lang='grc' dir='ltr'>νΑλλους</span> <span class='ocrx_word' id='word_1_37' title='bbox 885 1154 943 1211; x_wconf 77' lang='grc' dir='ltr'>δὲ</span> <span class='ocrx_word' id='word_1_38' title='bbox 977 1153 1128 1231; x_wconf 85' lang='grc' dir='ltr'>βυθῷ</span> <span class='ocrx_word' id='word_1_39' title='bbox 1156 1154 1245 1209; x_wconf 81' lang='grc' dir='ltr'>καὶ</span> <span class='ocrx_word' id='word_1_40' title='bbox 1277 1154 1408 1226; x_wconf 84' lang='grc' dir='ltr'>πυρὶ</span> <span class='ocrx_word' id='word_1_41' title='bbox 1440 1150 1716 1223; x_wconf 80' lang='grc' dir='ltr'>θαλαττίῳ</span> 
     </span>
    </p>
   </div>
   <div class='ocr_carea' id='block_1_10' title="bbox 606 1241 1670 1323">
    <p class='ocr_par' dir='ltr' id='par_1_10' title="bbox 606 1241 1670 1323">
     <span class='ocr_line' id='line_1_10' title="bbox 606 1241 1670 1323; baseline -0.006 -21"><span class='ocrx_word' id='word_1_42' title='bbox 606 1246 712 1302; x_wconf 81' lang='grc' dir='ltr'>Σὺν</span> <span class='ocrx_word' id='word_1_43' title='bbox 740 1242 1098 1323; x_wconf 84' lang='grc' dir='ltr'>πυριφλέκτῳ</span> <span class='ocrx_word' id='word_1_44' title='bbox 1127 1242 1222 1315; x_wconf 80' lang='grc' dir='ltr'>νηΐ</span> <span class='ocrx_word' id='word_1_45' title='bbox 1248 1241 1670 1318; x_wconf 75' lang='grc' dir='ltr'>κατεπυρπόλειο</span> 
     </span>
    </p>
   </div>
   <div class='ocr_carea' id='block_1_11' title="bbox 604 1331 1831 1412">
    <p class='ocr_par' dir='ltr' id='par_1_11' title="bbox 604 1331 1831 1412">
     <span class='ocr_line' id='line_1_11' title="bbox 604 1331 1831 1412; baseline -0.007 -18"><span class='ocrx_word' id='word_1_46' title='bbox 604 1339 863 1412; x_wconf 86' lang='grc' dir='ltr'>Ἕστεργε</span> <span class='ocrx_word' id='word_1_47' title='bbox 894 1332 940 1389; x_wconf 86' lang='grc' dir='ltr'>δ’</span> <span class='ocrx_word' id='word_1_48' title='bbox 972 1335 1049 1397; x_wconf 83' lang='grc' dir='ltr'>ὡς</span> <span class='ocrx_word' id='word_1_49' title='bbox 1084 1332 1319 1408; x_wconf 87' lang='grc' dir='ltr'>μάλιστα</span> <span class='ocrx_word' id='word_1_50' title='bbox 1350 1331 1554 1407; x_wconf 88' lang='grc' dir='ltr'>μύστας</span> <span class='ocrx_word' id='word_1_51' title='bbox 1597 1332 1831 1404; x_wconf 80' lang='grc' dir='ltr'>Ἀρείου,</span> 
     </span>
    </p>
   </div>
   <div class='ocr_carea' id='block_1_12' title="bbox 605 1422 1804 1500">
    <p class='ocr_par' dir='ltr' id='par_1_12' title="bbox 605 1422 1804 1500">
     <span class='ocr_line' id='line_1_12' title="bbox 605 1422 1804 1500; baseline -0.004 -18"><span class='ocrx_word' id='word_1_52' title='bbox 605 1425 709 1484; x_wconf 81' lang='grc' dir='ltr'>Καὶ</span> <span class='ocrx_word' id='word_1_53' title='bbox 736 1423 898 1481; x_wconf 87' lang='grc' dir='ltr'>τοῦδε</span> <span class='ocrx_word' id='word_1_54' title='bbox 926 1431 1043 1487; x_wconf 86' lang='grc' dir='ltr'>τοῖς</span> <span class='ocrx_word' id='word_1_55' title='bbox 1070 1422 1330 1500; x_wconf 75' lang='grc' dir='ltr'>δόγμασιν</span> <span class='ocrx_word' id='word_1_56' title='bbox 1364 1424 1525 1498; x_wconf 80' lang='grc' dir='ltr'>ἀπρὶξ</span> <span class='ocrx_word' id='word_1_57' title='bbox 1555 1422 1804 1497; x_wconf 81' lang='grc' dir='ltr'>ἐμμένων</span> 
     </span>
    </p>
   </div>
   <div class='ocr_carea' id='block_1_13' title="bbox 604 1510 1703 1586">
    <p class='ocr_par' dir='ltr' id='par_1_13' title="bbox 604 1510 1703 1586">
     <span class='ocr_line' id='line_1_13' title="bbox 604 1510 1703 1586; baseline -0.005 -13"><span class='ocrx_word' id='word_1_58' title='bbox 604 1514 933 1586; x_wconf 80' lang='grc' dir='ltr'>Ἐκκλησίας</span> <span class='ocrx_word' id='word_1_59' title='bbox 962 1510 1174 1586; x_wconf 77' lang='grc' dir='ltr'>ἔνειμεν</span> <span class='ocrx_word' id='word_1_60' title='bbox 1210 1515 1395 1576; x_wconf 80' lang='grc' dir='ltr'>αὐτοῖς</span> <span class='ocrx_word' id='word_1_61' title='bbox 1422 1514 1518 1577; x_wconf 79' lang='grc' dir='ltr'>τὰς</span> <span class='ocrx_word' id='word_1_62' title='bbox 1548 1512 1703 1581; x_wconf 74' lang='grc' dir='ltr'>ὅλας,</span> 
     </span>
    </p>
   </div>
   <div class='ocr_carea' id='block_1_14' title="bbox 459 1597 1830 1680">
    <p class='ocr_par' dir='ltr' id='par_1_14' title="bbox 459 1597 1830 1680">
     <span class='ocr_line' id='line_1_14' title="bbox 459 1597 1830 1680; baseline -0.004 -17"><span class='ocrx_word' id='word_1_63' title='bbox 459 1607 567 1663; x_wconf 72' lang='grc'>540</span> <span class='ocrx_word' id='word_1_64' title='bbox 604 1609 764 1680; x_wconf 82' lang='grc' dir='ltr'>Σφῶν</span> <span class='ocrx_word' id='word_1_65' title='bbox 798 1601 1126 1679; x_wconf 80' lang='grc' dir='ltr'>όρθοδόξους</span> <span class='ocrx_word' id='word_1_66' title='bbox 1160 1597 1405 1658; x_wconf 81' lang='grc' dir='ltr'>ἐκϐαλὼν</span> <span class='ocrx_word' id='word_1_67' title='bbox 1448 1600 1830 1677; x_wconf 86' lang='grc' dir='ltr'>κακοτρόπως.</span> 
     </span>
    </p>
   </div>
   <div class='ocr_carea' id='block_1_15' title="bbox 605 1688 1808 1767">
    <p class='ocr_par' dir='ltr' id='par_1_15' title="bbox 605 1688 1808 1767">
     <span class='ocr_line' id='line_1_15' title="bbox 605 1688 1808 1767; baseline -0.004 -17"><span class='ocrx_word' id='word_1_68' title='bbox 605 1697 828 1758; x_wconf 79' lang='grc' dir='ltr'>Σκυθῶν</span> <span class='ocrx_word' id='word_1_69' title='bbox 857 1691 917 1749; x_wconf 68' lang='grc' dir='ltr'>δὲ</span> <span class='ocrx_word' id='word_1_70' title='bbox 947 1692 1165 1767; x_wconf 79' lang='grc' dir='ltr'>Θρᾴκης</span> <span class='ocrx_word' id='word_1_71' title='bbox 1195 1689 1616 1763; x_wconf 86' lang='grc' dir='ltr'>καταδηούντων</span> <span class='ocrx_word' id='word_1_72' title='bbox 1647 1688 1808 1765; x_wconf 81' lang='grc' dir='ltr'>ὅρους</span> 
     </span>
    </p>
   </div>
   <div class='ocr_carea' id='block_1_16' title="bbox 605 1779 1781 1859">
    <p class='ocr_par' dir='ltr' id='par_1_16' title="bbox 605 1779 1781 1859">
     <span class='ocr_line' id='line_1_16' title="bbox 605 1779 1781 1859; baseline -0.003 -21"><span class='ocrx_word' id='word_1_73' title='bbox 605 1784 701 1839; x_wconf 80' lang='grc' dir='ltr'>Καὶ</span> <span class='ocrx_word' id='word_1_74' title='bbox 732 1783 909 1838; x_wconf 87' lang='grc' dir='ltr'>πάντα</span> <span class='ocrx_word' id='word_1_75' title='bbox 938 1779 1194 1859; x_wconf 85' lang='grc' dir='ltr'>δρώντων</span> <span class='ocrx_word' id='word_1_76' title='bbox 1224 1782 1495 1849; x_wconf 81' lang='grc' dir='ltr'>Σκυθικὴν</span> <span class='ocrx_word' id='word_1_77' title='bbox 1526 1779 1781 1855; x_wconf 80' lang='grc' dir='ltr'>ἐρημίαν,</span> 
     </span>
    </p>
   </div>
   <div class='ocr_carea' id='block_1_17' title="bbox 602 1865 1744 1946">
    <p class='ocr_par' dir='ltr' id='par_1_17' title="bbox 602 1865 1744 1946">
     <span class='ocr_line' id='line_1_17' title="bbox 602 1865 1744 1946; baseline -0.005 -17"><span class='ocrx_word' id='word_1_78' title='bbox 602 1873 767 1943; x_wconf 83' lang='grc' dir='ltr'>Ἀναξ</span> <span class='ocrx_word' id='word_1_79' title='bbox 798 1871 1186 1946; x_wconf 81' lang='grc' dir='ltr'>ἐπεστράτευσε</span> <span class='ocrx_word' id='word_1_80' title='bbox 1208 1867 1391 1927; x_wconf 85' lang='grc' dir='ltr'>τοῖσδε</span> <span class='ocrx_word' id='word_1_81' title='bbox 1422 1865 1744 1945; x_wconf 87' lang='grc' dir='ltr'>Βαρϐάροις,</span> 
     </span>
    </p>
   </div>
   <div class='ocr_carea' id='block_1_18' title="bbox 600 1957 1900 2034">
    <p class='ocr_par' dir='ltr' id='par_1_18' title="bbox 600 1957 1900 2034">
     <span class='ocr_line' id='line_1_18' title="bbox 600 1957 1900 2034; baseline -0.002 -18"><span class='ocrx_word' id='word_1_82' title='bbox 600 1963 698 2016; x_wconf 77' lang='grc' dir='ltr'>Καὶ</span> <span class='ocrx_word' id='word_1_83' title='bbox 731 1959 1073 2034; x_wconf 78' lang='grc' dir='ltr'>συμπλακεὶς</span> <span class='ocrx_word' id='word_1_84' title='bbox 1097 1960 1304 2032; x_wconf 79' lang='grc' dir='ltr'>ἥττητο</span> <span class='ocrx_word' id='word_1_85' title='bbox 1337 1957 1613 2021; x_wconf 78' lang='grc' dir='ltr'>δυσκλεῶς</span> <span class='ocrx_word' id='word_1_86' title='bbox 1644 1959 1900 2021; x_wconf 74' lang='grc' dir='ltr'>Σκύθαιςο</span> 
     </span>
    </p>
   </div>
   <div class='ocr_carea' id='block_1_19' title="bbox 454 2046 1790 2128">
    <p class='ocr_par' dir='ltr' id='par_1_19' title="bbox 454 2046 1790 2128">
     <span class='ocr_line' id='line_1_19' title="bbox 454 2046 1790 2128; baseline -0.004 -20"><span class='ocrx_word' id='word_1_87' title='bbox 454 2053 564 2110; x_wconf 70' lang='grc'>545</span> <span class='ocrx_word' id='word_1_88' title='bbox 599 2052 697 2106; x_wconf 84' lang='grc' dir='ltr'>Τὸν</span> <span class='ocrx_word' id='word_1_89' title='bbox 732 2050 792 2106; x_wconf 74' lang='grc' dir='ltr'>ἐκ</span> <span class='ocrx_word' id='word_1_90' title='bbox 822 2050 1007 2128; x_wconf 78' lang='grc' dir='ltr'>ξίφους</span> <span class='ocrx_word' id='word_1_91' title='bbox 1039 2048 1257 2124; x_wconf 80' lang='grc' dir='ltr'>φεύγων</span> <span class='ocrx_word' id='word_1_92' title='bbox 1285 2046 1343 2105; x_wconf 68' lang='grc' dir='ltr'>δὲ</span> <span class='ocrx_word' id='word_1_93' title='bbox 1374 2048 1596 2114; x_wconf 86' lang='grc' dir='ltr'>θάνατον</span> <span class='ocrx_word' id='word_1_94' title='bbox 1620 2047 1790 2111; x_wconf 83' lang='grc' dir='ltr'>τάλας</span> 
     </span>
    </p>
   </div>
   <div class='ocr_carea' id='block_1_20' title="bbox 602 2136 1775 2215">
    <p class='ocr_par' dir='ltr' id='par_1_20' title="bbox 602 2136 1775 2215">
     <span class='ocr_line' id='line_1_20' title="bbox 602 2136 1775 2215; baseline -0.005 -17"><span class='ocrx_word' id='word_1_95' title='bbox 602 2144 885 2215; x_wconf 84' lang='grc' dir='ltr'>Ἀχυρμιᾷ</span> <span class='ocrx_word' id='word_1_96' title='bbox 914 2159 1021 2195; x_wconf 91' lang='grc' dir='ltr'>που</span> <span class='ocrx_word' id='word_1_97' title='bbox 1056 2136 1389 2213; x_wconf 85' lang='grc' dir='ltr'>συρφετώδει</span> <span class='ocrx_word' id='word_1_98' title='bbox 1417 2136 1775 2213; x_wconf 80' lang='grc' dir='ltr'>προστρέχει,</span> 
     </span>
    </p>
   </div>
   <div class='ocr_carea' id='block_1_21' title="bbox 603 2226 1775 2305">
    <p class='ocr_par' dir='ltr' id='par_1_21' title="bbox 603 2226 1775 2305">
     <span class='ocr_line' id='line_1_21' title="bbox 603 2226 1775 2305; baseline -0.004 -20"><span class='ocrx_word' id='word_1_99' title='bbox 603 2229 771 2285; x_wconf 83' lang='grc' dir='ltr'>Κάκεῖ</span> <span class='ocrx_word' id='word_1_100' title='bbox 795 2230 973 2305; x_wconf 82' lang='grc' dir='ltr'>τροφὴ</span> <span class='ocrx_word' id='word_1_101' title='bbox 1006 2228 1223 2301; x_wconf 73' lang='grc' dir='ltr'>γένοιτο</span> <span class='ocrx_word' id='word_1_102' title='bbox 1253 2226 1425 2301; x_wconf 85' lang='grc' dir='ltr'>πυρὸς</span> <span class='ocrx_word' id='word_1_103' title='bbox 1454 2226 1775 2303; x_wconf 83' lang='grc' dir='ltr'>παμφάγου,</span> 
     </span>
    </p>
   </div>
   <div class='ocr_carea' id='block_1_22' title="bbox 604 2314 1729 2391">
    <p class='ocr_par' dir='ltr' id='par_1_22' title="bbox 604 2314 1729 2391">
     <span class='ocr_line' id='line_1_22' title="bbox 604 2314 1729 2391; baseline -0.001 -19"><span class='ocrx_word' id='word_1_104' title='bbox 604 2320 827 2372; x_wconf 82' lang='grc' dir='ltr'>Σκυθῶν</span> <span class='ocrx_word' id='word_1_105' title='bbox 861 2318 1181 2391; x_wconf 85' lang='grc' dir='ltr'>ἀναψάντων</span> <span class='ocrx_word' id='word_1_106' title='bbox 1208 2337 1271 2390; x_wconf 86' lang='grc' dir='ltr'>γε</span> <span class='ocrx_word' id='word_1_107' title='bbox 1299 2314 1496 2389; x_wconf 84' lang='grc' dir='ltr'>κώμης</span> <span class='ocrx_word' id='word_1_108' title='bbox 1530 2316 1729 2378; x_wconf 72' lang='grc' dir='ltr'>οἲκίας·</span> 
     </span>
    </p>
   </div>
   <div class='ocr_carea' id='block_1_23' title="bbox 601 2403 1836 2482">
    <p class='ocr_par' dir='ltr' id='par_1_23' title="bbox 601 2403 1836 2482">
     <span class='ocr_line' id='line_1_23' title="bbox 601 2403 1836 2482; baseline -0.003 -19"><span class='ocrx_word' id='word_1_109' title='bbox 601 2407 877 2481; x_wconf 82' lang='grc' dir='ltr'>Κατῆρξεν</span> <span class='ocrx_word' id='word_1_110' title='bbox 906 2404 1065 2468; x_wconf 77' lang='grc' dir='ltr'>οὗτος</span> <span class='ocrx_word' id='word_1_111' title='bbox 1098 2408 1236 2481; x_wconf 86' lang='grc' dir='ltr'>πρὸς</span> <span class='ocrx_word' id='word_1_112' title='bbox 1262 2406 1405 2482; x_wconf 87' lang='grc' dir='ltr'>τρισὶ</span> <span class='ocrx_word' id='word_1_113' title='bbox 1427 2403 1556 2460; x_wconf 81' lang='grc' dir='ltr'>δέκα</span> <span class='ocrx_word' id='word_1_114' title='bbox 1580 2404 1836 2480; x_wconf 85' lang='grc' dir='ltr'>χρόνους,</span> 
     </span>
    </p>
   </div>
   <div class='ocr_carea' id='block_1_24' title="bbox 458 2492 1829 2570">
    <p class='ocr_par' dir='ltr' id='par_1_24' title="bbox 458 2492 1829 2570">
     <span class='ocr_line' id='line_1_24' title="bbox 458 2492 1829 2570; baseline -0.003 -18"><span class='ocrx_word' id='word_1_115' title='bbox 458 2498 567 2552; x_wconf 90' lang='grc'>550</span> <span class='ocrx_word' id='word_1_116' title='bbox 606 2495 780 2569; x_wconf 80' lang='grc' dir='ltr'>Βαρὺς</span> <span class='ocrx_word' id='word_1_117' title='bbox 810 2494 1090 2564; x_wconf 78' lang='grc' dir='ltr'>κολαστής</span> <span class='ocrx_word' id='word_1_118' title='bbox 1122 2492 1559 2570; x_wconf 82' lang='grc' dir='ltr'>ὀρθοδοξούντων</span> <span class='ocrx_word' id='word_1_119' title='bbox 1593 2493 1829 2570; x_wconf 86' lang='grc' dir='ltr'>λάχους,</span> 
     </span>
    </p>
   </div>
   <div class='ocr_carea' id='block_1_25' title="bbox 604 2582 1862 2660">
    <p class='ocr_par' dir='ltr' id='par_1_25' title="bbox 604 2582 1862 2660">
     <span class='ocr_line' id='line_1_25' title="bbox 604 2582 1862 2660; baseline -0.002 -21"><span class='ocrx_word' id='word_1_120' title='bbox 604 2584 814 2660; x_wconf 81' lang='grc' dir='ltr'>Θερμὸς</span> <span class='ocrx_word' id='word_1_121' title='bbox 846 2582 891 2639; x_wconf 83' lang='grc' dir='ltr'>δ’</span> <span class='ocrx_word' id='word_1_122' title='bbox 919 2583 1151 2659; x_wconf 76' lang='grc' dir='ltr'>ἐραστὴς</span> <span class='ocrx_word' id='word_1_123' title='bbox 1174 2588 1262 2639; x_wconf 88' lang='grc' dir='ltr'>καί</span> <span class='ocrx_word' id='word_1_124' title='bbox 1293 2584 1593 2659; x_wconf 86' lang='grc' dir='ltr'>πρόμαχος</span> <span class='ocrx_word' id='word_1_125' title='bbox 1627 2582 1862 2659; x_wconf 86' lang='grc' dir='ltr'>Ἀρείου.</span> 
     </span>
    </p>
   </div>
   <div class='ocr_carea' id='block_1_26' title="bbox 867 2701 1642 2769">
    <p class='ocr_par' dir='ltr' id='par_1_26' title="bbox 867 2701 1642 2769">
     <span class='ocr_line' id='line_1_26' title="bbox 867 2701 1642 2769; baseline 0 -13"><span class='ocrx_word' id='word_1_126' title='bbox 867 2701 1258 2757; x_wconf 75' lang='lat' dir='ltr'>I‘PATIANOE</span> <span class='ocrx_word' id='word_1_127' title='bbox 1298 2702 1391 2757; x_wconf 91' lang='lat' dir='ltr'>EN</span> <span class='ocrx_word' id='word_1_128' title='bbox 1430 2701 1642 2769; x_wconf 85' lang='grc' dir='ltr'>ΡΩΜῌ.</span> 
     </span>
    </p>
   </div>
   <div class='ocr_carea' id='block_1_27' title="bbox 604 2795 1653 2875">
    <p class='ocr_par' dir='ltr' id='par_1_27' title="bbox 604 2795 1653 2875">
     <span class='ocr_line' id='line_1_27' title="bbox 604 2795 1653 2875; baseline -0.001 -21"><span class='ocrx_word' id='word_1_129' title='bbox 604 2796 762 2855; x_wconf 79' lang='grc' dir='ltr'>Οὗτω</span> <span class='ocrx_word' id='word_1_130' title='bbox 790 2805 1085 2875; x_wconf 68' lang='grc' dir='ltr'>φθαρέντος</span> <span class='ocrx_word' id='word_1_131' title='bbox 1114 2795 1416 2860; x_wconf 81' lang='grc' dir='ltr'>Οὐάλεντος</span> <span class='ocrx_word' id='word_1_132' title='bbox 1448 2796 1653 2860; x_wconf 82' lang='grc' dir='ltr'>ἀθλίως</span> 
     </span>
    </p>
   </div>
   <div class='ocr_carea' id='block_1_28' title="bbox 596 2885 1653 2963">
    <p class='ocr_par' dir='ltr' id='par_1_28' title="bbox 596 2885 1653 2963">
     <span class='ocr_line' id='line_1_28' title="bbox 596 2885 1653 2963; baseline -0.003 -19"><span class='ocrx_word' id='word_1_133' title='bbox 596 2887 657 2945; x_wconf 74' lang='grc' dir='ltr'>Ὀ</span> <span class='ocrx_word' id='word_1_134' title='bbox 695 2888 1003 2963; x_wconf 88' lang='grc' dir='ltr'>Γρατιανὸς</span> <span class='ocrx_word' id='word_1_135' title='bbox 1031 2886 1125 2942; x_wconf 79' lang='grc' dir='ltr'>σὺν</span> <span class='ocrx_word' id='word_1_136' title='bbox 1155 2889 1474 2962; x_wconf 76' lang='grc' dir='ltr'>κασιγνήτῳ</span> <span class='ocrx_word' id='word_1_137' title='bbox 1505 2885 1653 2963; x_wconf 86' lang='grc' dir='ltr'>φίλῳ</span> 
     </span>
    </p>
   </div>
   <div class='ocr_carea' id='block_1_29' title="bbox 599 2976 1791 3053">
    <p class='ocr_par' dir='ltr' id='par_1_29' title="bbox 599 2976 1791 3053">
     <span class='ocr_line' id='line_1_29' title="bbox 599 2976 1791 3053; baseline 0.001 -20"><span class='ocrx_word' id='word_1_138' title='bbox 599 2978 788 3047; x_wconf 87' lang='grc' dir='ltr'>ΙΙάσης</span> <span class='ocrx_word' id='word_1_139' title='bbox 817 2977 1087 3053; x_wconf 80' lang='grc' dir='ltr'>κατῆρξαν</span> <span class='ocrx_word' id='word_1_140' title='bbox 1119 2976 1377 3051; x_wconf 79' lang='grc' dir='ltr'>Ἑσπέρας</span> <span class='ocrx_word' id='word_1_141' title='bbox 1410 2976 1500 3032; x_wconf 84' lang='grc' dir='ltr'>καὶ</span> <span class='ocrx_word' id='word_1_142' title='bbox 1530 2978 1791 3046; x_wconf 81' lang='grc' dir='ltr'>τῆσἜῶ.</span> 
     </span>
    </p>
   </div>
   <div class='ocr_carea' id='block_1_30' title="bbox 452 3064 1734 3143">
    <p class='ocr_par' dir='ltr' id='par_1_30' title="bbox 452 3064 1734 3143">
     <span class='ocr_line' id='line_1_30' title="bbox 452 3064 1734 3143; baseline -0.002 -20"><span class='ocrx_word' id='word_1_143' title='bbox 452 3067 565 3123; x_wconf 87' lang='grc'>355</span> <span class='ocrx_word' id='word_1_144' title='bbox 600 3064 813 3142; x_wconf 84' lang='grc' dir='ltr'>Κράτος</span> <span class='ocrx_word' id='word_1_145' title='bbox 840 3067 941 3143; x_wconf 72' lang='grc' dir='ltr'>μὲν</span> <span class='ocrx_word' id='word_1_146' title='bbox 974 3067 1091 3143; x_wconf 72' lang='grc' dir='ltr'>εἶχε</span> <span class='ocrx_word' id='word_1_147' title='bbox 1118 3067 1415 3143; x_wconf 88' lang='grc' dir='ltr'>Γρατιανὸς</span> <span class='ocrx_word' id='word_1_148' title='bbox 1447 3066 1734 3140; x_wconf 77' lang='grc' dir='ltr'>πατρόθεν·</span> 
     </span>
    </p>
   </div>
   <div class='ocr_carea' id='block_1_31' title="bbox 591 3153 1824 3231">
    <p class='ocr_par' dir='ltr' id='par_1_31' title="bbox 591 3153 1824 3231">
     <span class='ocr_line' id='line_1_31' title="bbox 591 3153 1824 3231; baseline -0.001 -19"><span class='ocrx_word' id='word_1_149' title='bbox 591 3157 658 3212; x_wconf 88' lang='grc' dir='ltr'>Ἡ</span> <span class='ocrx_word' id='word_1_150' title='bbox 690 3153 735 3210; x_wconf 88' lang='grc' dir='ltr'>δ’</span> <span class='ocrx_word' id='word_1_151' title='bbox 768 3154 832 3210; x_wconf 78' lang='grc' dir='ltr'>αὖ</span> <span class='ocrx_word' id='word_1_152' title='bbox 864 3156 1090 3231; x_wconf 76' lang='grc' dir='ltr'>στρατιά</span> <span class='ocrx_word' id='word_1_153' title='bbox 1117 3160 1213 3210; x_wconf 89' lang='grc' dir='ltr'>τοῦ</span> <span class='ocrx_word' id='word_1_154' title='bbox 1242 3156 1446 3231; x_wconf 81' lang='grc' dir='ltr'>πατρὸς</span> <span class='ocrx_word' id='word_1_155' title='bbox 1475 3155 1824 3229; x_wconf 88' lang='grc' dir='ltr'>τεθνηκότος,</span> 
     </span>
    </p>
   </div>
   <div class='ocr_carea' id='block_1_32' title="bbox 589 3246 1755 3324">
    <p class='ocr_par' dir='ltr' id='par_1_32' title="bbox 589 3246 1755 3324">
     <span class='ocr_line' id='line_1_32' title="bbox 589 3246 1755 3324; baseline -0.003 -20"><span class='ocrx_word' id='word_1_156' title='bbox 589 3246 693 3304; x_wconf 85' lang='grc' dir='ltr'>Καὶ</span> <span class='ocrx_word' id='word_1_157' title='bbox 722 3247 798 3320; x_wconf 85' lang='grc' dir='ltr'>μή</span> <span class='ocrx_word' id='word_1_158' title='bbox 830 3247 1100 3322; x_wconf 87' lang='grc' dir='ltr'>παρόντος</span> <span class='ocrx_word' id='word_1_159' title='bbox 1133 3250 1432 3324; x_wconf 86' lang='grc' dir='ltr'>Γρατιανοῦ</span> <span class='ocrx_word' id='word_1_160' title='bbox 1460 3251 1541 3319; x_wconf 79' lang='grc' dir='ltr'>τῷ</span> <span class='ocrx_word' id='word_1_161' title='bbox 1576 3246 1755 3322; x_wconf 87' lang='grc' dir='ltr'>μόρῳ,</span> 
     </span>
    </p>
   </div>
   <div class='ocr_carea' id='block_1_33' title="bbox 585 3333 1443 3406">
    <p class='ocr_par' dir='ltr' id='par_1_33' title="bbox 585 3333 1443 3406">
     <span class='ocr_line' id='line_1_33' title="bbox 585 3333 1443 3406; baseline -0.001 -14"><span class='ocrx_word' id='word_1_162' title='bbox 585 3337 833 3392; x_wconf 84' lang='grc' dir='ltr'>’Δνεῖπεν</span> <span class='ocrx_word' id='word_1_163' title='bbox 867 3333 1263 3391; x_wconf 83' lang='grc' dir='ltr'>Οὐαλεντιανὸν</span> <span class='ocrx_word' id='word_1_164' title='bbox 1299 3337 1443 3406; x_wconf 89' lang='grc' dir='ltr'>νέον,</span> 
     </span>
    </p>
   </div>
   <div class='ocr_carea' id='block_1_34' title="bbox 590 3422 1709 3501">
    <p class='ocr_par' dir='ltr' id='par_1_34' title="bbox 590 3422 1709 3501">
     <span class='ocr_line' id='line_1_34' title="bbox 590 3422 1709 3501; baseline 0 -20"><span class='ocrx_word' id='word_1_165' title='bbox 590 3424 693 3481; x_wconf 78' lang='grc' dir='ltr'>Καὶ</span> <span class='ocrx_word' id='word_1_166' title='bbox 726 3424 995 3501; x_wconf 86' lang='grc' dir='ltr'>σύγγονος</span> <span class='ocrx_word' id='word_1_167' title='bbox 1024 3422 1242 3481; x_wconf 79' lang='grc' dir='ltr'>δέδεκτο</span> <span class='ocrx_word' id='word_1_168' title='bbox 1272 3426 1371 3495; x_wconf 79' lang='grc' dir='ltr'>τὴν</span> <span class='ocrx_word' id='word_1_169' title='bbox 1396 3427 1709 3481; x_wconf 61' lang='grc' dir='ltr'>κοινωνίαν</span> 
     </span>
    </p>
   </div>
   <div class='ocr_carea' id='block_1_35' title="bbox 446 3514 1658 3592">
    <p class='ocr_par' dir='ltr' id='par_1_35' title="bbox 446 3514 1658 3592">
     <span class='ocr_line' id='line_1_35' title="bbox 446 3514 1658 3592; baseline 0.002 -24"><span class='ocrx_word' id='word_1_170' title='bbox 446 3517 559 3572; x_wconf 84' lang='grc'>560</span> <span class='ocrx_word' id='word_1_171' title='bbox 595 3518 787 3584; x_wconf 81' lang='grc' dir='ltr'>Ζηλῶν</span> <span class='ocrx_word' id='word_1_172' title='bbox 826 3514 1083 3590; x_wconf 80' lang='grc' dir='ltr'>βασιΛεὺς</span> <span class='ocrx_word' id='word_1_173' title='bbox 1116 3516 1411 3589; x_wconf 86' lang='grc' dir='ltr'>Γρατιανὸς</span> <span class='ocrx_word' id='word_1_174' title='bbox 1448 3516 1658 3592; x_wconf 86' lang='grc' dir='ltr'>πατέρα</span> 
     </span>
    </p>
   </div>
   <div class='ocr_carea' id='block_1_36' title="bbox 590 3599 1663 3680">
    <p class='ocr_par' dir='ltr' id='par_1_36' title="bbox 590 3599 1663 3680">
     <span class='ocr_line' id='line_1_36' title="bbox 590 3599 1663 3680; baseline -0.001 -21"><span class='ocrx_word' id='word_1_175' title='bbox 590 3602 680 3665; x_wconf 83' lang='grc' dir='ltr'>Εἷς</span> <span class='ocrx_word' id='word_1_176' title='bbox 712 3599 1005 3674; x_wconf 79' lang='grc' dir='ltr'>εὐσέϐειαν,</span> <span class='ocrx_word' id='word_1_177' title='bbox 1041 3603 1315 3678; x_wconf 83' lang='grc' dir='ltr'>ὀρθότητα</span> <span class='ocrx_word' id='word_1_178' title='bbox 1346 3602 1663 3680; x_wconf 88' lang='grc' dir='ltr'>δογμάτων,</span> 
     </span>
    </p>
   </div>
   <div class='ocr_carea' id='block_1_37' title="bbox 581 3691 1753 3769">
    <p class='ocr_par' dir='ltr' id='par_1_37' title="bbox 581 3691 1753 3769">
     <span class='ocr_line' id='line_1_37' title="bbox 581 3691 1753 3769; baseline -0.002 -18"><span class='ocrx_word' id='word_1_179' title='bbox 581 3697 839 3751; x_wconf 85' lang='grc' dir='ltr'>Αιτοῦντι</span> <span class='ocrx_word' id='word_1_180' title='bbox 875 3694 1006 3767; x_wconf 86' lang='grc' dir='ltr'>θείῳ</span> <span class='ocrx_word' id='word_1_181' title='bbox 1035 3697 1112 3765; x_wconf 81' lang='grc' dir='ltr'>τῷ</span> <span class='ocrx_word' id='word_1_182' title='bbox 1144 3691 1373 3749; x_wconf 86' lang='grc' dir='ltr'>Βάλεντι</span> <span class='ocrx_word' id='word_1_183' title='bbox 1421 3696 1753 3769; x_wconf 75' lang='grc' dir='ltr'>συμμάχους</span> 
     </span>
    </p>
   </div>
   <div class='ocr_carea' id='block_1_38' title="bbox 588 3781 1780 3859">
    <p class='ocr_par' dir='ltr' id='par_1_38' title="bbox 588 3781 1780 3859">
     <span class='ocr_line' id='line_1_38' title="bbox 588 3781 1780 3859; baseline -0.002 -19"><span class='ocrx_word' id='word_1_184' title='bbox 588 3781 798 3840; x_wconf 84' lang='grc' dir='ltr'>Ούκοῦν</span> <span class='ocrx_word' id='word_1_185' title='bbox 832 3784 1104 3858; x_wconf 82' lang='grc' dir='ltr'>παρέσχεν</span> <span class='ocrx_word' id='word_1_186' title='bbox 1142 3783 1335 3854; x_wconf 79' lang='grc' dir='ltr'>ἐξιόντι</span> <span class='ocrx_word' id='word_1_187' title='bbox 1378 3784 1514 3859; x_wconf 84' lang='grc' dir='ltr'>πρὸς</span> <span class='ocrx_word' id='word_1_188' title='bbox 1544 3782 1780 3857; x_wconf 83' lang='grc' dir='ltr'>Σκύθας,</span> 
     </span>
    </p>
   </div>
   <div class='ocr_carea' id='block_1_39' title="bbox 582 3871 1955 3952">
    <p class='ocr_par' dir='ltr' id='par_1_39' title="bbox 582 3871 1955 3952">
     <span class='ocr_line' id='line_1_39' title="bbox 582 3871 1955 3952; baseline 0.003 -27"><span class='ocrx_word' id='word_1_189' title='bbox 582 3872 663 3930; x_wconf 82' lang='grc' dir='ltr'>Οὐ</span> <span class='ocrx_word' id='word_1_190' title='bbox 693 3877 1009 3948; x_wconf 71' lang='grc' dir='ltr'>συμμαχεῖν</span> <span class='ocrx_word' id='word_1_191' title='bbox 1042 3871 1124 3928; x_wconf 86' lang='grc' dir='ltr'>δεῖ</span> <span class='ocrx_word' id='word_1_192' title='bbox 1150 3877 1267 3935; x_wconf 85' lang='grc' dir='ltr'>τοῖς</span> <span class='ocrx_word' id='word_1_193' title='bbox 1298 3871 1520 3949; x_wconf 81' lang='grc' dir='ltr'>ἐχθροῖς</span> <span class='ocrx_word' id='word_1_194' title='bbox 1540 3877 1697 3942; x_wconf 85' lang='grc' dir='ltr'>Θεοῦ,</span> <span class='ocrx_word' id='word_1_195' title='bbox 1727 3875 1955 3952; x_wconf 86' lang='grc' dir='ltr'>φράσας·</span> 
     </span>
    </p>
   </div>
   <div class='ocr_carea' id='block_1_40' title="bbox 439 3959 1785 4034">
    <p class='ocr_par' dir='ltr' id='par_1_40' title="bbox 439 3959 1785 4034">
     <span class='ocr_line' id='line_1_40' title="bbox 439 3959 1785 4034; baseline 0.004 -20"><span class='ocrx_word' id='word_1_196' title='bbox 439 3964 551 4019; x_wconf 84' lang='grc'>565</span> <span class='ocrx_word' id='word_1_197' title='bbox 587 3961 689 4015; x_wconf 84' lang='grc' dir='ltr'>Καὶ</span> <span class='ocrx_word' id='word_1_198' title='bbox 718 3963 981 4034; x_wconf 72' lang='grc' dir='ltr'>ποιμένας</span> <span class='ocrx_word' id='word_1_199' title='bbox 1010 3959 1056 4016; x_wconf 88' lang='grc' dir='ltr'>δ’</span> <span class='ocrx_word' id='word_1_200' title='bbox 1088 3963 1152 4018; x_wconf 82' lang='grc' dir='ltr'>αὔ</span> <span class='ocrx_word' id='word_1_201' title='bbox 1185 3963 1399 4027; x_wconf 82' lang='grc' dir='ltr'>ἐνθέους</span> <span class='ocrx_word' id='word_1_202' title='bbox 1419 3960 1785 4026; x_wconf 84' lang='grc' dir='ltr'>διδασκάλους</span> 
     </span>
    </p>
   </div>
   <div class='ocr_carea' id='block_1_41' title="bbox 585 4049 1745 4128">
    <p class='ocr_par' dir='ltr' id='par_1_41' title="bbox 585 4049 1745 4128">
     <span class='ocr_line' id='line_1_41' title="bbox 585 4049 1745 4128; baseline 0.002 -22"><span class='ocrx_word' id='word_1_203' title='bbox 585 4049 734 4128; x_wconf 85' lang='grc' dir='ltr'>Πρὸς</span> <span class='ocrx_word' id='word_1_204' title='bbox 766 4049 1070 4114; x_wconf 82' lang='grc' dir='ltr'>Οὐάλεντος</span> <span class='ocrx_word' id='word_1_205' title='bbox 1100 4051 1375 4125; x_wconf 87' lang='grc' dir='ltr'>ποιμνίων</span> <span class='ocrx_word' id='word_1_206' title='bbox 1406 4050 1745 4126; x_wconf 82' lang='grc' dir='ltr'>ἐξωσμένους</span> 
     </span>
    </p>
   </div>
   <div class='ocr_carea' id='block_1_42' title="bbox 582 4136 1578 4220">
    <p class='ocr_par' dir='ltr' id='par_1_42' title="bbox 582 4136 1578 4220">
     <span class='ocr_line' id='line_1_42' title="bbox 582 4136 1578 4220; baseline 0.004 -26"><span class='ocrx_word' id='word_1_207' title='bbox 582 4146 692 4210; x_wconf 85' lang='grc' dir='ltr'>Τῆς</span> <span class='ocrx_word' id='word_1_208' title='bbox 728 4136 1001 4204; x_wconf 73' lang='grc' dir='ltr'>εὐσεϐείας</span> <span class='ocrx_word' id='word_1_209' title='bbox 1035 4139 1355 4216; x_wconf 81' lang='grc' dir='ltr'>ὀρθοδοξίας</span> <span class='ocrx_word' id='word_1_210' title='bbox 1386 4143 1578 4220; x_wconf 86' lang='grc' dir='ltr'>χάριν,</span> 
     </span>
    </p>
   </div>
   <div class='ocr_carea' id='block_1_43' title="bbox 587 4227 1649 4306">
    <p class='ocr_par' dir='ltr' id='par_1_43' title="bbox 587 4227 1649 4306">
     <span class='ocr_line' id='line_1_43' title="bbox 587 4227 1649 4306; baseline 0.004 -23"><span class='ocrx_word' id='word_1_211' title='bbox 587 4227 752 4293; x_wconf 75' lang='grc' dir='ltr'>Αὖθις</span> <span class='ocrx_word' id='word_1_212' title='bbox 784 4228 1099 4306; x_wconf 77' lang='grc' dir='ltr'>ἐπανήγαγε</span> <span class='ocrx_word' id='word_1_213' title='bbox 1123 4236 1244 4293; x_wconf 88' lang='grc' dir='ltr'>ταῖς</span> <span class='ocrx_word' id='word_1_214' title='bbox 1279 4230 1649 4303; x_wconf 72' lang='grc' dir='ltr'>Ἐκκλησίαιςο</span> 
     </span>
    </p>
   </div>
   <div class='ocr_carea' id='block_1_44' title="bbox 583 4315 1871 4397">
    <p class='ocr_par' dir='ltr' id='par_1_44' title="bbox 583 4315 1871 4397">
     <span class='ocr_line' id='line_1_44' title="bbox 583 4315 1871 4397; baseline 0.002 -25"><span class='ocrx_word' id='word_1_215' title='bbox 583 4316 1016 4388; x_wconf 85' lang='grc' dir='ltr'>Λεηλατούντων</span> <span class='ocrx_word' id='word_1_216' title='bbox 1036 4324 1146 4376; x_wconf 80' lang='grc' dir='ltr'>τῶν</span> <span class='ocrx_word' id='word_1_217' title='bbox 1182 4323 1404 4376; x_wconf 80' lang='grc' dir='ltr'>Σκυθῶν</span> <span class='ocrx_word' id='word_1_218' title='bbox 1440 4318 1489 4375; x_wconf 89' lang='grc' dir='ltr'>δ’</span> <span class='ocrx_word' id='word_1_219' title='bbox 1518 4315 1595 4376; x_wconf 80' lang='grc' dir='ltr'>ἔτι</span> <span class='ocrx_word' id='word_1_220' title='bbox 1629 4321 1871 4397; x_wconf 84' lang='grc' dir='ltr'>Θρᾴκην,</span> 
     </span>
    </p>
   </div>
   <div class='ocr_carea' id='block_1_45' title="bbox 436 4404 1781 4487">
    <p class='ocr_par' dir='ltr' id='par_1_45' title="bbox 436 4404 1781 4487">
     <span class='ocr_line' id='line_1_45' title="bbox 436 4404 1781 4487; baseline 0.002 -24"><span class='ocrx_word' id='word_1_221' title='bbox 436 4408 551 4463; x_wconf 89' lang='grc'>570</span> <span class='ocrx_word' id='word_1_222' title='bbox 592 4407 691 4461; x_wconf 82' lang='grc' dir='ltr'>Καὶ</span> <span class='ocrx_word' id='word_1_223' title='bbox 718 4404 887 4477; x_wconf 82' lang='grc' dir='ltr'>τῆσδε</span> <span class='ocrx_word' id='word_1_224' title='bbox 914 4407 1117 4473; x_wconf 88' lang='grc' dir='ltr'>πάντας</span> <span class='ocrx_word' id='word_1_225' title='bbox 1148 4408 1563 4487; x_wconf 78' lang='grc' dir='ltr'>ἐξερημούντων</span> <span class='ocrx_word' id='word_1_226' title='bbox 1596 4409 1781 4487; x_wconf 77' lang='grc' dir='ltr'>ὅρους,</span> 
     </span>
    </p>
   </div>
   <div class='ocr_carea' id='block_1_46' title="bbox 583 4495 1705 4578">
    <p class='ocr_par' dir='ltr' id='par_1_46' title="bbox 583 4495 1705 4578">
     <span class='ocr_line' id='line_1_46' title="bbox 583 4495 1705 4578; baseline 0.005 -27"><span class='ocrx_word' id='word_1_227' title='bbox 583 4495 684 4551; x_wconf 79' lang='grc' dir='ltr'>Καὶ</span> <span class='ocrx_word' id='word_1_228' title='bbox 712 4496 780 4551; x_wconf 83' lang='grc' dir='ltr'>τὰ</span> <span class='ocrx_word' id='word_1_229' title='bbox 808 4495 961 4571; x_wconf 79' lang='grc' dir='ltr'>πέριξ</span> <span class='ocrx_word' id='word_1_230' title='bbox 994 4495 1204 4556; x_wconf 81' lang='grc' dir='ltr'>ἅπαντα</span> <span class='ocrx_word' id='word_1_231' title='bbox 1233 4500 1705 4578; x_wconf 81' lang='grc' dir='ltr'>κατεφθαρκότων,</span> 
     </span>
    </p>
   </div>
   <div class='ocr_carea' id='block_1_47' title="bbox 582 4585 1714 4667">
    <p class='ocr_par' dir='ltr' id='par_1_47' title="bbox 582 4585 1714 4667">
     <span class='ocr_line' id='line_1_47' title="bbox 582 4585 1714 4667; baseline 0.001 -23"><span class='ocrx_word' id='word_1_232' title='bbox 582 4586 704 4644; x_wconf 75' lang='grc' dir='ltr'>’⁷Ατ’</span> <span class='ocrx_word' id='word_1_233' title='bbox 737 4585 1046 4644; x_wconf 86' lang='grc' dir='ltr'>άκαθέκτων</span> <span class='ocrx_word' id='word_1_234' title='bbox 1075 4592 1148 4663; x_wconf 78' lang='grc' dir='ltr'>τῇ</span> <span class='ocrx_word' id='word_1_235' title='bbox 1178 4588 1301 4663; x_wconf 82' lang='grc' dir='ltr'>νίκῃ</span> <span class='ocrx_word' id='word_1_236' title='bbox 1333 4587 1714 4667; x_wconf 83' lang='grc' dir='ltr'>διδειγμένων,</span> 
     </span>
    </p>
   </div>
   <div class='ocr_carea' id='block_1_48' title="bbox 581 4674 1563 4754">
    <p class='ocr_par' dir='ltr' id='par_1_48' title="bbox 581 4674 1563 4754">
     <span class='ocr_line' id='line_1_48' title="bbox 581 4674 1563 4754; baseline 0.002 -23"><span class='ocrx_word' id='word_1_237' title='bbox 581 4674 982 4733; x_wconf 85' lang='grc' dir='ltr'>Μετακαλεῖται</span> <span class='ocrx_word' id='word_1_238' title='bbox 1014 4679 1311 4754; x_wconf 85' lang='grc' dir='ltr'>Γρατιανὸς</span> <span class='ocrx_word' id='word_1_239' title='bbox 1332 4678 1563 4749; x_wconf 79' lang='grc' dir='ltr'>αύτάναξ</span> 
     </span>
    </p>
   </div>
   <div class='ocr_carea' id='block_1_49' title="bbox 577 4764 1580 4840">
    <p class='ocr_par' dir='ltr' id='par_1_49' title="bbox 577 4764 1580 4840">
     <span class='ocr_line' id='line_1_49' title="bbox 577 4764 1580 4840; baseline 0.003 -22"><span class='ocrx_word' id='word_1_240' title='bbox 577 4766 844 4840; x_wconf 86' lang='grc' dir='ltr'>Λαμπρὸν</span> <span class='ocrx_word' id='word_1_241' title='bbox 872 4764 1165 4823; x_wconf 87' lang='grc' dir='ltr'>Θεοδόσιον</span> <span class='ocrx_word' id='word_1_242' title='bbox 1199 4764 1251 4837; x_wconf 83' lang='grc' dir='ltr'>ἐξ</span> <span class='ocrx_word' id='word_1_243' title='bbox 1282 4766 1580 4836; x_wconf 82' lang='grc' dir='ltr'>Ἱσπανίας,</span> 
     </span>
    </p>
   </div>
   <div class='ocr_carea' id='block_1_50' title="bbox 426 4849 1762 4933">
    <p class='ocr_par' dir='ltr' id='par_1_50' title="bbox 426 4849 1762 4933">
     <span class='ocr_line' id='line_1_50' title="bbox 426 4849 1762 4933; baseline 0.002 -24"><span class='ocrx_word' id='word_1_244' title='bbox 426 4853 540 4909; x_wconf 89' lang='grc'>575</span> <span class='ocrx_word' id='word_1_245' title='bbox 577 4849 786 4929; x_wconf 75' lang='grc' dir='ltr'>Ἄνδρα</span> <span class='ocrx_word' id='word_1_246' title='bbox 816 4854 1059 4929; x_wconf 78' lang='grc' dir='ltr'>ἀρεϊκὸν,</span> <span class='ocrx_word' id='word_1_247' title='bbox 1092 4852 1348 4931; x_wconf 89' lang='grc' dir='ltr'>γεννάδα,</span> <span class='ocrx_word' id='word_1_248' title='bbox 1387 4853 1762 4933; x_wconf 87' lang='grc' dir='ltr'>βουληφόρον,</span> 
     </span>
    </p>
   </div>
   <div class='ocr_carea' id='block_1_51' title="bbox 575 4939 1653 5023">
    <p class='ocr_par' dir='ltr' id='par_1_51' title="bbox 575 4939 1653 5023">
     <span class='ocr_line' id='line_1_51' title="bbox 575 4939 1653 5023; baseline 0.001 -23"><span class='ocrx_word' id='word_1_249' title='bbox 575 4944 661 5016; x_wconf 80' lang='grc' dir='ltr'>Τῇ</span> <span class='ocrx_word' id='word_1_250' title='bbox 695 4939 739 4997; x_wconf 87' lang='grc' dir='ltr'>δ’</span> <span class='ocrx_word' id='word_1_251' title='bbox 766 4939 1010 5015; x_wconf 77' lang='grc' dir='ltr'>εὐσεϐείᾳ</span> <span class='ocrx_word' id='word_1_252' title='bbox 1044 4942 1259 5018; x_wconf 83' lang='grc' dir='ltr'>μᾶλλον</span> <span class='ocrx_word' id='word_1_253' title='bbox 1288 4945 1653 5023; x_wconf 84' lang='grc' dir='ltr'>ὡραῖσμένον·</span> 
     </span>
    </p>
   </div>
   <div class='ocr_carea' id='block_1_52' title="bbox 574 5032 1772 5111">
    <p class='ocr_par' dir='ltr' id='par_1_52' title="bbox 574 5032 1772 5111">
     <span class='ocr_line' id='line_1_52' title="bbox 574 5032 1772 5111; baseline 0.003 -26"><span class='ocrx_word' id='word_1_254' title='bbox 574 5033 669 5086; x_wconf 84' lang='lat' dir='ltr'>&quot;Ov</span> <span class='ocrx_word' id='word_1_255' title='bbox 702 5032 793 5087; x_wconf 79' lang='grc' dir='ltr'>καὶ</span> <span class='ocrx_word' id='word_1_256' title='bbox 827 5035 1128 5111; x_wconf 86' lang='grc' dir='ltr'>στρατηγὸν</span> <span class='ocrx_word' id='word_1_257' title='bbox 1159 5034 1446 5109; x_wconf 79' lang='grc' dir='ltr'>ἀποφήνας</span> <span class='ocrx_word' id='word_1_258' title='bbox 1475 5037 1772 5111; x_wconf 89' lang='grc' dir='ltr'>ταγμάτων</span> 
     </span>
    </p>
   </div>
   <div class='ocr_carea' id='block_1_53' title="bbox 574 5121 1570 5200">
    <p class='ocr_par' dir='ltr' id='par_1_53' title="bbox 574 5121 1570 5200">
     <span class='ocr_line' id='line_1_53' title="bbox 574 5121 1570 5200; baseline 0.001 -21"><span class='ocrx_word' id='word_1_259' title='bbox 574 5121 729 5179; x_wconf 74' lang='grc' dir='ltr'>Μετὰ</span> <span class='ocrx_word' id='word_1_260' title='bbox 759 5127 1014 5197; x_wconf 82' lang='grc' dir='ltr'>στρατιᾶς</span> <span class='ocrx_word' id='word_1_261' title='bbox 1045 5125 1236 5190; x_wconf 72' lang='grc' dir='ltr'>ἱκανῆς</span> <span class='ocrx_word' id='word_1_262' title='bbox 1278 5122 1570 5200; x_wconf 81' lang='grc' dir='ltr'>ῥωμαλέας</span> 
     </span>
    </p>
   </div>
   <div class='ocr_carea' id='block_1_54' title="bbox 574 5209 1831 5291">
    <p class='ocr_par' dir='ltr' id='par_1_54' title="bbox 574 5209 1831 5291">
     <span class='ocr_line' id='line_1_54' title="bbox 574 5209 1831 5291; baseline 0 -26"><span class='ocrx_word' id='word_1_263' title='bbox 574 5210 729 5266; x_wconf 84' lang='grc' dir='ltr'>Κατά</span> <span class='ocrx_word' id='word_1_264' title='bbox 761 5214 985 5276; x_wconf 79' lang='grc' dir='ltr'>Σκυθῶν</span> <span class='ocrx_word' id='word_1_265' title='bbox 1016 5212 1276 5291; x_wconf 76' lang='grc' dir='ltr'>πέπομφε</span> <span class='ocrx_word' id='word_1_266' title='bbox 1292 5218 1485 5269; x_wconf 89' lang='grc' dir='ltr'>τοῦτον</span> <span class='ocrx_word' id='word_1_267' title='bbox 1519 5209 1831 5290; x_wconf 64' lang='grc' dir='ltr'>βαρϐάρωνι</span> 
     </span>
    </p>
   </div>
   <div class='ocr_carea' id='block_1_55' title="bbox 415 5295 1779 5373">
    <p class='ocr_par' dir='ltr' id='par_1_55' title="bbox 415 5295 1779 5373">
     <span class='ocr_line' id='line_1_55' title="bbox 415 5295 1779 5373; baseline 0.001 -17"><span class='ocrx_word' id='word_1_268' title='bbox 415 5300 534 5357; x_wconf 88' lang='grc'>580</span> <span class='ocrx_word' id='word_1_269' title='bbox 574 5300 676 5360; x_wconf 73' lang='lat' dir='ltr'>&quot;Oc</span> <span class='ocrx_word' id='word_1_270' title='bbox 712 5295 1012 5372; x_wconf 86' lang='grc' dir='ltr'>συμϐαλὼν</span> <span class='ocrx_word' id='word_1_271' title='bbox 1044 5301 1251 5373; x_wconf 72' lang='grc' dir='ltr'>ἥττησε</span> <span class='ocrx_word' id='word_1_272' title='bbox 1274 5302 1405 5366; x_wconf 80' lang='grc' dir='ltr'>τοὺς</span> <span class='ocrx_word' id='word_1_273' title='bbox 1441 5302 1779 5366; x_wconf 82' lang='grc' dir='ltr'>ἀντιπάλους</span> 
     </span>
    </p>
   </div>
   <div class='ocr_carea' id='block_1_56' title="bbox 570 5388 1790 5468">
    <p class='ocr_par' dir='ltr' id='par_1_56' title="bbox 570 5388 1790 5468">
     <span class='ocr_line' id='line_1_56' title="bbox 570 5388 1790 5468; baseline 0.004 -26"><span class='ocrx_word' id='word_1_274' title='bbox 570 5388 923 5462; x_wconf 79' lang='grc' dir='ltr'>Τρεψάμενος</span> <span class='ocrx_word' id='word_1_275' title='bbox 955 5394 1089 5468; x_wconf 87' lang='grc' dir='ltr'>σφᾶς</span> <span class='ocrx_word' id='word_1_276' title='bbox 1123 5391 1176 5447; x_wconf 83' lang='grc' dir='ltr'>ἐν</span> <span class='ocrx_word' id='word_1_277' title='bbox 1213 5392 1369 5468; x_wconf 78' lang='grc' dir='ltr'>μάχῃ</span> <span class='ocrx_word' id='word_1_278' title='bbox 1401 5393 1541 5448; x_wconf 83' lang='grc' dir='ltr'>κατὰ</span> <span class='ocrx_word' id='word_1_279' title='bbox 1567 5393 1790 5467; x_wconf 87' lang='grc' dir='ltr'>κράτος,</span> 
     </span>
    </p>
   </div>
   <div class='ocr_carea' id='block_1_57' title="bbox 576 5474 1849 5554">
    <p class='ocr_par' dir='ltr' id='par_1_57' title="bbox 576 5474 1849 5554">
     <span class='ocr_line' id='line_1_57' title="bbox 576 5474 1849 5554; baseline 0.005 -25"><span class='ocrx_word' id='word_1_280' title='bbox 576 5476 677 5530; x_wconf 78' lang='grc' dir='ltr'>Καὶ</span> <span class='ocrx_word' id='word_1_281' title='bbox 710 5475 917 5540; x_wconf 87' lang='grc' dir='ltr'>πάντας</span> <span class='ocrx_word' id='word_1_282' title='bbox 949 5474 1120 5550; x_wconf 71' lang='grc' dir='ltr'>ἄρδην</span> <span class='ocrx_word' id='word_1_283' title='bbox 1146 5476 1426 5552; x_wconf 85' lang='grc' dir='ltr'>παραδοὺς</span> <span class='ocrx_word' id='word_1_284' title='bbox 1452 5484 1654 5554; x_wconf 82' lang='grc' dir='ltr'>μικροῦ</span> <span class='ocrx_word' id='word_1_285' title='bbox 1683 5478 1849 5554; x_wconf 77' lang='grc' dir='ltr'>ξίφειο</span> 
     </span>
    </p>
   </div>
   <div class='ocr_carea' id='block_1_58' title="bbox 568 5566 1780 5645">
    <p class='ocr_par' dir='ltr' id='par_1_58' title="bbox 568 5566 1780 5645">
     <span class='ocr_line' id='line_1_58' title="bbox 568 5566 1780 5645; baseline 0.002 -22"><span class='ocrx_word' id='word_1_286' title='bbox 568 5566 779 5623; x_wconf 86' lang='grc' dir='ltr'>Ἔπειτ’</span> <span class='ocrx_word' id='word_1_287' title='bbox 811 5566 1049 5643; x_wconf 88' lang='grc' dir='ltr'>ἀφεικὼς</span> <span class='ocrx_word' id='word_1_288' title='bbox 1083 5568 1335 5645; x_wconf 77' lang='grc' dir='ltr'>στρατιὰν</span> <span class='ocrx_word' id='word_1_289' title='bbox 1368 5568 1541 5625; x_wconf 77' lang='grc' dir='ltr'>αὐτοῦ</span> <span class='ocrx_word' id='word_1_290' title='bbox 1575 5570 1780 5643; x_wconf 81' lang='grc' dir='ltr'>μένειν,</span> 
     </span>
    </p>
   </div>
   <div class='ocr_carea' id='block_1_59' title="bbox 567 5655 1756 5736">
    <p class='ocr_par' dir='ltr' id='par_1_59' title="bbox 567 5655 1756 5736">
     <span class='ocr_line' id='line_1_59' title="bbox 567 5655 1756 5736; baseline 0.002 -25"><span class='ocrx_word' id='word_1_291' title='bbox 567 5655 715 5729; x_wconf 80' lang='grc' dir='ltr'>Πρὸς</span> <span class='ocrx_word' id='word_1_292' title='bbox 748 5659 1045 5729; x_wconf 86' lang='grc' dir='ltr'>Γρατιανὸν</span> <span class='ocrx_word' id='word_1_293' title='bbox 1073 5657 1516 5733; x_wconf 83' lang='grc' dir='ltr'>αὐτεπάγγελτος</span> <span class='ocrx_word' id='word_1_294' title='bbox 1549 5659 1756 5736; x_wconf 87' lang='grc' dir='ltr'>φθάσας</span> 
     </span>
    </p>
   </div>
   <div class='ocr_carea' id='block_1_60' title="bbox 410 5742 1505 5826">
    <p class='ocr_par' dir='ltr' id='par_1_60' title="bbox 410 5742 1505 5826">
     <span class='ocr_line' id='line_1_60' title="bbox 410 5742 1505 5826; baseline -0.002 -21"><span class='ocrx_word' id='word_1_295' title='bbox 410 5748 533 5805; x_wconf 87' lang='grc'>585</span> <span class='ocrx_word' id='word_1_296' title='bbox 570 5745 661 5802; x_wconf 85' lang='grc' dir='ltr'>Ἐν</span> <span class='ocrx_word' id='word_1_297' title='bbox 692 5744 936 5820; x_wconf 80' lang='grc' dir='ltr'>Πανονίᾳ</span> <span class='ocrx_word' id='word_1_298' title='bbox 966 5742 1223 5826; x_wconf 87' lang='grc' dir='ltr'>διάγοντα</span> <span class='ocrx_word' id='word_1_299' title='bbox 1243 5751 1325 5820; x_wconf 78' lang='grc' dir='ltr'>τῷ</span> <span class='ocrx_word' id='word_1_300' title='bbox 1352 5746 1505 5820; x_wconf 83' lang='grc' dir='ltr'>τότε,</span> 
     </span>
    </p>
   </div>
   <div class='ocr_carea' id='block_1_61' title="bbox 1958 402 2325 458">
    <p class='ocr_par' dir='ltr' id='par_1_61' title="bbox 1958 402 2325 458">
     <span class='ocr_line' id='line_1_61' title="bbox 1958 402 2325 458; baseline 0.003 -1"><span class='ocrx_word' id='word_1_301' title='bbox 1958 403 2067 457; x_wconf 71' lang='grc' dir='ltr'>ΟΒ</span> <span class='ocrx_word' id='word_1_302' title='bbox 2074 402 2325 458; x_wconf 79' lang='grc' dir='ltr'>ΒΔΒΕΒ.</span> 
     </span>
    </p>
   </div>
   <div class='ocr_carea' id='block_1_62' title="bbox 2110 527 3458 603">
    <p class='ocr_par' dir='ltr' id='par_1_62' title="bbox 2110 527 3458 603">
     <span class='ocr_line' id='line_1_62' title="bbox 2110 527 3458 603; baseline 0.01 -25"><span class='ocrx_word' id='word_1_303' title='bbox 2110 537 2165 601; x_wconf 77' lang='grc' dir='ltr'><strong>Α</strong></span> <span class='ocrx_word' id='word_1_304' title='bbox 2194 527 2378 597; x_wconf 87' lang='lat' dir='ltr'>partis</span> <span class='ocrx_word' id='word_1_305' title='bbox 2404 527 2739 585; x_wconf 78' lang='lat' dir='ltr'>orthodoxae</span> <span class='ocrx_word' id='word_1_306' title='bbox 2772 536 3114 603; x_wconf 88' lang='lat' dir='ltr'>persecutor</span> <span class='ocrx_word' id='word_1_307' title='bbox 3142 534 3458 593; x_wconf 83' lang='lat' dir='ltr'>vehemens</span> 
     </span>
    </p>
   </div>
   <div class='ocr_carea' id='block_1_63' title="bbox 2191 621 3313 687">
    <p class='ocr_par' dir='ltr' id='par_1_63' title="bbox 2191 621 3313 687">
     <span class='ocr_line' id='line_1_63' title="bbox 2191 621 3313 687; baseline 0.008 -17"><span class='ocrx_word' id='word_1_308' title='bbox 2191 631 2500 687; x_wconf 68' lang='lat' dir='ltr'>saevusque</span> <span class='ocrx_word' id='word_1_309' title='bbox 2531 621 2720 675; x_wconf 87' lang='lat' dir='ltr'>tortor</span> <span class='ocrx_word' id='word_1_310' title='bbox 2749 625 2875 676; x_wconf 91' lang='lat' dir='ltr'>erat</span> <span class='ocrx_word' id='word_1_311' title='bbox 2901 627 2959 677; x_wconf 90' lang='lat' dir='ltr'>et</span> <span class='ocrx_word' id='word_1_312' title='bbox 2992 622 3313 681; x_wconf 82' lang='lat' dir='ltr'>horribilis.</span> 
     </span>
    </p>
   </div>
   <div class='ocr_carea' id='block_1_64' title="bbox 2192 700 3534 785">
    <p class='ocr_par' dir='ltr' id='par_1_64' title="bbox 2192 700 3534 785">
     <span class='ocr_line' id='line_1_64' title="bbox 2192 700 3534 785; baseline 0.009 -27"><span class='ocrx_word' id='word_1_313' title='bbox 2192 700 2462 759; x_wconf 88' lang='lat' dir='ltr'>Pastores</span> <span class='ocrx_word' id='word_1_314' title='bbox 2489 705 2730 777; x_wconf 88' lang='lat' dir='ltr'>quidem</span> <span class='ocrx_word' id='word_1_315' title='bbox 2765 709 3091 780; x_wconf 79' lang='lat' dir='ltr'>praecipuos</span> <span class='ocrx_word' id='word_1_316' title='bbox 3122 716 3181 766; x_wconf 90' lang='lat' dir='ltr'>et</span> <span class='ocrx_word' id='word_1_317' title='bbox 3212 713 3534 785; x_wconf 85' lang='lat' dir='ltr'>magistros</span> 
     </span>
    </p>
   </div>
   <div class='ocr_carea' id='block_1_65' title="bbox 2189 793 3517 874">
    <p class='ocr_par' dir='ltr' id='par_1_65' title="bbox 2189 793 3517 874">
     <span class='ocr_line' id='line_1_65' title="bbox 2189 793 3517 874; baseline 0.013 -30"><span class='ocrx_word' id='word_1_318' title='bbox 2189 793 2470 862; x_wconf 79' lang='lat' dir='ltr'>gregibus</span> <span class='ocrx_word' id='word_1_319' title='bbox 2500 795 2629 851; x_wconf 83' lang='lat' dir='ltr'>suis</span> <span class='ocrx_word' id='word_1_320' title='bbox 2658 796 2862 867; x_wconf 88' lang='lat' dir='ltr'>pulsos</span> <span class='ocrx_word' id='word_1_321' title='bbox 2892 807 2947 854; x_wconf 87' lang='lat' dir='ltr'>et</span> <span class='ocrx_word' id='word_1_322' title='bbox 2976 800 3181 871; x_wconf 86' lang='lat' dir='ltr'>procul</span> <span class='ocrx_word' id='word_1_323' title='bbox 3214 800 3517 874; x_wconf 80' lang='lat' dir='ltr'>ablegatos</span> 
     </span>
    </p>
   </div>
   <div class='ocr_carea' id='block_1_66' title="bbox 2188 882 3347 957">
    <p class='ocr_par' dir='ltr' id='par_1_66' title="bbox 2188 882 3347 957">
     <span class='ocr_line' id='line_1_66' title="bbox 2188 882 3347 957; baseline 0.011 -22"><span class='ocrx_word' id='word_1_324' title='bbox 2188 882 2368 936; x_wconf 89' lang='lat' dir='ltr'>variis</span> <span class='ocrx_word' id='word_1_325' title='bbox 2401 888 2681 954; x_wconf 67' lang='lat' dir='ltr'>praeterea</span> <span class='ocrx_word' id='word_1_326' title='bbox 2712 887 2895 957; x_wconf 79' lang='lat' dir='ltr'>pcenis</span> <span class='ocrx_word' id='word_1_327' title='bbox 2920 889 3298 947; x_wconf 81' lang='lat' dir='ltr'>excruciabat</span> <span class='ocrx_word' id='word_1_328' title='bbox 3333 909 3347 947; x_wconf 86' lang='lat'><strong>:</strong></span> 
     </span>
    </p>
   </div>
   <div class='ocr_carea' id='block_1_67' title="bbox 2190 971 3381 1038">
    <p class='ocr_par' dir='ltr' id='par_1_67' title="bbox 2190 971 3381 1038">
     <span class='ocr_line' id='line_1_67' title="bbox 2190 971 3381 1038; baseline 0.011 -13"><span class='ocrx_word' id='word_1_329' title='bbox 2190 972 2319 1025; x_wconf 71' lang='lat' dir='ltr'>tum</span> <span class='ocrx_word' id='word_1_330' title='bbox 2350 974 2408 1027; x_wconf 93' lang='lat' dir='ltr'>et</span> <span class='ocrx_word' id='word_1_331' title='bbox 2437 971 2540 1029; x_wconf 91' lang='lat' dir='ltr'>Dei</span> <span class='ocrx_word' id='word_1_332' title='bbox 2573 976 2907 1033; x_wconf 82' lang='lat' dir='ltr'>sacerdotes</span> <span class='ocrx_word' id='word_1_333' title='bbox 2938 979 3123 1034; x_wconf 91' lang='lat' dir='ltr'>sacris</span> <span class='ocrx_word' id='word_1_334' title='bbox 3154 980 3381 1038; x_wconf 66' lang='lat' dir='ltr'>aedibus</span> 
     </span>
    </p>
   </div>
   <div class='ocr_carea' id='block_1_68' title="bbox 2186 1058 3416 1129">
    <p class='ocr_par' dir='ltr' id='par_1_68' title="bbox 2186 1058 3416 1129">
     <span class='ocr_line' id='line_1_68' title="bbox 2186 1058 3416 1129; baseline 0.01 -17"><span class='ocrx_word' id='word_1_335' title='bbox 2186 1058 2538 1129; x_wconf 90' lang='lat' dir='ltr'>prohibitos,</span> <span class='ocrx_word' id='word_1_336' title='bbox 2571 1065 2751 1120; x_wconf 89' lang='lat' dir='ltr'>arctis</span> <span class='ocrx_word' id='word_1_337' title='bbox 2781 1067 3085 1123; x_wconf 84' lang='lat' dir='ltr'>detinebat</span> <span class='ocrx_word' id='word_1_338' title='bbox 3114 1070 3368 1126; x_wconf 86' lang='lat' dir='ltr'>vinculis</span> <span class='ocrx_word' id='word_1_339' title='bbox 3403 1087 3416 1124; x_wconf 94' lang='lat'>:</span> 
     </span>
    </p>
   </div>
   <div class='ocr_carea' id='block_1_69' title="bbox 2188 1146 3471 1228">
    <p class='ocr_par' dir='ltr' id='par_1_69' title="bbox 2188 1146 3471 1228">
     <span class='ocr_line' id='line_1_69' title="bbox 2188 1146 3471 1228; baseline 0.011 -27"><span class='ocrx_word' id='word_1_340' title='bbox 2188 1146 2334 1203; x_wconf 87' lang='lat' dir='ltr'>alios</span> <span class='ocrx_word' id='word_1_341' title='bbox 2368 1152 2539 1220; x_wconf 89' lang='lat' dir='ltr'>aquis</span> <span class='ocrx_word' id='word_1_342' title='bbox 2566 1153 2940 1223; x_wconf 68' lang='lat' dir='ltr'>prmfocabat,</span> <span class='ocrx_word' id='word_1_343' title='bbox 2974 1156 3290 1228; x_wconf 90' lang='lat' dir='ltr'>medioque</span> <span class='ocrx_word' id='word_1_344' title='bbox 3319 1158 3471 1215; x_wconf 89' lang='lat' dir='ltr'>mari</span> 
     </span>
    </p>
   </div>
   <div class='ocr_carea' id='block_1_70' title="bbox 2187 1239 3426 1317">
    <p class='ocr_par' dir='ltr' id='par_1_70' title="bbox 2187 1239 3426 1317">
     <span class='ocr_line' id='line_1_70' title="bbox 2187 1239 3426 1317; baseline 0.01 -26"><span class='ocrx_word' id='word_1_345' title='bbox 2187 1239 2498 1294; x_wconf 91' lang='lat' dir='ltr'>combusta</span> <span class='ocrx_word' id='word_1_346' title='bbox 2530 1256 2673 1296; x_wconf 90' lang='lat' dir='ltr'>nave</span> <span class='ocrx_word' id='word_1_347' title='bbox 2705 1242 2963 1299; x_wconf 89' lang='lat' dir='ltr'>ﬂammis</span> <span class='ocrx_word' id='word_1_348' title='bbox 2992 1246 3426 1317; x_wconf 82' lang='lat' dir='ltr'>exstinguebat.</span> 
     </span>
    </p>
   </div>
   <div class='ocr_carea' id='block_1_71' title="bbox 2187 1325 3318 1406">
    <p class='ocr_par' dir='ltr' id='par_1_71' title="bbox 2187 1325 3318 1406">
     <span class='ocr_line' id='line_1_71' title="bbox 2187 1325 3318 1406; baseline 0.011 -26"><span class='ocrx_word' id='word_1_349' title='bbox 2187 1325 2303 1380; x_wconf 84' lang='lat' dir='ltr'>Arii</span> <span class='ocrx_word' id='word_1_350' title='bbox 2335 1343 2469 1384; x_wconf 91' lang='lat' dir='ltr'>vero</span> <span class='ocrx_word' id='word_1_351' title='bbox 2502 1329 2760 1387; x_wconf 89' lang='lat' dir='ltr'>asseclas</span> <span class='ocrx_word' id='word_1_352' title='bbox 2793 1332 3061 1406; x_wconf 87' lang='lat' dir='ltr'>impense</span> <span class='ocrx_word' id='word_1_353' title='bbox 3093 1334 3318 1403; x_wconf 88' lang='lat' dir='ltr'>colens,</span> 
     </span>
    </p>
   </div>
   <div class='ocr_carea' id='block_1_72' title="bbox 2187 1419 3616 1497">
    <p class='ocr_par' dir='ltr' id='par_1_72' title="bbox 2187 1419 3616 1497">
     <span class='ocr_line' id='line_1_72' title="bbox 2187 1419 3616 1497; baseline 0.01 -27"><span class='ocrx_word' id='word_1_354' title='bbox 2187 1419 2364 1486; x_wconf 90' lang='lat' dir='ltr'>atque</span> <span class='ocrx_word' id='word_1_355' title='bbox 2394 1420 2522 1488; x_wconf 86' lang='lat' dir='ltr'>ejus</span> <span class='ocrx_word' id='word_1_356' title='bbox 2549 1420 2927 1492; x_wconf 86' lang='lat' dir='ltr'>dogmatibus</span> <span class='ocrx_word' id='word_1_357' title='bbox 2957 1425 3257 1481; x_wconf 89' lang='lat' dir='ltr'>mordicus</span> <span class='ocrx_word' id='word_1_358' title='bbox 3288 1426 3616 1497; x_wconf 60' lang='lat' dir='ltr'>adhaerens,</span> 
     </span>
    </p>
   </div>
   <div class='ocr_carea' id='block_1_73' title="bbox 2186 1504 3448 1587">
    <p class='ocr_par' dir='ltr' id='par_1_73' title="bbox 2186 1504 3448 1587">
     <span class='ocr_line' id='line_1_73' title="bbox 2186 1504 3448 1587; baseline 0.01 -28"><span class='ocrx_word' id='word_1_359' title='bbox 2186 1504 2465 1563; x_wconf 87' lang='lat' dir='ltr'>ecclesias</span> <span class='ocrx_word' id='word_1_360' title='bbox 2493 1506 2643 1579; x_wconf 83' lang='lat' dir='ltr'>ipsis</span> <span class='ocrx_word' id='word_1_361' title='bbox 2674 1515 2917 1568; x_wconf 90' lang='lat' dir='ltr'>cunctas</span> <span class='ocrx_word' id='word_1_362' title='bbox 2948 1515 3234 1585; x_wconf 89' lang='lat' dir='ltr'>regendas</span> <span class='ocrx_word' id='word_1_363' title='bbox 3267 1516 3448 1587; x_wconf 86' lang='lat' dir='ltr'>dedit,</span> 
     </span>
    </p>
   </div>
   <div class='ocr_carea' id='block_1_74' title="bbox 2186 1593 3306 1670">
    <p class='ocr_par' dir='ltr' id='par_1_74' title="bbox 2186 1593 3306 1670">
     <span class='ocr_line' id='line_1_74' title="bbox 2186 1593 3306 1670; baseline 0.012 -22"><span class='ocrx_word' id='word_1_364' title='bbox 2186 1593 2389 1663; x_wconf 87' lang='lat' dir='ltr'>ejectis</span> <span class='ocrx_word' id='word_1_365' title='bbox 2421 1595 2558 1655; x_wconf 90' lang='lat' dir='ltr'>inde</span> <span class='ocrx_word' id='word_1_366' title='bbox 2589 1616 2691 1670; x_wconf 91' lang='lat' dir='ltr'>per</span> <span class='ocrx_word' id='word_1_367' title='bbox 2715 1601 2909 1659; x_wconf 89' lang='lat' dir='ltr'>scelus</span> <span class='ocrx_word' id='word_1_368' title='bbox 2940 1604 3306 1661; x_wconf 82' lang='lat' dir='ltr'>orthodoxis.</span> 
     </span>
    </p>
   </div>
   <div class='ocr_carea' id='block_1_75' title="bbox 2185 1681 3438 1765">
    <p class='ocr_par' dir='ltr' id='par_1_75' title="bbox 2185 1681 3438 1765">
     <span class='ocr_line' id='line_1_75' title="bbox 2185 1681 3438 1765; baseline 0.01 -26"><span class='ocrx_word' id='word_1_369' title='bbox 2185 1681 2406 1739; x_wconf 90' lang='lat' dir='ltr'>Deinde</span> <span class='ocrx_word' id='word_1_370' title='bbox 2436 1685 2641 1743; x_wconf 84' lang='lat' dir='ltr'>Gothis</span> <span class='ocrx_word' id='word_1_371' title='bbox 2669 1690 2982 1747; x_wconf 86' lang='lat' dir='ltr'>Thraciam</span> <span class='ocrx_word' id='word_1_372' title='bbox 3014 1693 3438 1765; x_wconf 81' lang='lat' dir='ltr'>populantibus</span> 
     </span>
    </p>
   </div>
   <div class='ocr_carea' id='block_1_76' title="bbox 2186 1774 3413 1853">
    <p class='ocr_par' dir='ltr' id='par_1_76' title="bbox 2186 1774 3413 1853">
     <span class='ocr_line' id='line_1_76' title="bbox 2186 1774 3413 1853; baseline 0.011 -26"><span class='ocrx_word' id='word_1_373' title='bbox 2186 1774 2242 1827; x_wconf 89' lang='lat' dir='ltr'>et</span> <span class='ocrx_word' id='word_1_374' title='bbox 2270 1774 2600 1832; x_wconf 84' lang='lat' dir='ltr'>vastitatem</span> <span class='ocrx_word' id='word_1_375' title='bbox 2633 1778 2963 1850; x_wconf 82' lang='lat' dir='ltr'>Scythicam</span> <span class='ocrx_word' id='word_1_376' title='bbox 2996 1782 3413 1853; x_wconf 79' lang='lat' dir='ltr'>efﬁcientibus,</span> 
     </span>
    </p>
   </div>
   <div class='ocr_carea' id='block_1_77' title="bbox 2184 1859 3360 1943">
    <p class='ocr_par' dir='ltr' id='par_1_77' title="bbox 2184 1859 3360 1943">
     <span class='ocr_line' id='line_1_77' title="bbox 2184 1859 3360 1943; baseline 0.012 -29"><span class='ocrx_word' id='word_1_377' title='bbox 2184 1859 2504 1932; x_wconf 85' lang='lat' dir='ltr'>imperator</span> <span class='ocrx_word' id='word_1_378' title='bbox 2534 1865 2826 1923; x_wconf 85' lang='lat' dir='ltr'>Barbaros</span> <span class='ocrx_word' id='word_1_379' title='bbox 2857 1869 3010 1925; x_wconf 91' lang='lat' dir='ltr'>bello</span> <span class='ocrx_word' id='word_1_380' title='bbox 3041 1886 3360 1943; x_wconf 86' lang='lat' dir='ltr'>aggressus</span> 
     </span>
    </p>
   </div>
   <div class='ocr_carea' id='block_1_78' title="bbox 2108 1920 3268 2030">
    <p class='ocr_par' dir='ltr' id='par_1_78' title="bbox 2108 1920 3268 2030">
     <span class='ocr_line' id='line_1_78' title="bbox 2108 1920 3268 2030; baseline 0.012 -28"><span class='ocrx_word' id='word_1_381' title='bbox 2108 1920 2157 1986; x_wconf 81' lang='grc' dir='ltr'><strong><em>Β</em></strong></span> <span class='ocrx_word' id='word_1_382' title='bbox 2182 1920 2384 2021; x_wconf 62' lang='lat' dir='ltr'>praelia</span> <span class='ocrx_word' id='word_1_383' title='bbox 2414 1953 2631 2009; x_wconf 84' lang='lat' dir='ltr'>infelici</span> <span class='ocrx_word' id='word_1_384' title='bbox 2651 1920 2923 2012; x_wconf 22' lang='lat' dir='ltr'>ﬁvincitur</span> <span class='ocrx_word' id='word_1_385' title='bbox 2952 1976 2986 2015; x_wconf 90' lang='lat' dir='ltr'>a</span> <span class='ocrx_word' id='word_1_386' title='bbox 3016 1920 3222 2015; x_wconf 55' lang='lat' dir='ltr'>thchis</span> <span class='ocrx_word' id='word_1_387' title='bbox 3254 1978 3268 2030; x_wconf 89' lang='lat'><strong>;</strong></span> 
     </span>
    </p>
   </div>
   <div class='ocr_carea' id='block_1_79' title="bbox 2180 2041 3514 2119">
    <p class='ocr_par' dir='ltr' id='par_1_79' title="bbox 2180 2041 3514 2119">
     <span class='ocr_line' id='line_1_79' title="bbox 2180 2041 3514 2119; baseline 0.01 -26"><span class='ocrx_word' id='word_1_388' title='bbox 2180 2041 2445 2112; x_wconf 90' lang='lat' dir='ltr'>dumque</span> <span class='ocrx_word' id='word_1_389' title='bbox 2479 2043 2657 2101; x_wconf 89' lang='lat' dir='ltr'>miser</span> <span class='ocrx_word' id='word_1_390' title='bbox 2690 2045 2878 2101; x_wconf 83' lang='lat' dir='ltr'>fatum</span> <span class='ocrx_word' id='word_1_391' title='bbox 2910 2063 2942 2102; x_wconf 90' lang='lat' dir='ltr'>a</span> <span class='ocrx_word' id='word_1_392' title='bbox 2972 2046 3167 2119; x_wconf 85' lang='lat' dir='ltr'>gladio</span> <span class='ocrx_word' id='word_1_393' title='bbox 3195 2048 3514 2106; x_wconf 89' lang='lat' dir='ltr'>imminens</span> 
     </span>
    </p>
   </div>
   <div class='ocr_carea' id='block_1_80' title="bbox 2181 2127 3186 2206">
    <p class='ocr_par' dir='ltr' id='par_1_80' title="bbox 2181 2127 3186 2206">
     <span class='ocr_line' id='line_1_80' title="bbox 2181 2127 3186 2206; baseline 0.009 -23"><span class='ocrx_word' id='word_1_394' title='bbox 2181 2127 2352 2199; x_wconf 66' lang='lat' dir='ltr'>fugit,</span> <span class='ocrx_word' id='word_1_395' title='bbox 2386 2146 2452 2185; x_wconf 89' lang='lat' dir='ltr'>ac</span> <span class='ocrx_word' id='word_1_396' title='bbox 2478 2131 2577 2188; x_wconf 92' lang='lat' dir='ltr'>vili</span> <span class='ocrx_word' id='word_1_397' title='bbox 2610 2149 2673 2189; x_wconf 92' lang='lat' dir='ltr'>se</span> <span class='ocrx_word' id='word_1_398' title='bbox 2704 2134 2967 2206; x_wconf 90' lang='lat' dir='ltr'>paleario</span> <span class='ocrx_word' id='word_1_399' title='bbox 2999 2137 3186 2205; x_wconf 87' lang='lat' dir='ltr'>abdit,</span> 
     </span>
    </p>
   </div>
   <div class='ocr_carea' id='block_1_81' title="bbox 2181 2215 3257 2293">
    <p class='ocr_par' dir='ltr' id='par_1_81' title="bbox 2181 2215 3257 2293">
     <span class='ocr_line' id='line_1_81' title="bbox 2181 2215 3257 2293; baseline 0.008 -22"><span class='ocrx_word' id='word_1_400' title='bbox 2181 2215 2265 2279; x_wconf 91' lang='lat' dir='ltr'>ibi</span> <span class='ocrx_word' id='word_1_401' title='bbox 2296 2218 2672 2276; x_wconf 88' lang='lat' dir='ltr'>ﬂammarum</span> <span class='ocrx_word' id='word_1_402' title='bbox 2704 2238 2839 2278; x_wconf 90' lang='lat' dir='ltr'>esca</span> <span class='ocrx_word' id='word_1_403' title='bbox 2870 2223 2933 2279; x_wconf 83' lang='lat' dir='ltr'>ﬁt</span> <span class='ocrx_word' id='word_1_404' title='bbox 2964 2224 3257 2293; x_wconf 88' lang='lat' dir='ltr'>edacium,</span> 
     </span>
    </p>
   </div>
   <div class='ocr_carea' id='block_1_82' title="bbox 2182 2308 3611 2386">
    <p class='ocr_par' dir='ltr' id='par_1_82' title="bbox 2182 2308 3611 2386">
     <span class='ocr_line' id='line_1_82' title="bbox 2182 2308 3611 2386; baseline 0.008 -26"><span class='ocrx_word' id='word_1_405' title='bbox 2182 2308 2325 2362; x_wconf 91' lang='lat' dir='ltr'>dum</span> <span class='ocrx_word' id='word_1_406' title='bbox 2358 2308 2529 2364; x_wconf 81' lang='lat' dir='ltr'>Gethi</span> <span class='ocrx_word' id='word_1_407' title='bbox 2560 2311 2758 2382; x_wconf 88' lang='lat' dir='ltr'>ignem</span> <span class='ocrx_word' id='word_1_408' title='bbox 2790 2312 3119 2382; x_wconf 86' lang='lat' dir='ltr'>subjiciunt</span> <span class='ocrx_word' id='word_1_409' title='bbox 3148 2313 3283 2386; x_wconf 88' lang='lat' dir='ltr'>pagi</span> <span class='ocrx_word' id='word_1_410' title='bbox 3315 2314 3611 2373; x_wconf 89' lang='lat' dir='ltr'>domibus.</span> 
     </span>
    </p>
   </div>
   <div class='ocr_carea' id='block_1_83' title="bbox 2186 2394 3386 2475">
    <p class='ocr_par' dir='ltr' id='par_1_83' title="bbox 2186 2394 3386 2475">
     <span class='ocr_line' id='line_1_83' title="bbox 2186 2394 3386 2475; baseline 0.007 -26"><span class='ocrx_word' id='word_1_411' title='bbox 2186 2394 2289 2452; x_wconf 88' lang='lat' dir='ltr'>Hic</span> <span class='ocrx_word' id='word_1_412' title='bbox 2322 2398 2496 2453; x_wconf 89' lang='lat' dir='ltr'>annis</span> <span class='ocrx_word' id='word_1_413' title='bbox 2526 2400 2709 2455; x_wconf 91' lang='lat' dir='ltr'>ferme</span> <span class='ocrx_word' id='word_1_414' title='bbox 2741 2402 3021 2457; x_wconf 86' lang='lat' dir='ltr'>tredecim</span> <span class='ocrx_word' id='word_1_415' title='bbox 3054 2402 3386 2475; x_wconf 88' lang='lat' dir='ltr'>imperavit,</span> 
     </span>
    </p>
   </div>
   <div class='ocr_carea' id='block_1_84' title="bbox 2184 2485 3359 2561">
    <p class='ocr_par' dir='ltr' id='par_1_84' title="bbox 2184 2485 3359 2561">
     <span class='ocr_line' id='line_1_84' title="bbox 2184 2485 3359 2561; baseline 0.008 -21"><span class='ocrx_word' id='word_1_416' title='bbox 2184 2485 2377 2557; x_wconf 84' lang='lat' dir='ltr'>gravis</span> <span class='ocrx_word' id='word_1_417' title='bbox 2410 2487 2743 2545; x_wconf 69' lang='lat' dir='ltr'>orthodoxae</span> <span class='ocrx_word' id='word_1_418' title='bbox 2776 2492 3037 2547; x_wconf 72' lang='lat' dir='ltr'>carnifex</span> <span class='ocrx_word' id='word_1_419' title='bbox 3064 2492 3359 2561; x_wconf 66' lang='lat' dir='ltr'>Ecclesiae,</span> 
     </span>
    </p>
   </div>
   <div class='ocr_carea' id='block_1_85' title="bbox 2184 2573 3266 2638">
    <p class='ocr_par' dir='ltr' id='par_1_85' title="bbox 2184 2573 3266 2638">
     <span class='ocr_line' id='line_1_85' title="bbox 2184 2573 3266 2638; baseline 0.007 -10"><span class='ocrx_word' id='word_1_420' title='bbox 2184 2573 2444 2632; x_wconf 80' lang='lat' dir='ltr'>fervidus</span> <span class='ocrx_word' id='word_1_421' title='bbox 2474 2578 2595 2634; x_wconf 88' lang='lat' dir='ltr'>Arii</span> <span class='ocrx_word' id='word_1_422' title='bbox 2626 2586 2855 2635; x_wconf 89' lang='lat' dir='ltr'>amator</span> <span class='ocrx_word' id='word_1_423' title='bbox 2884 2586 2942 2636; x_wconf 92' lang='lat' dir='ltr'>et</span> <span class='ocrx_word' id='word_1_424' title='bbox 2972 2582 3266 2638; x_wconf 82' lang='lat' dir='ltr'>defensor.</span> 
     </span>
    </p>
   </div>
   <div class='ocr_carea' id='block_1_86' title="bbox 2663 2694 3359 2755">
    <p class='ocr_par' dir='ltr' id='par_1_86' title="bbox 2663 2694 3359 2755">
     <span class='ocr_line' id='line_1_86' title="bbox 2663 2694 3359 2755; baseline 0.007 -7"><span class='ocrx_word' id='word_1_425' title='bbox 2663 2694 2981 2751; x_wconf 76' lang='lat' dir='ltr'>GRATIAN</span> <span class='ocrx_word' id='word_1_426' title='bbox 2989 2695 3076 2752; x_wconf 89' lang='lat' dir='ltr'>US</span> <span class='ocrx_word' id='word_1_427' title='bbox 3116 2696 3359 2755; x_wconf 71' lang='grc' dir='ltr'>ΡιΟΜλἘ.</span> 
     </span>
    </p>
   </div>
   <div class='ocr_carea' id='block_1_87' title="bbox 2185 2786 3127 2862">
    <p class='ocr_par' dir='ltr' id='par_1_87' title="bbox 2185 2786 3127 2862">
     <span class='ocr_line' id='line_1_87' title="bbox 2185 2786 3127 2862; baseline 0.005 -20"><span class='ocrx_word' id='word_1_428' title='bbox 2185 2786 2279 2842; x_wconf 90' lang='lat' dir='ltr'>Sic</span> <span class='ocrx_word' id='word_1_429' title='bbox 2311 2791 2590 2859; x_wconf 86' lang='lat' dir='ltr'>pereunte</span> <span class='ocrx_word' id='word_1_430' title='bbox 2623 2789 2837 2846; x_wconf 88' lang='lat' dir='ltr'>misere</span> <span class='ocrx_word' id='word_1_431' title='bbox 2862 2790 3127 2862; x_wconf 87' lang='lat' dir='ltr'>Valente,</span> 
     </span>
    </p>
   </div>
   <div class='ocr_carea' id='block_1_88' title="bbox 2185 2876 3369 2951">
    <p class='ocr_par' dir='ltr' id='par_1_88' title="bbox 2185 2876 3369 2951">
     <span class='ocr_line' id='line_1_88' title="bbox 2185 2876 3369 2951; baseline 0.007 -21"><span class='ocrx_word' id='word_1_432' title='bbox 2185 2876 2333 2947; x_wconf 78' lang='lat' dir='ltr'>cepit</span> <span class='ocrx_word' id='word_1_433' title='bbox 2358 2876 2673 2934; x_wconf 88' lang='lat' dir='ltr'>Gratianus</span> <span class='ocrx_word' id='word_1_434' title='bbox 2707 2894 2842 2935; x_wconf 92' lang='lat' dir='ltr'>cum</span> <span class='ocrx_word' id='word_1_435' title='bbox 2874 2894 3156 2951; x_wconf 92' lang='lat' dir='ltr'>germano</span> <span class='ocrx_word' id='word_1_436' title='bbox 3188 2881 3369 2938; x_wconf 79' lang='lat' dir='ltr'>fratre</span> 
     </span>
    </p>
   </div>
   <div class='ocr_carea' id='block_1_89' title="bbox 2184 2964 3237 3041">
    <p class='ocr_par' dir='ltr' id='par_1_89' title="bbox 2184 2964 3237 3041">
     <span class='ocr_line' id='line_1_89' title="bbox 2184 2964 3237 3041; baseline 0.006 -21"><span class='ocrx_word' id='word_1_437' title='bbox 2184 2964 2287 3021; x_wconf 91' lang='lat' dir='ltr'>Eoi</span> <span class='ocrx_word' id='word_1_438' title='bbox 2316 2966 2478 3022; x_wconf 92' lang='lat' dir='ltr'>orbis</span> <span class='ocrx_word' id='word_1_439' title='bbox 2508 2966 2867 3040; x_wconf 90' lang='lat' dir='ltr'>Occiduique</span> <span class='ocrx_word' id='word_1_440' title='bbox 2896 2968 3237 3041; x_wconf 89' lang='lat' dir='ltr'>imperium.</span> 
     </span>
    </p>
   </div>
   <div class='ocr_carea' id='block_1_90' title="bbox 2185 3055 3638 3130">
    <p class='ocr_par' dir='ltr' id='par_1_90' title="bbox 2185 3055 3638 3130">
     <span class='ocr_line' id='line_1_90' title="bbox 2185 3055 3638 3130; baseline 0.006 -21"><span class='ocrx_word' id='word_1_441' title='bbox 2185 3055 2500 3111; x_wconf 88' lang='lat' dir='ltr'>Gratianus</span> <span class='ocrx_word' id='word_1_442' title='bbox 2532 3057 2771 3127; x_wconf 89' lang='lat' dir='ltr'>quidem</span> <span class='ocrx_word' id='word_1_443' title='bbox 2802 3074 2837 3113; x_wconf 89' lang='lat' dir='ltr'>a</span> <span class='ocrx_word' id='word_1_444' title='bbox 2859 3063 3025 3130; x_wconf 90' lang='lat' dir='ltr'>patre</span> <span class='ocrx_word' id='word_1_445' title='bbox 3055 3075 3155 3114; x_wconf 82' lang='lat' dir='ltr'>rex</span> <span class='ocrx_word' id='word_1_446' title='bbox 3183 3061 3373 3115; x_wconf 85' lang='lat' dir='ltr'>fuerat</span> <span class='ocrx_word' id='word_1_447' title='bbox 3402 3061 3598 3118; x_wconf 89' lang='lat' dir='ltr'>dictus</span> <span class='ocrx_word' id='word_1_448' title='bbox 3623 3086 3638 3130; x_wconf 88' lang='lat'><strong>;</strong></span> 
     </span>
    </p>
   </div>
   <div class='ocr_carea' id='block_1_91' title="bbox 2186 3146 3467 3221">
    <p class='ocr_par' dir='ltr' id='par_1_91' title="bbox 2186 3146 3467 3221">
     <span class='ocr_line' id='line_1_91' title="bbox 2186 3146 3467 3221; baseline 0.005 -22"><span class='ocrx_word' id='word_1_449' title='bbox 2186 3148 2593 3202; x_wconf 87' lang='lat' dir='ltr'>verumtamen</span> <span class='ocrx_word' id='word_1_450' title='bbox 2622 3146 2934 3217; x_wconf 81' lang='lat' dir='ltr'>exercitus,</span> <span class='ocrx_word' id='word_1_451' title='bbox 2970 3148 3246 3206; x_wconf 84' lang='lat' dir='ltr'>defuncto</span> <span class='ocrx_word' id='word_1_452' title='bbox 3278 3152 3467 3221; x_wconf 89' lang='lat' dir='ltr'>patre,</span> 
     </span>
    </p>
   </div>
   <div class='ocr_carea' id='block_1_92' title="bbox 2184 3233 3506 3309">
    <p class='ocr_par' dir='ltr' id='par_1_92' title="bbox 2184 3233 3506 3309">
     <span class='ocr_line' id='line_1_92' title="bbox 2184 3233 3506 3309; baseline 0.007 -21"><span class='ocrx_word' id='word_1_453' title='bbox 2184 3233 2465 3304; x_wconf 90' lang='lat' dir='ltr'>quoniam</span> <span class='ocrx_word' id='word_1_454' title='bbox 2488 3235 2805 3294; x_wconf 89' lang='lat' dir='ltr'>Gratianus</span> <span class='ocrx_word' id='word_1_455' title='bbox 2836 3237 3023 3294; x_wconf 77' lang='lat' dir='ltr'>funeri</span> <span class='ocrx_word' id='word_1_456' title='bbox 3054 3256 3172 3295; x_wconf 94' lang='lat' dir='ltr'>non</span> <span class='ocrx_word' id='word_1_457' title='bbox 3202 3241 3506 3309; x_wconf 88' lang='lat' dir='ltr'>intererat,</span> 
     </span>
    </p>
   </div>
   <div class='ocr_carea' id='block_1_93' title="bbox 2100 3284 3388 3398">
    <p class='ocr_par' dir='ltr' id='par_1_93' title="bbox 2100 3284 3388 3398">
     <span class='ocr_line' id='line_1_93' title="bbox 2191 3284 3388 3304; baseline 0.006 -15"><span class='ocrx_word' id='word_1_458' title='bbox 2191 3284 2465 3304; x_wconf 42' lang='grc' dir='ltr'>,πη-η.</span> <span class='ocrx_word' id='word_1_459' title='bbox 2494 3284 2803 3294; x_wconf 72' lang='lat'>_-..--..___</span> <span class='ocrx_word' id='word_1_460' title='bbox 2836 3284 3023 3294; x_wconf 82' lang='lat'>-......--</span> <span class='ocrx_word' id='word_1_461' title='bbox 3054 3284 3172 3295; x_wconf 66' lang='grc' dir='ltr'>..ν-</span> <span class='ocrx_word' id='word_1_462' title='bbox 3202 3284 3388 3296; x_wconf 63' lang='grc' dir='ltr'>μην...</span> 
     </span>
     <span class='ocr_line' id='line_1_94' title="bbox 2100 3284 3388 3398; baseline 0.007 -23"><span class='ocrx_word' id='word_1_463' title='bbox 2100 3284 2143 3353; x_wconf 77' lang='lat' dir='ltr'>C</span> <span class='ocrx_word' id='word_1_464' title='bbox 2179 3320 2659 3380; x_wconf 85' lang='lat' dir='ltr'>Valentinianum</span> <span class='ocrx_word' id='word_1_465' title='bbox 2685 3326 2985 3395; x_wconf 89' lang='lat' dir='ltr'>juniorem</span> <span class='ocrx_word' id='word_1_466' title='bbox 3016 3328 3388 3398; x_wconf 89' lang='lat' dir='ltr'>acclamavit,</span> 
     </span>
    </p>
   </div>
   <div class='ocr_carea' id='block_1_94' title="bbox 2175 3410 3467 3486">
    <p class='ocr_par' dir='ltr' id='par_1_94' title="bbox 2175 3410 3467 3486">
     <span class='ocr_line' id='line_1_95' title="bbox 2175 3410 3467 3486; baseline 0.007 -21"><span class='ocrx_word' id='word_1_467' title='bbox 2175 3410 2536 3484; x_wconf 86' lang='lat' dir='ltr'>admisitque</span> <span class='ocrx_word' id='word_1_468' title='bbox 2568 3413 2746 3469; x_wconf 83' lang='lat' dir='ltr'>frater</span> <span class='ocrx_word' id='word_1_469' title='bbox 2764 3416 2929 3486; x_wconf 85' lang='lat' dir='ltr'>regni</span> <span class='ocrx_word' id='word_1_470' title='bbox 2960 3420 3467 3474; x_wconf 89' lang='lat' dir='ltr'>communionem.</span> 
     </span>
    </p>
   </div>
   <div class='ocr_carea' id='block_1_95' title="bbox 2175 3498 3475 3578">
    <p class='ocr_par' dir='ltr' id='par_1_95' title="bbox 2175 3498 3475 3578">
     <span class='ocr_line' id='line_1_96' title="bbox 2175 3498 3475 3578; baseline 0.008 -24"><span class='ocrx_word' id='word_1_471' title='bbox 2175 3498 2493 3558; x_wconf 87' lang='lat' dir='ltr'>Gratianus</span> <span class='ocrx_word' id='word_1_472' title='bbox 2524 3519 2697 3575; x_wconf 91' lang='lat' dir='ltr'>porro</span> <span class='ocrx_word' id='word_1_473' title='bbox 2728 3508 2919 3561; x_wconf 60' lang='lat' dir='ltr'>Caesar</span> <span class='ocrx_word' id='word_1_474' title='bbox 2938 3511 3195 3578; x_wconf 65' lang='lat' dir='ltr'>paternas</span> <span class='ocrx_word' id='word_1_475' title='bbox 3224 3507 3475 3564; x_wconf 63' lang='lat' dir='ltr'>aemulus</span> 
     </span>
    </p>
   </div>
   <div class='ocr_carea' id='block_1_96' title="bbox 2175 3590 3310 3669">
    <p class='ocr_par' dir='ltr' id='par_1_96' title="bbox 2175 3590 3310 3669">
     <span class='ocr_line' id='line_1_97' title="bbox 2175 3590 3310 3669; baseline 0.007 -24"><span class='ocrx_word' id='word_1_476' title='bbox 2175 3590 2411 3660; x_wconf 88' lang='lat' dir='ltr'>pietatis</span> <span class='ocrx_word' id='word_1_477' title='bbox 2440 3608 2506 3648; x_wconf 89' lang='lat' dir='ltr'>ac</span> <span class='ocrx_word' id='word_1_478' title='bbox 2537 3594 2880 3665; x_wconf 76' lang='lat' dir='ltr'>dogmaticaa</span> <span class='ocrx_word' id='word_1_479' title='bbox 2914 3596 3310 3669; x_wconf 89' lang='lat' dir='ltr'>rectitudinis,</span> 
     </span>
    </p>
   </div>
   <div class='ocr_carea' id='block_1_97' title="bbox 2174 3676 3269 3757">
    <p class='ocr_par' dir='ltr' id='par_1_97' title="bbox 2174 3676 3269 3757">
     <span class='ocr_line' id='line_1_98' title="bbox 2174 3676 3269 3757; baseline 0.009 -26"><span class='ocrx_word' id='word_1_480' title='bbox 2174 3676 2402 3734; x_wconf 86' lang='lat' dir='ltr'>Valenti</span> <span class='ocrx_word' id='word_1_481' title='bbox 2429 3686 2638 3752; x_wconf 85' lang='lat' dir='ltr'>patruo</span> <span class='ocrx_word' id='word_1_482' title='bbox 2670 3683 2891 3739; x_wconf 82' lang='lat' dir='ltr'>auxilia</span> <span class='ocrx_word' id='word_1_483' title='bbox 2921 3685 3269 3757; x_wconf 90' lang='lat' dir='ltr'>postulanti,</span> 
     </span>
    </p>
   </div>
   <div class='ocr_carea' id='block_1_98' title="bbox 2174 3767 3540 3845">
    <p class='ocr_par' dir='ltr' id='par_1_98' title="bbox 2174 3767 3540 3845">
     <span class='ocr_line' id='line_1_99' title="bbox 2174 3767 3540 3845; baseline 0.008 -23"><span class='ocrx_word' id='word_1_484' title='bbox 2174 3767 2315 3823; x_wconf 89' lang='lat' dir='ltr'>dum</span> <span class='ocrx_word' id='word_1_485' title='bbox 2342 3768 2547 3826; x_wconf 90' lang='lat' dir='ltr'>Gothis</span> <span class='ocrx_word' id='word_1_486' title='bbox 2573 3788 2737 3827; x_wconf 83' lang='lat' dir='ltr'>arma</span> <span class='ocrx_word' id='word_1_487' title='bbox 2766 3773 3030 3843; x_wconf 82' lang='lat' dir='ltr'>inferret,</span> <span class='ocrx_word' id='word_1_488' title='bbox 3061 3791 3179 3831; x_wconf 93' lang='lat' dir='ltr'>non</span> <span class='ocrx_word' id='word_1_489' title='bbox 3212 3776 3499 3832; x_wconf 89' lang='lat' dir='ltr'>submisit</span> <span class='ocrx_word' id='word_1_490' title='bbox 3524 3795 3540 3845; x_wconf 90' lang='lat'><strong>;</strong></span> 
     </span>
    </p>
   </div>
   <div class='ocr_carea' id='block_1_99' title="bbox 2175 3862 3587 3930">
    <p class='ocr_par' dir='ltr' id='par_1_99' title="bbox 2175 3862 3587 3930">
     <span class='ocr_line' id='line_1_100' title="bbox 2175 3862 3587 3930; baseline 0.01 -19"><span class='ocrx_word' id='word_1_491' title='bbox 2175 3872 2291 3913; x_wconf 91' lang='lat' dir='ltr'>non</span> <span class='ocrx_word' id='word_1_492' title='bbox 2313 3864 2579 3930; x_wconf 91' lang='lat' dir='ltr'>oportere</span> <span class='ocrx_word' id='word_1_493' title='bbox 2611 3862 2884 3919; x_wconf 88' lang='lat' dir='ltr'>auxiliari</span> <span class='ocrx_word' id='word_1_494' title='bbox 2914 3863 3191 3921; x_wconf 89' lang='lat' dir='ltr'>hostibus</span> <span class='ocrx_word' id='word_1_495' title='bbox 3222 3865 3327 3921; x_wconf 91' lang='lat' dir='ltr'>Dei</span> <span class='ocrx_word' id='word_1_496' title='bbox 3360 3865 3587 3925; x_wconf 86' lang='lat' dir='ltr'>dicens.</span> 
     </span>
    </p>
   </div>
   <div class='ocr_carea' id='block_1_100' title="bbox 2174 3945 3403 4025">
    <p class='ocr_par' dir='ltr' id='par_1_100' title="bbox 2174 3945 3403 4025">
     <span class='ocr_line' id='line_1_101' title="bbox 2174 3945 3403 4025; baseline 0.01 -25"><span class='ocrx_word' id='word_1_497' title='bbox 2174 3945 2325 4001; x_wconf 93' lang='lat' dir='ltr'>Tum</span> <span class='ocrx_word' id='word_1_498' title='bbox 2357 3947 2534 4005; x_wconf 90' lang='lat' dir='ltr'>etiam</span> <span class='ocrx_word' id='word_1_499' title='bbox 2565 3966 2765 4008; x_wconf 89' lang='lat' dir='ltr'>sacros</span> <span class='ocrx_word' id='word_1_500' title='bbox 2797 3953 3078 4024; x_wconf 65' lang='lat' dir='ltr'>praesules</span> <span class='ocrx_word' id='word_1_501' title='bbox 3109 3955 3403 4025; x_wconf 91' lang='lat' dir='ltr'>doctores,</span> 
     </span>
    </p>
   </div>
   <div class='ocr_carea' id='block_1_101' title="bbox 2174 4035 3299 4115">
    <p class='ocr_par' dir='ltr' id='par_1_101' title="bbox 2174 4035 3299 4115">
     <span class='ocr_line' id='line_1_102' title="bbox 2174 4035 3299 4115; baseline 0.008 -25"><span class='ocrx_word' id='word_1_502' title='bbox 2174 4052 2323 4109; x_wconf 91' lang='lat' dir='ltr'>quos</span> <span class='ocrx_word' id='word_1_503' title='bbox 2353 4035 2569 4095; x_wconf 86' lang='lat' dir='ltr'>Valens</span> <span class='ocrx_word' id='word_1_504' title='bbox 2602 4043 2673 4097; x_wconf 91' lang='lat' dir='ltr'>ab</span> <span class='ocrx_word' id='word_1_505' title='bbox 2706 4041 2959 4098; x_wconf 91' lang='lat' dir='ltr'>ovilibus</span> <span class='ocrx_word' id='word_1_506' title='bbox 2987 4043 3299 4115; x_wconf 89' lang='lat' dir='ltr'>pepulerat</span> 
     </span>
    </p>
   </div>
   <div class='ocr_carea' id='block_1_102' title="bbox 2172 4127 3244 4203">
    <p class='ocr_par' dir='ltr' id='par_1_102' title="bbox 2172 4127 3244 4203">
     <span class='ocr_line' id='line_1_103' title="bbox 2172 4127 3244 4203; baseline 0.004 -20"><span class='ocrx_word' id='word_1_507' title='bbox 2172 4127 2246 4183; x_wconf 93' lang='lat' dir='ltr'>ob</span> <span class='ocrx_word' id='word_1_508' title='bbox 2276 4128 2610 4184; x_wconf 70' lang='lat' dir='ltr'>orthodoxae</span> <span class='ocrx_word' id='word_1_509' title='bbox 2640 4130 2776 4186; x_wconf 89' lang='lat' dir='ltr'>ﬁdei</span> <span class='ocrx_word' id='word_1_510' title='bbox 2808 4131 2975 4203; x_wconf 89' lang='lat' dir='ltr'>pium</span> <span class='ocrx_word' id='word_1_511' title='bbox 3007 4133 3244 4203; x_wconf 90' lang='lat' dir='ltr'>dogma,</span> 
     </span>
    </p>
   </div>
   <div class='ocr_carea' id='block_1_103' title="bbox 2171 4218 3469 4290">
    <p class='ocr_par' dir='ltr' id='par_1_103' title="bbox 2171 4218 3469 4290">
     <span class='ocr_line' id='line_1_104' title="bbox 2171 4218 3469 4290; baseline 0.004 -19"><span class='ocrx_word' id='word_1_512' title='bbox 2171 4232 2381 4273; x_wconf 93' lang='lat' dir='ltr'>rursus</span> <span class='ocrx_word' id='word_1_513' title='bbox 2410 4233 2703 4290; x_wconf 89' lang='lat' dir='ltr'>quemque</span> <span class='ocrx_word' id='word_1_514' title='bbox 2728 4218 2855 4276; x_wconf 92' lang='lat' dir='ltr'>suis</span> <span class='ocrx_word' id='word_1_515' title='bbox 2884 4218 3162 4277; x_wconf 90' lang='lat' dir='ltr'>Ecclesiis</span> <span class='ocrx_word' id='word_1_516' title='bbox 3195 4220 3469 4277; x_wconf 89' lang='lat' dir='ltr'>reddidit.</span> 
     </span>
    </p>
   </div>
   <div class='ocr_carea' id='block_1_104' title="bbox 2169 4307 3587 4378">
    <p class='ocr_par' dir='ltr' id='par_1_104' title="bbox 2169 4307 3587 4378">
     <span class='ocr_line' id='line_1_105' title="bbox 2169 4307 3587 4378; baseline 0.006 -19"><span class='ocrx_word' id='word_1_517' title='bbox 2169 4307 2315 4362; x_wconf 89' lang='lat' dir='ltr'>Dein</span> <span class='ocrx_word' id='word_1_518' title='bbox 2343 4308 2547 4363; x_wconf 90' lang='lat' dir='ltr'>Gothis</span> <span class='ocrx_word' id='word_1_519' title='bbox 2579 4308 2888 4365; x_wconf 88' lang='lat' dir='ltr'>Thraciam</span> <span class='ocrx_word' id='word_1_520' title='bbox 2920 4309 3114 4367; x_wconf 92' lang='lat' dir='ltr'>adhuc</span> <span class='ocrx_word' id='word_1_521' title='bbox 3142 4310 3587 4378; x_wconf 84' lang='lat' dir='ltr'>infestantibus,</span> 
     </span>
    </p>
   </div>
   <div class='ocr_carea' id='block_1_105' title="bbox 2169 4396 3162 4469">
    <p class='ocr_par' dir='ltr' id='par_1_105' title="bbox 2169 4396 3162 4469">
     <span class='ocr_line' id='line_1_106' title="bbox 2169 4396 3162 4469; baseline 0.006 -19"><span class='ocrx_word' id='word_1_522' title='bbox 2169 4396 2371 4467; x_wconf 90' lang='lat' dir='ltr'>ejectis</span> <span class='ocrx_word' id='word_1_523' title='bbox 2401 4396 2611 4455; x_wconf 89' lang='lat' dir='ltr'>incolis</span> <span class='ocrx_word' id='word_1_524' title='bbox 2642 4400 2795 4456; x_wconf 87' lang='lat' dir='ltr'>facta</span> <span class='ocrx_word' id='word_1_525' title='bbox 2819 4398 3162 4469; x_wconf 89' lang='lat' dir='ltr'>solitudine,</span> 
     </span>
    </p>
   </div>
   <div class='ocr_carea' id='block_1_106' title="bbox 2170 4485 3208 4564">
    <p class='ocr_par' dir='ltr' id='par_1_106' title="bbox 2170 4485 3208 4564">
     <span class='ocr_line' id='line_1_107' title="bbox 2170 4485 3208 4564; baseline 0.007 -25"><span class='ocrx_word' id='word_1_526' title='bbox 2170 4486 2329 4557; x_wconf 90' lang='lat' dir='ltr'>agris</span> <span class='ocrx_word' id='word_1_527' title='bbox 2357 4485 2472 4543; x_wconf 89' lang='lat' dir='ltr'>late</span> <span class='ocrx_word' id='word_1_528' title='bbox 2503 4489 2732 4545; x_wconf 91' lang='lat' dir='ltr'>cunctis</span> <span class='ocrx_word' id='word_1_529' title='bbox 2762 4506 3002 4560; x_wconf 88' lang='lat' dir='ltr'>pessum</span> <span class='ocrx_word' id='word_1_530' title='bbox 3034 4490 3208 4564; x_wconf 87' lang='lat' dir='ltr'>datis,</span> 
     </span>
    </p>
   </div>
   <div class='ocr_carea' id='block_1_107' title="bbox 2169 4576 3614 4653">
    <p class='ocr_par' dir='ltr' id='par_1_107' title="bbox 2169 4576 3614 4653">
     <span class='ocr_line' id='line_1_108' title="bbox 2169 4576 3614 4653; baseline 0.004 -22"><span class='ocrx_word' id='word_1_531' title='bbox 2169 4592 2305 4633; x_wconf 90' lang='lat' dir='ltr'>cum</span> <span class='ocrx_word' id='word_1_532' title='bbox 2338 4576 2535 4634; x_wconf 88' lang='lat' dir='ltr'>hostes</span> <span class='ocrx_word' id='word_1_533' title='bbox 2566 4578 2731 4636; x_wconf 90' lang='lat' dir='ltr'>nulla</span> <span class='ocrx_word' id='word_1_534' title='bbox 2762 4579 3073 4653; x_wconf 91' lang='lat' dir='ltr'>comprimi</span> <span class='ocrx_word' id='word_1_535' title='bbox 3105 4580 3162 4635; x_wconf 92' lang='lat' dir='ltr'>vi</span> <span class='ocrx_word' id='word_1_536' title='bbox 3185 4580 3314 4651; x_wconf 82' lang='lat' dir='ltr'>jam</span> <span class='ocrx_word' id='word_1_537' title='bbox 3346 4584 3614 4653; x_wconf 90' lang='lat' dir='ltr'>possent,</span> 
     </span>
    </p>
   </div>
   <div class='ocr_carea' id='block_1_108' title="bbox 2094 4658 3177 4741">
    <p class='ocr_par' dir='ltr' id='par_1_108' title="bbox 2094 4658 3177 4741">
     <span class='ocr_line' id='line_1_109' title="bbox 2094 4658 3177 4741; baseline 0.003 -17"><span class='ocrx_word' id='word_1_538' title='bbox 2094 4658 2145 4724; x_wconf 84' lang='grc' dir='ltr'>Ι)</span> <span class='ocrx_word' id='word_1_539' title='bbox 2173 4666 2489 4724; x_wconf 90' lang='lat' dir='ltr'>Gratianus</span> <span class='ocrx_word' id='word_1_540' title='bbox 2521 4668 2841 4741; x_wconf 88' lang='lat' dir='ltr'>imperator</span> <span class='ocrx_word' id='word_1_541' title='bbox 2871 4670 3177 4727; x_wconf 86' lang='lat' dir='ltr'>advocavit</span> 
     </span>
    </p>
   </div>
   <div class='ocr_carea' id='block_1_109' title="bbox 2174 4755 3414 4832">
    <p class='ocr_par' dir='ltr' id='par_1_109' title="bbox 2174 4755 3414 4832">
     <span class='ocr_line' id='line_1_110' title="bbox 2174 4755 3414 4832; baseline 0.004 -21"><span class='ocrx_word' id='word_1_542' title='bbox 2174 4755 2553 4828; x_wconf 92' lang='lat' dir='ltr'>splendidum</span> <span class='ocrx_word' id='word_1_543' title='bbox 2586 4775 2654 4814; x_wconf 84' lang='lat' dir='ltr'>ex</span> <span class='ocrx_word' id='word_1_544' title='bbox 2683 4760 2965 4832; x_wconf 87' lang='lat' dir='ltr'>Hispania</span> <span class='ocrx_word' id='word_1_545' title='bbox 2995 4760 3414 4828; x_wconf 92' lang='lat' dir='ltr'>Theodosium,</span> 
     </span>
    </p>
   </div>
   <div class='ocr_carea' id='block_1_110' title="bbox 2172 4845 3557 4921">
    <p class='ocr_par' dir='ltr' id='par_1_110' title="bbox 2172 4845 3557 4921">
     <span class='ocr_line' id='line_1_111' title="bbox 2172 4845 3557 4921; baseline 0.004 -20"><span class='ocrx_word' id='word_1_546' title='bbox 2172 4845 2366 4903; x_wconf 92' lang='lat' dir='ltr'>virum</span> <span class='ocrx_word' id='word_1_547' title='bbox 2397 4848 2747 4920; x_wconf 89' lang='lat' dir='ltr'>martialem,</span> <span class='ocrx_word' id='word_1_548' title='bbox 2780 4854 3113 4918; x_wconf 91' lang='lat' dir='ltr'>strenuum,</span> <span class='ocrx_word' id='word_1_549' title='bbox 3146 4848 3557 4921; x_wconf 84' lang='lat' dir='ltr'>consiliosum,</span> 
     </span>
    </p>
   </div>
   <div class='ocr_carea' id='block_1_111' title="bbox 2173 4934 3344 5012">
    <p class='ocr_par' dir='ltr' id='par_1_111' title="bbox 2173 4934 3344 5012">
     <span class='ocr_line' id='line_1_112' title="bbox 2173 4934 3344 5012; baseline 0.005 -23"><span class='ocrx_word' id='word_1_550' title='bbox 2173 4934 2390 5007; x_wconf 88' lang='lat' dir='ltr'>pietate</span> <span class='ocrx_word' id='word_1_551' title='bbox 2419 4941 2615 4993; x_wconf 90' lang='lat' dir='ltr'>autem</span> <span class='ocrx_word' id='word_1_552' title='bbox 2651 4940 2902 4995; x_wconf 88' lang='lat' dir='ltr'>maxime</span> <span class='ocrx_word' id='word_1_553' title='bbox 2934 4940 3344 5012; x_wconf 91' lang='lat' dir='ltr'>conspicuum,</span> 
     </span>
    </p>
   </div>
   <div class='ocr_carea' id='block_1_112' title="bbox 2175 5028 3578 5098">
    <p class='ocr_par' dir='ltr' id='par_1_112' title="bbox 2175 5028 3578 5098">
     <span class='ocr_line' id='line_1_113' title="bbox 2175 5028 3578 5098; baseline 0.005 -18"><span class='ocrx_word' id='word_1_554' title='bbox 2175 5040 2351 5095; x_wconf 91' lang='lat' dir='ltr'>quem</span> <span class='ocrx_word' id='word_1_555' title='bbox 2382 5042 2726 5098; x_wconf 88' lang='lat' dir='ltr'>supremum</span> <span class='ocrx_word' id='word_1_556' title='bbox 2759 5045 3059 5086; x_wconf 87' lang='lat' dir='ltr'>armorum</span> <span class='ocrx_word' id='word_1_557' title='bbox 3091 5028 3344 5085; x_wconf 83' lang='lat' dir='ltr'>electum</span> <span class='ocrx_word' id='word_1_558' title='bbox 3369 5029 3578 5087; x_wconf 90' lang='lat' dir='ltr'>ducem</span> 
     </span>
    </p>
   </div>
   <div class='ocr_carea' id='block_1_113' title="bbox 2174 5116 3300 5188">
    <p class='ocr_par' dir='ltr' id='par_1_113' title="bbox 2174 5116 3300 5188">
     <span class='ocr_line' id='line_1_114' title="bbox 2174 5116 3300 5188; baseline 0.005 -19"><span class='ocrx_word' id='word_1_559' title='bbox 2174 5130 2309 5169; x_wconf 92' lang='lat' dir='ltr'>cum</span> <span class='ocrx_word' id='word_1_560' title='bbox 2341 5116 2564 5188; x_wconf 92' lang='lat' dir='ltr'>ingenti</span> <span class='ocrx_word' id='word_1_561' title='bbox 2595 5119 2850 5175; x_wconf 84' lang='lat' dir='ltr'>exercitu</span> <span class='ocrx_word' id='word_1_562' title='bbox 2882 5136 2949 5175; x_wconf 88' lang='lat' dir='ltr'>ac</span> <span class='ocrx_word' id='word_1_563' title='bbox 2980 5120 3300 5175; x_wconf 85' lang='lat' dir='ltr'>fortissimo</span> 
     </span>
    </p>
   </div>
   <div class='ocr_carea' id='block_1_114' title="bbox 2177 5205 3360 5282">
    <p class='ocr_par' dir='ltr' id='par_1_114' title="bbox 2177 5205 3360 5282">
     <span class='ocr_line' id='line_1_115' title="bbox 2177 5205 3360 5282; baseline 0.008 -22"><span class='ocrx_word' id='word_1_564' title='bbox 2177 5205 2459 5264; x_wconf 92' lang='lat' dir='ltr'>adversus</span> <span class='ocrx_word' id='word_1_565' title='bbox 2488 5208 2709 5266; x_wconf 92' lang='lat' dir='ltr'>Gothos</span> <span class='ocrx_word' id='word_1_566' title='bbox 2738 5209 3021 5266; x_wconf 87' lang='lat' dir='ltr'>barbaros</span> <span class='ocrx_word' id='word_1_567' title='bbox 3046 5209 3360 5282; x_wconf 82' lang='lat' dir='ltr'>expedivit.</span> 
     </span>
    </p>
   </div>
   <div class='ocr_carea' id='block_1_115' title="bbox 2175 5297 3242 5370">
    <p class='ocr_par' dir='ltr' id='par_1_115' title="bbox 2175 5297 3242 5370">
     <span class='ocr_line' id='line_1_116' title="bbox 2175 5297 3242 5370; baseline 0.005 -19"><span class='ocrx_word' id='word_1_568' title='bbox 2175 5297 2229 5351; x_wconf 90' lang='lat' dir='ltr'>Is</span> <span class='ocrx_word' id='word_1_569' title='bbox 2260 5304 2457 5355; x_wconf 89' lang='lat' dir='ltr'>autem</span> <span class='ocrx_word' id='word_1_570' title='bbox 2490 5298 2688 5370; x_wconf 67' lang='lat' dir='ltr'>praalio</span> <span class='ocrx_word' id='word_1_571' title='bbox 2718 5299 2863 5356; x_wconf 89' lang='lat' dir='ltr'>inito</span> <span class='ocrx_word' id='word_1_572' title='bbox 2894 5301 3081 5357; x_wconf 89' lang='lat' dir='ltr'>victor</span> <span class='ocrx_word' id='word_1_573' title='bbox 3108 5301 3242 5367; x_wconf 80' lang='lat' dir='ltr'>fuit,</span> 
     </span>
    </p>
   </div>
   <div class='ocr_carea' id='block_1_116' title="bbox 2176 5388 3436 5463">
    <p class='ocr_par' dir='ltr' id='par_1_116' title="bbox 2176 5388 3436 5463">
     <span class='ocr_line' id='line_1_117' title="bbox 2176 5388 3436 5463; baseline 0.002 -18"><span class='ocrx_word' id='word_1_574' title='bbox 2176 5388 2383 5445; x_wconf 90' lang='lat' dir='ltr'>Gothis</span> <span class='ocrx_word' id='word_1_575' title='bbox 2406 5390 2457 5445; x_wconf 92' lang='lat' dir='ltr'>vi</span> <span class='ocrx_word' id='word_1_576' title='bbox 2488 5405 2728 5447; x_wconf 90' lang='lat' dir='ltr'>summa</span> <span class='ocrx_word' id='word_1_577' title='bbox 2757 5408 3059 5447; x_wconf 85' lang='lat' dir='ltr'>armorum</span> <span class='ocrx_word' id='word_1_578' title='bbox 3088 5391 3436 5463; x_wconf 82' lang='lat' dir='ltr'>proﬂigatis,</span> 
     </span>
    </p>
   </div>
   <div class='ocr_carea' id='block_1_117' title="bbox 2174 5476 3420 5551">
    <p class='ocr_par' dir='ltr' id='par_1_117' title="bbox 2174 5476 3420 5551">
     <span class='ocr_line' id='line_1_118' title="bbox 2174 5476 3420 5551; baseline 0.003 -20"><span class='ocrx_word' id='word_1_579' title='bbox 2174 5476 2489 5549; x_wconf 87' lang='lat' dir='ltr'>gladioque</span> <span class='ocrx_word' id='word_1_580' title='bbox 2517 5481 2941 5551; x_wconf 91' lang='lat' dir='ltr'>propemodum</span> <span class='ocrx_word' id='word_1_581' title='bbox 2973 5481 3204 5538; x_wconf 90' lang='lat' dir='ltr'>cunctis</span> <span class='ocrx_word' id='word_1_582' title='bbox 3230 5482 3420 5538; x_wconf 62' lang='lat' dir='ltr'>casis.</span> 
     </span>
    </p>
   </div>
   <div class='ocr_carea' id='block_1_118' title="bbox 2175 5567 3301 5640">
    <p class='ocr_par' dir='ltr' id='par_1_118' title="bbox 2175 5567 3301 5640">
     <span class='ocr_line' id='line_1_119' title="bbox 2175 5567 3301 5640; baseline 0.005 -19"><span class='ocrx_word' id='word_1_583' title='bbox 2175 5572 2308 5622; x_wconf 84' lang='lat' dir='ltr'>Mox</span> <span class='ocrx_word' id='word_1_584' title='bbox 2336 5567 2416 5623; x_wconf 94' lang='lat' dir='ltr'>ibi</span> <span class='ocrx_word' id='word_1_585' title='bbox 2448 5569 2725 5627; x_wconf 86' lang='lat' dir='ltr'>derelicto</span> <span class='ocrx_word' id='word_1_586' title='bbox 2756 5572 2816 5626; x_wconf 92' lang='lat' dir='ltr'>in</span> <span class='ocrx_word' id='word_1_587' title='bbox 2849 5572 3061 5627; x_wconf 88' lang='lat' dir='ltr'>castris</span> <span class='ocrx_word' id='word_1_588' title='bbox 3091 5570 3301 5640; x_wconf 86' lang='lat' dir='ltr'>milite,</span> 
     </span>
    </p>
   </div>
   <div class='ocr_carea' id='block_1_119' title="bbox 2177 5656 3438 5735">
    <p class='ocr_par' dir='ltr' id='par_1_119' title="bbox 2177 5656 3438 5735">
     <span class='ocr_line' id='line_1_120' title="bbox 2177 5656 3438 5735; baseline 0.002 -22"><span class='ocrx_word' id='word_1_589' title='bbox 2177 5656 2249 5713; x_wconf 90' lang='lat' dir='ltr'>ad</span> <span class='ocrx_word' id='word_1_590' title='bbox 2280 5657 2625 5716; x_wconf 86' lang='lat' dir='ltr'>Gratianum</span> <span class='ocrx_word' id='word_1_591' title='bbox 2655 5661 2909 5735; x_wconf 87' lang='lat' dir='ltr'>ipsemet</span> <span class='ocrx_word' id='word_1_592' title='bbox 2928 5658 3176 5717; x_wconf 88' lang='lat' dir='ltr'>nuntius</span> <span class='ocrx_word' id='word_1_593' title='bbox 3204 5658 3438 5717; x_wconf 87' lang='lat' dir='ltr'>advolat</span> 
     </span>
    </p>
   </div>
   <div class='ocr_carea' id='block_1_120' title="bbox 2177 5746 3505 5824">
    <p class='ocr_par' dir='ltr' id='par_1_120' title="bbox 2177 5746 3505 5824">
     <span class='ocr_line' id='line_1_121' title="bbox 2177 5746 3505 5824; baseline 0.004 -22"><span class='ocrx_word' id='word_1_594' title='bbox 2177 5746 2240 5803; x_wconf 89' lang='lat' dir='ltr'>in</span> <span class='ocrx_word' id='word_1_595' title='bbox 2268 5748 2573 5809; x_wconf 89' lang='lat' dir='ltr'>Pannonia</span> <span class='ocrx_word' id='word_1_596' title='bbox 2600 5755 2743 5808; x_wconf 88' lang='lat' dir='ltr'>tunc</span> <span class='ocrx_word' id='word_1_597' title='bbox 2769 5750 3057 5824; x_wconf 88' lang='lat' dir='ltr'>temporis</span> <span class='ocrx_word' id='word_1_598' title='bbox 3086 5750 3505 5819; x_wconf 83' lang='lat' dir='ltr'>diversantem,</span> 
     </span>
    </p>
   </div>
   <div class='ocr_carea' id='block_1_121' title="bbox 3783 418 3858 474">
    <p class='ocr_par' dir='ltr' id='par_1_121' title="bbox 3783 418 3858 474">
     <span class='ocr_line' id='line_1_122' title="bbox 3783 418 3858 474; baseline -0.013 0"><span class='ocrx_word' id='word_1_599' title='bbox 3783 418 3858 474; x_wconf 71' lang='grc'>34</span> 
     </span>
    </p>
   </div>
  </div>
