  <div class='ocr_page' id='page_1' title='image "/cluster/home/n/w/nwhite01/storage/ocr_20150623/143:no.1/coo.31924054870484/026.png"; bbox 0 0 4140 6426; ppageno 0'>
   <div class='ocr_carea' id='block_1_1' title="bbox 370 343 445 398">
    <p class='ocr_par' dir='ltr' id='par_1_1' title="bbox 370 343 445 398">
     <span class='ocr_line' id='line_1_1' title="bbox 370 343 445 398; baseline 0 0"><span class='ocrx_word' id='word_1_1' title='bbox 370 343 445 398; x_wconf 85' lang='grc'>37</span> 
     </span>
    </p>
   </div>
   <div class='ocr_carea' id='block_1_2' title="bbox 406 464 1785 542">
    <p class='ocr_par' dir='ltr' id='par_1_2' title="bbox 406 464 1785 542">
     <span class='ocr_line' id='line_1_2' title="bbox 406 464 1785 542; baseline -0.004 -16"><span class='ocrx_word' id='word_1_2' title='bbox 406 470 518 526; x_wconf 87' lang='grc'>640</span> <span class='ocrx_word' id='word_1_3' title='bbox 558 464 997 542; x_wconf 72' lang='grc' dir='ltr'>Δακρυῤῥοοῦντι</span> <span class='ocrx_word' id='word_1_4' title='bbox 1028 468 1137 519; x_wconf 86' lang='grc' dir='ltr'>τῶν</span> <span class='ocrx_word' id='word_1_5' title='bbox 1168 465 1564 539; x_wconf 71' lang='grc' dir='ltr'>πεπραγμένων</span> <span class='ocrx_word' id='word_1_6' title='bbox 1598 464 1785 539; x_wconf 81' lang='grc' dir='ltr'>χάριν.</span> 
     </span>
    </p>
   </div>
   <div class='ocr_carea' id='block_1_3' title="bbox 558 549 1771 630">
    <p class='ocr_par' dir='ltr' id='par_1_3' title="bbox 558 549 1771 630">
     <span class='ocr_line' id='line_1_3' title="bbox 558 549 1771 630; baseline 0.007 -27"><span class='ocrx_word' id='word_1_7' title='bbox 558 558 731 615; x_wconf 73' lang='grc' dir='ltr'>Οὗτος</span> <span class='ocrx_word' id='word_1_8' title='bbox 764 552 1027 630; x_wconf 83' lang='grc' dir='ltr'>βασιλεὺς</span> <span class='ocrx_word' id='word_1_9' title='bbox 1060 549 1291 623; x_wconf 69' lang='grc' dir='ltr'>εὐσεϐὴς</span> <span class='ocrx_word' id='word_1_10' title='bbox 1320 552 1417 622; x_wconf 80' lang='grc' dir='ltr'>ὢν,</span> <span class='ocrx_word' id='word_1_11' title='bbox 1459 555 1771 630; x_wconf 78' lang='grc' dir='ltr'>ἀρθόφρων,</span> 
     </span>
    </p>
   </div>
   <div class='ocr_carea' id='block_1_4' title="bbox 567 643 1638 719">
    <p class='ocr_par' dir='ltr' id='par_1_4' title="bbox 567 643 1638 719">
     <span class='ocr_line' id='line_1_4' title="bbox 567 643 1638 719; baseline -0.005 -18"><span class='ocrx_word' id='word_1_12' title='bbox 567 647 832 717; x_wconf 85' lang='grc' dir='ltr'>Σύστημα</span> <span class='ocrx_word' id='word_1_13' title='bbox 864 644 1057 699; x_wconf 83' lang='grc' dir='ltr'>σεπτὸν</span> <span class='ocrx_word' id='word_1_14' title='bbox 1091 644 1412 719; x_wconf 82' lang='grc' dir='ltr'>ἀρχυθυτῶν</span> <span class='ocrx_word' id='word_1_15' title='bbox 1446 643 1638 704; x_wconf 82' lang='grc' dir='ltr'>ἁλίσας</span> 
     </span>
    </p>
   </div>
   <div class='ocr_carea' id='block_1_5' title="bbox 560 731 1752 811">
    <p class='ocr_par' dir='ltr' id='par_1_5' title="bbox 560 731 1752 811">
     <span class='ocr_line' id='line_1_5' title="bbox 560 731 1752 811; baseline -0.005 -20"><span class='ocrx_word' id='word_1_16' title='bbox 560 736 701 811; x_wconf 84' lang='grc' dir='ltr'>Πρὸς</span> <span class='ocrx_word' id='word_1_17' title='bbox 728 739 849 796; x_wconf 90' lang='grc' dir='ltr'>τοῖς</span> <span class='ocrx_word' id='word_1_18' title='bbox 881 734 1069 789; x_wconf 72' lang='grc' dir='ltr'>ἑκατὸν</span> <span class='ocrx_word' id='word_1_19' title='bbox 1100 734 1190 788; x_wconf 81' lang='grc' dir='ltr'>καὶ</span> <span class='ocrx_word' id='word_1_20' title='bbox 1220 736 1559 803; x_wconf 80' lang='grc' dir='ltr'>πεντήκοντα</span> <span class='ocrx_word' id='word_1_21' title='bbox 1587 731 1752 788; x_wconf 85' lang='grc' dir='ltr'>πάλιν</span> 
     </span>
    </p>
   </div>
   <div class='ocr_carea' id='block_1_6' title="bbox 558 820 1590 898">
    <p class='ocr_par' dir='ltr' id='par_1_6' title="bbox 558 820 1590 898">
     <span class='ocr_line' id='line_1_6' title="bbox 558 820 1590 898; baseline -0.004 -17"><span class='ocrx_word' id='word_1_22' title='bbox 558 827 843 898; x_wconf 88' lang='grc' dir='ltr'>Πνευματο</span> <span class='ocrx_word' id='word_1_23' title='bbox 853 824 1039 897; x_wconf 79' lang='grc' dir='ltr'>μάχου</span> <span class='ocrx_word' id='word_1_24' title='bbox 1067 823 1202 877; x_wconf 76' lang='grc' dir='ltr'>κατὰ</span> <span class='ocrx_word' id='word_1_25' title='bbox 1228 820 1590 893; x_wconf 84' lang='grc' dir='ltr'>Μακεδονίου,</span> 
     </span>
    </p>
   </div>
   <div class='ocr_carea' id='block_1_7' title="bbox 410 908 1749 986">
    <p class='ocr_par' dir='ltr' id='par_1_7' title="bbox 410 908 1749 986">
     <span class='ocr_line' id='line_1_7' title="bbox 410 908 1749 986; baseline -0.005 -14"><span class='ocrx_word' id='word_1_26' title='bbox 410 917 520 972; x_wconf 73' lang='grc'>645</span> <span class='ocrx_word' id='word_1_27' title='bbox 562 914 785 986; x_wconf 84' lang='grc' dir='ltr'>Πνεῦμα</span> <span class='ocrx_word' id='word_1_28' title='bbox 812 913 876 967; x_wconf 88' lang='grc' dir='ltr'>τὸ</span> <span class='ocrx_word' id='word_1_29' title='bbox 908 918 1052 976; x_wconf 86' lang='grc' dir='ltr'>θεῖον</span> <span class='ocrx_word' id='word_1_30' title='bbox 1088 912 1155 966; x_wconf 79' lang='grc' dir='ltr'>οὐ</span> <span class='ocrx_word' id='word_1_31' title='bbox 1182 908 1435 974; x_wconf 84' lang='grc' dir='ltr'>σέϐοντος</span> <span class='ocrx_word' id='word_1_32' title='bbox 1467 914 1543 975; x_wconf 86' lang='grc' dir='ltr'>ὡς</span> <span class='ocrx_word' id='word_1_33' title='bbox 1574 914 1749 984; x_wconf 87' lang='grc' dir='ltr'>θέμις,</span> 
     </span>
    </p>
   </div>
   <div class='ocr_carea' id='block_1_8' title="bbox 562 998 1659 1077">
    <p class='ocr_par' dir='ltr' id='par_1_8' title="bbox 562 998 1659 1077">
     <span class='ocr_line' id='line_1_8' title="bbox 562 998 1659 1077; baseline -0.003 -20"><span class='ocrx_word' id='word_1_34' title='bbox 562 1002 937 1077; x_wconf 87' lang='grc' dir='ltr'>Συνεκρότησε</span> <span class='ocrx_word' id='word_1_35' title='bbox 969 998 1192 1056; x_wconf 80' lang='grc' dir='ltr'>σύνοδον</span> <span class='ocrx_word' id='word_1_36' title='bbox 1226 1003 1325 1071; x_wconf 72' lang='grc' dir='ltr'>τὴν</span> <span class='ocrx_word' id='word_1_37' title='bbox 1360 1000 1610 1077; x_wconf 81' lang='grc' dir='ltr'>δευτέραν</span> <span class='ocrx_word' id='word_1_38' title='bbox 1647 1020 1659 1031; x_wconf 91' lang='grc'><strong>·</strong></span> 
     </span>
    </p>
   </div>
   <div class='ocr_carea' id='block_1_9' title="bbox 555 1090 1750 1166">
    <p class='ocr_par' dir='ltr' id='par_1_9' title="bbox 555 1090 1750 1166">
     <span class='ocr_line' id='line_1_9' title="bbox 555 1090 1750 1166; baseline -0.001 -21"><span class='ocrx_word' id='word_1_39' title='bbox 555 1093 624 1149; x_wconf 81' lang='grc' dir='ltr'>’Ἡ</span> <span class='ocrx_word' id='word_1_40' title='bbox 651 1090 893 1166; x_wconf 73' lang='grc' dir='ltr'>συμφυὲς</span> <span class='ocrx_word' id='word_1_41' title='bbox 924 1090 987 1145; x_wconf 88' lang='grc' dir='ltr'>τὸ</span> <span class='ocrx_word' id='word_1_42' title='bbox 1011 1094 1231 1163; x_wconf 79' lang='grc' dir='ltr'>Πνεῦμα</span> <span class='ocrx_word' id='word_1_43' title='bbox 1261 1090 1429 1165; x_wconf 83' lang='grc' dir='ltr'>Πατρὶ</span> <span class='ocrx_word' id='word_1_44' title='bbox 1460 1090 1550 1146; x_wconf 81' lang='grc' dir='ltr'>καὶ</span> <span class='ocrx_word' id='word_1_45' title='bbox 1583 1091 1750 1164; x_wconf 83' lang='grc' dir='ltr'>Λόγῳ</span> 
     </span>
    </p>
   </div>
   <div class='ocr_carea' id='block_1_10' title="bbox 557 1179 1697 1256">
    <p class='ocr_par' dir='ltr' id='par_1_10' title="bbox 557 1179 1697 1256">
     <span class='ocr_line' id='line_1_10' title="bbox 557 1179 1697 1256; baseline -0.003 -20"><span class='ocrx_word' id='word_1_46' title='bbox 557 1180 783 1256; x_wconf 81' lang='grc' dir='ltr'>Ἀριστα</span> <span class='ocrx_word' id='word_1_47' title='bbox 810 1180 1134 1254; x_wconf 88' lang='grc' dir='ltr'>τρανώσασα</span> <span class='ocrx_word' id='word_1_48' title='bbox 1163 1179 1451 1254; x_wconf 77' lang='grc' dir='ltr'>σύνθρονον</span> <span class='ocrx_word' id='word_1_49' title='bbox 1486 1180 1532 1242; x_wconf 84' lang='grc' dir='ltr'>θ’</span> <span class='ocrx_word' id='word_1_50' title='bbox 1563 1179 1697 1251; x_wconf 82' lang='grc' dir='ltr'>ἅμα,</span> 
     </span>
    </p>
   </div>
   <div class='ocr_carea' id='block_1_11' title="bbox 559 1266 1584 1343">
    <p class='ocr_par' dir='ltr' id='par_1_11' title="bbox 559 1266 1584 1343">
     <span class='ocr_line' id='line_1_11' title="bbox 559 1266 1584 1343; baseline -0.003 -17"><span class='ocrx_word' id='word_1_51' title='bbox 559 1266 764 1326; x_wconf 81' lang='grc' dir='ltr'>Βάλλει</span> <span class='ocrx_word' id='word_1_52' title='bbox 798 1267 1139 1325; x_wconf 74' lang='grc' dir='ltr'>Μακεδόνων</span> <span class='ocrx_word' id='word_1_53' title='bbox 1168 1268 1324 1343; x_wconf 81' lang='grc' dir='ltr'>ἄραῖς</span> <span class='ocrx_word' id='word_1_54' title='bbox 1356 1267 1584 1333; x_wconf 83' lang='grc' dir='ltr'>ἐνδίκως</span> 
     </span>
    </p>
   </div>
   <div class='ocr_carea' id='block_1_12' title="bbox 413 1356 1712 1431">
    <p class='ocr_par' dir='ltr' id='par_1_12' title="bbox 413 1356 1712 1431">
     <span class='ocr_line' id='line_1_12' title="bbox 413 1356 1712 1431; baseline -0.004 -15"><span class='ocrx_word' id='word_1_55' title='bbox 413 1361 522 1417; x_wconf 88' lang='grc'>650</span> <span class='ocrx_word' id='word_1_56' title='bbox 556 1364 663 1427; x_wconf 84' lang='grc' dir='ltr'>Τῆς</span> <span class='ocrx_word' id='word_1_57' title='bbox 695 1357 997 1427; x_wconf 79' lang='grc' dir='ltr'>καθολικῆς</span> <span class='ocrx_word' id='word_1_58' title='bbox 1027 1356 1309 1431; x_wconf 87' lang='grc' dir='ltr'>ἐκτεμοῦσ’</span> <span class='ocrx_word' id='word_1_59' title='bbox 1340 1356 1666 1427; x_wconf 85' lang='grc' dir='ltr'>Ἐκκλησίας</span> <span class='ocrx_word' id='word_1_60' title='bbox 1699 1378 1712 1391; x_wconf 93' lang='grc'><strong>·</strong></span> 
     </span>
    </p>
   </div>
   <div class='ocr_carea' id='block_1_13' title="bbox 558 1443 1707 1522">
    <p class='ocr_par' dir='ltr' id='par_1_13' title="bbox 558 1443 1707 1522">
     <span class='ocr_line' id='line_1_13' title="bbox 558 1443 1707 1522; baseline -0.001 -19"><span class='ocrx_word' id='word_1_61' title='bbox 558 1448 658 1503; x_wconf 84' lang='grc' dir='ltr'>Καὶ</span> <span class='ocrx_word' id='word_1_62' title='bbox 687 1448 1076 1522; x_wconf 79' lang='grc' dir='ltr'>ποιμενάρχην</span> <span class='ocrx_word' id='word_1_63' title='bbox 1111 1443 1342 1501; x_wconf 76' lang='grc' dir='ltr'>δεικνύει</span> <span class='ocrx_word' id='word_1_64' title='bbox 1375 1445 1707 1516; x_wconf 85' lang='grc' dir='ltr'>Βυζαντίδος</span> 
     </span>
    </p>
   </div>
   <div class='ocr_carea' id='block_1_14' title="bbox 561 1535 1650 1612">
    <p class='ocr_par' dir='ltr' id='par_1_14' title="bbox 561 1535 1650 1612">
     <span class='ocr_line' id='line_1_14' title="bbox 561 1535 1650 1612; baseline -0.001 -20"><span class='ocrx_word' id='word_1_65' title='bbox 561 1538 851 1612; x_wconf 83' lang='grc' dir='ltr'>Νεκτάριον</span> <span class='ocrx_word' id='word_1_66' title='bbox 888 1535 1181 1609; x_wconf 81' lang='grc' dir='ltr'>λάμποντα</span> <span class='ocrx_word' id='word_1_67' title='bbox 1215 1535 1319 1610; x_wconf 88' lang='grc' dir='ltr'>βίῳ</span> <span class='ocrx_word' id='word_1_68' title='bbox 1348 1538 1438 1590; x_wconf 83' lang='grc' dir='ltr'>καὶ</span> <span class='ocrx_word' id='word_1_69' title='bbox 1473 1537 1650 1611; x_wconf 83' lang='grc' dir='ltr'>Λόγῳ,</span> 
     </span>
    </p>
   </div>
   <div class='ocr_carea' id='block_1_15' title="bbox 560 1624 1658 1700">
    <p class='ocr_par' dir='ltr' id='par_1_15' title="bbox 560 1624 1658 1700">
     <span class='ocr_line' id='line_1_15' title="bbox 560 1624 1658 1700; baseline -0.004 -17"><span class='ocrx_word' id='word_1_70' title='bbox 560 1627 949 1700; x_wconf 80' lang='grc' dir='ltr'>Χριστώνυμον</span> <span class='ocrx_word' id='word_1_71' title='bbox 983 1626 1080 1698; x_wconf 89' lang='grc' dir='ltr'>μέν</span> <span class='ocrx_word' id='word_1_72' title='bbox 1111 1624 1359 1698; x_wconf 82' lang='grc' dir='ltr'>ἀμύητον</span> <span class='ocrx_word' id='word_1_73' title='bbox 1393 1624 1440 1680; x_wconf 82' lang='grc' dir='ltr'>δ’</span> <span class='ocrx_word' id='word_1_74' title='bbox 1470 1625 1658 1698; x_wconf 82' lang='grc' dir='ltr'>εἰσέτι,</span> 
     </span>
    </p>
   </div>
   <div class='ocr_carea' id='block_1_16' title="bbox 557 1715 1641 1791">
    <p class='ocr_par' dir='ltr' id='par_1_16' title="bbox 557 1715 1641 1791">
     <span class='ocr_line' id='line_1_16' title="bbox 557 1715 1641 1791; baseline -0.004 -18"><span class='ocrx_word' id='word_1_75' title='bbox 557 1718 649 1773; x_wconf 86' lang='grc' dir='ltr'>Ὃν</span> <span class='ocrx_word' id='word_1_76' title='bbox 678 1716 791 1789; x_wconf 82' lang='grc' dir='ltr'>ἅμα</span> <span class='ocrx_word' id='word_1_77' title='bbox 825 1715 1149 1791; x_wconf 85' lang='grc' dir='ltr'>βαπτίζουσι</span> <span class='ocrx_word' id='word_1_78' title='bbox 1182 1718 1402 1790; x_wconf 85' lang='grc' dir='ltr'>χρίουσι</span> <span class='ocrx_word' id='word_1_79' title='bbox 1435 1715 1599 1787; x_wconf 84' lang='grc' dir='ltr'>θύτην</span> <span class='ocrx_word' id='word_1_80' title='bbox 1628 1733 1641 1748; x_wconf 89' lang='grc'><strong>·</strong></span> 
     </span>
    </p>
   </div>
   <div class='ocr_carea' id='block_1_17' title="bbox 415 1804 1667 1880">
    <p class='ocr_par' dir='ltr' id='par_1_17' title="bbox 415 1804 1667 1880">
     <span class='ocr_line' id='line_1_17' title="bbox 415 1804 1667 1880; baseline -0.003 -17"><span class='ocrx_word' id='word_1_81' title='bbox 415 1808 525 1863; x_wconf 89' lang='grc'>655</span> <span class='ocrx_word' id='word_1_82' title='bbox 561 1808 672 1863; x_wconf 92' lang='grc' dir='ltr'>Τοῦ</span> <span class='ocrx_word' id='word_1_83' title='bbox 702 1805 1010 1880; x_wconf 89' lang='grc' dir='ltr'>Γρηγορίου</span> <span class='ocrx_word' id='word_1_84' title='bbox 1040 1804 1131 1860; x_wconf 87' lang='grc' dir='ltr'>καὶ</span> <span class='ocrx_word' id='word_1_85' title='bbox 1162 1806 1369 1879; x_wconf 87' lang='grc' dir='ltr'>Πατρὸς</span> <span class='ocrx_word' id='word_1_86' title='bbox 1403 1807 1667 1879; x_wconf 85' lang='grc' dir='ltr'>οεηγόρου</span> 
     </span>
    </p>
   </div>
   <div class='ocr_carea' id='block_1_18' title="bbox 553 1892 1748 1969">
    <p class='ocr_par' dir='ltr' id='par_1_18' title="bbox 553 1892 1748 1969">
     <span class='ocr_line' id='line_1_18' title="bbox 553 1892 1748 1969; baseline -0.002 -19"><span class='ocrx_word' id='word_1_87' title='bbox 553 1893 904 1969; x_wconf 79' lang='grc' dir='ltr'>Αὐθαιρέτως</span> <span class='ocrx_word' id='word_1_88' title='bbox 932 1915 993 1969; x_wconf 89' lang='grc' dir='ltr'>γε</span> <span class='ocrx_word' id='word_1_89' title='bbox 1014 1895 1106 1949; x_wconf 86' lang='grc' dir='ltr'>τὸν</span> <span class='ocrx_word' id='word_1_90' title='bbox 1142 1895 1333 1969; x_wconf 88' lang='grc' dir='ltr'>θρόνον</span> <span class='ocrx_word' id='word_1_91' title='bbox 1367 1892 1701 1956; x_wconf 84' lang='grc' dir='ltr'>λελοιπότος</span> <span class='ocrx_word' id='word_1_92' title='bbox 1734 1914 1748 1927; x_wconf 67' lang='grc' dir='ltr'>θ</span> 
     </span>
    </p>
   </div>
   <div class='ocr_carea' id='block_1_19' title="bbox 552 1980 1714 2058">
    <p class='ocr_par' dir='ltr' id='par_1_19' title="bbox 552 1980 1714 2058">
     <span class='ocr_line' id='line_1_19' title="bbox 552 1980 1714 2058; baseline 0.001 -21"><span class='ocrx_word' id='word_1_93' title='bbox 552 1985 722 2046; x_wconf 78' lang='grc' dir='ltr'>Οὗτος</span> <span class='ocrx_word' id='word_1_94' title='bbox 752 1983 981 2054; x_wconf 81' lang='grc' dir='ltr'>τελευτᾷ</span> <span class='ocrx_word' id='word_1_95' title='bbox 1016 1980 1273 2057; x_wconf 87' lang='grc' dir='ltr'>βασιλεύς</span> <span class='ocrx_word' id='word_1_96' title='bbox 1306 1985 1425 2038; x_wconf 87' lang='grc' dir='ltr'>καθ’</span> <span class='ocrx_word' id='word_1_97' title='bbox 1454 1984 1714 2058; x_wconf 81' lang='grc' dir='ltr'>Ἑσπέραν</span> 
     </span>
    </p>
   </div>
   <div class='ocr_carea' id='block_1_20' title="bbox 553 2070 1630 2148">
    <p class='ocr_par' dir='ltr' id='par_1_20' title="bbox 553 2070 1630 2148">
     <span class='ocr_line' id='line_1_20' title="bbox 553 2070 1630 2148; baseline -0.001 -22"><span class='ocrx_word' id='word_1_98' title='bbox 553 2074 702 2135; x_wconf 82' lang='grc' dir='ltr'>Υἱοῖς</span> <span class='ocrx_word' id='word_1_99' title='bbox 739 2072 962 2145; x_wconf 81' lang='grc' dir='ltr'>μερίσας</span> <span class='ocrx_word' id='word_1_100' title='bbox 994 2077 1114 2133; x_wconf 88' lang='grc' dir='ltr'>τοῖς</span> <span class='ocrx_word' id='word_1_101' title='bbox 1148 2070 1267 2126; x_wconf 86' lang='grc' dir='ltr'>δυσί</span> <span class='ocrx_word' id='word_1_102' title='bbox 1297 2071 1630 2148; x_wconf 86' lang='grc' dir='ltr'>κραταρχίαν</span> 
     </span>
    </p>
   </div>
   <div class='ocr_carea' id='block_1_21' title="bbox 556 2159 1733 2236">
    <p class='ocr_par' dir='ltr' id='par_1_21' title="bbox 556 2159 1733 2236">
     <span class='ocr_line' id='line_1_21' title="bbox 556 2159 1733 2236; baseline -0.002 -19"><span class='ocrx_word' id='word_1_103' title='bbox 556 2162 803 2235; x_wconf 84' lang='grc' dir='ltr'>Ὀνωρίῳ</span> <span class='ocrx_word' id='word_1_104' title='bbox 838 2163 933 2234; x_wconf 76' lang='grc' dir='ltr'>μὲν</span> <span class='ocrx_word' id='word_1_105' title='bbox 969 2159 1098 2222; x_wconf 74' lang='grc' dir='ltr'>δοὺς</span> <span class='ocrx_word' id='word_1_106' title='bbox 1126 2160 1420 2236; x_wconf 83' lang='grc' dir='ltr'>κατάρχειν</span> <span class='ocrx_word' id='word_1_107' title='bbox 1449 2161 1733 2234; x_wconf 83' lang='grc' dir='ltr'>Ἑσπέρας,</span> 
     </span>
    </p>
   </div>
   <div class='ocr_carea' id='block_1_22' title="bbox 410 2248 1778 2326">
    <p class='ocr_par' dir='ltr' id='par_1_22' title="bbox 410 2248 1778 2326">
     <span class='ocr_line' id='line_1_22' title="bbox 410 2248 1778 2326; baseline -0.003 -18"><span class='ocrx_word' id='word_1_108' title='bbox 410 2252 519 2308; x_wconf 84' lang='grc'>660</span> <span class='ocrx_word' id='word_1_109' title='bbox 557 2248 826 2323; x_wconf 84' lang='grc' dir='ltr'>Ἀρκαδίῳ</span> <span class='ocrx_word' id='word_1_110' title='bbox 858 2248 903 2304; x_wconf 86' lang='grc' dir='ltr'>δ’</span> <span class='ocrx_word' id='word_1_111' title='bbox 936 2250 1001 2305; x_wconf 83' lang='grc' dir='ltr'>αὖ</span> <span class='ocrx_word' id='word_1_112' title='bbox 1030 2254 1139 2304; x_wconf 91' lang='grc' dir='ltr'>τῶν</span> <span class='ocrx_word' id='word_1_113' title='bbox 1175 2255 1354 2326; x_wconf 81' lang='grc' dir='ltr'>μερῶν</span> <span class='ocrx_word' id='word_1_114' title='bbox 1382 2255 1489 2305; x_wconf 90' lang='grc' dir='ltr'>τῶν</span> <span class='ocrx_word' id='word_1_115' title='bbox 1513 2250 1610 2316; x_wconf 76' lang='grc' dir='ltr'>τῆς</span> <span class='ocrx_word' id='word_1_116' title='bbox 1641 2254 1778 2320; x_wconf 83' lang='grc' dir='ltr'>Ἕω,</span> 
     </span>
    </p>
   </div>
   <div class='ocr_carea' id='block_1_23' title="bbox 554 2335 1673 2414">
    <p class='ocr_par' dir='ltr' id='par_1_23' title="bbox 554 2335 1673 2414">
     <span class='ocr_line' id='line_1_23' title="bbox 554 2335 1673 2414; baseline -0.002 -19"><span class='ocrx_word' id='word_1_117' title='bbox 554 2335 970 2401; x_wconf 86' lang='grc' dir='ltr'>Βεϐασιλευκὼς</span> <span class='ocrx_word' id='word_1_118' title='bbox 996 2339 1130 2393; x_wconf 74' lang='grc' dir='ltr'>ἒπτά</span> <span class='ocrx_word' id='word_1_119' title='bbox 1158 2339 1249 2394; x_wconf 86' lang='grc' dir='ltr'>καὶ</span> <span class='ocrx_word' id='word_1_120' title='bbox 1283 2337 1412 2394; x_wconf 87' lang='grc' dir='ltr'>δέκα</span> <span class='ocrx_word' id='word_1_121' title='bbox 1437 2338 1673 2414; x_wconf 90' lang='grc' dir='ltr'>χρόνους</span> 
     </span>
    </p>
   </div>
   <div class='ocr_carea' id='block_1_24' title="bbox 550 2426 1802 2504">
    <p class='ocr_par' dir='ltr' id='par_1_24' title="bbox 550 2426 1802 2504">
     <span class='ocr_line' id='line_1_24' title="bbox 550 2426 1802 2504; baseline 0 -19"><span class='ocrx_word' id='word_1_122' title='bbox 550 2430 693 2497; x_wconf 80' lang='grc' dir='ltr'>Πρὸς</span> <span class='ocrx_word' id='word_1_123' title='bbox 722 2430 881 2485; x_wconf 82' lang='grc' dir='ltr'>πέντε</span> <span class='ocrx_word' id='word_1_124' title='bbox 915 2430 1081 2503; x_wconf 86' lang='grc' dir='ltr'>μησὶν</span> <span class='ocrx_word' id='word_1_125' title='bbox 1116 2426 1376 2502; x_wconf 88' lang='grc' dir='ltr'>εὐσεϐῶς,</span> <span class='ocrx_word' id='word_1_126' title='bbox 1412 2428 1752 2504; x_wconf 80' lang='grc' dir='ltr'>εὐδαιμόνως</span> <span class='ocrx_word' id='word_1_127' title='bbox 1789 2449 1802 2463; x_wconf 88' lang='grc'>⁶</span> 
     </span>
    </p>
   </div>
   <div class='ocr_carea' id='block_1_25' title="bbox 550 2519 1668 2598">
    <p class='ocr_par' dir='ltr' id='par_1_25' title="bbox 550 2519 1668 2598">
     <span class='ocr_line' id='line_1_25' title="bbox 550 2519 1668 2598; baseline 0.001 -24"><span class='ocrx_word' id='word_1_128' title='bbox 550 2520 719 2595; x_wconf 72' lang='grc' dir='ltr'>Ἀνὴρ</span> <span class='ocrx_word' id='word_1_129' title='bbox 750 2520 949 2593; x_wconf 84' lang='grc' dir='ltr'>ἀγαθὸς</span> <span class='ocrx_word' id='word_1_130' title='bbox 977 2519 1066 2573; x_wconf 79' lang='grc' dir='ltr'>καὶ</span> <span class='ocrx_word' id='word_1_131' title='bbox 1098 2520 1315 2595; x_wconf 77' lang='grc' dir='ltr'>κράτωρ</span> <span class='ocrx_word' id='word_1_132' title='bbox 1345 2519 1668 2598; x_wconf 79' lang='grc' dir='ltr'>νικηφόρος,</span> 
     </span>
    </p>
   </div>
   <div class='ocr_carea' id='block_1_26' title="bbox 549 2604 1644 2683">
    <p class='ocr_par' dir='ltr' id='par_1_26' title="bbox 549 2604 1644 2683">
     <span class='ocr_line' id='line_1_26' title="bbox 549 2604 1644 2683; baseline -0.002 -17"><span class='ocrx_word' id='word_1_133' title='bbox 549 2611 630 2682; x_wconf 78' lang='grc' dir='ltr'>Τῇ</span> <span class='ocrx_word' id='word_1_134' title='bbox 663 2606 709 2663; x_wconf 83' lang='grc' dir='ltr'>δ’</span> <span class='ocrx_word' id='word_1_135' title='bbox 740 2604 983 2681; x_wconf 83' lang='grc' dir='ltr'>εὐσεϐείᾳ</span> <span class='ocrx_word' id='word_1_136' title='bbox 1009 2607 1225 2682; x_wconf 82' lang='grc' dir='ltr'>μᾶλλον</span> <span class='ocrx_word' id='word_1_137' title='bbox 1257 2610 1596 2683; x_wconf 84' lang='grc' dir='ltr'>ὡραϊσμένος</span> <span class='ocrx_word' id='word_1_138' title='bbox 1630 2629 1644 2642; x_wconf 84' lang='lat'>&#39;</span> 
     </span>
    </p>
   </div>
   <div class='ocr_carea' id='block_1_27' title="bbox 400 2696 1842 2775">
    <p class='ocr_par' dir='ltr' id='par_1_27' title="bbox 400 2696 1842 2775">
     <span class='ocr_line' id='line_1_27' title="bbox 400 2696 1842 2775; baseline -0.001 -20"><span class='ocrx_word' id='word_1_139' title='bbox 400 2700 511 2755; x_wconf 89' lang='grc'>665</span> <span class='ocrx_word' id='word_1_140' title='bbox 547 2698 650 2755; x_wconf 83' lang='grc' dir='ltr'>Καὶ</span> <span class='ocrx_word' id='word_1_141' title='bbox 678 2699 817 2753; x_wconf 89' lang='grc' dir='ltr'>κίον’</span> <span class='ocrx_word' id='word_1_142' title='bbox 849 2698 1011 2761; x_wconf 75' lang='grc' dir='ltr'>οὗτος</span> <span class='ocrx_word' id='word_1_143' title='bbox 1045 2696 1096 2752; x_wconf 83' lang='grc' dir='ltr'>ἐν</span> <span class='ocrx_word' id='word_1_144' title='bbox 1121 2699 1259 2760; x_wconf 87' lang='grc' dir='ltr'>Βοὸς</span> <span class='ocrx_word' id='word_1_145' title='bbox 1285 2698 1472 2775; x_wconf 89' lang='grc' dir='ltr'>τεύχει</span> <span class='ocrx_word' id='word_1_146' title='bbox 1498 2698 1656 2771; x_wconf 84' lang='grc' dir='ltr'>τόπῳ</span> <span class='ocrx_word' id='word_1_147' title='bbox 1691 2700 1801 2773; x_wconf 87' lang='grc'>(19)</span> <span class='ocrx_word' id='word_1_148' title='bbox 1829 2719 1842 2735; x_wconf 88' lang='grc'><strong>·</strong></span> 
     </span>
    </p>
   </div>
   <div class='ocr_carea' id='block_1_28' title="bbox 546 2785 1706 2866">
    <p class='ocr_par' dir='ltr' id='par_1_28' title="bbox 546 2785 1706 2866">
     <span class='ocr_line' id='line_1_28' title="bbox 546 2785 1706 2866; baseline -0.002 -19"><span class='ocrx_word' id='word_1_149' title='bbox 546 2786 926 2863; x_wconf 85' lang='grc' dir='ltr'>’Δνδρείκελον</span> <span class='ocrx_word' id='word_1_150' title='bbox 960 2788 1196 2866; x_wconf 80' lang='grc' dir='ltr'>φέροντα</span> <span class='ocrx_word' id='word_1_151' title='bbox 1222 2792 1319 2843; x_wconf 90' lang='grc' dir='ltr'>τοῦ</span> <span class='ocrx_word' id='word_1_152' title='bbox 1353 2785 1706 2863; x_wconf 85' lang='grc' dir='ltr'>δειμαμένου.</span> 
     </span>
    </p>
   </div>
   <div class='ocr_carea' id='block_1_29' title="bbox 887 2905 1507 2963">
    <p class='ocr_par' dir='ltr' id='par_1_29' title="bbox 887 2905 1507 2963">
     <span class='ocr_line' id='line_1_29' title="bbox 887 2905 1507 2963; baseline 0.003 -2"><span class='ocrx_word' id='word_1_153' title='bbox 887 2905 1229 2961; x_wconf 82' lang='grc' dir='ltr'>ΔΡΚΑΔΙΟΣ</span> <span class='ocrx_word' id='word_1_154' title='bbox 1260 2906 1373 2962; x_wconf 90' lang='lat' dir='ltr'>ET.</span> <span class='ocrx_word' id='word_1_155' title='bbox 1406 2905 1507 2963; x_wconf 86' lang='lat' dir='ltr'>IA&#39;.</span> 
     </span>
    </p>
   </div>
   <div class='ocr_carea' id='block_1_30' title="bbox 547 3006 1681 3088">
    <p class='ocr_par' dir='ltr' id='par_1_30' title="bbox 547 3006 1681 3088">
     <span class='ocr_line' id='line_1_30' title="bbox 547 3006 1681 3088; baseline -0.003 -21"><span class='ocrx_word' id='word_1_156' title='bbox 547 3006 836 3085; x_wconf 81' lang='grc' dir='ltr'>’Λρκάδιος</span> <span class='ocrx_word' id='word_1_157' title='bbox 863 3013 991 3087; x_wconf 90' lang='grc' dir='ltr'>γοῦν</span> <span class='ocrx_word' id='word_1_158' title='bbox 1021 3006 1358 3085; x_wconf 86' lang='grc' dir='ltr'>παραλαϐὼν</span> <span class='ocrx_word' id='word_1_159' title='bbox 1389 3010 1452 3066; x_wconf 84' lang='grc' dir='ltr'>τὸ</span> <span class='ocrx_word' id='word_1_160' title='bbox 1482 3012 1681 3088; x_wconf 84' lang='grc' dir='ltr'>κράτος</span> 
     </span>
    </p>
   </div>
   <div class='ocr_carea' id='block_1_31' title="bbox 543 3098 1767 3177">
    <p class='ocr_par' dir='ltr' id='par_1_31' title="bbox 543 3098 1767 3177">
     <span class='ocr_line' id='line_1_31' title="bbox 543 3098 1767 3177; baseline 0 -22"><span class='ocrx_word' id='word_1_161' title='bbox 543 3104 757 3155; x_wconf 86' lang='grc' dir='ltr'>Διεῖπεν</span> <span class='ocrx_word' id='word_1_162' title='bbox 790 3099 918 3156; x_wconf 89' lang='grc' dir='ltr'>αὐτὸ</span> <span class='ocrx_word' id='word_1_163' title='bbox 946 3098 1308 3174; x_wconf 81' lang='grc' dir='ltr'>πλημμελῶς</span> <span class='ocrx_word' id='word_1_164' title='bbox 1336 3101 1427 3156; x_wconf 79' lang='grc' dir='ltr'>καὶ</span> <span class='ocrx_word' id='word_1_165' title='bbox 1461 3100 1719 3177; x_wconf 77' lang='grc' dir='ltr'>ῥᾳθύμως</span> <span class='ocrx_word' id='word_1_166' title='bbox 1753 3118 1767 3135; x_wconf 76' lang='grc' dir='ltr'><strong><em>ο</em></strong></span> 
     </span>
    </p>
   </div>
   <div class='ocr_carea' id='block_1_32' title="bbox 543 3186 1698 3266">
    <p class='ocr_par' dir='ltr' id='par_1_32' title="bbox 543 3186 1698 3266">
     <span class='ocr_line' id='line_1_32' title="bbox 543 3186 1698 3266; baseline -0.001 -22"><span class='ocrx_word' id='word_1_167' title='bbox 543 3191 739 3259; x_wconf 76' lang='grc' dir='ltr'>Νωθὴς</span> <span class='ocrx_word' id='word_1_168' title='bbox 766 3188 892 3266; x_wconf 79' lang='grc' dir='ltr'>γὰρ,</span> <span class='ocrx_word' id='word_1_169' title='bbox 924 3187 1259 3264; x_wconf 84' lang='grc' dir='ltr'>εὐρίπιστος,</span> <span class='ocrx_word' id='word_1_170' title='bbox 1294 3186 1367 3243; x_wconf 80' lang='grc' dir='ltr'>ὢν</span> <span class='ocrx_word' id='word_1_171' title='bbox 1394 3188 1698 3261; x_wconf 80' lang='grc' dir='ltr'>ἀνειμένος,</span> 
     </span>
    </p>
   </div>
   <div class='ocr_carea' id='block_1_33' title="bbox 392 3277 1748 3354">
    <p class='ocr_par' dir='ltr' id='par_1_33' title="bbox 392 3277 1748 3354">
     <span class='ocr_line' id='line_1_33' title="bbox 392 3277 1748 3354; baseline -0.004 -16"><span class='ocrx_word' id='word_1_172' title='bbox 392 3281 507 3338; x_wconf 87' lang='grc'>670</span> <span class='ocrx_word' id='word_1_173' title='bbox 545 3279 651 3337; x_wconf 82' lang='grc' dir='ltr'>Καὶ</span> <span class='ocrx_word' id='word_1_174' title='bbox 679 3281 750 3353; x_wconf 79' lang='grc' dir='ltr'>τῇ</span> <span class='ocrx_word' id='word_1_175' title='bbox 779 3278 991 3354; x_wconf 79' lang='grc' dir='ltr'>γυναικὶ</span> <span class='ocrx_word' id='word_1_176' title='bbox 1021 3279 1199 3333; x_wconf 84' lang='grc' dir='ltr'>πάντα</span> <span class='ocrx_word' id='word_1_177' title='bbox 1225 3277 1748 3353; x_wconf 84' lang='grc' dir='ltr'>προσπεπεισμένος,</span> 
     </span>
    </p>
   </div>
   <div class='ocr_carea' id='block_1_34' title="bbox 542 3364 1598 3445">
    <p class='ocr_par' dir='ltr' id='par_1_34' title="bbox 542 3364 1598 3445">
     <span class='ocr_line' id='line_1_34' title="bbox 542 3364 1598 3445; baseline 0.001 -23"><span class='ocrx_word' id='word_1_178' title='bbox 542 3367 845 3445; x_wconf 83' lang='grc' dir='ltr'>Τρικυμίας</span> <span class='ocrx_word' id='word_1_179' title='bbox 876 3364 1083 3437; x_wconf 82' lang='grc' dir='ltr'>ἔπλησε</span> <span class='ocrx_word' id='word_1_180' title='bbox 1108 3368 1209 3437; x_wconf 78' lang='grc' dir='ltr'>τὴν</span> <span class='ocrx_word' id='word_1_181' title='bbox 1244 3366 1598 3439; x_wconf 85' lang='grc' dir='ltr'>Ἐκκλησίαν,</span> 
     </span>
    </p>
   </div>
   <div class='ocr_carea' id='block_1_35' title="bbox 546 3454 1787 3531">
    <p class='ocr_par' dir='ltr' id='par_1_35' title="bbox 546 3454 1787 3531">
     <span class='ocr_line' id='line_1_35' title="bbox 546 3454 1787 3531; baseline 0.001 -19"><span class='ocrx_word' id='word_1_182' title='bbox 546 3457 711 3531; x_wconf 85' lang='grc' dir='ltr'>Αὐτῷ</span> <span class='ocrx_word' id='word_1_183' title='bbox 743 3454 801 3512; x_wconf 73' lang='grc' dir='ltr'>δὲ</span> <span class='ocrx_word' id='word_1_184' title='bbox 835 3459 1072 3531; x_wconf 82' lang='grc' dir='ltr'>μέμψεις</span> <span class='ocrx_word' id='word_1_185' title='bbox 1102 3455 1465 3530; x_wconf 82' lang='grc' dir='ltr'>προύξένησεν</span> <span class='ocrx_word' id='word_1_186' title='bbox 1492 3454 1737 3522; x_wconf 81' lang='grc' dir='ltr'>ἐνδίκους</span> <span class='ocrx_word' id='word_1_187' title='bbox 1773 3478 1787 3493; x_wconf 79' lang='grc' dir='ltr'><strong>ο</strong></span> 
     </span>
    </p>
   </div>
   <div class='ocr_carea' id='block_1_36' title="bbox 548 3545 1624 3623">
    <p class='ocr_par' dir='ltr' id='par_1_36' title="bbox 548 3545 1624 3623">
     <span class='ocr_line' id='line_1_36' title="bbox 548 3545 1624 3623; baseline -0.002 -20"><span class='ocrx_word' id='word_1_188' title='bbox 548 3545 850 3622; x_wconf 83' lang='grc' dir='ltr'>Νεκταρίου</span> <span class='ocrx_word' id='word_1_189' title='bbox 881 3546 985 3623; x_wconf 83' lang='grc' dir='ltr'>γὰρ</span> <span class='ocrx_word' id='word_1_190' title='bbox 1019 3545 1457 3622; x_wconf 80' lang='grc' dir='ltr'>ἐκμετρήσαντος</span> <span class='ocrx_word' id='word_1_191' title='bbox 1483 3545 1624 3623; x_wconf 86' lang='grc' dir='ltr'>βίον,</span> 
     </span>
    </p>
   </div>
   <div class='ocr_carea' id='block_1_37' title="bbox 559 3634 1706 3713">
    <p class='ocr_par' dir='ltr' id='par_1_37' title="bbox 559 3634 1706 3713">
     <span class='ocr_line' id='line_1_37' title="bbox 559 3634 1706 3713; baseline -0.004 -18"><span class='ocrx_word' id='word_1_192' title='bbox 559 3635 782 3713; x_wconf 82' lang='grc' dir='ltr'>’Δχθεὶς</span> <span class='ocrx_word' id='word_1_193' title='bbox 813 3636 840 3690; x_wconf 88' lang='grc' dir='ltr'>ὁ</span> <span class='ocrx_word' id='word_1_194' title='bbox 873 3639 1110 3711; x_wconf 80' lang='grc' dir='ltr'>χρυσοῦς</span> <span class='ocrx_word' id='word_1_195' title='bbox 1141 3634 1192 3690; x_wconf 78' lang='grc' dir='ltr'>ἐν</span> <span class='ocrx_word' id='word_1_196' title='bbox 1226 3634 1415 3709; x_wconf 89' lang='grc' dir='ltr'>λόγοις</span> <span class='ocrx_word' id='word_1_197' title='bbox 1447 3634 1706 3708; x_wconf 83' lang='grc' dir='ltr'>Ἰωάννης</span> 
     </span>
    </p>
   </div>
   <div class='ocr_carea' id='block_1_38' title="bbox 413 3723 1654 3801">
    <p class='ocr_par' dir='ltr' id='par_1_38' title="bbox 413 3723 1654 3801">
     <span class='ocr_line' id='line_1_38' title="bbox 413 3723 1654 3801; baseline -0.002 -19"><span class='ocrx_word' id='word_1_198' title='bbox 413 3730 528 3785; x_wconf 88' lang='lat'>675</span> <span class='ocrx_word' id='word_1_199' title='bbox 564 3725 654 3796; x_wconf 81' lang='grc' dir='ltr'>Ἐξ</span> <span class='ocrx_word' id='word_1_200' title='bbox 686 3724 977 3800; x_wconf 88' lang='grc' dir='ltr'>Ἀντιόχου</span> <span class='ocrx_word' id='word_1_201' title='bbox 1006 3724 1145 3801; x_wconf 87' lang='grc' dir='ltr'>πρὸς</span> <span class='ocrx_word' id='word_1_202' title='bbox 1175 3724 1339 3781; x_wconf 84' lang='grc' dir='ltr'>πόλιν</span> <span class='ocrx_word' id='word_1_203' title='bbox 1376 3723 1654 3801; x_wconf 84' lang='grc' dir='ltr'>βασιλίδα,</span> 
     </span>
    </p>
   </div>
   <div class='ocr_carea' id='block_1_39' title="bbox 554 3813 1719 3891">
    <p class='ocr_par' dir='ltr' id='par_1_39' title="bbox 554 3813 1719 3891">
     <span class='ocr_line' id='line_1_39' title="bbox 554 3813 1719 3891; baseline -0.003 -18"><span class='ocrx_word' id='word_1_204' title='bbox 554 3814 773 3884; x_wconf 80' lang='grc' dir='ltr'>Ταύτης</span> <span class='ocrx_word' id='word_1_205' title='bbox 801 3815 1106 3891; x_wconf 81' lang='grc' dir='ltr'>καθωράϊσε</span> <span class='ocrx_word' id='word_1_206' title='bbox 1134 3814 1225 3868; x_wconf 85' lang='grc' dir='ltr'>τὸν</span> <span class='ocrx_word' id='word_1_207' title='bbox 1258 3814 1454 3887; x_wconf 89' lang='grc' dir='ltr'>σεμνὸν</span> <span class='ocrx_word' id='word_1_208' title='bbox 1484 3813 1673 3891; x_wconf 86' lang='grc' dir='ltr'>θρόνον</span> <span class='ocrx_word' id='word_1_209' title='bbox 1704 3833 1719 3848; x_wconf 84' lang='lat'><strong><em>°</em></strong></span> 
     </span>
    </p>
   </div>
   <div class='ocr_carea' id='block_1_40' title="bbox 560 3900 1536 3979">
    <p class='ocr_par' dir='ltr' id='par_1_40' title="bbox 560 3900 1536 3979">
     <span class='ocr_line' id='line_1_40' title="bbox 560 3900 1536 3979; baseline 0 -21"><span class='ocrx_word' id='word_1_210' title='bbox 560 3901 717 3963; x_wconf 86' lang='grc' dir='ltr'>Ἀλλ’</span> <span class='ocrx_word' id='word_1_211' title='bbox 746 3906 781 3974; x_wconf 75' lang='grc' dir='ltr'>ἡ</span> <span class='ocrx_word' id='word_1_212' title='bbox 819 3903 1035 3979; x_wconf 84' lang='grc' dir='ltr'>βασιλὶς</span> <span class='ocrx_word' id='word_1_213' title='bbox 1063 3900 1266 3965; x_wconf 81' lang='grc' dir='ltr'>ἀδίκως</span> <span class='ocrx_word' id='word_1_214' title='bbox 1301 3901 1536 3974; x_wconf 57' lang='lat' dir='ltr'>satagis</span> 
     </span>
    </p>
   </div>
   <div class='ocr_carea' id='block_1_41' title="bbox 555 3993 1595 4070">
    <p class='ocr_par' dir='ltr' id='par_1_41' title="bbox 555 3993 1595 4070">
     <span class='ocr_line' id='line_1_41' title="bbox 555 3993 1595 4070; baseline -0.004 -18"><span class='ocrx_word' id='word_1_215' title='bbox 555 3996 878 4067; x_wconf 84' lang='grc' dir='ltr'>Μυσήσασα,</span> <span class='ocrx_word' id='word_1_216' title='bbox 912 3994 1043 4068; x_wconf 73' lang='grc' dir='ltr'>φεῦί</span> <span class='ocrx_word' id='word_1_217' title='bbox 1079 3993 1262 4057; x_wconf 79' lang='grc' dir='ltr'>ἐνθέου</span> <span class='ocrx_word' id='word_1_218' title='bbox 1291 3993 1595 4070; x_wconf 83' lang='grc' dir='ltr'>παῤῥησίας</span> 
     </span>
    </p>
   </div>
   <div class='ocr_carea' id='block_1_42' title="bbox 551 4080 1616 4157">
    <p class='ocr_par' dir='ltr' id='par_1_42' title="bbox 551 4080 1616 4157">
     <span class='ocr_line' id='line_1_42' title="bbox 551 4080 1616 4157; baseline -0.002 -18"><span class='ocrx_word' id='word_1_219' title='bbox 551 4085 657 4139; x_wconf 86' lang='grc' dir='ltr'>Τὸν</span> <span class='ocrx_word' id='word_1_220' title='bbox 688 4086 796 4138; x_wconf 89' lang='grc' dir='ltr'>τῶν</span> <span class='ocrx_word' id='word_1_221' title='bbox 827 4085 1022 4157; x_wconf 84' lang='grc' dir='ltr'>ψυχῶν</span> <span class='ocrx_word' id='word_1_222' title='bbox 1053 4081 1216 4151; x_wconf 77' lang='grc' dir='ltr'>ἥλιον</span> <span class='ocrx_word' id='word_1_223' title='bbox 1242 4080 1386 4155; x_wconf 79' lang='grc' dir='ltr'>ἄξιον</span> <span class='ocrx_word' id='word_1_224' title='bbox 1422 4082 1616 4157; x_wconf 81' lang='grc' dir='ltr'>θρόνου</span> 
     </span>
    </p>
   </div>
   <div class='ocr_carea' id='block_1_43' title="bbox 401 4170 1664 4247">
    <p class='ocr_par' dir='ltr' id='par_1_43' title="bbox 401 4170 1664 4247">
     <span class='ocr_line' id='line_1_43' title="bbox 401 4170 1664 4247; baseline -0.002 -19"><span class='ocrx_word' id='word_1_225' title='bbox 401 4176 514 4233; x_wconf 85' lang='grc'>680</span> <span class='ocrx_word' id='word_1_226' title='bbox 552 4172 776 4243; x_wconf 88' lang='grc' dir='ltr'>Τίθησιν</span> <span class='ocrx_word' id='word_1_227' title='bbox 804 4170 1075 4247; x_wconf 78' lang='grc' dir='ltr'>ἐξόριστον</span> <span class='ocrx_word' id='word_1_228' title='bbox 1111 4170 1164 4226; x_wconf 86' lang='grc' dir='ltr'>ἐν</span> <span class='ocrx_word' id='word_1_229' title='bbox 1191 4176 1309 4235; x_wconf 84' lang='grc' dir='ltr'>τοῖς</span> <span class='ocrx_word' id='word_1_230' title='bbox 1337 4170 1614 4244; x_wconf 83' lang='grc' dir='ltr'>Κομάνοις</span> <span class='ocrx_word' id='word_1_231' title='bbox 1650 4193 1664 4209; x_wconf 80' lang='grc' dir='ltr'><strong><em>ο</em></strong></span> 
     </span>
    </p>
   </div>
   <div class='ocr_carea' id='block_1_44' title="bbox 550 4256 1713 4336">
    <p class='ocr_par' dir='ltr' id='par_1_44' title="bbox 550 4256 1713 4336">
     <span class='ocr_line' id='line_1_44' title="bbox 550 4256 1713 4336; baseline 0.002 -22"><span class='ocrx_word' id='word_1_232' title='bbox 550 4262 933 4331; x_wconf 83' lang='grc' dir='ltr'>’Δντικαθιστᾷ</span> <span class='ocrx_word' id='word_1_233' title='bbox 963 4257 1009 4315; x_wconf 89' lang='grc' dir='ltr'>δ’</span> <span class='ocrx_word' id='word_1_234' title='bbox 1040 4261 1327 4336; x_wconf 84' lang='grc' dir='ltr'>Ἀρσάκιον</span> <span class='ocrx_word' id='word_1_235' title='bbox 1360 4256 1667 4335; x_wconf 85' lang='grc' dir='ltr'>πρεσϐύτην</span> <span class='ocrx_word' id='word_1_236' title='bbox 1700 4281 1713 4296; x_wconf 76' lang='grc' dir='ltr'><strong><em>ο</em></strong></span> 
     </span>
    </p>
   </div>
   <div class='ocr_carea' id='block_1_45' title="bbox 550 4348 1722 4425">
    <p class='ocr_par' dir='ltr' id='par_1_45' title="bbox 550 4348 1722 4425">
     <span class='ocr_line' id='line_1_45' title="bbox 550 4348 1722 4425; baseline 0.001 -21"><span class='ocrx_word' id='word_1_237' title='bbox 550 4350 723 4411; x_wconf 83' lang='grc' dir='ltr'>Οὗτος</span> <span class='ocrx_word' id='word_1_238' title='bbox 759 4348 1012 4425; x_wconf 82' lang='grc' dir='ltr'>βασιλεὺς</span> <span class='ocrx_word' id='word_1_239' title='bbox 1038 4348 1088 4403; x_wconf 82' lang='grc' dir='ltr'>ἐν</span> <span class='ocrx_word' id='word_1_240' title='bbox 1122 4348 1304 4423; x_wconf 80' lang='grc' dir='ltr'>Θρᾴκῃ</span> <span class='ocrx_word' id='word_1_241' title='bbox 1337 4349 1505 4418; x_wconf 84' lang='grc' dir='ltr'>κτίζει</span> <span class='ocrx_word' id='word_1_242' title='bbox 1535 4348 1722 4422; x_wconf 87' lang='grc' dir='ltr'>πόλιν,</span> 
     </span>
    </p>
   </div>
   <div class='ocr_carea' id='block_1_46' title="bbox 546 4432 1647 4513">
    <p class='ocr_par' dir='ltr' id='par_1_46' title="bbox 546 4432 1647 4513">
     <span class='ocr_line' id='line_1_46' title="bbox 546 4432 1647 4513; baseline 0.003 -22"><span class='ocrx_word' id='word_1_243' title='bbox 546 4439 646 4495; x_wconf 77' lang='grc' dir='ltr'>’Ἢν</span> <span class='ocrx_word' id='word_1_244' title='bbox 680 4435 977 4513; x_wconf 77' lang='grc' dir='ltr'>Α’ρκαδίου</span> <span class='ocrx_word' id='word_1_245' title='bbox 1008 4436 1205 4499; x_wconf 83' lang='grc' dir='ltr'>πάντες</span> <span class='ocrx_word' id='word_1_246' title='bbox 1240 4432 1429 4507; x_wconf 74' lang='grc' dir='ltr'>ᾅδουσι</span> <span class='ocrx_word' id='word_1_247' title='bbox 1460 4438 1647 4498; x_wconf 88' lang='grc' dir='ltr'>πόλιν.</span> 
     </span>
    </p>
   </div>
   <div class='ocr_carea' id='block_1_47' title="bbox 546 4524 1528 4603">
    <p class='ocr_par' dir='ltr' id='par_1_47' title="bbox 546 4524 1528 4603">
     <span class='ocr_line' id='line_1_47' title="bbox 546 4524 1528 4603; baseline 0 -22"><span class='ocrx_word' id='word_1_248' title='bbox 546 4525 648 4581; x_wconf 82' lang='grc' dir='ltr'>Καὶ</span> <span class='ocrx_word' id='word_1_249' title='bbox 679 4524 815 4581; x_wconf 87' lang='grc' dir='ltr'>κίον’</span> <span class='ocrx_word' id='word_1_250' title='bbox 845 4526 1123 4603; x_wconf 79' lang='grc' dir='ltr'>ἀνήγειρεν</span> <span class='ocrx_word' id='word_1_251' title='bbox 1147 4524 1200 4580; x_wconf 88' lang='grc' dir='ltr'>ἐν</span> <span class='ocrx_word' id='word_1_252' title='bbox 1232 4524 1528 4603; x_wconf 82' lang='grc' dir='ltr'>ξηρολόφῳ</span> 
     </span>
    </p>
   </div>
   <div class='ocr_carea' id='block_1_48' title="bbox 396 4612 1700 4693">
    <p class='ocr_par' dir='ltr' id='par_1_48' title="bbox 396 4612 1700 4693">
     <span class='ocr_line' id='line_1_48' title="bbox 396 4612 1700 4693; baseline 0.001 -20"><span class='ocrx_word' id='word_1_253' title='bbox 396 4618 510 4673; x_wconf 88' lang='grc'>685</span> <span class='ocrx_word' id='word_1_254' title='bbox 548 4614 773 4686; x_wconf 78' lang='grc' dir='ltr'>Στήλην</span> <span class='ocrx_word' id='word_1_255' title='bbox 805 4613 917 4671; x_wconf 83' lang='grc' dir='ltr'>ἅνω</span> <span class='ocrx_word' id='word_1_256' title='bbox 949 4617 1182 4693; x_wconf 79' lang='grc' dir='ltr'>φέροντα</span> <span class='ocrx_word' id='word_1_257' title='bbox 1209 4619 1309 4671; x_wconf 88' lang='grc' dir='ltr'>τοῦ</span> <span class='ocrx_word' id='word_1_258' title='bbox 1343 4612 1700 4691; x_wconf 84' lang='grc' dir='ltr'>δειμαμένου.</span> 
     </span>
    </p>
   </div>
   <div class='ocr_carea' id='block_1_49' title="bbox 546 4701 1694 4780">
    <p class='ocr_par' dir='ltr' id='par_1_49' title="bbox 546 4701 1694 4780">
     <span class='ocr_line' id='line_1_49' title="bbox 546 4701 1694 4780; baseline 0 -19"><span class='ocrx_word' id='word_1_259' title='bbox 546 4706 682 4775; x_wconf 67' lang='lat' dir='ltr'>&quot;Em</span> <span class='ocrx_word' id='word_1_260' title='bbox 721 4701 779 4759; x_wconf 74' lang='grc' dir='ltr'>δὲ</span> <span class='ocrx_word' id='word_1_261' title='bbox 801 4703 939 4778; x_wconf 86' lang='grc' dir='ltr'>πρὸς</span> <span class='ocrx_word' id='word_1_262' title='bbox 970 4703 1222 4780; x_wconf 74' lang='grc' dir='ltr'>τέσσαρσι</span> <span class='ocrx_word' id='word_1_263' title='bbox 1252 4702 1515 4779; x_wconf 80' lang='grc' dir='ltr'>κατάρξας</span> <span class='ocrx_word' id='word_1_264' title='bbox 1546 4702 1694 4779; x_wconf 87' lang='grc' dir='ltr'>δέκα,</span> 
     </span>
    </p>
   </div>
   <div class='ocr_carea' id='block_1_50' title="bbox 544 4788 1598 4871">
    <p class='ocr_par' dir='ltr' id='par_1_50' title="bbox 544 4788 1598 4871">
     <span class='ocr_line' id='line_1_50' title="bbox 544 4788 1598 4871; baseline -0.001 -23"><span class='ocrx_word' id='word_1_265' title='bbox 544 4799 638 4848; x_wconf 86' lang='grc' dir='ltr'>Ὧν</span> <span class='ocrx_word' id='word_1_266' title='bbox 667 4788 895 4864; x_wconf 79' lang='grc' dir='ltr'>εὐσεϐής</span> <span class='ocrx_word' id='word_1_267' title='bbox 924 4813 1033 4864; x_wconf 88' lang='grc' dir='ltr'>τις,</span> <span class='ocrx_word' id='word_1_268' title='bbox 1064 4790 1381 4866; x_wconf 81' lang='grc' dir='ltr'>ὀρθοδοξίας</span> <span class='ocrx_word' id='word_1_269' title='bbox 1414 4790 1598 4871; x_wconf 76' lang='grc' dir='ltr'>φίλος,</span> 
     </span>
    </p>
   </div>
   <div class='ocr_carea' id='block_1_51' title="bbox 545 4880 1784 4961">
    <p class='ocr_par' dir='ltr' id='par_1_51' title="bbox 545 4880 1784 4961">
     <span class='ocr_line' id='line_1_51' title="bbox 545 4880 1784 4961; baseline 0 -22"><span class='ocrx_word' id='word_1_270' title='bbox 545 4881 769 4945; x_wconf 84' lang='grc' dir='ltr'>Ἀλλως</span> <span class='ocrx_word' id='word_1_271' title='bbox 803 4880 860 4938; x_wconf 79' lang='grc' dir='ltr'>δὲ</span> <span class='ocrx_word' id='word_1_272' title='bbox 887 4884 1090 4961; x_wconf 66' lang='grc' dir='ltr'>κοῦφος</span> <span class='ocrx_word' id='word_1_273' title='bbox 1126 4881 1407 4958; x_wconf 80' lang='grc' dir='ltr'>εὐάγωγος</span> <span class='ocrx_word' id='word_1_274' title='bbox 1435 4882 1527 4937; x_wconf 85' lang='grc' dir='ltr'>τὸν</span> <span class='ocrx_word' id='word_1_275' title='bbox 1555 4884 1784 4959; x_wconf 88' lang='grc' dir='ltr'>τρόπον,</span> 
     </span>
    </p>
   </div>
   <div class='ocr_carea' id='block_1_52' title="bbox 544 4970 1613 5049">
    <p class='ocr_par' dir='ltr' id='par_1_52' title="bbox 544 4970 1613 5049">
     <span class='ocr_line' id='line_1_52' title="bbox 544 4970 1613 5049; baseline 0.004 -22"><span class='ocrx_word' id='word_1_276' title='bbox 544 4974 796 5043; x_wconf 75' lang='grc' dir='ltr'>Νοσήσας</span> <span class='ocrx_word' id='word_1_277' title='bbox 829 4970 1043 5044; x_wconf 78' lang='grc' dir='ltr'>ἐξέλιπε</span> <span class='ocrx_word' id='word_1_278' title='bbox 1070 4971 1164 5027; x_wconf 87' lang='grc' dir='ltr'>τὸν</span> <span class='ocrx_word' id='word_1_279' title='bbox 1197 4972 1433 5049; x_wconf 73' lang='grc' dir='ltr'>φθαρτὸν</span> <span class='ocrx_word' id='word_1_280' title='bbox 1472 4972 1613 5047; x_wconf 88' lang='grc' dir='ltr'>βίον.</span> 
     </span>
    </p>
   </div>
   <div class='ocr_carea' id='block_1_53' title="bbox 689 5089 1698 5148">
    <p class='ocr_par' dir='ltr' id='par_1_53' title="bbox 689 5089 1698 5148">
     <span class='ocr_line' id='line_1_53' title="bbox 689 5089 1698 5148; baseline 0.004 -4"><span class='ocrx_word' id='word_1_281' title='bbox 689 5089 1081 5147; x_wconf 80' lang='grc' dir='ltr'>ΘΕΟΔΟΣΙΟΣ</span> <span class='ocrx_word' id='word_1_282' title='bbox 1121 5090 1163 5146; x_wconf 92' lang='grc' dir='ltr'><strong>Ο</strong></span> <span class='ocrx_word' id='word_1_283' title='bbox 1199 5092 1378 5146; x_wconf 82' lang='grc' dir='ltr'>ΝΕΟΣ</span> <span class='ocrx_word' id='word_1_284' title='bbox 1421 5092 1531 5147; x_wconf 89' lang='lat' dir='ltr'>ET.</span> <span class='ocrx_word' id='word_1_285' title='bbox 1566 5092 1698 5148; x_wconf 88' lang='lat' dir='ltr'>MB&#39;.</span> 
     </span>
    </p>
   </div>
   <div class='ocr_carea' id='block_1_54' title="bbox 386 5192 1703 5273">
    <p class='ocr_par' dir='ltr' id='par_1_54' title="bbox 386 5192 1703 5273">
     <span class='ocr_line' id='line_1_54' title="bbox 386 5192 1703 5273; baseline 0.002 -23"><span class='ocrx_word' id='word_1_286' title='bbox 386 5200 504 5256; x_wconf 87' lang='lat'>690</span> <span class='ocrx_word' id='word_1_287' title='bbox 545 5196 644 5251; x_wconf 86' lang='grc' dir='ltr'>Καὶ</span> <span class='ocrx_word' id='word_1_288' title='bbox 678 5201 808 5260; x_wconf 80' lang='grc' dir='ltr'>παῖς</span> <span class='ocrx_word' id='word_1_289' title='bbox 839 5192 1130 5258; x_wconf 86' lang='grc' dir='ltr'>Θεοδόσιος</span> <span class='ocrx_word' id='word_1_290' title='bbox 1158 5198 1317 5273; x_wconf 74' lang='grc' dir='ltr'>ἄρχει</span> <span class='ocrx_word' id='word_1_291' title='bbox 1344 5201 1440 5251; x_wconf 88' lang='grc' dir='ltr'>τοῦ</span> <span class='ocrx_word' id='word_1_292' title='bbox 1470 5198 1703 5272; x_wconf 80' lang='grc' dir='ltr'>κράτους</span> 
     </span>
    </p>
   </div>
   <div class='ocr_carea' id='block_1_55' title="bbox 1915 333 2286 393">
    <p class='ocr_par' dir='ltr' id='par_1_55' title="bbox 1915 333 2286 393">
     <span class='ocr_line' id='line_1_55' title="bbox 1915 333 2286 393; baseline -0.011 -2"><span class='ocrx_word' id='word_1_293' title='bbox 1915 333 2286 393; x_wconf 72' lang='grc' dir='ltr'>ΟΕΒΔΒΕΒ.</span> 
     </span>
    </p>
   </div>
   <div class='ocr_carea' id='block_1_56' title="bbox 2065 458 3438 533">
    <p class='ocr_par' dir='ltr' id='par_1_56' title="bbox 2065 458 3438 533">
     <span class='ocr_line' id='line_1_56' title="bbox 2065 458 3438 533; baseline 0.009 -21"><span class='ocrx_word' id='word_1_294' title='bbox 2065 466 2120 531; x_wconf 72' lang='grc' dir='ltr'><strong>Α</strong></span> <span class='ocrx_word' id='word_1_295' title='bbox 2150 458 2430 515; x_wconf 91' lang='lat' dir='ltr'>idoneum</span> <span class='ocrx_word' id='word_1_296' title='bbox 2457 460 2643 533; x_wconf 70' lang='lat' dir='ltr'>culpae</span> <span class='ocrx_word' id='word_1_297' title='bbox 2672 462 2783 518; x_wconf 92' lang='lat' dir='ltr'>rite</span> <span class='ocrx_word' id='word_1_298' title='bbox 2814 464 3137 520; x_wconf 83' lang='lat' dir='ltr'>remedium</span> <span class='ocrx_word' id='word_1_299' title='bbox 3170 468 3438 524; x_wconf 82' lang='lat' dir='ltr'>contulit.</span> 
     </span>
    </p>
   </div>
   <div class='ocr_carea' id='block_1_57' title="bbox 2051 3207 2096 3275">
    <p class='ocr_par' dir='ltr' id='par_1_57' title="bbox 2051 3207 2096 3275">
     <span class='ocr_line' id='line_1_57' title="bbox 2051 3207 2096 3275; baseline 0 0"><span class='ocrx_word' id='word_1_300' title='bbox 2051 3207 2096 3275; x_wconf 86' lang='lat' dir='ltr'>C</span> 
     </span>
    </p>
   </div>
   <div class='ocr_carea' id='block_1_58' title="bbox 2053 4577 2106 4642">
    <p class='ocr_par' dir='ltr' id='par_1_58' title="bbox 2053 4577 2106 4642">
     <span class='ocr_line' id='line_1_58' title="bbox 2053 4577 2106 4642; baseline 0 0"><span class='ocrx_word' id='word_1_301' title='bbox 2053 4577 2106 4642; x_wconf 92' lang='lat' dir='ltr'><strong>D</strong></span> 
     </span>
    </p>
   </div>
   <div class='ocr_carea' id='block_1_59' title="bbox 540 5280 1937 5364">
    <p class='ocr_par' dir='ltr' id='par_1_59' title="bbox 540 5280 1937 5364">
     <span class='ocr_line' id='line_1_59' title="bbox 540 5280 1937 5364; baseline 0.001 -22"><span class='ocrx_word' id='word_1_302' title='bbox 540 5283 744 5360; x_wconf 73' lang='grc' dir='ltr'>Πραὺς,</span> <span class='ocrx_word' id='word_1_303' title='bbox 776 5286 1083 5359; x_wconf 81' lang='grc' dir='ltr'>προσηνὴς,</span> <span class='ocrx_word' id='word_1_304' title='bbox 1118 5280 1370 5359; x_wconf 73' lang='grc' dir='ltr'>εὐσεϐὴς,</span> <span class='ocrx_word' id='word_1_305' title='bbox 1404 5288 1646 5363; x_wconf 86' lang='grc' dir='ltr'>χρηστὸς</span> <span class='ocrx_word' id='word_1_306' title='bbox 1677 5289 1937 5364; x_wconf 85' lang='grc' dir='ltr'>τρόπους,</span> 
     </span>
    </p>
   </div>
   <div class='ocr_carea' id='block_1_60' title="bbox 537 5372 1630 5451">
    <p class='ocr_par' dir='ltr' id='par_1_60' title="bbox 537 5372 1630 5451">
     <span class='ocr_line' id='line_1_60' title="bbox 537 5372 1630 5451; baseline 0.002 -21"><span class='ocrx_word' id='word_1_307' title='bbox 537 5373 864 5451; x_wconf 84' lang='grc' dir='ltr'>Ἐγκύκλιον</span> <span class='ocrx_word' id='word_1_308' title='bbox 893 5372 1173 5429; x_wconf 87' lang='grc' dir='ltr'>παίδευσιν</span> <span class='ocrx_word' id='word_1_309' title='bbox 1208 5376 1262 5430; x_wconf 81' lang='grc' dir='ltr'>εὗ</span> <span class='ocrx_word' id='word_1_310' title='bbox 1294 5375 1630 5449; x_wconf 79' lang='grc' dir='ltr'>ἠσκημένος,</span> 
     </span>
    </p>
   </div>
   <div class='ocr_carea' id='block_1_61' title="bbox 535 5461 1672 5542">
    <p class='ocr_par' dir='ltr' id='par_1_61' title="bbox 535 5461 1672 5542">
     <span class='ocr_line' id='line_1_61' title="bbox 535 5461 1672 5542; baseline -0.001 -20"><span class='ocrx_word' id='word_1_311' title='bbox 535 5464 895 5538; x_wconf 81' lang='grc' dir='ltr'>Μαθημάτων</span> <span class='ocrx_word' id='word_1_312' title='bbox 930 5461 1072 5541; x_wconf 65' lang='grc' dir='ltr'>ἴδρις</span> <span class='ocrx_word' id='word_1_313' title='bbox 1104 5485 1160 5519; x_wconf 87' lang='grc' dir='ltr'>τε</span> <span class='ocrx_word' id='word_1_314' title='bbox 1190 5472 1292 5535; x_wconf 86' lang='grc' dir='ltr'>τῆς</span> <span class='ocrx_word' id='word_1_315' title='bbox 1324 5465 1672 5542; x_wconf 87' lang='grc' dir='ltr'>τετρακτύος,</span> 
     </span>
    </p>
   </div>
   <div class='ocr_carea' id='block_1_62' title="bbox 534 5553 1806 5634">
    <p class='ocr_par' dir='ltr' id='par_1_62' title="bbox 534 5553 1806 5634">
     <span class='ocr_line' id='line_1_62' title="bbox 534 5553 1806 5634; baseline 0.003 -26"><span class='ocrx_word' id='word_1_316' title='bbox 534 5554 638 5611; x_wconf 79' lang='grc' dir='ltr'>Καὶ</span> <span class='ocrx_word' id='word_1_317' title='bbox 667 5553 981 5622; x_wconf 82' lang='grc' dir='ltr'>πλαστικῆς</span> <span class='ocrx_word' id='word_1_318' title='bbox 1009 5554 1073 5608; x_wconf 84' lang='grc' dir='ltr'>αὗ</span> <span class='ocrx_word' id='word_1_319' title='bbox 1105 5555 1197 5609; x_wconf 84' lang='grc' dir='ltr'>καὶ</span> <span class='ocrx_word' id='word_1_320' title='bbox 1227 5561 1495 5634; x_wconf 78' lang='grc' dir='ltr'>γραφικῆς</span> <span class='ocrx_word' id='word_1_321' title='bbox 1524 5554 1806 5631; x_wconf 88' lang='grc' dir='ltr'>τεχνίτης,</span> 
     </span>
    </p>
   </div>
   <div class='ocr_carea' id='block_1_63' title="bbox 2150 548 3363 623">
    <p class='ocr_par' dir='ltr' id='par_1_63' title="bbox 2150 548 3363 623">
     <span class='ocr_line' id='line_1_63' title="bbox 2150 548 3363 623; baseline 0.007 -22"><span class='ocrx_word' id='word_1_322' title='bbox 2150 548 2265 602; x_wconf 84' lang='lat' dir='ltr'>Rex</span> <span class='ocrx_word' id='word_1_323' title='bbox 2294 548 2389 603; x_wconf 92' lang='lat' dir='ltr'>hic</span> <span class='ocrx_word' id='word_1_324' title='bbox 2421 565 2527 619; x_wconf 89' lang='lat' dir='ltr'>pro</span> <span class='ocrx_word' id='word_1_325' title='bbox 2554 566 2662 605; x_wconf 90' lang='lat' dir='ltr'>sua</span> <span class='ocrx_word' id='word_1_326' title='bbox 2686 550 2900 623; x_wconf 81' lang='lat' dir='ltr'>pietate</span> <span class='ocrx_word' id='word_1_327' title='bbox 2931 556 2988 607; x_wconf 94' lang='lat' dir='ltr'>et</span> <span class='ocrx_word' id='word_1_328' title='bbox 3019 552 3363 610; x_wconf 86' lang='lat' dir='ltr'>orthodoxia</span> 
     </span>
    </p>
   </div>
   <div class='ocr_carea' id='block_1_64' title="bbox 2147 635 3556 716">
    <p class='ocr_par' dir='ltr' id='par_1_64' title="bbox 2147 635 3556 716">
     <span class='ocr_line' id='line_1_64' title="bbox 2147 635 3556 716; baseline 0.008 -27"><span class='ocrx_word' id='word_1_329' title='bbox 2147 635 2468 705; x_wconf 65' lang='lat' dir='ltr'>praesulum</span> <span class='ocrx_word' id='word_1_330' title='bbox 2499 640 2894 695; x_wconf 89' lang='lat' dir='ltr'>venerandum</span> <span class='ocrx_word' id='word_1_331' title='bbox 2926 647 3140 697; x_wconf 80' lang='lat' dir='ltr'>emtum</span> <span class='ocrx_word' id='word_1_332' title='bbox 3169 659 3556 716; x_wconf 80' lang='lat' dir='ltr'>congregans,</span> 
     </span>
    </p>
   </div>
   <div class='ocr_carea' id='block_1_65' title="bbox 2147 727 3524 804">
    <p class='ocr_par' dir='ltr' id='par_1_65' title="bbox 2147 727 3524 804">
     <span class='ocr_line' id='line_1_65' title="bbox 2147 727 3524 804; baseline 0.008 -25"><span class='ocrx_word' id='word_1_333' title='bbox 2147 728 2382 782; x_wconf 81' lang='lat' dir='ltr'>centum</span> <span class='ocrx_word' id='word_1_334' title='bbox 2414 727 2683 783; x_wconf 89' lang='lat' dir='ltr'>videlicet</span> <span class='ocrx_word' id='word_1_335' title='bbox 2712 734 2767 784; x_wconf 89' lang='lat' dir='ltr'>et</span> <span class='ocrx_word' id='word_1_336' title='bbox 2799 729 3231 802; x_wconf 81' lang='lat' dir='ltr'>quinquaginta</span> <span class='ocrx_word' id='word_1_337' title='bbox 3263 733 3524 804; x_wconf 79' lang='lat' dir='ltr'>Patrum,</span> 
     </span>
    </p>
   </div>
   <div class='ocr_carea' id='block_1_66' title="bbox 2147 815 3301 890">
    <p class='ocr_par' dir='ltr' id='par_1_66' title="bbox 2147 815 3301 890">
     <span class='ocr_line' id='line_1_66' title="bbox 2147 815 3301 890; baseline 0.007 -21"><span class='ocrx_word' id='word_1_338' title='bbox 2147 815 2428 870; x_wconf 83' lang='lat' dir='ltr'>adversus</span> <span class='ocrx_word' id='word_1_339' title='bbox 2461 815 2865 873; x_wconf 86' lang='lat' dir='ltr'>Macedonium</span> <span class='ocrx_word' id='word_1_340' title='bbox 2899 820 3000 890; x_wconf 89' lang='lat' dir='ltr'>qui</span> <span class='ocrx_word' id='word_1_341' title='bbox 3034 820 3301 877; x_wconf 91' lang='lat' dir='ltr'>divinum</span> 
     </span>
    </p>
   </div>
   <div class='ocr_carea' id='block_1_67' title="bbox 2146 902 3340 981">
    <p class='ocr_par' dir='ltr' id='par_1_67' title="bbox 2146 902 3340 981">
     <span class='ocr_line' id='line_1_67' title="bbox 2146 902 3340 981; baseline 0.009 -26"><span class='ocrx_word' id='word_1_342' title='bbox 2146 902 2431 973; x_wconf 82' lang='lat' dir='ltr'>Spiritum</span> <span class='ocrx_word' id='word_1_343' title='bbox 2464 905 2659 961; x_wconf 88' lang='lat' dir='ltr'>debito</span> <span class='ocrx_word' id='word_1_344' title='bbox 2691 907 2913 963; x_wconf 86' lang='lat' dir='ltr'>honore</span> <span class='ocrx_word' id='word_1_345' title='bbox 2945 925 3063 964; x_wconf 90' lang='lat' dir='ltr'>non</span> <span class='ocrx_word' id='word_1_346' title='bbox 3094 912 3340 981; x_wconf 91' lang='lat' dir='ltr'>colebat,</span> 
     </span>
    </p>
   </div>
   <div class='ocr_carea' id='block_1_68' title="bbox 2147 993 3527 1071">
    <p class='ocr_par' dir='ltr' id='par_1_68' title="bbox 2147 993 3527 1071">
     <span class='ocr_line' id='line_1_68' title="bbox 2147 993 3527 1071; baseline 0.01 -26"><span class='ocrx_word' id='word_1_347' title='bbox 2147 993 2465 1047; x_wconf 90' lang='lat' dir='ltr'>secundam</span> <span class='ocrx_word' id='word_1_348' title='bbox 2498 996 2904 1050; x_wconf 87' lang='lat' dir='ltr'>celebrandam</span> <span class='ocrx_word' id='word_1_349' title='bbox 2938 998 3163 1053; x_wconf 85' lang='lat' dir='ltr'>curavit</span> <span class='ocrx_word' id='word_1_350' title='bbox 3187 1002 3477 1071; x_wconf 84' lang='lat' dir='ltr'>synodum</span> <span class='ocrx_word' id='word_1_351' title='bbox 3514 1020 3527 1059; x_wconf 91' lang='lat'>:</span> 
     </span>
    </p>
   </div>
   <div class='ocr_carea' id='block_1_69' title="bbox 2146 1081 3393 1156">
    <p class='ocr_par' dir='ltr' id='par_1_69' title="bbox 2146 1081 3393 1156">
     <span class='ocr_line' id='line_1_69' title="bbox 2146 1081 3393 1156; baseline 0.01 -22"><span class='ocrx_word' id='word_1_352' title='bbox 2146 1097 2273 1151; x_wconf 74' lang='lat' dir='ltr'>quae</span> <span class='ocrx_word' id='word_1_353' title='bbox 2302 1081 2454 1138; x_wconf 84' lang='lat' dir='ltr'>Patri</span> <span class='ocrx_word' id='word_1_354' title='bbox 2483 1100 2549 1138; x_wconf 91' lang='lat' dir='ltr'>ac</span> <span class='ocrx_word' id='word_1_355' title='bbox 2581 1083 2764 1139; x_wconf 89' lang='lat' dir='ltr'>Verbo</span> <span class='ocrx_word' id='word_1_356' title='bbox 2793 1085 3073 1156; x_wconf 85' lang='lat' dir='ltr'>Spiritum</span> <span class='ocrx_word' id='word_1_357' title='bbox 3104 1088 3393 1146; x_wconf 83' lang='lat' dir='ltr'>deﬁniens</span> 
     </span>
    </p>
   </div>
   <div class='ocr_carea' id='block_1_70' title="bbox 2146 1169 3465 1251">
    <p class='ocr_par' dir='ltr' id='par_1_70' title="bbox 2146 1169 3465 1251">
     <span class='ocr_line' id='line_1_70' title="bbox 2146 1169 3465 1251; baseline 0.008 -26"><span class='ocrx_word' id='word_1_358' title='bbox 2146 1169 2366 1227; x_wconf 92' lang='lat' dir='ltr'>honore</span> <span class='ocrx_word' id='word_1_359' title='bbox 2398 1190 2616 1244; x_wconf 90' lang='lat' dir='ltr'>parem,</span> <span class='ocrx_word' id='word_1_360' title='bbox 2650 1178 2863 1230; x_wconf 87' lang='lat' dir='ltr'>natura</span> <span class='ocrx_word' id='word_1_361' title='bbox 2891 1177 3095 1231; x_wconf 89' lang='lat' dir='ltr'>eadem</span> <span class='ocrx_word' id='word_1_362' title='bbox 3130 1180 3465 1251; x_wconf 68' lang='lat' dir='ltr'>praeditum,</span> 
     </span>
    </p>
   </div>
   <div class='ocr_carea' id='block_1_71' title="bbox 2146 1259 3195 1334">
    <p class='ocr_par' dir='ltr' id='par_1_71' title="bbox 2146 1259 3195 1334">
     <span class='ocr_line' id='line_1_71' title="bbox 2146 1259 3195 1334; baseline 0.008 -21"><span class='ocrx_word' id='word_1_363' title='bbox 2146 1259 2375 1314; x_wconf 89' lang='lat' dir='ltr'>devovit</span> <span class='ocrx_word' id='word_1_364' title='bbox 2404 1264 2807 1318; x_wconf 88' lang='lat' dir='ltr'>Macedonium</span> <span class='ocrx_word' id='word_1_365' title='bbox 2833 1265 3014 1334; x_wconf 90' lang='lat' dir='ltr'>justis</span> <span class='ocrx_word' id='word_1_366' title='bbox 3050 1266 3195 1321; x_wconf 89' lang='lat' dir='ltr'>diris</span> 
     </span>
    </p>
   </div>
   <div class='ocr_carea' id='block_1_72' title="bbox 2146 1351 3377 1425">
    <p class='ocr_par' dir='ltr' id='par_1_72' title="bbox 2146 1351 3377 1425">
     <span class='ocr_line' id='line_1_72' title="bbox 2146 1351 3377 1425; baseline 0.008 -22"><span class='ocrx_word' id='word_1_367' title='bbox 2146 1352 2326 1419; x_wconf 88' lang='lat' dir='ltr'>atque</span> <span class='ocrx_word' id='word_1_368' title='bbox 2357 1366 2492 1406; x_wconf 92' lang='lat' dir='ltr'>eum</span> <span class='ocrx_word' id='word_1_369' title='bbox 2525 1351 2814 1408; x_wconf 91' lang='lat' dir='ltr'>catholica</span> <span class='ocrx_word' id='word_1_370' title='bbox 2845 1355 3070 1425; x_wconf 89' lang='lat' dir='ltr'>pepulit</span> <span class='ocrx_word' id='word_1_371' title='bbox 3102 1356 3377 1413; x_wconf 83' lang='lat' dir='ltr'>Ecclesia.</span> 
     </span>
    </p>
   </div>
   <div class='ocr_carea' id='block_1_73' title="bbox 2145 1437 3160 1516">
    <p class='ocr_par' dir='ltr' id='par_1_73' title="bbox 2145 1437 3160 1516">
     <span class='ocr_line' id='line_1_73' title="bbox 2145 1437 3160 1516; baseline 0.008 -24"><span class='ocrx_word' id='word_1_372' title='bbox 2145 1437 2407 1510; x_wconf 86' lang='lat' dir='ltr'>Byzantii</span> <span class='ocrx_word' id='word_1_373' title='bbox 2438 1457 2573 1497; x_wconf 90' lang='lat' dir='ltr'>vero</span> <span class='ocrx_word' id='word_1_374' title='bbox 2603 1442 2914 1513; x_wconf 63' lang='lat' dir='ltr'>praesulem</span> <span class='ocrx_word' id='word_1_375' title='bbox 2940 1443 3160 1516; x_wconf 86' lang='lat' dir='ltr'>delegit</span> 
     </span>
    </p>
   </div>
   <div class='ocr_carea' id='block_1_74' title="bbox 2145 1526 3452 1603">
    <p class='ocr_par' dir='ltr' id='par_1_74' title="bbox 2145 1526 3452 1603">
     <span class='ocr_line' id='line_1_74' title="bbox 2145 1526 3452 1603; baseline 0.009 -22"><span class='ocrx_word' id='word_1_376' title='bbox 2145 1526 2482 1584; x_wconf 89' lang='lat' dir='ltr'>Nectarium</span> <span class='ocrx_word' id='word_1_377' title='bbox 2516 1529 2719 1602; x_wconf 86' lang='lat' dir='ltr'>lingua</span> <span class='ocrx_word' id='word_1_378' title='bbox 2751 1535 2808 1587; x_wconf 92' lang='lat' dir='ltr'>et</span> <span class='ocrx_word' id='word_1_379' title='bbox 2839 1532 3105 1588; x_wconf 85' lang='lat' dir='ltr'>moribus</span> <span class='ocrx_word' id='word_1_380' title='bbox 3136 1533 3452 1603; x_wconf 87' lang='lat' dir='ltr'>eluentem,</span> 
     </span>
    </p>
   </div>
   <div class='ocr_carea' id='block_1_75' title="bbox 2145 1614 3660 1690">
    <p class='ocr_par' dir='ltr' id='par_1_75' title="bbox 2145 1614 3660 1690">
     <span class='ocr_line' id='line_1_75' title="bbox 2145 1614 3660 1690; baseline 0.009 -21"><span class='ocrx_word' id='word_1_381' title='bbox 2145 1614 2551 1674; x_wconf 90' lang='lat' dir='ltr'>Christicolam</span> <span class='ocrx_word' id='word_1_382' title='bbox 2584 1620 2846 1690; x_wconf 88' lang='lat' dir='ltr'>quidem,</span> <span class='ocrx_word' id='word_1_383' title='bbox 2881 1622 2982 1677; x_wconf 90' lang='lat' dir='ltr'>sed</span> <span class='ocrx_word' id='word_1_384' title='bbox 3016 1624 3279 1678; x_wconf 91' lang='lat' dir='ltr'>nondum</span> <span class='ocrx_word' id='word_1_385' title='bbox 3310 1624 3610 1683; x_wconf 88' lang='lat' dir='ltr'>initiatum</span> <span class='ocrx_word' id='word_1_386' title='bbox 3646 1643 3660 1683; x_wconf 91' lang='lat'><strong>:</strong></span> 
     </span>
    </p>
   </div>
   <div class='ocr_carea' id='block_1_76' title="bbox 2146 1704 3620 1787">
    <p class='ocr_par' dir='ltr' id='par_1_76' title="bbox 2146 1704 3620 1787">
     <span class='ocr_line' id='line_1_76' title="bbox 2146 1704 3620 1787; baseline 0.009 -29"><span class='ocrx_word' id='word_1_387' title='bbox 2146 1704 2443 1776; x_wconf 87' lang='lat' dir='ltr'>baptizant</span> <span class='ocrx_word' id='word_1_388' title='bbox 2472 1724 2608 1780; x_wconf 89' lang='lat' dir='ltr'>ergo</span> <span class='ocrx_word' id='word_1_389' title='bbox 2640 1710 2816 1765; x_wconf 85' lang='lat' dir='ltr'>simul</span> <span class='ocrx_word' id='word_1_390' title='bbox 2851 1717 3209 1784; x_wconf 87' lang='lat' dir='ltr'>sacrantque</span> <span class='ocrx_word' id='word_1_391' title='bbox 3238 1714 3579 1787; x_wconf 89' lang='lat' dir='ltr'>episcopum</span> <span class='ocrx_word' id='word_1_392' title='bbox 3606 1738 3620 1785; x_wconf 91' lang='lat'><strong>;</strong></span> 
     </span>
    </p>
   </div>
   <div class='ocr_carea' id='block_1_77' title="bbox 2147 1796 3328 1875">
    <p class='ocr_par' dir='ltr' id='par_1_77' title="bbox 2147 1796 3328 1875">
     <span class='ocr_line' id='line_1_77' title="bbox 2147 1796 3328 1875; baseline 0.007 -25"><span class='ocrx_word' id='word_1_393' title='bbox 2147 1796 2427 1865; x_wconf 86' lang='lat' dir='ltr'>quoniam</span> <span class='ocrx_word' id='word_1_394' title='bbox 2458 1797 2776 1871; x_wconf 84' lang='lat' dir='ltr'>Gregorius</span> <span class='ocrx_word' id='word_1_395' title='bbox 2807 1804 2985 1857; x_wconf 89' lang='lat' dir='ltr'>Pater</span> <span class='ocrx_word' id='word_1_396' title='bbox 3015 1802 3328 1875; x_wconf 85' lang='lat' dir='ltr'>theologus</span> 
     </span>
    </p>
   </div>
   <div class='ocr_carea' id='block_1_78' title="bbox 2147 1883 3258 1963">
    <p class='ocr_par' dir='ltr' id='par_1_78' title="bbox 2147 1883 3258 1963">
     <span class='ocr_line' id='line_1_78' title="bbox 2147 1883 3258 1963; baseline 0.008 -24"><span class='ocrx_word' id='word_1_397' title='bbox 2147 1883 2259 1941; x_wconf 82' lang='lat' dir='ltr'>hac</span> <span class='ocrx_word' id='word_1_398' title='bbox 2279 1891 2466 1944; x_wconf 87' lang='lat' dir='ltr'>semet</span> <span class='ocrx_word' id='word_1_399' title='bbox 2486 1892 2625 1945; x_wconf 88' lang='lat' dir='ltr'>sede</span> <span class='ocrx_word' id='word_1_400' title='bbox 2646 1895 2857 1962; x_wconf 86' lang='lat' dir='ltr'>sponte</span> <span class='ocrx_word' id='word_1_401' title='bbox 2887 1892 3258 1963; x_wconf 86' lang='lat' dir='ltr'>deposuerat.</span> 
     </span>
    </p>
   </div>
   <div class='ocr_carea' id='block_1_79' title="bbox 2146 1972 3293 2051">
    <p class='ocr_par' dir='ltr' id='par_1_79' title="bbox 2146 1972 3293 2051">
     <span class='ocr_line' id='line_1_79' title="bbox 2146 1972 3293 2051; baseline 0.01 -23"><span class='ocrx_word' id='word_1_402' title='bbox 2146 1972 2266 2029; x_wconf 83' lang='lat' dir='ltr'>Rex</span> <span class='ocrx_word' id='word_1_403' title='bbox 2286 1976 2381 2032; x_wconf 94' lang='lat' dir='ltr'>hic</span> <span class='ocrx_word' id='word_1_404' title='bbox 2412 1977 2700 2049; x_wconf 90' lang='lat' dir='ltr'>hesperiis</span> <span class='ocrx_word' id='word_1_405' title='bbox 2725 1981 2975 2036; x_wconf 89' lang='lat' dir='ltr'>moritur</span> <span class='ocrx_word' id='word_1_406' title='bbox 3004 1981 3064 2037; x_wconf 93' lang='lat' dir='ltr'>in</span> <span class='ocrx_word' id='word_1_407' title='bbox 3096 1983 3293 2051; x_wconf 89' lang='lat' dir='ltr'>terris,</span> 
     </span>
    </p>
   </div>
   <div class='ocr_carea' id='block_1_80' title="bbox 2145 2065 3290 2143">
    <p class='ocr_par' dir='ltr' id='par_1_80' title="bbox 2145 2065 3290 2143">
     <span class='ocr_line' id='line_1_80' title="bbox 2145 2065 3290 2143; baseline 0.008 -24"><span class='ocrx_word' id='word_1_408' title='bbox 2145 2065 2378 2122; x_wconf 91' lang='lat' dir='ltr'>duobus</span> <span class='ocrx_word' id='word_1_409' title='bbox 2400 2069 2660 2138; x_wconf 87' lang='lat' dir='ltr'>partiens</span> <span class='ocrx_word' id='word_1_410' title='bbox 2692 2069 2898 2126; x_wconf 89' lang='lat' dir='ltr'>liberis</span> <span class='ocrx_word' id='word_1_411' title='bbox 2928 2070 3246 2143; x_wconf 91' lang='lat' dir='ltr'>imperium</span> <span class='ocrx_word' id='word_1_412' title='bbox 3277 2091 3290 2142; x_wconf 88' lang='lat'><strong>;</strong></span> 
     </span>
    </p>
   </div>
   <div class='ocr_carea' id='block_1_81' title="bbox 2142 2152 3505 2231">
    <p class='ocr_par' dir='ltr' id='par_1_81' title="bbox 2142 2152 3505 2231">
     <span class='ocr_line' id='line_1_81' title="bbox 2142 2152 3505 2231; baseline 0.007 -23"><span class='ocrx_word' id='word_1_413' title='bbox 2142 2152 2395 2211; x_wconf 89' lang='lat' dir='ltr'>Honorio</span> <span class='ocrx_word' id='word_1_414' title='bbox 2428 2158 2667 2228; x_wconf 88' lang='lat' dir='ltr'>quidem</span> <span class='ocrx_word' id='word_1_415' title='bbox 2701 2164 2895 2231; x_wconf 89' lang='lat' dir='ltr'>partes</span> <span class='ocrx_word' id='word_1_416' title='bbox 2920 2162 3198 2217; x_wconf 85' lang='lat' dir='ltr'>occiduas</span> <span class='ocrx_word' id='word_1_417' title='bbox 3221 2163 3505 2222; x_wconf 88' lang='lat' dir='ltr'>tribuens.</span> 
     </span>
    </p>
   </div>
   <div class='ocr_carea' id='block_1_82' title="bbox 2142 2241 3441 2322">
    <p class='ocr_par' dir='ltr' id='par_1_82' title="bbox 2142 2241 3441 2322">
     <span class='ocr_line' id='line_1_82' title="bbox 2142 2241 3441 2322; baseline 0.011 -27"><span class='ocrx_word' id='word_1_418' title='bbox 2142 2241 2365 2298; x_wconf 91' lang='lat' dir='ltr'>Orienti</span> <span class='ocrx_word' id='word_1_419' title='bbox 2387 2247 2701 2303; x_wconf 81' lang='lat' dir='ltr'>Arcadium</span> <span class='ocrx_word' id='word_1_420' title='bbox 2735 2249 3045 2304; x_wconf 93' lang='lat' dir='ltr'>dominum</span> <span class='ocrx_word' id='word_1_421' title='bbox 3076 2252 3441 2322; x_wconf 74' lang='lat' dir='ltr'>praeﬁciens;</span> 
     </span>
    </p>
   </div>
   <div class='ocr_carea' id='block_1_83' title="bbox 2140 2336 3477 2411">
    <p class='ocr_par' dir='ltr' id='par_1_83' title="bbox 2140 2336 3477 2411">
     <span class='ocr_line' id='line_1_83' title="bbox 2140 2336 3477 2411; baseline 0.01 -26"><span class='ocrx_word' id='word_1_422' title='bbox 2140 2336 2455 2405; x_wconf 84' lang='lat' dir='ltr'>postquam</span> <span class='ocrx_word' id='word_1_423' title='bbox 2478 2342 2822 2408; x_wconf 86' lang='lat' dir='ltr'>regnaverat</span> <span class='ocrx_word' id='word_1_424' title='bbox 2852 2339 3025 2394; x_wconf 88' lang='lat' dir='ltr'>annis</span> <span class='ocrx_word' id='word_1_425' title='bbox 3058 2342 3477 2411; x_wconf 88' lang='lat' dir='ltr'>septemdecim</span> 
     </span>
    </p>
   </div>
   <div class='ocr_carea' id='block_1_84' title="bbox 2139 2423 3421 2502">
    <p class='ocr_par' dir='ltr' id='par_1_84' title="bbox 2139 2423 3421 2502">
     <span class='ocr_line' id='line_1_84' title="bbox 2139 2423 3421 2502; baseline 0.009 -27"><span class='ocrx_word' id='word_1_426' title='bbox 2139 2435 2273 2476; x_wconf 92' lang='lat' dir='ltr'>cum</span> <span class='ocrx_word' id='word_1_427' title='bbox 2307 2423 2567 2495; x_wconf 89' lang='lat' dir='ltr'>quinque</span> <span class='ocrx_word' id='word_1_428' title='bbox 2600 2426 2907 2481; x_wconf 90' lang='lat' dir='ltr'>mensibus</span> <span class='ocrx_word' id='word_1_429' title='bbox 2932 2428 3181 2484; x_wconf 85' lang='lat' dir='ltr'>feliciter</span> <span class='ocrx_word' id='word_1_430' title='bbox 3201 2436 3258 2485; x_wconf 90' lang='lat' dir='ltr'>et</span> <span class='ocrx_word' id='word_1_431' title='bbox 3278 2431 3372 2502; x_wconf 89' lang='lat' dir='ltr'>pie</span> <span class='ocrx_word' id='word_1_432' title='bbox 3407 2446 3421 2487; x_wconf 89' lang='lat'><strong>:</strong></span> 
     </span>
    </p>
   </div>
   <div class='ocr_carea' id='block_1_85' title="bbox 2136 2509 3485 2591">
    <p class='ocr_par' dir='ltr' id='par_1_85' title="bbox 2136 2509 3485 2591">
     <span class='ocr_line' id='line_1_85' title="bbox 2136 2509 3485 2591; baseline 0.01 -27"><span class='ocrx_word' id='word_1_433' title='bbox 2136 2509 2226 2564; x_wconf 88' lang='lat' dir='ltr'>vir</span> <span class='ocrx_word' id='word_1_434' title='bbox 2253 2528 2393 2567; x_wconf 89' lang='lat' dir='ltr'>sane</span> <span class='ocrx_word' id='word_1_435' title='bbox 2424 2514 2695 2587; x_wconf 89' lang='lat' dir='ltr'>egregius</span> <span class='ocrx_word' id='word_1_436' title='bbox 2726 2520 2781 2570; x_wconf 92' lang='lat' dir='ltr'>et</span> <span class='ocrx_word' id='word_1_437' title='bbox 2813 2516 3087 2589; x_wconf 89' lang='lat' dir='ltr'>princeps</span> <span class='ocrx_word' id='word_1_438' title='bbox 3117 2519 3485 2591; x_wconf 85' lang='lat' dir='ltr'>victoriosus,</span> 
     </span>
    </p>
   </div>
   <div class='ocr_carea' id='block_1_86' title="bbox 2137 2600 3329 2671">
    <p class='ocr_par' dir='ltr' id='par_1_86' title="bbox 2137 2600 3329 2671">
     <span class='ocr_line' id='line_1_86' title="bbox 2137 2600 3329 2671; baseline 0.008 -17"><span class='ocrx_word' id='word_1_439' title='bbox 2137 2600 2240 2655; x_wconf 89' lang='lat' dir='ltr'>sed</span> <span class='ocrx_word' id='word_1_440' title='bbox 2271 2600 2485 2671; x_wconf 87' lang='lat' dir='ltr'>pietate</span> <span class='ocrx_word' id='word_1_441' title='bbox 2517 2609 2713 2659; x_wconf 88' lang='lat' dir='ltr'>tamen</span> <span class='ocrx_word' id='word_1_442' title='bbox 2748 2606 2936 2661; x_wconf 92' lang='lat' dir='ltr'>multo</span> <span class='ocrx_word' id='word_1_443' title='bbox 2970 2606 3329 2664; x_wconf 89' lang='lat' dir='ltr'>rutilantior.</span> 
     </span>
    </p>
   </div>
   <div class='ocr_carea' id='block_1_87' title="bbox 2139 2689 3345 2765">
    <p class='ocr_par' dir='ltr' id='par_1_87' title="bbox 2139 2689 3345 2765">
     <span class='ocr_line' id='line_1_87' title="bbox 2139 2689 3345 2765; baseline 0.008 -21"><span class='ocrx_word' id='word_1_444' title='bbox 2139 2690 2195 2745; x_wconf 91' lang='lat' dir='ltr'>Is</span> <span class='ocrx_word' id='word_1_445' title='bbox 2223 2692 2281 2745; x_wconf 91' lang='lat' dir='ltr'>et</span> <span class='ocrx_word' id='word_1_446' title='bbox 2310 2689 2650 2748; x_wconf 90' lang='lat' dir='ltr'>columnam</span> <span class='ocrx_word' id='word_1_447' title='bbox 2680 2693 2881 2764; x_wconf 91' lang='lat' dir='ltr'>posuit</span> <span class='ocrx_word' id='word_1_448' title='bbox 2904 2694 2965 2750; x_wconf 92' lang='lat' dir='ltr'>in</span> <span class='ocrx_word' id='word_1_449' title='bbox 2996 2695 3166 2751; x_wconf 87' lang='lat' dir='ltr'>Bovis</span> <span class='ocrx_word' id='word_1_450' title='bbox 3198 2696 3345 2765; x_wconf 92' lang='lat' dir='ltr'>loco,</span> 
     </span>
    </p>
   </div>
   <div class='ocr_carea' id='block_1_88' title="bbox 2133 2780 3384 2853">
    <p class='ocr_par' dir='ltr' id='par_1_88' title="bbox 2133 2780 3384 2853">
     <span class='ocr_line' id='line_1_88' title="bbox 2133 2780 3384 2853; baseline 0.006 -18"><span class='ocrx_word' id='word_1_451' title='bbox 2133 2782 2467 2849; x_wconf 83' lang='lat' dir='ltr'>gestantem</span> <span class='ocrx_word' id='word_1_452' title='bbox 2500 2780 2658 2853; x_wconf 89' lang='lat' dir='ltr'>regis</span> <span class='ocrx_word' id='word_1_453' title='bbox 2688 2785 2946 2838; x_wconf 89' lang='lat' dir='ltr'>statuam</span> <span class='ocrx_word' id='word_1_454' title='bbox 2981 2785 3240 2841; x_wconf 89' lang='lat' dir='ltr'>auctoris</span> <span class='ocrx_word' id='word_1_455' title='bbox 3270 2785 3384 2843; x_wconf 89' lang='lat' dir='ltr'>sui.</span> 
     </span>
    </p>
   </div>
   <div class='ocr_carea' id='block_1_89' title="bbox 2610 2897 3315 2957">
    <p class='ocr_par' dir='ltr' id='par_1_89' title="bbox 2610 2897 3315 2957">
     <span class='ocr_line' id='line_1_89' title="bbox 2610 2897 3315 2957; baseline 0.009 -6"><span class='ocrx_word' id='word_1_456' title='bbox 2610 2897 2969 2955; x_wconf 79' lang='lat' dir='ltr'>ARCADIUS</span> <span class='ocrx_word' id='word_1_457' title='bbox 3010 2900 3130 2955; x_wconf 84' lang='lat' dir='ltr'>AN.</span> <span class='ocrx_word' id='word_1_458' title='bbox 3172 2900 3315 2957; x_wconf 87' lang='lat' dir='ltr'><strong>XIV.</strong></span> 
     </span>
    </p>
   </div>
   <div class='ocr_carea' id='block_1_90' title="bbox 2133 3003 3320 3077">
    <p class='ocr_par' dir='ltr' id='par_1_90' title="bbox 2133 3003 3320 3077">
     <span class='ocr_line' id='line_1_90' title="bbox 2133 3003 3320 3077; baseline 0.005 -18"><span class='ocrx_word' id='word_1_459' title='bbox 2133 3004 2416 3060; x_wconf 84' lang='lat' dir='ltr'>Arcadius</span> <span class='ocrx_word' id='word_1_460' title='bbox 2440 3003 2620 3076; x_wconf 80' lang='lat' dir='ltr'>igitur</span> <span class='ocrx_word' id='word_1_461' title='bbox 2649 3004 2834 3061; x_wconf 74' lang='lat' dir='ltr'>haares</span> <span class='ocrx_word' id='word_1_462' title='bbox 2863 3006 3099 3077; x_wconf 89' lang='lat' dir='ltr'>imperii</span> <span class='ocrx_word' id='word_1_463' title='bbox 3130 3008 3320 3065; x_wconf 84' lang='lat' dir='ltr'>factus</span> 
     </span>
    </p>
   </div>
   <div class='ocr_carea' id='block_1_91' title="bbox 2132 3093 3371 3167">
    <p class='ocr_par' dir='ltr' id='par_1_91' title="bbox 2132 3093 3371 3167">
     <span class='ocr_line' id='line_1_91' title="bbox 2132 3093 3371 3167; baseline 0.006 -18"><span class='ocrx_word' id='word_1_464' title='bbox 2132 3093 2285 3150; x_wconf 93' lang='lat' dir='ltr'>male</span> <span class='ocrx_word' id='word_1_465' title='bbox 2309 3093 2460 3150; x_wconf 92' lang='lat' dir='ltr'>illud</span> <span class='ocrx_word' id='word_1_466' title='bbox 2493 3095 2668 3167; x_wconf 90' lang='lat' dir='ltr'>coepit</span> <span class='ocrx_word' id='word_1_467' title='bbox 2692 3110 2892 3167; x_wconf 84' lang='lat' dir='ltr'>gerere</span> <span class='ocrx_word' id='word_1_468' title='bbox 2920 3100 2978 3151; x_wconf 89' lang='lat' dir='ltr'>et</span> <span class='ocrx_word' id='word_1_469' title='bbox 3007 3098 3331 3155; x_wconf 89' lang='lat' dir='ltr'>socorditer</span> <span class='ocrx_word' id='word_1_470' title='bbox 3351 3116 3371 3156; x_wconf 89' lang='lat'><strong><em>:</em></strong></span> 
     </span>
    </p>
   </div>
   <div class='ocr_carea' id='block_1_92' title="bbox 2134 3183 3271 3261">
    <p class='ocr_par' dir='ltr' id='par_1_92' title="bbox 2134 3183 3271 3261">
     <span class='ocr_line' id='line_1_92' title="bbox 2134 3183 3271 3261; baseline 0.004 -22"><span class='ocrx_word' id='word_1_471' title='bbox 2134 3183 2312 3240; x_wconf 89' lang='lat' dir='ltr'>hebes</span> <span class='ocrx_word' id='word_1_472' title='bbox 2343 3183 2522 3255; x_wconf 92' lang='lat' dir='ltr'>enim,</span> <span class='ocrx_word' id='word_1_473' title='bbox 2551 3184 2846 3241; x_wconf 89' lang='lat' dir='ltr'>versatilis</span> <span class='ocrx_word' id='word_1_474' title='bbox 2876 3190 2934 3241; x_wconf 90' lang='lat' dir='ltr'>et</span> <span class='ocrx_word' id='word_1_475' title='bbox 2964 3186 3271 3261; x_wconf 89' lang='lat' dir='ltr'>remissus,</span> 
     </span>
    </p>
   </div>
   <div class='ocr_carea' id='block_1_93' title="bbox 2143 3274 3293 3345">
    <p class='ocr_par' dir='ltr' id='par_1_93' title="bbox 2143 3274 3293 3345">
     <span class='ocr_line' id='line_1_93' title="bbox 2143 3274 3293 3345; baseline 0.002 -14"><span class='ocrx_word' id='word_1_476' title='bbox 2143 3278 2203 3331; x_wconf 89' lang='lat' dir='ltr'>et</span> <span class='ocrx_word' id='word_1_477' title='bbox 2233 3279 2445 3331; x_wconf 88' lang='lat' dir='ltr'>cuncta</span> <span class='ocrx_word' id='word_1_478' title='bbox 2476 3275 2673 3331; x_wconf 82' lang='lat' dir='ltr'>uxoris</span> <span class='ocrx_word' id='word_1_479' title='bbox 2701 3275 2904 3331; x_wconf 89' lang='lat' dir='ltr'>sinens</span> <span class='ocrx_word' id='word_1_480' title='bbox 2930 3274 2991 3330; x_wconf 91' lang='lat' dir='ltr'>in</span> <span class='ocrx_word' id='word_1_481' title='bbox 3024 3275 3293 3345; x_wconf 90' lang='lat' dir='ltr'>arbitrio,</span> 
     </span>
    </p>
   </div>
   <div class='ocr_carea' id='block_1_94' title="bbox 2136 3364 3372 3435">
    <p class='ocr_par' dir='ltr' id='par_1_94' title="bbox 2136 3364 3372 3435">
     <span class='ocr_line' id='line_1_94' title="bbox 2136 3364 3372 3435; baseline 0.004 -16"><span class='ocrx_word' id='word_1_482' title='bbox 2136 3364 2448 3420; x_wconf 89' lang='lat' dir='ltr'>turbarum</span> <span class='ocrx_word' id='word_1_483' title='bbox 2481 3364 2769 3421; x_wconf 88' lang='lat' dir='ltr'>ﬂuctibus</span> <span class='ocrx_word' id='word_1_484' title='bbox 2798 3365 2995 3421; x_wconf 91' lang='lat' dir='ltr'>obruit</span> <span class='ocrx_word' id='word_1_485' title='bbox 3027 3366 3372 3435; x_wconf 76' lang='lat' dir='ltr'>Ecclesium,</span> 
     </span>
    </p>
   </div>
   <div class='ocr_carea' id='block_1_95' title="bbox 2139 3454 3244 3527">
    <p class='ocr_par' dir='ltr' id='par_1_95' title="bbox 2139 3454 3244 3527">
     <span class='ocr_line' id='line_1_95' title="bbox 2139 3454 3244 3527; baseline 0.004 -17"><span class='ocrx_word' id='word_1_486' title='bbox 2139 3454 2372 3525; x_wconf 91' lang='lat' dir='ltr'>sibique</span> <span class='ocrx_word' id='word_1_487' title='bbox 2397 3454 2626 3525; x_wconf 87' lang='lat' dir='ltr'>justam</span> <span class='ocrx_word' id='word_1_488' title='bbox 2658 3454 2886 3527; x_wconf 89' lang='lat' dir='ltr'>peperit</span> <span class='ocrx_word' id='word_1_489' title='bbox 2915 3454 3244 3513; x_wconf 88' lang='lat' dir='ltr'>infamiam.</span> 
     </span>
    </p>
   </div>
   <div class='ocr_carea' id='block_1_96' title="bbox 2136 3542 3587 3622">
    <p class='ocr_par' dir='ltr' id='par_1_96' title="bbox 2136 3542 3587 3622">
     <span class='ocr_line' id='line_1_96' title="bbox 2136 3542 3587 3622; baseline 0.006 -23"><span class='ocrx_word' id='word_1_490' title='bbox 2136 3542 2407 3617; x_wconf 87' lang='lat' dir='ltr'>Namque</span> <span class='ocrx_word' id='word_1_491' title='bbox 2436 3544 2537 3600; x_wconf 89' lang='lat' dir='ltr'>ubi</span> <span class='ocrx_word' id='word_1_492' title='bbox 2560 3543 2867 3601; x_wconf 89' lang='lat' dir='ltr'>Nectarius</span> <span class='ocrx_word' id='word_1_493' title='bbox 2895 3544 3144 3618; x_wconf 86' lang='lat' dir='ltr'>explevit</span> <span class='ocrx_word' id='word_1_494' title='bbox 3161 3545 3290 3602; x_wconf 78' lang='lat' dir='ltr'>vius</span> <span class='ocrx_word' id='word_1_495' title='bbox 3320 3563 3587 3622; x_wconf 90' lang='lat' dir='ltr'>cursum,</span> 
     </span>
    </p>
   </div>
   <div class='ocr_carea' id='block_1_97' title="bbox 2139 3634 3147 3706">
    <p class='ocr_par' dir='ltr' id='par_1_97' title="bbox 2139 3634 3147 3706">
     <span class='ocr_line' id='line_1_97' title="bbox 2139 3634 3147 3706; baseline 0.001 -16"><span class='ocrx_word' id='word_1_496' title='bbox 2139 3650 2320 3691; x_wconf 88' lang='lat' dir='ltr'>aurea</span> <span class='ocrx_word' id='word_1_497' title='bbox 2346 3634 2550 3706; x_wconf 82' lang='lat' dir='ltr'>lingua</span> <span class='ocrx_word' id='word_1_498' title='bbox 2581 3635 2860 3706; x_wconf 73' lang='lat' dir='ltr'>praeditus</span> <span class='ocrx_word' id='word_1_499' title='bbox 2887 3636 3147 3692; x_wconf 90' lang='lat' dir='ltr'>Joannes</span> 
     </span>
    </p>
   </div>
   <div class='ocr_carea' id='block_1_98' title="bbox 2138 3723 3399 3799">
    <p class='ocr_par' dir='ltr' id='par_1_98' title="bbox 2138 3723 3399 3799">
     <span class='ocr_line' id='line_1_98' title="bbox 2138 3723 3399 3799; baseline 0.005 -22"><span class='ocrx_word' id='word_1_500' title='bbox 2138 3723 2448 3780; x_wconf 81' lang='lat' dir='ltr'>Antiochia</span> <span class='ocrx_word' id='word_1_501' title='bbox 2476 3724 2788 3780; x_wconf 88' lang='lat' dir='ltr'>deducitur</span> <span class='ocrx_word' id='word_1_502' title='bbox 2817 3725 2888 3781; x_wconf 92' lang='lat' dir='ltr'>ad</span> <span class='ocrx_word' id='word_1_503' title='bbox 2924 3725 3129 3781; x_wconf 90' lang='lat' dir='ltr'>urbem</span> <span class='ocrx_word' id='word_1_504' title='bbox 3154 3726 3399 3799; x_wconf 86' lang='lat' dir='ltr'>regiam,</span> 
     </span>
    </p>
   </div>
   <div class='ocr_carea' id='block_1_99' title="bbox 2140 3812 3380 3885">
    <p class='ocr_par' dir='ltr' id='par_1_99' title="bbox 2140 3812 3380 3885">
     <span class='ocr_line' id='line_1_99' title="bbox 2140 3812 3380 3885; baseline 0.005 -17"><span class='ocrx_word' id='word_1_505' title='bbox 2140 3816 2206 3869; x_wconf 87' lang='lat' dir='ltr'>ut</span> <span class='ocrx_word' id='word_1_506' title='bbox 2235 3813 2415 3885; x_wconf 89' lang='lat' dir='ltr'>hujus</span> <span class='ocrx_word' id='word_1_507' title='bbox 2447 3829 2675 3870; x_wconf 89' lang='lat' dir='ltr'>sacram</span> <span class='ocrx_word' id='word_1_508' title='bbox 2706 3812 2932 3869; x_wconf 87' lang='lat' dir='ltr'>scilicet</span> <span class='ocrx_word' id='word_1_509' title='bbox 2962 3819 3129 3871; x_wconf 89' lang='lat' dir='ltr'>ornet</span> <span class='ocrx_word' id='word_1_510' title='bbox 3157 3817 3380 3875; x_wconf 90' lang='lat' dir='ltr'>sedem.</span> 
     </span>
    </p>
   </div>
   <div class='ocr_carea' id='block_1_100' title="bbox 2138 3902 3369 3977">
    <p class='ocr_par' dir='ltr' id='par_1_100' title="bbox 2138 3902 3369 3977">
     <span class='ocr_line' id='line_1_100' title="bbox 2138 3902 3369 3977; baseline 0.004 -21"><span class='ocrx_word' id='word_1_511' title='bbox 2138 3902 2247 3958; x_wconf 86' lang='lat' dir='ltr'>Sed</span> <span class='ocrx_word' id='word_1_512' title='bbox 2280 3902 2437 3977; x_wconf 82' lang='lat' dir='ltr'>enim</span> <span class='ocrx_word' id='word_1_513' title='bbox 2470 3906 2723 3975; x_wconf 91' lang='lat' dir='ltr'>angusta</span> <span class='ocrx_word' id='word_1_514' title='bbox 2753 3906 2960 3959; x_wconf 90' lang='lat' dir='ltr'>contra</span> <span class='ocrx_word' id='word_1_515' title='bbox 2989 3903 3077 3959; x_wconf 86' lang='lat' dir='ltr'>fas</span> <span class='ocrx_word' id='word_1_516' title='bbox 3106 3904 3369 3962; x_wconf 84' lang='lat' dir='ltr'>Eudoxia</span> 
     </span>
    </p>
   </div>
   <div class='ocr_carea' id='block_1_101' title="bbox 2141 3989 3398 4063">
    <p class='ocr_par' dir='ltr' id='par_1_101' title="bbox 2141 3989 3398 4063">
     <span class='ocr_line' id='line_1_101' title="bbox 2141 3989 3398 4063; baseline 0.002 -16"><span class='ocrx_word' id='word_1_517' title='bbox 2141 3989 2543 4058; x_wconf 73' lang='lat' dir='ltr'>sacros,‘heul</span> <span class='ocrx_word' id='word_1_518' title='bbox 2580 4007 2791 4063; x_wconf 90' lang='lat' dir='ltr'>perosa</span> <span class='ocrx_word' id='word_1_519' title='bbox 2820 3990 3040 4048; x_wconf 91' lang='lat' dir='ltr'>liberos</span> <span class='ocrx_word' id='word_1_520' title='bbox 3074 4008 3398 4063; x_wconf 86' lang='lat' dir='ltr'>sermones,</span> 
     </span>
    </p>
   </div>
   <div class='ocr_carea' id='block_1_102' title="bbox 2140 4079 3505 4154">
    <p class='ocr_par' dir='ltr' id='par_1_102' title="bbox 2140 4079 3505 4154">
     <span class='ocr_line' id='line_1_102' title="bbox 2140 4079 3505 4154; baseline 0.001 -16"><span class='ocrx_word' id='word_1_521' title='bbox 2140 4080 2323 4138; x_wconf 89' lang='lat' dir='ltr'>solem</span> <span class='ocrx_word' id='word_1_522' title='bbox 2354 4079 2711 4151; x_wconf 90' lang='lat' dir='ltr'>animarum,</span> <span class='ocrx_word' id='word_1_523' title='bbox 2745 4080 2903 4136; x_wconf 90' lang='lat' dir='ltr'>sedis</span> <span class='ocrx_word' id='word_1_524' title='bbox 2939 4081 3206 4152; x_wconf 86' lang='lat' dir='ltr'>apprime</span> <span class='ocrx_word' id='word_1_525' title='bbox 3234 4082 3505 4154; x_wconf 88' lang='lat' dir='ltr'>dignum,</span> 
     </span>
    </p>
   </div>
   <div class='ocr_carea' id='block_1_103' title="bbox 2139 4168 3493 4244">
    <p class='ocr_par' dir='ltr' id='par_1_103' title="bbox 2139 4168 3493 4244">
     <span class='ocr_line' id='line_1_103' title="bbox 2139 4168 3493 4244; baseline 0.001 -17"><span class='ocrx_word' id='word_1_526' title='bbox 2139 4170 2405 4227; x_wconf 78' lang='lat' dir='ltr'>exsulem</span> <span class='ocrx_word' id='word_1_527' title='bbox 2437 4168 2606 4242; x_wconf 89' lang='lat' dir='ltr'>pellit</span> <span class='ocrx_word' id='word_1_528' title='bbox 2636 4184 2825 4240; x_wconf 92' lang='lat' dir='ltr'>usque</span> <span class='ocrx_word' id='word_1_529' title='bbox 2864 4170 2935 4224; x_wconf 90' lang='lat' dir='ltr'>ad</span> <span class='ocrx_word' id='word_1_530' title='bbox 2969 4169 3173 4225; x_wconf 89' lang='lat' dir='ltr'>urbem</span> <span class='ocrx_word' id='word_1_531' title='bbox 3195 4171 3454 4228; x_wconf 90' lang='lat' dir='ltr'>Comana</span> <span class='ocrx_word' id='word_1_532' title='bbox 3476 4216 3493 4244; x_wconf 90' lang='lat'>,</span> 
     </span>
    </p>
   </div>
   <div class='ocr_carea' id='block_1_104' title="bbox 2136 4258 3619 4333">
    <p class='ocr_par' dir='ltr' id='par_1_104' title="bbox 2136 4258 3619 4333">
     <span class='ocr_line' id='line_1_104' title="bbox 2136 4258 3619 4333; baseline 0.004 -18"><span class='ocrx_word' id='word_1_533' title='bbox 2136 4259 2372 4333; x_wconf 89' lang='lat' dir='ltr'>ipsique</span> <span class='ocrx_word' id='word_1_534' title='bbox 2401 4258 2705 4315; x_wconf 86' lang='lat' dir='ltr'>Arsacium</span> <span class='ocrx_word' id='word_1_535' title='bbox 2736 4264 2877 4314; x_wconf 85' lang='lat' dir='ltr'>natu</span> <span class='ocrx_word' id='word_1_536' title='bbox 2902 4259 3028 4329; x_wconf 90' lang='lat' dir='ltr'>jam</span> <span class='ocrx_word' id='word_1_537' title='bbox 3058 4260 3342 4330; x_wconf 87' lang='lat' dir='ltr'>grandem</span> <span class='ocrx_word' id='word_1_538' title='bbox 3375 4262 3619 4321; x_wconf 79' lang='lat' dir='ltr'>sufficit.</span> 
     </span>
    </p>
   </div>
   <div class='ocr_carea' id='block_1_105' title="bbox 2139 4347 3495 4419">
    <p class='ocr_par' dir='ltr' id='par_1_105' title="bbox 2139 4347 3495 4419">
     <span class='ocr_line' id='line_1_105' title="bbox 2139 4347 3495 4419; baseline 0.001 -14"><span class='ocrx_word' id='word_1_539' title='bbox 2139 4349 2261 4406; x_wconf 82' lang='lat' dir='ltr'>Rex</span> <span class='ocrx_word' id='word_1_540' title='bbox 2289 4349 2384 4405; x_wconf 93' lang='lat' dir='ltr'>hic</span> <span class='ocrx_word' id='word_1_541' title='bbox 2413 4349 2473 4404; x_wconf 93' lang='lat' dir='ltr'>in</span> <span class='ocrx_word' id='word_1_542' title='bbox 2499 4348 2745 4404; x_wconf 89' lang='lat' dir='ltr'>Thracia</span> <span class='ocrx_word' id='word_1_543' title='bbox 2773 4347 3040 4403; x_wconf 90' lang='lat' dir='ltr'>condidit</span> <span class='ocrx_word' id='word_1_544' title='bbox 3071 4348 3276 4405; x_wconf 88' lang='lat' dir='ltr'>urbem</span> <span class='ocrx_word' id='word_1_545' title='bbox 3308 4350 3495 4419; x_wconf 90' lang='lat' dir='ltr'>illam,</span> 
     </span>
    </p>
   </div>
   <div class='ocr_carea' id='block_1_106' title="bbox 2138 4436 3626 4510">
    <p class='ocr_par' dir='ltr' id='par_1_106' title="bbox 2138 4436 3626 4510">
     <span class='ocr_line' id='line_1_106' title="bbox 2138 4436 3626 4510; baseline 0.003 -16"><span class='ocrx_word' id='word_1_546' title='bbox 2138 4454 2318 4510; x_wconf 90' lang='lat' dir='ltr'>quam</span> <span class='ocrx_word' id='word_1_547' title='bbox 2347 4438 2779 4509; x_wconf 88' lang='lat' dir='ltr'>Arcadiopolim</span> <span class='ocrx_word' id='word_1_548' title='bbox 2807 4436 2983 4509; x_wconf 89' lang='lat' dir='ltr'>vulgo</span> <span class='ocrx_word' id='word_1_549' title='bbox 3012 4442 3280 4495; x_wconf 91' lang='lat' dir='ltr'>vocatam</span> <span class='ocrx_word' id='word_1_550' title='bbox 3309 4440 3626 4500; x_wconf 89' lang='lat' dir='ltr'>cernimus.</span> 
     </span>
    </p>
   </div>
   <div class='ocr_carea' id='block_1_107' title="bbox 2138 4527 3360 4602">
    <p class='ocr_par' dir='ltr' id='par_1_107' title="bbox 2138 4527 3360 4602">
     <span class='ocr_line' id='line_1_107' title="bbox 2138 4527 3360 4602; baseline 0 -16"><span class='ocrx_word' id='word_1_551' title='bbox 2138 4530 2295 4586; x_wconf 92' lang='lat' dir='ltr'>Idem</span> <span class='ocrx_word' id='word_1_552' title='bbox 2317 4528 2653 4586; x_wconf 91' lang='lat' dir='ltr'>columnam</span> <span class='ocrx_word' id='word_1_553' title='bbox 2684 4527 2883 4598; x_wconf 89' lang='lat' dir='ltr'>posuit</span> <span class='ocrx_word' id='word_1_554' title='bbox 2912 4527 2973 4583; x_wconf 92' lang='lat' dir='ltr'>in</span> <span class='ocrx_word' id='word_1_555' title='bbox 3004 4529 3360 4602; x_wconf 91' lang='lat' dir='ltr'>Xerolopho,</span> 
     </span>
    </p>
   </div>
   <div class='ocr_carea' id='block_1_108' title="bbox 2139 4618 3215 4691">
    <p class='ocr_par' dir='ltr' id='par_1_108' title="bbox 2139 4618 3215 4691">
     <span class='ocr_line' id='line_1_108' title="bbox 2139 4618 3215 4691; baseline -0.001 -15"><span class='ocrx_word' id='word_1_556' title='bbox 2139 4619 2460 4676; x_wconf 89' lang='lat' dir='ltr'>conditoris</span> <span class='ocrx_word' id='word_1_557' title='bbox 2491 4618 2583 4676; x_wconf 93' lang='lat' dir='ltr'>sui</span> <span class='ocrx_word' id='word_1_558' title='bbox 2614 4618 2787 4691; x_wconf 91' lang='lat' dir='ltr'>signo</span> <span class='ocrx_word' id='word_1_559' title='bbox 2819 4618 3215 4691; x_wconf 88' lang='lat' dir='ltr'>superposito.</span> 
     </span>
    </p>
   </div>
   <div class='ocr_carea' id='block_1_109' title="bbox 2136 4709 3583 4782">
    <p class='ocr_par' dir='ltr' id='par_1_109' title="bbox 2136 4709 3583 4782">
     <span class='ocr_line' id='line_1_109' title="bbox 2136 4709 3583 4782; baseline 0.003 -17"><span class='ocrx_word' id='word_1_560' title='bbox 2136 4710 2424 4782; x_wconf 87' lang='lat' dir='ltr'>Regnavit</span> <span class='ocrx_word' id='word_1_561' title='bbox 2454 4713 2651 4765; x_wconf 89' lang='lat' dir='ltr'>autem</span> <span class='ocrx_word' id='word_1_562' title='bbox 2684 4709 2886 4764; x_wconf 91' lang='lat' dir='ltr'>decem</span> <span class='ocrx_word' id='word_1_563' title='bbox 2918 4724 3050 4765; x_wconf 90' lang='lat' dir='ltr'>cum</span> <span class='ocrx_word' id='word_1_564' title='bbox 3083 4713 3343 4781; x_wconf 90' lang='lat' dir='ltr'>quatuor</span> <span class='ocrx_word' id='word_1_565' title='bbox 3371 4712 3583 4782; x_wconf 90' lang='lat' dir='ltr'>annis;</span> 
     </span>
    </p>
   </div>
   <div class='ocr_carea' id='block_1_110' title="bbox 2133 4795 3389 4869">
    <p class='ocr_par' dir='ltr' id='par_1_110' title="bbox 2133 4795 3389 4869">
     <span class='ocr_line' id='line_1_110' title="bbox 2133 4795 3389 4869; baseline 0 -15"><span class='ocrx_word' id='word_1_566' title='bbox 2133 4798 2223 4854; x_wconf 89' lang='lat' dir='ltr'>vir</span> <span class='ocrx_word' id='word_1_567' title='bbox 2250 4814 2391 4855; x_wconf 89' lang='lat' dir='ltr'>sane</span> <span class='ocrx_word' id='word_1_568' title='bbox 2420 4797 2556 4869; x_wconf 90' lang='lat' dir='ltr'>pius</span> <span class='ocrx_word' id='word_1_569' title='bbox 2589 4800 2765 4869; x_wconf 90' lang='lat' dir='ltr'>atque</span> <span class='ocrx_word' id='word_1_570' title='bbox 2787 4795 3147 4852; x_wconf 74' lang='lat' dir='ltr'>orthodoxiaa</span> <span class='ocrx_word' id='word_1_571' title='bbox 3179 4802 3389 4867; x_wconf 87' lang='lat' dir='ltr'>tenax;</span> 
     </span>
    </p>
   </div>
   <div class='ocr_carea' id='block_1_111' title="bbox 2134 4885 3508 4959">
    <p class='ocr_par' dir='ltr' id='par_1_111' title="bbox 2134 4885 3508 4959">
     <span class='ocr_line' id='line_1_111' title="bbox 2134 4885 3508 4959; baseline 0.002 -17"><span class='ocrx_word' id='word_1_572' title='bbox 2134 4886 2277 4943; x_wconf 87' lang='lat' dir='ltr'>levis</span> <span class='ocrx_word' id='word_1_573' title='bbox 2308 4885 2527 4957; x_wconf 90' lang='lat' dir='ltr'>alioqui</span> <span class='ocrx_word' id='word_1_574' title='bbox 2559 4885 2802 4959; x_wconf 90' lang='lat' dir='ltr'>ingenii,</span> <span class='ocrx_word' id='word_1_575' title='bbox 2836 4885 3035 4941; x_wconf 90' lang='lat' dir='ltr'>varius</span> <span class='ocrx_word' id='word_1_576' title='bbox 3067 4903 3133 4942; x_wconf 86' lang='lat' dir='ltr'>ac</span> <span class='ocrx_word' id='word_1_577' title='bbox 3164 4888 3467 4946; x_wconf 88' lang='lat' dir='ltr'>mutabilis</span> <span class='ocrx_word' id='word_1_578' title='bbox 3494 4907 3508 4953; x_wconf 84' lang='lat'><strong>;</strong></span> 
     </span>
    </p>
   </div>
   <div class='ocr_carea' id='block_1_112' title="bbox 2134 4975 3499 5049">
    <p class='ocr_par' dir='ltr' id='par_1_112' title="bbox 2134 4975 3499 5049">
     <span class='ocr_line' id='line_1_112' title="bbox 2134 4975 3499 5049; baseline 0.001 -18"><span class='ocrx_word' id='word_1_579' title='bbox 2134 4976 2458 5049; x_wconf 90' lang='lat' dir='ltr'>implicitus</span> <span class='ocrx_word' id='word_1_580' title='bbox 2484 4976 2544 5031; x_wconf 91' lang='lat' dir='ltr'>in</span> <span class='ocrx_word' id='word_1_581' title='bbox 2577 4976 2850 5031; x_wconf 91' lang='lat' dir='ltr'>morbum</span> <span class='ocrx_word' id='word_1_582' title='bbox 2882 4975 3000 5029; x_wconf 88' lang='lat' dir='ltr'>vita</span> <span class='ocrx_word' id='word_1_583' title='bbox 3034 4976 3270 5033; x_wconf 86' lang='lat' dir='ltr'>mortali</span> <span class='ocrx_word' id='word_1_584' title='bbox 3302 4978 3499 5033; x_wconf 88' lang='lat' dir='ltr'>cessit.</span> 
     </span>
    </p>
   </div>
   <div class='ocr_carea' id='block_1_113' title="bbox 2396 5089 3519 5150">
    <p class='ocr_par' dir='ltr' id='par_1_113' title="bbox 2396 5089 3519 5150">
     <span class='ocr_line' id='line_1_113' title="bbox 2396 5089 3519 5150; baseline 0.002 -3"><span class='ocrx_word' id='word_1_585' title='bbox 2396 5090 2847 5148; x_wconf 87' lang='lat' dir='ltr'>THEODOSIUS</span> <span class='ocrx_word' id='word_1_586' title='bbox 2885 5089 3148 5145; x_wconf 83' lang='lat' dir='ltr'>JUNIOR</span> <span class='ocrx_word' id='word_1_587' title='bbox 3186 5091 3307 5150; x_wconf 87' lang='lat' dir='ltr'>AN.</span> <span class='ocrx_word' id='word_1_588' title='bbox 3348 5092 3519 5150; x_wconf 83' lang='lat' dir='ltr'>XLII.</span> 
     </span>
    </p>
   </div>
   <div class='ocr_carea' id='block_1_114' title="bbox 2132 5195 3294 5272">
    <p class='ocr_par' dir='ltr' id='par_1_114' title="bbox 2132 5195 3294 5272">
     <span class='ocr_line' id='line_1_114' title="bbox 2132 5195 3294 5272; baseline -0.002 -16"><span class='ocrx_word' id='word_1_589' title='bbox 2132 5200 2358 5272; x_wconf 83' lang='lat' dir='ltr'>Excipit</span> <span class='ocrx_word' id='word_1_590' title='bbox 2386 5198 2698 5270; x_wconf 89' lang='lat' dir='ltr'>imperium</span> <span class='ocrx_word' id='word_1_591' title='bbox 2732 5196 2887 5251; x_wconf 84' lang='lat' dir='ltr'>ﬁlius</span> <span class='ocrx_word' id='word_1_592' title='bbox 2906 5195 3294 5267; x_wconf 89' lang='lat' dir='ltr'>Theodosius,</span> 
     </span>
    </p>
   </div>
   <div class='ocr_carea' id='block_1_115' title="bbox 2134 5285 3571 5359">
    <p class='ocr_par' dir='ltr' id='par_1_115' title="bbox 2134 5285 3571 5359">
     <span class='ocr_line' id='line_1_115' title="bbox 2134 5285 3571 5359; baseline 0.001 -14"><span class='ocrx_word' id='word_1_593' title='bbox 2134 5288 2296 5345; x_wconf 89' lang='lat' dir='ltr'>mitis</span> <span class='ocrx_word' id='word_1_594' title='bbox 2328 5287 2602 5353; x_wconf 71' lang='lat' dir='ltr'>affabilis,</span> <span class='ocrx_word' id='word_1_595' title='bbox 2635 5285 2767 5356; x_wconf 89' lang='lat' dir='ltr'>pius</span> <span class='ocrx_word' id='word_1_596' title='bbox 2800 5287 3251 5359; x_wconf 81' lang='lat' dir='ltr'>commodisque</span> <span class='ocrx_word' id='word_1_597' title='bbox 3282 5286 3571 5359; x_wconf 76' lang='lat' dir='ltr'>muribus,</span> 
     </span>
    </p>
   </div>
   <div class='ocr_carea' id='block_1_116' title="bbox 2133 5375 3217 5452">
    <p class='ocr_par' dir='ltr' id='par_1_116' title="bbox 2133 5375 3217 5452">
     <span class='ocr_line' id='line_1_116' title="bbox 2133 5375 3217 5452; baseline -0.004 -17"><span class='ocrx_word' id='word_1_598' title='bbox 2133 5378 2427 5452; x_wconf 79' lang='lat' dir='ltr'>encyclica</span> <span class='ocrx_word' id='word_1_599' title='bbox 2445 5375 2711 5432; x_wconf 83' lang='lat' dir='ltr'>doctrina</span> <span class='ocrx_word' id='word_1_600' title='bbox 2733 5378 2886 5431; x_wconf 90' lang='lat' dir='ltr'>recte</span> <span class='ocrx_word' id='word_1_601' title='bbox 2908 5375 3217 5445; x_wconf 88' lang='lat' dir='ltr'>exercitus,</span> 
     </span>
    </p>
   </div>
   <div class='ocr_carea' id='block_1_117' title="bbox 2134 5464 3294 5538">
    <p class='ocr_par' dir='ltr' id='par_1_117' title="bbox 2134 5464 3294 5538">
     <span class='ocr_line' id='line_1_117' title="bbox 2134 5464 3294 5538; baseline -0.002 -16"><span class='ocrx_word' id='word_1_602' title='bbox 2134 5465 2585 5538; x_wconf 88' lang='lat' dir='ltr'>disciplinarum</span> <span class='ocrx_word' id='word_1_603' title='bbox 2618 5467 2874 5534; x_wconf 90' lang='lat' dir='ltr'>quatuor</span> <span class='ocrx_word' id='word_1_604' title='bbox 2904 5464 3052 5518; x_wconf 90' lang='lat' dir='ltr'>bene</span> <span class='ocrx_word' id='word_1_605' title='bbox 3080 5465 3294 5530; x_wconf 87' lang='lat' dir='ltr'>sciens,</span> 
     </span>
    </p>
   </div>
   <div class='ocr_carea' id='block_1_118' title="bbox 2132 5552 3425 5628">
    <p class='ocr_par' dir='ltr' id='par_1_118' title="bbox 2132 5552 3425 5628">
     <span class='ocr_line' id='line_1_118' title="bbox 2132 5552 3425 5628; baseline -0.001 -18"><span class='ocrx_word' id='word_1_606' title='bbox 2132 5555 2410 5628; x_wconf 87' lang='lat' dir='ltr'>plastices</span> <span class='ocrx_word' id='word_1_607' title='bbox 2443 5553 2684 5623; x_wconf 86' lang='lat' dir='ltr'>insuper</span> <span class='ocrx_word' id='word_1_608' title='bbox 2715 5557 2886 5624; x_wconf 89' lang='lat' dir='ltr'>atque</span> <span class='ocrx_word' id='word_1_609' title='bbox 2912 5552 3155 5624; x_wconf 64' lang='lat' dir='ltr'>pictura:</span> <span class='ocrx_word' id='word_1_610' title='bbox 3185 5569 3425 5627; x_wconf 88' lang='lat' dir='ltr'>gnarus.</span> 
     </span>
    </p>
   </div>
   <div class='ocr_carea' id='block_1_119' title="bbox 414 5678 2475 5759">
    <p class='ocr_par' dir='ltr' id='par_1_119' title="bbox 414 5678 2475 5759">
     <span class='ocr_line' id='line_1_119' title="bbox 414 5678 2475 5759; baseline -0.003 -19"><span class='ocrx_word' id='word_1_611' title='bbox 414 5684 516 5759; x_wconf 83' lang='grc'>(19</span> <span class='ocrx_word' id='word_1_612' title='bbox 537 5682 734 5740; x_wconf 86' lang='lat' dir='ltr'>Locus</span> <span class='ocrx_word' id='word_1_613' title='bbox 764 5680 1052 5738; x_wconf 88' lang='lat' dir='ltr'>nimirum</span> <span class='ocrx_word' id='word_1_614' title='bbox 1084 5680 1246 5739; x_wconf 86' lang='lat' dir='ltr'>urbis</span> <span class='ocrx_word' id='word_1_615' title='bbox 1274 5682 1605 5755; x_wconf 73' lang='lat' dir='ltr'>Byzantines</span> <span class='ocrx_word' id='word_1_616' title='bbox 1633 5682 1827 5742; x_wconf 90' lang='lat' dir='ltr'>dictus</span> <span class='ocrx_word' id='word_1_617' title='bbox 1848 5684 1972 5742; x_wconf 75' lang='lat' dir='ltr'>Bos.</span> <span class='ocrx_word' id='word_1_618' title='bbox 1998 5684 2208 5744; x_wconf 85' lang='lat' dir='ltr'>Zonar.</span> <span class='ocrx_word' id='word_1_619' title='bbox 2240 5678 2391 5750; x_wconf 86' lang='lat' dir='ltr'>XIV,</span> <span class='ocrx_word' id='word_1_620' title='bbox 2423 5680 2475 5734; x_wconf 79' lang='grc'>4.</span> 
     </span>
    </p>
   </div>
   <div class='ocr_carea' id='block_1_120' title="bbox 3739 348 3812 404">
    <p class='ocr_par' dir='ltr' id='par_1_120' title="bbox 3739 348 3812 404">
     <span class='ocr_line' id='line_1_120' title="bbox 3739 348 3812 404; baseline 0.014 -1"><span class='ocrx_word' id='word_1_621' title='bbox 3739 348 3812 404; x_wconf 89' lang='grc'>38</span> 
     </span>
    </p>
   </div>
  </div>
