  <div class='ocr_page' id='page_1' title='image "/cluster/home/n/w/nwhite01/storage/ocr_20150623/143:no.1/coo.31924054870484/028.png"; bbox 0 0 4140 6474; ppageno 0'>
   <div class='ocr_carea' id='block_1_1' title="bbox 329 486 1964 544">
    <p class='ocr_par' dir='ltr' id='par_1_1' title="bbox 329 486 1964 544">
     <span class='ocr_line' id='line_1_1' title="bbox 329 486 1964 544; baseline -0.001 -2"><span class='ocrx_word' id='word_1_1' title='bbox 329 486 395 544; x_wconf 74' lang='grc'><strong>41</strong></span> <span class='ocrx_word' id='word_1_2' title='bbox 1903 486 1964 541; x_wconf 74' lang='grc' dir='ltr'>ΟΛ</span> 
     </span>
    </p>
   </div>
   <div class='ocr_carea' id='block_1_2' title="bbox 623 486 2258 544">
    <p class='ocr_par' dir='ltr' id='par_1_2' title="bbox 1903 486 2258 543">
     <span class='ocr_line' id='line_1_2' title="bbox 1903 486 2258 543; baseline 0 -3"><span class='ocrx_word' id='word_1_3' title='bbox 1903 486 2258 543; x_wconf 71' lang='lat' dir='ltr'>CBSARES.</span> 
     </span>
    </p>
   </div>
   <div class='ocr_carea' id='block_1_3' title="bbox 508 605 1542 687">
    <p class='ocr_par' dir='ltr' id='par_1_3' title="bbox 508 605 1542 687">
     <span class='ocr_line' id='line_1_3' title="bbox 508 605 1542 687; baseline -0.003 -20"><span class='ocrx_word' id='word_1_4' title='bbox 508 610 779 685; x_wconf 71' lang='grc' dir='ltr'>Ἀρπαγὶν</span> <span class='ocrx_word' id='word_1_5' title='bbox 812 610 967 687; x_wconf 81' lang='grc' dir='ltr'>ἄφνω</span> <span class='ocrx_word' id='word_1_6' title='bbox 997 605 1219 664; x_wconf 73' lang='grc' dir='ltr'>παιδίον</span> <span class='ocrx_word' id='word_1_7' title='bbox 1253 610 1391 685; x_wconf 85' lang='grc' dir='ltr'>πρὸς</span> <span class='ocrx_word' id='word_1_8' title='bbox 1411 608 1542 683; x_wconf 85' lang='grc' dir='ltr'>ἀέρα</span> 
     </span>
    </p>
   </div>
   <div class='ocr_carea' id='block_1_4' title="bbox 360 693 1827 772">
    <p class='ocr_par' dir='ltr' id='par_1_4' title="bbox 360 693 1827 772">
     <span class='ocr_line' id='line_1_4' title="bbox 360 693 1827 772; baseline -0.002 -17"><span class='ocrx_word' id='word_1_9' title='bbox 360 703 472 759; x_wconf 86' lang='grc'>755</span> <span class='ocrx_word' id='word_1_10' title='bbox 509 700 737 755; x_wconf 79' lang='grc' dir='ltr'>Πάντων</span> <span class='ocrx_word' id='word_1_11' title='bbox 775 697 1095 772; x_wconf 83' lang='grc' dir='ltr'>βλεπόντων</span> <span class='ocrx_word' id='word_1_12' title='bbox 1120 700 1205 753; x_wconf 80' lang='grc' dir='ltr'>καὶ</span> <span class='ocrx_word' id='word_1_13' title='bbox 1241 697 1364 754; x_wconf 79' lang='grc' dir='ltr'>λὶαν</span> <span class='ocrx_word' id='word_1_14' title='bbox 1400 693 1827 772; x_wconf 79' lang='grc' dir='ltr'>θαμϐουμένων,</span> 
     </span>
    </p>
   </div>
   <div class='ocr_carea' id='block_1_5' title="bbox 512 785 1635 863">
    <p class='ocr_par' dir='ltr' id='par_1_5' title="bbox 512 785 1635 863">
     <span class='ocr_line' id='line_1_5' title="bbox 512 785 1635 863; baseline -0.004 -17"><span class='ocrx_word' id='word_1_15' title='bbox 512 791 649 847; x_wconf 78' lang='grc' dir='ltr'>Μεθ’</span> <span class='ocrx_word' id='word_1_16' title='bbox 671 790 867 857; x_wconf 70' lang='grc' dir='ltr'>ἱκανὴν</span> <span class='ocrx_word' id='word_1_17' title='bbox 901 786 1045 862; x_wconf 82' lang='grc' dir='ltr'>ὣραν</span> <span class='ocrx_word' id='word_1_18' title='bbox 1078 786 1137 844; x_wconf 69' lang='grc' dir='ltr'>δὲ</span> <span class='ocrx_word' id='word_1_19' title='bbox 1164 788 1432 863; x_wconf 75' lang='grc' dir='ltr'>καταχθὲν</span> <span class='ocrx_word' id='word_1_20' title='bbox 1467 785 1635 843; x_wconf 89' lang='grc' dir='ltr'>πάλιν</span> 
     </span>
    </p>
   </div>
   <div class='ocr_carea' id='block_1_6' title="bbox 512 876 1561 956">
    <p class='ocr_par' dir='ltr' id='par_1_6' title="bbox 512 876 1561 956">
     <span class='ocr_line' id='line_1_6' title="bbox 512 876 1561 956; baseline -0.004 -20"><span class='ocrx_word' id='word_1_21' title='bbox 512 881 656 956; x_wconf 81' lang='grc' dir='ltr'>Ἔφη</span> <span class='ocrx_word' id='word_1_22' title='bbox 690 876 973 951; x_wconf 76' lang='grc' dir='ltr'>μυηθῆναί</span> <span class='ocrx_word' id='word_1_23' title='bbox 1002 898 1064 952; x_wconf 93' lang='grc' dir='ltr'>γε</span> <span class='ocrx_word' id='word_1_24' title='bbox 1100 879 1175 951; x_wconf 77' lang='grc' dir='ltr'>μὴ</span> <span class='ocrx_word' id='word_1_25' title='bbox 1204 878 1561 953; x_wconf 84' lang='grc' dir='ltr'>προστιθέναι</span> 
     </span>
    </p>
   </div>
   <div class='ocr_carea' id='block_1_7' title="bbox 512 965 1787 1042">
    <p class='ocr_par' dir='ltr' id='par_1_7' title="bbox 512 965 1787 1042">
     <span class='ocr_line' id='line_1_7' title="bbox 512 965 1787 1042; baseline -0.003 -17"><span class='ocrx_word' id='word_1_26' title='bbox 512 969 588 1026; x_wconf 88' lang='grc' dir='ltr'>Τὸ</span> <span class='ocrx_word' id='word_1_27' title='bbox 616 966 948 1042; x_wconf 86' lang='grc' dir='ltr'>όταυρωθεὶς</span> <span class='ocrx_word' id='word_1_28' title='bbox 978 966 1117 1042; x_wconf 82' lang='grc' dir='ltr'>πρὸς</span> <span class='ocrx_word' id='word_1_29' title='bbox 1150 966 1303 1040; x_wconf 76' lang='grc' dir='ltr'>ῥῆμα</span> <span class='ocrx_word' id='word_1_30' title='bbox 1333 965 1402 1021; x_wconf 88' lang='grc' dir='ltr'>δι’</span> <span class='ocrx_word' id='word_1_31' title='bbox 1429 969 1578 1039; x_wconf 81' lang='grc' dir='ltr'>ἡμᾶς</span> <span class='ocrx_word' id='word_1_32' title='bbox 1609 965 1787 1042; x_wconf 88' lang='grc' dir='ltr'>λέγων</span> 
     </span>
    </p>
   </div>
   <div class='ocr_carea' id='block_1_8' title="bbox 514 1052 1551 1132">
    <p class='ocr_par' dir='ltr' id='par_1_8' title="bbox 514 1052 1551 1132">
     <span class='ocr_line' id='line_1_8' title="bbox 514 1052 1551 1132; baseline -0.006 -18"><span class='ocrx_word' id='word_1_33' title='bbox 514 1056 611 1129; x_wconf 84' lang='grc' dir='ltr'>Τῷ</span> <span class='ocrx_word' id='word_1_34' title='bbox 636 1054 902 1132; x_wconf 86' lang='grc' dir='ltr'>τρισαγίῳ</span> <span class='ocrx_word' id='word_1_35' title='bbox 932 1056 1023 1111; x_wconf 84' lang='grc' dir='ltr'>καὶ</span> <span class='ocrx_word' id='word_1_36' title='bbox 1057 1052 1343 1128; x_wconf 82' lang='grc' dir='ltr'>σεϐασμίῳ</span> <span class='ocrx_word' id='word_1_37' title='bbox 1373 1054 1551 1129; x_wconf 73' lang='grc' dir='ltr'>ὓμνῳο</span> 
     </span>
    </p>
   </div>
   <div class='ocr_carea' id='block_1_9' title="bbox 369 1142 1769 1219">
    <p class='ocr_par' dir='ltr' id='par_1_9' title="bbox 369 1142 1769 1219">
     <span class='ocr_line' id='line_1_9' title="bbox 369 1142 1769 1219; baseline -0.003 -17"><span class='ocrx_word' id='word_1_38' title='bbox 369 1149 479 1205; x_wconf 84' lang='grc'>760</span> <span class='ocrx_word' id='word_1_39' title='bbox 514 1145 722 1202; x_wconf 84' lang='grc' dir='ltr'>Τούτου</span> <span class='ocrx_word' id='word_1_40' title='bbox 757 1145 1123 1217; x_wconf 82' lang='grc' dir='ltr'>μεταστάντος</span> <span class='ocrx_word' id='word_1_41' title='bbox 1157 1142 1214 1199; x_wconf 74' lang='grc' dir='ltr'>δὶ</span> <span class='ocrx_word' id='word_1_42' title='bbox 1244 1145 1382 1219; x_wconf 90' lang='grc' dir='ltr'>πρὸς</span> <span class='ocrx_word' id='word_1_43' title='bbox 1413 1142 1591 1207; x_wconf 77' lang='grc' dir='ltr'>θείους</span> <span class='ocrx_word' id='word_1_44' title='bbox 1620 1143 1769 1211; x_wconf 88' lang='grc' dir='ltr'>νόας,</span> 
     </span>
    </p>
   </div>
   <div class='ocr_carea' id='block_1_10' title="bbox 513 1232 1619 1310">
    <p class='ocr_par' dir='ltr' id='par_1_10' title="bbox 513 1232 1619 1310">
     <span class='ocr_line' id='line_1_10' title="bbox 513 1232 1619 1310; baseline -0.004 -19"><span class='ocrx_word' id='word_1_45' title='bbox 513 1232 816 1309; x_wconf 81' lang='grc' dir='ltr'>Προεδρίαν</span> <span class='ocrx_word' id='word_1_46' title='bbox 850 1232 1050 1310; x_wconf 68' lang='grc' dir='ltr'>εἴληφε</span> <span class='ocrx_word' id='word_1_47' title='bbox 1076 1239 1178 1303; x_wconf 84' lang='grc' dir='ltr'>τῆς</span> <span class='ocrx_word' id='word_1_48' title='bbox 1212 1233 1619 1288; x_wconf 87' lang='grc' dir='ltr'>Κωνσταντίνου</span> 
     </span>
    </p>
   </div>
   <div class='ocr_carea' id='block_1_11' title="bbox 516 1318 1568 1400">
    <p class='ocr_par' dir='ltr' id='par_1_11' title="bbox 516 1318 1568 1400">
     <span class='ocr_line' id='line_1_11' title="bbox 516 1318 1568 1400; baseline -0.003 -21"><span class='ocrx_word' id='word_1_49' title='bbox 516 1318 891 1400; x_wconf 72' lang='grc' dir='ltr'>Πρεσϐύτερός</span> <span class='ocrx_word' id='word_1_50' title='bbox 924 1344 1008 1386; x_wconf 91' lang='grc' dir='ltr'>τις</span> <span class='ocrx_word' id='word_1_51' title='bbox 1041 1319 1352 1385; x_wconf 78' lang='grc' dir='ltr'>Φλαϐιανὸς</span> <span class='ocrx_word' id='word_1_52' title='bbox 1382 1322 1568 1393; x_wconf 80' lang='grc' dir='ltr'>ἀξίως,</span> 
     </span>
    </p>
   </div>
   <div class='ocr_carea' id='block_1_12' title="bbox 515 1409 1737 1487">
    <p class='ocr_par' dir='ltr' id='par_1_12' title="bbox 515 1409 1737 1487">
     <span class='ocr_line' id='line_1_12' title="bbox 515 1409 1737 1487; baseline -0.002 -20"><span class='ocrx_word' id='word_1_53' title='bbox 515 1413 818 1487; x_wconf 80' lang='grc' dir='ltr'>Πρόμαχος</span> <span class='ocrx_word' id='word_1_54' title='bbox 850 1411 1037 1483; x_wconf 80' lang='grc' dir='ltr'>ὀρθῶν</span> <span class='ocrx_word' id='word_1_55' title='bbox 1064 1409 1351 1486; x_wconf 78' lang='grc' dir='ltr'>δογμάτων</span> <span class='ocrx_word' id='word_1_56' title='bbox 1387 1409 1737 1481; x_wconf 84' lang='grc' dir='ltr'>Ἐκκλησίας·</span> 
     </span>
    </p>
   </div>
   <div class='ocr_carea' id='block_1_13' title="bbox 516 1499 1590 1577">
    <p class='ocr_par' dir='ltr' id='par_1_13' title="bbox 516 1499 1590 1577">
     <span class='ocr_line' id='line_1_13' title="bbox 516 1499 1590 1577; baseline -0.005 -18"><span class='ocrx_word' id='word_1_57' title='bbox 516 1503 696 1577; x_wconf 76' lang='grc' dir='ltr'>Οὗπερ</span> <span class='ocrx_word' id='word_1_58' title='bbox 720 1500 978 1566; x_wconf 85' lang='grc' dir='ltr'>θανόντος</span> <span class='ocrx_word' id='word_1_59' title='bbox 1010 1499 1253 1557; x_wconf 89' lang='grc' dir='ltr'>λακτίσει</span> <span class='ocrx_word' id='word_1_60' title='bbox 1286 1500 1590 1575; x_wconf 87' lang='grc' dir='ltr'>Διοσκόρου</span> 
     </span>
    </p>
   </div>
   <div class='ocr_carea' id='block_1_14' title="bbox 371 1586 1604 1666">
    <p class='ocr_par' dir='ltr' id='par_1_14' title="bbox 371 1586 1604 1666">
     <span class='ocr_line' id='line_1_14' title="bbox 371 1586 1604 1666; baseline -0.006 -17"><span class='ocrx_word' id='word_1_61' title='bbox 371 1594 483 1649; x_wconf 81' lang='grc'>765</span> <span class='ocrx_word' id='word_1_62' title='bbox 522 1592 607 1645; x_wconf 88' lang='grc' dir='ltr'>Ἐν</span> <span class='ocrx_word' id='word_1_63' title='bbox 640 1590 909 1666; x_wconf 78' lang='grc' dir='ltr'>λῃστρικῇ</span> <span class='ocrx_word' id='word_1_64' title='bbox 941 1610 1001 1645; x_wconf 90' lang='grc' dir='ltr'>τε</span> <span class='ocrx_word' id='word_1_65' title='bbox 1028 1590 1119 1645; x_wconf 83' lang='grc' dir='ltr'>καὶ</span> <span class='ocrx_word' id='word_1_66' title='bbox 1157 1593 1357 1666; x_wconf 85' lang='grc' dir='ltr'>φονικῇ</span> <span class='ocrx_word' id='word_1_67' title='bbox 1388 1586 1604 1661; x_wconf 83' lang='grc' dir='ltr'>συνόδῳ</span> 
     </span>
    </p>
   </div>
   <div class='ocr_carea' id='block_1_15' title="bbox 520 1676 1495 1751">
    <p class='ocr_par' dir='ltr' id='par_1_15' title="bbox 520 1676 1495 1751">
     <span class='ocr_line' id='line_1_15' title="bbox 520 1676 1495 1751; baseline -0.002 -16"><span class='ocrx_word' id='word_1_68' title='bbox 520 1679 697 1750; x_wconf 84' lang='grc' dir='ltr'>Θύτης</span> <span class='ocrx_word' id='word_1_69' title='bbox 723 1678 1048 1742; x_wconf 86' lang='grc' dir='ltr'>Ἀνατόλιος</span> <span class='ocrx_word' id='word_1_70' title='bbox 1076 1676 1495 1751; x_wconf 74' lang='grc' dir='ltr'>Ἀλεξανδρείας</span> 
     </span>
    </p>
   </div>
   <div class='ocr_carea' id='block_1_16' title="bbox 520 1765 1450 1847">
    <p class='ocr_par' dir='ltr' id='par_1_16' title="bbox 520 1765 1450 1847">
     <span class='ocr_line' id='line_1_16' title="bbox 520 1765 1450 1847; baseline -0.002 -23"><span class='ocrx_word' id='word_1_71' title='bbox 520 1768 732 1847; x_wconf 83' lang='grc' dir='ltr'>Εἷληφε</span> <span class='ocrx_word' id='word_1_72' title='bbox 754 1770 929 1825; x_wconf 88' lang='grc' dir='ltr'>θῶκον</span> <span class='ocrx_word' id='word_1_73' title='bbox 965 1768 1107 1845; x_wconf 78' lang='grc' dir='ltr'>ἱερὸν</span> <span class='ocrx_word' id='word_1_74' title='bbox 1146 1765 1450 1844; x_wconf 85' lang='grc' dir='ltr'>βασιλίδος.</span> 
     </span>
    </p>
   </div>
   <div class='ocr_carea' id='block_1_17' title="bbox 521 1856 1461 1933">
    <p class='ocr_par' dir='ltr' id='par_1_17' title="bbox 521 1856 1461 1933">
     <span class='ocr_line' id='line_1_17' title="bbox 521 1856 1461 1933; baseline -0.001 -22"><span class='ocrx_word' id='word_1_75' title='bbox 521 1858 689 1921; x_wconf 82' lang='grc' dir='ltr'>Οὗτος</span> <span class='ocrx_word' id='word_1_76' title='bbox 720 1857 1011 1920; x_wconf 83' lang='grc' dir='ltr'>Θεοδόσιος</span> <span class='ocrx_word' id='word_1_77' title='bbox 1042 1856 1461 1933; x_wconf 82' lang='grc' dir='ltr'>αύσονοκράτωρ</span> 
     </span>
    </p>
   </div>
   <div class='ocr_carea' id='block_1_18' title="bbox 520 1942 1601 2023">
    <p class='ocr_par' dir='ltr' id='par_1_18' title="bbox 520 1942 1601 2023">
     <span class='ocr_line' id='line_1_18' title="bbox 520 1942 1601 2023; baseline -0.003 -22"><span class='ocrx_word' id='word_1_78' title='bbox 520 1948 616 2001; x_wconf 78' lang='grc' dir='ltr'>Καὶ</span> <span class='ocrx_word' id='word_1_79' title='bbox 651 1953 841 2023; x_wconf 84' lang='grc' dir='ltr'>τεῖχος</span> <span class='ocrx_word' id='word_1_80' title='bbox 875 1948 1127 2023; x_wconf 77' lang='grc' dir='ltr'>ἀνήγειρε</span> <span class='ocrx_word' id='word_1_81' title='bbox 1156 1951 1416 2021; x_wconf 81' lang='grc' dir='ltr'>χερσαῖον</span> <span class='ocrx_word' id='word_1_82' title='bbox 1440 1942 1601 1999; x_wconf 87' lang='grc' dir='ltr'>πόλει</span> 
     </span>
    </p>
   </div>
   <div class='ocr_carea' id='block_1_19' title="bbox 374 2030 1856 2111">
    <p class='ocr_par' dir='ltr' id='par_1_19' title="bbox 374 2030 1856 2111">
     <span class='ocr_line' id='line_1_19' title="bbox 374 2030 1856 2111; baseline -0.003 -20"><span class='ocrx_word' id='word_1_83' title='bbox 374 2039 483 2092; x_wconf 92' lang='grc'>770</span> <span class='ocrx_word' id='word_1_84' title='bbox 520 2038 614 2091; x_wconf 87' lang='grc' dir='ltr'>Ἐκ</span> <span class='ocrx_word' id='word_1_85' title='bbox 640 2037 750 2092; x_wconf 86' lang='grc' dir='ltr'>τῶν</span> <span class='ocrx_word' id='word_1_86' title='bbox 776 2036 1114 2111; x_wconf 88' lang='grc' dir='ltr'>Βλαχερνῶν</span> <span class='ocrx_word' id='word_1_87' title='bbox 1155 2035 1231 2098; x_wconf 80' lang='grc' dir='ltr'>εἷς</span> <span class='ocrx_word' id='word_1_88' title='bbox 1260 2034 1439 2098; x_wconf 86' lang='grc' dir='ltr'>πύλας</span> <span class='ocrx_word' id='word_1_89' title='bbox 1466 2033 1561 2096; x_wconf 78' lang='grc' dir='ltr'>τὰς</span> <span class='ocrx_word' id='word_1_90' title='bbox 1592 2030 1856 2107; x_wconf 88' lang='grc' dir='ltr'>Χρυσέας,</span> 
     </span>
    </p>
   </div>
   <div class='ocr_carea' id='block_1_20' title="bbox 517 2121 1687 2200">
    <p class='ocr_par' dir='ltr' id='par_1_20' title="bbox 517 2121 1687 2200">
     <span class='ocr_line' id='line_1_20' title="bbox 517 2121 1687 2200; baseline -0.005 -19"><span class='ocrx_word' id='word_1_91' title='bbox 517 2124 758 2200; x_wconf 73' lang='grc' dir='ltr'>Τοῧργον</span> <span class='ocrx_word' id='word_1_92' title='bbox 785 2124 1023 2200; x_wconf 84' lang='grc' dir='ltr'>περάνας</span> <span class='ocrx_word' id='word_1_93' title='bbox 1056 2122 1108 2179; x_wconf 76' lang='grc' dir='ltr'>ἐν</span> <span class='ocrx_word' id='word_1_94' title='bbox 1142 2121 1261 2179; x_wconf 83' lang='grc' dir='ltr'>δυσὶ</span> <span class='ocrx_word' id='word_1_95' title='bbox 1298 2123 1434 2196; x_wconf 86' lang='grc' dir='ltr'>μησὶ</span> <span class='ocrx_word' id='word_1_96' title='bbox 1472 2121 1687 2195; x_wconf 89' lang='grc' dir='ltr'>μόνοις,</span> 
     </span>
    </p>
   </div>
   <div class='ocr_carea' id='block_1_21' title="bbox 522 2210 1734 2290">
    <p class='ocr_par' dir='ltr' id='par_1_21' title="bbox 522 2210 1734 2290">
     <span class='ocr_line' id='line_1_21' title="bbox 522 2210 1734 2290; baseline -0.003 -22"><span class='ocrx_word' id='word_1_97' title='bbox 522 2210 745 2288; x_wconf 79' lang='grc' dir='ltr'>Σπουδῇ</span> <span class='ocrx_word' id='word_1_98' title='bbox 769 2215 819 2290; x_wconf 89' lang='grc' dir='ltr'>γ’</span> <span class='ocrx_word' id='word_1_99' title='bbox 850 2213 1099 2289; x_wconf 75' lang='grc' dir='ltr'>ἐπάρχου</span> <span class='ocrx_word' id='word_1_100' title='bbox 1130 2212 1220 2269; x_wconf 83' lang='grc' dir='ltr'>καὶ</span> <span class='ocrx_word' id='word_1_101' title='bbox 1251 2211 1506 2287; x_wconf 81' lang='grc' dir='ltr'>συνεργίᾳ</span> <span class='ocrx_word' id='word_1_102' title='bbox 1534 2210 1734 2283; x_wconf 85' lang='grc' dir='ltr'>Κύρου·</span> 
     </span>
    </p>
   </div>
   <div class='ocr_carea' id='block_1_22' title="bbox 520 2300 1725 2378">
    <p class='ocr_par' dir='ltr' id='par_1_22' title="bbox 520 2300 1725 2378">
     <span class='ocr_line' id='line_1_22' title="bbox 520 2300 1725 2378; baseline -0.006 -18"><span class='ocrx_word' id='word_1_103' title='bbox 520 2303 828 2378; x_wconf 83' lang='grc' dir='ltr'>’Δγαμένου</span> <span class='ocrx_word' id='word_1_104' title='bbox 860 2300 1042 2375; x_wconf 85' lang='grc' dir='ltr'>δήμου</span> <span class='ocrx_word' id='word_1_105' title='bbox 1075 2300 1133 2357; x_wconf 73' lang='grc' dir='ltr'>δὲ</span> <span class='ocrx_word' id='word_1_106' title='bbox 1162 2304 1336 2377; x_wconf 80' lang='grc' dir='ltr'>Κῦρον</span> <span class='ocrx_word' id='word_1_107' title='bbox 1367 2304 1466 2356; x_wconf 78' lang='grc' dir='ltr'>τοῦ</span> <span class='ocrx_word' id='word_1_108' title='bbox 1495 2301 1725 2374; x_wconf 80' lang='grc' dir='ltr'>τάχους,</span> 
     </span>
    </p>
   </div>
   <div class='ocr_carea' id='block_1_23' title="bbox 521 2387 1637 2466">
    <p class='ocr_par' dir='ltr' id='par_1_23' title="bbox 521 2387 1637 2466">
     <span class='ocr_line' id='line_1_23' title="bbox 521 2387 1637 2466; baseline -0.002 -21"><span class='ocrx_word' id='word_1_109' title='bbox 521 2392 618 2446; x_wconf 80' lang='grc' dir='ltr'>Καὶ</span> <span class='ocrx_word' id='word_1_110' title='bbox 654 2392 803 2447; x_wconf 79' lang='grc' dir='ltr'>ταῦτ’</span> <span class='ocrx_word' id='word_1_111' title='bbox 834 2390 1219 2463; x_wconf 80' lang='grc' dir='ltr'>ἀνακράξαντει</span> <span class='ocrx_word' id='word_1_112' title='bbox 1249 2390 1302 2445; x_wconf 81' lang='grc' dir='ltr'>ἐν</span> <span class='ocrx_word' id='word_1_113' title='bbox 1334 2387 1637 2466; x_wconf 65' lang='grc' dir='ltr'>παρρησίᾳ,</span> 
     </span>
    </p>
   </div>
   <div class='ocr_carea' id='block_1_24' title="bbox 370 2475 1779 2555">
    <p class='ocr_par' dir='ltr' id='par_1_24' title="bbox 370 2475 1779 2555">
     <span class='ocr_line' id='line_1_24' title="bbox 370 2475 1779 2555; baseline -0.004 -18"><span class='ocrx_word' id='word_1_114' title='bbox 370 2484 482 2537; x_wconf 88' lang='grc'>775</span> <span class='ocrx_word' id='word_1_115' title='bbox 518 2486 931 2543; x_wconf 73' lang='grc' dir='ltr'>Κωνσταντῖνυς</span> <span class='ocrx_word' id='word_1_116' title='bbox 968 2482 1063 2553; x_wconf 75' lang='grc' dir='ltr'>μὲν</span> <span class='ocrx_word' id='word_1_117' title='bbox 1098 2478 1274 2535; x_wconf 81' lang='grc' dir='ltr'>ἔκτισε</span> <span class='ocrx_word' id='word_1_118' title='bbox 1302 2478 1431 2555; x_wconf 85' lang='grc' dir='ltr'>πρὶν</span> <span class='ocrx_word' id='word_1_119' title='bbox 1461 2479 1562 2548; x_wconf 83' lang='grc' dir='ltr'>τὴν</span> <span class='ocrx_word' id='word_1_120' title='bbox 1594 2475 1779 2550; x_wconf 89' lang='grc' dir='ltr'>πόλιν,</span> 
     </span>
    </p>
   </div>
   <div class='ocr_carea' id='block_1_25' title="bbox 516 2567 1522 2646">
    <p class='ocr_par' dir='ltr' id='par_1_25' title="bbox 516 2567 1522 2646">
     <span class='ocr_line' id='line_1_25' title="bbox 516 2567 1522 2646; baseline -0.004 -19"><span class='ocrx_word' id='word_1_121' title='bbox 516 2572 758 2627; x_wconf 86' lang='grc' dir='ltr'>Ἀνανεοῖ</span> <span class='ocrx_word' id='word_1_122' title='bbox 788 2572 965 2646; x_wconf 78' lang='grc' dir='ltr'>Κῦρος</span> <span class='ocrx_word' id='word_1_123' title='bbox 999 2567 1057 2624; x_wconf 73' lang='grc' dir='ltr'>δὲ</span> <span class='ocrx_word' id='word_1_124' title='bbox 1088 2574 1206 2639; x_wconf 76' lang='grc' dir='ltr'>νῦν,</span> <span class='ocrx_word' id='word_1_125' title='bbox 1236 2570 1522 2645; x_wconf 83' lang='grc' dir='ltr'>προθυμίᾳ</span> 
     </span>
    </p>
   </div>
   <div class='ocr_carea' id='block_1_26' title="bbox 514 2655 1653 2738">
    <p class='ocr_par' dir='ltr' id='par_1_26' title="bbox 514 2655 1653 2738">
     <span class='ocr_line' id='line_1_26' title="bbox 514 2655 1653 2738; baseline -0.004 -22"><span class='ocrx_word' id='word_1_126' title='bbox 514 2658 696 2734; x_wconf 80' lang='grc' dir='ltr'>Ταύτῃ</span> <span class='ocrx_word' id='word_1_127' title='bbox 729 2659 1022 2738; x_wconf 78' lang='grc' dir='ltr'>φθονηθεὶς</span> <span class='ocrx_word' id='word_1_128' title='bbox 1053 2657 1296 2714; x_wconf 81' lang='grc' dir='ltr'>ἐκπεσὼν</span> <span class='ocrx_word' id='word_1_129' title='bbox 1324 2664 1453 2729; x_wconf 81' lang='grc' dir='ltr'>τῆνς</span> <span class='ocrx_word' id='word_1_130' title='bbox 1478 2655 1653 2728; x_wconf 82' lang='grc' dir='ltr'>ἀξίας,</span> 
     </span>
    </p>
   </div>
   <div class='ocr_carea' id='block_1_27' title="bbox 517 2742 1721 2824">
    <p class='ocr_par' dir='ltr' id='par_1_27' title="bbox 517 2742 1721 2824">
     <span class='ocr_line' id='line_1_27' title="bbox 517 2742 1721 2824; baseline -0.005 -20"><span class='ocrx_word' id='word_1_131' title='bbox 517 2747 847 2820; x_wconf 83' lang='grc' dir='ltr'>Ἐκκλησίας</span> <span class='ocrx_word' id='word_1_132' title='bbox 876 2746 1146 2824; x_wconf 88' lang='grc' dir='ltr'>πρόεδρος</span> <span class='ocrx_word' id='word_1_133' title='bbox 1178 2742 1332 2824; x_wconf 81' lang='grc' dir='ltr'>ὤφθη</span> <span class='ocrx_word' id='word_1_134' title='bbox 1370 2745 1721 2822; x_wconf 84' lang='grc' dir='ltr'>Σμυρναίων·</span> 
     </span>
    </p>
   </div>
   <div class='ocr_carea' id='block_1_28' title="bbox 518 2835 1670 2914">
    <p class='ocr_par' dir='ltr' id='par_1_28' title="bbox 518 2835 1670 2914">
     <span class='ocr_line' id='line_1_28' title="bbox 518 2835 1670 2914; baseline -0.003 -21"><span class='ocrx_word' id='word_1_135' title='bbox 518 2839 615 2893; x_wconf 81' lang='grc' dir='ltr'>Καὶ</span> <span class='ocrx_word' id='word_1_136' title='bbox 647 2836 993 2914; x_wconf 81' lang='grc' dir='ltr'>Πουλχερίαν</span> <span class='ocrx_word' id='word_1_137' title='bbox 1026 2838 1190 2900; x_wconf 77' lang='grc' dir='ltr'>οὗτος</span> <span class='ocrx_word' id='word_1_138' title='bbox 1222 2835 1464 2914; x_wconf 77' lang='grc' dir='ltr'>ἀδελφὴν</span> <span class='ocrx_word' id='word_1_139' title='bbox 1504 2835 1670 2911; x_wconf 84' lang='grc' dir='ltr'>φίλην</span> 
     </span>
    </p>
   </div>
   <div class='ocr_carea' id='block_1_29' title="bbox 367 2921 1617 3004">
    <p class='ocr_par' dir='ltr' id='par_1_29' title="bbox 367 2921 1617 3004">
     <span class='ocr_line' id='line_1_29' title="bbox 367 2921 1617 3004; baseline -0.002 -23"><span class='ocrx_word' id='word_1_140' title='bbox 367 2928 481 2983; x_wconf 87' lang='grc'>780</span> <span class='ocrx_word' id='word_1_141' title='bbox 516 2931 639 2982; x_wconf 85' lang='grc' dir='ltr'>Τῶν</span> <span class='ocrx_word' id='word_1_142' title='bbox 674 2925 967 3004; x_wconf 81' lang='grc' dir='ltr'>βασιλείων</span> <span class='ocrx_word' id='word_1_143' title='bbox 994 2921 1242 2982; x_wconf 78' lang='grc' dir='ltr'>ἐκϐαλὼν</span> <span class='ocrx_word' id='word_1_144' title='bbox 1276 2926 1351 2990; x_wconf 83' lang='grc' dir='ltr'>ὡς</span> <span class='ocrx_word' id='word_1_145' title='bbox 1381 2924 1480 2981; x_wconf 78' lang='grc' dir='ltr'>οὐκ</span> <span class='ocrx_word' id='word_1_146' title='bbox 1509 2921 1617 2980; x_wconf 76' lang='grc' dir='ltr'>ἔδει</span> 
     </span>
    </p>
   </div>
   <div class='ocr_carea' id='block_1_30' title="bbox 518 3013 1636 3092">
    <p class='ocr_par' dir='ltr' id='par_1_30' title="bbox 518 3013 1636 3092">
     <span class='ocr_line' id='line_1_30' title="bbox 518 3013 1636 3092; baseline -0.004 -20"><span class='ocrx_word' id='word_1_147' title='bbox 518 3017 649 3078; x_wconf 84' lang='grc' dir='ltr'>Ταῖς</span> <span class='ocrx_word' id='word_1_148' title='bbox 679 3016 983 3089; x_wconf 73' lang='grc' dir='ltr'>ὑποθήκαις</span> <span class='ocrx_word' id='word_1_149' title='bbox 1020 3014 1290 3091; x_wconf 81' lang='grc' dir='ltr'>βασκάνου</span> <span class='ocrx_word' id='word_1_150' title='bbox 1322 3013 1636 3092; x_wconf 87' lang='grc' dir='ltr'>Χρυσαφίου</span> 
     </span>
    </p>
   </div>
   <div class='ocr_carea' id='block_1_31' title="bbox 516 3102 1634 3181">
    <p class='ocr_par' dir='ltr' id='par_1_31' title="bbox 516 3102 1634 3181">
     <span class='ocr_line' id='line_1_31' title="bbox 516 3102 1634 3181; baseline -0.004 -20"><span class='ocrx_word' id='word_1_151' title='bbox 516 3106 607 3161; x_wconf 83' lang='grc' dir='ltr'>Ἐν</span> <span class='ocrx_word' id='word_1_152' title='bbox 643 3102 867 3181; x_wconf 72' lang='grc' dir='ltr'>ἑβδόμῳ</span> <span class='ocrx_word' id='word_1_153' title='bbox 894 3105 1111 3176; x_wconf 85' lang='grc' dir='ltr'>τίθησιν</span> <span class='ocrx_word' id='word_1_154' title='bbox 1147 3102 1634 3181; x_wconf 70' lang='grc' dir='ltr'>ἐγκεκλεισμένην,</span> 
     </span>
    </p>
   </div>
   <div class='ocr_carea' id='block_1_32' title="bbox 516 3192 1775 3268">
    <p class='ocr_par' dir='ltr' id='par_1_32' title="bbox 516 3192 1775 3268">
     <span class='ocr_line' id='line_1_32' title="bbox 516 3192 1775 3268; baseline -0.002 -20"><span class='ocrx_word' id='word_1_155' title='bbox 516 3192 818 3268; x_wconf 82' lang='grc' dir='ltr'>Φροντίδος</span> <span class='ocrx_word' id='word_1_156' title='bbox 845 3195 1012 3265; x_wconf 76' lang='grc' dir='ltr'>αὐτὴν</span> <span class='ocrx_word' id='word_1_157' title='bbox 1045 3193 1390 3255; x_wconf 72' lang='grc' dir='ltr'>καταπαύσας</span> <span class='ocrx_word' id='word_1_158' title='bbox 1411 3192 1775 3268; x_wconf 75' lang='grc' dir='ltr'>πραγμάτωνο</span> 
     </span>
    </p>
   </div>
   <div class='ocr_carea' id='block_1_33' title="bbox 515 3281 1706 3360">
    <p class='ocr_par' dir='ltr' id='par_1_33' title="bbox 515 3281 1706 3360">
     <span class='ocr_line' id='line_1_33' title="bbox 515 3281 1706 3360; baseline -0.003 -21"><span class='ocrx_word' id='word_1_159' title='bbox 515 3282 693 3345; x_wconf 84' lang='grc' dir='ltr'>Μόλις</span> <span class='ocrx_word' id='word_1_160' title='bbox 729 3281 787 3339; x_wconf 75' lang='grc' dir='ltr'>δὲ</span> <span class='ocrx_word' id='word_1_161' title='bbox 815 3283 987 3345; x_wconf 84' lang='grc' dir='ltr'>συνεὶς</span> <span class='ocrx_word' id='word_1_162' title='bbox 1015 3284 1107 3338; x_wconf 86' lang='grc' dir='ltr'>τὸν</span> <span class='ocrx_word' id='word_1_163' title='bbox 1140 3281 1335 3360; x_wconf 84' lang='grc' dir='ltr'>φθόνον</span> <span class='ocrx_word' id='word_1_164' title='bbox 1370 3281 1706 3359; x_wconf 79' lang='grc' dir='ltr'>Χρυσαφίου,</span> 
     </span>
    </p>
   </div>
   <div class='ocr_carea' id='block_1_34' title="bbox 366 3365 1571 3446">
    <p class='ocr_par' dir='ltr' id='par_1_34' title="bbox 366 3365 1571 3446">
     <span class='ocr_line' id='line_1_34' title="bbox 366 3365 1571 3446; baseline -0.002 -18"><span class='ocrx_word' id='word_1_165' title='bbox 366 3374 480 3430; x_wconf 89' lang='grc'>785</span> <span class='ocrx_word' id='word_1_166' title='bbox 516 3373 692 3430; x_wconf 79' lang='grc' dir='ltr'>Αὐτὸν</span> <span class='ocrx_word' id='word_1_167' title='bbox 729 3373 822 3446; x_wconf 79' lang='grc' dir='ltr'>μὶν</span> <span class='ocrx_word' id='word_1_168' title='bbox 856 3372 1128 3446; x_wconf 77' lang='grc' dir='ltr'>ἐξόριστον</span> <span class='ocrx_word' id='word_1_169' title='bbox 1163 3369 1389 3433; x_wconf 80' lang='grc' dir='ltr'>ἐνδίκως</span> <span class='ocrx_word' id='word_1_170' title='bbox 1420 3365 1571 3445; x_wconf 78' lang='grc' dir='ltr'>ἔδρα,</span> 
     </span>
    </p>
   </div>
   <div class='ocr_carea' id='block_1_35' title="bbox 518 3455 1747 3536">
    <p class='ocr_par' dir='ltr' id='par_1_35' title="bbox 518 3455 1747 3536">
     <span class='ocr_line' id='line_1_35' title="bbox 518 3455 1747 3536; baseline -0.004 -17"><span class='ocrx_word' id='word_1_171' title='bbox 518 3464 635 3532; x_wconf 80' lang='grc' dir='ltr'>Τὴν</span> <span class='ocrx_word' id='word_1_172' title='bbox 668 3461 933 3536; x_wconf 88' lang='grc' dir='ltr'>σύγγονον</span> <span class='ocrx_word' id='word_1_173' title='bbox 958 3459 1015 3516; x_wconf 66' lang='grc' dir='ltr'>δὲ</span> <span class='ocrx_word' id='word_1_174' title='bbox 1046 3455 1381 3536; x_wconf 75' lang='grc' dir='ltr'>προσλαϐὼν</span> <span class='ocrx_word' id='word_1_175' title='bbox 1410 3458 1565 3524; x_wconf 76' lang='grc' dir='ltr'>αὖθις</span> <span class='ocrx_word' id='word_1_176' title='bbox 1595 3461 1747 3533; x_wconf 82' lang='grc' dir='ltr'>νέμει</span> 
     </span>
    </p>
   </div>
   <div class='ocr_carea' id='block_1_36' title="bbox 519 3547 1757 3627">
    <p class='ocr_par' dir='ltr' id='par_1_36' title="bbox 519 3547 1757 3627">
     <span class='ocr_line' id='line_1_36' title="bbox 519 3547 1757 3627; baseline 0 -23"><span class='ocrx_word' id='word_1_177' title='bbox 519 3548 799 3627; x_wconf 81' lang='grc' dir='ltr'>Φροντίδα</span> <span class='ocrx_word' id='word_1_178' title='bbox 826 3555 1025 3607; x_wconf 83' lang='grc' dir='ltr'>κοινῶν</span> <span class='ocrx_word' id='word_1_179' title='bbox 1055 3547 1190 3624; x_wconf 78' lang='grc' dir='ltr'>τῇδε</span> <span class='ocrx_word' id='word_1_180' title='bbox 1214 3550 1554 3625; x_wconf 85' lang='grc' dir='ltr'>πραγμάτων</span> <span class='ocrx_word' id='word_1_181' title='bbox 1588 3547 1757 3605; x_wconf 81' lang='grc' dir='ltr'>ὀλων·</span> 
     </span>
    </p>
   </div>
   <div class='ocr_carea' id='block_1_37' title="bbox 513 3638 1504 3714">
    <p class='ocr_par' dir='ltr' id='par_1_37' title="bbox 513 3638 1504 3714">
     <span class='ocr_line' id='line_1_37' title="bbox 513 3638 1504 3714; baseline -0.004 -15"><span class='ocrx_word' id='word_1_182' title='bbox 513 3641 689 3704; x_wconf 81' lang='grc' dir='ltr'>Οὗτος</span> <span class='ocrx_word' id='word_1_183' title='bbox 724 3643 960 3711; x_wconf 80' lang='grc' dir='ltr'>νοσήσας</span> <span class='ocrx_word' id='word_1_184' title='bbox 991 3638 1206 3713; x_wconf 76' lang='grc' dir='ltr'>ἐξέλιπε</span> <span class='ocrx_word' id='word_1_185' title='bbox 1231 3640 1324 3695; x_wconf 86' lang='grc' dir='ltr'>τὸν</span> <span class='ocrx_word' id='word_1_186' title='bbox 1365 3639 1504 3714; x_wconf 84' lang='grc' dir='ltr'>βίον.</span> 
     </span>
    </p>
   </div>
   <div class='ocr_carea' id='block_1_38' title="bbox 513 3728 1774 3805">
    <p class='ocr_par' dir='ltr' id='par_1_38' title="bbox 513 3728 1774 3805">
     <span class='ocr_line' id='line_1_38' title="bbox 513 3728 1774 3805; baseline -0.002 -21"><span class='ocrx_word' id='word_1_187' title='bbox 513 3732 613 3795; x_wconf 72' lang='grc' dir='ltr'>’Ὡς</span> <span class='ocrx_word' id='word_1_188' title='bbox 637 3751 789 3804; x_wconf 85' lang='grc' dir='ltr'>φασι,</span> <span class='ocrx_word' id='word_1_189' title='bbox 824 3728 978 3805; x_wconf 82' lang='grc' dir='ltr'>βιοὺς</span> <span class='ocrx_word' id='word_1_190' title='bbox 1007 3730 1345 3799; x_wconf 79' lang='grc' dir='ltr'>πεντήκοντά</span> <span class='ocrx_word' id='word_1_191' title='bbox 1383 3750 1489 3783; x_wconf 90' lang='grc' dir='ltr'>που</span> <span class='ocrx_word' id='word_1_192' title='bbox 1520 3728 1774 3805; x_wconf 74' lang='grc' dir='ltr'>χρόνους,</span> 
     </span>
    </p>
   </div>
   <div class='ocr_carea' id='block_1_39' title="bbox 363 3814 1927 3895">
    <p class='ocr_par' dir='ltr' id='par_1_39' title="bbox 363 3814 1927 3895">
     <span class='ocr_line' id='line_1_39' title="bbox 363 3814 1927 3895; baseline -0.003 -20"><span class='ocrx_word' id='word_1_193' title='bbox 363 3822 481 3877; x_wconf 85' lang='grc'>790</span> <span class='ocrx_word' id='word_1_194' title='bbox 520 3821 651 3883; x_wconf 88' lang='grc' dir='ltr'>Καθ’</span> <span class='ocrx_word' id='word_1_195' title='bbox 682 3818 777 3882; x_wconf 76' lang='grc' dir='ltr'>οὓς</span> <span class='ocrx_word' id='word_1_196' title='bbox 809 3814 1004 3895; x_wconf 83' lang='grc' dir='ltr'>σχεδὸν</span> <span class='ocrx_word' id='word_1_197' title='bbox 1030 3824 1278 3894; x_wconf 81' lang='grc' dir='ltr'>κατῆρχε</span> <span class='ocrx_word' id='word_1_198' title='bbox 1306 3817 1439 3880; x_wconf 83' lang='grc' dir='ltr'>τοὺς</span> <span class='ocrx_word' id='word_1_199' title='bbox 1470 3818 1709 3893; x_wconf 85' lang='grc' dir='ltr'>χρόνους</span> <span class='ocrx_word' id='word_1_200' title='bbox 1740 3814 1927 3879; x_wconf 77' lang='grc' dir='ltr'>ὅλους.</span> 
     </span>
    </p>
   </div>
   <div class='ocr_carea' id='block_1_40' title="bbox 792 3933 1558 4003">
    <p class='ocr_par' dir='ltr' id='par_1_40' title="bbox 792 3933 1558 4003">
     <span class='ocr_line' id='line_1_40' title="bbox 792 3933 1558 4003; baseline -0.004 -11"><span class='ocrx_word' id='word_1_201' title='bbox 792 3934 1212 3992; x_wconf 85' lang='grc' dir='ltr'>ΜΑΡΚΙΑΝΟΣ</span> <span class='ocrx_word' id='word_1_202' title='bbox 1256 3938 1351 3988; x_wconf 84' lang='grc' dir='ltr'>ΕΤ.</span> <span class='ocrx_word' id='word_1_203' title='bbox 1399 3933 1439 4003; x_wconf 83' lang='grc' dir='ltr'>ζ’</span> <span class='ocrx_word' id='word_1_204' title='bbox 1482 3933 1558 3997; x_wconf 77' lang='grc' dir='ltr'>ς⁴.</span> 
     </span>
    </p>
   </div>
   <div class='ocr_carea' id='block_1_41' title="bbox 521 4026 1783 4107">
    <p class='ocr_par' dir='ltr' id='par_1_41' title="bbox 521 4026 1783 4107">
     <span class='ocr_line' id='line_1_41' title="bbox 521 4026 1783 4107; baseline -0.004 -19"><span class='ocrx_word' id='word_1_205' title='bbox 521 4038 789 4107; x_wconf 79' lang='grc' dir='ltr'>Σκῆπτρα</span> <span class='ocrx_word' id='word_1_206' title='bbox 823 4026 1132 4105; x_wconf 73' lang='grc' dir='ltr'>μεταϐαίνει</span> <span class='ocrx_word' id='word_1_207' title='bbox 1167 4028 1223 4085; x_wconf 83' lang='grc' dir='ltr'>δέ</span> <span class='ocrx_word' id='word_1_208' title='bbox 1255 4031 1393 4103; x_wconf 87' lang='grc' dir='ltr'>πρὸς</span> <span class='ocrx_word' id='word_1_209' title='bbox 1436 4027 1783 4105; x_wconf 84' lang='grc' dir='ltr'>Πουλχερίαν</span> 
     </span>
    </p>
   </div>
   <div class='ocr_carea' id='block_1_42' title="bbox 521 4118 1838 4198">
    <p class='ocr_par' dir='ltr' id='par_1_42' title="bbox 521 4118 1838 4198">
     <span class='ocr_line' id='line_1_42' title="bbox 521 4118 1838 4198; baseline -0.005 -21"><span class='ocrx_word' id='word_1_210' title='bbox 521 4123 764 4198; x_wconf 86' lang='grc' dir='ltr'>Τρόποις</span> <span class='ocrx_word' id='word_1_211' title='bbox 796 4122 1020 4194; x_wconf 76' lang='grc' dir='ltr'>ἀγαθοῖς</span> <span class='ocrx_word' id='word_1_212' title='bbox 1050 4121 1138 4175; x_wconf 80' lang='grc' dir='ltr'>καὶ</span> <span class='ocrx_word' id='word_1_213' title='bbox 1172 4124 1397 4194; x_wconf 85' lang='grc' dir='ltr'>σεμνοῖς</span> <span class='ocrx_word' id='word_1_214' title='bbox 1430 4118 1838 4193; x_wconf 69' lang='grc' dir='ltr'>κοσμουμένην,</span> 
     </span>
    </p>
   </div>
   <div class='ocr_carea' id='block_1_43' title="bbox 516 4204 1640 4285">
    <p class='ocr_par' dir='ltr' id='par_1_43' title="bbox 516 4204 1640 4285">
     <span class='ocr_line' id='line_1_43' title="bbox 516 4204 1640 4285; baseline -0.001 -19"><span class='ocrx_word' id='word_1_215' title='bbox 516 4213 596 4285; x_wconf 76' lang='grc' dir='ltr'>Τῇ</span> <span class='ocrx_word' id='word_1_216' title='bbox 626 4208 675 4266; x_wconf 86' lang='grc' dir='ltr'>δ’</span> <span class='ocrx_word' id='word_1_217' title='bbox 701 4204 950 4281; x_wconf 78' lang='grc' dir='ltr'>εὐσεϐείᾳ</span> <span class='ocrx_word' id='word_1_218' title='bbox 976 4208 1240 4284; x_wconf 85' lang='grc' dir='ltr'>παρθενία</span> <span class='ocrx_word' id='word_1_219' title='bbox 1269 4211 1314 4264; x_wconf 80' lang='grc' dir='ltr'>τ’</span> <span class='ocrx_word' id='word_1_220' title='bbox 1351 4205 1417 4264; x_wconf 73' lang='grc' dir='ltr'>αὖ</span> <span class='ocrx_word' id='word_1_221' title='bbox 1445 4207 1640 4266; x_wconf 88' lang='grc' dir='ltr'>πλέον.</span> 
     </span>
    </p>
   </div>
   <div class='ocr_carea' id='block_1_44' title="bbox 516 4297 1844 4375">
    <p class='ocr_par' dir='ltr' id='par_1_44' title="bbox 516 4297 1844 4375">
     <span class='ocr_line' id='line_1_44' title="bbox 516 4297 1844 4375; baseline -0.005 -17"><span class='ocrx_word' id='word_1_222' title='bbox 516 4302 587 4358; x_wconf 71' lang='grc' dir='ltr'>*Η</span> <span class='ocrx_word' id='word_1_223' title='bbox 621 4300 930 4373; x_wconf 79' lang='grc' dir='ltr'>Μαρκιανὸν</span> <span class='ocrx_word' id='word_1_224' title='bbox 964 4297 1131 4375; x_wconf 79' lang='grc' dir='ltr'>ἄνδρα</span> <span class='ocrx_word' id='word_1_225' title='bbox 1160 4299 1404 4374; x_wconf 87' lang='grc' dir='ltr'>χρηστὸν</span> <span class='ocrx_word' id='word_1_226' title='bbox 1429 4300 1558 4363; x_wconf 81' lang='grc' dir='ltr'>τοὺς</span> <span class='ocrx_word' id='word_1_227' title='bbox 1584 4300 1844 4373; x_wconf 81' lang='grc' dir='ltr'>τρόπους,</span> 
     </span>
    </p>
   </div>
   <div class='ocr_carea' id='block_1_45' title="bbox 367 4383 1786 4465">
    <p class='ocr_par' dir='ltr' id='par_1_45' title="bbox 367 4383 1786 4465">
     <span class='ocr_line' id='line_1_45' title="bbox 367 4383 1786 4465; baseline -0.004 -18"><span class='ocrx_word' id='word_1_228' title='bbox 367 4394 483 4449; x_wconf 83' lang='grc'>795</span> <span class='ocrx_word' id='word_1_229' title='bbox 524 4390 761 4464; x_wconf 85' lang='grc' dir='ltr'>Σεμνὸν,</span> <span class='ocrx_word' id='word_1_230' title='bbox 793 4390 1048 4463; x_wconf 87' lang='grc' dir='ltr'>γεραρὸν,</span> <span class='ocrx_word' id='word_1_231' title='bbox 1078 4388 1333 4465; x_wconf 84' lang='grc' dir='ltr'>σώφρονα</span> <span class='ocrx_word' id='word_1_232' title='bbox 1355 4389 1442 4444; x_wconf 88' lang='grc' dir='ltr'>καὶ</span> <span class='ocrx_word' id='word_1_233' title='bbox 1474 4383 1786 4465; x_wconf 79' lang='grc' dir='ltr'>πρεσϐύτην</span> 
     </span>
    </p>
   </div>
   <div class='ocr_carea' id='block_1_46' title="bbox 519 4480 1689 4553">
    <p class='ocr_par' dir='ltr' id='par_1_46' title="bbox 519 4480 1689 4553">
     <span class='ocr_line' id='line_1_46' title="bbox 519 4480 1689 4553; baseline -0.001 -20"><span class='ocrx_word' id='word_1_234' title='bbox 519 4482 619 4536; x_wconf 87' lang='grc' dir='ltr'>Ἐκ</span> <span class='ocrx_word' id='word_1_235' title='bbox 648 4481 995 4553; x_wconf 88' lang='grc' dir='ltr'>στρατιωτῶν</span> <span class='ocrx_word' id='word_1_236' title='bbox 1032 4482 1423 4553; x_wconf 89' lang='grc' dir='ltr'>προσκαλεῖται</span> <span class='ocrx_word' id='word_1_237' title='bbox 1453 4480 1689 4553; x_wconf 84' lang='grc' dir='ltr'>ταχέως,</span> 
     </span>
    </p>
   </div>
   <div class='ocr_carea' id='block_1_47' title="bbox 518 4563 1830 4643">
    <p class='ocr_par' dir='ltr' id='par_1_47' title="bbox 518 4563 1830 4643">
     <span class='ocr_line' id='line_1_47' title="bbox 518 4563 1830 4643; baseline -0.002 -21"><span class='ocrx_word' id='word_1_238' title='bbox 518 4567 619 4623; x_wconf 81' lang='grc' dir='ltr'>Καὶ</span> <span class='ocrx_word' id='word_1_239' title='bbox 650 4565 792 4638; x_wconf 82' lang='grc' dir='ltr'>τῷδε</span> <span class='ocrx_word' id='word_1_240' title='bbox 825 4563 989 4637; x_wconf 87' lang='grc' dir='ltr'>δηλοῖ</span> <span class='ocrx_word' id='word_1_241' title='bbox 1020 4569 1117 4621; x_wconf 76' lang='grc' dir='ltr'>τοῦ</span> <span class='ocrx_word' id='word_1_242' title='bbox 1146 4568 1463 4643; x_wconf 85' lang='grc' dir='ltr'>κρατάρχου</span> <span class='ocrx_word' id='word_1_243' title='bbox 1508 4567 1601 4621; x_wconf 88' lang='grc' dir='ltr'>τὸν</span> <span class='ocrx_word' id='word_1_244' title='bbox 1638 4565 1830 4641; x_wconf 78' lang='grc' dir='ltr'>μόρον⁸</span> 
     </span>
    </p>
   </div>
   <div class='ocr_carea' id='block_1_48' title="bbox 519 4653 1753 4734">
    <p class='ocr_par' dir='ltr' id='par_1_48' title="bbox 519 4653 1753 4734">
     <span class='ocr_line' id='line_1_48' title="bbox 519 4653 1753 4734; baseline -0.001 -23"><span class='ocrx_word' id='word_1_245' title='bbox 519 4656 622 4711; x_wconf 81' lang='grc' dir='ltr'>Καὶ</span> <span class='ocrx_word' id='word_1_246' title='bbox 654 4674 839 4734; x_wconf 79' lang='grc' dir='ltr'>φησιν·</span> <span class='ocrx_word' id='word_1_247' title='bbox 876 4653 947 4713; x_wconf 79' lang='grc' dir='ltr'>Εἷ⁷</span> <span class='ocrx_word' id='word_1_248' title='bbox 974 4676 1067 4727; x_wconf 90' lang='grc' dir='ltr'>μοι</span> <span class='ocrx_word' id='word_1_249' title='bbox 1098 4655 1280 4712; x_wconf 91' lang='grc' dir='ltr'>πίστιν</span> <span class='ocrx_word' id='word_1_250' title='bbox 1311 4654 1528 4733; x_wconf 85' lang='grc' dir='ltr'>ἀσφαλῆ</span> <span class='ocrx_word' id='word_1_251' title='bbox 1562 4655 1753 4729; x_wconf 82' lang='grc' dir='ltr'>νέμοις</span> 
     </span>
    </p>
   </div>
   <div class='ocr_carea' id='block_1_49' title="bbox 522 4743 1469 4822">
    <p class='ocr_par' dir='ltr' id='par_1_49' title="bbox 522 4743 1469 4822">
     <span class='ocr_line' id='line_1_49' title="bbox 522 4743 1469 4822; baseline -0.002 -22"><span class='ocrx_word' id='word_1_252' title='bbox 522 4747 612 4808; x_wconf 73' lang='grc' dir='ltr'>Ὠς</span> <span class='ocrx_word' id='word_1_253' title='bbox 642 4743 934 4819; x_wconf 86' lang='grc' dir='ltr'>παρθενίας</span> <span class='ocrx_word' id='word_1_254' title='bbox 965 4748 1065 4818; x_wconf 84' lang='grc' dir='ltr'>τῇς</span> <span class='ocrx_word' id='word_1_255' title='bbox 1095 4743 1236 4819; x_wconf 81' lang='grc' dir='ltr'>ἐμῇς</span> <span class='ocrx_word' id='word_1_256' title='bbox 1268 4743 1469 4822; x_wconf 80' lang='grc' dir='ltr'>φύλαξ,</span> 
     </span>
    </p>
   </div>
   <div class='ocr_carea' id='block_1_50' title="bbox 367 4832 1588 4910">
    <p class='ocr_par' dir='ltr' id='par_1_50' title="bbox 367 4832 1588 4910">
     <span class='ocr_line' id='line_1_50' title="bbox 367 4832 1588 4910; baseline -0.007 -16"><span class='ocrx_word' id='word_1_257' title='bbox 367 4838 482 4894; x_wconf 90' lang='grc'>800</span> <span class='ocrx_word' id='word_1_258' title='bbox 519 4838 729 4910; x_wconf 75' lang='grc' dir='ltr'>’Ἢνπερ</span> <span class='ocrx_word' id='word_1_259' title='bbox 760 4834 1071 4909; x_wconf 85' lang='grc' dir='ltr'>καθιέρωσα</span> <span class='ocrx_word' id='word_1_260' title='bbox 1101 4836 1322 4910; x_wconf 85' lang='grc' dir='ltr'>Χριστῷ</span> <span class='ocrx_word' id='word_1_261' title='bbox 1349 4832 1588 4910; x_wconf 84' lang='grc' dir='ltr'>νυμφίῳ,</span> 
     </span>
    </p>
   </div>
   <div class='ocr_carea' id='block_1_51' title="bbox 522 4919 1548 4999">
    <p class='ocr_par' dir='ltr' id='par_1_51' title="bbox 522 4919 1548 4999">
     <span class='ocr_line' id='line_1_51' title="bbox 522 4919 1548 4999; baseline -0.003 -20"><span class='ocrx_word' id='word_1_262' title='bbox 522 4923 714 4998; x_wconf 78' lang='grc' dir='ltr'>Στέψω</span> <span class='ocrx_word' id='word_1_263' title='bbox 746 4922 973 4999; x_wconf 85' lang='grc' dir='ltr'>βασιλέα</span> <span class='ocrx_word' id='word_1_264' title='bbox 1001 4945 1058 4979; x_wconf 85' lang='grc' dir='ltr'>σε</span> <span class='ocrx_word' id='word_1_265' title='bbox 1086 4927 1188 4998; x_wconf 80' lang='grc' dir='ltr'>τῇς</span> <span class='ocrx_word' id='word_1_266' title='bbox 1217 4919 1548 4995; x_wconf 71' lang='grc' dir='ltr'>Ῥωμαῗδος,</span> 
     </span>
    </p>
   </div>
   <div class='ocr_carea' id='block_1_52' title="bbox 521 5008 1731 5089">
    <p class='ocr_par' dir='ltr' id='par_1_52' title="bbox 521 5008 1731 5089">
     <span class='ocr_line' id='line_1_52' title="bbox 521 5008 1731 5089; baseline -0.002 -19"><span class='ocrx_word' id='word_1_267' title='bbox 521 5016 636 5070; x_wconf 73' lang='grc' dir='ltr'>Τοῦ</span> <span class='ocrx_word' id='word_1_268' title='bbox 668 5010 715 5068; x_wconf 85' lang='grc' dir='ltr'>δ’</span> <span class='ocrx_word' id='word_1_269' title='bbox 748 5010 813 5068; x_wconf 74' lang='grc' dir='ltr'>αὗ</span> <span class='ocrx_word' id='word_1_270' title='bbox 846 5013 1273 5077; x_wconf 81' lang='grc' dir='ltr'>κατανεύσαντος</span> <span class='ocrx_word' id='word_1_271' title='bbox 1303 5011 1560 5089; x_wconf 79' lang='grc' dir='ltr'>ἀσφαλῶς</span> <span class='ocrx_word' id='word_1_272' title='bbox 1587 5008 1731 5081; x_wconf 80' lang='grc' dir='ltr'>τόδε,</span> 
     </span>
    </p>
   </div>
   <div class='ocr_carea' id='block_1_53' title="bbox 520 5100 1539 5178">
    <p class='ocr_par' dir='ltr' id='par_1_53' title="bbox 520 5100 1539 5178">
     <span class='ocr_line' id='line_1_53' title="bbox 520 5100 1539 5178; baseline -0.004 -19"><span class='ocrx_word' id='word_1_273' title='bbox 520 5100 929 5160; x_wconf 86' lang='grc' dir='ltr'>Μετακαλεῖται</span> <span class='ocrx_word' id='word_1_274' title='bbox 963 5100 1179 5178; x_wconf 84' lang='grc' dir='ltr'>βασιλὶς</span> <span class='ocrx_word' id='word_1_275' title='bbox 1212 5101 1539 5177; x_wconf 85' lang='grc' dir='ltr'>ἀρχιθύτην,</span> 
     </span>
    </p>
   </div>
   <div class='ocr_carea' id='block_1_54' title="bbox 522 5189 1822 5268">
    <p class='ocr_par' dir='ltr' id='par_1_54' title="bbox 522 5189 1822 5268">
     <span class='ocr_line' id='line_1_54' title="bbox 522 5189 1822 5268; baseline -0.004 -19"><span class='ocrx_word' id='word_1_276' title='bbox 522 5193 666 5253; x_wconf 87' lang='grc' dir='ltr'>Τοὺς</span> <span class='ocrx_word' id='word_1_277' title='bbox 694 5190 745 5246; x_wconf 77' lang='grc' dir='ltr'>ἐν</span> <span class='ocrx_word' id='word_1_278' title='bbox 778 5190 949 5264; x_wconf 87' lang='grc' dir='ltr'>τέλει,</span> <span class='ocrx_word' id='word_1_279' title='bbox 981 5190 1317 5266; x_wconf 88' lang='grc' dir='ltr'>σύγκλητον,</span> <span class='ocrx_word' id='word_1_280' title='bbox 1351 5189 1492 5245; x_wconf 79' lang='grc' dir='ltr'>ἄλλο</span> <span class='ocrx_word' id='word_1_281' title='bbox 1523 5211 1582 5245; x_wconf 89' lang='grc' dir='ltr'>τε</span> <span class='ocrx_word' id='word_1_282' title='bbox 1613 5189 1822 5268; x_wconf 85' lang='grc' dir='ltr'>στίφος,</span> 
     </span>
    </p>
   </div>
   <div class='ocr_carea' id='block_1_55' title="bbox 369 5278 1699 5358">
    <p class='ocr_par' dir='ltr' id='par_1_55' title="bbox 369 5278 1699 5358">
     <span class='ocr_line' id='line_1_55' title="bbox 369 5278 1699 5358; baseline -0.002 -23"><span class='ocrx_word' id='word_1_283' title='bbox 369 5284 487 5340; x_wconf 86' lang='grc'>805</span> <span class='ocrx_word' id='word_1_284' title='bbox 526 5281 627 5335; x_wconf 83' lang='grc' dir='ltr'>Καὶ</span> <span class='ocrx_word' id='word_1_285' title='bbox 658 5282 972 5355; x_wconf 82' lang='grc' dir='ltr'>Μαρκιανὸν</span> <span class='ocrx_word' id='word_1_286' title='bbox 1004 5286 1213 5336; x_wconf 90' lang='grc' dir='ltr'>ταινιοῖ</span> <span class='ocrx_word' id='word_1_287' title='bbox 1242 5278 1475 5355; x_wconf 82' lang='grc' dir='ltr'>κράτους</span> <span class='ocrx_word' id='word_1_288' title='bbox 1498 5278 1699 5358; x_wconf 85' lang='grc' dir='ltr'>στέφει,</span> 
     </span>
    </p>
   </div>
   <div class='ocr_carea' id='block_1_56' title="bbox 525 5366 1669 5445">
    <p class='ocr_par' dir='ltr' id='par_1_56' title="bbox 525 5366 1669 5445">
     <span class='ocr_line' id='line_1_56' title="bbox 525 5366 1669 5445; baseline -0.002 -21"><span class='ocrx_word' id='word_1_289' title='bbox 525 5371 627 5424; x_wconf 83' lang='grc' dir='ltr'>Καὶ</span> <span class='ocrx_word' id='word_1_290' title='bbox 657 5370 911 5445; x_wconf 85' lang='grc' dir='ltr'>κράτομα</span> <span class='ocrx_word' id='word_1_291' title='bbox 943 5368 1180 5425; x_wconf 88' lang='grc' dir='ltr'>δείκνσσι</span> <span class='ocrx_word' id='word_1_292' title='bbox 1211 5373 1313 5439; x_wconf 77' lang='grc' dir='ltr'>τῇς</span> <span class='ocrx_word' id='word_1_293' title='bbox 1342 5366 1669 5442; x_wconf 73' lang='grc' dir='ltr'>Ῥωμαῒδος,</span> 
     </span>
    </p>
   </div>
   <div class='ocr_carea' id='block_1_57' title="bbox 522 5455 1719 5536">
    <p class='ocr_par' dir='ltr' id='par_1_57' title="bbox 522 5455 1719 5536">
     <span class='ocr_line' id='line_1_57' title="bbox 522 5455 1719 5536; baseline -0.004 -20"><span class='ocrx_word' id='word_1_294' title='bbox 522 5460 620 5531; x_wconf 80' lang='grc' dir='ltr'>Τῷ</span> <span class='ocrx_word' id='word_1_295' title='bbox 651 5455 699 5513; x_wconf 88' lang='grc' dir='ltr'>δ’</span> <span class='ocrx_word' id='word_1_296' title='bbox 728 5458 1079 5534; x_wconf 71' lang='grc' dir='ltr'>αἰχμαλώτῳ</span> <span class='ocrx_word' id='word_1_297' title='bbox 1108 5456 1514 5536; x_wconf 72' lang='grc' dir='ltr'>χρηματίσαντι</span> <span class='ocrx_word' id='word_1_298' title='bbox 1547 5456 1719 5513; x_wconf 85' lang='grc' dir='ltr'>πάλαι</span> 
     </span>
    </p>
   </div>
   <div class='ocr_carea' id='block_1_58' title="bbox 524 5545 1750 5626">
    <p class='ocr_par' dir='ltr' id='par_1_58' title="bbox 524 5545 1750 5626">
     <span class='ocr_line' id='line_1_58' title="bbox 524 5545 1750 5626; baseline -0.002 -23"><span class='ocrx_word' id='word_1_299' title='bbox 524 5548 726 5622; x_wconf 85' lang='grc' dir='ltr'>Θέρους</span> <span class='ocrx_word' id='word_1_300' title='bbox 760 5547 1017 5603; x_wconf 78' lang='grc' dir='ltr'>ὁπνοῦντι</span> <span class='ocrx_word' id='word_1_301' title='bbox 1049 5549 1185 5625; x_wconf 90' lang='grc' dir='ltr'>πρὸς</span> <span class='ocrx_word' id='word_1_302' title='bbox 1218 5545 1399 5626; x_wconf 84' lang='grc' dir='ltr'>φλόγα</span> <span class='ocrx_word' id='word_1_303' title='bbox 1426 5548 1525 5617; x_wconf 75' lang='grc' dir='ltr'>τὴν</span> <span class='ocrx_word' id='word_1_304' title='bbox 1558 5545 1750 5617; x_wconf 79' lang='grc' dir='ltr'>ἡλίου,</span> 
     </span>
    </p>
   </div>
   <div class='ocr_carea' id='block_1_59' title="bbox 524 5630 1795 5711">
    <p class='ocr_par' dir='ltr' id='par_1_59' title="bbox 524 5630 1795 5711">
     <span class='ocr_line' id='line_1_59' title="bbox 524 5630 1795 5711; baseline 0.001 -21"><span class='ocrx_word' id='word_1_305' title='bbox 524 5635 636 5691; x_wconf 74' lang='grc' dir='ltr'>Σὺν</span> <span class='ocrx_word' id='word_1_306' title='bbox 667 5635 1057 5711; x_wconf 86' lang='grc' dir='ltr'>αἰχμαλώτοις</span> <span class='ocrx_word' id='word_1_307' title='bbox 1088 5634 1340 5692; x_wconf 86' lang='grc' dir='ltr'>πλείοσιν</span> <span class='ocrx_word' id='word_1_308' title='bbox 1375 5630 1566 5710; x_wconf 76' lang='grc' dir='ltr'>ἕρκους</span> <span class='ocrx_word' id='word_1_309' title='bbox 1611 5635 1795 5710; x_wconf 85' lang='grc' dir='ltr'>μέσον,</span> 
     </span>
    </p>
   </div>
   <div class='ocr_carea' id='block_1_60' title="bbox 364 5722 1495 5803">
    <p class='ocr_par' dir='ltr' id='par_1_60' title="bbox 364 5722 1495 5803">
     <span class='ocr_line' id='line_1_60' title="bbox 364 5722 1495 5803; baseline -0.006 -16"><span class='ocrx_word' id='word_1_310' title='bbox 364 5729 485 5787; x_wconf 79' lang='grc'>810</span> <span class='ocrx_word' id='word_1_311' title='bbox 522 5724 938 5802; x_wconf 74' lang='grc' dir='ltr'>Ἐπιγαταπτάς</span> <span class='ocrx_word' id='word_1_312' title='bbox 972 5726 1125 5790; x_wconf 83' lang='grc' dir='ltr'>ἀετὸς</span> <span class='ocrx_word' id='word_1_313' title='bbox 1158 5727 1311 5781; x_wconf 80' lang='grc' dir='ltr'>σκιὰν</span> <span class='ocrx_word' id='word_1_314' title='bbox 1347 5722 1495 5803; x_wconf 81' lang='grc' dir='ltr'>ἔδρα·</span> 
     </span>
    </p>
   </div>
   <div class='ocr_carea' id='block_1_61' title="bbox 513 5812 1814 5891">
    <p class='ocr_par' dir='ltr' id='par_1_61' title="bbox 513 5812 1814 5891">
     <span class='ocr_line' id='line_1_61' title="bbox 513 5812 1814 5891; baseline -0.004 -17"><span class='ocrx_word' id='word_1_315' title='bbox 513 5818 585 5874; x_wconf 88' lang='grc' dir='ltr'><strong>Ὅ</strong></span> <span class='ocrx_word' id='word_1_316' title='bbox 616 5814 781 5891; x_wconf 76' lang='grc' dir='ltr'>γνοὺς</span> <span class='ocrx_word' id='word_1_317' title='bbox 821 5814 1097 5891; x_wconf 81' lang='grc' dir='ltr'>ἐθνάρχης</span> <span class='ocrx_word' id='word_1_318' title='bbox 1124 5812 1271 5871; x_wconf 86' lang='grc' dir='ltr'>τόνδ’</span> <span class='ocrx_word' id='word_1_319' title='bbox 1304 5816 1332 5870; x_wconf 86' lang='grc' dir='ltr'><strong>ὁ</strong></span> <span class='ocrx_word' id='word_1_320' title='bbox 1361 5814 1593 5872; x_wconf 80' lang='grc' dir='ltr'>κατένων</span> <span class='ocrx_word' id='word_1_321' title='bbox 1624 5812 1814 5878; x_wconf 77' lang='grc' dir='ltr'>πέδαις</span> 
     </span>
    </p>
   </div>
   <div class='ocr_carea' id='block_1_62' title="bbox 686 5936 1438 6001">
    <p class='ocr_par' dir='ltr' id='par_1_62' title="bbox 686 5936 1438 6001">
     <span class='ocr_line' id='line_1_62' title="bbox 686 5936 1438 6001; baseline 0 -3"><span class='ocrx_word' id='word_1_322' title='bbox 686 5940 965 6001; x_wconf 67' lang='lat' dir='ltr'>Parnm.</span> <span class='ocrx_word' id='word_1_323' title='bbox 1013 5936 1123 6000; x_wconf 83' lang='lat' dir='ltr'>Ga.</span> <span class='ocrx_word' id='word_1_324' title='bbox 1173 5937 1438 6001; x_wconf 86' lang='lat' dir='ltr'>CXLIII.</span> 
     </span>
    </p>
   </div>
   <div class='ocr_carea' id='block_1_63' title="bbox 2026 612 3128 693">
    <p class='ocr_par' dir='ltr' id='par_1_63' title="bbox 2026 612 3128 693">
     <span class='ocr_line' id='line_1_63' title="bbox 2026 612 3128 693; baseline 0.003 -27"><span class='ocrx_word' id='word_1_325' title='bbox 2026 630 2082 693; x_wconf 63' lang='grc' dir='ltr'><strong>Α</strong></span> <span class='ocrx_word' id='word_1_326' title='bbox 2111 612 2394 683; x_wconf 88' lang='lat' dir='ltr'>abreptus</span> <span class='ocrx_word' id='word_1_327' title='bbox 2424 613 2623 669; x_wconf 86' lang='lat' dir='ltr'>subito</span> <span class='ocrx_word' id='word_1_328' title='bbox 2646 631 2792 686; x_wconf 91' lang='lat' dir='ltr'>puer</span> <span class='ocrx_word' id='word_1_329' title='bbox 2822 614 2881 670; x_wconf 91' lang='lat' dir='ltr'>in</span> <span class='ocrx_word' id='word_1_330' title='bbox 2915 629 3128 683; x_wconf 87' lang='lat' dir='ltr'>aerem,</span> 
     </span>
    </p>
   </div>
   <div class='ocr_carea' id='block_1_64' title="bbox 2112 698 3603 775">
    <p class='ocr_par' dir='ltr' id='par_1_64' title="bbox 2112 698 3603 775">
     <span class='ocr_line' id='line_1_64' title="bbox 2112 698 3603 775; baseline 0 -20"><span class='ocrx_word' id='word_1_331' title='bbox 2112 702 2342 756; x_wconf 88' lang='lat' dir='ltr'>cunctis</span> <span class='ocrx_word' id='word_1_332' title='bbox 2361 702 2787 774; x_wconf 77' lang='lat' dir='ltr'>aspicientibus</span> <span class='ocrx_word' id='word_1_333' title='bbox 2815 702 3040 775; x_wconf 86' lang='lat' dir='ltr'>ingenti</span> <span class='ocrx_word' id='word_1_334' title='bbox 3071 704 3311 773; x_wconf 85' lang='lat' dir='ltr'>stupore</span> <span class='ocrx_word' id='word_1_335' title='bbox 3341 698 3603 771; x_wconf 84' lang='lat' dir='ltr'>percitis,</span> 
     </span>
    </p>
   </div>
   <div class='ocr_carea' id='block_1_65' title="bbox 2109 790 3421 860">
    <p class='ocr_par' dir='ltr' id='par_1_65' title="bbox 2109 790 3421 860">
     <span class='ocr_line' id='line_1_65' title="bbox 2109 790 3421 860; baseline 0 -15"><span class='ocrx_word' id='word_1_336' title='bbox 2109 796 2244 860; x_wconf 88' lang='lat' dir='ltr'>post</span> <span class='ocrx_word' id='word_1_337' title='bbox 2272 790 2646 847; x_wconf 80' lang='lat' dir='ltr'>intervallum</span> <span class='ocrx_word' id='word_1_338' title='bbox 2679 792 2980 848; x_wconf 83' lang='lat' dir='ltr'>modicum</span> <span class='ocrx_word' id='word_1_339' title='bbox 3014 790 3205 847; x_wconf 90' lang='lat' dir='ltr'>denuo</span> <span class='ocrx_word' id='word_1_340' title='bbox 3237 790 3421 846; x_wconf 81' lang='lat' dir='ltr'>redux</span> 
     </span>
    </p>
   </div>
   <div class='ocr_carea' id='block_1_66' title="bbox 2107 879 3057 937">
    <p class='ocr_par' dir='ltr' id='par_1_66' title="bbox 2107 879 3057 937">
     <span class='ocr_line' id='line_1_66' title="bbox 2107 879 3057 937; baseline 0.002 -3"><span class='ocrx_word' id='word_1_341' title='bbox 2107 879 2253 934; x_wconf 79' lang='lat' dir='ltr'>dixit</span> <span class='ocrx_word' id='word_1_342' title='bbox 2281 880 2569 937; x_wconf 88' lang='lat' dir='ltr'>divinitus</span> <span class='ocrx_word' id='word_1_343' title='bbox 2593 881 2704 936; x_wconf 86' lang='lat' dir='ltr'>sibi</span> <span class='ocrx_word' id='word_1_344' title='bbox 2739 880 3057 937; x_wconf 90' lang='lat' dir='ltr'>revelatum</span> 
     </span>
    </p>
   </div>
   <div class='ocr_carea' id='block_1_67' title="bbox 2109 968 2987 1038">
    <p class='ocr_par' dir='ltr' id='par_1_67' title="bbox 2109 968 2987 1038">
     <span class='ocr_line' id='line_1_67' title="bbox 2109 968 2987 1038; baseline 0.002 -17"><span class='ocrx_word' id='word_1_345' title='bbox 2109 984 2181 1022; x_wconf 90' lang='lat' dir='ltr'>ne</span> <span class='ocrx_word' id='word_1_346' title='bbox 2211 968 2514 1038; x_wconf 67' lang='lat' dir='ltr'>cruciﬁxus</span> <span class='ocrx_word' id='word_1_347' title='bbox 2537 986 2640 1025; x_wconf 79' lang='lat' dir='ltr'>vox</span> <span class='ocrx_word' id='word_1_348' title='bbox 2669 970 2987 1025; x_wconf 83' lang='lat' dir='ltr'>adderetur</span> 
     </span>
    </p>
   </div>
   <div class='ocr_carea' id='block_1_68' title="bbox 2105 1058 3177 1130">
    <p class='ocr_par' dir='ltr' id='par_1_68' title="bbox 2105 1058 3177 1130">
     <span class='ocr_line' id='line_1_68' title="bbox 2105 1058 3177 1130; baseline 0.002 -18"><span class='ocrx_word' id='word_1_349' title='bbox 2105 1058 2230 1113; x_wconf 91' lang='lat' dir='ltr'>voci</span> <span class='ocrx_word' id='word_1_350' title='bbox 2259 1074 2358 1128; x_wconf 83' lang='lat' dir='ltr'>pro</span> <span class='ocrx_word' id='word_1_351' title='bbox 2387 1060 2543 1114; x_wconf 72' lang='lat' dir='ltr'>nobis</span> <span class='ocrx_word' id='word_1_352' title='bbox 2573 1058 2814 1128; x_wconf 88' lang='lat' dir='ltr'>trisagio</span> <span class='ocrx_word' id='word_1_353' title='bbox 2844 1058 2905 1113; x_wconf 93' lang='lat' dir='ltr'>in</span> <span class='ocrx_word' id='word_1_354' title='bbox 2937 1058 3177 1130; x_wconf 88' lang='lat' dir='ltr'>hymno.</span> 
     </span>
    </p>
   </div>
   <div class='ocr_carea' id='block_1_69' title="bbox 2106 1146 3296 1219">
    <p class='ocr_par' dir='ltr' id='par_1_69' title="bbox 2106 1146 3296 1219">
     <span class='ocr_line' id='line_1_69' title="bbox 2106 1146 3296 1219; baseline 0.001 -19"><span class='ocrx_word' id='word_1_355' title='bbox 2106 1146 2306 1201; x_wconf 89' lang='lat' dir='ltr'>Proclo</span> <span class='ocrx_word' id='word_1_356' title='bbox 2338 1147 2409 1201; x_wconf 90' lang='lat' dir='ltr'>ad</span> <span class='ocrx_word' id='word_1_357' title='bbox 2438 1163 2726 1219; x_wconf 88' lang='lat' dir='ltr'>supernos</span> <span class='ocrx_word' id='word_1_358' title='bbox 2757 1146 3022 1203; x_wconf 88' lang='lat' dir='ltr'>evolante</span> <span class='ocrx_word' id='word_1_359' title='bbox 3052 1146 3296 1217; x_wconf 79' lang='lat' dir='ltr'>spiritus</span> 
     </span>
    </p>
   </div>
   <div class='ocr_carea' id='block_1_70' title="bbox 2106 1234 3103 1307">
    <p class='ocr_par' dir='ltr' id='par_1_70' title="bbox 2106 1234 3103 1307">
     <span class='ocr_line' id='line_1_70' title="bbox 2106 1234 3103 1307; baseline 0 -18"><span class='ocrx_word' id='word_1_360' title='bbox 2106 1234 2509 1307; x_wconf 79' lang='lat' dir='ltr'>episcopatum</span> <span class='ocrx_word' id='word_1_361' title='bbox 2542 1235 2706 1291; x_wconf 89' lang='lat' dir='ltr'>urbis</span> <span class='ocrx_word' id='word_1_362' title='bbox 2737 1236 3103 1291; x_wconf 81' lang='lat' dir='ltr'>Constantini</span> 
     </span>
    </p>
   </div>
   <div class='ocr_carea' id='block_1_71' title="bbox 2108 1324 3249 1381">
    <p class='ocr_par' dir='ltr' id='par_1_71' title="bbox 2108 1324 3249 1381">
     <span class='ocr_line' id='line_1_71' title="bbox 2108 1324 3249 1381; baseline 0 -2"><span class='ocrx_word' id='word_1_363' title='bbox 2108 1324 2317 1380; x_wconf 87' lang='lat' dir='ltr'>merito</span> <span class='ocrx_word' id='word_1_364' title='bbox 2339 1325 2593 1381; x_wconf 83' lang='lat' dir='ltr'>obtinuit</span> <span class='ocrx_word' id='word_1_365' title='bbox 2622 1326 2708 1379; x_wconf 86' lang='lat' dir='ltr'>vir</span> <span class='ocrx_word' id='word_1_366' title='bbox 2739 1341 2916 1381; x_wconf 87' lang='lat' dir='ltr'>senex</span> <span class='ocrx_word' id='word_1_367' title='bbox 2941 1325 3249 1381; x_wconf 87' lang='lat' dir='ltr'>Flavianus</span> 
     </span>
    </p>
   </div>
   <div class='ocr_carea' id='block_1_72' title="bbox 2107 1414 3400 1486">
    <p class='ocr_par' dir='ltr' id='par_1_72' title="bbox 2107 1414 3400 1486">
     <span class='ocr_line' id='line_1_72' title="bbox 2107 1414 3400 1486; baseline 0 -17"><span class='ocrx_word' id='word_1_368' title='bbox 2107 1430 2389 1469; x_wconf 89' lang='lat' dir='ltr'>sanorum</span> <span class='ocrx_word' id='word_1_369' title='bbox 2423 1414 2688 1469; x_wconf 74' lang='lat' dir='ltr'>Ecclesiae</span> <span class='ocrx_word' id='word_1_370' title='bbox 2716 1415 3059 1486; x_wconf 86' lang='lat' dir='ltr'>dogmatum</span> <span class='ocrx_word' id='word_1_371' title='bbox 3083 1414 3355 1470; x_wconf 88' lang='lat' dir='ltr'>defensor</span> <span class='ocrx_word' id='word_1_372' title='bbox 3386 1430 3400 1469; x_wconf 88' lang='lat'><strong>:</strong></span> 
     </span>
    </p>
   </div>
   <div class='ocr_carea' id='block_1_73' title="bbox 2108 1503 3287 1576">
    <p class='ocr_par' dir='ltr' id='par_1_73' title="bbox 2108 1503 3287 1576">
     <span class='ocr_line' id='line_1_73' title="bbox 2108 1503 3287 1576; baseline 0 -18"><span class='ocrx_word' id='word_1_373' title='bbox 2108 1519 2285 1576; x_wconf 88' lang='lat' dir='ltr'>quem</span> <span class='ocrx_word' id='word_1_374' title='bbox 2318 1503 2417 1557; x_wconf 92' lang='lat' dir='ltr'>ubi</span> <span class='ocrx_word' id='word_1_375' title='bbox 2450 1504 2665 1559; x_wconf 91' lang='lat' dir='ltr'>occidit</span> <span class='ocrx_word' id='word_1_376' title='bbox 2686 1503 2947 1559; x_wconf 86' lang='lat' dir='ltr'>calcibus</span> <span class='ocrx_word' id='word_1_377' title='bbox 2970 1504 3287 1559; x_wconf 86' lang='lat' dir='ltr'>Dioscorus</span> 
     </span>
    </p>
   </div>
   <div class='ocr_carea' id='block_1_74' title="bbox 2104 1592 3078 1665">
    <p class='ocr_par' dir='ltr' id='par_1_74' title="bbox 2104 1592 3078 1665">
     <span class='ocr_line' id='line_1_74' title="bbox 2104 1592 3078 1665; baseline 0.002 -18"><span class='ocrx_word' id='word_1_378' title='bbox 2104 1592 2436 1648; x_wconf 87' lang='lat' dir='ltr'>latrocinali</span> <span class='ocrx_word' id='word_1_379' title='bbox 2471 1593 2531 1648; x_wconf 91' lang='lat' dir='ltr'>in</span> <span class='ocrx_word' id='word_1_380' title='bbox 2564 1594 2788 1665; x_wconf 78' lang='lat' dir='ltr'>synodo</span> <span class='ocrx_word' id='word_1_381' title='bbox 2813 1596 3078 1660; x_wconf 85' lang='lat' dir='ltr'>cruenta,</span> 
     </span>
    </p>
   </div>
   <div class='ocr_carea' id='block_1_75' title="bbox 2105 1682 3063 1754">
    <p class='ocr_par' dir='ltr' id='par_1_75' title="bbox 2105 1682 3063 1754">
     <span class='ocr_line' id='line_1_75' title="bbox 2105 1682 3063 1754; baseline 0.002 -18"><span class='ocrx_word' id='word_1_382' title='bbox 2105 1682 2471 1738; x_wconf 77' lang='lat' dir='ltr'>Alexandriae</span> <span class='ocrx_word' id='word_1_383' title='bbox 2505 1683 2719 1754; x_wconf 65' lang='lat' dir='ltr'>praesul</span> <span class='ocrx_word' id='word_1_384' title='bbox 2750 1682 3063 1739; x_wconf 82' lang='lat' dir='ltr'>Anatolius</span> 
     </span>
    </p>
   </div>
   <div class='ocr_carea' id='block_1_76' title="bbox 2105 1771 3329 1845">
    <p class='ocr_par' dir='ltr' id='par_1_76' title="bbox 2105 1771 3329 1845">
     <span class='ocr_line' id='line_1_76' title="bbox 2105 1771 3329 1845; baseline -0.001 -17"><span class='ocrx_word' id='word_1_385' title='bbox 2105 1786 2335 1828; x_wconf 81' lang='lat' dir='ltr'>sacram</span> <span class='ocrx_word' id='word_1_386' title='bbox 2368 1771 2534 1827; x_wconf 91' lang='lat' dir='ltr'>urbis</span> <span class='ocrx_word' id='word_1_387' title='bbox 2563 1772 2734 1844; x_wconf 80' lang='lat' dir='ltr'>regiae</span> <span class='ocrx_word' id='word_1_388' title='bbox 2770 1774 2973 1828; x_wconf 88' lang='lat' dir='ltr'>sedem</span> <span class='ocrx_word' id='word_1_389' title='bbox 3005 1773 3329 1845; x_wconf 91' lang='lat' dir='ltr'>occupavit.</span> 
     </span>
    </p>
   </div>
   <div class='ocr_carea' id='block_1_77' title="bbox 2105 1860 3165 1932">
    <p class='ocr_par' dir='ltr' id='par_1_77' title="bbox 2105 1860 3165 1932">
     <span class='ocr_line' id='line_1_77' title="bbox 2105 1860 3165 1932; baseline 0.003 -18"><span class='ocrx_word' id='word_1_390' title='bbox 2105 1864 2282 1914; x_wconf 91' lang='lat' dir='ltr'>Porro</span> <span class='ocrx_word' id='word_1_391' title='bbox 2314 1860 2635 1932; x_wconf 87' lang='lat' dir='ltr'>imperator</span> <span class='ocrx_word' id='word_1_392' title='bbox 2662 1860 2772 1917; x_wconf 89' lang='lat' dir='ltr'>iste</span> <span class='ocrx_word' id='word_1_393' title='bbox 2803 1861 3165 1917; x_wconf 88' lang='lat' dir='ltr'>Theodosius</span> 
     </span>
    </p>
   </div>
   <div class='ocr_carea' id='block_1_78' title="bbox 2105 1950 3209 2020">
    <p class='ocr_par' dir='ltr' id='par_1_78' title="bbox 2105 1950 3209 2020">
     <span class='ocr_line' id='line_1_78' title="bbox 2105 1950 3209 2020; baseline 0.003 -18"><span class='ocrx_word' id='word_1_394' title='bbox 2105 1951 2379 2003; x_wconf 88' lang='lat' dir='ltr'>terrestre</span> <span class='ocrx_word' id='word_1_395' title='bbox 2411 1965 2642 2020; x_wconf 89' lang='lat' dir='ltr'>quoque</span> <span class='ocrx_word' id='word_1_396' title='bbox 2672 1966 2911 2006; x_wconf 89' lang='lat' dir='ltr'>murum</span> <span class='ocrx_word' id='word_1_397' title='bbox 2934 1950 3209 2008; x_wconf 81' lang='lat' dir='ltr'>excitavit</span> 
     </span>
    </p>
   </div>
   <div class='ocr_carea' id='block_1_79' title="bbox 2025 2006 3371 2111">
    <p class='ocr_par' dir='ltr' id='par_1_79' title="bbox 2025 2006 3371 2111">
     <span class='ocr_line' id='line_1_79' title="bbox 2025 2006 3371 2111; baseline 0.004 -20"><span class='ocrx_word' id='word_1_398' title='bbox 2025 2006 2074 2071; x_wconf 83' lang='lat' dir='ltr'><strong>B</strong></span> <span class='ocrx_word' id='word_1_399' title='bbox 2106 2038 2271 2092; x_wconf 88' lang='lat' dir='ltr'>urbis</span> <span class='ocrx_word' id='word_1_400' title='bbox 2302 2054 2336 2092; x_wconf 88' lang='lat' dir='ltr'>a</span> <span class='ocrx_word' id='word_1_401' title='bbox 2363 2006 2699 2094; x_wconf 67' lang='lat' dir='ltr'>Blachernis</span> <span class='ocrx_word' id='word_1_402' title='bbox 2729 2040 2800 2094; x_wconf 86' lang='lat' dir='ltr'>ad</span> <span class='ocrx_word' id='word_1_403' title='bbox 2836 2044 3066 2111; x_wconf 90' lang='lat' dir='ltr'>portam</span> <span class='ocrx_word' id='word_1_404' title='bbox 3096 2006 3371 2108; x_wconf 64' lang='lat' dir='ltr'>Auream,</span> 
     </span>
    </p>
   </div>
   <div class='ocr_carea' id='block_1_80' title="bbox 2106 2125 3300 2201">
    <p class='ocr_par' dir='ltr' id='par_1_80' title="bbox 2106 2125 3300 2201">
     <span class='ocr_line' id='line_1_80' title="bbox 2106 2125 3300 2201; baseline 0.004 -21"><span class='ocrx_word' id='word_1_405' title='bbox 2106 2142 2255 2196; x_wconf 91' lang='lat' dir='ltr'>opus</span> <span class='ocrx_word' id='word_1_406' title='bbox 2284 2125 2343 2181; x_wconf 95' lang='lat' dir='ltr'>id</span> <span class='ocrx_word' id='word_1_407' title='bbox 2377 2143 2610 2183; x_wconf 87' lang='lat' dir='ltr'>menses</span> <span class='ocrx_word' id='word_1_408' title='bbox 2640 2127 2797 2183; x_wconf 89' lang='lat' dir='ltr'>intra</span> <span class='ocrx_word' id='word_1_409' title='bbox 2828 2128 2977 2183; x_wconf 92' lang='lat' dir='ltr'>duos</span> <span class='ocrx_word' id='word_1_410' title='bbox 3009 2144 3300 2201; x_wconf 84' lang='lat' dir='ltr'>peragens</span> 
     </span>
    </p>
   </div>
   <div class='ocr_carea' id='block_1_81' title="bbox 2104 2214 3208 2290">
    <p class='ocr_par' dir='ltr' id='par_1_81' title="bbox 2104 2214 3208 2290">
     <span class='ocr_line' id='line_1_81' title="bbox 2104 2214 3208 2290; baseline 0 -19"><span class='ocrx_word' id='word_1_411' title='bbox 2104 2214 2417 2271; x_wconf 88' lang='lat' dir='ltr'>sedulitate</span> <span class='ocrx_word' id='word_1_412' title='bbox 2442 2219 2499 2271; x_wconf 86' lang='lat' dir='ltr'>et</span> <span class='ocrx_word' id='word_1_413' title='bbox 2524 2216 2720 2271; x_wconf 88' lang='lat' dir='ltr'>studio</span> <span class='ocrx_word' id='word_1_414' title='bbox 2753 2217 3013 2287; x_wconf 63' lang='lat' dir='ltr'>praefecti</span> <span class='ocrx_word' id='word_1_415' title='bbox 3045 2218 3208 2290; x_wconf 87' lang='lat' dir='ltr'>Cyri;</span> 
     </span>
    </p>
   </div>
   <div class='ocr_carea' id='block_1_82' title="bbox 2104 2303 3285 2378">
    <p class='ocr_par' dir='ltr' id='par_1_82' title="bbox 2104 2303 3285 2378">
     <span class='ocr_line' id='line_1_82' title="bbox 2104 2303 3285 2378; baseline 0.004 -19"><span class='ocrx_word' id='word_1_416' title='bbox 2104 2304 2274 2374; x_wconf 87' lang='lat' dir='ltr'>cujus</span> <span class='ocrx_word' id='word_1_417' title='bbox 2306 2303 2606 2361; x_wconf 89' lang='lat' dir='ltr'>demirans</span> <span class='ocrx_word' id='word_1_418' title='bbox 2638 2304 2996 2362; x_wconf 89' lang='lat' dir='ltr'>celeritatem</span> <span class='ocrx_word' id='word_1_419' title='bbox 3030 2307 3285 2378; x_wconf 93' lang='lat' dir='ltr'>populus</span> 
     </span>
    </p>
   </div>
   <div class='ocr_carea' id='block_1_83' title="bbox 2103 2393 3365 2466">
    <p class='ocr_par' dir='ltr' id='par_1_83' title="bbox 2103 2393 3365 2466">
     <span class='ocr_line' id='line_1_83' title="bbox 2103 2393 3365 2466; baseline 0.004 -18"><span class='ocrx_word' id='word_1_420' title='bbox 2103 2398 2276 2463; x_wconf 87' lang='lat' dir='ltr'>atque</span> <span class='ocrx_word' id='word_1_421' title='bbox 2306 2393 2401 2450; x_wconf 90' lang='lat' dir='ltr'>his</span> <span class='ocrx_word' id='word_1_422' title='bbox 2431 2395 2711 2450; x_wconf 88' lang='lat' dir='ltr'>audacter</span> <span class='ocrx_word' id='word_1_423' title='bbox 2740 2395 2937 2451; x_wconf 90' lang='lat' dir='ltr'>verbis</span> <span class='ocrx_word' id='word_1_424' title='bbox 2970 2397 3365 2466; x_wconf 87' lang='lat' dir='ltr'>succlamans,</span> 
     </span>
    </p>
   </div>
   <div class='ocr_carea' id='block_1_84' title="bbox 2102 2483 3418 2557">
    <p class='ocr_par' dir='ltr' id='par_1_84' title="bbox 2102 2483 3418 2557">
     <span class='ocr_line' id='line_1_84' title="bbox 2102 2483 3418 2557; baseline 0.003 -18"><span class='ocrx_word' id='word_1_425' title='bbox 2102 2483 2525 2540; x_wconf 87' lang='lat' dir='ltr'>Constantinus</span> <span class='ocrx_word' id='word_1_426' title='bbox 2560 2485 2764 2541; x_wconf 91' lang='lat' dir='ltr'>urbem</span> <span class='ocrx_word' id='word_1_427' title='bbox 2797 2487 3099 2557; x_wconf 88' lang='lat' dir='ltr'>quondam</span> <span class='ocrx_word' id='word_1_428' title='bbox 3133 2488 3418 2554; x_wconf 86' lang='lat' dir='ltr'>condidit,</span> 
     </span>
    </p>
   </div>
   <div class='ocr_carea' id='block_1_85' title="bbox 2101 2571 3472 2648">
    <p class='ocr_par' dir='ltr' id='par_1_85' title="bbox 2101 2571 3472 2648">
     <span class='ocr_line' id='line_1_85' title="bbox 2101 2571 3472 2648; baseline 0.005 -21"><span class='ocrx_word' id='word_1_429' title='bbox 2101 2571 2285 2641; x_wconf 83' lang='lat' dir='ltr'>Cyrus</span> <span class='ocrx_word' id='word_1_430' title='bbox 2317 2589 2470 2628; x_wconf 90' lang='lat' dir='ltr'>nunc</span> <span class='ocrx_word' id='word_1_431' title='bbox 2500 2579 2780 2641; x_wconf 88' lang='lat' dir='ltr'>renovat;</span> <span class='ocrx_word' id='word_1_432' title='bbox 2806 2574 2989 2645; x_wconf 89' lang='lat' dir='ltr'>hujus</span> <span class='ocrx_word' id='word_1_433' title='bbox 3021 2593 3201 2632; x_wconf 89' lang='lat' dir='ltr'>causa</span> <span class='ocrx_word' id='word_1_434' title='bbox 3223 2576 3472 2648; x_wconf 85' lang='lat' dir='ltr'>plausus</span> 
     </span>
    </p>
   </div>
   <div class='ocr_carea' id='block_1_86' title="bbox 2099 2662 3232 2735">
    <p class='ocr_par' dir='ltr' id='par_1_86' title="bbox 2099 2662 3232 2735">
     <span class='ocr_line' id='line_1_86' title="bbox 2099 2662 3232 2735; baseline 0.004 -20"><span class='ocrx_word' id='word_1_435' title='bbox 2099 2666 2341 2717; x_wconf 89' lang='lat' dir='ltr'>vocatus</span> <span class='ocrx_word' id='word_1_436' title='bbox 2367 2662 2425 2716; x_wconf 90' lang='lat' dir='ltr'>in</span> <span class='ocrx_word' id='word_1_437' title='bbox 2458 2662 2741 2718; x_wconf 89' lang='lat' dir='ltr'>invidiam</span> <span class='ocrx_word' id='word_1_438' title='bbox 2767 2664 2953 2735; x_wconf 90' lang='lat' dir='ltr'>gradu</span> <span class='ocrx_word' id='word_1_439' title='bbox 2996 2665 3232 2733; x_wconf 87' lang='lat' dir='ltr'>excidit,</span> 
     </span>
    </p>
   </div>
   <div class='ocr_carea' id='block_1_87' title="bbox 2100 2751 3439 2823">
    <p class='ocr_par' dir='ltr' id='par_1_87' title="bbox 2100 2751 3439 2823">
     <span class='ocr_line' id='line_1_87' title="bbox 2100 2751 3439 2823; baseline 0.003 -18"><span class='ocrx_word' id='word_1_440' title='bbox 2100 2754 2360 2822; x_wconf 66' lang='lat' dir='ltr'>Smyrnae</span> <span class='ocrx_word' id='word_1_441' title='bbox 2389 2767 2553 2823; x_wconf 72' lang='lat' dir='ltr'>aeque</span> <span class='ocrx_word' id='word_1_442' title='bbox 2582 2751 2795 2823; x_wconf 81' lang='lat' dir='ltr'>praesul</span> <span class='ocrx_word' id='word_1_443' title='bbox 2825 2754 2998 2808; x_wconf 88' lang='lat' dir='ltr'>datus</span> <span class='ocrx_word' id='word_1_444' title='bbox 3029 2756 3118 2808; x_wconf 90' lang='lat' dir='ltr'>est</span> <span class='ocrx_word' id='word_1_445' title='bbox 3148 2753 3439 2809; x_wconf 69' lang='lat' dir='ltr'>Ecclesiae.</span> 
     </span>
    </p>
   </div>
   <div class='ocr_carea' id='block_1_88' title="bbox 2100 2839 3343 2898">
    <p class='ocr_par' dir='ltr' id='par_1_88' title="bbox 2100 2839 3343 2898">
     <span class='ocr_line' id='line_1_88' title="bbox 2100 2839 3343 2898; baseline 0.002 -3"><span class='ocrx_word' id='word_1_446' title='bbox 2100 2839 2261 2895; x_wconf 87' lang='lat' dir='ltr'>Idem</span> <span class='ocrx_word' id='word_1_447' title='bbox 2282 2839 2650 2895; x_wconf 87' lang='lat' dir='ltr'>Theodosius</span> <span class='ocrx_word' id='word_1_448' title='bbox 2679 2839 3052 2895; x_wconf 89' lang='lat' dir='ltr'>Pulcheriam</span> <span class='ocrx_word' id='word_1_449' title='bbox 3086 2858 3343 2898; x_wconf 90' lang='lat' dir='ltr'>sororem</span> 
     </span>
    </p>
   </div>
   <div class='ocr_carea' id='block_1_89' title="bbox 2102 2927 3173 3001">
    <p class='ocr_par' dir='ltr' id='par_1_89' title="bbox 2102 2927 3173 3001">
     <span class='ocr_line' id='line_1_89' title="bbox 2102 2927 3173 3001; baseline 0.003 -19"><span class='ocrx_word' id='word_1_450' title='bbox 2102 2928 2281 3000; x_wconf 83' lang='lat' dir='ltr'>regali</span> <span class='ocrx_word' id='word_1_451' title='bbox 2314 2927 2548 2999; x_wconf 85' lang='lat' dir='ltr'>pulsam</span> <span class='ocrx_word' id='word_1_452' title='bbox 2580 2932 2785 2985; x_wconf 91' lang='lat' dir='ltr'>contra</span> <span class='ocrx_word' id='word_1_453' title='bbox 2815 2929 2905 2984; x_wconf 89' lang='lat' dir='ltr'>fas</span> <span class='ocrx_word' id='word_1_454' title='bbox 2936 2929 3173 3001; x_wconf 88' lang='lat' dir='ltr'>palatio,</span> 
     </span>
    </p>
   </div>
   <div class='ocr_carea' id='block_1_90' title="bbox 2102 3016 3191 3090">
    <p class='ocr_par' dir='ltr' id='par_1_90' title="bbox 2102 3016 3191 3090">
     <span class='ocr_line' id='line_1_90' title="bbox 2102 3016 3191 3090; baseline 0 -17"><span class='ocrx_word' id='word_1_455' title='bbox 2102 3016 2341 3073; x_wconf 92' lang='lat' dir='ltr'>consilis</span> <span class='ocrx_word' id='word_1_456' title='bbox 2372 3016 2594 3073; x_wconf 89' lang='lat' dir='ltr'>scilicet</span> <span class='ocrx_word' id='word_1_457' title='bbox 2620 3017 2797 3072; x_wconf 84' lang='lat' dir='ltr'>invidi</span> <span class='ocrx_word' id='word_1_458' title='bbox 2820 3018 3191 3090; x_wconf 90' lang='lat' dir='ltr'>Chrysaphii,</span> 
     </span>
    </p>
   </div>
   <div class='ocr_carea' id='block_1_91' title="bbox 2093 3106 3252 3177">
    <p class='ocr_par' dir='ltr' id='par_1_91' title="bbox 2093 3106 3252 3177">
     <span class='ocr_line' id='line_1_91' title="bbox 2093 3106 3252 3177; baseline 0.003 -16"><span class='ocrx_word' id='word_1_459' title='bbox 2093 3106 2277 3177; x_wconf 87' lang='lat' dir='ltr'>jussit</span> <span class='ocrx_word' id='word_1_460' title='bbox 2298 3111 2364 3162; x_wconf 91' lang='lat' dir='ltr'>ut</span> <span class='ocrx_word' id='word_1_461' title='bbox 2395 3108 2597 3162; x_wconf 89' lang='lat' dir='ltr'>clausa</span> <span class='ocrx_word' id='word_1_462' title='bbox 2626 3107 2843 3162; x_wconf 88' lang='lat' dir='ltr'>viveret</span> <span class='ocrx_word' id='word_1_463' title='bbox 2863 3107 2922 3162; x_wconf 89' lang='lat' dir='ltr'>in</span> <span class='ocrx_word' id='word_1_464' title='bbox 2952 3107 3252 3164; x_wconf 91' lang='lat' dir='ltr'>Hebdomo</span> 
     </span>
    </p>
   </div>
   <div class='ocr_carea' id='block_1_92' title="bbox 2101 3194 3250 3269">
    <p class='ocr_par' dir='ltr' id='par_1_92' title="bbox 2101 3194 3250 3269">
     <span class='ocr_line' id='line_1_92' title="bbox 2101 3194 3250 3269; baseline 0 -18"><span class='ocrx_word' id='word_1_465' title='bbox 2101 3196 2261 3251; x_wconf 89' lang='lat' dir='ltr'>omni</span> <span class='ocrx_word' id='word_1_466' title='bbox 2292 3194 2629 3269; x_wconf 80' lang='lat' dir='ltr'>reipublicae</span> <span class='ocrx_word' id='word_1_467' title='bbox 2660 3196 2893 3269; x_wconf 88' lang='lat' dir='ltr'>negotio</span> <span class='ocrx_word' id='word_1_468' title='bbox 2925 3196 3250 3254; x_wconf 88' lang='lat' dir='ltr'>abstinens.</span> 
     </span>
    </p>
   </div>
   <div class='ocr_carea' id='block_1_93' title="bbox 2099 3285 3396 3360">
    <p class='ocr_par' dir='ltr' id='par_1_93' title="bbox 2099 3285 3396 3360">
     <span class='ocr_line' id='line_1_93' title="bbox 2099 3285 3396 3360; baseline 0.003 -21"><span class='ocrx_word' id='word_1_469' title='bbox 2099 3285 2206 3340; x_wconf 89' lang='lat' dir='ltr'>Vix</span> <span class='ocrx_word' id='word_1_470' title='bbox 2232 3286 2469 3341; x_wconf 82' lang='lat' dir='ltr'>domum</span> <span class='ocrx_word' id='word_1_471' title='bbox 2502 3286 2724 3341; x_wconf 88' lang='lat' dir='ltr'>invidia</span> <span class='ocrx_word' id='word_1_472' title='bbox 2755 3286 2989 3357; x_wconf 90' lang='lat' dir='ltr'>cognita</span> <span class='ocrx_word' id='word_1_473' title='bbox 3019 3287 3396 3360; x_wconf 85' lang='lat' dir='ltr'>Chrysaphii,</span> 
     </span>
    </p>
   </div>
   <div class='ocr_carea' id='block_1_94' title="bbox 2024 3368 3402 3445">
    <p class='ocr_par' dir='ltr' id='par_1_94' title="bbox 2024 3368 3402 3445">
     <span class='ocr_line' id='line_1_94' title="bbox 2024 3368 3402 3445; baseline 0.004 -16"><span class='ocrx_word' id='word_1_474' title='bbox 2024 3368 2069 3436; x_wconf 84' lang='lat' dir='ltr'>C</span> <span class='ocrx_word' id='word_1_475' title='bbox 2108 3374 2263 3429; x_wconf 90' lang='lat' dir='ltr'>hunc</span> <span class='ocrx_word' id='word_1_476' title='bbox 2288 3375 2524 3445; x_wconf 89' lang='lat' dir='ltr'>quidem</span> <span class='ocrx_word' id='word_1_477' title='bbox 2557 3374 2769 3431; x_wconf 90' lang='lat' dir='ltr'>merito</span> <span class='ocrx_word' id='word_1_478' title='bbox 2805 3375 2979 3431; x_wconf 89' lang='lat' dir='ltr'>trusit</span> <span class='ocrx_word' id='word_1_479' title='bbox 3008 3375 3067 3431; x_wconf 90' lang='lat' dir='ltr'>in</span> <span class='ocrx_word' id='word_1_480' title='bbox 3097 3376 3402 3445; x_wconf 87' lang='lat' dir='ltr'>exsilium;</span> 
     </span>
    </p>
   </div>
   <div class='ocr_carea' id='block_1_95' title="bbox 2096 3464 3435 3534">
    <p class='ocr_par' dir='ltr' id='par_1_95' title="bbox 2096 3464 3435 3534">
     <span class='ocr_line' id='line_1_95' title="bbox 2096 3464 3435 3534; baseline 0.002 -16"><span class='ocrx_word' id='word_1_481' title='bbox 2096 3478 2388 3534; x_wconf 61' lang='lat' dir='ltr'>germana</span> <span class='ocrx_word' id='word_1_482' title='bbox 2410 3479 2542 3518; x_wconf 89' lang='lat' dir='ltr'>vero</span> <span class='ocrx_word' id='word_1_483' title='bbox 2574 3466 2850 3519; x_wconf 82' lang='lat' dir='ltr'>revocatas</span> <span class='ocrx_word' id='word_1_484' title='bbox 2882 3464 3075 3520; x_wconf 89' lang='lat' dir='ltr'>denuo</span> <span class='ocrx_word' id='word_1_485' title='bbox 3430 3478 3435 3483; x_wconf 76' lang='lat'><strong>‘</strong></span> 
     </span>
    </p>
   </div>
   <div class='ocr_carea' id='block_1_96' title="bbox 2100 3553 3223 3624">
    <p class='ocr_par' dir='ltr' id='par_1_96' title="bbox 2100 3553 3223 3624">
     <span class='ocr_line' id='line_1_96' title="bbox 2100 3553 3223 3624; baseline 0.003 -18"><span class='ocrx_word' id='word_1_486' title='bbox 2100 3568 2398 3607; x_wconf 88' lang='lat' dir='ltr'>summam</span> <span class='ocrx_word' id='word_1_487' title='bbox 2430 3554 2575 3623; x_wconf 89' lang='lat' dir='ltr'>reip.</span> <span class='ocrx_word' id='word_1_488' title='bbox 2607 3553 2927 3624; x_wconf 88' lang='lat' dir='ltr'>regendam</span> <span class='ocrx_word' id='word_1_489' title='bbox 2958 3555 3223 3610; x_wconf 84' lang='lat' dir='ltr'>tradidit.</span> 
     </span>
    </p>
   </div>
   <div class='ocr_carea' id='block_1_97' title="bbox 2101 3642 3301 3715">
    <p class='ocr_par' dir='ltr' id='par_1_97' title="bbox 2101 3642 3301 3715">
     <span class='ocr_line' id='line_1_97' title="bbox 2101 3642 3301 3715; baseline 0.002 -18"><span class='ocrx_word' id='word_1_490' title='bbox 2101 3644 2234 3712; x_wconf 88' lang='lat' dir='ltr'>Ipse</span> <span class='ocrx_word' id='word_1_491' title='bbox 2263 3648 2583 3713; x_wconf 88' lang='lat' dir='ltr'>occupatus</span> <span class='ocrx_word' id='word_1_492' title='bbox 2610 3642 2816 3698; x_wconf 91' lang='lat' dir='ltr'>morbo</span> <span class='ocrx_word' id='word_1_493' title='bbox 2846 3642 3025 3698; x_wconf 84' lang='lat' dir='ltr'>vitam</span> <span class='ocrx_word' id='word_1_494' title='bbox 3060 3643 3301 3715; x_wconf 89' lang='lat' dir='ltr'>clausit,</span> 
     </span>
    </p>
   </div>
   <div class='ocr_carea' id='block_1_98' title="bbox 2102 3729 3311 3804">
    <p class='ocr_par' dir='ltr' id='par_1_98' title="bbox 2102 3729 3311 3804">
     <span class='ocr_line' id='line_1_98' title="bbox 2102 3729 3311 3804; baseline 0.002 -19"><span class='ocrx_word' id='word_1_495' title='bbox 2102 3746 2311 3799; x_wconf 88' lang='lat' dir='ltr'>annos,</span> <span class='ocrx_word' id='word_1_496' title='bbox 2344 3738 2407 3785; x_wconf 88' lang='lat' dir='ltr'>ut</span> <span class='ocrx_word' id='word_1_497' title='bbox 2434 3729 2624 3797; x_wconf 87' lang='lat' dir='ltr'>aiunt,</span> <span class='ocrx_word' id='word_1_498' title='bbox 2655 3735 2831 3786; x_wconf 89' lang='lat' dir='ltr'>natus</span> <span class='ocrx_word' id='word_1_499' title='bbox 2860 3731 3311 3804; x_wconf 84' lang='lat' dir='ltr'>quinquaginta,</span> 
     </span>
    </p>
   </div>
   <div class='ocr_carea' id='block_1_99' title="bbox 2103 3818 3308 3894">
    <p class='ocr_par' dir='ltr' id='par_1_99' title="bbox 2103 3818 3308 3894">
     <span class='ocr_line' id='line_1_99' title="bbox 2103 3818 3308 3894; baseline 0.004 -20"><span class='ocrx_word' id='word_1_500' title='bbox 2103 3836 2252 3891; x_wconf 91' lang='lat' dir='ltr'>quos</span> <span class='ocrx_word' id='word_1_501' title='bbox 2284 3834 2490 3875; x_wconf 86' lang='lat' dir='ltr'>omnes</span> <span class='ocrx_word' id='word_1_502' title='bbox 2511 3818 2693 3875; x_wconf 84' lang='lat' dir='ltr'>ferme</span> <span class='ocrx_word' id='word_1_503' title='bbox 2722 3819 2914 3891; x_wconf 83' lang='lat' dir='ltr'>exegit</span> <span class='ocrx_word' id='word_1_504' title='bbox 2942 3821 3002 3876; x_wconf 89' lang='lat' dir='ltr'>in</span> <span class='ocrx_word' id='word_1_505' title='bbox 3035 3821 3308 3894; x_wconf 89' lang='lat' dir='ltr'>imperio.</span> 
     </span>
    </p>
   </div>
   <div class='ocr_carea' id='block_1_100' title="bbox 2387 3935 3466 3993">
    <p class='ocr_par' dir='ltr' id='par_1_100' title="bbox 2387 3935 3466 3993">
     <span class='ocr_line' id='line_1_100' title="bbox 2387 3935 3466 3993; baseline 0.005 -5"><span class='ocrx_word' id='word_1_506' title='bbox 2387 3935 2803 3991; x_wconf 83' lang='lat' dir='ltr'>MARCIANUS</span> <span class='ocrx_word' id='word_1_507' title='bbox 2844 3936 2958 3991; x_wconf 91' lang='lat' dir='ltr'>AN.</span> <span class='ocrx_word' id='word_1_508' title='bbox 3003 3936 3076 3992; x_wconf 90' lang='lat' dir='ltr'>VI</span> <span class='ocrx_word' id='word_1_509' title='bbox 3116 3937 3327 3993; x_wconf 88' lang='lat' dir='ltr'>MENS.</span> <span class='ocrx_word' id='word_1_510' title='bbox 3370 3938 3466 3993; x_wconf 88' lang='lat' dir='ltr'>VI.</span> 
     </span>
    </p>
   </div>
   <div class='ocr_carea' id='block_1_101' title="bbox 2104 4031 3398 4103">
    <p class='ocr_par' dir='ltr' id='par_1_101' title="bbox 2104 4031 3398 4103">
     <span class='ocr_line' id='line_1_101' title="bbox 2104 4031 3398 4103; baseline 0.001 -14"><span class='ocrx_word' id='word_1_511' title='bbox 2104 4031 2339 4089; x_wconf 87' lang='lat' dir='ltr'>Devenit</span> <span class='ocrx_word' id='word_1_512' title='bbox 2368 4036 2564 4087; x_wconf 88' lang='lat' dir='ltr'>autem</span> <span class='ocrx_word' id='word_1_513' title='bbox 2598 4037 2895 4103; x_wconf 89' lang='lat' dir='ltr'>sceptrum</span> <span class='ocrx_word' id='word_1_514' title='bbox 2924 4033 2996 4088; x_wconf 90' lang='lat' dir='ltr'>ad</span> <span class='ocrx_word' id='word_1_515' title='bbox 3027 4033 3398 4090; x_wconf 89' lang='lat' dir='ltr'>Pulcheriam</span> 
     </span>
    </p>
   </div>
   <div class='ocr_carea' id='block_1_102' title="bbox 2105 4119 3331 4195">
    <p class='ocr_par' dir='ltr' id='par_1_102' title="bbox 2105 4119 3331 4195">
     <span class='ocr_line' id='line_1_102' title="bbox 2105 4119 3331 4195; baseline 0.001 -17"><span class='ocrx_word' id='word_1_516' title='bbox 2105 4122 2370 4178; x_wconf 89' lang='lat' dir='ltr'>moribus</span> <span class='ocrx_word' id='word_1_517' title='bbox 2401 4119 2647 4192; x_wconf 81' lang='lat' dir='ltr'>egregiis</span> <span class='ocrx_word' id='word_1_518' title='bbox 2678 4121 2978 4193; x_wconf 77' lang='lat' dir='ltr'>inclytam,</span> <span class='ocrx_word' id='word_1_519' title='bbox 3006 4124 3107 4177; x_wconf 88' lang='lat' dir='ltr'>sed</span> <span class='ocrx_word' id='word_1_520' title='bbox 3141 4123 3331 4195; x_wconf 89' lang='lat' dir='ltr'>magis</span> 
     </span>
    </p>
   </div>
   <div class='ocr_carea' id='block_1_103' title="bbox 2106 4209 3243 4284">
    <p class='ocr_par' dir='ltr' id='par_1_103' title="bbox 2106 4209 3243 4284">
     <span class='ocr_line' id='line_1_103' title="bbox 2106 4209 3243 4284; baseline 0.001 -18"><span class='ocrx_word' id='word_1_521' title='bbox 2106 4212 2320 4284; x_wconf 87' lang='lat' dir='ltr'>pietate</span> <span class='ocrx_word' id='word_1_522' title='bbox 2349 4210 2410 4265; x_wconf 90' lang='lat' dir='ltr'>in</span> <span class='ocrx_word' id='word_1_523' title='bbox 2441 4209 2625 4265; x_wconf 91' lang='lat' dir='ltr'>Deum</span> <span class='ocrx_word' id='word_1_524' title='bbox 2651 4212 2827 4280; x_wconf 90' lang='lat' dir='ltr'>atque</span> <span class='ocrx_word' id='word_1_525' title='bbox 2856 4209 3199 4281; x_wconf 85' lang='lat' dir='ltr'>virginitate</span> <span class='ocrx_word' id='word_1_526' title='bbox 3229 4228 3243 4267; x_wconf 89' lang='lat'><strong>:</strong></span> 
     </span>
    </p>
   </div>
   <div class='ocr_carea' id='block_1_104' title="bbox 2106 4300 3363 4374">
    <p class='ocr_par' dir='ltr' id='par_1_104' title="bbox 2106 4300 3363 4374">
     <span class='ocr_line' id='line_1_104' title="bbox 2106 4300 3363 4374; baseline 0.002 -18"><span class='ocrx_word' id='word_1_527' title='bbox 2106 4319 2233 4374; x_wconf 68' lang='lat' dir='ltr'>quae</span> <span class='ocrx_word' id='word_1_528' title='bbox 2262 4300 2625 4358; x_wconf 87' lang='lat' dir='ltr'>Marcianum</span> <span class='ocrx_word' id='word_1_529' title='bbox 2659 4300 2807 4355; x_wconf 91' lang='lat' dir='ltr'>bene</span> <span class='ocrx_word' id='word_1_530' title='bbox 2840 4304 3135 4356; x_wconf 89' lang='lat' dir='ltr'>moratum</span> <span class='ocrx_word' id='word_1_531' title='bbox 3167 4302 3363 4358; x_wconf 88' lang='lat' dir='ltr'>virum</span> 
     </span>
    </p>
   </div>
   <div class='ocr_carea' id='block_1_105' title="bbox 2107 4388 3310 4465">
    <p class='ocr_par' dir='ltr' id='par_1_105' title="bbox 2107 4388 3310 4465">
     <span class='ocr_line' id='line_1_105' title="bbox 2107 4388 3310 4465; baseline 0.002 -19"><span class='ocrx_word' id='word_1_532' title='bbox 2107 4390 2412 4465; x_wconf 90' lang='lat' dir='ltr'>pudicum,</span> <span class='ocrx_word' id='word_1_533' title='bbox 2442 4388 2856 4457; x_wconf 88' lang='lat' dir='ltr'>venerabilem,</span> <span class='ocrx_word' id='word_1_534' title='bbox 2882 4391 3084 4461; x_wconf 87' lang='lat' dir='ltr'>etjam</span> <span class='ocrx_word' id='word_1_535' title='bbox 3108 4408 3310 4448; x_wconf 90' lang='lat' dir='ltr'>senem</span> 
     </span>
    </p>
   </div>
   <div class='ocr_carea' id='block_1_106' title="bbox 2106 4478 3173 4536">
    <p class='ocr_par' dir='ltr' id='par_1_106' title="bbox 2106 4478 3173 4536">
     <span class='ocr_line' id='line_1_106' title="bbox 2106 4478 3173 4536; baseline 0 0"><span class='ocrx_word' id='word_1_536' title='bbox 2106 4497 2137 4536; x_wconf 91' lang='lat' dir='ltr'>e</span> <span class='ocrx_word' id='word_1_537' title='bbox 2167 4479 2375 4535; x_wconf 88' lang='lat' dir='ltr'>castris</span> <span class='ocrx_word' id='word_1_538' title='bbox 2406 4478 2754 4535; x_wconf 84' lang='lat' dir='ltr'>festinanter</span> <span class='ocrx_word' id='word_1_539' title='bbox 2785 4479 2855 4533; x_wconf 90' lang='lat' dir='ltr'>ad</span> <span class='ocrx_word' id='word_1_540' title='bbox 2891 4496 2955 4535; x_wconf 88' lang='lat' dir='ltr'>se</span> <span class='ocrx_word' id='word_1_541' title='bbox 2984 4488 3173 4536; x_wconf 86' lang='lat' dir='ltr'>vocat.</span> 
     </span>
    </p>
   </div>
   <div class='ocr_carea' id='block_1_107' title="bbox 2106 4567 3280 4626">
    <p class='ocr_par' dir='ltr' id='par_1_107' title="bbox 2106 4567 3280 4626">
     <span class='ocr_line' id='line_1_107' title="bbox 2106 4567 3280 4626; baseline 0.001 -2"><span class='ocrx_word' id='word_1_542' title='bbox 2106 4573 2164 4624; x_wconf 89' lang='lat' dir='ltr'>et</span> <span class='ocrx_word' id='word_1_543' title='bbox 2193 4571 2264 4624; x_wconf 90' lang='lat' dir='ltr'>de</span> <span class='ocrx_word' id='word_1_544' title='bbox 2294 4568 2539 4623; x_wconf 60' lang='lat' dir='ltr'>Caesaris</span> <span class='ocrx_word' id='word_1_545' title='bbox 2585 4567 2748 4623; x_wconf 90' lang='lat' dir='ltr'>obitu</span> <span class='ocrx_word' id='word_1_546' title='bbox 2776 4568 3086 4625; x_wconf 90' lang='lat' dir='ltr'>certiorem</span> <span class='ocrx_word' id='word_1_547' title='bbox 3119 4571 3280 4626; x_wconf 86' lang='lat' dir='ltr'>facit.</span> 
     </span>
    </p>
   </div>
   <div class='ocr_carea' id='block_1_108' title="bbox 2108 4656 3549 4730">
    <p class='ocr_par' dir='ltr' id='par_1_108' title="bbox 2108 4656 3549 4730">
     <span class='ocr_line' id='line_1_108' title="bbox 2108 4656 3549 4730; baseline -0.001 -16"><span class='ocrx_word' id='word_1_548' title='bbox 2108 4659 2259 4714; x_wconf 91' lang='lat' dir='ltr'>Tum</span> <span class='ocrx_word' id='word_1_549' title='bbox 2292 4657 2374 4713; x_wconf 90' lang='lat' dir='ltr'>ait</span> <span class='ocrx_word' id='word_1_550' title='bbox 2406 4674 2417 4713; x_wconf 93' lang='lat'>:</span> <span class='ocrx_word' id='word_1_551' title='bbox 2451 4656 2509 4711; x_wconf 88' lang='lat' dir='ltr'>Si</span> <span class='ocrx_word' id='word_1_552' title='bbox 2541 4657 2779 4727; x_wconf 88' lang='lat' dir='ltr'>quidem</span> <span class='ocrx_word' id='word_1_553' title='bbox 2810 4657 2958 4712; x_wconf 87' lang='lat' dir='ltr'>mihi</span> <span class='ocrx_word' id='word_1_554' title='bbox 2988 4660 3246 4730; x_wconf 88' lang='lat' dir='ltr'>spondes</span> <span class='ocrx_word' id='word_1_555' title='bbox 3281 4659 3549 4726; x_wconf 83' lang='lat' dir='ltr'>ﬁrmiter,</span> 
     </span>
    </p>
   </div>
   <div class='ocr_carea' id='block_1_109' title="bbox 2029 4735 3187 4817">
    <p class='ocr_par' dir='ltr' id='par_1_109' title="bbox 2029 4735 3187 4817">
     <span class='ocr_line' id='line_1_109' title="bbox 2029 4735 3187 4817; baseline 0.002 -16"><span class='ocrx_word' id='word_1_556' title='bbox 2029 4735 2077 4801; x_wconf 91' lang='lat' dir='ltr'><strong>D</strong></span> <span class='ocrx_word' id='word_1_557' title='bbox 2110 4753 2166 4803; x_wconf 91' lang='lat' dir='ltr'>te</span> <span class='ocrx_word' id='word_1_558' title='bbox 2199 4746 2488 4802; x_wconf 90' lang='lat' dir='ltr'>castitatis</span> <span class='ocrx_word' id='word_1_559' title='bbox 2521 4761 2662 4801; x_wconf 84' lang='lat' dir='ltr'>meae</span> <span class='ocrx_word' id='word_1_560' title='bbox 2704 4747 3010 4802; x_wconf 88' lang='lat' dir='ltr'>custodem</span> <span class='ocrx_word' id='word_1_561' title='bbox 3045 4749 3187 4817; x_wconf 90' lang='lat' dir='ltr'>fore,</span> 
     </span>
    </p>
   </div>
   <div class='ocr_carea' id='block_1_110' title="bbox 2109 4833 3333 4907">
    <p class='ocr_par' dir='ltr' id='par_1_110' title="bbox 2109 4833 3333 4907">
     <span class='ocr_line' id='line_1_110' title="bbox 2109 4833 3333 4907; baseline 0 -16"><span class='ocrx_word' id='word_1_562' title='bbox 2109 4851 2288 4907; x_wconf 90' lang='lat' dir='ltr'>quam</span> <span class='ocrx_word' id='word_1_563' title='bbox 2320 4850 2426 4906; x_wconf 90' lang='lat' dir='ltr'>ego</span> <span class='ocrx_word' id='word_1_564' title='bbox 2454 4833 2686 4890; x_wconf 88' lang='lat' dir='ltr'>Christo</span> <span class='ocrx_word' id='word_1_565' title='bbox 2712 4834 2946 4905; x_wconf 88' lang='lat' dir='ltr'>jambiu</span> <span class='ocrx_word' id='word_1_566' title='bbox 2979 4836 3333 4904; x_wconf 88' lang='lat' dir='ltr'>consecravi,</span> 
     </span>
    </p>
   </div>
   <div class='ocr_carea' id='block_1_111' title="bbox 2114 4922 3303 4993">
    <p class='ocr_par' dir='ltr' id='par_1_111' title="bbox 2114 4922 3303 4993">
     <span class='ocr_line' id='line_1_111' title="bbox 2114 4922 3303 4993; baseline -0.001 -12"><span class='ocrx_word' id='word_1_567' title='bbox 2114 4922 2360 4981; x_wconf 80' lang='lat' dir='ltr'>Romani</span> <span class='ocrx_word' id='word_1_568' title='bbox 2392 4922 2623 4993; x_wconf 90' lang='lat' dir='ltr'>imperii</span> <span class='ocrx_word' id='word_1_569' title='bbox 2654 4922 2962 4979; x_wconf 90' lang='lat' dir='ltr'>dominum</span> <span class='ocrx_word' id='word_1_570' title='bbox 2994 4928 3048 4980; x_wconf 89' lang='lat' dir='ltr'>te</span> <span class='ocrx_word' id='word_1_571' title='bbox 3073 4926 3303 4981; x_wconf 85' lang='lat' dir='ltr'>faciam.</span> 
     </span>
    </p>
   </div>
   <div class='ocr_carea' id='block_1_112' title="bbox 2115 5011 3595 5085">
    <p class='ocr_par' dir='ltr' id='par_1_112' title="bbox 2115 5011 3595 5085">
     <span class='ocr_line' id='line_1_112' title="bbox 2115 5011 3595 5085; baseline 0.001 -17"><span class='ocrx_word' id='word_1_572' title='bbox 2115 5013 2225 5079; x_wconf 88' lang='lat' dir='ltr'>Qui</span> <span class='ocrx_word' id='word_1_573' title='bbox 2253 5015 2568 5085; x_wconf 86' lang='lat' dir='ltr'>postquam</span> <span class='ocrx_word' id='word_1_574' title='bbox 2600 5011 2834 5067; x_wconf 82' lang='lat' dir='ltr'>firmam</span> <span class='ocrx_word' id='word_1_575' title='bbox 2867 5014 3005 5085; x_wconf 87' lang='lat' dir='ltr'>ejus</span> <span class='ocrx_word' id='word_1_576' title='bbox 3036 5013 3120 5070; x_wconf 89' lang='lat' dir='ltr'>rei</span> <span class='ocrx_word' id='word_1_577' title='bbox 3150 5015 3325 5071; x_wconf 85' lang='lat' dir='ltr'>ﬁdem</span> <span class='ocrx_word' id='word_1_578' title='bbox 3359 5014 3595 5085; x_wconf 89' lang='lat' dir='ltr'>obtulit,</span> 
     </span>
    </p>
   </div>
   <div class='ocr_carea' id='block_1_113' title="bbox 2116 5101 3369 5177">
    <p class='ocr_par' dir='ltr' id='par_1_113' title="bbox 2116 5101 3369 5177">
     <span class='ocr_line' id='line_1_113' title="bbox 2116 5101 3369 5177; baseline 0.001 -17"><span class='ocrx_word' id='word_1_579' title='bbox 2116 5105 2319 5176; x_wconf 86' lang='lat' dir='ltr'>regina</span> <span class='ocrx_word' id='word_1_580' title='bbox 2350 5101 2622 5174; x_wconf 88' lang='lat' dir='ltr'>protinus</span> <span class='ocrx_word' id='word_1_581' title='bbox 2650 5108 2820 5159; x_wconf 87' lang='lat' dir='ltr'>vocat</span> <span class='ocrx_word' id='word_1_582' title='bbox 2849 5105 3369 5177; x_wconf 73' lang='lat' dir='ltr'>archypraesulem,</span> 
     </span>
    </p>
   </div>
   <div class='ocr_carea' id='block_1_114' title="bbox 2118 5193 3444 5266">
    <p class='ocr_par' dir='ltr' id='par_1_114' title="bbox 2118 5193 3444 5266">
     <span class='ocr_line' id='line_1_114' title="bbox 2118 5193 3444 5266; baseline 0.003 -18"><span class='ocrx_word' id='word_1_583' title='bbox 2118 5193 2524 5265; x_wconf 84' lang='lat' dir='ltr'>magistratus,</span> <span class='ocrx_word' id='word_1_584' title='bbox 2558 5196 2850 5262; x_wconf 86' lang='lat' dir='ltr'>senatum,</span> <span class='ocrx_word' id='word_1_585' title='bbox 2885 5193 3182 5266; x_wconf 87' lang='lat' dir='ltr'>aliamque</span> <span class='ocrx_word' id='word_1_586' title='bbox 3210 5196 3444 5252; x_wconf 88' lang='lat' dir='ltr'>turbam</span> 
     </span>
    </p>
   </div>
   <div class='ocr_carea' id='block_1_115' title="bbox 2117 5280 3422 5354">
    <p class='ocr_par' dir='ltr' id='par_1_115' title="bbox 2117 5280 3422 5354">
     <span class='ocr_line' id='line_1_115' title="bbox 2117 5280 3422 5354; baseline 0.002 -15"><span class='ocrx_word' id='word_1_587' title='bbox 2117 5281 2599 5350; x_wconf 87' lang='lat' dir='ltr'>Marcianumque</span> <span class='ocrx_word' id='word_1_588' title='bbox 2628 5280 2866 5335; x_wconf 89' lang='lat' dir='ltr'>redimit</span> <span class='ocrx_word' id='word_1_589' title='bbox 2895 5284 3056 5354; x_wconf 89' lang='lat' dir='ltr'>regni</span> <span class='ocrx_word' id='word_1_590' title='bbox 3088 5288 3422 5354; x_wconf 87' lang='lat' dir='ltr'>stemmate,</span> 
     </span>
    </p>
   </div>
   <div class='ocr_carea' id='block_1_116' title="bbox 2121 5370 3259 5441">
    <p class='ocr_par' dir='ltr' id='par_1_116' title="bbox 2121 5370 3259 5441">
     <span class='ocr_line' id='line_1_116' title="bbox 2121 5370 3259 5441; baseline 0.004 -14"><span class='ocrx_word' id='word_1_591' title='bbox 2121 5376 2179 5427; x_wconf 89' lang='lat' dir='ltr'>et</span> <span class='ocrx_word' id='word_1_592' title='bbox 2201 5375 2601 5426; x_wconf 88' lang='lat' dir='ltr'>Romanorum</span> <span class='ocrx_word' id='word_1_593' title='bbox 2634 5370 3053 5441; x_wconf 88' lang='lat' dir='ltr'>imperatorem</span> <span class='ocrx_word' id='word_1_594' title='bbox 3084 5381 3259 5431; x_wconf 82' lang='lat' dir='ltr'>creat.</span> 
     </span>
    </p>
   </div>
   <div class='ocr_carea' id='block_1_117' title="bbox 2123 5459 3148 5531">
    <p class='ocr_par' dir='ltr' id='par_1_117' title="bbox 2123 5459 3148 5531">
     <span class='ocr_line' id='line_1_117' title="bbox 2123 5459 3148 5531; baseline 0.003 -14"><span class='ocrx_word' id='word_1_595' title='bbox 2123 5460 2274 5517; x_wconf 92' lang='lat' dir='ltr'>Huic</span> <span class='ocrx_word' id='word_1_596' title='bbox 2306 5459 2444 5515; x_wconf 89' lang='lat' dir='ltr'>olim</span> <span class='ocrx_word' id='word_1_597' title='bbox 2480 5459 2709 5531; x_wconf 89' lang='lat' dir='ltr'>captivo</span> <span class='ocrx_word' id='word_1_598' title='bbox 2742 5476 2807 5515; x_wconf 88' lang='lat' dir='ltr'>ac</span> <span class='ocrx_word' id='word_1_599' title='bbox 2829 5460 3148 5519; x_wconf 89' lang='lat' dir='ltr'>dormienti</span> 
     </span>
    </p>
   </div>
   <div class='ocr_carea' id='block_1_118' title="bbox 2126 5548 3355 5623">
    <p class='ocr_par' dir='ltr' id='par_1_118' title="bbox 2126 5548 3355 5623">
     <span class='ocr_line' id='line_1_118' title="bbox 2126 5548 3355 5623; baseline 0.003 -18"><span class='ocrx_word' id='word_1_600' title='bbox 2126 5566 2262 5605; x_wconf 92' lang='lat' dir='ltr'>cum</span> <span class='ocrx_word' id='word_1_601' title='bbox 2296 5548 2427 5605; x_wconf 85' lang='lat' dir='ltr'>aliis</span> <span class='ocrx_word' id='word_1_602' title='bbox 2460 5549 2820 5620; x_wconf 88' lang='lat' dir='ltr'>concaptivis</span> <span class='ocrx_word' id='word_1_603' title='bbox 2853 5550 2911 5605; x_wconf 91' lang='lat' dir='ltr'>in</span> <span class='ocrx_word' id='word_1_604' title='bbox 2941 5555 3107 5623; x_wconf 88' lang='lat' dir='ltr'>septo</span> <span class='ocrx_word' id='word_1_605' title='bbox 3140 5551 3355 5623; x_wconf 86' lang='lat' dir='ltr'>medio,</span> 
     </span>
    </p>
   </div>
   <div class='ocr_carea' id='block_1_119' title="bbox 2131 5637 3168 5709">
    <p class='ocr_par' dir='ltr' id='par_1_119' title="bbox 2131 5637 3168 5709">
     <span class='ocr_line' id='line_1_119' title="bbox 2131 5637 3168 5709; baseline 0.002 -14"><span class='ocrx_word' id='word_1_606' title='bbox 2131 5638 2359 5695; x_wconf 73' lang='lat' dir='ltr'>aestivas</span> <span class='ocrx_word' id='word_1_607' title='bbox 2392 5637 2515 5694; x_wconf 90' lang='lat' dir='ltr'>sole</span> <span class='ocrx_word' id='word_1_608' title='bbox 2540 5637 2841 5709; x_wconf 89' lang='lat' dir='ltr'>jaculante</span> <span class='ocrx_word' id='word_1_609' title='bbox 2874 5639 3168 5709; x_wconf 87' lang='lat' dir='ltr'>ﬂammas,</span> 
     </span>
    </p>
   </div>
   <div class='ocr_carea' id='block_1_120' title="bbox 2135 5727 3268 5803">
    <p class='ocr_par' dir='ltr' id='par_1_120' title="bbox 2135 5727 3268 5803">
     <span class='ocr_line' id='line_1_120' title="bbox 2135 5727 3268 5803; baseline 0.003 -19"><span class='ocrx_word' id='word_1_610' title='bbox 2135 5727 2417 5784; x_wconf 88' lang='lat' dir='ltr'>advolans</span> <span class='ocrx_word' id='word_1_611' title='bbox 2449 5727 2649 5801; x_wconf 90' lang='lat' dir='ltr'>aquila</span> <span class='ocrx_word' id='word_1_612' title='bbox 2679 5729 2952 5785; x_wconf 87' lang='lat' dir='ltr'>umbram</span> <span class='ocrx_word' id='word_1_613' title='bbox 2986 5730 3268 5803; x_wconf 67' lang='lat' dir='ltr'>praebuit:</span> 
     </span>
    </p>
   </div>
   <div class='ocr_carea' id='block_1_121' title="bbox 2138 5817 3577 5894">
    <p class='ocr_par' dir='ltr' id='par_1_121' title="bbox 2138 5817 3577 5894">
     <span class='ocr_line' id='line_1_121' title="bbox 2138 5817 3577 5894; baseline 0.003 -20"><span class='ocrx_word' id='word_1_614' title='bbox 2138 5818 2293 5891; x_wconf 91' lang='lat' dir='ltr'>quod</span> <span class='ocrx_word' id='word_1_615' title='bbox 2327 5834 2463 5875; x_wconf 88' lang='lat' dir='ltr'>cum</span> <span class='ocrx_word' id='word_1_616' title='bbox 2496 5817 2771 5875; x_wconf 87' lang='lat' dir='ltr'>rescisset</span> <span class='ocrx_word' id='word_1_617' title='bbox 2795 5818 3072 5877; x_wconf 89' lang='lat' dir='ltr'>dominus</span> <span class='ocrx_word' id='word_1_618' title='bbox 3102 5819 3283 5890; x_wconf 88' lang='lat' dir='ltr'>hujus</span> <span class='ocrx_word' id='word_1_619' title='bbox 3314 5820 3577 5894; x_wconf 86' lang='lat' dir='ltr'>regulus,</span> 
     </span>
    </p>
   </div>
   <div class='ocr_carea' id='block_1_122' title="bbox 3430 5942 3471 5998">
    <p class='ocr_par' dir='ltr' id='par_1_122' title="bbox 3430 5942 3471 5998">
     <span class='ocr_line' id='line_1_122' title="bbox 3430 5942 3471 5998; baseline 0 0"><span class='ocrx_word' id='word_1_620' title='bbox 3430 5942 3471 5998; x_wconf 82' lang='grc'>2</span> 
     </span>
    </p>
   </div>
   <div class='ocr_carea' id='block_1_123' title="bbox 3689 484 3759 539">
    <p class='ocr_par' dir='ltr' id='par_1_123' title="bbox 3689 484 3759 539">
     <span class='ocr_line' id='line_1_123' title="bbox 3689 484 3759 539; baseline 0.014 -1"><span class='ocrx_word' id='word_1_621' title='bbox 3689 484 3759 539; x_wconf 77' lang='grc'>42</span> 
     </span>
    </p>
   </div>
  </div>
