4140 6436
393 462 460 515 43
1611 451 1978 508 ΕΡΗῐίλΕΜΠ
2024 461 2028 491 ι

1611 451 1978 508 ΕΡΗῐίιΕΜΠ
2024 450 2361 509 CHRONOC
2373 452 2594 507 ΒΑΡΗΙ

383 586 658 641 eumdem
694 584 940 639 liberum
971 582 1201 636 remisit
1232 580 1288 633 in
1321 578 1573 650 patriam

383 675 510 729 Duo
544 690 776 745 quoque
801 674 1009 728 fratres
1043 672 1199 727 idem
1233 668 1569 740 prodigium

386 763 695 835 perspicue
721 763 994 817 viderunt
1022 762 1078 815 in
1116 758 1298 830 Lyciae
1336 754 1655 828 provincia,

387 853 568 924 hique
602 853 891 908 Marciano
923 850 1238 922 praedixere
1264 846 1601 918 imperium.

391 944 486 998 Sic
518 943 627 997 iste
649 940 877 1012 accepit
906 940 1102 995 omina
1136 937 1428 1009 potentia.

390 1032 702 1087 Pulcheria
728 1047 862 1085 vero
895 1029 1185 1101 publicam
1221 1042 1342 1081 rem
1376 1039 1608 1096 gerens,

391 1127 449 1177 et
478 1137 611 1175 cum
645 1119 935 1174 Marciano
970 1116 1131 1187 regni
1165 1132 1337 1170 curas
1370 1113 1654 1184 partiens,

393 1213 610 1266 mirum
644 1211 699 1264 in
726 1207 1065 1263 Blachernis
1097 1212 1273 1276 atque
1306 1200 1765 1274 incomparabile

388 1308 609 1378 Virgini
640 1306 808 1362 Matri
838 1303 1125 1376 templum
1155 1301 1449 1357 excitavit.

388 1398 652 1467 Cumque
683 1396 877 1450 Romae
909 1394 1121 1448 veteris
1152 1408 1303 1462 papa
1334 1393 1490 1445 esset
1522 1390 1634 1443 Leo

387 1502 549 1542 novae
581 1489 776 1540 autem
804 1482 1015 1554 praesul
1050 1479 1379 1548 Anatolius,

389 1576 543 1647 quod
570 1575 883 1629 Dioscorus
916 1575 1219 1643 patrarant
1250 1574 1426 1639 atque
1459 1566 1745 1636 Eutyches

388 1669 592 1719 contra
624 1678 904 1733 magnum
945 1660 1283 1714 Flavianum
1316 1673 1489 1729 grave
1522 1658 1750 1711 facinus

391 1772 464 1809 ne
494 1754 736 1824 impune
768 1752 933 1817 foret,
963 1751 1283 1820 imperator
1312 1752 1401 1802 est
1431 1752 1688 1817 rogatus.

387 1844 640 1912 Jamque
672 1840 965 1911 synodum
998 1837 1264 1893 contrahi
1286 1838 1529 1907 jussum
1565 1835 1755 1890 fuerat

392 1930 672 1988 Marciani
706 1929 894 1984 edicto
927 1945 991 1982 ac
1023 1927 1360 1982 Pulcherizs.

390 2019 912 2092 philochristorum
946 2033 1144 2086 regum
1174 2016 1431 2087 piorum.

389 2111 539 2182 Ergo
572 2110 631 2163 in
666 2109 809 2163 urbe
841 2106 1205 2162 Chalcedone
1237 2105 1524 2159 divinitus

387 2199 642 2269 theologi
679 2199 876 2253 Patres
898 2198 1295 2251 convenerunt

388 2288 647 2345 sexcenti
682 2304 812 2341 cum
848 2286 1091 2357 triginta
1111 2284 1465 2355 congregati.

386 2379 491 2433 His
524 2382 770 2449 praeerat
801 2380 994 2430 Romaa
1026 2374 1275 2428 senioris
1305 2374 1415 2427 Leo

388 2482 668 2537 novaeque
695 2465 1000 2520 Anatolius
1033 2464 1166 2518 dius
1197 2462 1505 2533 episcopus

388 2562 445 2611 et
469 2554 772 2611 Juvenalis
805 2553 999 2609 Sionis
1035 2558 1285 2607 sanctae:

387 2646 569 2717 hique
604 2645 965 2699 damnarunt
998 2641 1204 2695 merito
1232 2641 1581 2695 Dioscorum

389 2751 521 2790 eum
547 2733 860 2805 Eutychete
880 2734 1083 2786 contra
1113 2746 1287 2785 suum
1308 2744 1516 2783 nomen
1550 2727 1789 2796 misero,

387 2825 489 2897 qui
520 2837 890 2893 nequaquam
926 2822 1074 2875 duas
1098 2818 1312 2874 Christi
1345 2824 1609 2885 naturas,

387 2912 488 2967 sed
522 2925 701 2965 unam
730 2909 910 2979 impie
944 2907 1201 2976 falsoque
1229 2907 1629 2961 afﬁrmabant.

387 3010 539 3065 Tum
571 3008 711 3079 quia
741 3007 1037 3062 contraria
1065 3005 1439 3076 impudenter
1471 3004 1645 3059 factio

386 3097 859 3152 calumniabatur
882 3100 1099 3150 temere
1132 3094 1485 3150 orthodoxos

387 3187 557 3258 quasi
588 3186 838 3241 Nestorii
870 3185 1006 3240 vitio
1038 3184 1393 3251 laborantes,

389 3277 529 3331 dum
564 3276 717 3331 hanc
752 3276 821 3329 de
853 3274 1086 3330 Christo
1120 3274 1475 3329 sententiam
1507 3276 1797 3343 gererent,

390 3366 547 3437 quod
575 3365 722 3419 duas
756 3368 997 3419 naturas
1030 3364 1314 3434 perfectas
1346 3362 1709 3429 inconfusas,

392 3454 503 3510 sub
534 3470 653 3508 una
674 3453 912 3523 junctas
952 3458 1148 3508 tamen
1181 3468 1431 3523 persona
1461 3451 1772 3520 habuerit;

395 3542 469 3596 ab
501 3542 841 3597 orthodoxis
865 3541 1271 3612 haereticisque
1294 3539 1472 3595 simul

398 3630 612 3703 duplex
642 3631 894 3687 confessi
927 3630 1192 3701 protinus
1224 3628 1650 3696 conscribitur;

394 3721 623 3792 hasque
649 3720 843 3791 sigillo
877 3721 1055 3792 probe
1082 3720 1479 3775 communitas

393 3810 455 3864 in
489 3826 624 3865 arca
655 3809 938 3867 claudunt
968 3826 1271 3865 sacrarum
1305 3809 1689 3879 reliquiarum

396 3899 599 3968 puella:
634 3898 907 3970 martyris
933 3900 1113 3953 beata;
1149 3898 1506 3971 Euphemiae.

393 3998 534 4052 Post
565 3998 805 4053 tertiam
838 3998 993 4053 diem
1029 3997 1302 4068 precibus
1334 3996 1589 4067 peractis

396 4088 625 4142 cunctis
655 4086 988 4157 sepulcrum
1023 4092 1227 4157 patens
1261 4083 1859 4153 circumsistentibus,

399 4177 671 4232 adstante
702 4176 878 4232 etiam
910 4193 1044 4230 cum
1077 4174 1352 4230 Patribus
1384 4178 1629 4241 Caesare,

394 4266 450 4336 (0
483 4266 924 4331 admirandum,
955 4265 1180 4319 Christe
1204 4265 1304 4335 mi,
1332 4262 1663 4335 prodigium
1690 4264 1729 4333 l)

396 4355 803 4410 haereticorum
836 4356 1078 4425 quidem
1111 4353 1495 4409 scelestarum
1520 4352 1667 4408 liber

392 4443 668 4513 martyris
702 4445 994 4515 projectus
1026 4444 1095 4498 ad
1132 4443 1307 4513 pedes
1339 4442 1529 4495 fuerat
1562 4460 1576 4510 ;

391 4538 451 4587 at
471 4533 803 4588 orthodoxae
840 4533 972 4588 ﬁdei
1006 4532 1271 4588 libellum

392 4622 521 4679 diva
554 4622 679 4677 suis
714 4623 992 4677 manibus
1028 4621 1272 4675 ﬁrmiter
1299 4620 1569 4685 tenebat;

390 4710 573 4783 idque
607 4711 879 4782 regnanti
915 4726 980 4764 ac
1015 4708 1365 4781 patriarchae
1392 4709 1603 4763 obtulit

392 4801 595 4856 dextra
626 4802 697 4855 ad
725 4817 822 4855 eos
846 4804 1143 4871 protensa.
1180 4797 1349 4866 (Proh
1385 4797 1736 4853 miraculum
1764 4798 1803 4868 ί)

392 4904 531 4955 Post
562 4899 681 4954 haec
715 4898 918 4969 regina
949 4895 1243 4951 derelictis
1274 4897 1447 4951 terris

394 4989 561 5044 sedes
585 4990 655 5043 ad
689 4988 955 5042 cmlestes
987 4985 1222 5039 transiit
1253 4985 1582 5054 Pulcheria,

397 5094 529 5147 quae
561 5078 709 5133 bene
740 5075 1183 5144 orthodoxaque
1205 5091 1336 5130 cum
1370 5076 1584 5147 pietate

400 5167 639 5233 vixerat,
673 5180 892 5235 sponso
920 5162 1141 5234 optimo
1175 5164 1549 5219 subserviens

397 5257 627 5312 Christo
660 5255 719 5309 in
743 5251 1091 5308 castimonia
1121 5255 1411 5325 rectisque
1436 5254 1714 5325 operibus

398 5344 767 5415 splendidam
800 5340 1154 5411 virginitatis
1182 5342 1343 5397 alens
1375 5342 1731 5413 lampadem.

394 5435 539 5487 Dein
571 5430 907 5485 Marcianus
940 5446 1170 5499 quoque
1200 5437 1445 5486 mortem
1478 5431 1622 5486 obiit

395 5536 571 5574 senex
595 5521 719 5589 jam
755 5519 1126 5591 grandaevus,
1162 5537 1261 5575 rex
1292 5520 1584 5590 amabilis,

395 5609 552 5663 bona
582 5624 771 5677 mens,
806 5600 965 5662 mitis
999 5608 1237 5664 animus
1267 5610 1672 5680 etjucundus.

394 5696 503 5752 Hic
526 5697 787 5768 auspicio
817 5696 1014 5752 divino
1046 5698 1118 5752 ad
1152 5698 1468 5769 imperium
1500 5705 1761 5772 venerat,

400 5802 586 5858 eoque
616 5803 717 5845 sex
748 5788 930 5844 ferme
954 5787 1126 5843 annis
1148 5788 1475 5860 perfruitus
1505 5793 1616 5859 est,

2064 576 2116 641 Α

2326 575 2561 651 Ἀφῆκεν
2595 576 2755 631 αὐτὸν
2781 577 2917 651 πρὸς
2949 573 3169 650 πατρίδ’
3203 576 3445 634 ἀπιέναι.

2326 666 2486 719 Τοῦτ“
2516 666 2649 720 αὐτὸ
2678 665 2843 720 πάλιν
2874 666 2962 719 καὶ
2995 663 3122 727 δυάς
3145 687 3230 727 τις
3263 665 3535 740 συγγόνων

2325 754 2550 811 Κατεῖδε
2584 760 2766 832 σαφῶς
2799 755 2850 810 ἐν
2876 757 3069 828 θέματι
3102 756 3332 824 Λυκίας,

2182 846 2289 901 815
2326 850 2395 899 Ἦ
2422 846 2512 899 καὶ
2544 851 2773 920 προεῖπε
2802 843 2945 917 τῷδε
2974 847 3073 914 τὴν
3108 845 3469 921 κραταρχίαν.
3504 880 3507 883 -

2323 932 2480 989 Οὕτω
2512 937 2904 1010 προαφώριστο
2933 933 3077 1007 τῷδε
3107 936 3169 989 τὸ
3200 935 3418 1009 κράτος.

2328 1021 2647 1099 ΙΙουλχερία
2678 1022 2735 1079 δὲ
2766 1026 3123 1102 φροντίζουσα
3144 1024 3506 1099 πραγμάτων,

2330 1114 2427 1166 Καὶ
2459 1112 2886 1189 συνδιαφέρουσα
2914 1116 3013 1182 τήν
3046 1115 3406 1190 κραταρχίαν,

2329 1202 2436 1259 Τὸν
2470 1202 2521 1257 ἐν
2556 1202 2893 1278 Βλαχέρναις
2923 1202 3312 1277 ἁπαράμιλλον
3348 1202 3491 1275 ξένον

2185 1296 2291 1347 820
2330 1293 2478 1347 Νεὼν
2510 1293 2695 1359 ἀνιστᾷ
2724 1295 3172 1369 Μητροπαρθὲνφ
3202 1296 3371 1369 Κόρῃ.

2330 1377 2706 1458 ΙΙρεσϐυτέρας
2738 1382 2965 1455 Ῥώμης
3001 1381 3058 1437 δὲ
3086 1385 3319 1446 Λέοντος
3348 1384 3499 1439 πάπα

2330 1474 2428 1526 Καὶ
2461 1493 2595 1541 ποετ·
2624 1477 2853 1549 ενάρχου
2885 1470 2929 1526 δ’
2959 1472 3267 1529 Ανατολίου
3296 1472 3417 1535 νέας

2332 1562 2411 1619 Τὰ
2439 1566 2545 1638 πρ)
2580 1562 2884 1635 Διοσκόρου
2910 1582 2968 1616 τε
2996 1566 3095 1617 τοῦ
3124 1564 3171 1615 τ’
3204 1561 3478 1638 Εὖτυχέος

2331 1651 2645 1727 Πραχοέντα
2677 1650 2861 1713 δεινῶς
2893 1646 3204 1706 Φλαϐιανὸν
3239 1650 3313 1713 είς
3345 1653 3510 1727 μέγαν

2190 1751 2297 1804 825
2337 1750 2425 1817 Μή
2456 1749 2839 1825 παραδραμεῖν
2870 1747 3056 1804 ἄνακτ’
3076 1749 3493 1823 ἐξαιτουμένων,

2330 1836 2469 1909 ’Ίιδη
2496 1840 2739 1912 γενέσθαι
2774 1837 2996 1901 σύνοδος
3027 1839 3252 1893 τέτακτό
3283 1860 3344 1913 γε

2333 1929 2652 2000 Μαρκιανοῦ
2683 1925 2918 2002 δόγματι
2949 1927 3041 1981 καὶ
3074 1926 3419 2002 Πουλχερίας

2332 2021 2455 2073 Τῶν
2487 2014 2864 2093 φιλοχρίστων
2901 2012 3133 2072 εὐσεϐῶν
3168 2015 3461 2091 βασιλέων.

2333 2105 2615 2175 Συνῆλθον
2646 2106 2841 2161 οὐκοῦν
2863 2107 2913 2161 έν
2937 2104 3252 2175 Χαλκηδόνι
3282 2103 3443 2161 πόλει

2187 2197 2293 2251 830
2330 2196 2631 2268 Ἑξακόσιοι
2672 2197 2906 2271 Πατέρες
2941 2195 3194 2272 θεηγόροι

2332 2284 2474 2359 Πρὸς
2504 2286 2799 2356 τριάκοντα
2826 2286 3182 2359 συναχθέντες
3215 2285 3431 2355 ἐνθέως,

2328 2380 2420 2428 Ὢν
2454 2375 2599 2450 ἦρχε
2631 2375 2851 2448 Ῥώμης
2882 2381 2983 2444 τῆς
3010 2373 3341 2450 παλαιτέρας
3377 2378 3550 2444 Λέων,

2333 2464 2470 2525 Νέας
2500 2466 2546 2517 τ’
2576 2464 2902 2528 Ἀνατόλιος
2932 2461 3113 2528 ἔνθεος
3144 2463 3334 2534 θύτης,

2330 2554 2427 2607 Καὶ
2460 2548 2821 2614 Ἰουϐενάλιος
2852 2554 2995 2607 Σιὼν
3025 2552 3197 2627 άγίας·

2186 2644 2293 2698 835
2329 2640 2395 2699 Οἳ
2430 2640 2496 2710 δή
2528 2640 2784 2705 καθεῖλον
2815 2642 3109 2715 Διόσκςρον
3132 2639 3356 2704 ἐνδίκως
3456 2672 3468 2680 -

2334 2730 2436 2785 Σὺν
2472 2732 2709 2805 Εὐτυχεῖ
2739 2752 2799 2785 τε
2832 2728 3093 2804 δυστυχεῖ
3118 2728 3421 2802 τρισαθλίῳ

2332 2822 2451 2879 Ἐπὶ
2486 2823 2724 2896 Χριστοῦ
2757 2818 3015 2897 λέγοντας
3047 2819 3108 2876 οὐ
3141 2818 3341 2884 διπλᾶς
3365 2819 3575 2895 φύσεις,

2327 2909 2467 2968 Μίαν
2502 2910 2559 2965 οὶ
2592 2908 2804 2982 μᾶλλον
2835 2908 3129 2977 δυσσεϐῶς,
3158 2908 3533 2987 κακοφρόνως·

2330 2999 2478 3056 Ἐπεὶ
2503 2997 2548 3053 δ’
2570 2998 2805 3061 ἀναιδῶς
2840 3001 3167 3055 ὑπεναντίων
3203 3000 3391 3076 στίφος

2187 3100 2293 3153 840
2332 3096 2697 3173 Ὀρθόφρονας
2726 3098 2792 3166 ἦν
2825 3091 3187 3151 ἐνδιαϐάλλον
3226 3094 3423 3167 μάτην,

2329 3189 2417 3248 Ὠς
2446 3187 2743 3262 Νεστορίου
2774 3186 2872 3253 τήν
2908 3183 3091 3256 λύμην
3127 3181 3502 3258 δεδεγμένους,

2333 3278 2424 3334 Ἐν
2458 3279 2539 3347 τῷ
2569 3279 2785 3351 φρονεῖν
2808 3294 2866 3328 τε
2894 3272 2983 3327 καὶ
3012 3271 3184 3348 λέγειν
3219 3271 3453 3347 Χριστὸν
3487 3273 3666 3349 φέρειν

2333 3365 2541 3426 Διπλάς
2572 3361 2784 3425 τελείας
2808 3362 2903 3425 τὰς
2928 3362 3112 3439 φύσεις
3146 3361 3473 3437 ἀσογχύτως

2335 3452 2646 3527 Ἦνωμένας
2680 3453 2743 3507 αὗ
2776 3452 2828 3507 ἐν
2861 3456 2960 3525 μιᾷ
2982 3453 3031 3526 γ’
3065 3451 3374 3509 ὑποστάσει.

2192 3547 2298 3601 845
2338 3544 2483 3619 Πρὸς
2521 3539 2851 3617 ὀρθοδόξων,
2884 3537 3181 3610 δυσσεϐῶν,
3206 3541 3370 3616 τόμοι
3403 3539 3499 3597 δύο

2335 3632 2671 3710 Γεγράφαται
2701 3632 2767 3701 δῆ
2799 3632 2889 3687 σὺν
2925 3630 3027 3705 ὅλῃ
3058 3632 3361 3707 προθυμίᾳ,

2336 3722 2435 3776 Καὶ
2462 3718 2659 3777 τούσδε
2686 3721 2871 3783 καλῶς
2900 3721 3309 3796 σφραγίσαντες,
3344 3721 3419 3783 ὡς
3453 3718 3594 3792 δέον,

2336 3812 2422 3867 Ἐν
2458 3811 2687 3886 λάρνακι
2713 3808 2957 3866 κλείουσι
2992 3814 3198 3865 σεπτῶν
3234 3808 3508 3884 λειψάνων

2336 3901 2625 3974 Εὐφημίας
2662 3902 2935 3976 μάρτυρος
2966 3895 3159 3962 ὀλϐίας
3187 3900 3377 3973 κόρηςο

2189 4002 2294 4055 850
2333 4000 2465 4057 Εἶτα
2496 4001 2609 4072 μετ’
2642 3999 2806 4075 εὐχὰς
2839 4001 3047 4075 ἡμέραν
3074 4020 3133 4054 τε
3156 4000 3255 4068 τήν
3287 3997 3476 4073 τρίτην

2337 4090 2557 4143 Πάντων
2591 4088 2874 4160 παρόντων
2908 4089 3256 4162 ἀνεῳγμένου
3286 4090 3483 4165 τάφου,

2338 4177 2436 4234 Καὶ
2468 4180 2564 4232 τοῦ
2596 4182 2925 4251 κρατοῦντος
2954 4178 3338 4251 συμπαρόντος
3375 4175 3643 4251 [Ιατράσιν

2338 4268 2425 4339 (Ὠ
2459 4268 2797 4340 θαυμασίων,
2821 4270 3020 4343 Χριστὶ
3048 4289 3176 4340 μου,
3198 4268 3538 4340 τεραστίων),

2333 4361 2458 4431 Τῶγ
2489 4351 2765 4411 δυσσεϐῶν
2802 4358 2895 4429 μὲν
2930 4358 3216 4432 αἱρετικῶν
3249 4377 3355 4411 που
3383 4356 3555 4429 τόμος

2192 4448 2300 4503 855
2338 4446 2427 4501 Ἐν
2458 4450 2576 4507 τοῖς
2608 4446 2735 4500 ποσὶ
2768 4450 3044 4520 μάρτυρος
3073 4447 3141 4515 ἦν
3172 4445 3520 4521 ἐρριμμένος·

2336 4534 2439 4589 Τὸν
2474 4531 2520 4588 δ’
2554 4535 2618 4588 αὗ
2648 4556 2707 4609 γε
2738 4532 2931 4589 λοιπὸν
2966 4532 3404 4610 ὀρθοδοξούντων
3436 4536 3633 4610 μέρους

2337 4627 2571 4697 Κατεῖχε
2602 4625 2791 4699 χερσὶν
2826 4622 3085 4701 ἀσφαλῶς
3116 4629 3235 4686 ταῖς
3268 4621 3453 4696 ἰδίαις,

2337 4711 2437 4767 Καὶ
2462 4717 2542 4783 τῷ
2571 4717 2855 4788 κρατοῦντι
2886 4714 2977 4767 καὶ
3007 4712 3324 4789 πατριάρχῃ
3357 4713 3509 4786 νέμει

2332 4802 2445 4868 Τὴν
2477 4800 2649 4871 δεξιὰν
2669 4803 2887 4857 τείνασα
2926 4805 3062 4875 πρὸς
3094 4809 3251 4879 σφᾶς.
3283 4804 3372 4876 (Ὢ
3401 4804 3559 4876 τέρας
3584 4803 3623 4875 l)

2189 4901 2294 4955 860
2331 4900 2481 4954 Μετά
2503 4898 2560 4955 δὲ
2582 4904 2751 4955 ταῦτα
2786 4900 3004 4975 βασιλὶς
3034 4900 3351 4975 Πουλχερία

2337 4991 2506 5057 Γῆθεν
2543 4990 2769 5061 μετέστη
2803 4990 2938 5063 πρὸς
2975 4990 3146 5061 μονὰς
3176 4989 3507 5064 οὐρανίουως

2334 5078 2553 5146 Ζὴσασα
2581 5076 2765 5139 καλῶς
2800 5073 3037 5142 εὐσεϐῶς
3068 5078 3419 5154 ὀρθοφρόνως

2335 5167 2566 5241 Χριστὸν
2602 5166 2976 5241 Θεραπεόσασα
3004 5167 3171 5223 καλὸν
3204 5169 3436 5244 νυμφίον

2336 5257 2423 5314 Ἐν
2458 5257 2719 5330 παρθενίᾳ
2747 5256 2835 5311 καὶ
2867 5254 3051 5311 καλῶν
3085 5258 3382 5326 εὑποιίαις,

2191 5349 2299 5403 865
2337 5346 2437 5403 Κτὶ
2467 5343 2633 5415 τῆσδε
2665 5344 2895 5423 φαιδρὰν
2930 5346 3176 5421 ἀνάψασα
3209 5344 3491 5420 Λαμπάδα.

2336 5437 2469 5492 Εἶτα
2496 5435 2723 5505 τελευτᾷ
2748 5438 3066 5513 Μαρκιανὸς
3095 5437 3189 5492 τὸν
3224 5436 3341 5511 βίον

2337 5527 2514 5595 Ζήσας
2545 5524 2634 5580 ἐπὶ
2671 5528 2937 5598 μήκιστον
2970 5524 3099 5597 ἄναξ
3133 5525 3372 5600 χαρίεις,

2338 5616 2573 5687 Γνώμην
2606 5616 2834 5690 ἀγαθὸς,
2869 5615 3084 5691 ἱλαρὸς,
3114 5620 3289 5690 πρᾶος
3320 5615 3495 5692 φύσει·

2339 5704 2513 5767 Οὗτος
2543 5701 2951 5781 θεοπρόϐλητος
2982 5704 3276 5781 ἐμπρέπων
3308 5704 3514 5781 κράτει.

2196 5795 2303 5849 870
2341 5792 2435 5864 ’Ἐξ
2465 5813 2573 5850 που
2602 5794 2895 5871 κατασχὼν
2925 5795 3024 5865 τήν
3057 5793 3349 5853 Βασιλείαν
3380 5797 3645 5871 χρόνους.

3742 450 3809 505 44
