  <div class='ocr_page' id='page_1' title='image "/cluster/home/n/w/nwhite01/storage/ocr_20150623/143:no.1/coo.31924054870484/030.png"; bbox 0 0 4140 6502; ppageno 0'>
   <div class='ocr_carea' id='block_1_1' title="bbox 281 481 2192 539">
    <p class='ocr_par' dir='ltr' id='par_1_1' title="bbox 281 481 2192 539">
     <span class='ocr_line' id='line_1_1' title="bbox 281 481 2192 539; baseline -0.002 0"><span class='ocrx_word' id='word_1_1' title='bbox 281 484 342 539; x_wconf 73' lang='grc'>45</span> <span class='ocrx_word' id='word_1_2' title='bbox 1827 481 2192 537; x_wconf 66' lang='grc' dir='ltr'>ΟΕΒΔΒΕΞ.</span> 
     </span>
    </p>
   </div>
   <div class='ocr_carea' id='block_1_2' title="bbox 433 569 1503 682">
    <p class='ocr_par' dir='ltr' id='par_1_2' title="bbox 433 569 1503 682">
     <span class='ocr_line' id='line_1_2' title="bbox 433 569 1503 682; baseline -0.007 -18"><span class='ocrx_word' id='word_1_3' title='bbox 433 607 533 669; x_wconf 70' lang='lat' dir='ltr'>&quot;Oc</span> <span class='ocrx_word' id='word_1_4' title='bbox 563 569 932 682; x_wconf 79' lang='grc' dir='ltr'>γνωματεύῶν</span> <span class='ocrx_word' id='word_1_5' title='bbox 971 604 1046 678; x_wconf 81' lang='grc' dir='ltr'>μὴ</span> <span class='ocrx_word' id='word_1_6' title='bbox 1079 607 1244 658; x_wconf 86' lang='grc' dir='ltr'>κινεῖν</span> <span class='ocrx_word' id='word_1_7' title='bbox 1273 601 1503 678; x_wconf 98' lang='grc' dir='ltr'>βασιλέα</span> 
     </span>
    </p>
   </div>
   <div class='ocr_carea' id='block_1_3' title="bbox 435 690 1596 773">
    <p class='ocr_par' dir='ltr' id='par_1_3' title="bbox 435 690 1596 773">
     <span class='ocr_line' id='line_1_3' title="bbox 435 690 1596 773; baseline -0.005 -20"><span class='ocrx_word' id='word_1_8' title='bbox 435 697 667 773; x_wconf 81' lang='grc' dir='ltr'>Ἔφασκε</span> <span class='ocrx_word' id='word_1_9' title='bbox 699 692 812 749; x_wconf 85' lang='grc' dir='ltr'>δεῖο</span> <span class='ocrx_word' id='word_1_10' title='bbox 842 693 991 750; x_wconf 77' lang='grc' dir='ltr'>ὅπλα</span> <span class='ocrx_word' id='word_1_11' title='bbox 1019 714 1077 748; x_wconf 92' lang='grc' dir='ltr'>τε</span> <span class='ocrx_word' id='word_1_12' title='bbox 1106 692 1195 748; x_wconf 82' lang='grc' dir='ltr'>καὶ</span> <span class='ocrx_word' id='word_1_13' title='bbox 1231 694 1418 768; x_wconf 85' lang='grc' dir='ltr'>μάχην</span> <span class='ocrx_word' id='word_1_14' title='bbox 1448 690 1596 754; x_wconf 76' lang='grc' dir='ltr'>ὅλως</span> 
     </span>
    </p>
   </div>
   <div class='ocr_carea' id='block_1_4' title="bbox 435 782 1465 860">
    <p class='ocr_par' dir='ltr' id='par_1_4' title="bbox 435 782 1465 860">
     <span class='ocr_line' id='line_1_4' title="bbox 435 782 1465 860; baseline -0.004 -17"><span class='ocrx_word' id='word_1_15' title='bbox 435 788 533 843; x_wconf 82' lang='grc' dir='ltr'>Ἂν</span> <span class='ocrx_word' id='word_1_16' title='bbox 564 785 599 860; x_wconf 70' lang='grc' dir='ltr'>ᾖ</span> <span class='ocrx_word' id='word_1_17' title='bbox 634 782 859 840; x_wconf 87' lang='grc' dir='ltr'>δυνατὸν</span> <span class='ocrx_word' id='word_1_18' title='bbox 894 782 1103 860; x_wconf 74' lang='grc' dir='ltr'>ἤρεμον</span> <span class='ocrx_word' id='word_1_19' title='bbox 1143 785 1293 858; x_wconf 76' lang='grc' dir='ltr'>βιοῦν</span> <span class='ocrx_word' id='word_1_20' title='bbox 1328 782 1465 856; x_wconf 90' lang='grc' dir='ltr'>βίον.</span> 
     </span>
    </p>
   </div>
   <div class='ocr_carea' id='block_1_5' title="bbox 310 899 1879 959">
    <p class='ocr_par' dir='ltr' id='par_1_5' title="bbox 310 899 1879 959">
     <span class='ocr_line' id='line_1_5' title="bbox 310 899 1879 959; baseline -0.002 -1"><span class='ocrx_word' id='word_1_21' title='bbox 310 908 475 958; x_wconf 81' lang='grc' dir='ltr'>ΛΕΘΝ</span> <span class='ocrx_word' id='word_1_22' title='bbox 514 905 558 959; x_wconf 73' lang='grc' dir='ltr'>ι)</span> <span class='ocrx_word' id='word_1_23' title='bbox 599 904 833 959; x_wconf 82' lang='grc' dir='ltr'>ΜΕΓΑΣ</span> <span class='ocrx_word' id='word_1_24' title='bbox 876 901 1048 958; x_wconf 87' lang='grc' dir='ltr'>ΙΙΤΟῘ</span> <span class='ocrx_word' id='word_1_25' title='bbox 1101 904 1145 958; x_wconf 93' lang='grc' dir='ltr'>Ο</span> <span class='ocrx_word' id='word_1_26' title='bbox 1183 900 1579 957; x_wconf 76' lang='grc' dir='ltr'>ΜΑΚΕΛΛΗΣ</span> <span class='ocrx_word' id='word_1_27' title='bbox 1622 899 1733 956; x_wconf 89' lang='lat' dir='ltr'>ET.</span> <span class='ocrx_word' id='word_1_28' title='bbox 1774 899 1879 957; x_wconf 81' lang='grc' dir='ltr'>ΗΓ.</span> 
     </span>
    </p>
   </div>
   <div class='ocr_carea' id='block_1_6' title="bbox 436 1084 1636 1161">
    <p class='ocr_par' dir='ltr' id='par_1_6' title="bbox 436 1084 1636 1161">
     <span class='ocr_line' id='line_1_6' title="bbox 436 1084 1636 1161; baseline -0.006 -15"><span class='ocrx_word' id='word_1_29' title='bbox 436 1089 649 1147; x_wconf 78' lang='grc' dir='ltr'>Τούτου</span> <span class='ocrx_word' id='word_1_30' title='bbox 682 1086 940 1153; x_wconf 81' lang='grc' dir='ltr'>θανόντος</span> <span class='ocrx_word' id='word_1_31' title='bbox 972 1088 1062 1143; x_wconf 82' lang='grc' dir='ltr'>καὶ</span> <span class='ocrx_word' id='word_1_32' title='bbox 1098 1084 1457 1160; x_wconf 75' lang='grc' dir='ltr'>μεταστάντος</span> <span class='ocrx_word' id='word_1_33' title='bbox 1493 1085 1636 1161; x_wconf 88' lang='grc' dir='ltr'>βίου,</span> 
     </span>
    </p>
   </div>
   <div class='ocr_carea' id='block_1_7' title="bbox 312 1174 1568 1254">
    <p class='ocr_par' dir='ltr' id='par_1_7' title="bbox 312 1174 1568 1254">
     <span class='ocr_line' id='line_1_7' title="bbox 312 1174 1568 1254; baseline -0.006 -18"><span class='ocrx_word' id='word_1_34' title='bbox 312 1181 406 1236; x_wconf 83' lang='grc'>875</span> <span class='ocrx_word' id='word_1_35' title='bbox 442 1178 611 1240; x_wconf 75' lang='grc' dir='ltr'>Εὐθὺς</span> <span class='ocrx_word' id='word_1_36' title='bbox 641 1175 921 1254; x_wconf 82' lang='grc' dir='ltr'>παρῆλθεν</span> <span class='ocrx_word' id='word_1_37' title='bbox 955 1176 1031 1238; x_wconf 76' lang='grc' dir='ltr'>εἷς</span> <span class='ocrx_word' id='word_1_38' title='bbox 1067 1174 1346 1251; x_wconf 87' lang='grc' dir='ltr'>βασίλειον</span> <span class='ocrx_word' id='word_1_39' title='bbox 1370 1174 1568 1250; x_wconf 87' lang='grc' dir='ltr'>κράτος</span> 
     </span>
    </p>
   </div>
   <div class='ocr_carea' id='block_1_8' title="bbox 443 1263 1764 1338">
    <p class='ocr_par' dir='ltr' id='par_1_8' title="bbox 443 1263 1764 1338">
     <span class='ocr_line' id='line_1_8' title="bbox 443 1263 1764 1338; baseline -0.004 -16"><span class='ocrx_word' id='word_1_40' title='bbox 443 1265 650 1338; x_wconf 78' lang='grc' dir='ltr'>Κλῆσιν</span> <span class='ocrx_word' id='word_1_41' title='bbox 684 1270 834 1322; x_wconf 84' lang='grc' dir='ltr'>Λέων</span> <span class='ocrx_word' id='word_1_42' title='bbox 866 1288 951 1328; x_wconf 88' lang='grc' dir='ltr'>τις</span> <span class='ocrx_word' id='word_1_43' title='bbox 983 1266 1071 1320; x_wconf 82' lang='grc' dir='ltr'>καὶ</span> <span class='ocrx_word' id='word_1_44' title='bbox 1106 1265 1405 1333; x_wconf 83' lang='grc' dir='ltr'>Μακέλλης</span> <span class='ocrx_word' id='word_1_45' title='bbox 1436 1263 1764 1336; x_wconf 81' lang='grc' dir='ltr'>τούπίκλην,</span> 
     </span>
    </p>
   </div>
   <div class='ocr_carea' id='block_1_9' title="bbox 444 1353 1512 1432">
    <p class='ocr_par' dir='ltr' id='par_1_9' title="bbox 444 1353 1512 1432">
     <span class='ocr_line' id='line_1_9' title="bbox 444 1353 1512 1432; baseline -0.002 -22"><span class='ocrx_word' id='word_1_46' title='bbox 444 1358 613 1429; x_wconf 74' lang='grc' dir='ltr'>Ἀνὴρ</span> <span class='ocrx_word' id='word_1_47' title='bbox 644 1355 842 1432; x_wconf 85' lang='grc' dir='ltr'>ἀγαθὸς</span> <span class='ocrx_word' id='word_1_48' title='bbox 872 1356 1077 1430; x_wconf 82' lang='grc' dir='ltr'>ἀρετῶν</span> <span class='ocrx_word' id='word_1_49' title='bbox 1105 1353 1512 1427; x_wconf 81' lang='grc' dir='ltr'>πεπλησμένος,</span> 
     </span>
    </p>
   </div>
   <div class='ocr_carea' id='block_1_10' title="bbox 442 1440 1588 1522">
    <p class='ocr_par' dir='ltr' id='par_1_10' title="bbox 442 1440 1588 1522">
     <span class='ocr_line' id='line_1_10' title="bbox 442 1440 1588 1522; baseline -0.003 -22"><span class='ocrx_word' id='word_1_50' title='bbox 442 1445 694 1501; x_wconf 78' lang='grc' dir='ltr'>ΜάΛιστα</span> <span class='ocrx_word' id='word_1_51' title='bbox 725 1442 998 1522; x_wconf 80' lang='grc' dir='ltr'>φιλοίκτῳ</span> <span class='ocrx_word' id='word_1_52' title='bbox 1032 1440 1089 1498; x_wconf 64' lang='grc' dir='ltr'>δὲ</span> <span class='ocrx_word' id='word_1_53' title='bbox 1113 1444 1588 1518; x_wconf 79' lang='grc' dir='ltr'>κατηυγασμένος,</span> 
     </span>
    </p>
   </div>
   <div class='ocr_carea' id='block_1_11' title="bbox 446 1528 1687 1611">
    <p class='ocr_par' dir='ltr' id='par_1_11' title="bbox 446 1528 1687 1611">
     <span class='ocr_line' id='line_1_11' title="bbox 446 1528 1687 1611; baseline -0.002 -22"><span class='ocrx_word' id='word_1_54' title='bbox 446 1536 672 1611; x_wconf 83' lang='grc' dir='ltr'>Κράτωρ</span> <span class='ocrx_word' id='word_1_55' title='bbox 705 1533 958 1608; x_wconf 81' lang='grc' dir='ltr'>ἀριστεὺς</span> <span class='ocrx_word' id='word_1_56' title='bbox 988 1534 1079 1588; x_wconf 82' lang='grc' dir='ltr'>καὶ</span> <span class='ocrx_word' id='word_1_57' title='bbox 1111 1534 1372 1607; x_wconf 75' lang='grc' dir='ltr'>μαχητὴς</span> <span class='ocrx_word' id='word_1_58' title='bbox 1405 1528 1687 1606; x_wconf 79' lang='grc' dir='ltr'>γεννάδας,</span> 
     </span>
    </p>
   </div>
   <div class='ocr_carea' id='block_1_12' title="bbox 311 1619 1765 1701">
    <p class='ocr_par' dir='ltr' id='par_1_12' title="bbox 311 1619 1765 1701">
     <span class='ocr_line' id='line_1_12' title="bbox 311 1619 1765 1701; baseline -0.003 -19"><span class='ocrx_word' id='word_1_59' title='bbox 311 1628 409 1683; x_wconf 88' lang='grc'>880</span> <span class='ocrx_word' id='word_1_60' title='bbox 444 1626 687 1699; x_wconf 84' lang='grc' dir='ltr'>Ἐχθρῶν</span> <span class='ocrx_word' id='word_1_61' title='bbox 714 1622 931 1679; x_wconf 89' lang='grc' dir='ltr'>κλονῶν</span> <span class='ocrx_word' id='word_1_62' title='bbox 964 1622 1247 1701; x_wconf 79' lang='grc' dir='ltr'>φάλαγγας</span> <span class='ocrx_word' id='word_1_63' title='bbox 1279 1622 1460 1697; x_wconf 84' lang='grc' dir='ltr'>ὥσπερ</span> <span class='ocrx_word' id='word_1_64' title='bbox 1490 1642 1574 1683; x_wconf 90' lang='grc' dir='ltr'>τις</span> <span class='ocrx_word' id='word_1_65' title='bbox 1603 1619 1765 1678; x_wconf 88' lang='grc' dir='ltr'>λέων.</span> 
     </span>
    </p>
   </div>
   <div class='ocr_carea' id='block_1_13' title="bbox 444 1709 1643 1789">
    <p class='ocr_par' dir='ltr' id='par_1_13' title="bbox 444 1709 1643 1789">
     <span class='ocr_line' id='line_1_13' title="bbox 444 1709 1643 1789; baseline -0.003 -21"><span class='ocrx_word' id='word_1_66' title='bbox 444 1715 634 1789; x_wconf 82' lang='grc' dir='ltr'>Σειράν</span> <span class='ocrx_word' id='word_1_67' title='bbox 666 1712 859 1789; x_wconf 75' lang='grc' dir='ltr'>γένους</span> <span class='ocrx_word' id='word_1_68' title='bbox 892 1710 1096 1777; x_wconf 72' lang='grc' dir='ltr'>ἄνωθεν</span> <span class='ocrx_word' id='word_1_69' title='bbox 1127 1709 1306 1766; x_wconf 72' lang='grc' dir='ltr'>ἕλκων</span> <span class='ocrx_word' id='word_1_70' title='bbox 1339 1711 1398 1765; x_wconf 85' lang='grc' dir='ltr'>ἐκ</span> <span class='ocrx_word' id='word_1_71' title='bbox 1429 1710 1643 1786; x_wconf 73' lang='grc' dir='ltr'>Θρᾴκης</span> 
     </span>
    </p>
   </div>
   <div class='ocr_carea' id='block_1_14' title="bbox 446 1800 1660 1877">
    <p class='ocr_par' dir='ltr' id='par_1_14' title="bbox 446 1800 1660 1877">
     <span class='ocr_line' id='line_1_14' title="bbox 446 1800 1660 1877; baseline -0.005 -18"><span class='ocrx_word' id='word_1_72' title='bbox 446 1805 517 1859; x_wconf 79' lang='grc' dir='ltr'>ἸΙ</span> <span class='ocrx_word' id='word_1_73' title='bbox 547 1802 637 1858; x_wconf 82' lang='grc' dir='ltr'>καὶ</span> <span class='ocrx_word' id='word_1_74' title='bbox 670 1806 881 1872; x_wconf 80' lang='grc' dir='ltr'>Δακῶν,</span> <span class='ocrx_word' id='word_1_75' title='bbox 917 1802 991 1863; x_wconf 81' lang='grc' dir='ltr'>ὥς</span> <span class='ocrx_word' id='word_1_76' title='bbox 1021 1801 1146 1877; x_wconf 87' lang='grc' dir='ltr'>φασί</span> <span class='ocrx_word' id='word_1_77' title='bbox 1175 1821 1338 1873; x_wconf 83' lang='grc' dir='ltr'>τινες,</span> <span class='ocrx_word' id='word_1_78' title='bbox 1372 1800 1431 1856; x_wconf 86' lang='grc' dir='ltr'>ἐκ</span> <span class='ocrx_word' id='word_1_79' title='bbox 1452 1800 1660 1876; x_wconf 83' lang='grc' dir='ltr'>γένους,</span> 
     </span>
    </p>
   </div>
   <div class='ocr_carea' id='block_1_15' title="bbox 446 1887 1484 1967">
    <p class='ocr_par' dir='ltr' id='par_1_15' title="bbox 446 1887 1484 1967">
     <span class='ocr_line' id='line_1_15' title="bbox 446 1887 1484 1967; baseline -0.002 -21"><span class='ocrx_word' id='word_1_80' title='bbox 446 1892 789 1967; x_wconf 82' lang='grc' dir='ltr'>Ύπέρμαχος</span> <span class='ocrx_word' id='word_1_81' title='bbox 820 1892 1111 1967; x_wconf 83' lang='grc' dir='ltr'>κράτιστος</span> <span class='ocrx_word' id='word_1_82' title='bbox 1146 1887 1484 1965; x_wconf 79' lang='grc' dir='ltr'>ὀρθοδοξίας,</span> 
     </span>
    </p>
   </div>
   <div class='ocr_carea' id='block_1_16' title="bbox 451 1977 1556 2055">
    <p class='ocr_par' dir='ltr' id='par_1_16' title="bbox 451 1977 1556 2055">
     <span class='ocr_line' id='line_1_16' title="bbox 451 1977 1556 2055; baseline -0.003 -19"><span class='ocrx_word' id='word_1_83' title='bbox 451 1980 550 2036; x_wconf 80' lang='grc' dir='ltr'>Καὶ</span> <span class='ocrx_word' id='word_1_84' title='bbox 583 1977 824 2054; x_wconf 75' lang='grc' dir='ltr'>δαψιλής</span> <span class='ocrx_word' id='word_1_85' title='bbox 852 2000 935 2042; x_wconf 92' lang='grc' dir='ltr'>τις</span> <span class='ocrx_word' id='word_1_86' title='bbox 964 1978 1186 2055; x_wconf 90' lang='grc' dir='ltr'>ἀπόρων</span> <span class='ocrx_word' id='word_1_87' title='bbox 1220 1978 1556 2055; x_wconf 85' lang='grc' dir='ltr'>χορηγέτης·</span> 
     </span>
    </p>
   </div>
   <div class='ocr_carea' id='block_1_17' title="bbox 321 2065 1621 2144">
    <p class='ocr_par' dir='ltr' id='par_1_17' title="bbox 321 2065 1621 2144">
     <span class='ocr_line' id='line_1_17' title="bbox 321 2065 1621 2144; baseline -0.005 -17"><span class='ocrx_word' id='word_1_88' title='bbox 321 2072 435 2127; x_wconf 80' lang='grc'>885</span> <span class='ocrx_word' id='word_1_89' title='bbox 460 2068 663 2128; x_wconf 76' lang='grc' dir='ltr'>Εἵωθεν</span> <span class='ocrx_word' id='word_1_90' title='bbox 699 2069 858 2130; x_wconf 81' lang='grc' dir='ltr'>οὗτος</span> <span class='ocrx_word' id='word_1_91' title='bbox 891 2068 1262 2144; x_wconf 85' lang='grc' dir='ltr'>γνωματεύειν</span> <span class='ocrx_word' id='word_1_92' title='bbox 1294 2067 1384 2121; x_wconf 75' lang='grc' dir='ltr'>καὶ</span> <span class='ocrx_word' id='word_1_93' title='bbox 1416 2065 1621 2143; x_wconf 86' lang='grc' dir='ltr'>λέγειν,</span> 
     </span>
    </p>
   </div>
   <div class='ocr_carea' id='block_1_18' title="bbox 456 2153 1501 2234">
    <p class='ocr_par' dir='ltr' id='par_1_18' title="bbox 456 2153 1501 2234">
     <span class='ocr_line' id='line_1_18' title="bbox 456 2153 1501 2234; baseline -0.004 -20"><span class='ocrx_word' id='word_1_94' title='bbox 456 2161 548 2222; x_wconf 76' lang='grc' dir='ltr'>Ὠς</span> <span class='ocrx_word' id='word_1_95' title='bbox 578 2157 740 2228; x_wconf 80' lang='grc' dir='ltr'>ἥλιος</span> <span class='ocrx_word' id='word_1_96' title='bbox 769 2158 976 2234; x_wconf 88' lang='grc' dir='ltr'>πέφυκε</span> <span class='ocrx_word' id='word_1_97' title='bbox 1005 2156 1311 2233; x_wconf 79' lang='grc' dir='ltr'>θερμαίνειν</span> <span class='ocrx_word' id='word_1_98' title='bbox 1346 2153 1501 2218; x_wconf 64' lang='grc' dir='ltr'>ὅλοις</span> 
     </span>
    </p>
   </div>
   <div class='ocr_carea' id='block_1_19' title="bbox 457 2245 1499 2324">
    <p class='ocr_par' dir='ltr' id='par_1_19' title="bbox 457 2245 1499 2324">
     <span class='ocr_line' id='line_1_19' title="bbox 457 2245 1499 2324; baseline -0.001 -23"><span class='ocrx_word' id='word_1_99' title='bbox 457 2250 551 2310; x_wconf 83' lang='grc' dir='ltr'>Οἷς</span> <span class='ocrx_word' id='word_1_100' title='bbox 577 2245 636 2301; x_wconf 77' lang='grc' dir='ltr'>ἂν</span> <span class='ocrx_word' id='word_1_101' title='bbox 669 2247 851 2324; x_wconf 79' lang='grc' dir='ltr'>ἐπαφῇ</span> <span class='ocrx_word' id='word_1_102' title='bbox 876 2248 975 2308; x_wconf 81' lang='grc' dir='ltr'>τὰς</span> <span class='ocrx_word' id='word_1_103' title='bbox 1007 2248 1223 2321; x_wconf 76' lang='grc' dir='ltr'>φαεινὰς</span> <span class='ocrx_word' id='word_1_104' title='bbox 1254 2246 1499 2314; x_wconf 81' lang='grc' dir='ltr'>ἀκτῖνας,</span> 
     </span>
    </p>
   </div>
   <div class='ocr_carea' id='block_1_20' title="bbox 460 2332 1587 2411">
    <p class='ocr_par' dir='ltr' id='par_1_20' title="bbox 460 2332 1587 2411">
     <span class='ocr_line' id='line_1_20' title="bbox 460 2332 1587 2411; baseline -0.005 -17"><span class='ocrx_word' id='word_1_105' title='bbox 460 2338 569 2394; x_wconf 85' lang='grc' dir='ltr'>Τὸν</span> <span class='ocrx_word' id='word_1_106' title='bbox 602 2335 763 2391; x_wconf 82' lang='grc' dir='ltr'>αὐτὸν</span> <span class='ocrx_word' id='word_1_107' title='bbox 798 2336 951 2408; x_wconf 76' lang='grc' dir='ltr'>οἶμαι</span> <span class='ocrx_word' id='word_1_108' title='bbox 986 2332 1095 2390; x_wconf 84' lang='grc' dir='ltr'>δεῖν</span> <span class='ocrx_word' id='word_1_109' title='bbox 1133 2334 1360 2411; x_wconf 90' lang='grc' dir='ltr'>βασιλέα</span> <span class='ocrx_word' id='word_1_110' title='bbox 1383 2335 1587 2408; x_wconf 88' lang='grc' dir='ltr'>τρόπον</span> 
     </span>
    </p>
   </div>
   <div class='ocr_carea' id='block_1_21' title="bbox 458 2419 1605 2500">
    <p class='ocr_par' dir='ltr' id='par_1_21' title="bbox 458 2419 1605 2500">
     <span class='ocr_line' id='line_1_21' title="bbox 458 2419 1605 2500; baseline -0.003 -19"><span class='ocrx_word' id='word_1_111' title='bbox 458 2427 558 2487; x_wconf 82' lang='grc' dir='ltr'>Οἷς</span> <span class='ocrx_word' id='word_1_112' title='bbox 588 2424 649 2480; x_wconf 74' lang='grc' dir='ltr'>ἂν</span> <span class='ocrx_word' id='word_1_113' title='bbox 683 2419 1025 2499; x_wconf 80' lang='grc' dir='ltr'>ἐπιϐλέψειεν</span> <span class='ocrx_word' id='word_1_114' title='bbox 1059 2424 1362 2500; x_wconf 86' lang='grc' dir='ltr'>ἀνθρώπων</span> <span class='ocrx_word' id='word_1_115' title='bbox 1392 2423 1605 2499; x_wconf 88' lang='grc' dir='ltr'>γένους,</span> 
     </span>
    </p>
   </div>
   <div class='ocr_carea' id='block_1_22' title="bbox 313 2511 1524 2594">
    <p class='ocr_par' dir='ltr' id='par_1_22' title="bbox 313 2511 1524 2594">
     <span class='ocr_line' id='line_1_22' title="bbox 313 2511 1524 2594; baseline -0.002 -22"><span class='ocrx_word' id='word_1_116' title='bbox 313 2518 418 2572; x_wconf 87' lang='grc'>890</span> <span class='ocrx_word' id='word_1_117' title='bbox 459 2520 611 2594; x_wconf 85' lang='grc' dir='ltr'>Σφᾶς</span> <span class='ocrx_word' id='word_1_118' title='bbox 643 2514 826 2585; x_wconf 78' lang='grc' dir='ltr'>ἀξιοῦν</span> <span class='ocrx_word' id='word_1_119' title='bbox 860 2512 1047 2570; x_wconf 83' lang='grc' dir='ltr'>οἷ’κτου</span> <span class='ocrx_word' id='word_1_120' title='bbox 1076 2534 1135 2569; x_wconf 90' lang='grc' dir='ltr'>τε</span> <span class='ocrx_word' id='word_1_121' title='bbox 1164 2511 1524 2590; x_wconf 80' lang='grc' dir='ltr'>φιλοδωρίας.</span> 
     </span>
    </p>
   </div>
   <div class='ocr_carea' id='block_1_23' title="bbox 458 2600 1767 2680">
    <p class='ocr_par' dir='ltr' id='par_1_23' title="bbox 458 2600 1767 2680">
     <span class='ocr_line' id='line_1_23' title="bbox 458 2600 1767 2680; baseline -0.004 -21"><span class='ocrx_word' id='word_1_122' title='bbox 458 2605 577 2680; x_wconf 88' lang='grc' dir='ltr'>Πρὸ</span> <span class='ocrx_word' id='word_1_123' title='bbox 606 2608 704 2658; x_wconf 79' lang='grc' dir='ltr'>τοῦ</span> <span class='ocrx_word' id='word_1_124' title='bbox 734 2608 1027 2679; x_wconf 84' lang='grc' dir='ltr'>κατασχεῖν</span> <span class='ocrx_word' id='word_1_125' title='bbox 1054 2600 1211 2665; x_wconf 77' lang='grc' dir='ltr'>οὗτος</span> <span class='ocrx_word' id='word_1_126' title='bbox 1243 2603 1423 2679; x_wconf 77' lang='grc' dir='ltr'>ἀρχὴν</span> <span class='ocrx_word' id='word_1_127' title='bbox 1451 2602 1540 2657; x_wconf 78' lang='grc' dir='ltr'>καὶ</span> <span class='ocrx_word' id='word_1_128' title='bbox 1567 2601 1767 2675; x_wconf 90' lang='grc' dir='ltr'>κράτος</span> 
     </span>
    </p>
   </div>
   <div class='ocr_carea' id='block_1_24' title="bbox 453 2688 1545 2767">
    <p class='ocr_par' dir='ltr' id='par_1_24' title="bbox 453 2688 1545 2767">
     <span class='ocr_line' id='line_1_24' title="bbox 453 2688 1545 2767; baseline -0.002 -20"><span class='ocrx_word' id='word_1_129' title='bbox 453 2696 697 2767; x_wconf 75' lang='grc' dir='ltr'>Ἀσπαρι</span> <span class='ocrx_word' id='word_1_130' title='bbox 732 2689 893 2764; x_wconf 87' lang='grc' dir='ltr'>δεινῷ</span> <span class='ocrx_word' id='word_1_131' title='bbox 924 2696 1030 2746; x_wconf 67' lang='grc' dir='ltr'>τῶν</span> <span class='ocrx_word' id='word_1_132' title='bbox 1071 2692 1206 2766; x_wconf 81' lang='grc' dir='ltr'>μέγα</span> <span class='ocrx_word' id='word_1_133' title='bbox 1238 2688 1545 2764; x_wconf 87' lang='grc' dir='ltr'>δυναμένων</span> 
     </span>
    </p>
   </div>
   <div class='ocr_carea' id='block_1_25' title="bbox 461 2776 1523 2857">
    <p class='ocr_par' dir='ltr' id='par_1_25' title="bbox 461 2776 1523 2857">
     <span class='ocr_line' id='line_1_25' title="bbox 461 2776 1523 2857; baseline -0.002 -21"><span class='ocrx_word' id='word_1_134' title='bbox 461 2788 499 2836; x_wconf 76' lang='grc' dir='ltr'>Ὓ</span> <span class='ocrx_word' id='word_1_135' title='bbox 518 2781 787 2857; x_wconf 87' lang='grc' dir='ltr'>πόσχεσιν</span> <span class='ocrx_word' id='word_1_136' title='bbox 816 2778 1021 2837; x_wconf 80' lang='grc' dir='ltr'>δέδωκε</span> <span class='ocrx_word' id='word_1_137' title='bbox 1048 2778 1156 2835; x_wconf 84' lang='grc' dir='ltr'>τῶν</span> <span class='ocrx_word' id='word_1_138' title='bbox 1189 2778 1399 2835; x_wconf 79' lang='grc' dir='ltr'>παίδων</span> <span class='ocrx_word' id='word_1_139' title='bbox 1427 2776 1523 2834; x_wconf 66' lang='grc' dir='ltr'>ἕνα</span> 
     </span>
    </p>
   </div>
   <div class='ocr_carea' id='block_1_26' title="bbox 464 2864 1497 2947">
    <p class='ocr_par' dir='ltr' id='par_1_26' title="bbox 464 2864 1497 2947">
     <span class='ocr_line' id='line_1_26' title="bbox 464 2864 1497 2947; baseline -0.005 -19"><span class='ocrx_word' id='word_1_140' title='bbox 464 2873 568 2934; x_wconf 74' lang='grc' dir='ltr'>Εἷς</span> <span class='ocrx_word' id='word_1_141' title='bbox 600 2872 924 2947; x_wconf 83' lang='grc' dir='ltr'>καισαρικήν</span> <span class='ocrx_word' id='word_1_142' title='bbox 954 2870 1106 2941; x_wconf 80' lang='grc' dir='ltr'>ἀξίαν</span> <span class='ocrx_word' id='word_1_143' title='bbox 1138 2864 1497 2947; x_wconf 85' lang='grc' dir='ltr'>προϐιϐάσαι·</span> 
     </span>
    </p>
   </div>
   <div class='ocr_carea' id='block_1_27' title="bbox 316 2952 1487 3033">
    <p class='ocr_par' dir='ltr' id='par_1_27' title="bbox 316 2952 1487 3033">
     <span class='ocr_line' id='line_1_27' title="bbox 316 2952 1487 3033; baseline -0.004 -17"><span class='ocrx_word' id='word_1_144' title='bbox 316 2962 423 3016; x_wconf 83' lang='grc'>895</span> <span class='ocrx_word' id='word_1_145' title='bbox 462 2960 617 3015; x_wconf 80' lang='grc' dir='ltr'>Ἐπεὶ</span> <span class='ocrx_word' id='word_1_146' title='bbox 653 2957 700 3013; x_wconf 88' lang='grc' dir='ltr'>δ’</span> <span class='ocrx_word' id='word_1_147' title='bbox 729 2952 1025 3029; x_wconf 84' lang='grc' dir='ltr'>ἐπιϐέϐηκε</span> <span class='ocrx_word' id='word_1_148' title='bbox 1055 2965 1153 3029; x_wconf 80' lang='grc' dir='ltr'>τῆς</span> <span class='ocrx_word' id='word_1_149' title='bbox 1184 2956 1487 3033; x_wconf 78' lang='grc' dir='ltr'>αὐταρχίας</span> 
     </span>
    </p>
   </div>
   <div class='ocr_carea' id='block_1_28' title="bbox 459 3046 1590 3123">
    <p class='ocr_par' dir='ltr' id='par_1_28' title="bbox 459 3046 1590 3123">
     <span class='ocr_line' id='line_1_28' title="bbox 459 3046 1590 3123; baseline -0.003 -19"><span class='ocrx_word' id='word_1_150' title='bbox 459 3050 683 3123; x_wconf 84' lang='grc' dir='ltr'>Ἀσπαρ</span> <span class='ocrx_word' id='word_1_151' title='bbox 716 3048 911 3123; x_wconf 72' lang='grc' dir='ltr'>ἀπῄτει</span> <span class='ocrx_word' id='word_1_152' title='bbox 942 3050 1044 3118; x_wconf 73' lang='grc' dir='ltr'>τὴν</span> <span class='ocrx_word' id='word_1_153' title='bbox 1076 3047 1237 3123; x_wconf 86' lang='grc' dir='ltr'>χάριν</span> <span class='ocrx_word' id='word_1_154' title='bbox 1276 3048 1411 3120; x_wconf 84' lang='grc' dir='ltr'>μετά</span> <span class='ocrx_word' id='word_1_155' title='bbox 1454 3046 1590 3121; x_wconf 60' lang='grc' dir='ltr'>βίας</span> 
     </span>
    </p>
   </div>
   <div class='ocr_carea' id='block_1_29' title="bbox 460 3133 1676 3215">
    <p class='ocr_par' dir='ltr' id='par_1_29' title="bbox 460 3133 1676 3215">
     <span class='ocr_line' id='line_1_29' title="bbox 460 3133 1676 3215; baseline -0.003 -22"><span class='ocrx_word' id='word_1_156' title='bbox 460 3139 568 3193; x_wconf 84' lang='grc' dir='ltr'>Καὶ</span> <span class='ocrx_word' id='word_1_157' title='bbox 599 3135 939 3215; x_wconf 85' lang='grc' dir='ltr'>πορφυρίδος</span> <span class='ocrx_word' id='word_1_158' title='bbox 965 3133 1118 3192; x_wconf 75' lang='grc' dir='ltr'>τοῦδ’</span> <span class='ocrx_word' id='word_1_159' title='bbox 1151 3133 1380 3198; x_wconf 80' lang='grc' dir='ltr'>ἀναιδῶς</span> <span class='ocrx_word' id='word_1_160' title='bbox 1404 3137 1676 3209; x_wconf 79' lang='grc' dir='ltr'>ἡμμένος,</span> 
     </span>
    </p>
   </div>
   <div class='ocr_carea' id='block_1_30' title="bbox 463 3222 1658 3304">
    <p class='ocr_par' dir='ltr' id='par_1_30' title="bbox 463 3222 1658 3304">
     <span class='ocr_line' id='line_1_30' title="bbox 463 3222 1658 3304; baseline -0.003 -23"><span class='ocrx_word' id='word_1_161' title='bbox 463 3224 866 3302; x_wconf 86' lang='grc' dir='ltr'>Ψευδηγορεῖν,</span> <span class='ocrx_word' id='word_1_162' title='bbox 899 3224 1149 3304; x_wconf 78' lang='grc' dir='ltr'>ἔφασκεν,</span> <span class='ocrx_word' id='word_1_163' title='bbox 1184 3225 1246 3280; x_wconf 84' lang='grc' dir='ltr'>ού</span> <span class='ocrx_word' id='word_1_164' title='bbox 1278 3226 1482 3302; x_wconf 87' lang='grc' dir='ltr'>χρεὼν,</span> <span class='ocrx_word' id='word_1_165' title='bbox 1513 3222 1658 3295; x_wconf 78' lang='grc' dir='ltr'>ἅναξ,</span> 
     </span>
    </p>
   </div>
   <div class='ocr_carea' id='block_1_31' title="bbox 456 3311 1735 3392">
    <p class='ocr_par' dir='ltr' id='par_1_31' title="bbox 456 3311 1735 3392">
     <span class='ocr_line' id='line_1_31' title="bbox 456 3311 1735 3392; baseline -0.001 -21"><span class='ocrx_word' id='word_1_166' title='bbox 456 3316 571 3373; x_wconf 86' lang='grc' dir='ltr'>Τὸν</span> <span class='ocrx_word' id='word_1_167' title='bbox 601 3313 769 3385; x_wconf 83' lang='grc' dir='ltr'>τήνδε</span> <span class='ocrx_word' id='word_1_168' title='bbox 798 3313 1055 3391; x_wconf 81' lang='grc' dir='ltr'>λαμπρὰν</span> <span class='ocrx_word' id='word_1_169' title='bbox 1081 3311 1373 3392; x_wconf 88' lang='grc' dir='ltr'>πορφυρίδ’</span> <span class='ocrx_word' id='word_1_170' title='bbox 1405 3312 1735 3387; x_wconf 80' lang='grc' dir='ltr'>ἐνημμένον.</span> 
     </span>
    </p>
   </div>
   <div class='ocr_carea' id='block_1_32' title="bbox 308 3397 1505 3473">
    <p class='ocr_par' dir='ltr' id='par_1_32' title="bbox 308 3397 1505 3473">
     <span class='ocr_line' id='line_1_32' title="bbox 308 3397 1505 3473; baseline -0.004 -11"><span class='ocrx_word' id='word_1_171' title='bbox 308 3405 418 3462; x_wconf 88' lang='grc'>900</span> <span class='ocrx_word' id='word_1_172' title='bbox 458 3404 630 3461; x_wconf 82' lang='grc' dir='ltr'>Ἀλλ’</span> <span class='ocrx_word' id='word_1_173' title='bbox 662 3401 789 3459; x_wconf 72' lang='grc' dir='ltr'>οὐδὲ</span> <span class='ocrx_word' id='word_1_174' title='bbox 816 3402 980 3459; x_wconf 89' lang='grc' dir='ltr'>πάλιν</span> <span class='ocrx_word' id='word_1_175' title='bbox 1016 3397 1355 3473; x_wconf 84' lang='grc' dir='ltr'>ἐκϐιάζεσθαι</span> <span class='ocrx_word' id='word_1_176' title='bbox 1387 3399 1505 3457; x_wconf 83' lang='grc' dir='ltr'>δέον</span> 
     </span>
    </p>
   </div>
   <div class='ocr_carea' id='block_1_33' title="bbox 457 3490 1630 3567">
    <p class='ocr_par' dir='ltr' id='par_1_33' title="bbox 457 3490 1630 3567">
     <span class='ocr_line' id='line_1_33' title="bbox 457 3490 1630 3567; baseline -0.003 -18"><span class='ocrx_word' id='word_1_177' title='bbox 457 3498 564 3557; x_wconf 72' lang='grc' dir='ltr'>’Ὡς</span> <span class='ocrx_word' id='word_1_178' title='bbox 598 3492 725 3550; x_wconf 82' lang='grc' dir='ltr'>τινα</span> <span class='ocrx_word' id='word_1_179' title='bbox 752 3490 974 3564; x_wconf 77' lang='grc' dir='ltr'>δοῦλον,</span> <span class='ocrx_word' id='word_1_180' title='bbox 1003 3491 1300 3567; x_wconf 83' lang='grc' dir='ltr'>ἀντεπῆγεν</span> <span class='ocrx_word' id='word_1_181' title='bbox 1334 3494 1361 3547; x_wconf 85' lang='grc' dir='ltr'>ὁ</span> <span class='ocrx_word' id='word_1_182' title='bbox 1389 3493 1630 3567; x_wconf 84' lang='grc' dir='ltr'>κράτωρ,</span> 
     </span>
    </p>
   </div>
   <div class='ocr_carea' id='block_1_34' title="bbox 456 3576 1758 3660">
    <p class='ocr_par' dir='ltr' id='par_1_34' title="bbox 456 3576 1758 3660">
     <span class='ocr_line' id='line_1_34' title="bbox 456 3576 1758 3660; baseline -0.004 -21"><span class='ocrx_word' id='word_1_183' title='bbox 456 3584 575 3640; x_wconf 84' lang='grc' dir='ltr'>Τὸν</span> <span class='ocrx_word' id='word_1_184' title='bbox 612 3583 852 3657; x_wconf 77' lang='grc' dir='ltr'>ἀρχικὴν</span> <span class='ocrx_word' id='word_1_185' title='bbox 886 3585 1155 3660; x_wconf 81' lang='grc' dir='ltr'>φοροῦντα</span> <span class='ocrx_word' id='word_1_186' title='bbox 1185 3581 1443 3656; x_wconf 75' lang='grc' dir='ltr'>λαμπρὰν</span> <span class='ocrx_word' id='word_1_187' title='bbox 1475 3576 1758 3655; x_wconf 76' lang='grc' dir='ltr'>χλαμύδα·</span> 
     </span>
    </p>
   </div>
   <div class='ocr_carea' id='block_1_35' title="bbox 454 3671 1491 3748">
    <p class='ocr_par' dir='ltr' id='par_1_35' title="bbox 454 3671 1491 3748">
     <span class='ocr_line' id='line_1_35' title="bbox 454 3671 1491 3748; baseline -0.006 -18"><span class='ocrx_word' id='word_1_188' title='bbox 454 3672 644 3734; x_wconf 76' lang='grc' dir='ltr'>Οὕτος</span> <span class='ocrx_word' id='word_1_189' title='bbox 678 3672 905 3743; x_wconf 83' lang='grc' dir='ltr'>συνῴκει</span> <span class='ocrx_word' id='word_1_190' title='bbox 935 3674 1149 3748; x_wconf 78' lang='grc' dir='ltr'>γαμετῇ</span> <span class='ocrx_word' id='word_1_191' title='bbox 1180 3674 1248 3744; x_wconf 76' lang='grc' dir='ltr'>τῇ</span> <span class='ocrx_word' id='word_1_192' title='bbox 1281 3671 1491 3747; x_wconf 75' lang='grc' dir='ltr'>Βηρίνῃ</span> 
     </span>
    </p>
   </div>
   <div class='ocr_carea' id='block_1_36' title="bbox 348 3759 1473 3836">
    <p class='ocr_par' dir='ltr' id='par_1_36' title="bbox 348 3759 1473 3836">
     <span class='ocr_line' id='line_1_36' title="bbox 348 3759 1473 3836; baseline 0.005 -23"><span class='ocrx_word' id='word_1_193' title='bbox 348 3790 391 3823; x_wconf 47' lang='grc' dir='ltr'>νυ,</span> <span class='ocrx_word' id='word_1_194' title='bbox 456 3764 533 3819; x_wconf 80' lang='lat' dir='ltr'>&quot;H</span> <span class='ocrx_word' id='word_1_195' title='bbox 572 3759 672 3816; x_wconf 85' lang='grc' dir='ltr'>δύο</span> <span class='ocrx_word' id='word_1_196' title='bbox 700 3761 871 3815; x_wconf 88' lang='grc' dir='ltr'>τίκτει</span> <span class='ocrx_word' id='word_1_197' title='bbox 908 3760 1127 3836; x_wconf 82' lang='grc' dir='ltr'>βασιλεῖ</span> <span class='ocrx_word' id='word_1_198' title='bbox 1158 3761 1473 3835; x_wconf 84' lang='grc' dir='ltr'>θυγατέρας,</span> 
     </span>
    </p>
   </div>
   <div class='ocr_carea' id='block_1_37' title="bbox 302 3848 1518 3925">
    <p class='ocr_par' dir='ltr' id='par_1_37' title="bbox 302 3848 1518 3925">
     <span class='ocr_line' id='line_1_37' title="bbox 302 3848 1518 3925; baseline -0.004 -17"><span class='ocrx_word' id='word_1_199' title='bbox 302 3853 421 3908; x_wconf 88' lang='grc'>905</span> <span class='ocrx_word' id='word_1_200' title='bbox 460 3853 581 3920; x_wconf 75' lang='grc' dir='ltr'>Τὴν</span> <span class='ocrx_word' id='word_1_201' title='bbox 618 3848 932 3925; x_wconf 80' lang='grc' dir='ltr'>Ἀριάδνην,</span> <span class='ocrx_word' id='word_1_202' title='bbox 964 3848 1213 3925; x_wconf 72' lang='grc' dir='ltr'>δευτέραν</span> <span class='ocrx_word' id='word_1_203' title='bbox 1244 3849 1518 3904; x_wconf 82' lang='grc' dir='ltr'>Λεοντίαν·</span> 
     </span>
    </p>
   </div>
   <div class='ocr_carea' id='block_1_38' title="bbox 458 3937 1404 4014">
    <p class='ocr_par' dir='ltr' id='par_1_38' title="bbox 458 3937 1404 4014">
     <span class='ocr_line' id='line_1_38' title="bbox 458 3937 1404 4014; baseline -0.003 -19"><span class='ocrx_word' id='word_1_204' title='bbox 458 3946 567 3995; x_wconf 83' lang='grc' dir='ltr'>Ὧν</span> <span class='ocrx_word' id='word_1_205' title='bbox 600 3937 866 4014; x_wconf 83' lang='grc' dir='ltr'>’Λριάδνη</span> <span class='ocrx_word' id='word_1_206' title='bbox 898 3941 1108 4011; x_wconf 80' lang='grc' dir='ltr'>Ζήνωνι</span> <span class='ocrx_word' id='word_1_207' title='bbox 1141 3937 1404 4013; x_wconf 79' lang='grc' dir='ltr'>συνεζύγη</span> 
     </span>
    </p>
   </div>
   <div class='ocr_carea' id='block_1_39' title="bbox 458 4025 1763 4105">
    <p class='ocr_par' dir='ltr' id='par_1_39' title="bbox 458 4025 1763 4105">
     <span class='ocr_line' id='line_1_39' title="bbox 458 4025 1763 4105; baseline -0.003 -21"><span class='ocrx_word' id='word_1_208' title='bbox 458 4027 665 4105; x_wconf 84' lang='grc' dir='ltr'>Ἀνδρὶ</span> <span class='ocrx_word' id='word_1_209' title='bbox 698 4025 933 4084; x_wconf 86' lang='grc' dir='ltr'>δυσειδεῖ</span> <span class='ocrx_word' id='word_1_210' title='bbox 962 4028 1055 4083; x_wconf 86' lang='grc' dir='ltr'>καὶ</span> <span class='ocrx_word' id='word_1_211' title='bbox 1082 4027 1318 4100; x_wconf 86' lang='grc' dir='ltr'>κακίστῳ</span> <span class='ocrx_word' id='word_1_212' title='bbox 1347 4026 1474 4090; x_wconf 77' lang='grc' dir='ltr'>τοὺς</span> <span class='ocrx_word' id='word_1_213' title='bbox 1506 4029 1763 4102; x_wconf 88' lang='grc' dir='ltr'>τρόπους,</span> 
     </span>
    </p>
   </div>
   <div class='ocr_carea' id='block_1_40' title="bbox 458 4116 1691 4192">
    <p class='ocr_par' dir='ltr' id='par_1_40' title="bbox 458 4116 1691 4192">
     <span class='ocr_line' id='line_1_40' title="bbox 458 4116 1691 4192; baseline -0.006 -16"><span class='ocrx_word' id='word_1_214' title='bbox 458 4119 738 4176; x_wconf 86' lang='grc' dir='ltr'>Ἕλκοντι</span> <span class='ocrx_word' id='word_1_215' title='bbox 769 4117 950 4191; x_wconf 78' lang='grc' dir='ltr'>σειρὰν</span> <span class='ocrx_word' id='word_1_216' title='bbox 981 4122 1079 4172; x_wconf 81' lang='grc' dir='ltr'>τοῦ</span> <span class='ocrx_word' id='word_1_217' title='bbox 1110 4118 1299 4192; x_wconf 82' lang='grc' dir='ltr'>γένους</span> <span class='ocrx_word' id='word_1_218' title='bbox 1331 4116 1383 4187; x_wconf 76' lang='grc' dir='ltr'>ἐξ</span> <span class='ocrx_word' id='word_1_219' title='bbox 1415 4116 1691 4192; x_wconf 87' lang='grc' dir='ltr'>Ἰσαύρων,</span> 
     </span>
    </p>
   </div>
   <div class='ocr_carea' id='block_1_41' title="bbox 456 4204 1482 4285">
    <p class='ocr_par' dir='ltr' id='par_1_41' title="bbox 456 4204 1482 4285">
     <span class='ocr_line' id='line_1_41' title="bbox 456 4204 1482 4285; baseline -0.006 -20"><span class='ocrx_word' id='word_1_220' title='bbox 456 4206 795 4285; x_wconf 84' lang='grc' dir='ltr'>Μαρκιανὸς</span> <span class='ocrx_word' id='word_1_221' title='bbox 825 4204 870 4260; x_wconf 89' lang='grc' dir='ltr'>δ’</span> <span class='ocrx_word' id='word_1_222' title='bbox 903 4204 1077 4283; x_wconf 66' lang='grc' dir='ltr'>ἔγημε</span> <span class='ocrx_word' id='word_1_223' title='bbox 1104 4208 1203 4276; x_wconf 75' lang='grc' dir='ltr'>τὴν</span> <span class='ocrx_word' id='word_1_224' title='bbox 1228 4205 1482 4261; x_wconf 88' lang='grc' dir='ltr'>Λεοντίαν</span> 
     </span>
    </p>
   </div>
   <div class='ocr_carea' id='block_1_42' title="bbox 300 4295 1662 4371">
    <p class='ocr_par' dir='ltr' id='par_1_42' title="bbox 300 4295 1662 4371">
     <span class='ocr_line' id='line_1_42' title="bbox 300 4295 1662 4371; baseline -0.001 -17"><span class='ocrx_word' id='word_1_225' title='bbox 300 4300 418 4356; x_wconf 84' lang='grc'>910</span> <span class='ocrx_word' id='word_1_226' title='bbox 459 4296 775 4371; x_wconf 82' lang='grc' dir='ltr'>Ἀνθεμίου</span> <span class='ocrx_word' id='word_1_227' title='bbox 806 4300 934 4358; x_wconf 85' lang='grc' dir='ltr'>παῖς</span> <span class='ocrx_word' id='word_1_228' title='bbox 973 4295 1396 4371; x_wconf 87' lang='grc' dir='ltr'>βασιλεύσαντος</span> <span class='ocrx_word' id='word_1_229' title='bbox 1418 4296 1662 4369; x_wconf 80' lang='grc' dir='ltr'>Ῥώμης.</span> 
     </span>
    </p>
   </div>
   <div class='ocr_carea' id='block_1_43' title="bbox 457 4382 1504 4461">
    <p class='ocr_par' dir='ltr' id='par_1_43' title="bbox 457 4382 1504 4461">
     <span class='ocr_line' id='line_1_43' title="bbox 457 4382 1504 4461; baseline -0.007 -16"><span class='ocrx_word' id='word_1_230' title='bbox 457 4387 699 4445; x_wconf 78' lang='grc' dir='ltr'>Τούτου</span> <span class='ocrx_word' id='word_1_231' title='bbox 730 4384 1139 4460; x_wconf 87' lang='grc' dir='ltr'>βασιλεύοντος,</span> <span class='ocrx_word' id='word_1_232' title='bbox 1174 4384 1225 4440; x_wconf 90' lang='grc' dir='ltr'>ἐν</span> <span class='ocrx_word' id='word_1_233' title='bbox 1260 4382 1504 4461; x_wconf 85' lang='grc' dir='ltr'>βασιλίδι</span> 
     </span>
    </p>
   </div>
   <div class='ocr_carea' id='block_1_44' title="bbox 456 4469 1376 4553">
    <p class='ocr_par' dir='ltr' id='par_1_44' title="bbox 456 4469 1376 4553">
     <span class='ocr_line' id='line_1_44' title="bbox 456 4469 1376 4553; baseline -0.003 -21"><span class='ocrx_word' id='word_1_234' title='bbox 456 4476 733 4553; x_wconf 82' lang='grc' dir='ltr'>Πυρκαϊά</span> <span class='ocrx_word' id='word_1_235' title='bbox 758 4496 843 4539; x_wconf 91' lang='grc' dir='ltr'>τις</span> <span class='ocrx_word' id='word_1_236' title='bbox 876 4469 1071 4544; x_wconf 87' lang='grc' dir='ltr'>συνέϐη</span> <span class='ocrx_word' id='word_1_237' title='bbox 1108 4474 1376 4553; x_wconf 83' lang='grc' dir='ltr'>φρικαΛέα</span> 
     </span>
    </p>
   </div>
   <div class='ocr_carea' id='block_1_45' title="bbox 459 4562 1767 4640">
    <p class='ocr_par' dir='ltr' id='par_1_45' title="bbox 459 4562 1767 4640">
     <span class='ocr_line' id='line_1_45' title="bbox 459 4562 1767 4640; baseline -0.004 -18"><span class='ocrx_word' id='word_1_238' title='bbox 459 4567 567 4622; x_wconf 86' lang='grc' dir='ltr'>Ἐκ</span> <span class='ocrx_word' id='word_1_239' title='bbox 600 4571 710 4635; x_wconf 83' lang='grc' dir='ltr'>τῆς</span> <span class='ocrx_word' id='word_1_240' title='bbox 741 4565 877 4639; x_wconf 83' lang='grc' dir='ltr'>πρὸς</span> <span class='ocrx_word' id='word_1_241' title='bbox 909 4562 1104 4637; x_wconf 76' lang='grc' dir='ltr'>ἄρκτον</span> <span class='ocrx_word' id='word_1_242' title='bbox 1136 4562 1386 4640; x_wconf 79' lang='grc' dir='ltr'>ἁλμυρᾶς</span> <span class='ocrx_word' id='word_1_243' title='bbox 1416 4562 1492 4628; x_wconf 82' lang='grc' dir='ltr'>εἷς</span> <span class='ocrx_word' id='word_1_244' title='bbox 1518 4565 1767 4639; x_wconf 86' lang='grc' dir='ltr'>θατέραν,</span> 
     </span>
    </p>
   </div>
   <div class='ocr_carea' id='block_1_46' title="bbox 455 4651 1556 4729">
    <p class='ocr_par' dir='ltr' id='par_1_46' title="bbox 455 4651 1556 4729">
     <span class='ocr_line' id='line_1_46' title="bbox 455 4651 1556 4729; baseline -0.003 -18"><span class='ocrx_word' id='word_1_245' title='bbox 455 4656 663 4729; x_wconf 82' lang='grc' dir='ltr'>Πυρὸς</span> <span class='ocrx_word' id='word_1_246' title='bbox 699 4651 1069 4723; x_wconf 84' lang='grc' dir='ltr'>διαζώσαντος</span> <span class='ocrx_word' id='word_1_247' title='bbox 1099 4652 1150 4708; x_wconf 86' lang='grc' dir='ltr'>ἐν</span> <span class='ocrx_word' id='word_1_248' title='bbox 1190 4653 1338 4727; x_wconf 86' lang='grc' dir='ltr'>μέσῳ</span> <span class='ocrx_word' id='word_1_249' title='bbox 1368 4652 1556 4720; x_wconf 86' lang='grc' dir='ltr'>πόλιν,</span> 
     </span>
    </p>
   </div>
   <div class='ocr_carea' id='block_1_47' title="bbox 300 4740 1763 4819">
    <p class='ocr_par' dir='ltr' id='par_1_47' title="bbox 300 4740 1763 4819">
     <span class='ocr_line' id='line_1_47' title="bbox 300 4740 1763 4819; baseline -0.008 -14"><span class='ocrx_word' id='word_1_250' title='bbox 300 4747 416 4804; x_wconf 84' lang='grc'>915</span> <span class='ocrx_word' id='word_1_251' title='bbox 460 4746 581 4802; x_wconf 80' lang='grc' dir='ltr'>Καὶ</span> <span class='ocrx_word' id='word_1_252' title='bbox 620 4742 1046 4819; x_wconf 77' lang='grc' dir='ltr'>πυρπολοῦντος</span> <span class='ocrx_word' id='word_1_253' title='bbox 1075 4740 1243 4813; x_wconf 86' lang='grc' dir='ltr'>τῆσδε</span> <span class='ocrx_word' id='word_1_254' title='bbox 1272 4741 1530 4818; x_wconf 79' lang='grc' dir='ltr'>λαμπρὰς</span> <span class='ocrx_word' id='word_1_255' title='bbox 1562 4741 1763 4813; x_wconf 76' lang='grc' dir='ltr'>οἷκίας,</span> 
     </span>
    </p>
   </div>
   <div class='ocr_carea' id='block_1_48' title="bbox 456 4826 1692 4905">
    <p class='ocr_par' dir='ltr' id='par_1_48' title="bbox 456 4826 1692 4905">
     <span class='ocr_line' id='line_1_48' title="bbox 456 4826 1692 4905; baseline -0.004 -16"><span class='ocrx_word' id='word_1_256' title='bbox 456 4832 677 4891; x_wconf 83' lang='grc' dir='ltr'>Τᾶλλα</span> <span class='ocrx_word' id='word_1_257' title='bbox 708 4853 766 4888; x_wconf 89' lang='grc' dir='ltr'>τε</span> <span class='ocrx_word' id='word_1_258' title='bbox 796 4832 971 4888; x_wconf 86' lang='grc' dir='ltr'>πάντα</span> <span class='ocrx_word' id='word_1_259' title='bbox 998 4831 1091 4888; x_wconf 83' lang='grc' dir='ltr'>καὶ</span> <span class='ocrx_word' id='word_1_260' title='bbox 1124 4826 1454 4905; x_wconf 86' lang='grc' dir='ltr'>σεϐασμίους</span> <span class='ocrx_word' id='word_1_261' title='bbox 1488 4828 1692 4903; x_wconf 86' lang='grc' dir='ltr'>δόμους</span> 
     </span>
    </p>
   </div>
   <div class='ocr_carea' id='block_1_49' title="bbox 459 4918 1523 4997">
    <p class='ocr_par' dir='ltr' id='par_1_49' title="bbox 459 4918 1523 4997">
     <span class='ocr_line' id='line_1_49' title="bbox 459 4918 1523 4997; baseline -0.008 -15"><span class='ocrx_word' id='word_1_262' title='bbox 459 4924 608 4983; x_wconf 82' lang='grc' dir='ltr'>Ἐπί</span> <span class='ocrx_word' id='word_1_263' title='bbox 645 4921 941 4996; x_wconf 79' lang='grc' dir='ltr'>τετρακτὺν</span> <span class='ocrx_word' id='word_1_264' title='bbox 974 4925 1202 4997; x_wconf 78' lang='grc' dir='ltr'>ἡμερῶν</span> <span class='ocrx_word' id='word_1_265' title='bbox 1237 4918 1523 4975; x_wconf 89' lang='grc' dir='ltr'>ἀνενδότω·</span> 
     </span>
    </p>
   </div>
   <div class='ocr_carea' id='block_1_50' title="bbox 456 5006 1841 5089">
    <p class='ocr_par' dir='ltr' id='par_1_50' title="bbox 456 5006 1841 5089">
     <span class='ocr_line' id='line_1_50' title="bbox 456 5006 1841 5089; baseline -0.004 -21"><span class='ocrx_word' id='word_1_266' title='bbox 456 5014 549 5088; x_wconf 75' lang='grc' dir='ltr'>Τῇ</span> <span class='ocrx_word' id='word_1_267' title='bbox 593 5010 651 5067; x_wconf 85' lang='grc' dir='ltr'>δ’</span> <span class='ocrx_word' id='word_1_268' title='bbox 685 5011 983 5088; x_wconf 86' lang='grc' dir='ltr'>Ἀντιόχου</span> <span class='ocrx_word' id='word_1_269' title='bbox 1011 5012 1102 5066; x_wconf 85' lang='grc' dir='ltr'>καὶ</span> <span class='ocrx_word' id='word_1_270' title='bbox 1131 5008 1367 5089; x_wconf 84' lang='grc' dir='ltr'>σφοδρὸς</span> <span class='ocrx_word' id='word_1_271' title='bbox 1400 5015 1504 5085; x_wconf 82' lang='grc' dir='ltr'>γῆς</span> <span class='ocrx_word' id='word_1_272' title='bbox 1533 5030 1617 5073; x_wconf 90' lang='grc' dir='ltr'>τις</span> <span class='ocrx_word' id='word_1_273' title='bbox 1644 5006 1841 5069; x_wconf 88' lang='grc' dir='ltr'>κλόνος</span> 
     </span>
    </p>
   </div>
   <div class='ocr_carea' id='block_1_51' title="bbox 457 5096 1663 5177">
    <p class='ocr_par' dir='ltr' id='par_1_51' title="bbox 457 5096 1663 5177">
     <span class='ocr_line' id='line_1_51' title="bbox 457 5096 1663 5177; baseline -0.003 -18"><span class='ocrx_word' id='word_1_274' title='bbox 457 5096 722 5177; x_wconf 76' lang='grc' dir='ltr'>Συμϐἀς</span> <span class='ocrx_word' id='word_1_275' title='bbox 754 5101 1159 5177; x_wconf 87' lang='grc' dir='ltr'>κατηρείπωσεν</span> <span class='ocrx_word' id='word_1_276' title='bbox 1194 5100 1360 5169; x_wconf 76' lang='grc' dir='ltr'>αὐτὴν</span> <span class='ocrx_word' id='word_1_277' title='bbox 1396 5098 1663 5175; x_wconf 55' lang='grc' dir='ltr'>ἐσχάτως</span> 
     </span>
    </p>
   </div>
   <div class='ocr_carea' id='block_1_52' title="bbox 294 5186 1684 5264">
    <p class='ocr_par' dir='ltr' id='par_1_52' title="bbox 294 5186 1684 5264">
     <span class='ocr_line' id='line_1_52' title="bbox 294 5186 1684 5264; baseline -0.006 -12"><span class='ocrx_word' id='word_1_278' title='bbox 294 5198 418 5252; x_wconf 83' lang='grc'>920</span> <span class='ocrx_word' id='word_1_279' title='bbox 455 5186 657 5261; x_wconf 69' lang='grc' dir='ltr'>⁸’Ῠσθη</span> <span class='ocrx_word' id='word_1_280' title='bbox 695 5188 898 5253; x_wconf 82' lang='grc' dir='ltr'>σποδὸς</span> <span class='ocrx_word' id='word_1_281' title='bbox 930 5188 987 5245; x_wconf 80' lang='grc' dir='ltr'>δὲ</span> <span class='ocrx_word' id='word_1_282' title='bbox 1020 5189 1170 5264; x_wconf 80' lang='grc' dir='ltr'>μάλα</span> <span class='ocrx_word' id='word_1_283' title='bbox 1199 5188 1389 5258; x_wconf 86' lang='grc' dir='ltr'>πολλή</span> <span class='ocrx_word' id='word_1_284' title='bbox 1424 5190 1492 5261; x_wconf 77' lang='grc' dir='ltr'>τῇ</span> <span class='ocrx_word' id='word_1_285' title='bbox 1522 5188 1684 5244; x_wconf 85' lang='grc' dir='ltr'>πόλει</span> 
     </span>
    </p>
   </div>
   <div class='ocr_carea' id='block_1_53' title="bbox 455 5278 1770 5355">
    <p class='ocr_par' dir='ltr' id='par_1_53' title="bbox 455 5278 1770 5355">
     <span class='ocr_line' id='line_1_53' title="bbox 455 5278 1770 5355; baseline -0.007 -16"><span class='ocrx_word' id='word_1_286' title='bbox 455 5283 569 5345; x_wconf 81' lang='grc' dir='ltr'>Εἰς</span> <span class='ocrx_word' id='word_1_287' title='bbox 613 5279 896 5355; x_wconf 77' lang='grc' dir='ltr'>ἐμψύχων</span> <span class='ocrx_word' id='word_1_288' title='bbox 931 5281 1171 5335; x_wconf 86' lang='grc' dir='ltr'>κάκωσιν</span> <span class='ocrx_word' id='word_1_289' title='bbox 1207 5279 1282 5342; x_wconf 82' lang='grc' dir='ltr'>εἷς</span> <span class='ocrx_word' id='word_1_290' title='bbox 1314 5283 1538 5354; x_wconf 80' lang='grc' dir='ltr'>καρπῶν</span> <span class='ocrx_word' id='word_1_291' title='bbox 1569 5278 1770 5355; x_wconf 82' lang='grc' dir='ltr'>φθίσιν·</span> 
     </span>
    </p>
   </div>
   <div class='ocr_carea' id='block_1_54' title="bbox 454 5366 1639 5444">
    <p class='ocr_par' dir='ltr' id='par_1_54' title="bbox 454 5366 1639 5444">
     <span class='ocr_line' id='line_1_54' title="bbox 454 5366 1639 5444; baseline -0.007 -15"><span class='ocrx_word' id='word_1_292' title='bbox 454 5378 569 5429; x_wconf 82' lang='grc' dir='ltr'>Ἐκ</span> <span class='ocrx_word' id='word_1_293' title='bbox 603 5366 775 5425; x_wconf 72' lang='grc' dir='ltr'>τοῦδ’</span> <span class='ocrx_word' id='word_1_294' title='bbox 804 5370 832 5423; x_wconf 86' lang='grc' dir='ltr'>ὁ</span> <span class='ocrx_word' id='word_1_295' title='bbox 862 5374 1076 5443; x_wconf 85' lang='grc' dir='ltr'>κρατῶν</span> <span class='ocrx_word' id='word_1_296' title='bbox 1114 5370 1397 5444; x_wconf 81' lang='grc' dir='ltr'>συσχεθεὶς</span> <span class='ocrx_word' id='word_1_297' title='bbox 1433 5368 1639 5443; x_wconf 84' lang='grc' dir='ltr'>ἀγωνίᾳ</span> 
     </span>
    </p>
   </div>
   <div class='ocr_carea' id='block_1_55' title="bbox 453 5455 1655 5535">
    <p class='ocr_par' dir='ltr' id='par_1_55' title="bbox 453 5455 1655 5535">
     <span class='ocr_line' id='line_1_55' title="bbox 453 5455 1655 5535; baseline -0.006 -17"><span class='ocrx_word' id='word_1_298' title='bbox 453 5462 663 5518; x_wconf 80' lang='grc' dir='ltr'>Πόλιν</span> <span class='ocrx_word' id='word_1_299' title='bbox 701 5457 1009 5532; x_wconf 86' lang='grc' dir='ltr'>λελοιπὼς,</span> <span class='ocrx_word' id='word_1_300' title='bbox 1033 5458 1085 5513; x_wconf 88' lang='grc' dir='ltr'>ἐν</span> <span class='ocrx_word' id='word_1_301' title='bbox 1121 5457 1420 5535; x_wconf 85' lang='grc' dir='ltr'>βασιλείοίς</span> <span class='ocrx_word' id='word_1_302' title='bbox 1460 5455 1655 5530; x_wconf 88' lang='grc' dir='ltr'>δόμοις</span> 
     </span>
    </p>
   </div>
   <div class='ocr_carea' id='block_1_56' title="bbox 456 5542 1681 5625">
    <p class='ocr_par' dir='ltr' id='par_1_56' title="bbox 456 5542 1681 5625">
     <span class='ocr_line' id='line_1_56' title="bbox 456 5542 1681 5625; baseline -0.006 -18"><span class='ocrx_word' id='word_1_303' title='bbox 456 5550 623 5613; x_wconf 78' lang='grc' dir='ltr'>Οὗσι</span> <span class='ocrx_word' id='word_1_304' title='bbox 667 5548 779 5619; x_wconf 79' lang='grc' dir='ltr'>πρὸ</span> <span class='ocrx_word' id='word_1_305' title='bbox 808 5552 1036 5622; x_wconf 87' lang='grc' dir='ltr'>τειχῶν,</span> <span class='ocrx_word' id='word_1_306' title='bbox 1070 5545 1331 5625; x_wconf 87' lang='grc' dir='ltr'>ἀσφαλῶς</span> <span class='ocrx_word' id='word_1_307' title='bbox 1361 5548 1426 5615; x_wconf 69' lang='grc' dir='ltr'>ἦν</span> <span class='ocrx_word' id='word_1_308' title='bbox 1460 5542 1681 5621; x_wconf 89' lang='grc' dir='ltr'>διάγων.</span> 
     </span>
    </p>
   </div>
   <div class='ocr_carea' id='block_1_57' title="bbox 307 5631 1784 5716">
    <p class='ocr_par' dir='ltr' id='par_1_57' title="bbox 307 5631 1784 5716">
     <span class='ocr_line' id='line_1_57' title="bbox 307 5631 1784 5716; baseline -0.011 -14"><span class='ocrx_word' id='word_1_309' title='bbox 307 5646 427 5701; x_wconf 79' lang='grc'>925</span> <span class='ocrx_word' id='word_1_310' title='bbox 473 5642 618 5716; x_wconf 80' lang='grc' dir='ltr'>Ἐφ’</span> <span class='ocrx_word' id='word_1_311' title='bbox 651 5634 831 5713; x_wconf 76' lang='grc' dir='ltr'>οὗπερ</span> <span class='ocrx_word' id='word_1_312' title='bbox 863 5635 1022 5707; x_wconf 77' lang='grc' dir='ltr'>ἐσθὴς</span> <span class='ocrx_word' id='word_1_313' title='bbox 1046 5632 1477 5713; x_wconf 83' lang='grc' dir='ltr'>Μητρανάνδρου</span> <span class='ocrx_word' id='word_1_314' title='bbox 1508 5631 1784 5706; x_wconf 84' lang='grc' dir='ltr'>Παρθένου</span> 
     </span>
    </p>
   </div>
   <div class='ocr_carea' id='block_1_58' title="bbox 465 5724 1740 5796">
    <p class='ocr_par' dir='ltr' id='par_1_58' title="bbox 465 5724 1740 5796">
     <span class='ocr_line' id='line_1_58' title="bbox 465 5724 1740 5796; baseline -0.009 -7"><span class='ocrx_word' id='word_1_315' title='bbox 465 5736 582 5793; x_wconf 82' lang='grc' dir='ltr'>Ἐκ</span> <span class='ocrx_word' id='word_1_316' title='bbox 616 5731 736 5793; x_wconf 79' lang='grc' dir='ltr'>τῆς</span> <span class='ocrx_word' id='word_1_317' title='bbox 773 5728 922 5782; x_wconf 87' lang='grc' dir='ltr'>Σιών</span> <span class='ocrx_word' id='word_1_318' title='bbox 952 5747 1011 5782; x_wconf 85' lang='grc' dir='ltr'>τε</span> <span class='ocrx_word' id='word_1_319' title='bbox 1040 5727 1131 5782; x_wconf 84' lang='grc' dir='ltr'>καὶ</span> <span class='ocrx_word' id='word_1_320' title='bbox 1162 5724 1540 5796; x_wconf 86' lang='grc' dir='ltr'>Παλαιστίνης</span> <span class='ocrx_word' id='word_1_321' title='bbox 1564 5725 1740 5779; x_wconf 88' lang='grc' dir='ltr'>τόπου</span> 
     </span>
    </p>
   </div>
   <div class='ocr_carea' id='block_1_59' title="bbox 469 5813 1683 5901">
    <p class='ocr_par' dir='ltr' id='par_1_59' title="bbox 469 5813 1683 5901">
     <span class='ocr_line' id='line_1_59' title="bbox 469 5813 1683 5901; baseline -0.011 -21"><span class='ocrx_word' id='word_1_322' title='bbox 469 5822 653 5901; x_wconf 84' lang='grc' dir='ltr'>Πρὸς</span> <span class='ocrx_word' id='word_1_323' title='bbox 686 5818 789 5889; x_wconf 77' lang='grc' dir='ltr'>τὴν</span> <span class='ocrx_word' id='word_1_324' title='bbox 829 5813 1223 5892; x_wconf 83' lang='grc' dir='ltr'>βασιλεύουσαν</span> <span class='ocrx_word' id='word_1_325' title='bbox 1261 5815 1491 5893; x_wconf 77' lang='grc' dir='ltr'>ἀχθεῖσα</span> <span class='ocrx_word' id='word_1_326' title='bbox 1518 5813 1683 5869; x_wconf 88' lang='grc' dir='ltr'>πόλιν</span> 
     </span>
    </p>
   </div>
   <div class='ocr_carea' id='block_1_60' title="bbox 1943 604 3243 683">
    <p class='ocr_par' dir='ltr' id='par_1_60' title="bbox 1943 604 3243 683">
     <span class='ocr_line' id='line_1_60' title="bbox 1943 604 3243 683; baseline 0.008 -24"><span class='ocrx_word' id='word_1_327' title='bbox 1943 605 1997 673; x_wconf 77' lang='grc' dir='ltr'><strong>Α</strong></span> <span class='ocrx_word' id='word_1_328' title='bbox 2027 604 2216 677; x_wconf 81' lang='lat' dir='ltr'><strong>Hujus</strong></span> <span class='ocrx_word' id='word_1_329' title='bbox 2246 612 2516 666; x_wconf 83' lang='lat' dir='ltr'>sententa</span> <span class='ocrx_word' id='word_1_330' title='bbox 2544 611 2676 681; x_wconf 85' lang='lat' dir='ltr'>fuit,</span> <span class='ocrx_word' id='word_1_331' title='bbox 2712 618 2776 668; x_wconf 89' lang='lat' dir='ltr'>ut</span> <span class='ocrx_word' id='word_1_332' title='bbox 2805 629 2903 669; x_wconf 85' lang='lat' dir='ltr'>rex</span> <span class='ocrx_word' id='word_1_333' title='bbox 2934 628 3243 683; x_wconf 86' lang='lat' dir='ltr'>nunquam</span> 
     </span>
    </p>
   </div>
   <div class='ocr_carea' id='block_1_61' title="bbox 2032 698 3184 772">
    <p class='ocr_par' dir='ltr' id='par_1_61' title="bbox 2032 698 3184 772">
     <span class='ocr_line' id='line_1_61' title="bbox 2032 698 3184 772; baseline 0.008 -22"><span class='ocrx_word' id='word_1_334' title='bbox 2032 698 2346 761; x_wconf 84' lang='lat' dir='ltr'>commotis</span> <span class='ocrx_word' id='word_1_335' title='bbox 2380 699 2564 756; x_wconf 87' lang='lat' dir='ltr'>armis</span> <span class='ocrx_word' id='word_1_336' title='bbox 2595 699 2817 758; x_wconf 87' lang='lat' dir='ltr'>bellum</span> <span class='ocrx_word' id='word_1_337' title='bbox 2848 701 3184 772; x_wconf 83' lang='lat' dir='ltr'>lacesseret,</span> 
     </span>
    </p>
   </div>
   <div class='ocr_carea' id='block_1_62' title="bbox 2030 785 3347 865">
    <p class='ocr_par' dir='ltr' id='par_1_62' title="bbox 2030 785 3347 865">
     <span class='ocr_line' id='line_1_62' title="bbox 2030 785 3347 865; baseline 0.005 -25"><span class='ocrx_word' id='word_1_338' title='bbox 2030 785 2081 840; x_wconf 88' lang='lat' dir='ltr'>si</span> <span class='ocrx_word' id='word_1_339' title='bbox 2112 788 2348 859; x_wconf 85' lang='lat' dir='ltr'>quidem</span> <span class='ocrx_word' id='word_1_340' title='bbox 2380 794 2581 861; x_wconf 81' lang='lat' dir='ltr'>posset</span> <span class='ocrx_word' id='word_1_341' title='bbox 2609 791 2788 847; x_wconf 88' lang='lat' dir='ltr'>vitam</span> <span class='ocrx_word' id='word_1_342' title='bbox 2824 793 3087 863; x_wconf 83' lang='lat' dir='ltr'>quietam</span> <span class='ocrx_word' id='word_1_343' title='bbox 3118 794 3347 865; x_wconf 83' lang='lat' dir='ltr'>degere.</span> 
     </span>
    </p>
   </div>
   <div class='ocr_carea' id='block_1_63' title="bbox 2154 911 3563 1043">
    <p class='ocr_par' dir='ltr' id='par_1_63' title="bbox 2154 911 3563 1043">
     <span class='ocr_line' id='line_1_63' title="bbox 2154 911 3563 1043; baseline 0.002 -76"><span class='ocrx_word' id='word_1_344' title='bbox 2154 911 2291 969; x_wconf 83' lang='lat' dir='ltr'>LEO</span> <span class='ocrx_word' id='word_1_345' title='bbox 2324 914 2616 970; x_wconf 83' lang='lat' dir='ltr'>MAGNUS</span> <span class='ocrx_word' id='word_1_346' title='bbox 2656 915 3154 1043; x_wconf 47' lang='lat' dir='ltr'>CnggellIIEINTO</span> <span class='ocrx_word' id='word_1_347' title='bbox 3196 914 3563 972; x_wconf 87' lang='lat' dir='ltr'>MACELLES</span> 
     </span>
    </p>
   </div>
   <div class='ocr_carea' id='block_1_64' title="bbox 2034 1089 3313 1162">
    <p class='ocr_par' dir='ltr' id='par_1_64' title="bbox 2034 1089 3313 1162">
     <span class='ocr_line' id='line_1_64' title="bbox 2034 1089 3313 1162; baseline 0.004 -19"><span class='ocrx_word' id='word_1_348' title='bbox 2034 1089 2327 1145; x_wconf 87' lang='lat' dir='ltr'>Marciano</span> <span class='ocrx_word' id='word_1_349' title='bbox 2358 1090 2537 1147; x_wconf 88' lang='lat' dir='ltr'>vitam</span> <span class='ocrx_word' id='word_1_350' title='bbox 2573 1092 2902 1162; x_wconf 87' lang='lat' dir='ltr'>deserente,</span> <span class='ocrx_word' id='word_1_351' title='bbox 2935 1101 2997 1148; x_wconf 86' lang='lat' dir='ltr'>ut</span> <span class='ocrx_word' id='word_1_352' title='bbox 3030 1092 3313 1162; x_wconf 88' lang='lat' dir='ltr'>diximus,</span> 
     </span>
    </p>
   </div>
   <div class='ocr_carea' id='block_1_65' title="bbox 2036 1179 3297 1253">
    <p class='ocr_par' dir='ltr' id='par_1_65' title="bbox 2036 1179 3297 1253">
     <span class='ocr_line' id='line_1_65' title="bbox 2036 1179 3297 1253; baseline 0 -18"><span class='ocrx_word' id='word_1_353' title='bbox 2036 1179 2237 1235; x_wconf 85' lang='lat' dir='ltr'>statim</span> <span class='ocrx_word' id='word_1_354' title='bbox 2270 1181 2532 1251; x_wconf 72' lang='lat' dir='ltr'>per-Venit</span> <span class='ocrx_word' id='word_1_355' title='bbox 2562 1182 2632 1236; x_wconf 92' lang='lat' dir='ltr'>ad</span> <span class='ocrx_word' id='word_1_356' title='bbox 2666 1186 3018 1252; x_wconf 89' lang='lat' dir='ltr'>potestatem</span> <span class='ocrx_word' id='word_1_357' title='bbox 3055 1182 3297 1253; x_wconf 82' lang='lat' dir='ltr'>regiam,</span> 
     </span>
    </p>
   </div>
   <div class='ocr_carea' id='block_1_66' title="bbox 2037 1267 3405 1341">
    <p class='ocr_par' dir='ltr' id='par_1_66' title="bbox 2037 1267 3405 1341">
     <span class='ocr_line' id='line_1_66' title="bbox 2037 1267 3405 1341; baseline 0.001 -18"><span class='ocrx_word' id='word_1_358' title='bbox 2037 1267 2273 1323; x_wconf 88' lang='lat' dir='ltr'>nomine</span> <span class='ocrx_word' id='word_1_359' title='bbox 2302 1272 2413 1324; x_wconf 92' lang='lat' dir='ltr'>Leo</span> <span class='ocrx_word' id='word_1_360' title='bbox 2445 1270 2709 1339; x_wconf 88' lang='lat' dir='ltr'>quidam,</span> <span class='ocrx_word' id='word_1_361' title='bbox 2740 1271 3083 1341; x_wconf 84' lang='lat' dir='ltr'>cognomine</span> <span class='ocrx_word' id='word_1_362' title='bbox 3112 1268 3405 1339; x_wconf 87' lang='lat' dir='ltr'>Macelles,</span> 
     </span>
    </p>
   </div>
   <div class='ocr_carea' id='block_1_67' title="bbox 2036 1358 3176 1427">
    <p class='ocr_par' dir='ltr' id='par_1_67' title="bbox 2036 1358 3176 1427">
     <span class='ocr_line' id='line_1_67' title="bbox 2036 1358 3176 1427; baseline 0.004 -15"><span class='ocrx_word' id='word_1_363' title='bbox 2036 1358 2125 1413; x_wconf 86' lang='lat' dir='ltr'>vir</span> <span class='ocrx_word' id='word_1_364' title='bbox 2156 1359 2345 1413; x_wconf 89' lang='lat' dir='ltr'>bonus</span> <span class='ocrx_word' id='word_1_365' title='bbox 2378 1365 2434 1414; x_wconf 86' lang='lat' dir='ltr'>et</span> <span class='ocrx_word' id='word_1_366' title='bbox 2464 1360 2780 1414; x_wconf 81' lang='lat' dir='ltr'>virtutibus</span> <span class='ocrx_word' id='word_1_367' title='bbox 2814 1362 3176 1427; x_wconf 86' lang='lat' dir='ltr'>redundans,</span> 
     </span>
    </p>
   </div>
   <div class='ocr_carea' id='block_1_68' title="bbox 2040 1447 3295 1521">
    <p class='ocr_par' dir='ltr' id='par_1_68' title="bbox 2040 1447 3295 1521">
     <span class='ocr_line' id='line_1_68' title="bbox 2040 1447 3295 1521; baseline 0.002 -20"><span class='ocrx_word' id='word_1_368' title='bbox 2040 1447 2449 1503; x_wconf 83' lang='lat' dir='ltr'>misericordia</span> <span class='ocrx_word' id='word_1_369' title='bbox 2476 1452 2674 1503; x_wconf 88' lang='lat' dir='ltr'>tamen</span> <span class='ocrx_word' id='word_1_370' title='bbox 2707 1449 3001 1521; x_wconf 80' lang='lat' dir='ltr'>praecipue</span> <span class='ocrx_word' id='word_1_371' title='bbox 3032 1454 3295 1517; x_wconf 88' lang='lat' dir='ltr'>ornatus,</span> 
     </span>
    </p>
   </div>
   <div class='ocr_carea' id='block_1_69' title="bbox 2041 1537 3309 1608">
    <p class='ocr_par' dir='ltr' id='par_1_69' title="bbox 2041 1537 3309 1608">
     <span class='ocr_line' id='line_1_69' title="bbox 2041 1537 3309 1608; baseline 0.003 -18"><span class='ocrx_word' id='word_1_372' title='bbox 2041 1537 2318 1608; x_wconf 88' lang='lat' dir='ltr'>princeps</span> <span class='ocrx_word' id='word_1_373' title='bbox 2343 1537 2615 1608; x_wconf 89' lang='lat' dir='ltr'>egregius</span> <span class='ocrx_word' id='word_1_374' title='bbox 2649 1543 2706 1593; x_wconf 90' lang='lat' dir='ltr'>et</span> <span class='ocrx_word' id='word_1_375' title='bbox 2736 1537 2984 1593; x_wconf 83' lang='lat' dir='ltr'>bellator</span> <span class='ocrx_word' id='word_1_376' title='bbox 3011 1548 3309 1604; x_wconf 80' lang='lat' dir='ltr'>strenuus,</span> 
     </span>
    </p>
   </div>
   <div class='ocr_carea' id='block_1_70' title="bbox 2040 1625 3383 1699">
    <p class='ocr_par' dir='ltr' id='par_1_70' title="bbox 2040 1625 3383 1699">
     <span class='ocr_line' id='line_1_70' title="bbox 2040 1625 3383 1699; baseline 0.001 -19"><span class='ocrx_word' id='word_1_377' title='bbox 2040 1625 2306 1681; x_wconf 90' lang='lat' dir='ltr'>hostium</span> <span class='ocrx_word' id='word_1_378' title='bbox 2339 1631 2602 1682; x_wconf 87' lang='lat' dir='ltr'>catervas</span> <span class='ocrx_word' id='word_1_379' title='bbox 2633 1628 2907 1698; x_wconf 86' lang='lat' dir='ltr'>quatiens</span> <span class='ocrx_word' id='word_1_380' title='bbox 2942 1643 3147 1699; x_wconf 84' lang='lat' dir='ltr'>reapse</span> <span class='ocrx_word' id='word_1_381' title='bbox 3178 1632 3245 1683; x_wconf 91' lang='lat' dir='ltr'>ut</span> <span class='ocrx_word' id='word_1_382' title='bbox 3274 1626 3383 1683; x_wconf 91' lang='lat' dir='ltr'>leo.</span> 
     </span>
    </p>
   </div>
   <div class='ocr_carea' id='block_1_71' title="bbox 2041 1714 2958 1783">
    <p class='ocr_par' dir='ltr' id='par_1_71' title="bbox 2041 1714 2958 1783">
     <span class='ocr_line' id='line_1_71' title="bbox 2041 1714 2958 1783; baseline 0 -13"><span class='ocrx_word' id='word_1_383' title='bbox 2041 1714 2145 1770; x_wconf 89' lang='lat' dir='ltr'>Hic</span> <span class='ocrx_word' id='word_1_384' title='bbox 2176 1715 2460 1771; x_wconf 90' lang='lat' dir='ltr'>oriundus</span> <span class='ocrx_word' id='word_1_385' title='bbox 2490 1732 2520 1771; x_wconf 94' lang='lat' dir='ltr'>e</span> <span class='ocrx_word' id='word_1_386' title='bbox 2550 1716 2797 1772; x_wconf 90' lang='lat' dir='ltr'>Thracia</span> <span class='ocrx_word' id='word_1_387' title='bbox 2826 1717 2958 1783; x_wconf 83' lang='lat' dir='ltr'>fuit,</span> 
     </span>
    </p>
   </div>
   <div class='ocr_carea' id='block_1_72' title="bbox 2043 1803 3402 1877">
    <p class='ocr_par' dir='ltr' id='par_1_72' title="bbox 2043 1803 3402 1877">
     <span class='ocr_line' id='line_1_72' title="bbox 2043 1803 3402 1877; baseline 0.003 -20"><span class='ocrx_word' id='word_1_388' title='bbox 2043 1803 2133 1858; x_wconf 87' lang='lat' dir='ltr'>vel</span> <span class='ocrx_word' id='word_1_389' title='bbox 2165 1804 2477 1872; x_wconf 89' lang='lat' dir='ltr'>Dacorum,</span> <span class='ocrx_word' id='word_1_390' title='bbox 2512 1809 2579 1860; x_wconf 92' lang='lat' dir='ltr'>ut</span> <span class='ocrx_word' id='word_1_391' title='bbox 2607 1807 2851 1877; x_wconf 89' lang='lat' dir='ltr'>quidam</span> <span class='ocrx_word' id='word_1_392' title='bbox 2883 1805 3135 1874; x_wconf 89' lang='lat' dir='ltr'>malunt,</span> <span class='ocrx_word' id='word_1_393' title='bbox 3171 1821 3402 1877; x_wconf 84' lang='lat' dir='ltr'>genere,</span> 
     </span>
    </p>
   </div>
   <div class='ocr_carea' id='block_1_73' title="bbox 2047 1893 3129 1962">
    <p class='ocr_par' dir='ltr' id='par_1_73' title="bbox 2047 1893 3129 1962">
     <span class='ocr_line' id='line_1_73' title="bbox 2047 1893 3129 1962; baseline 0.002 -14"><span class='ocrx_word' id='word_1_394' title='bbox 2047 1893 2410 1950; x_wconf 85' lang='lat' dir='ltr'>fortissimus</span> <span class='ocrx_word' id='word_1_395' title='bbox 2444 1895 2716 1950; x_wconf 86' lang='lat' dir='ltr'>defensor</span> <span class='ocrx_word' id='word_1_396' title='bbox 2744 1894 3129 1962; x_wconf 85' lang='lat' dir='ltr'>orthodoxiae,</span> 
     </span>
    </p>
   </div>
   <div class='ocr_carea' id='block_1_74' title="bbox 1965 1974 3246 2054">
    <p class='ocr_par' dir='ltr' id='par_1_74' title="bbox 1965 1974 3246 2054">
     <span class='ocr_line' id='line_1_74' title="bbox 1965 1974 3246 2054; baseline -0.002 -14"><span class='ocrx_word' id='word_1_397' title='bbox 1965 1974 2014 2040; x_wconf 91' lang='grc' dir='ltr'><strong>Β</strong></span> <span class='ocrx_word' id='word_1_398' title='bbox 2045 1982 2247 2054; x_wconf 86' lang='lat' dir='ltr'>egenis</span> <span class='ocrx_word' id='word_1_399' title='bbox 2272 1981 2475 2054; x_wconf 86' lang='lat' dir='ltr'>largus</span> <span class='ocrx_word' id='word_1_400' title='bbox 2507 1983 2911 2039; x_wconf 85' lang='lat' dir='ltr'>subsidiorum</span> <span class='ocrx_word' id='word_1_401' title='bbox 2947 1983 3246 2054; x_wconf 71' lang='lat' dir='ltr'>praabitor.</span> 
     </span>
    </p>
   </div>
   <div class='ocr_carea' id='block_1_75' title="bbox 2051 2070 3177 2143">
    <p class='ocr_par' dir='ltr' id='par_1_75' title="bbox 2051 2070 3177 2143">
     <span class='ocr_line' id='line_1_75' title="bbox 2051 2070 3177 2143; baseline 0.003 -18"><span class='ocrx_word' id='word_1_402' title='bbox 2051 2070 2239 2141; x_wconf 89' lang='lat' dir='ltr'>Hujus</span> <span class='ocrx_word' id='word_1_403' title='bbox 2271 2070 2331 2126; x_wconf 93' lang='lat' dir='ltr'>in</span> <span class='ocrx_word' id='word_1_404' title='bbox 2366 2088 2464 2127; x_wconf 92' lang='lat' dir='ltr'>ore</span> <span class='ocrx_word' id='word_1_405' title='bbox 2495 2088 2647 2143; x_wconf 83' lang='lat' dir='ltr'>saepe</span> <span class='ocrx_word' id='word_1_406' title='bbox 2678 2073 2973 2127; x_wconf 86' lang='lat' dir='ltr'>sententia</span> <span class='ocrx_word' id='word_1_407' title='bbox 3005 2076 3131 2128; x_wconf 84' lang='lat' dir='ltr'>erat</span> <span class='ocrx_word' id='word_1_408' title='bbox 3162 2088 3177 2128; x_wconf 89' lang='lat'><strong>:</strong></span> 
     </span>
    </p>
   </div>
   <div class='ocr_carea' id='block_1_76' title="bbox 2051 2159 3017 2217">
    <p class='ocr_par' dir='ltr' id='par_1_76' title="bbox 2051 2159 3017 2217">
     <span class='ocr_line' id='line_1_76' title="bbox 2051 2159 3017 2217; baseline 0.001 -1"><span class='ocrx_word' id='word_1_409' title='bbox 2051 2159 2139 2216; x_wconf 90' lang='lat' dir='ltr'>sol</span> <span class='ocrx_word' id='word_1_410' title='bbox 2173 2161 2259 2215; x_wconf 86' lang='lat' dir='ltr'>uti</span> <span class='ocrx_word' id='word_1_411' title='bbox 2290 2159 2438 2216; x_wconf 89' lang='lat' dir='ltr'>solet</span> <span class='ocrx_word' id='word_1_412' title='bbox 2465 2176 2670 2217; x_wconf 91' lang='lat' dir='ltr'>omnes</span> <span class='ocrx_word' id='word_1_413' title='bbox 2702 2160 3017 2217; x_wconf 80' lang='lat' dir='ltr'>calefacere</span> 
     </span>
    </p>
   </div>
   <div class='ocr_carea' id='block_1_77' title="bbox 2053 2249 3502 2322">
    <p class='ocr_par' dir='ltr' id='par_1_77' title="bbox 2053 2249 3502 2322">
     <span class='ocr_line' id='line_1_77' title="bbox 2053 2249 3502 2322; baseline 0.003 -20"><span class='ocrx_word' id='word_1_414' title='bbox 2053 2249 2273 2319; x_wconf 87' lang='lat' dir='ltr'>quibus</span> <span class='ocrx_word' id='word_1_415' title='bbox 2322 2250 2581 2305; x_wconf 89' lang='lat' dir='ltr'>ostendit</span> <span class='ocrx_word' id='word_1_416' title='bbox 2618 2250 3003 2322; x_wconf 85' lang='lat' dir='ltr'>splendidum</span> <span class='ocrx_word' id='word_1_417' title='bbox 3039 2250 3240 2306; x_wconf 89' lang='lat' dir='ltr'>lumen</span> <span class='ocrx_word' id='word_1_418' title='bbox 3272 2266 3450 2306; x_wconf 90' lang='lat' dir='ltr'>suum</span> <span class='ocrx_word' id='word_1_419' title='bbox 3489 2266 3502 2305; x_wconf 89' lang='lat'><strong>:</strong></span> 
     </span>
    </p>
   </div>
   <div class='ocr_carea' id='block_1_78' title="bbox 2052 2336 3097 2411">
    <p class='ocr_par' dir='ltr' id='par_1_78' title="bbox 2052 2336 3097 2411">
     <span class='ocr_line' id='line_1_78' title="bbox 2052 2336 3097 2411; baseline 0.003 -19"><span class='ocrx_word' id='word_1_420' title='bbox 2052 2336 2137 2393; x_wconf 90' lang='lat' dir='ltr'>sic</span> <span class='ocrx_word' id='word_1_421' title='bbox 2168 2353 2230 2393; x_wconf 90' lang='lat' dir='ltr'>se</span> <span class='ocrx_word' id='word_1_422' title='bbox 2261 2338 2557 2409; x_wconf 90' lang='lat' dir='ltr'>arbitrari,</span> <span class='ocrx_word' id='word_1_423' title='bbox 2590 2355 2787 2411; x_wconf 89' lang='lat' dir='ltr'>regem</span> <span class='ocrx_word' id='word_1_424' title='bbox 2825 2344 3097 2410; x_wconf 85' lang='lat' dir='ltr'>Oportere</span> 
     </span>
    </p>
   </div>
   <div class='ocr_carea' id='block_1_79' title="bbox 2055 2427 3387 2498">
    <p class='ocr_par' dir='ltr' id='par_1_79' title="bbox 2055 2427 3387 2498">
     <span class='ocr_line' id='line_1_79' title="bbox 2055 2427 3387 2498; baseline 0.001 -17"><span class='ocrx_word' id='word_1_425' title='bbox 2055 2442 2440 2498; x_wconf 86' lang='lat' dir='ltr'>quoscunque</span> <span class='ocrx_word' id='word_1_426' title='bbox 2472 2427 2743 2483; x_wconf 88' lang='lat' dir='ltr'>homines</span> <span class='ocrx_word' id='word_1_427' title='bbox 2774 2429 2990 2483; x_wconf 83' lang='lat' dir='ltr'>intuitu</span> <span class='ocrx_word' id='word_1_428' title='bbox 3026 2429 3387 2496; x_wconf 84' lang='lat' dir='ltr'>lustraverit,</span> 
     </span>
    </p>
   </div>
   <div class='ocr_carea' id='block_1_80' title="bbox 2054 2514 3143 2589">
    <p class='ocr_par' dir='ltr' id='par_1_80' title="bbox 2054 2514 3143 2589">
     <span class='ocr_line' id='line_1_80' title="bbox 2054 2514 3143 2589; baseline 0 -18"><span class='ocrx_word' id='word_1_429' title='bbox 2054 2530 2153 2571; x_wconf 85' lang='lat' dir='ltr'>eos</span> <span class='ocrx_word' id='word_1_430' title='bbox 2189 2514 2503 2572; x_wconf 89' lang='lat' dir='ltr'>clementia</span> <span class='ocrx_word' id='word_1_431' title='bbox 2532 2516 2591 2571; x_wconf 92' lang='lat' dir='ltr'>in</span> <span class='ocrx_word' id='word_1_432' title='bbox 2626 2517 2798 2573; x_wconf 90' lang='lat' dir='ltr'>donis</span> <span class='ocrx_word' id='word_1_433' title='bbox 2831 2517 3143 2589; x_wconf 88' lang='lat' dir='ltr'>impertiri.</span> 
     </span>
    </p>
   </div>
   <div class='ocr_carea' id='block_1_81' title="bbox 2054 2604 3162 2677">
    <p class='ocr_par' dir='ltr' id='par_1_81' title="bbox 2054 2604 3162 2677">
     <span class='ocr_line' id='line_1_81' title="bbox 2054 2604 3162 2677; baseline 0.001 -18"><span class='ocrx_word' id='word_1_434' title='bbox 2054 2604 2159 2659; x_wconf 92' lang='lat' dir='ltr'>Hic</span> <span class='ocrx_word' id='word_1_435' title='bbox 2191 2604 2352 2675; x_wconf 89' lang='lat' dir='ltr'>prius</span> <span class='ocrx_word' id='word_1_436' title='bbox 2382 2621 2561 2675; x_wconf 88' lang='lat' dir='ltr'>quam</span> <span class='ocrx_word' id='word_1_437' title='bbox 2594 2606 2785 2661; x_wconf 88' lang='lat' dir='ltr'>adiret</span> <span class='ocrx_word' id='word_1_438' title='bbox 2817 2606 3162 2677; x_wconf 85' lang='lat' dir='ltr'>imperium,</span> 
     </span>
    </p>
   </div>
   <div class='ocr_carea' id='block_1_82' title="bbox 2053 2692 3092 2765">
    <p class='ocr_par' dir='ltr' id='par_1_82' title="bbox 2053 2692 3092 2765">
     <span class='ocr_line' id='line_1_82' title="bbox 2053 2692 3092 2765; baseline 0.001 -18"><span class='ocrx_word' id='word_1_439' title='bbox 2053 2693 2266 2764; x_wconf 82' lang='lat' dir='ltr'>Aspari</span> <span class='ocrx_word' id='word_1_440' title='bbox 2296 2692 2513 2748; x_wconf 88' lang='lat' dir='ltr'>illustri</span> <span class='ocrx_word' id='word_1_441' title='bbox 2547 2693 2818 2765; x_wconf 86' lang='lat' dir='ltr'>Optimati</span> <span class='ocrx_word' id='word_1_442' title='bbox 2863 2694 3092 2750; x_wconf 88' lang='lat' dir='ltr'>homini</span> 
     </span>
    </p>
   </div>
   <div class='ocr_carea' id='block_1_83' title="bbox 2056 2782 3224 2853">
    <p class='ocr_par' dir='ltr' id='par_1_83' title="bbox 2056 2782 3224 2853">
     <span class='ocr_line' id='line_1_83' title="bbox 2056 2782 3224 2853; baseline 0 -17"><span class='ocrx_word' id='word_1_443' title='bbox 2056 2798 2242 2837; x_wconf 91' lang='lat' dir='ltr'>unum</span> <span class='ocrx_word' id='word_1_444' title='bbox 2272 2798 2335 2837; x_wconf 88' lang='lat' dir='ltr'>se</span> <span class='ocrx_word' id='word_1_445' title='bbox 2366 2782 2724 2853; x_wconf 87' lang='lat' dir='ltr'>promiserat</span> <span class='ocrx_word' id='word_1_446' title='bbox 2754 2799 2821 2838; x_wconf 88' lang='lat' dir='ltr'>ex</span> <span class='ocrx_word' id='word_1_447' title='bbox 2852 2783 2981 2852; x_wconf 83' lang='lat' dir='ltr'>ejus</span> <span class='ocrx_word' id='word_1_448' title='bbox 3021 2782 3224 2838; x_wconf 89' lang='lat' dir='ltr'>liberis</span> 
     </span>
    </p>
   </div>
   <div class='ocr_carea' id='block_1_84' title="bbox 2058 2871 3250 2942">
    <p class='ocr_par' dir='ltr' id='par_1_84' title="bbox 2058 2871 3250 2942">
     <span class='ocr_line' id='line_1_84' title="bbox 2058 2871 3250 2942; baseline -0.001 -16"><span class='ocrx_word' id='word_1_449' title='bbox 2058 2871 2130 2926; x_wconf 89' lang='lat' dir='ltr'>ad</span> <span class='ocrx_word' id='word_1_450' title='bbox 2162 2871 2513 2941; x_wconf 87' lang='lat' dir='ltr'>dignitatem</span> <span class='ocrx_word' id='word_1_451' title='bbox 2540 2872 2785 2927; x_wconf 61' lang='lat' dir='ltr'>Cesaris</span> <span class='ocrx_word' id='word_1_452' title='bbox 2818 2875 3250 2942; x_wconf 90' lang='lat' dir='ltr'>promoturum.</span> 
     </span>
    </p>
   </div>
   <div class='ocr_carea' id='block_1_85' title="bbox 2055 2958 3260 3031">
    <p class='ocr_par' dir='ltr' id='par_1_85' title="bbox 2055 2958 3260 3031">
     <span class='ocr_line' id='line_1_85' title="bbox 2055 2958 3260 3031; baseline 0 -17"><span class='ocrx_word' id='word_1_453' title='bbox 2055 2962 2185 3015; x_wconf 89' lang='lat' dir='ltr'>Mox</span> <span class='ocrx_word' id='word_1_454' title='bbox 2209 2975 2340 3015; x_wconf 90' lang='lat' dir='ltr'>cum</span> <span class='ocrx_word' id='word_1_455' title='bbox 2370 2958 2688 3031; x_wconf 85' lang='lat' dir='ltr'>imperium</span> <span class='ocrx_word' id='word_1_456' title='bbox 2725 2959 3091 3015; x_wconf 88' lang='lat' dir='ltr'>obtinuisset</span> <span class='ocrx_word' id='word_1_457' title='bbox 3124 2960 3260 3027; x_wconf 90' lang='lat' dir='ltr'>Leo,</span> 
     </span>
    </p>
   </div>
   <div class='ocr_carea' id='block_1_86' title="bbox 2059 3048 3146 3120">
    <p class='ocr_par' dir='ltr' id='par_1_86' title="bbox 2059 3048 3146 3120">
     <span class='ocr_line' id='line_1_86' title="bbox 2059 3048 3146 3120; baseline -0.001 -17"><span class='ocrx_word' id='word_1_458' title='bbox 2059 3048 2119 3103; x_wconf 93' lang='lat' dir='ltr'>id</span> <span class='ocrx_word' id='word_1_459' title='bbox 2151 3048 2501 3104; x_wconf 85' lang='lat' dir='ltr'>beneﬁcium</span> <span class='ocrx_word' id='word_1_460' title='bbox 2522 3050 2712 3119; x_wconf 83' lang='lat' dir='ltr'>Aspar</span> <span class='ocrx_word' id='word_1_461' title='bbox 2743 3049 2793 3102; x_wconf 90' lang='lat' dir='ltr'>vi</span> <span class='ocrx_word' id='word_1_462' title='bbox 2831 3049 3101 3120; x_wconf 83' lang='lat' dir='ltr'>exigebat</span> <span class='ocrx_word' id='word_1_463' title='bbox 3132 3065 3146 3102; x_wconf 87' lang='lat'><strong>:</strong></span> 
     </span>
    </p>
   </div>
   <div class='ocr_carea' id='block_1_87' title="bbox 2060 3137 3433 3209">
    <p class='ocr_par' dir='ltr' id='par_1_87' title="bbox 2060 3137 3433 3209">
     <span class='ocr_line' id='line_1_87' title="bbox 2060 3137 3433 3209; baseline -0.001 -16"><span class='ocrx_word' id='word_1_464' title='bbox 2060 3137 2200 3209; x_wconf 89' lang='lat' dir='ltr'>quin</span> <span class='ocrx_word' id='word_1_465' title='bbox 2234 3137 2610 3208; x_wconf 89' lang='lat' dir='ltr'>impudenter</span> <span class='ocrx_word' id='word_1_466' title='bbox 2642 3154 2968 3209; x_wconf 89' lang='lat' dir='ltr'>purpuram</span> <span class='ocrx_word' id='word_1_467' title='bbox 3002 3137 3128 3207; x_wconf 85' lang='lat' dir='ltr'>ejus</span> <span class='ocrx_word' id='word_1_468' title='bbox 3158 3141 3433 3209; x_wconf 87' lang='lat' dir='ltr'>tangens,</span> 
     </span>
    </p>
   </div>
   <div class='ocr_carea' id='block_1_88' title="bbox 2060 3225 3433 3298">
    <p class='ocr_par' dir='ltr' id='par_1_88' title="bbox 2060 3225 3433 3298">
     <span class='ocr_line' id='line_1_88' title="bbox 2060 3225 3433 3298; baseline -0.001 -17"><span class='ocrx_word' id='word_1_469' title='bbox 2060 3226 2227 3283; x_wconf 86' lang='lat' dir='ltr'>Haud</span> <span class='ocrx_word' id='word_1_470' title='bbox 2260 3226 2365 3281; x_wconf 90' lang='lat' dir='ltr'>tibi</span> <span class='ocrx_word' id='word_1_471' title='bbox 2394 3226 2551 3292; x_wconf 91' lang='lat' dir='ltr'>licet,</span> <span class='ocrx_word' id='word_1_472' title='bbox 2580 3226 2798 3298; x_wconf 86' lang='lat' dir='ltr'>inquit,</span> <span class='ocrx_word' id='word_1_473' title='bbox 2833 3242 2952 3296; x_wconf 89' lang='lat' dir='ltr'>rex,</span> <span class='ocrx_word' id='word_1_474' title='bbox 2988 3227 3163 3281; x_wconf 85' lang='lat' dir='ltr'>ﬁdem</span> <span class='ocrx_word' id='word_1_475' title='bbox 3208 3225 3433 3295; x_wconf 85' lang='lat' dir='ltr'>fallere,</span> 
     </span>
    </p>
   </div>
   <div class='ocr_carea' id='block_1_89' title="bbox 1982 3314 3378 3409">
    <p class='ocr_par' dir='ltr' id='par_1_89' title="bbox 1982 3314 3378 3409">
     <span class='ocr_line' id='line_1_89' title="bbox 1982 3314 3378 3409; baseline -0.001 -38"><span class='ocrx_word' id='word_1_476' title='bbox 1982 3341 2025 3409; x_wconf 65' lang='grc' dir='ltr'>α</span> <span class='ocrx_word' id='word_1_477' title='bbox 2062 3332 2196 3409; x_wconf 86' lang='lat' dir='ltr'>cum</span> <span class='ocrx_word' id='word_1_478' title='bbox 2222 3315 2319 3409; x_wconf 76' lang='lat' dir='ltr'>sis</span> <span class='ocrx_word' id='word_1_479' title='bbox 2345 3315 2465 3409; x_wconf 78' lang='lat' dir='ltr'>hac</span> <span class='ocrx_word' id='word_1_480' title='bbox 2485 3314 2792 3409; x_wconf 74' lang='lat' dir='ltr'>splendida</span> <span class='ocrx_word' id='word_1_481' title='bbox 2824 3332 3083 3409; x_wconf 74' lang='lat' dir='ltr'>purpura</span> <span class='ocrx_word' id='word_1_482' title='bbox 3106 3316 3378 3409; x_wconf 79' lang='lat' dir='ltr'>vestitus.</span> 
     </span>
    </p>
   </div>
   <div class='ocr_carea' id='block_1_90' title="bbox 2058 3403 3219 3477">
    <p class='ocr_par' dir='ltr' id='par_1_90' title="bbox 2058 3403 3219 3477">
     <span class='ocr_line' id='line_1_90' title="bbox 2058 3403 3219 3477; baseline -0.001 -16"><span class='ocrx_word' id='word_1_483' title='bbox 2058 3404 2236 3477; x_wconf 89' lang='lat' dir='ltr'>Atqui</span> <span class='ocrx_word' id='word_1_484' title='bbox 2268 3403 2531 3459; x_wconf 88' lang='lat' dir='ltr'>vicissim</span> <span class='ocrx_word' id='word_1_485' title='bbox 2559 3404 2722 3459; x_wconf 86' lang='lat' dir='ltr'>nefas</span> <span class='ocrx_word' id='word_1_486' title='bbox 2760 3409 2869 3471; x_wconf 89' lang='lat' dir='ltr'>est,</span> <span class='ocrx_word' id='word_1_487' title='bbox 2904 3409 2968 3460; x_wconf 89' lang='lat' dir='ltr'>ut</span> <span class='ocrx_word' id='word_1_488' title='bbox 2999 3404 3219 3460; x_wconf 86' lang='lat' dir='ltr'>famulo</span> 
     </span>
    </p>
   </div>
   <div class='ocr_carea' id='block_1_91' title="bbox 2059 3492 3326 3565">
    <p class='ocr_par' dir='ltr' id='par_1_91' title="bbox 2059 3492 3326 3565">
     <span class='ocr_line' id='line_1_91' title="bbox 2059 3492 3326 3565; baseline -0.001 -16"><span class='ocrx_word' id='word_1_489' title='bbox 2059 3494 2178 3549; x_wconf 90' lang='lat' dir='ltr'>vim</span> <span class='ocrx_word' id='word_1_490' title='bbox 2212 3492 2359 3547; x_wconf 90' lang='lat' dir='ltr'>mihi</span> <span class='ocrx_word' id='word_1_491' title='bbox 2391 3492 2613 3562; x_wconf 86' lang='lat' dir='ltr'>inferri,</span> <span class='ocrx_word' id='word_1_492' title='bbox 2642 3493 2948 3564; x_wconf 88' lang='lat' dir='ltr'>respondit</span> <span class='ocrx_word' id='word_1_493' title='bbox 2982 3494 3326 3565; x_wconf 89' lang='lat' dir='ltr'>imperator,</span> 
     </span>
    </p>
   </div>
   <div class='ocr_carea' id='block_1_92' title="bbox 2063 3581 3209 3655">
    <p class='ocr_par' dir='ltr' id='par_1_92' title="bbox 2063 3581 3209 3655">
     <span class='ocr_line' id='line_1_92' title="bbox 2063 3581 3209 3655; baseline -0.001 -17"><span class='ocrx_word' id='word_1_494' title='bbox 2063 3584 2164 3655; x_wconf 88' lang='lat' dir='ltr'>qui</span> <span class='ocrx_word' id='word_1_495' title='bbox 2197 3581 2505 3655; x_wconf 87' lang='lat' dir='ltr'>principali</span> <span class='ocrx_word' id='word_1_496' title='bbox 2535 3582 2844 3655; x_wconf 82' lang='lat' dir='ltr'>chlamyde</span> <span class='ocrx_word' id='word_1_497' title='bbox 2875 3582 3209 3654; x_wconf 76' lang='lat' dir='ltr'>praefulgeo.</span> 
     </span>
    </p>
   </div>
   <div class='ocr_carea' id='block_1_93' title="bbox 2064 3672 3110 3743">
    <p class='ocr_par' dir='ltr' id='par_1_93' title="bbox 2064 3672 3110 3743">
     <span class='ocr_line' id='line_1_93' title="bbox 2064 3672 3110 3743; baseline 0 -15"><span class='ocrx_word' id='word_1_498' title='bbox 2064 3673 2210 3729; x_wconf 88' lang='lat' dir='ltr'>Huic</span> <span class='ocrx_word' id='word_1_499' title='bbox 2239 3676 2363 3727; x_wconf 89' lang='lat' dir='ltr'>erat</span> <span class='ocrx_word' id='word_1_500' title='bbox 2383 3673 2593 3742; x_wconf 88' lang='lat' dir='ltr'>juncta</span> <span class='ocrx_word' id='word_1_501' title='bbox 2622 3672 2846 3743; x_wconf 85' lang='lat' dir='ltr'>nuptiis</span> <span class='ocrx_word' id='word_1_502' title='bbox 2875 3672 3110 3743; x_wconf 89' lang='lat' dir='ltr'>Verina,</span> 
     </span>
    </p>
   </div>
   <div class='ocr_carea' id='block_1_94' title="bbox 2066 3759 3075 3834">
    <p class='ocr_par' dir='ltr' id='par_1_94' title="bbox 2066 3759 3075 3834">
     <span class='ocr_line' id='line_1_94' title="bbox 2066 3759 3075 3834; baseline 0 -18"><span class='ocrx_word' id='word_1_503' title='bbox 2066 3778 2195 3834; x_wconf 66' lang='lat' dir='ltr'>qum</span> <span class='ocrx_word' id='word_1_504' title='bbox 2226 3761 2373 3815; x_wconf 88' lang='lat' dir='ltr'>duas</span> <span class='ocrx_word' id='word_1_505' title='bbox 2405 3761 2525 3831; x_wconf 89' lang='lat' dir='ltr'>regi</span> <span class='ocrx_word' id='word_1_506' title='bbox 2560 3759 2710 3815; x_wconf 81' lang='lat' dir='ltr'>ﬁlias</span> <span class='ocrx_word' id='word_1_507' title='bbox 2741 3760 2911 3816; x_wconf 88' lang='lat' dir='ltr'>enixa</span> <span class='ocrx_word' id='word_1_508' title='bbox 2940 3765 3029 3816; x_wconf 88' lang='lat' dir='ltr'>est</span> <span class='ocrx_word' id='word_1_509' title='bbox 3063 3778 3075 3816; x_wconf 95' lang='lat'>:</span> 
     </span>
    </p>
   </div>
   <div class='ocr_carea' id='block_1_95' title="bbox 2068 3848 3256 3917">
    <p class='ocr_par' dir='ltr' id='par_1_95' title="bbox 2068 3848 3256 3917">
     <span class='ocr_line' id='line_1_95' title="bbox 2068 3848 3256 3917; baseline -0.001 -11"><span class='ocrx_word' id='word_1_510' title='bbox 2068 3867 2283 3906; x_wconf 88' lang='lat' dir='ltr'>nomen</span> <span class='ocrx_word' id='word_1_511' title='bbox 2315 3848 2415 3903; x_wconf 92' lang='lat' dir='ltr'>uni</span> <span class='ocrx_word' id='word_1_512' title='bbox 2440 3848 2715 3917; x_wconf 89' lang='lat' dir='ltr'>Ariadna,</span> <span class='ocrx_word' id='word_1_513' title='bbox 2750 3850 3037 3905; x_wconf 88' lang='lat' dir='ltr'>Leontina</span> <span class='ocrx_word' id='word_1_514' title='bbox 3067 3851 3256 3906; x_wconf 86' lang='lat' dir='ltr'>alteri.</span> 
     </span>
    </p>
   </div>
   <div class='ocr_carea' id='block_1_96' title="bbox 2068 3937 3183 4008">
    <p class='ocr_par' dir='ltr' id='par_1_96' title="bbox 2068 3937 3183 4008">
     <span class='ocr_line' id='line_1_96' title="bbox 2068 3937 3183 4008; baseline 0 -15"><span class='ocrx_word' id='word_1_515' title='bbox 2068 3939 2146 3995; x_wconf 83' lang='lat' dir='ltr'>Ex</span> <span class='ocrx_word' id='word_1_516' title='bbox 2176 3937 2270 3994; x_wconf 88' lang='lat' dir='ltr'>his</span> <span class='ocrx_word' id='word_1_517' title='bbox 2300 3937 2551 3993; x_wconf 87' lang='lat' dir='ltr'>Ariadna</span> <span class='ocrx_word' id='word_1_518' title='bbox 2574 3938 2785 4008; x_wconf 87' lang='lat' dir='ltr'>juncta</span> <span class='ocrx_word' id='word_1_519' title='bbox 2816 3938 3035 3994; x_wconf 91' lang='lat' dir='ltr'>Zenoni</span> <span class='ocrx_word' id='word_1_520' title='bbox 3070 3939 3183 3994; x_wconf 82' lang='lat' dir='ltr'>fuit</span> 
     </span>
    </p>
   </div>
   <div class='ocr_carea' id='block_1_97' title="bbox 2070 4027 3282 4101">
    <p class='ocr_par' dir='ltr' id='par_1_97' title="bbox 2070 4027 3282 4101">
     <span class='ocr_line' id='line_1_97' title="bbox 2070 4027 3282 4101; baseline 0 -16"><span class='ocrx_word' id='word_1_521' title='bbox 2070 4029 2223 4085; x_wconf 85' lang='lat' dir='ltr'>foeda</span> <span class='ocrx_word' id='word_1_522' title='bbox 2250 4027 2373 4083; x_wconf 88' lang='lat' dir='ltr'>viro</span> <span class='ocrx_word' id='word_1_523' title='bbox 2406 4028 2552 4083; x_wconf 70' lang='lat' dir='ltr'>facie</span> <span class='ocrx_word' id='word_1_524' title='bbox 2583 4032 2642 4083; x_wconf 91' lang='lat' dir='ltr'>et</span> <span class='ocrx_word' id='word_1_525' title='bbox 2685 4028 2952 4085; x_wconf 88' lang='lat' dir='ltr'>moribus</span> <span class='ocrx_word' id='word_1_526' title='bbox 2983 4029 3282 4101; x_wconf 87' lang='lat' dir='ltr'>pessimis,</span> 
     </span>
    </p>
   </div>
   <div class='ocr_carea' id='block_1_98' title="bbox 2074 4116 3333 4190">
    <p class='ocr_par' dir='ltr' id='par_1_98' title="bbox 2074 4116 3333 4190">
     <span class='ocr_line' id='line_1_98' title="bbox 2074 4116 3333 4190; baseline -0.001 -18"><span class='ocrx_word' id='word_1_527' title='bbox 2074 4116 2175 4190; x_wconf 90' lang='lat' dir='ltr'>qui</span> <span class='ocrx_word' id='word_1_528' title='bbox 2199 4117 2408 4173; x_wconf 88' lang='lat' dir='ltr'>seriem</span> <span class='ocrx_word' id='word_1_529' title='bbox 2443 4131 2512 4171; x_wconf 86' lang='lat' dir='ltr'>ex</span> <span class='ocrx_word' id='word_1_530' title='bbox 2542 4116 2766 4172; x_wconf 88' lang='lat' dir='ltr'>Isauris</span> <span class='ocrx_word' id='word_1_531' title='bbox 2800 4118 3054 4173; x_wconf 89' lang='lat' dir='ltr'>ducebat</span> <span class='ocrx_word' id='word_1_532' title='bbox 3081 4117 3333 4189; x_wconf 90' lang='lat' dir='ltr'>generis.</span> 
     </span>
    </p>
   </div>
   <div class='ocr_carea' id='block_1_99' title="bbox 2075 4204 3346 4279">
    <p class='ocr_par' dir='ltr' id='par_1_99' title="bbox 2075 4204 3346 4279">
     <span class='ocr_line' id='line_1_99' title="bbox 2075 4204 3346 4279; baseline -0.002 -16"><span class='ocrx_word' id='word_1_533' title='bbox 2075 4206 2378 4263; x_wconf 88' lang='lat' dir='ltr'>Leontiam</span> <span class='ocrx_word' id='word_1_534' title='bbox 2409 4204 2744 4260; x_wconf 89' lang='lat' dir='ltr'>Marcianus</span> <span class='ocrx_word' id='word_1_535' title='bbox 2777 4205 3002 4277; x_wconf 90' lang='lat' dir='ltr'>accepit</span> <span class='ocrx_word' id='word_1_536' title='bbox 3034 4207 3346 4279; x_wconf 87' lang='lat' dir='ltr'>conjugem</span> 
     </span>
    </p>
   </div>
   <div class='ocr_carea' id='block_1_100' title="bbox 2078 4294 3277 4367">
    <p class='ocr_par' dir='ltr' id='par_1_100' title="bbox 2078 4294 3277 4367">
     <span class='ocr_line' id='line_1_100' title="bbox 2078 4294 3277 4367; baseline -0.002 -15"><span class='ocrx_word' id='word_1_537' title='bbox 2078 4297 2239 4352; x_wconf 85' lang='lat' dir='ltr'>ﬁlius</span> <span class='ocrx_word' id='word_1_538' title='bbox 2272 4294 2574 4350; x_wconf 82' lang='lat' dir='ltr'>Anthemii</span> <span class='ocrx_word' id='word_1_539' title='bbox 2607 4294 2708 4366; x_wconf 89' lang='lat' dir='ltr'>qui</span> <span class='ocrx_word' id='word_1_540' title='bbox 2742 4294 2940 4351; x_wconf 72' lang='lat' dir='ltr'>Romae</span> <span class='ocrx_word' id='word_1_541' title='bbox 2974 4295 3277 4367; x_wconf 87' lang='lat' dir='ltr'>regnabat.</span> 
     </span>
    </p>
   </div>
   <div class='ocr_carea' id='block_1_101' title="bbox 2080 4381 3352 4455">
    <p class='ocr_par' dir='ltr' id='par_1_101' title="bbox 2080 4381 3352 4455">
     <span class='ocr_line' id='line_1_101' title="bbox 2080 4381 3352 4455; baseline -0.001 -16"><span class='ocrx_word' id='word_1_542' title='bbox 2080 4384 2270 4439; x_wconf 87' lang='lat' dir='ltr'>Leone</span> <span class='ocrx_word' id='word_1_543' title='bbox 2301 4381 2647 4437; x_wconf 90' lang='lat' dir='ltr'>dominante</span> <span class='ocrx_word' id='word_1_544' title='bbox 2676 4382 3018 4438; x_wconf 88' lang='lat' dir='ltr'>incendium</span> <span class='ocrx_word' id='word_1_545' title='bbox 3052 4384 3352 4455; x_wconf 88' lang='lat' dir='ltr'>quoddam</span> 
     </span>
    </p>
   </div>
   <div class='ocr_carea' id='block_1_102' title="bbox 2082 4469 3184 4544">
    <p class='ocr_par' dir='ltr' id='par_1_102' title="bbox 2082 4469 3184 4544">
     <span class='ocr_line' id='line_1_102' title="bbox 2082 4469 3184 4544; baseline 0.001 -16"><span class='ocrx_word' id='word_1_546' title='bbox 2082 4472 2227 4528; x_wconf 90' lang='lat' dir='ltr'>urbe</span> <span class='ocrx_word' id='word_1_547' title='bbox 2258 4471 2316 4526; x_wconf 90' lang='lat' dir='ltr'>in</span> <span class='ocrx_word' id='word_1_548' title='bbox 2348 4469 2531 4544; x_wconf 89' lang='lat' dir='ltr'>regali</span> <span class='ocrx_word' id='word_1_549' title='bbox 2565 4472 2811 4544; x_wconf 86' lang='lat' dir='ltr'>contigit</span> <span class='ocrx_word' id='word_1_550' title='bbox 2844 4473 3184 4529; x_wconf 87' lang='lat' dir='ltr'>horrificum</span> 
     </span>
    </p>
   </div>
   <div class='ocr_carea' id='block_1_103' title="bbox 2086 4560 3157 4632">
    <p class='ocr_par' dir='ltr' id='par_1_103' title="bbox 2086 4560 3157 4632">
     <span class='ocr_line' id='line_1_103' title="bbox 2086 4560 3157 4632; baseline 0 -14"><span class='ocrx_word' id='word_1_551' title='bbox 2086 4580 2120 4618; x_wconf 90' lang='lat' dir='ltr'>a</span> <span class='ocrx_word' id='word_1_552' title='bbox 2150 4560 2370 4617; x_wconf 89' lang='lat' dir='ltr'>boreali</span> <span class='ocrx_word' id='word_1_553' title='bbox 2402 4560 2549 4616; x_wconf 89' lang='lat' dir='ltr'>mari</span> <span class='ocrx_word' id='word_1_554' title='bbox 2582 4576 2771 4632; x_wconf 84' lang='lat' dir='ltr'>usque</span> <span class='ocrx_word' id='word_1_555' title='bbox 2802 4562 2873 4617; x_wconf 90' lang='lat' dir='ltr'>ad</span> <span class='ocrx_word' id='word_1_556' title='bbox 2906 4561 3157 4618; x_wconf 84' lang='lat' dir='ltr'>alterum</span> 
     </span>
    </p>
   </div>
   <div class='ocr_carea' id='block_1_104' title="bbox 2087 4649 3460 4723">
    <p class='ocr_par' dir='ltr' id='par_1_104' title="bbox 2087 4649 3460 4723">
     <span class='ocr_line' id='line_1_104' title="bbox 2087 4649 3460 4723; baseline -0.002 -17"><span class='ocrx_word' id='word_1_557' title='bbox 2087 4649 2345 4706; x_wconf 87' lang='lat' dir='ltr'>ﬂammis</span> <span class='ocrx_word' id='word_1_558' title='bbox 2376 4649 2580 4705; x_wconf 90' lang='lat' dir='ltr'>urbem</span> <span class='ocrx_word' id='word_1_559' title='bbox 2613 4649 2870 4705; x_wconf 90' lang='lat' dir='ltr'>mediam</span> <span class='ocrx_word' id='word_1_560' title='bbox 2904 4649 3460 4723; x_wconf 88' lang='lat' dir='ltr'>complectentibus,</span> 
     </span>
    </p>
   </div>
   <div class='ocr_carea' id='block_1_105' title="bbox 2090 4737 3510 4812">
    <p class='ocr_par' dir='ltr' id='par_1_105' title="bbox 2090 4737 3510 4812">
     <span class='ocr_line' id='line_1_105' title="bbox 2090 4737 3510 4812; baseline -0.004 -15"><span class='ocrx_word' id='word_1_561' title='bbox 2090 4737 2551 4812; x_wconf 86' lang='lat' dir='ltr'>splendidasque</span> <span class='ocrx_word' id='word_1_562' title='bbox 2581 4738 2761 4809; x_wconf 87' lang='lat' dir='ltr'>hujus</span> <span class='ocrx_word' id='word_1_563' title='bbox 2794 4739 3001 4795; x_wconf 90' lang='lat' dir='ltr'>domos</span> <span class='ocrx_word' id='word_1_564' title='bbox 3035 4737 3464 4811; x_wconf 87' lang='lat' dir='ltr'>populantibus</span> <span class='ocrx_word' id='word_1_565' title='bbox 3496 4750 3510 4791; x_wconf 90' lang='lat'><strong>:</strong></span> 
     </span>
    </p>
   </div>
   <div class='ocr_carea' id='block_1_106' title="bbox 2089 4828 3337 4902">
    <p class='ocr_par' dir='ltr' id='par_1_106' title="bbox 2089 4828 3337 4902">
     <span class='ocr_line' id='line_1_106' title="bbox 2089 4828 3337 4902; baseline -0.002 -16"><span class='ocrx_word' id='word_1_566' title='bbox 2089 4835 2266 4902; x_wconf 89' lang='lat' dir='ltr'>atque</span> <span class='ocrx_word' id='word_1_567' title='bbox 2295 4828 2451 4883; x_wconf 90' lang='lat' dir='ltr'>inter</span> <span class='ocrx_word' id='word_1_568' title='bbox 2481 4833 2706 4895; x_wconf 67' lang='lat' dir='ltr'>caetera,</span> <span class='ocrx_word' id='word_1_569' title='bbox 2742 4845 2942 4885; x_wconf 87' lang='lat' dir='ltr'>sacras</span> <span class='ocrx_word' id='word_1_570' title='bbox 2975 4830 3152 4886; x_wconf 85' lang='lat' dir='ltr'>etiam</span> <span class='ocrx_word' id='word_1_571' title='bbox 3182 4830 3337 4883; x_wconf 80' lang='lat' dir='ltr'>aedes</span> 
     </span>
    </p>
   </div>
   <div class='ocr_carea' id='block_1_107' title="bbox 2089 4916 3324 4990">
    <p class='ocr_par' dir='ltr' id='par_1_107' title="bbox 2089 4916 3324 4990">
     <span class='ocr_line' id='line_1_107' title="bbox 2089 4916 3324 4990; baseline -0.003 -16"><span class='ocrx_word' id='word_1_572' title='bbox 2089 4917 2520 4990; x_wconf 87' lang='lat' dir='ltr'>quatriduanus</span> <span class='ocrx_word' id='word_1_573' title='bbox 2550 4916 2707 4989; x_wconf 86' lang='lat' dir='ltr'>ignis</span> <span class='ocrx_word' id='word_1_574' title='bbox 2738 4916 3071 4974; x_wconf 89' lang='lat' dir='ltr'>inclemens</span> <span class='ocrx_word' id='word_1_575' title='bbox 3103 4917 3324 4973; x_wconf 88' lang='lat' dir='ltr'>hausit.</span> 
     </span>
    </p>
   </div>
   <div class='ocr_carea' id='block_1_108' title="bbox 2094 5004 3327 5077">
    <p class='ocr_par' dir='ltr' id='par_1_108' title="bbox 2094 5004 3327 5077">
     <span class='ocr_line' id='line_1_108' title="bbox 2094 5004 3327 5077; baseline -0.002 -13"><span class='ocrx_word' id='word_1_576' title='bbox 2094 5004 2464 5064; x_wconf 84' lang='lat' dir='ltr'>Antiochiam</span> <span class='ocrx_word' id='word_1_577' title='bbox 2495 5021 2628 5061; x_wconf 91' lang='lat' dir='ltr'>vero</span> <span class='ocrx_word' id='word_1_578' title='bbox 2660 5009 2825 5063; x_wconf 72' lang='lat' dir='ltr'>terrm</span> <span class='ocrx_word' id='word_1_579' title='bbox 2858 5011 3054 5063; x_wconf 87' lang='lat' dir='ltr'>motus</span> <span class='ocrx_word' id='word_1_580' title='bbox 3084 5006 3327 5077; x_wconf 90' lang='lat' dir='ltr'>quidam</span> 
     </span>
    </p>
   </div>
   <div class='ocr_carea' id='block_1_109' title="bbox 2093 5096 3327 5167">
    <p class='ocr_par' dir='ltr' id='par_1_109' title="bbox 2093 5096 3327 5167">
     <span class='ocr_line' id='line_1_109' title="bbox 2093 5096 3327 5167; baseline -0.002 -14"><span class='ocrx_word' id='word_1_581' title='bbox 2093 5097 2409 5153; x_wconf 88' lang='lat' dir='ltr'>vehemens</span> <span class='ocrx_word' id='word_1_582' title='bbox 2440 5112 2719 5167; x_wconf 86' lang='lat' dir='ltr'>supremo</span> <span class='ocrx_word' id='word_1_583' title='bbox 2752 5097 3071 5167; x_wconf 88' lang='lat' dir='ltr'>prostravit</span> <span class='ocrx_word' id='word_1_584' title='bbox 3100 5096 3277 5153; x_wconf 86' lang='lat' dir='ltr'>exitio</span> <span class='ocrx_word' id='word_1_585' title='bbox 3314 5112 3327 5150; x_wconf 87' lang='lat'><strong>:</strong></span> 
     </span>
    </p>
   </div>
   <div class='ocr_carea' id='block_1_110' title="bbox 2098 5184 3293 5259">
    <p class='ocr_par' dir='ltr' id='par_1_110' title="bbox 2098 5184 3293 5259">
     <span class='ocr_line' id='line_1_110' title="bbox 2098 5184 3293 5259; baseline -0.002 -17"><span class='ocrx_word' id='word_1_586' title='bbox 2098 5187 2442 5257; x_wconf 89' lang='lat' dir='ltr'>multusque</span> <span class='ocrx_word' id='word_1_587' title='bbox 2473 5184 2627 5256; x_wconf 90' lang='lat' dir='ltr'>pluit</span> <span class='ocrx_word' id='word_1_588' title='bbox 2658 5186 2779 5257; x_wconf 82' lang='lat' dir='ltr'>regi</span> <span class='ocrx_word' id='word_1_589' title='bbox 2813 5185 2872 5240; x_wconf 90' lang='lat' dir='ltr'>in</span> <span class='ocrx_word' id='word_1_590' title='bbox 2907 5187 3051 5241; x_wconf 92' lang='lat' dir='ltr'>urbe</span> <span class='ocrx_word' id='word_1_591' title='bbox 3076 5186 3293 5259; x_wconf 87' lang='lat' dir='ltr'>pulvis,</span> 
     </span>
    </p>
   </div>
   <div class='ocr_carea' id='block_1_111' title="bbox 2099 5274 3472 5347">
    <p class='ocr_par' dir='ltr' id='par_1_111' title="bbox 2099 5274 3472 5347">
     <span class='ocr_line' id='line_1_111' title="bbox 2099 5274 3472 5347; baseline -0.001 -16"><span class='ocrx_word' id='word_1_592' title='bbox 2099 5275 2388 5331; x_wconf 88' lang='lat' dir='ltr'>molestus</span> <span class='ocrx_word' id='word_1_593' title='bbox 2421 5274 2822 5330; x_wconf 82' lang='lat' dir='ltr'>animantibus</span> <span class='ocrx_word' id='word_1_594' title='bbox 2853 5279 2910 5330; x_wconf 89' lang='lat' dir='ltr'>et</span> <span class='ocrx_word' id='word_1_595' title='bbox 2940 5278 3149 5332; x_wconf 86' lang='lat' dir='ltr'>noxius</span> <span class='ocrx_word' id='word_1_596' title='bbox 3182 5274 3472 5347; x_wconf 81' lang='lat' dir='ltr'>frugibus.</span> 
     </span>
    </p>
   </div>
   <div class='ocr_carea' id='block_1_112' title="bbox 2104 5362 3291 5438">
    <p class='ocr_par' dir='ltr' id='par_1_112' title="bbox 2104 5362 3291 5438">
     <span class='ocr_line' id='line_1_112' title="bbox 2104 5362 3291 5438; baseline 0.001 -18"><span class='ocrx_word' id='word_1_597' title='bbox 2104 5365 2206 5420; x_wconf 84' lang='lat' dir='ltr'>His</span> <span class='ocrx_word' id='word_1_598' title='bbox 2239 5362 2412 5419; x_wconf 90' lang='lat' dir='ltr'>malis</span> <span class='ocrx_word' id='word_1_599' title='bbox 2442 5363 2702 5436; x_wconf 87' lang='lat' dir='ltr'>graviter</span> <span class='ocrx_word' id='word_1_600' title='bbox 2731 5365 2941 5422; x_wconf 85' lang='lat' dir='ltr'>anxius</span> <span class='ocrx_word' id='word_1_601' title='bbox 2970 5366 3291 5438; x_wconf 85' lang='lat' dir='ltr'>imperator</span> 
     </span>
    </p>
   </div>
   <div class='ocr_carea' id='block_1_113' title="bbox 2105 5452 3380 5528">
    <p class='ocr_par' dir='ltr' id='par_1_113' title="bbox 2105 5452 3380 5528">
     <span class='ocr_line' id='line_1_113' title="bbox 2105 5452 3380 5528; baseline 0.001 -19"><span class='ocrx_word' id='word_1_602' title='bbox 2105 5454 2252 5509; x_wconf 90' lang='lat' dir='ltr'>urbe</span> <span class='ocrx_word' id='word_1_603' title='bbox 2281 5452 2505 5522; x_wconf 89' lang='lat' dir='ltr'>relicta,</span> <span class='ocrx_word' id='word_1_604' title='bbox 2540 5454 2611 5509; x_wconf 86' lang='lat' dir='ltr'>ad</span> <span class='ocrx_word' id='word_1_605' title='bbox 2640 5454 3049 5512; x_wconf 89' lang='lat' dir='ltr'>suburbanum</span> <span class='ocrx_word' id='word_1_606' title='bbox 3085 5455 3380 5528; x_wconf 89' lang='lat' dir='ltr'>palatium</span> 
     </span>
    </p>
   </div>
   <div class='ocr_carea' id='block_1_114' title="bbox 2108 5543 3373 5602">
    <p class='ocr_par' dir='ltr' id='par_1_114' title="bbox 2108 5543 3373 5602">
     <span class='ocr_line' id='line_1_114' title="bbox 2108 5543 3373 5602; baseline 0.002 -3"><span class='ocrx_word' id='word_1_607' title='bbox 2108 5543 2284 5599; x_wconf 89' lang='lat' dir='ltr'>saluti</span> <span class='ocrx_word' id='word_1_608' title='bbox 2317 5559 2437 5598; x_wconf 66' lang='lat' dir='ltr'>suae</span> <span class='ocrx_word' id='word_1_609' title='bbox 2468 5543 2782 5600; x_wconf 90' lang='lat' dir='ltr'>consulens</span> <span class='ocrx_word' id='word_1_610' title='bbox 2814 5546 3011 5602; x_wconf 87' lang='lat' dir='ltr'>sedem</span> <span class='ocrx_word' id='word_1_611' title='bbox 3045 5545 3373 5602; x_wconf 88' lang='lat' dir='ltr'>transtulit.</span> 
     </span>
    </p>
   </div>
   <div class='ocr_carea' id='block_1_115' title="bbox 2108 5632 3116 5708">
    <p class='ocr_par' dir='ltr' id='par_1_115' title="bbox 2108 5632 3116 5708">
     <span class='ocr_line' id='line_1_115' title="bbox 2108 5632 3116 5708; baseline 0.004 -22"><span class='ocrx_word' id='word_1_612' title='bbox 2108 5632 2229 5687; x_wconf 83' lang='lat' dir='ltr'>Sub</span> <span class='ocrx_word' id='word_1_613' title='bbox 2251 5647 2318 5687; x_wconf 91' lang='lat' dir='ltr'>eo</span> <span class='ocrx_word' id='word_1_614' title='bbox 2346 5632 2528 5688; x_wconf 86' lang='lat' dir='ltr'>vestis</span> <span class='ocrx_word' id='word_1_615' title='bbox 2560 5632 2822 5706; x_wconf 80' lang='lat' dir='ltr'>Deiparae</span> <span class='ocrx_word' id='word_1_616' title='bbox 2854 5634 3116 5708; x_wconf 86' lang='lat' dir='ltr'>Virginis</span> 
     </span>
    </p>
   </div>
   <div class='ocr_carea' id='block_1_116' title="bbox 2113 5720 3179 5781">
    <p class='ocr_par' dir='ltr' id='par_1_116' title="bbox 2113 5720 3179 5781">
     <span class='ocr_line' id='line_1_116' title="bbox 2113 5720 3179 5781; baseline 0.003 -4"><span class='ocrx_word' id='word_1_617' title='bbox 2113 5738 2180 5777; x_wconf 90' lang='lat' dir='ltr'>ex</span> <span class='ocrx_word' id='word_1_618' title='bbox 2212 5722 2355 5776; x_wconf 91' lang='lat' dir='ltr'>urbe</span> <span class='ocrx_word' id='word_1_619' title='bbox 2385 5720 2562 5778; x_wconf 89' lang='lat' dir='ltr'>Sione</span> <span class='ocrx_word' id='word_1_620' title='bbox 2587 5739 2653 5778; x_wconf 89' lang='lat' dir='ltr'>ac</span> <span class='ocrx_word' id='word_1_621' title='bbox 2698 5723 2994 5781; x_wconf 87' lang='lat' dir='ltr'>Palestina</span> <span class='ocrx_word' id='word_1_622' title='bbox 3023 5728 3179 5780; x_wconf 88' lang='lat' dir='ltr'>terra</span> 
     </span>
    </p>
   </div>
   <div class='ocr_carea' id='block_1_117' title="bbox 2118 5808 3076 5885">
    <p class='ocr_par' dir='ltr' id='par_1_117' title="bbox 2118 5808 3076 5885">
     <span class='ocr_line' id='line_1_117' title="bbox 2118 5808 3076 5885; baseline 0.005 -18"><span class='ocrx_word' id='word_1_623' title='bbox 2118 5811 2188 5867; x_wconf 91' lang='lat' dir='ltr'>ad</span> <span class='ocrx_word' id='word_1_624' title='bbox 2222 5808 2447 5883; x_wconf 88' lang='lat' dir='ltr'>regiam</span> <span class='ocrx_word' id='word_1_625' title='bbox 2478 5810 2673 5871; x_wconf 89' lang='lat' dir='ltr'>delata</span> <span class='ocrx_word' id='word_1_626' title='bbox 2705 5812 3076 5885; x_wconf 85' lang='lat' dir='ltr'>metropolim</span> 
     </span>
    </p>
   </div>
   <div class='ocr_carea' id='block_1_118' title="bbox 3617 488 3686 541">
    <p class='ocr_par' dir='ltr' id='par_1_118' title="bbox 3617 488 3686 541">
     <span class='ocr_line' id='line_1_118' title="bbox 3617 488 3686 541; baseline 0 0"><span class='ocrx_word' id='word_1_627' title='bbox 3617 488 3686 541; x_wconf 73' lang='grc'>46</span> 
     </span>
    </p>
   </div>
  </div>
