4140 6434
339 452 411 508 49

519 574 679 634 Ἀλλ’
708 570 1017 651 όρθοδόξων
1049 576 1519 653 συναθροισθέντες
1548 574 1736 654 στίφος

378 669 486 726 985
523 664 845 723 Βασιλίσκον
884 664 1156 741 βάλλουσι
1187 669 1303 727 ταῖς
1338 661 1692 741 δυσφημίαις·

519 756 625 825 Τήν
658 751 889 809 σύνοδον
921 752 969 809 δ’
999 755 1063 809 αὖ
1095 753 1420 828 ἀνεκήρυξαν
1447 752 1611 809 πάλιν

523 845 922 919 Θεοκρότητον,
955 841 1136 918 ἀγίαν,
1170 837 1491 916 σεϐασμίαν·

521 935 620 988 Διά
647 954 712 1009 γε
738 938 908 989 ταῦτα
936 931 1265 995 Βασιλίσκος
1298 933 1461 1003 ἀξίως

520 1029 689 1078 Πᾶσιν
719 1022 1095 1097 ἆποτρόπαιος
1123 1023 1182 1091 ἣν
1214 1020 1536 1097 στυγητέος·

378 1115 486 1170 990
522 1114 717 1186 ’Όμως
742 1113 883 1167 κατᾶ
911 1114 1161 1183 Ζήνωνος
1190 1108 1449 1184 ἐκπέμπει
1484 1112 1657 1185 τάχος

517 1199 749 1277 Ἂνδρας
777 1199 1120 1277 στρατηγοὺς
1150 1200 1241 1255 καὶ
1272 1200 1365 1254 σὺν
1399 1200 1584 1262 αὐτοῖς
1617 1197 1893 1275 δυνάμεις,

523 1289 890 1367 Ηροσρυέντες
917 1294 997 1362 τῷ
1023 1292 1234 1360 Ζήνωνι
1262 1286 1505 1364 γνησίως

519 1378 882 1452 Σπεισάμενοί
908 1399 988 1448 τε,
1022 1378 1159 1452 πρὸς
1188 1376 1352 1433 πόλιν
1389 1375 1645 1453 βασιλίδα

514 1469 680 1533 Αὖθις
719 1468 854 1542 μετᾶ
883 1469 1132 1538 Ζήνωνος
1159 1470 1293 1538 ἧκον
1314 1467 1366 1522 ἐν
1389 1466 1570 1542 τάχει·

372 1570 481 1624 995
520 1567 623 1625 Καὶ
652 1564 822 1621 πάλιν
851 1565 1153 1643 ἀπείληφεν
1186 1567 1345 1629 οὗτος
1372 1566 1435 1620 τὸ
1464 1567 1686 1640 κράτος,

522 1658 714 1728 Δήμου
739 1676 797 1710 τε
827 1653 965 1710 λαοῦ
993 1650 1152 1710 τόνδε
1176 1652 1674 1730 πρυσδεδεγμένου·

518 1742 838 1806 Βασικίσκος
869 1740 926 1799 δὲ
955 1744 1283 1822 προσφυγὼν
1316 1742 1583 1816 ἐκκλησίᾳ

512 1833 664 1892 Μετᾶ
690 1833 948 1908 γυναικὸς
982 1832 1168 1903 ἱκέτης
1196 1832 1287 1887 καὶ
1320 1830 1619 1910 φιλτατων,

511 1924 721 1982 Ἔπειτ⁹
754 1922 953 1978 ἐκεῖθεν
987 1921 1289 1995 ἐξελασθεὶς
1321 1921 1533 1998 ὁρκίοις

337 2026 479 2082 1000
516 2023 664 2080 Ἐκεῖ
693 2020 845 2094 λιμῷ
873 2022 1101 2091 τέθνηκε
1133 2021 1352 2099 φθαρεὶς
1387 2019 1611 2090 ἀθλίως,

515 2114 649 2181 Ἔτη
680 2111 970 2187 κατασχὼν
1004 2112 1105 2181 τήν
1140 2108 1419 2186 βασιλείαν
1453 2107 1570 2168 δύο.

512 2200 726 2259 Τούτου
755 2203 1107 2277 κρατοῦντος,
1138 2202 1205 2272 τῇ
1243 2195 1486 2273 βασιλίδι
1518 2197 1678 2255 πόλει

518 2290 763 2365 Πυρκαιά
789 2310 872 2351 τις
898 2283 1095 2358 συνέϐη
1129 2287 1419 2366 φρικαλέα,

322 2384 469 2439 1005
508 2381 600 2437 Ἐκ
631 2377 1089 2454 χαλκοπρατείων
1121 2398 1183 2452 γε
1212 2377 1383 2451 πυρὸς
1415 2373 1693 2451 ἡμμένοι).

500 2470 610 2548 Ὑφ’
640 2470 710 2539 ἦς
735 2466 1095 2538 κατηθάλωτο
1126 2466 1216 2521 καὶ
1263 2463 1525 2543 διεφθάρη

500 2555 685 2615 νΑλλα
713 2578 771 2612 τε
802 2555 1038 2612 πλεῖστα
1062 2555 1152 2610 καὶ
1187 2552 1357 2627 δόμος
1387 2554 1562 2633 φύλαξ
1599 2550 1808 2631 βίϐλων

503 2650 593 2709 Ἐς
629 2643 902 2723 μυριάδας
934 2642 1144 2699 δώδεκα
1174 2640 1559 2717 ποσουμένων*

503 2737 590 2793 Ἐν
624 2738 712 2800 αῖς
740 2733 935 2811 χορίον
969 2734 1060 2789 καὶ
1092 2731 1384 2808 δράκοντος
1417 2735 1492 2798 ὡς
1524 2732 1691 2808 λόγος

502 2823 554 2880 ἒν
586 2846 691 2879 τινι
726 2822 1002 2884 κλεισθεὶς
1034 2821 1249 2897 πυρρίῳ
1279 2822 1370 2877 τὸν
1398 2822 1656 2892 τεκνίοις,

316 2927 465 2984 1010
506 2926 799 2998 Πρόμηιιες
835 2923 975 2990 ὑπῆν
1007 2920 1058 2983 ἐς
1088 2918 1259 2982 πόδας
1290 2918 1586 2993 τεταμένον

508 3014 651 3088 Πρὸς
678 3017 797 3075 τοῖς
829 3011 1017 3066 ἑκατὸν
1052 3007 1246 3077 εἷ’κοσι,
1279 3010 1460 3083 θαῦμα
1497 3008 1668 3080 ξένον,

504 3104 638 3167 Καθ’
669 3102 731 3156 οὗ
761 3105 991 3177 χρυσοῖς
1023 3100 1340 3175 γράμμασιν
1372 3096 1814 3175 ἐγγεγραμμέναι

504 3195 672 3246 ’Ἦσαν
705 3191 956 3263 Ὁμήρου
983 3192 1081 3243 τοῦ
1113 3192 1281 3266 σοφοῦ
1313 3185 1583 3263 ῥαψῳδίαι

504 3278 697 3352 Ἰλιὰς,
731 3276 1034 3337 Ὀδύσσειου
1065 3281 1161 3355 φεῦ
1189 3284 1290 3347 τῆς
1326 3282 1387 3347 ζη
1401 3276 1558 3350 μίαςί

317 3372 470 3430 1015
504 3363 829 3425 ’Λναλαϐὼν
863 3364 921 3421 δὲ
951 3368 1136 3437 Ζήνων
1163 3366 1523 3440 κραταρχίαν,

504 3459 807 3536 Ἀρμάτιον
844 3459 939 3530 μὶν
970 3453 1115 3528 τῷδε
1146 3456 1526 3530 συνηργηκότα

502 3542 894 3624 Προϐάλλεται
929 3542 996 3614 δὴ
1022 3543 1313 3619 ταγμάτων
1347 3545 1736 3619 στρατηγέτην,

503 3637 630 3691 me.
665 3632 711 3690 δ’
744 3634 952 3690 ἐκείνου
985 3634 1224 3707 Καίσαρα
1248 3631 1416 3688 πάλιν
1443 3634 1643 3710 στέφει*

504 3726 639 3781 Εἶτα
667 3724 757 3778 τὸν
788 3722 1088 3796 Ἀρμάτιον
1110 3718 1310 3776 ἔκτεινε
1340 3722 1501 3799 ξίφειο

322 3818 468 3876 1020
509 3810 687 3870 Παῖδα
718 3810 777 3867 δὲ
803 3813 896 3867 τὸν
929 3812 1174 3887 Καίσαρα
1202 3808 1471 3887 κληρικὸν
1505 3807 1702 3885 δράσας

502 3900 829 3978 Περιπολεῖν
863 3898 1035 3956 εἴασεν
1070 3898 1214 3954 οὕτω
1242 3898 1334 3954 τὸν
1372 3897 1509 3973 βίον·

502 3993 596 4055 Ὧς
622 3993 806 4046 πίστιν
841 3989 1008 4065 ὀρθὴν
1043 3989 1147 4043 οὐκ
1174 3987 1441 4064 ἐφύλαξαν
1474 3989 1704 4064 φράσας,

556 4079 677 4135 ὗτοι
707 4079 1155 4155 κραταρχήσαντι
1184 4080 1263 4147 τῲ
1294 4076 1631 4149 Βασιλίσκῳ,

501 4166 632 4227 Οῧτ⁷
665 4166 731 4224 αὖ
762 4167 887 4239 ἐμοὶ
916 4165 1116 4237 ταύτην
1148 4186 1210 4240 γε
1239 4163 1532 4243 φυλάξουσ⁹
1558 4164 1718 4228 ’ίσως.

317 4263 469 4319 1025
509 4257 655 4333 Πρὸς
680 4254 866 4312 τοῖσδε
894 4253 1144 4317 πολλοὺς
1174 4255 1496 4330 παρέπεμψε
1526 4255 1756 4328 θανάτῳ,

502 4345 751 4408 1Ἀλλους
783 4342 829 4399 δ’
861 4342 1054 4400 ἐκάκου
1084 4342 1413 4418 κατέτρυχεν
1442 4343 1644 4408 αἰκίαις

501 4442 619 4491 Τῶν
648 4434 889 4491 εὐκλεῶν
921 4454 980 4489 τε
1001 4433 1090 4488 καὶ
1123 4452 1610 4509 περιφανεστερων·

505 4524 600 4589 Εἷς
624 4526 726 4601 γὰρ
760 4521 1029 4596 ἀθέσμους
1060 4519 1312 4583 ἐκκλίνας
1346 4520 1742 4597 αἰσχρουργίας

508 4614 738 4689 Πράξεις
772 4611 1095 4687 μιαιφόνους
1126 4631 1185 4665 τε
1213 4610 1303 4665 καὶ
1339 4607 1665 4685 βδελυκτέας

315 4716 467 4775 1030
498 4713 645 4788 Πρὸς
676 4709 722 4766 δ’
754 4708 819 4765 αὖ
850 4709 1116 4784 ὑπάχθεὶς
1149 4707 1351 4784 αἱρέσει
1385 4709 1688 4781 Διοσκόρου

507 4801 771 4871 Μυσητὸς
800 4800 865 4868 ἦν
898 4801 1061 4853 ἅπασι
1090 4797 1181 4852 καί
1211 4800 1329 4859 τοῖς
1358 4795 1408 4850 ἐν
1428 4795 1595 4865 τέλει,

506 4887 768 4965 Ἀριάδνῃ
800 4886 856 4943 δὲ
885 4892 952 4963 τῇ
984 4887 1225 4958 συνεύνῳ
1256 4884 1345 4939 καὶ
1367 4882 1560 4939 πλέον·

507 4980 673 5036 Ὅθεν
705 4983 851 5051 σορῷ
880 4976 1113 5041 τέθαπτο
1145 4973 1296 5047 δέξας
1325 4972 1597 5047 τεθνάναι,

508 5069 680 5127 Κάκεῖ
714 5068 909 5143 βιαίως
935 5067 1026 5123 τὸν
1066 5065 1181 5143 βίον
1212 5062 1586 5140 καταστρέφει’

317 5162 467 5219 1035
506 5159 578 5216 Οἱ
612 5156 708 5231 μέν
741 5178 869 5234 φασι
905 5157 1091 5230 μέθαις
1122 5175 1181 5210 τε
1210 5155 1498 5230 χρώμενον
1529 5153 1717 5218 πότοις

503 5249 796 5305 Ἔκστασιν
829 5246 989 5301 αὐτὸν
1022 5247 1128 5299 τῶν
1163 5248 1373 5321 φρενῶν
1402 5243 1746 5308 πεπονθέναιο

500 5337 745 5407 Δόξαντα
777 5334 824 5391 δ’
857 5334 1090 5411 οἰκτρῶς
1123 5330 1501 5388 ἐκλελοιπέναι
1537 5332 1679 5408 βίον,

498 5432 881 5500 Κατατεθῆναι
916 5430 1141 5502 λάρνακι
1170 5426 1307 5481 καθὰ
1336 5425 1510 5481 νέκυν*

500 5522 611 5579 Καὶ
641 5518 1096 5593 πωματισθέντος
1125 5536 1189 5591 γε
1212 5517 1308 5569 τοῦ
1336 5515 1509 5593 τάφου
1539 5513 1696 5588 λίθῳ,

313 5614 459 5669 1010
488 5609 790 5684 Γοώμενον
822 5608 1053 5662 κάκιστα
1079 5606 1254 5661 θανεῖν
1285 5601 1336 5658 ἐν
1362 5601 1539 5680 τάφῳ·

494 5698 704 5758 Ἀλλοι
740 5696 800 5753 δὲ
830 5700 1022 5760 παθεῖν
1052 5697 1213 5749 τοῦτο
1246 5689 1426 5761 δεινῆς
1457 5691 1517 5747 ἐκ
1543 5691 1702 5747 νόσου

488 5790 672 5847 Δόντα
703 5791 887 5853 θανεῖν
922 5782 1141 5856 δόκησιν
1176 5783 1428 5859 ἀθροῦσιν
1450 5780 1627 5845 ὅλοις.

1874 453 2243 510 ΟΕΒΔΒΕΒ.

2028 585 2084 651 Α
2113 581 2224 637 Sed
2256 583 2415 640 enim
2446 586 2750 644 orthodoxi
2783 590 2983 644 coacto
3011 589 3161 643 coetu

2118 672 2467 729 Basiliscum
2500 677 2833 733 maledictis
2866 676 3287 749 perculerunt;

2117 761 2615 835 decreveruntque
2646 770 2914 822 sanctam
2948 765 3131 820 fuisse
3157 763 3449 833 synodum

2116 850 2397 907 divinitus
2430 861 2842 926 congregatam
2874 857 2931 909 et
2957 852 3375 909 venerabilem.

2115 938 2200 993 Ob
2232 939 2355 996 haec
2385 942 2569 997 evasit
2598 942 2918 998 Basiliscus
2942 942 3152 997 merito

2114 1029 2338 1085 cunctis
2368 1031 2801 1088 abominandus
2830 1036 2887 1088 et
2916 1030 3302 1087 detestabilis.

2112 1120 2324 1175 Contra
2356 1121 2646 1175 Zenonem
2678 1125 2873 1176 tamen
2906 1120 2957 1175 is
2988 1119 3254 1176 celeriter

2113 1209 2291 1264 duces
2323 1224 2458 1263 cum
2492 1209 2676 1280 copiis
2708 1210 2872 1264 misit
2903 1208 3293 1275 militaribus;

2111 1314 2237 1371 quae
2263 1298 2334 1353 ad
2363 1299 2653 1353 Zenonem
2686 1304 2895 1369 sponte
2927 1297 3284 1362 deficientes,

2104 1388 2428 1458 junctoque
2458 1403 2659 1442 secum
2692 1388 2904 1442 foedere
2935 1386 3007 1441 ad
3039 1386 3243 1440 urbem
3276 1384 3498 1456 regiam

2109 1476 2284 1532 citato
2314 1476 2500 1548 gradu
2530 1492 2663 1531 cum
2696 1476 2922 1531 Zenone
2951 1475 3220 1531 redeunt.

2110 1575 2258 1646 Ergo
2291 1572 2385 1628 hic
2416 1573 2731 1646 imperium
2764 1572 2983 1643 recepit
3015 1572 3229 1638 denuo,

2108 1662 2338 1719 favente
2369 1660 2571 1734 populi
2604 1666 2817 1717 cuncta
2849 1659 3253 1715 multitudine.

2105 1755 2178 1809 At
2208 1752 2527 1807 Basiliscus
2560 1750 2806 1823 supplex
2837 1751 2908 1807 ad
2942 1748 3249 1805 ecclesiam

2107 1841 2371 1914 confugit
2403 1857 2539 1896 cum
2571 1856 2750 1895 uxore
2783 1838 3031 1911 aliisque
3064 1837 3391 1893 aﬂectibus.

2023 1949 2072 2016 B
2104 1932 2269 1987 lllinc
2302 1930 2512 1986 deinde
2539 1931 2675 1985 data
2697 1929 2957 2000 juranda
2986 1928 3100 1982 fide

2100 2030 2346 2096 excitus,
2380 2028 2759 2100 claususque,
2794 2030 2955 2083 turre
2984 2042 3117 2083 cum
3149 2024 3343 2098 parvis
3376 2023 3600 2094 liberis,

2098 2117 2317 2172 ibidem
2351 2117 2506 2172 fame
2538 2115 2751 2171 misere
2782 2114 3106 2183 contabuit,

2098 2210 2412 2280 postquam
2444 2206 2679 2262 biennio
2708 2222 2950 2275 regnum
2984 2204 3325 2260 retinuerat.

2096 2296 2301 2352 Adhuc
2335 2295 2433 2351 illo
2466 2298 2771 2367 regnante,
2803 2294 2864 2349 in
2899 2295 3041 2350 urbe
3070 2293 3231 2366 regia

2099 2383 2404 2441 calamitas
2432 2383 2691 2439 incendii
2720 2383 3015 2439 horrenda
3044 2381 3289 2453 contigit
3320 2398 3334 2436 :

2099 2488 2357 2546 namque
2388 2472 2655 2528 excitatis
2687 2474 2743 2528 in
2779 2474 2903 2528 foro
2934 2472 3137 2528 aerario
3169 2470 3427 2525 ﬂammis

2098 2566 2459 2635 propagatus
2490 2560 2643 2633 ignis
2673 2577 2808 2616 cum
2845 2562 2963 2617 alia
2993 2560 3330 2631 absumpsit

2096 2655 2222 2707 tum
2256 2650 2645 2706 inﬂammavit
2673 2650 2849 2705 etiam
2882 2648 3303 2704 bibliothecam

2098 2740 2334 2796 divitem
2366 2738 2544 2794 tomis
2576 2742 2809 2793 centum
2837 2737 3040 2808 viginti
3072 2736 3351 2792 millibus.

2099 2846 2160 2885 In
2192 2829 2283 2884 his
2310 2834 2363 2884 et
2393 2826 2666 2883 draconis
2697 2842 2931 2898 quoque
2962 2825 3141 2882 fuisse
3173 2825 3388 2882 dicitur

2100 2926 2322 2982 corium
2355 2925 2739 2997 praelongum,
2773 2928 3009 2979 centum
3040 2923 3255 2993 vigenti
3288 2926 3497 2992 patens

2098 3016 2297 3088 pedes,
2332 3016 2574 3084 mirum,
2606 3013 2935 3079 insolitum,
2968 3014 3027 3068 in
3061 3029 3177 3085 quo
3207 3013 3438 3084 scriptae

2098 3104 2307 3161 formis
2339 3103 2668 3160 litterarum
2701 3119 2842 3158 auro
2875 3101 3260 3158 rutilantibus

2099 3192 2337 3249 Homeri
2363 3192 2646 3264 sapientis
2674 3192 2907 3247 fuerant
2937 3190 3268 3263 rhapsodiaa

2103 3282 2241 3339 Ilias
2272 3286 2331 3339 et
2363 3281 2625 3352 Odyssea
2657 3280 2827 3353 (proh
2858 3281 3150 3352 pernicies
3171 3280 3232 3351 Ι).

2100 3374 2352 3443 Recepto
2382 3371 2563 3442 igitur
2593 3369 2743 3425 Zeno
2784 3369 3019 3440 imperio

2095 3459 2463 3516 Harmatium
2495 3459 2595 3531 qui
2628 3458 2738 3514 sibi
2772 3457 3077 3530 suppetias
3108 3455 3327 3513 tulerat

2097 3548 2460 3606 militaribus
2489 3548 2676 3619 copiis
2706 3548 2914 3602 ducem
2948 3546 3210 3619 praeﬁcit,

2096 3642 2492 3711 praetereaque
2523 3637 2711 3691 ﬁlium
2743 3637 2872 3707 ejus
2904 3640 3060 3692 creat
3089 3636 3395 3691 Caesarem.

2096 3728 2318 3786 Deinde
2347 3726 2717 3782 Harmatium
2748 3725 2941 3797 gladio
2975 3740 3322 3796 percussum
3357 3726 3546 3792 necat,

2096 3817 2397 3888 ﬁliumque
2425 3817 2555 3887 ejus
2584 3817 2865 3871 Caesarem
2899 3815 3053 3870 clero
3084 3813 3387 3881 adscribit,

2097 3907 2303 3978 sicque
2324 3905 2409 3960 illi
2442 3905 2572 3960 vitae
2603 3905 2832 3961 veniam
2865 3903 3181 3959 retinendas
3215 3903 3374 3958 facit.

2095 4000 2244 4052 Nam
2279 3980 2562 4066 quoniam
2592 3993 2711 4061 isti,
2742 3993 2952 4063 aiebat,
2987 3993 3285 4065 fregerunt
3308 3992 3484 4047 fidem

2099 4101 2278 4158 quam
2312 4083 2588 4139 Basilisco
2620 4081 2872 4154 principi
2902 4082 3362 4153 spoponderant,

2100 4177 2185 4232 sic
2218 4178 2282 4229 ut
2312 4174 2423 4245 ipsi
2459 4172 2603 4227 mihi
2637 4178 2866 4227 servent
2896 4172 3097 4225 eadem
3128 4186 3350 4224 vereor.

2100 4265 2313 4320 Prester
2338 4262 2466 4332 hos,
2500 4260 2647 4316 alios
2678 4259 2894 4315 multos
2924 4258 3080 4314 letho
3112 4258 3274 4315 dedit

2099 4355 2171 4410 de
2200 4368 2448 4408 numero
2480 4350 2767 4406 nobilium
2800 4353 2978 4420 atque
3003 4346 3404 4419 optimatium,

2096 4442 2186 4499 vel
2218 4440 2513 4513 impositis
2544 4440 2736 4512 plagis
2766 4437 3137 4494 excruciavit.

2097 4534 2248 4603 Ergo
2280 4529 2544 4587 scelestis
2570 4528 2887 4599 indulgens
2920 4527 3281 4583 facinoribus

2097 4622 2472 4691 caadibusque
2503 4634 2781 4690 grassans
2814 4615 3141 4687 ﬂagitiosis,

2018 4685 2067 4751 D
2097 4711 2364 4767 imbutus
2393 4708 2637 4779 insuper
2666 4705 2873 4762 heresi
2902 4704 3188 4774 Dioscori,

2100 4805 2317 4880 populo
2343 4805 2567 4859 invisus
2599 4806 2725 4858 erat
2755 4806 2813 4857 et
2841 4801 3246 4873 optimatibus,

2100 4893 2336 4967 conjugi
2367 4910 2501 4949 vero
2540 4891 2805 4947 Ariadnae
2837 4907 3016 4963 quam
3048 4891 3148 4960 qui
3183 4888 3458 4944 maxime.

2099 4983 2486 5048 Quamobrem
2520 4980 2797 5037 simulato
2829 4979 3033 5033 mortis
3064 4992 3226 5044 casu,

2099 5090 2236 5129 arca
2266 5069 2598 5138 conclusus,
2632 5068 2850 5124 ibidem
2883 5067 3030 5122 mori
3063 5065 3307 5137 cogitur.

2097 5164 2203 5218 Ast
2232 5160 2331 5218 alii
2362 5164 2627 5227 narrant,
2658 5158 2816 5213 hunc
2847 5155 3151 5227 indulgere
3182 5155 3433 5228 crapulae

2098 5256 2158 5308 et
2188 5251 2349 5323 potui
2383 5250 2640 5315 solitum,
2676 5246 2884 5303 mentis
2915 5262 3261 5318 perpessum
3295 5244 3577 5314 extasim;

2100 5346 2275 5413 atque
2305 5340 2387 5395 ita
2416 5337 2702 5395 creditum
2733 5336 2913 5393 vitam
2946 5334 3149 5391 finisse
3178 5335 3408 5403 misere,

2098 5446 2291 5502 capsae
2321 5428 2502 5484 fuisse
2532 5425 2813 5481 traditum
2846 5442 2950 5481 ceu
2980 5426 3263 5492 cadaver;

2098 5523 2226 5575 tum
2257 5534 2392 5573 vero
2425 5516 2550 5572 saxi
2583 5516 2818 5572 admoto
2851 5516 2922 5571 ad
2955 5512 3292 5586 sepulcrum
3327 5512 3512 5583 obice,

2098 5606 2441 5663 tristissime
2470 5605 2790 5676 eiulantem
2824 5621 2985 5661 mors
3016 5602 3329 5676 oppressit.

2096 5697 2204 5753 Alii
2241 5696 2492 5768 denique
2525 5700 2766 5751 narrant
2793 5696 2847 5751 id
2880 5694 2965 5749 illi
2997 5710 3064 5749 ex
3094 5693 3256 5765 gravi

2094 5785 2299 5844 morbo
2332 5785 2639 5855 accidisse,
2668 5785 2985 5855 visumque
3016 5782 3369 5839 exstinctum
3393 5782 3688 5840 omnibus.

3697 453 3768 508 50
