4140 6400
384 441 452 496 51

807 567 1218 624 ANATASIUS
1257 568 1371 623 AN.
1414 568 1631 623 XXVII.

393 691 623 747 Zenone
655 690 814 746 hunc
844 691 977 748 vitae
1004 694 1228 747 exitum
1261 694 1490 761 sortito,

394 782 637 834 senatus
669 784 725 835 et
755 781 1132 851 optimatium
1158 784 1227 837 de
1259 783 1552 838 sententia

392 869 594 939 regina
623 868 881 923 Ariadna
913 869 984 923 ad
1018 872 1353 925 societatem
1387 872 1515 924 vita

399 956 525 1027 lege
551 956 743 1027 jugali
776 958 1034 1012 traditur
1065 958 1395 1026 Anastasio,

398 1045 492 1099 cui
527 1045 742 1100 fontem
768 1047 999 1117 generis
1030 1048 1171 1102 urbs
1203 1048 1531 1118 Epidaurus
1564 1044 1835 1118 praebuit.

396 1134 548 1189 Tum
582 1134 631 1188 is
673 1134 971 1190 Romanus
1004 1137 1219 1208 legitur
1244 1139 1566 1208 imperator

402 1223 658 1279 eunuchi
692 1224 899 1280 validis
932 1227 1162 1282 artibus
1196 1226 1439 1291 Urbicii,

405 1317 582 1383 atque
614 1314 684 1367 ab
718 1313 1046 1387 Euphemio
1079 1320 1396 1371 coronatur
1424 1313 1699 1386 prwsule.

405 1400 502 1456 Sic
532 1406 621 1457 est
653 1403 971 1474 imperium
1006 1410 1215 1461 nactus
1252 1404 1631 1473 Anastasius,

407 1489 503 1545 cui
535 1498 989 1560 cognomentum
1025 1494 1272 1549 Dicorus
1303 1494 1573 1562 adhaesit,

415 1579 698 1651 quoniam
732 1580 949 1651 pupilis
975 1582 1084 1636 fuit
1115 1582 1533 1648 dissimilibus,

415 1669 688 1723 dextrum
718 1668 985 1725 videlicet
1008 1670 1398 1743 nigricantem
1432 1670 1691 1739 oculum,

415 1756 690 1827 glaucum
724 1758 1036 1814 sinistrum
1069 1761 1382 1833 insigniter
1409 1777 1637 1833 gerens.

418 1846 523 1901 llic
554 1846 843 1902 tributum
879 1850 1006 1903 auri
1038 1850 1405 1922 argentique,

414 1934 673 1990 invisum
706 1936 933 1993 cunctis
965 1940 1220 1995 subditis
1250 1938 1790 2010 molestissimum;

423 2023 649 2079 malum
681 2026 925 2097 vectigal
958 2028 1049 2099 pie
1082 2030 1375 2099 perimens
1408 2028 1676 2096 sustulit;

425 2130 540 2184 quo
573 2119 866 2185 manente,
899 2133 1388 2190 unumquemque
1419 2135 1568 2190 opus
1599 2121 1724 2173 erat

427 2219 533 2274 pro
566 2218 628 2258 se
660 2204 971 2276 brutisque
1000 2207 1176 2263 etiam
1211 2207 1569 2263 animalibus

428 2307 695 2347 annuum
727 2295 1028 2349 numisma
1058 2296 1292 2368 publico
1323 2297 1524 2353 aerario
1554 2296 1825 2367 pendere.

432 2380 591 2435 Idem
624 2379 859 2437 venales
891 2388 1065 2439 antea
1093 2384 1409 2457 dignitates

430 2473 488 2523 et
518 2467 883 2538 publicarum
918 2486 1113 2527 rerum
1155 2474 1620 2545 procurationes,

430 2556 660 2613 sublato
690 2559 895 2626 abusu,
928 2561 1111 2632 gratis
1142 2564 1412 2618 tradebat
1443 2564 1661 2635 dignis.

429 2646 676 2702 Caeteras
710 2664 942 2719 quoque
975 2652 1255 2721 regnandi
1289 2656 1483 2723 partes
1524 2655 1676 2707 recte
1715 2651 2003 2724 explebat.

428 2735 915 2807 Synchyticorum
949 2742 1146 2795 tamen
1176 2746 1498 2812 occupatus
1531 2740 1740 2797 haeresi

429 2823 707 2880 Ecclesiis
737 2826 1077 2883 orthodoxis
1109 2829 1393 2885 molestus
1427 2835 1567 2885 erat.

431 2912 551 2967 Hoc
581 2920 863 2985 regnante
895 2918 1206 2972 Anastasio
1240 2918 1390 2973 mira
1421 2935 1513 2973 res
1553 2920 1765 2975 evenit.

430 3000 681 3065 Quidam
715 3005 1051 3075 Agarenicae
1085 3007 1273 3062 tribus
1308 3007 1581 3080 princeps

430 3089 525 3145 cui
559 3107 773 3147 nomen
808 3093 1262 3162 Alamundarus,
1298 3098 1472 3152 homo
1496 3097 1671 3170 frugi,

430 3178 664 3235 Christo
699 3197 763 3237 se
794 3182 1146 3254 adjungens,
1181 3184 1411 3255 riteque
1440 3187 1683 3243 edoctus
1718 3188 1853 3244 ﬁdei

435 3268 713 3340 dogmata
738 3270 811 3324 ab
842 3271 1182 3328 orthodoxis
1214 3275 1753 3345 archiprmsulibus,

436 3357 814 3429 baptismatis
846 3365 1142 3431 postremo
1173 3364 1424 3435 gratiam
1457 3365 1756 3437 impetrat.

440 3446 759 3519 Recognita
790 3450 1035 3505 Severus
1068 3453 1340 3523 profanos
1371 3472 1510 3510 suos

438 3540 705 3606 pastores
735 3539 805 3593 ad
840 3538 997 3594 hunc
1030 3542 1209 3596 mittit
1239 3541 1362 3598 sine
1395 3559 1558 3599 mora

438 3641 689 3695 quorum
721 3644 828 3699 ope
860 3630 1217 3702 neophytum
1260 3633 1331 3686 ad
1365 3650 1426 3687 se
1461 3634 1753 3704 peliiciat.‘

438 3715 494 3769 Is
526 3720 723 3771 autem
756 3717 888 3772 ﬁdei
921 3722 1115 3783 tenax,
1148 3725 1205 3774 et
1233 3720 1447 3777 Christi
1480 3722 1630 3793 lapis

438 3803 743 3874 immotus,
770 3804 992 3877 legatos
1025 3808 1156 3865 illos
1189 3812 1273 3865 sic
1304 3812 1571 3883 coarguit
1604 3827 1617 3865 :

437 3893 665 3950 curavit
694 3896 851 3951 enim
884 3902 947 3951 ut
971 3897 1282 3954 familiaris
1317 3900 1488 3955 homo
1635 3958 1642 3964 ,

438 3984 509 4038 ad
543 3998 745 4039 aurem
774 3984 888 4040 sibi
911 3986 1131 4055 aliquid
1162 4004 1441 4043 arcanum
1474 3988 1693 4045 diceret
1728 4006 1740 4045 :

438 4075 563 4126 tum
596 4072 847 4144 impuris
881 4075 1215 4145 pastoribus
1243 4077 1737 4148 inspectantibus,

442 4177 689 4217 maerore
710 4178 772 4217 se
803 4175 1135 4235 correptum
1167 4164 1336 4220 ﬁnxit
1367 4166 1659 4238 princeps.

444 4249 534 4305 Illi
565 4266 799 4306 causam
832 4258 1040 4324 rogant
1067 4270 1080 4320 ;
1117 4270 1266 4325 quos
1292 4259 1497 4311 contra
1534 4256 1675 4312 talia
1706 4258 1882 4314 refert

444 4340 781 4395 nuntiatum
808 4341 941 4406 sibi,
977 4342 1321 4398 Michaelem
1353 4355 1709 4401 summatem

443 4427 910 4499 angelorumque
955 4430 1165 4486 ducem
1200 4448 1386 4502 nuper
1416 4437 1736 4491 mortuum.

444 4516 567 4573 Illis
594 4534 921 4575 sermonem
952 4519 1128 4575 talem
1162 4522 1577 4591 respuentibus
1603 4540 1617 4591 ;

446 4607 644 4662 fabula
674 4613 912 4679 retecta,
950 4612 1034 4664 sic
1066 4617 1267 4665 contra
1301 4612 1453 4666 fatur
1483 4612 1717 4682 regulus
1755 4631 1768 4668 :

445 4696 562 4752 Cur
591 4712 728 4768 ergo
757 4712 862 4752 vos
894 4697 1154 4754 humana
1183 4716 1315 4754 cum
1350 4705 1560 4756 natura

447 4784 706 4841 divinam
740 4788 883 4858 pati,
920 4803 1107 4858 nuper
1136 4787 1358 4844 tulistis
1388 4791 1603 4861 dogma
1624 4791 1651 4845 ‘I

448 4878 608 4930 Tunc
642 4874 725 4929 illi
756 4876 893 4932 victi
924 4877 1146 4948 pudore
1178 4877 1577 4934 discedebant.

452 4963 675 5018 Certior
708 4965 1058 5021 Anastasius
1091 4967 1289 5021 nescio
1319 4984 1431 5037 quo
1462 4973 1698 5024 auctore
1732 4970 1922 5025 lactus

458 5052 773 5109 fulminum
800 5055 963 5126 jactu
999 5055 1111 5110 sibi
1144 5056 1199 5110 in
1234 5055 1371 5112 fatis
1401 5070 1533 5112 esse

460 5145 523 5196 ut
547 5140 675 5196 vitae
704 5148 762 5197 et
793 5160 971 5213 regno
1002 5144 1319 5200 terminum
1352 5145 1702 5216 imponeret,

459 5247 753 5285 cameram
785 5233 1000 5287 struxit
1026 5239 1147 5288 arte
1177 5240 1482 5289 venustam
1515 5236 1662 5289 mira

460 5319 552 5373 cui
586 5320 896 5393 fastigiatae
928 5339 1139 5377 nomen
1174 5328 1309 5393 apte
1341 5324 1513 5394 fecit;

458 5408 516 5463 in
550 5425 667 5480 qua
692 5410 998 5466 diversans
1033 5412 1280 5467 fulmine
1310 5420 1655 5484 erumpente

458 5498 718 5554 subitum
749 5501 875 5553 vitae
910 5500 1084 5555 ﬁnem
1119 5505 1329 5557 nactus
1360 5508 1473 5559 est.

460 5590 512 5643 Is
544 5591 609 5643 ut
637 5588 952 5645 Mcesorum
983 5590 1449 5662 Gothorumque,
1484 5591 1617 5647 Istri
1650 5594 1973 5652 incolarum

2074 558 2127 626 Α

1599 441 1974 499 ΕΡΗΒΑΕΜΠ
2023 434 2597 492 CHRONOGRAPHI

2586 560 3042 615 ΑΝΑΣΤΑΣΙΟΣ
3098 561 3213 618 ΕΤ.
3268 562 3386 618 ΚΖ’.

2334 685 2549 739 Τούτου
2580 685 3046 758 καταστρέψαντος
3078 685 3221 740 οὕτω
3250 686 3344 743 τὸν
3380 688 3521 763 βίον,

2342 771 2524 843 Βουλῇ
2551 770 2834 846 γερουσίας
2863 793 2920 826 τε
2949 772 3038 826 καὶ
3068 777 3175 826 τῶν
3200 772 3249 827 ἐν
3274 774 3421 829 τέλει

2165 863 2303 916 1045
2344 860 2705 934 Συζεύγνυται
2738 858 2804 928 δὴ
2843 860 3059 936 βασιλὶς
3089 860 3344 938 Ἀριάδνη

2104 1931 2149 1998 Β

2111 3295 2154 3362 C

2130 4638 2174 4703 D

2341 949 2673 1021 Ἀναστασίῳ
2706 950 2840 1023 πρὸς
2874 951 3056 1024 γάμου
3083 953 3392 1021 κοινωνίαν,

2339 1037 2600 1095 Ἕλκοντι
2630 1042 2811 1114 σειρὰν
2846 1039 2896 1110 ἐξ
2929 1038 3265 1113 Ἐπιδάμνου
3294 1042 3504 1117 γένους*

2341 1129 2440 1185 "Ov
2464 1129 2703 1203 κράτορα
2731 1126 2945 1204 δέδειχε
2973 1137 3071 1199 τῆς
3104 1128 3413 1203 Ῥωμαίδος

2344 1214 2640 1292 Ούὸρικίου
2673 1218 3001 1281 σπεύσαντος
3038 1219 3306 1294 εὐνούχου
3336 1220 3483 1295 τόδε,

2169 1311 2308 1365 1050
2346 1307 2635 1385 Εὐφήμιος
2666 1304 2712 1361 δ’
2744 1305 2931 1381 ἔστεφε
2960 1306 3104 1362 τόνδ’
3132 1309 3458 1385 ἀρχιθύτης.

2346 1395 2535 1458 Οὕτως
2567 1397 2919 1458 Ἀναστάσιος
2950 1392 3079 1471 ἔσχε
3107 1396 3168 1451 τὸ
3200 1397 3419 1472 κράτος,

2348 1488 2536 1547 ’Όστις
2568 1484 2925 1558 έπωνόμαστο
2958 1487 3188 1561 Δίκορος
3222 1488 3385 1559 θέσιν,

2350 1577 2446 1637 Οἷς
2480 1574 2588 1649 οὐχ
2618 1574 2810 1647 ὁμοίας
2844 1570 3001 1649 ἔσχεν
3031 1576 3297 1649 ὁμματων
3330 1576 3518 1651 κόρας,

2352 1664 2527 1719 ’Λλλά
2562 1664 2887 1737 μελαντέραν
2921 1666 3016 1738 μὲν
3052 1664 3226 1719 αὐτῶν
3261 1666 3507 1739 θατέραν,

2174 1756 2315 1812 1055
2354 1754 2605 1823 Γλαυκὴν
2637 1751 2693 1809 δὲ
2725 1752 2883 1808 λαιὰν
2914 1756 2988 1816 ὡς
3021 1753 3290 1826 ἐπίσημον
3323 1758 3520 1829 φέρωνο

2354 1844 2526 1905 Οὗτος
2564 1840 2828 1918 βδελυρὰν
2864 1843 3117 1919 εἰσφτρὰν
3150 1845 3497 1917 χυσαργύρου

2354 1934 2619 2003 Ὑπήκοον
2646 1932 2954 2007 τρύχουσαν
2989 1934 3124 1985 ἅπαν
3157 1928 3402 2007 ἐσχάτως

2359 2023 2571 2093 Δασμὸν
2602 2022 2840 2095 πονηρὸν
2875 2015 3107 2081 εὐσεϐῶς
3139 2018 3346 2080 παύσας
3376 2017 3515 2093 ἔχει,

2359 2115 2493 2176 Καθ’
2524 2112 2582 2167 ὅν
2612 2133 2695 2174 τις
2728 2114 3035 2187 ἠνάγκαστο
3057 2116 3161 2173 πᾶς
3191 2110 3551 2187 συνεισφέρειν

2184 2205 2323 2261 1060
2359 2203 2515 2277 Ὑπέρ
2545 2203 2591 2256 θ’
2623 2201 2814 2255 ἑαυτοῦ
2845 2201 2935 2255 καὶ
2968 2199 3282 2273 προσόντων
3317 2197 3559 2273 ἀλόγων,

2360 2292 2609 2360 Ἐτήσιον
2644 2290 2889 2362 νόμισμα
2919 2293 2998 2360 τῷ
3027 2292 3195 2360 κοινῷ
3224 2290 3412 2365 φόρον·

2360 2380 2467 2437 Καὶ
2496 2376 2765 2452 δημοσίας
2795 2376 2957 2440 οὔσας
2989 2377 3161 2453 ἀρχὰς
3193 2376 3411 2448 ὠνίους,

2362 2471 2501 2544 Πρὸς
2530 2466 2574 2524 δ’
2606 2470 2670 2523 αὖ
2703 2466 3000 2537 διοικήσεις
3028 2487 3086 2521 τε
3115 2471 3318 2520 κοινῶν
3347 2462 3680 2539 πραγμάτων

2362 2559 2577 2622 Παύσας
2605 2563 2865 2631 παρεῖχεν
2901 2554 3047 2611 ἀδοτ⁹
3077 2560 3193 2617 τοῖς
3224 2555 3415 2625 ἀξίοις·

2188 2653 2324 2708 1065
2362 2650 2463 2704 Καὶ
2490 2646 2668 2703 τᾶλλα
2700 2644 2743 2700 δ’
2776 2647 2957 2721 ἀρχῆς
2988 2644 3231 2718 εὐτυχῶς
3256 2644 3325 2713 ἦν
3358 2640 3582 2697 διέπωνο

2364 2737 2517 2806 Πλήν
2552 2740 2906 2811 Συγχυτικῶν
2931 2733 3305 2807 καθυπαχθεῖς
3333 2733 3558 2808 αἱρέσει,

2361 2829 2463 2890 Τάς
2490 2825 2792 2901 ὀρθοδόξων
2826 2828 2889 2894 ἦν
2924 2828 3103 2879 κακῶν
3132 2820 3449 2892 ἐκκλησίας,

2359 2918 2567 2973 Τούτου
2597 2920 2927 2992 κρατοῦντος
2961 2914 3258 2985 θαυμάσιον
3292 2905 3488 2977 συνέϐη

2366 3008 2667 3082 Φύλαρχος
2700 3006 2835 3078 ἀνὴρ
2868 3007 3183 3078 Ἀγαρηνῶν
3212 3006 3320 3055 τῶν
3347 3001 3473 3054 τότε

2190 3100 2327 3156 1070
2365 3097 2569 3166 Κλῆσιν
2601 3090 3043 3167 Ἀλαμούνδαρος
3075 3091 3276 3165 ἀγαθὸς
3305 3088 3547 3163 τρόπους

2365 3190 2593 3260 Χριστῷ
2622 3182 2940 3258 προσελθὼν
2968 3182 3057 3235 καὶ
3090 3180 3319 3253 μυηθεὶς
3350 3176 3579 3239 εῗκότως

2372 3276 2514 3351 Πρὸς
2551 3270 2854 3348 ὀρθοδόξων
2890 3273 3211 3346 ἀρχυθυτῶν
3243 3269 3544 3340 ποιμένων,

2371 3367 2600 3420 Ἔπειτα
2635 3361 3010 3436 βαπτίσματος
3042 3359 3207 3434 αὐχεῖ
3232 3360 3333 3427 τὴν
3364 3356 3551 3432 χάριν.

2372 3458 2551 3511 Ταῦτα
2586 3453 2767 3525 μαθὼν
2804 3445 3049 3523 Σεϐῆρος
3082 3450 3197 3521 (20)
3229 3448 3394 3502 αὐτοῦ
3426 3442 3692 3519 ποιμένας

2200 3547 2337 3602 1075
2378 3541 2650 3617 Ἀνιέρους
2683 3539 2941 3610 πέπομφε
2970 3538 3108 3611 πρὸς
3138 3540 3331 3590 τοῦτον
3371 3533 3564 3608 τάχος·

2377 3628 2633 3686 Σπεύδων
2670 3626 2715 3683 δ’
2746 3628 2923 3682 αὐτῶν
2960 3626 3036 3688 είς
3069 3623 3256 3679 ἑαυτὸν
3292 3622 3514 3678 ἑλκύσαι

2377 3722 2522 3777 Ἐπεὶ
2559 3718 2603 3774 δ’
2635 3717 2874 3794 ἐρασθεὶς
2906 3714 3139 3778 πίστεως
3169 3717 3410 3789 Χριστοῦ
3438 3710 3607 3785 πέτρα

2375 3818 2659 3871 ’Ἅσειστος
2687 3810 2777 3880 ἧν,
2816 3806 3049 3881 μέτεισιν
3077 3804 3274 3865 αὐτοὺς
3308 3800 3408 3856 ὡδί
3437 3818 3577 3862 πῶς’

2377 3905 2533 3956 Ποιεῖ
2561 3900 2683 3953 τινά
2713 3899 2765 3952 οἱ
2795 3901 2902 3951 τῶν
2940 3896 3027 3950 ὑπ’
3058 3893 3219 3948 αὐτὸν
3254 3892 3546 3966 ἐκκρίτων,

2202 3993 2340 4049 1080
2379 3991 2525 4065 Ηρὸς
2556 3989 2648 4051 οὖς
2677 3986 2976 4061 ψιθυρίζειν
3004 4005 3057 4037 τι
3087 3979 3519 4058 προσκεκοφότα,

2377 4080 2480 4134 Καὶ
2506 4082 2613 4132 τῶν
2648 4074 2927 4151 βδελυρῶν
2960 4069 3239 4145 ποιμένων
3266 4066 3625 4143 δεδορκότων,

2379 4169 2509 4223 Εἶτα
2541 4164 2830 4243 φύλαρχος
2859 4160 3043 4216 ἀλύειν
3076 4159 3359 4235 ὑπεκρίθη·

2382 4263 2615 4332 ’Ἡροντο
2650 4252 2693 4309 δ’
2727 4255 2779 4307 οἱ
2812 4253 2908 4326 μὶν
2942 4250 3134 4306 αἰτίαν·
3168 4251 3203 4319 ἦ
3239 4247 3285 4303 δ’
3316 4246 3372 4309 ὅς
3404 4243 3548 4301 τάδε’

2382 4348 2471 4407 Ὠς
2506 4350 2814 4418 μηνυθῆναι
2846 4339 3074 4415 Μιχαὴλ
3104 4339 3494 4414 πρωτοστάτην

2209 4438 2350 4494 1085
2388 4436 2484 4489 Καὶ
2512 4433 2910 4509 ταγματάρχην
2944 4429 3189 4506 ἀγγέλων
3222 4428 3312 4482 νῦν
3340 4427 3613 4492 τεθνάναι,

2385 4526 2506 4580 Τῶν
2541 4520 2588 4576 δ’
2620 4521 2720 4577 οὐκ
2748 4520 2968 4576 ἀνεκτὸν
2995 4520 3085 4574 τὸν
3121 4514 3283 4593 λόγον
3317 4516 3668 4587 ποιουμένων

2387 4614 2447 4669 Ὁ
2479 4610 2523 4665 δ’
2558 4608 2867 4683 ἐκκαλύψας
2900 4609 2962 4662 τὸ
2995 4605 3199 4682 δρᾶμα,
3230 4610 3347 4666 τοῖς
3382 4601 3428 4658 δ’
3460 4602 3683 4679 ἀντὲφη’

2388 4700 2488 4755 Καὶ
2515 4704 2633 4762 πῶς
2658 4700 2784 4774 παρ’
2817 4699 2944 4771 ὑμῖν
2979 4699 3279 4769 συμπαθεῖν
3310 4692 3453 4757 θείαν
3487 4693 3642 4769 φύσιν

2388 4788 2750 4863 Ἀνθρωπίνῃ,
2780 4784 2982 4865 πέφυκε
3010 4783 3100 4840 νῦν
3131 4782 3457 4860 δεδογμένον
3481 4803 3495 4852 ;

2212 4880 2351 4934 1090
2390 4879 2484 4935 Ἐκ
2511 4874 2659 4932 τοῦδ’
2692 4874 3112 4945 ἀπηλλάττοντο
3144 4869 3624 4947 κατῃσχυμμένοι.

2386 4966 2666 5041 ΙΙρογνοὺς
2699 4963 2952 5039 βασιλεὺς
2983 4963 3141 5023 οὗτος
3173 4963 3275 5016 οὐκ
3304 4959 3425 5015 οἶδα
3456 4960 3615 5024 πόθεν

2384 5062 2470 5117 Ὡς
2502 5054 2561 5108 ἐκ
2588 5057 2857 5129 κεραυνῶν
2891 5052 3177 5125 ἀστραπῶν
3210 5048 3446 5125 α’ίμαρτό
3479 5049 3531 5102 οἱ

2393 5144 2523 5202 Βίου
2553 5143 2797 5217 γενέσθαι
2824 5143 2913 5195 καὶ
2949 5139 3227 5215 βασιλείας
3250 5140 3437 5215 πέρας.

2394 5232 2651 5305 Θάλαμον
2685 5229 2730 5285 δ’
2760 5230 3011 5306 ἀνήγειρε
3036 5228 3332 5284 κάλλιστον
3376 5226 3547 5301 δόμον

2220 5327 2356 5381 1095
2394 5321 2647 5378 Θολωτὸν
2679 5320 2836 5375 αὐτὸν
2868 5318 3101 5382 καλέσας
3133 5318 3490 5395 φερωνύμως.

2396 5414 2483 5468 Ἐν
2515 5412 2560 5483 ᾧ
2594 5408 2789 5484 διάγων
2825 5410 3110 5483 ἀστραπῶν
3142 5407 3494 5483 ῥηγνυμένων

2395 5500 2685 5571 Ἰῧξαπίνης
2716 5498 2908 5575 εὕρατο
2938 5500 3115 5575 τέρμα
3143 5501 3239 5553 τοῦ
3276 5496 3416 5572 βίου.

2395 5589 2568 5653 Οὗτος
2600 5595 2795 5645 Μυσῶν
2830 5612 2887 5645 τε
2916 5590 3006 5644 καὶ
3036 5591 3259 5652 Σκυθῶν
3292 5583 3628 5661 παριστρίων

528 5750 638 5821 (20)
670 5750 903 5807 Scilicet
933 5752 1177 5807 Severus
1211 5753 1529 5809 Antiochiae
1564 5757 1913 5825 patriarcha,
1947 5758 2257 5815 haereticus
2282 5754 2667 5828 Synchyticus
2698 5758 2754 5809 et
2786 5751 3265 5824 Theopaschites.

3741 401 3825 500 5'2
