4140 6402
343 378 417 435 55
1556 381 1931 435 EPHREMII
1969 383 1978 427 ι

1556 381 1931 435 ΕΡΗΒΕΜΙῙ
1969 376 2541 437 CHRONOGRAPHI

680 502 1013 558 JUSTlNUS
1048 500 1314 560 JUNIOR
1354 504 1470 559 AN.
1513 505 1657 561 XIII.

351 604 487 659 Post
513 602 670 658 hunc
695 602 967 658 Justinus
1000 602 1186 659 comis
1219 606 1396 673 atque
1428 603 1561 674 pius

352 692 581 749 ornavit
611 708 644 746 a
679 692 788 747 Deo
822 691 1023 746 datum
1058 692 1286 762 regium
1318 697 1591 761 stemma,

353 787 409 839 et
439 781 527 837 vir
555 780 958 853 pragmaticus
988 784 1045 836 et
1077 780 1266 837 bonus
1301 781 1636 852 imperator,

356 872 676 937 beneﬁcus,
709 870 1039 938 benivolus,
1068 872 1332 926 modesto
1365 871 1601 942 spiritu,

356 962 600 1033 probus,
635 959 1073 1030 magnanimus,
1109 960 1235 1014 miti
1267 960 1521 1031 ingenio.

357 1050 461 1105 Hic
491 1048 649 1105 velut
679 1064 813 1103 arca
843 1065 904 1104 re
935 1049 1087 1103 bona
1117 1049 1480 1116 redundans,

356 1139 787 1209 virtitubusque
822 1153 957 1209 rege
987 1137 1183 1209 dignis
1214 1138 1516 1209 praeditus,

352 1227 591 1299 justitia
620 1232 817 1282 tamen
842 1227 1028 1295 magis
1060 1226 1462 1299 praefulgebat,

363 1318 480 1388 Ipsi
511 1316 730 1371 sociata
761 1315 872 1370 fuit
902 1316 1116 1371 fmdere
1146 1315 1404 1386 conjugii

363 1405 581 1462 femina
607 1422 641 1461 a
669 1404 786 1461 Deo
818 1405 989 1460 docta
1020 1404 1241 1477 Deique
1274 1418 1571 1473 reverens,

359 1495 578 1568 SOphia
602 1495 778 1564 dicta,
811 1493 1078 1549 moribus
1108 1510 1239 1549 vere
1269 1494 1473 1565 sopha.

362 1586 489 1639 llaec
522 1583 757 1638 miseris
789 1598 954 1653 spem
989 1582 1227 1637 ferendo
1261 1586 1491 1637 (etatem
1524 1583 1702 1639 trivit.

360 1674 510 1728 Nam
540 1672 983 1743 exstinguendis
1016 1672 1408 1727 fenerantium
1441 1674 1700 1729 sortibus

362 1766 655 1834 quotquot
684 1760 742 1815 in
764 1761 920 1837 “urbe
952 1760 1113 1833 regia
1142 1762 1361 1817 versari
1389 1762 1567 1830 novit,

364 1849 556 1907 alieno
588 1866 699 1905 aere
726 1865 962 1921 pressos
993 1849 1308 1922 expedivit,

364 1938 734 2012 syngraphas
766 1944 946 2010 atque
973 1938 1222 2010 pignora
1252 1940 1322 1993 ad
1357 1955 1419 1994 se
1449 1939 1700 2011 recepit;

364 2043 617 2099 quorum
650 2026 901 2083 alterum
932 2026 1191 2082 dominis
1222 2027 1452 2083 restitui
1476 2029 1680 2099 jussit,

364 2116 616 2173 alterum
647 2116 769 2188 igni
800 2117 1059 2187 tradens,
1096 2133 1217 2174 rem
1250 2117 1467 2173 malam
1500 2118 1765 2174 abstulit.

364 2205 639 2261 Justinus
667 2205 966 2261 inﬁrmam
1000 2206 1260 2278 corporis
1292 2206 1365 2261 ob
1397 2223 1741 2279 compagem

367 2309 618 2364 raroque
649 2294 721 2350 ob
755 2295 1029 2349 morbum
1062 2295 1340 2366 prodiens
1371 2296 1429 2350 in
1463 2297 1792 2367 publicum,

369 2383 711 2440 hominibus
743 2383 985 2454 injustis
1021 2384 1184 2439 auxit
1217 2384 1647 2456 impudentiam
1683 2403 1696 2442 :

369 2489 553 2546 quare
583 2473 851 2529 mmroris
874 2473 1076 2544 jaculo
1110 2474 1395 2545 conﬁxus,

369 2561 724 2634 consiliique
754 2564 929 2634 inops
960 2579 1094 2617 cum
1128 2563 1346 2618 Davide
1376 2562 1570 2620 aiebat
1597 2581 1609 2619 :

374 2652 541 2720 Quis,
572 2667 694 2719 oro,
726 2651 939 2706 vindex
968 2651 1128 2707 latus
1160 2652 1313 2724 leget
1343 2668 1540 2708 meum
1564 2652 1592 2707 ‘I

372 2741 513 2805 Quis
541 2740 893 2798 adversariis
926 2757 1156 2798 mecum
1193 2742 1642 2799 adversabitur‘?

372 2835 521 2885 Tum
552 2830 794 2901 quidam
826 2831 1089 2899 adstans,
1120 2847 1223 2886 ceu
1252 2832 1531 2902 quoniam
1562 2830 1764 2903 Isaias,

373 2919 463 2973 vir
493 2918 819 2987 animosus,
852 2918 1182 2989 iniquitatis
1212 2936 1369 2987 osor,

377 3008 517 3077 Rex,
546 3006 760 3077 inquit,
793 3007 1038 3075 adsum;
1071 3022 1249 3079 opera
1279 3023 1407 3063 mea
1437 3012 1709 3081 prompta
1738 3014 1845 3068 est.

376 3100 525 3168 Ergo
555 3095 606 3151 is
636 3096 892 3151 obtinuit
923 3113 1143 3151 munus
1174 3098 1546 3168 praefecturas.

375 3185 543 3241 Hunc
574 3200 673 3241 rex
701 3184 993 3241 hortando
1024 3186 1159 3241 fecit
1188 3186 1607 3243 animosiorem

378 3279 583 3330 contra
613 3291 851 3347 rapaces
884 3274 1334 3347 homicidasque
1362 3276 1556 3349 lupos.

376 3363 467 3419 Sic
497 3363 608 3419 iste
638 3364 710 3419 ad
738 3379 859 3419 rem
892 3365 1208 3436 gerendam
1242 3366 1509 3421 munitus
1539 3367 1668 3421 fuit.

375 3456 525 3524 Ergo
556 3452 699 3509 dum
725 3453 984 3523 juridico
1017 3470 1119 3524 pro
1152 3453 1428 3509 tribunali
1463 3456 1646 3523 sedet,

377 3542 619 3613 quidam
650 3542 905 3597 accessit
934 3541 1219 3613 ignobilis
1249 3547 1427 3614 atque
1461 3560 1682 3615 pauper

375 3632 447 3686 de
468 3630 592 3685 viro
622 3630 807 3686 nobili
838 3631 1264 3702 splendidoque
1293 3632 1674 3704 expostulans

381 3724 622 3792 propter
650 3720 879 3791 injuria}
910 3720 1131 3775 crimen
1164 3725 1220 3776 et
1253 3721 1632 3777 maleﬁcium.

380 3810 524 3879 Ergo
555 3808 606 3864 is
641 3809 859 3878 peccati
892 3813 1191 3865 auctorem
1224 3810 1282 3865 in
1308 3812 1409 3882 jus
1436 3816 1622 3879 vocat,

379 3896 479 3967 qui
508 3896 913 3953 vadimonium
946 3896 1182 3952 deserit.
1215 3900 1399 3952 Vocat
1428 3897 1641 3952 iterum
1674 3913 1687 3953 :

379 3986 478 4042 ille
507 3985 782 4059 superbis
814 4001 935 4041 rem
968 3986 1225 4057 praeterit
1255 3987 1520 4043 auribus.

382 4076 443 4129 Id
477 4075 577 4130 ubi
610 4075 800 4131 datori
830 4075 1142 4147 potestatis
1173 4076 1293 4147 regi

380 4165 659 4235 innotuit,
688 4165 912 4222 dictum
940 4155 1115 4221 laude
1144 4165 1389 4239 dignum
1423 4167 1668 4239 protulit
1692 4185 1704 4222 :

383 4256 442 4310 Sl
474 4254 712 4327 quidem
743 4254 869 4326 ipse
898 4257 1230 4327 praeterjus
1261 4255 1400 4327 quid
1433 4258 1640 4327 fecero,

383 4345 586 4401 hortor
614 4346 685 4400 de
715 4344 874 4417 regio
904 4344 1182 4401 detrahas
1214 4362 1308 4400 me
1332 4345 1566 4401 throno.

382 4434 568 4507 Igitur
596 4438 807 4507 praetor
837 4434 1071 4507 rapiens
1102 4452 1169 4490 ex
1200 4434 1460 4490 convivio

385 4524 682 4580 hominem
715 4524 885 4580 illum
919 4525 1066 4579 forte
1096 4530 1235 4579 tunc
1268 4525 1673 4596 prandentem,

385 4616 661 4687 pauperis
686 4631 927 4673 causam
986 4619 1053 4670 ut
1084 4628 1193 4687 par
1221 4620 1311 4670 est
1341 4617 1610 4687 cognovit
1645 4634 1658 4670 :

384 4722 637 4778 cumque
669 4706 882 4778 rapina!
919 4705 1137 4760 crimen
1172 4705 1532 4775 emersisset,

382 4796 570 4868 plagis
598 4797 806 4851 merito
838 4794 1132 4866 impositis
1161 4797 1410 4867 castigat
1442 4812 1605 4851 reum

385 4889 619 4957 propter
646 4884 964 4956 contempti
990 4884 1205 4954 judicii
1238 4883 1691 4954 impudentiam.

384 4975 626 5031 Multam
662 4978 933 5046 praeterea
966 4978 1135 5045 rapta
1167 4990 1272 5045 pro
1304 4989 1363 5027 re
1394 4974 1722 5043 persolvere

386 5066 557 5136 longe
588 5064 912 5136 graviorem
948 5062 1177 5134 cogitur
1207 5062 1305 5116 ille
1335 5061 1553 5116 invitus
1591 5078 1603 5117 :

383 5169 632 5224 eamque
668 5152 908 5223 pauperi
939 5155 1149 5221 praetor
1180 5151 1506 5207 habendam
1536 5152 1765 5206 tribuit.

891 5257 1227 5314 TIBERIUS
1267 5259 1385 5314 AN.
1430 5259 1519 5313 IV.

383 5359 489 5415 Ubi
515 5358 789 5413 Justinus
823 5360 1123 5427 sceptrum
1155 5374 1291 5411 cum
1321 5358 1440 5411 vita
1470 5358 1687 5426 amisit,

380 5449 604 5504 exstitit
634 5448 862 5519 imperii
897 5463 1206 5503 successor
1234 5448 1504 5504 Tiberius

380 5535 679 5604 religionis
712 5552 919 5590 amans
945 5534 1120 5591 homo
1148 5535 1465 5607 legumque
1496 5553 1785 5605 reverens,

381 5623 527 5678 nihil
562 5626 619 5678 in
654 5624 923 5679 Ecclesim
957 5624 1247 5679 institutis
1280 5625 1587 5693 innovans,

378 5713 477 5768 sed
509 5712 566 5769 in
602 5713 957 5784 praescriptis
987 5713 1412 5785 conquiescens
1438 5716 1681 5787 regulis,

2028 500 2084 568 Α

2041 1872 2089 1936 Β

2067 4607 2115 4672 D

2454 500 2825 557 ΙΟΥΣΤΙΝΟΣ
2863 502 2903 550 Ο
2942 498 3126 554 ΝΕΟΣ
3167 496 3278 553 ΕΤ.
3320 497 3421 553 II“.

2287 599 2418 656 Μετ’
2448 598 2505 653 ’ὀν
2539 598 2844 672 προσηνὴς,
2878 590 3124 665 εὐσεϐὴς,
3156 596 3449 658 Ἰουστῖνος

2110 688 2252 744 4155
2291 692 2497 760 Κοσμεῐ
2523 687 2585 741 τὸ
2623 684 2898 760 βασίλειον
2934 685 2996 739 ἐκ
3026 689 3160 739 Θεοῦ
3192 686 3407 760 στέφος,

2290 778 2453 851 Ἀνὴρ
2486 774 2814 851 περιδέξιος,
2848 774 3045 849 ἀγαθὸς
3076 773 3317 849 κράτωρ,

2293 865 2665 940 Εὐεργετικὸς,
2699 864 2753 918 εὖ
2764 864 2951 936 μενής,
2983 863 3386 939 ταπεινόφρων,

2291 956 2562 1031 Χρηστὸς,
2601 953 3013 1029 μεγαλόψυχος,
3046 953 3187 1024 ἡπία
3212 954 3390 1033 φύσις

2294 1046 2466 1105 Οὗτος
2495 1050 2722 1117 ταμεῖον
2756 1043 2971 1119 ἀγαθῶν
3003 1042 3394 1115 πεπλησμένον

2120 1136 2255 1190 1160
2298 1135 2382 1191 Ἐν
2421 1133 2733 1208 βασιλικαῖς
2765 1133 2979 1208 ἀρεταῖς
3008 1131 3321 1206 διαπρέπων

2294 1223 2616 1297 Δικαιοσύνη
2646 1222 2859 1295 μᾶλλον
2888 1222 3285 1299 ἡγλαῖσμένος·

2296 1318 2462 1387 Ὠπερ
2496 1319 2738 1381 συνῆπτο
2768 1313 2908 1386 πρὸς
2937 1312 3117 1385 γάμου
3146 1310 3432 1366 κοινωνίαν

2296 1402 2434 1470 Γυνὴ
2470 1402 2715 1479 θεόφρων
2754 1402 2845 1456 καὶ
2878 1401 3009 1455 Θεὸν
3038 1396 3354 1476 φοϐουμένη

2297 1490 2506 1560 Κλῆσιν
2538 1493 2733 1560 Σοφία,
2765 1491 2856 1545 καὶ
2887 1492 3026 1568 σοφή
3061 1512 3144 1553 τις
3176 1488 3303 1552 τοὺς
3330 1490 3589 1563 τρόπους·

2120 1582 2261 1638 1165
2298 1582 2401 1642 Ἦς
2431 1575 2586 1655 ἔργον
2618 1582 2802 1643 οἶκτος
2830 1578 3049 1654 ἀπορων
3083 1577 3173 1634 καὶ
3207 1578 3539 1653 χρηστότης.

2298 1669 2442 1741 νῦτη
2478 1666 2779 1729 δανεισταῖς
2806 1662 3190 1722 καταϐαλοῦσα
3224 1666 3361 1741 χρέα

2296 1760 2532 1816 ’Ἀπασιν
2568 1760 2650 1820 οἷς
2684 1763 2897 1827 οἴκησις
2922 1760 2987 1825 ἦν
3020 1755 3155 1827 αὕτη
3188 1755 3352 1818 πόλις

2296 1849 2490 1922 Χρεῶν
2522 1844 2677 1910 λύσις
2706 1844 2751 1901 δ’
2783 1844 3013 1923 δφλουσι
3039 1846 3430 1918 καθισταμένη,

2301 1936 2602 2014 Ἐγγραφάς
2634 1933 2929 2012 ἀπείληφε,
2967 1937 3250 2007 μνήμονας
3283 1930 3483 2001 δόσεις,

2127 2028 2266 2084 1170
2303 2028 2398 2079 Ὧν
2432 2026 2651 2101 θάτερον
2687 2025 2778 2098 μὲν
2813 2030 2928 2085 τοῖς
2961 2024 3318 2096 κεκτημένοις
3347 2023 3525 2096 νέμει,

2310 2114 2388 2172 Τὸ
2412 2112 2459 2168 δ’
2488 2112 2619 2188 πυρὶ
2653 2111 2882 2168 δέδωκεν
2917 2112 2992 2174 εἷς
3024 2112 3346 2185 ἀμνηστίαν⁸

2307 2204 2479 2266 Οὗτος
2512 2199 2790 2265 νοσώδους
2822 2200 3048 2277 σαρκίου
3079 2201 3277 2256 πλάσιν
3310 2197 3453 2274 ἔχων

2309 2294 2414 2350 Καὶ
2450 2295 2525 2366 μή
2558 2292 2770 2368 προῖὼν
2804 2292 3069 2366 συχνάκις
3102 2288 3161 2344 ἐκ
3190 2291 3291 2358 τῆς
3321 2289 3485 2342 νόσου

2308 2382 2701 2453 Ἀρπακτικοῖς
2734 2378 2963 2453 ηὔξησεν
2994 2376 3377 2454 ἀναισχυντίαν
3389 2420 3402 2433 .

2135 2473 2274 2529 1172
2310 2470 2581 2547 Ῥομφαίᾳ
2611 2468 2793 2540 λύπης
2820 2472 3109 2545 τοιγαροῦν
3140 2465 3484 2543 τετρωμένος

2311 2561 2461 2615 Μετά
2492 2557 2657 2614 Δαδὶδ
2690 2558 2913 2636 ἔφασκεν
2944 2557 3163 2634 ἀπορῶν
3194 2554 3343 2611 τάδε·

2314 2650 2414 2711 Τίς
2442 2648 2500 2703 ἂν
2533 2646 3328 2723 τιμωρὸςσυμπαροιστήσαιτό
3365 2664 3460 2716 μοι
3489 2662 3504 2713 ;

2310 2741 2378 2793 Ἥ
2409 2740 2499 2791 νῦν
2533 2736 2895 2804 ἀναστῆσαιτο
2924 2735 3041 2790 κατ’
3073 2730 3358 2789 ἀντιδίκων
3398 2752 3411 2801 ;

2314 2836 2413 2891 Καὶ
2443 2837 2526 2897 τίς
2556 2833 2869 2911 παρελθὼν,
2896 2834 2970 2895 ὡς
3000 2831 3227 2895 Ἡσαΐας
3257 2829 3449 2901 πάλαι,

2138 2928 2276 2983 1180
2317 2922 2595 3000 Ἀνδρεῖος
2623 2925 2759 2998 ἀνὴρ
2786 2923 2875 2977 καὶ
2912 2923 3083 2996 μισῶν
3117 2919 3352 2992 ἀδικίαν,

2314 3014 2498 3085 νΑναξ,
2536 3011 2654 3067 ἰδού
2687 3014 2937 3087 πάρειμι,
2964 3009 3210 3084 κέχρησό
3244 3030 3360 3081 μοι.

2314 3102 2654 3177 Ἐπαρχικήν
2688 3098 2908 3176 εἷ’ληφεν
2944 3098 3136 3153 οὐκοῦν
3171 3095 3339 3167 ἀξίαν,

2319 3191 2462 3266 Πρὸς
2493 3188 2539 3244 δ’
2569 3188 2633 3243 αῦ
2662 3188 2845 3251 σθένος
2868 3186 3153 3263 κράτιστον
3190 3185 3250 3240 ἐκ
3284 3183 3553 3260 βασιλέως

2318 3280 2452 3335 Καθ’
2484 3277 2840 3353 ἀρπακτόρων
2876 3277 2968 3330 καὶ
3001 3274 3182 3331 λύκων
3212 3271 3586 3350 βροτοκτόνων

2137 3372 2280 3427 1185
2318 3367 2477 3425 Οῦτω
2507 3366 2870 3441 κατωχύρατο
2899 3362 3090 3440 τάνδρὶ
3116 3366 3179 3419 τὸ
3212 3365 3411 3425 σθένος.

2317 3457 2467 3515 Ἐπεὶ
2500 3455 2557 3511 δὲ
2588 3455 2936 3530 προύκάθητο
2965 3454 3249 3531 κρίνωνὼς
3277 3450 3423 3522 δέον,

2319 3546 2636 3619 Προσῆλθεν
2664 3543 2811 3617 αύτῷ
2841 3541 3105 3619 δυσγενής
3131 3565 3215 3605 τις
3238 3543 3327 3597 καὶ
3359 3542 3526 3611 πένης

2317 3636 2443 3692 Κατ’
2475 3632 2668 3711 ἀνδρὸς
2698 3633 2849 3697 ἱστὰς
2880 3634 3128 3709 εὐγενοῦς
3160 3626 3531 3707 περιϐλέπτου

2315 3721 2588 3785 ’ννδικίας
2619 3720 2874 3799 ἔγκλημα
2904 3721 2995 3777 καί
3026 3720 3424 3800 φαυλουργίας.

2139 3815 2278 3871 1190
2315 3812 2711 3868 Μετακαλεῖται
2738 3812 2829 3866 τὸν
2866 3811 3057 3887 ῥέκτην
3089 3816 3189 3880 τῆς
3216 3809 3430 3870 κακίας·

2314 3903 2374 3959 Ὁ
2408 3900 2454 3956 δ’
2485 3901 2584 3957 οὐκ
2611 3901 2841 3971 ἀπαντᾷ’
2872 3901 2962 3954 καὶ
2992 3898 3159 3953 πάλιν
3194 3895 3276 3958 δὶς
3313 3897 3530 3967 μηνὺει·

2317 3992 2421 4049 Καὶ
2451 3991 2616 4046 πάλιν
2644 3990 2805 4051 αὑτὸς
2837 3986 2973 4061 οὐδ’,
3007 3989 3193 4062 ἄκροις
3224 3986 3325 4040 ὡσὶ
3348 3984 3555 4041 κΑύων.

2312 4082 2586 4138 ἸῙκουστο
2616 4076 2786 4133 ταῦδα
2814 4082 2893 4149 τῷ
2926 4075 3055 4150 δότῃ
3088 4082 3187 4145 τῆς
3221 4074 3386 4145 ἀξίαςο

2316 4171 2392 4225 Ἦ
2414 4166 2459 4223 δ’
2479 4171 2536 4230 ὅς
2565 4166 2834 4243 παρευθὺς
2867 4166 3174 4237 ἀξιέπαινον
3210 4163 3397 4238 λόγον·

2141 4262 2279 4318 1195
2318 4257 2428 4317 Κᾶν
2459 4258 2617 4321 αὐτὸς
2652 4257 2817 4312 εἰπὼν
2851 4253 3054 4310 ἀδικῶν
3086 4253 3196 4330 ἐγώ
3221 4252 3399 4322 πελω,

2317 4348 2676 4405 Κατάσπασόν
2715 4368 2780 4419 με
2805 4350 2900 4401 τοῦ
2936 4344 3217 4420 βασιλείου
3242 4344 3468 4418 θρόνου,

2321 4439 2609 4494 Κάντεῦθεν
2647 4437 2985 4509 ἀνάρπαστον
3022 4432 3080 4487 ἐκ
3107 4432 3381 4486 συσσιτίου

2318 4527 2423 4584 Τὸν
2450 4523 2617 4601 ἄνδρα
2648 4520 2831 4581 λαϐὼν
2866 4523 3192 4596 έστιώμενον
3224 4522 3368 4577 τότε.

2325 4617 2423 4670 Καὶ
2454 4612 2776 4676 συνδικάσας
2803 4617 2883 4685 τῷ
2914 4614 3107 4681 πέδητι
3137 4610 3275 4686 πρὸς
3306 4608 3485 4682 δίκην,

2149 4708 2286 4763 1200
2323 4704 2429 4761 Καὶ
2460 4698 2782 4759 καταλαϐὼν
2816 4703 3032 4775 ἁρπαγῇ
3062 4699 3433 4775 κεχρημένον,

2320 4794 2598 4863 Αἷκίζεται
2636 4792 2879 4866 μάστιξιν
2904 4790 3062 4845 αὐτὸν
3096 4791 3268 4859 ἀξίαις

2320 4890 2428 4953 Τῆς
2461 4883 2538 4946 εἷς
2568 4881 2918 4952 δικαστήριον
2954 4878 3364 4953 ἀναισχυντίας·

2321 4972 2715 5048 Εἷσπράττεται
2750 4969 2806 5023 δὲ
2835 4967 2925 5021 καὶ
2960 4965 3117 5036 δίκην
3144 4964 3352 5029 ἀδικίας

2319 5062 2612 5135 Εἷίσπραξιν
2647 5061 2718 5113 ὧν
2751 5058 2964 5132 ἥρπασε
2993 5055 3420 5111 πολλαπλασίω·

2148 5156 2286 5209 1205
2324 5154 2430 5209 Καὶ
2460 5155 2627 5207 ταῦτα
2654 5155 2735 5221 τῷ
2764 5150 2957 5217 πένητι
2990 5143 3180 5200 δίδωσι
3211 5147 3410 5220 φέρων.

2675 5258 2999 5315 ΤΙΒΕΡΙΟΣ
3034 5258 3145 5312 ΕΤ.
3180 5256 3250 5310 Δ“.

2320 5359 2532 5417 Τούτου
2558 5359 2618 5412 τὸ
2654 5359 2804 5433 βιοῦν
2836 5357 2924 5409 καὶ
2959 5355 3156 5428 κράτος
3187 5349 3536 5423 λελοιπότος,

2316 5450 2511 5522 Ἀρχει
2548 5448 2663 5520 μετ’
2695 5446 2853 5500 αὐτὸν
2880 5438 3136 5517 Τιϐέριος
3166 5445 3262 5495 τοῦ
3292 5442 3524 5516 κράτους

2315 5530 2653 5606 Φιλευσεϐης
2685 5556 2766 5597 τις
2800 5534 2891 5588 καὶ
2922 5536 3055 5587 Θεοῦ
3076 5533 3291 5607 τρέμων
3323 5532 3549 5603 νόμους,

2312 5623 2492 5695 Μηδὲν
2523 5628 2780 5697 νεοχμῶν
2806 5627 2914 5678 τῶν
2948 5622 3081 5685 ἐθῶν
3106 5618 3455 5689 Ἐκκλησίας.

2136 5722 2273 5777 1210
2311 5714 2436 5771 ἀλλ’
2460 5714 2769 5789 ἐξομαρτῶν
2794 5718 2914 5775 τοῖς
2943 5713 3133 5783 νόμοις
3163 5709 3283 5771 τοίς
3314 5707 3613 5781 κειμένοις,
