4140 6464
324 410 395 464 59
1537 411 1911 464 ΕΡΗΒΕΜΙΙ
1948 414 1959 459 ι

1537 411 1911 464 ΕΡΗΒΕΜΙΙ
1948 407 2526 465 CHRONOGRAPHI

325 540 393 593 ut
418 536 491 593 ab
522 553 585 594 se
616 539 859 609 repetat,
891 540 947 593 et
977 536 1244 591 animum
1278 551 1420 593 cura
1451 535 1657 593 solvat.

326 630 474 699 Ergo
506 626 667 683 visus
696 630 787 683 est
818 625 930 682 sibi
964 642 1065 697 per
1095 626 1395 682 somnium
1428 642 1664 683 cernere

329 716 573 773 multam
607 719 855 788 utroque
886 732 915 772 e
948 732 1089 771 sexu
1122 717 1462 773 mortalium
1492 717 1729 773 turbam

328 807 564 863 adstare
597 822 791 861 coram
822 806 1081 877 imagine
1112 805 1328 862 Christi
1363 807 1620 874 Domini,

329 910 643 968 regemque
670 896 949 951 adversus
980 895 1338 952 clamoribus
1365 897 1765 969 expostulare;

330 984 460 1055 ipso
492 988 778 1056 praesente
809 1001 1051 1057 remque
1082 1002 1215 1041 cum
1245 995 1396 1043 melu
1433 987 1731 1045 audiente.

332 1074 497 1129 Tunc
531 1073 605 1129 ab
628 1073 888 1145 imagine
920 1092 1027 1130 vox
1048 1075 1255 1133 emissa
1289 1079 1521 1146 sonuit;

333 1162 578 1218 ubinam
612 1161 661 1218 is
688 1161 862 1218 vellet
894 1163 1181 1220 malorum
1217 1184 1446 1237 pmnam
1480 1167 1641 1223 luere

332 1252 433 1322 qui
466 1268 529 1306 se
557 1251 814 1307 avaritiae
844 1253 1159 1308 obstrinxit
1188 1255 1463 1326 piaculo?

331 1356 472 1396 num
506 1339 623 1406 hic,
657 1340 756 1395 ubi
789 1341 1150 1414 supplicium
1183 1342 1532 1400 clementius
1565 1344 1698 1413 erit,

330 1445 402 1484 an
435 1428 553 1484 illic
583 1427 731 1486 alias
763 1446 962 1500 pcenas
993 1432 1285 1501 experiri?

331 1517 385 1573 Is
413 1517 510 1574 hic
541 1534 603 1573 se
633 1517 831 1589 malle,
864 1520 1037 1574 verbo
1068 1519 1389 1590 intellecto,
1423 1522 1523 1579 ait.

329 1605 483 1662 Tum
517 1623 580 1662 se
607 1606 891 1662 traditum
928 1608 1133 1665 Phocas
1168 1609 1350 1666 fuisse
1381 1611 1590 1666 audiit.

334 1695 553 1751 Somno
584 1695 880 1764 discusso,
912 1696 1287 1755 verissimum
1320 1700 1511 1757 visum
1547 1704 1737 1773 putat,

335 1801 463 1857 quas
495 1783 639 1839 vidit
668 1802 915 1857 quisque
948 1787 1136 1843 audiit
1164 1788 1222 1844 in
1255 1807 1320 1845 eo
1353 1790 1708 1862 spectaculo.

338 1873 613 1930 Protinus
633 1890 768 1944 ergo
800 1875 1046 1931 advocat
1075 1876 1467 1950 Philippicum

331 1979 564 2019 carcere
593 1979 659 2019 ex
692 1963 938 2033 injuslo,
968 1964 1222 2023 vinculis
1253 1968 1554 2035 detractis,

334 2053 503 2125 queis
533 2052 870 2124 suspicione
896 2058 1090 2110 motus
1123 2072 1256 2111 eum
1293 2061 1663 2130 gravaverat;

335 2157 535 2215 pacem
569 2142 853 2214 impertit,
884 2145 1113 2201 veniam
1145 2147 1407 2203 vicissim

338 2232 765 2303 praeteritarum
797 2232 1075 2305 impetrat
1103 2235 1475 2307 injuriarum.

344 2321 561 2377 Horum
594 2326 897 2394 gestorum
930 2323 1064 2379 talis
1098 2325 1208 2380 fuit
1240 2326 1452 2383 exitus.

340 2411 483 2465 Exin
518 2409 805 2467 exercitus
835 2415 1000 2468 motu
1033 2414 1314 2471 seditioso

337 2500 754 2571 imperatorem
789 2501 1137 2558 acclamavit
1168 2503 1442 2572 Phocam,

342 2588 444 2662 qui
476 2589 658 2645 fretus
690 2590 871 2646 armis
903 2592 1240 2663 Byzantium
1271 2594 1532 2659 veniens,

343 2682 651 2734 stemmate
684 2682 929 2735 ornatur
958 2697 1139 2737 manu
1175 2683 1632 2757 archipresulis,

339 2774 471 2825 Mox
499 2769 754 2841 pretium
787 2786 975 2843 operae
1004 2770 1299 2828 facturum
1332 2789 1392 2830 se
1424 2773 1669 2847 putavit,

342 2857 392 2914 si
423 2857 684 2914 Mauricii
716 2874 901 2931 genus
931 2876 1106 2916 omne
1138 2863 1473 2934 perimeret.

341 2947 731 3011 Quamobrem
770 2948 839 3003 de
871 2951 1150 3006 mandato
1182 2952 1410 3008 cruenti
1444 2952 1646 3019 animi,

342 3035 544 3092 Phocea
575 3036 832 3108 tyranni,
860 3037 1125 3110 inquam,
1158 3040 1588 3107 scelestissimi,

343 3125 536 3197 (mitto
566 3125 723 3181 enim
755 3127 1041 3198 quidquid
1075 3130 1495 3187 intermedium
1531 3130 1771 3202 exstitit)

340 3212 626 3287 principis
656 3231 801 3271 uxor
829 3215 1113 3289 liberique
1143 3218 1338 3291 gladio

340 3303 665 3360 caeduntur.
698 3305 915 3361 Aderat
946 3311 1220 3379 spectans
1252 3310 1572 3366 Mauricius

338 3394 675 3466 caedemque
705 3394 937 3452 heroico
972 3396 1263 3454 tolerabat
1290 3400 1508 3469 animo,

340 3483 565 3555 gratias
595 3483 714 3541 imo
748 3485 860 3541 Deo
892 3486 966 3541 ob
992 3488 1259 3542 eamdem
1298 3504 1498 3560 agens.

338 3576 470 3645 Ipse
496 3575 567 3629 ad
601 3576 929 3630 extremum
964 3591 1103 3631 nece
1137 3577 1366 3647 injusta
1399 3578 1593 3650 periit.

345 3668 463 3719 Rex
491 3662 588 3719 hic
616 3663 1006 3737 quadraginta
1035 3665 1249 3721 Christi
1284 3672 1609 3740 martyrum

343 3752 632 3825 templum
667 3753 922 3809 absolvit
950 3771 1167 3811 ornans
1200 3756 1469 3823 miriﬁce,

345 3856 559 3913 nempe
589 3843 744 3913 quod
777 3842 1045 3899 Tiberius
1078 3850 1303 3901 struere
1335 3848 1606 3917 coeperat.

651 3957 930 4015 PHOCAS
972 3960 1355 4017 TYRANNUS
1393 3960 1510 4017 AN.
1551 3960 1698 4019 VIII.

348 4057 573 4113 Phocas
606 4057 910 4127 tyrannice
937 4074 1184 4129 regnum
1219 4058 1548 4132 occupavit,

349 4145 612 4203 nefarius
644 4145 843 4215 homo,
878 4147 1300 4219 sanguinarius
1328 4149 1585 4220 animus,

352 4253 539 4292 savus
569 4239 882 4307 tyrannus,
911 4236 1140 4293 cruoris
1170 4237 1334 4294 canis
1368 4242 1671 4311 appetens,

356 4324 733 4391 mulierosus,
762 4329 1142 4394 comessator,
1178 4326 1468 4394 ebriosus,

352 4413 587 4485 imperii
616 4414 891 4485 dedecus,
918 4414 1009 4470 vel
1042 4414 1230 4487 magis
1259 4415 1543 4487 exitium,i

354 4502 766 4575 prosperitatis
800 4503 1077 4560 Romanae
1109 4518 1364 4571 eversor,

353 4591 611 4649 carnifex
642 4591 868 4664 populi,
903 4593 1156 4661 daemon,
1190 4597 1247 4648 et
1275 4592 1476 4664 labes;

353 4698 529 4755 aqua,
561 4681 714 4753 igne,
747 4681 921 4750 mari,
951 4681 1172 4754 gladio,
1205 4683 1477 4754 perdens,

351 4771 499 4827 alios
529 4770 878 4827 tristissima
910 4774 1039 4843 (pro
1072 4769 1372 4826 miseriam
1396 4769 1435 4843 ἰ)

349 4859 497 4916 alios
526 4859 876 4916 imminutos
909 4859 1173 4931 corporis
1206 4860 1477 4931 partibus

351 4949 552 5005 sinens
584 4949 974 5021 ignominiam
1008 4965 1178 5005 suam
1211 4948 1605 5005 circumferre.

358 5040 500 5094 Dum
531 5037 627 5093 hic
655 5037 861 5108 ignave
886 5037 1112 5094 desidet
1142 5038 1302 5094 domi

353 5143 491 5183 eoas
520 5126 905 5183 incursarunt
937 5126 1269 5197 provincias
1300 5132 1490 5181 Persae
1524 5144 1536 5180 :

354 5215 535 5272 armis
568 5216 882 5288 pulsarunt
909 5216 1059 5271 ﬁnes
1087 5216 1485 5288 Cappadocas,

351 5304 691 5361 Galatarum
725 5308 912 5359 terras
942 5308 1001 5358 et
1030 5303 1497 5375 Paphlagonum,

353 5410 421 5449 ex
451 5393 765 5465 Ccelesyria
794 5396 1127 5463 cunctaque
1160 5392 1440 5447 Armenia

357 5483 582 5553 prmdas
615 5485 863 5553 egerunt
893 5497 1082 5552 usque
1113 5479 1541 5537 Chalcedonam
1580 5498 1593 5536 :

357 5574 484 5626 tum
512 5570 884 5626 Palaestinam
916 5574 974 5625 et
1006 5570 1154 5626 ﬁnes
1182 5569 1510 5627 Phoenicios

429 5750 540 5820 (25)
570 5751 701 5808 Haec
730 5750 931 5808 Phocas
962 5751 1273 5809 verissima
1302 5752 1656 5824 vituperatio
1687 5770 1931 5826 prorsus
1963 5752 2227 5810 inﬁrmat
2256 5751 2433 5807 fidem
2466 5750 2775 5808 laudativa
2807 5748 3220 5822 inscriptionis
3250 5747 3344 5805 his
3374 5746 3547 5805 annis
3573 5747 3633 5803 in
3665 5751 3785 5806 Ro-

2010 535 2067 602 Α
2274 531 2391 588 Ὧδ’
2418 533 2820 611 εἰσπραχθῆναι
2853 541 3006 612 σχεῖν
3036 557 3095 592 τε
3124 542 3302 593 κακῶν
3336 540 3436 609 τήν
3469 540 3642 599 λύσιν.

2266 619 2453 696 Ἔδοξε
2484 627 2619 698 γοῦν
2648 647 2700 679 τι
2732 628 2848 680 κατ’
2882 622 3011 698 ὄναρ
3041 624 3184 682 οῦτω
3220 627 3467 704 βλέπειν,

2270 712 2425 768 Πολύ
2456 734 2507 767 τι
2537 711 2767 785 πλῆθος,
2789 720 3031 792 γηγενῶν
3064 717 3391 791 παρεστάναι

2271 798 2536 876 Ἀνδρῶν,
2569 808 2838 878 γυναικῶν
2871 801 3039 860 εἰκόνι
3070 811 3168 862 τοῦ
3200 804 3501 880 Δεσπότου,

2095 893 2233 949 1270
2271 887 2556 964 Καταϐοᾷν
2584 894 2642 949 τέ
2673 916 2806 972 σφας
2840 897 3067 959 ἄνακτος
3100 896 3192 952 σὺν
3226 900 3383 971 γόοις

2269 982 2448 1039 Αὐτοῦ
2479 984 2756 1055 συνόντος,
2791 988 3252 1061 συμπαρεστῶτος
3274 989 3487 1064 τρόμῳ.

2276 1078 2476 1142 Φωνῆς
2502 1074 2549 1127 τ’
2573 1074 2788 1131 ἀκούειν
2822 1074 3036 1139 εἰκόνος
3063 1079 3436 1152 προϊγμένης,

2274 1165 2385 1215 Ποῦ
2410 1166 2517 1217 τῶν
2552 1167 2734 1218 κακῶν
2771 1163 3032 1237 βούλοιτο
3067 1163 3253 1222 δοῦναι
3284 1169 3384 1237 τήν
3422 1166 3580 1241 δίκην

2273 1249 2372 1303 Τὸν
2402 1253 2498 1305 τοῦ
2533 1250 2736 1324 μύσους
2770 1251 2940 1307 αἶ’τιον
2974 1252 3033 1308 έκ
3062 1251 3401 1331 φειδωλίας;

2100 1337 2239 1392 1275
2274 1338 2514 1393 Ἐνταῦθ’
2546 1336 2685 1393 ὅπου
2720 1340 2939 1415 μέτριον
2972 1335 3119 1395 ἔσται
3151 1343 3213 1397 τὸ
3237 1342 3469 1418 τρύχον,

2278 1431 2343 1481 Ἣ
2367 1431 2487 1488 ταῖς
2518 1424 2717 1482 ἐκεῖθεν
2751 1436 3218 1507 παραπεμφθῆναι
3252 1429 3468 1504 δίκαιςς

2278 1515 2385 1571 Τὸν
2418 1512 2463 1569 δ’
2496 1513 2604 1571 ὦδε
2634 1518 2798 1593 φάναι
2828 1518 3075 1573 συνιέντα
3098 1525 3197 1575 τοῦ
3230 1518 3400 1596 λόγου
3434 1540 3447 1554 ·

2274 1602 2661 1679 Παραδοθῆναι
2696 1605 2893 1661 λοιπὸν
2921 1612 3092 1679 Φωκᾷ
3123 1609 3446 1684 προσκλύει.

2272 1696 2471 1749 Ὕπνου
2504 1692 2550 1749 δ’
2582 1696 2823 1768 ἀνέντος,
2856 1697 2997 1772 ῦπαρ
3032 1698 3131 1753 οὐκ
3155 1696 3285 1775 ὄναρ
3314 1700 3513 1776 κρίνει,

2100 1784 2237 1839 1280
2275 1786 2368 1836 Ὢν
2401 1780 2559 1849 εἶδεν,
2592 1784 2665 1837 ὧν
2697 1782 2927 1852 ἤκουσεν
2954 1785 3089 1840 εἶναι
3121 1788 3218 1857 τήν
3249 1786 3370 1843 θέαν

2019 1898 2066 1963 Β
2271 1870 2668 1927 Μετακαλεῖται
2703 1871 3041 1931 Φιλιππικὸν
3075 1874 3167 1931 οὖν
3198 1876 3370 1953 τάχος

2274 1961 2344 2019 Ei’
2451 1969 2478 1981 "
2632 1960 2659 2017 δ
2780 1967 2804 1978 “’
2918 1968 2945 1979 ”
3026 1962 3109 2020 ’δ’
3252 1965 3276 2022 έ
3314 1966 3380 2023 λ’

2345 1983 2510 2037 ρκτης
2542 1984 2600 2018 τε
2666 1984 2847 2036 εσμων
2878 1986 2986 2019 των
3021 1986 3053 2019 α
3095 1987 3219 2021 ικων
3279 1988 3311 2022 κ
3355 1989 3483 2032 υσας

2274 2053 2373 2110 Οἷς
2406 2051 2564 2106 αὐτὸν
2599 2048 2867 2123 ἐξέθλιϐεν
2900 2053 2950 2127 ἐξ
2985 2055 3247 2130 ὑποψίας.

2275 2141 2375 2196 Καὶ
2411 2137 2689 2195 σπένδεταί
2718 2162 2778 2215 γε
2805 2142 2895 2196 καὶ
2926 2142 3211 2217 κομίζεται
3245 2143 3400 2201 λύσιν

2100 2230 2239 2287 1285
2276 2229 2559 2303 Ὠνξαύτὸν
2594 2231 2883 2306 εἰργάσατο
2914 2237 3093 2289 κακῶν
3124 2233 3349 2298 ἀδίκως.

2277 2318 2375 2373 Καὶ
2406 2322 2575 2374 ταῦτα
2608 2320 2704 2394 μὲν
2734 2321 3014 2397 πέπρακτο
3043 2321 3201 2380 τόνδε
3227 2326 3322 2381 τὸν
3347 2325 3574 2401 τρόπον.

2278 2410 2342 2467 Ἠ
2375 2407 2432 2464 δὲ
2463 2410 2687 2486 στρατιὰ
2717 2415 3044 2468 στασιάσασα
3071 2413 3195 2469 τότε

2279 2504 2476 2554 Φωκᾶν
2510 2499 2871 2575 ἀνηγόρευσαν
2906 2501 2983 2564 εἰς
3019 2502 3248 2576 βασιλέα
3282 2524 3293 2537 ⁸

2278 2590 2408 2645 Μεθ’
2436 2589 2498 2643 οὗ
2528 2589 2692 2644 πόλιν
2725 2591 2983 2667 φθάνουσι
3007 2594 3107 2663 τὴν
3144 2591 3420 2668 βασιλίδα,

2102 2680 2241 2735 1290
2281 2678 2379 2733 Καὶ
2409 2682 2710 2733 ταινιοῦται
2742 2677 3024 2754 παλάμαις
3057 2681 3359 2757 ἀρχιθύτου
3389 2702 3402 2715 ο

2287 2765 2624 2841 Σπούδασμα
2653 2766 2930 2845 προῦργου
2960 2768 3103 2843 τῶδε
3134 2768 3329 2827 λοιπὸν
3360 2770 3563 2847 γίνεται

2279 2857 2351 2912 Τὸ
2385 2856 2687 2931 Μαυρίκιον
2719 2865 2959 2935 παγγενῆ
2997 2857 3183 2915 δοῦναι
3222 2862 3383 2939 ξίφει.

2279 2947 2440 3003 Ὅθεν
2474 2946 2741 3018 κελεύσει,
2775 2951 2872 3025 φεῦ
2905 2956 3135 3026 φονικῆς
3163 2947 3414 3026 καρδίας,

2285 3039 2454 3091 Φωκᾶ
2482 3038 2746 3110 τυράννου
2773 3035 2934 3092 τοῦδε
2963 3040 3053 3091 καὶ
3084 3037 3461 3115 φαυλεργάτου

2108 3126 2249 3183 1295
2288 3128 2378 3179 Δεῖ
2405 3122 2507 3199 γὰρ
2542 3124 2901 3201 ἐπιτρέχοντα
2932 3123 3111 3180 λιπεῖν
3146 3125 3239 3180 τάν
3286 3128 3456 3199 μέσῳ,

2286 3215 2427 3284 Γυνή
2460 3234 2519 3268 τε
2548 3211 2737 3276 παῖδες
2768 3213 3134 3289 ἐκθερίζονται
3168 3215 3330 3293 ξίφει,

2284 3306 2391 3358 Τοῦ
2424 3301 2735 3379 Μαυρικίου
2767 3303 3150 3379 συμπαρόντος
3179 3302 3509 3380 δρωμένοις,

2285 3392 2383 3447 Καὶ
2413 3391 2505 3447 τὰς
2540 3391 2746 3466 σφαγὰς
2777 3395 3039 3471 φέροντος
3072 3392 3532 3472 ἂνδρειοφρόνως,

2284 3480 2387 3539 Καὶ
2412 3478 2582 3535 τῶνδε
2612 3482 2775 3557 χάριν
2805 3486 2885 3554 τῷ
2916 3486 3032 3555 Θεῷ
3062 3481 3402 3546 κατειδότος.

2108 3573 2247 3629 1300
2285 3570 2499 3634 Καύτὸς
2524 3569 2685 3633 τέλος
2715 3572 2963 3643 τέθνηκεν
2996 3570 3170 3645 ἀδίκῳ
3200 3573 3397 3649 κρίσει.

2285 3660 2455 3721 Οὗτος
2486 3661 2891 3735 τεσσαράκοντα
2922 3666 3156 3737 Χριστοῦ
3192 3664 3481 3739 μαρτύρων

2288 3749 2435 3804 Νεὼν
2467 3747 2675 3804 τελειοῖ
2704 3748 3001 3827 φαιδρύνας
3036 3752 3169 3827 ὑπὲρ
3204 3751 3325 3807 λίαν

2290 3837 2433 3914 Πρὸς
2462 3832 2714 3913 Τιϐερίου
2743 3837 2969 3901 κτίσεως
3002 3840 3128 3913 πρὶν
3162 3838 3469 3913 ἠργμένης.

2436 3955 2671 4010 ΦΩΚΑΣ
2713 3956 2756 4011 Ο
2805 3959 3163 4010 ΤΥΡΑΝΝΟΣ
3212 3956 3326 4010 ET.
3370 3954 3447 4010 H'.

2298 4057 2497 4115 Φωκᾶς
2524 4056 2775 4126 τυραννεῖ
2802 4055 2898 4106 τοῦ
2935 4050 3214 4128 βασιλείου
3244 4048 3497 4126 κράτους,

2116 4143 2255 4200 1305
2292 4141 2460 4215 ’Δνήρ
2494 4141 2741 4217 ἀποφρὰς
2774 4141 3091 4215 αἰμοχαρής
3122 4138 3339 4215 καρδία,

2292 4229 2568 4303 Τύραννος
2599 4228 2751 4301 ὠμὸς
2781 4229 2870 4284 καὶ
2902 4228 3235 4304 φιλαίματος
3263 4228 3432 4298 κύων,
3522 4264 3535 4271 ν»

2293 4318 2709 4392 Γυναικομανής
2741 4317 2830 4373 καὶ
2859 4317 3109 4395 φίλοινος
3139 4319 3228 4373 καὶ
3262 4316 3461 4389 πότης,

2292 4406 2612 4483 Αύταρχίας
2645 4404 2853 4470 ὄνειδος
2885 4407 2920 4476 ἢ
2957 4406 3169 4480 μᾶλλον
3199 4406 3376 4480 λύμη,

2292 4500 2414 4555 Τῶν
2442 4498 2764 4570 Ῥωμαϊκῶν
2796 4497 3096 4575 ἀφανιστὴς
3126 4497 3489 4572 πραγμάτων,

2122 4591 2265 4647 1310
2301 4587 2584 4656 Ὑπηκόων
2621 4583 2849 4660 δήμιος,
2882 4585 3161 4660 ἀλάστωρ,
3195 4584 3420 4662 φθορὰς,

2296 4673 2511 4741 Ὕδατι,
2542 4675 2695 4749 πυρὶ,
2727 4676 2816 4730 καὶ
2850 4672 3094 4749 θαλάσσῃ
3122 4675 3208 4729 καὶ
3236 4673 3372 4753 ξίφει

2024 3269 2067 3336 C

2036 4642 2084 4707 D

2305 4762 2566 4823 Οἵκτιστα
2590 4764 2717 4828 τοὺς
2749 4766 2844 4839 μὲν
2879 4761 3149 4837 ἐκδιδοὺς,
3183 4768 3281 4843 φεῦ
3310 4767 3411 4820 τοῦ
3436 4765 3666 4827 πάθους.

2294 4859 2415 4910 Τῶν
2446 4852 2489 4909 δ’
2524 4855 2588 4908 αὗ
2625 4853 2793 4926 μέλος
2831 4856 2997 4928 μέρος
3027 4874 3080 4908 τι
3113 4855 3369 4926 σώματος
3401 4855 3633 4927 τέμνων,

2296 4948 2639 5021 Περινοστεῖν
2675 4938 2889 5005 ὄνειδος
2920 4940 3003 4995 ε’ία
3030 4945 3109 5013 τῷ
3146 4941 3251 5014 βίῳ
3281 4945 3418 5017 (23).

2120 5036 2260 5092 1315
2298 5033 2377 5090 Οῦ
2411 5031 2647 5109 ῥᾳθυμίᾳ
2677 5034 2898 5105 συνεχεῖ
2925 5030 2971 5082 τ’
3004 5028 3257 5105 οἰκουρίᾳ

2295 5123 2440 5178 Ἑῶα
2467 5119 2669 5194 Πέρσαι
2698 5116 3040 5194 κατέδραμον
3074 5117 3277 5194 χωρία,

2297 5209 2570 5278 Ἐπῆλθον
2604 5207 2803 5272 ὅπλοις
2834 5205 3230 5270 Καππαδοκίας
3263 5210 3437 5283 ὅροις,

2295 5301 2393 5354 Καὶ
2428 5297 2694 5361 Γαλατίας
2718 5300 2809 5353 καὶ
2843 5297 3221 5376 Παφλαγόνων
3251 5298 3468 5370 τόποις,

2298 5386 2512 5460 Κοίλης
2548 5390 2775 5463 Συρίας,
2805 5394 2907 5458 τῆς
2931 5386 3072 5459 ὅλης
3102 5385 3413 5462 Ἀρμενίας,

2122 5481 2262 5537 1320
2301 5475 2712 5547 Λεηλατοῦντες
2736 5476 2825 5532 καὶ
2862 5478 3033 5553 μέχρι
3068 5474 3459 5546 Χαλκηδόνος,

2302 5563 2669 5638 Παλαιστίνην
2701 5564 2759 5622 δὲ
2787 5567 2879 5621 καὶ
2900 5565 3105 5629 τόπους
3131 5565 3233 5633 τῆς
3262 5564 3529 5635 Φοινίκης
