  <div class='ocr_page' id='page_1' title='image "/cluster/home/n/w/nwhite01/storage/ocr_20150623/143:no.1/coo.31924054870484/038.png"; bbox 0 0 4140 6398; ppageno 0'>
   <div class='ocr_carea' id='block_1_1' title="bbox 379 400 446 457">
    <p class='ocr_par' dir='ltr' id='par_1_1' title="bbox 379 400 446 457">
     <span class='ocr_line' id='line_1_1' title="bbox 379 400 446 457; baseline 0 0"><span class='ocrx_word' id='word_1_1' title='bbox 379 400 446 457; x_wconf 79' lang='grc'><strong>61</strong></span> 
     </span>
    </p>
   </div>
   <div class='ocr_carea' id='block_1_2' title="bbox 560 518 1683 599">
    <p class='ocr_par' dir='ltr' id='par_1_2' title="bbox 560 518 1683 599">
     <span class='ocr_line' id='line_1_2' title="bbox 560 518 1683 599; baseline 0.001 -22"><span class='ocrx_word' id='word_1_2' title='bbox 560 524 694 584; x_wconf 83' lang='grc' dir='ltr'>Τοῖς</span> <span class='ocrx_word' id='word_1_3' title='bbox 727 521 814 599; x_wconf 78' lang='grc' dir='ltr'>ὑφ’</span> <span class='ocrx_word' id='word_1_4' title='bbox 846 518 1074 583; x_wconf 67' lang='grc' dir='ltr'>ἑαυτοὺς</span> <span class='ocrx_word' id='word_1_5' title='bbox 1107 520 1392 591; x_wconf 66' lang='grc' dir='ltr'>συνέταξαν</span> <span class='ocrx_word' id='word_1_6' title='bbox 1428 520 1683 598; x_wconf 91' lang='grc' dir='ltr'>χωρίοις.</span> 
     </span>
    </p>
   </div>
   <div class='ocr_carea' id='block_1_3' title="bbox 563 606 1797 686">
    <p class='ocr_par' dir='ltr' id='par_1_3' title="bbox 563 606 1797 686">
     <span class='ocr_line' id='line_1_3' title="bbox 563 606 1797 686; baseline -0.005 -16"><span class='ocrx_word' id='word_1_7' title='bbox 563 613 641 670; x_wconf 83' lang='grc' dir='ltr'><strong>Τὸ</strong></span> <span class='ocrx_word' id='word_1_8' title='bbox 673 610 720 665; x_wconf 87' lang='grc' dir='ltr'>δ’</span> <span class='ocrx_word' id='word_1_9' title='bbox 752 606 1006 685; x_wconf 76' lang='grc' dir='ltr'>’Λὸάρων</span> <span class='ocrx_word' id='word_1_10' title='bbox 1042 610 1349 686; x_wconf 84' lang='grc' dir='ltr'>στράτευμα</span> <span class='ocrx_word' id='word_1_11' title='bbox 1373 610 1538 666; x_wconf 76' lang='grc' dir='ltr'>πάλιν</span> <span class='ocrx_word' id='word_1_12' title='bbox 1573 611 1625 666; x_wconf 77' lang='grc' dir='ltr'><strong>ἐν</strong></span> <span class='ocrx_word' id='word_1_13' title='bbox 1651 608 1797 666; x_wconf 74' lang='grc' dir='ltr'>δύσει</span> 
     </span>
    </p>
   </div>
   <div class='ocr_carea' id='block_1_4' title="bbox 560 696 1690 774">
    <p class='ocr_par' dir='ltr' id='par_1_4' title="bbox 560 696 1690 774">
     <span class='ocr_line' id='line_1_4' title="bbox 560 696 1690 774; baseline 0.001 -19"><span class='ocrx_word' id='word_1_14' title='bbox 560 702 754 774; x_wconf 86' lang='grc' dir='ltr'>Χώρας</span> <span class='ocrx_word' id='word_1_15' title='bbox 789 696 1013 761; x_wconf 80' lang='grc' dir='ltr'>δυτικάς</span> <span class='ocrx_word' id='word_1_16' title='bbox 1049 700 1326 773; x_wconf 78' lang='grc' dir='ltr'>κατὲκειρε</span> <span class='ocrx_word' id='word_1_17' title='bbox 1355 699 1447 754; x_wconf 85' lang='grc' dir='ltr'>καὶ</span> <span class='ocrx_word' id='word_1_18' title='bbox 1479 699 1690 762; x_wconf 84' lang='grc' dir='ltr'>πόλεις.</span> 
     </span>
    </p>
   </div>
   <div class='ocr_carea' id='block_1_5' title="bbox 326 786 1789 865">
    <p class='ocr_par' dir='ltr' id='par_1_5' title="bbox 326 786 1789 865">
     <span class='ocr_line' id='line_1_5' title="bbox 326 786 1789 865; baseline -0.003 -18"><span class='ocrx_word' id='word_1_19' title='bbox 326 846 329 847; x_wconf 65' lang='lat'>,</span> <span class='ocrx_word' id='word_1_20' title='bbox 388 794 531 849; x_wconf 83' lang='grc'><strong>1325</strong></span> <span class='ocrx_word' id='word_1_21' title='bbox 567 792 629 847; x_wconf 87' lang='grc' dir='ltr'><strong><em>Ἡ</em></strong></span> <span class='ocrx_word' id='word_1_22' title='bbox 661 790 889 865; x_wconf 76' lang='grc' dir='ltr'>στρατιά</span> <span class='ocrx_word' id='word_1_23' title='bbox 920 786 965 843; x_wconf 82' lang='grc' dir='ltr'>δ’</span> <span class='ocrx_word' id='word_1_24' title='bbox 997 787 1228 865; x_wconf 77' lang='grc' dir='ltr'>ἔφθαρτο</span> <span class='ocrx_word' id='word_1_25' title='bbox 1258 788 1548 862; x_wconf 87' lang='grc' dir='ltr'>Ῥωμαίων</span> <span class='ocrx_word' id='word_1_26' title='bbox 1586 788 1789 864; x_wconf 82' lang='grc' dir='ltr'>μάχαις</span> 
     </span>
    </p>
   </div>
   <div class='ocr_carea' id='block_1_6' title="bbox 570 877 1728 954">
    <p class='ocr_par' dir='ltr' id='par_1_6' title="bbox 570 877 1728 954">
     <span class='ocr_line' id='line_1_6' title="bbox 570 877 1728 954; baseline -0.002 -21"><span class='ocrx_word' id='word_1_27' title='bbox 570 877 781 952; x_wconf 87' lang='grc' dir='ltr'>Λοιμός</span> <span class='ocrx_word' id='word_1_28' title='bbox 808 898 867 933; x_wconf 86' lang='grc' dir='ltr'>τε</span> <span class='ocrx_word' id='word_1_29' title='bbox 893 877 1062 951; x_wconf 84' lang='grc' dir='ltr'>λιμὸς</span> <span class='ocrx_word' id='word_1_30' title='bbox 1090 878 1381 954; x_wconf 75' lang='grc' dir='ltr'>κατέτρεχε</span> <span class='ocrx_word' id='word_1_31' title='bbox 1409 880 1504 939; x_wconf 78' lang='grc' dir='ltr'><strong>τὰς</strong></span> <span class='ocrx_word' id='word_1_32' title='bbox 1536 877 1728 939; x_wconf 83' lang='grc' dir='ltr'>πόλεις</span> 
     </span>
    </p>
   </div>
   <div class='ocr_carea' id='block_1_7' title="bbox 567 966 1752 1044">
    <p class='ocr_par' dir='ltr' id='par_1_7' title="bbox 567 966 1752 1044">
     <span class='ocr_line' id='line_1_7' title="bbox 567 966 1752 1044; baseline -0.003 -20"><span class='ocrx_word' id='word_1_33' title='bbox 567 967 826 1043; x_wconf 84' lang='grc' dir='ltr'>Ἀμετρία</span> <span class='ocrx_word' id='word_1_34' title='bbox 856 966 1061 1042; x_wconf 87' lang='grc' dir='ltr'>κρύους</span> <span class='ocrx_word' id='word_1_35' title='bbox 1088 988 1147 1022; x_wconf 88' lang='grc' dir='ltr'>τε</span> <span class='ocrx_word' id='word_1_36' title='bbox 1175 968 1265 1021; x_wconf 83' lang='grc' dir='ltr'>καὶ</span> <span class='ocrx_word' id='word_1_37' title='bbox 1299 970 1511 1036; x_wconf 80' lang='grc' dir='ltr'>κτηνῶν</span> <span class='ocrx_word' id='word_1_38' title='bbox 1546 967 1752 1044; x_wconf 81' lang='grc' dir='ltr'>φθίσις,</span> 
     </span>
    </p>
   </div>
   <div class='ocr_carea' id='block_1_8' title="bbox 565 1054 1478 1132">
    <p class='ocr_par' dir='ltr' id='par_1_8' title="bbox 565 1054 1478 1132">
     <span class='ocr_line' id='line_1_8' title="bbox 565 1054 1478 1132; baseline 0.002 -21"><span class='ocrx_word' id='word_1_39' title='bbox 565 1059 715 1112; x_wconf 78' lang='grc' dir='ltr'>Κακά</span> <span class='ocrx_word' id='word_1_40' title='bbox 746 1054 1019 1132; x_wconf 78' lang='grc' dir='ltr'>διωλύγια</span> <span class='ocrx_word' id='word_1_41' title='bbox 1047 1057 1278 1112; x_wconf 79' lang='grc' dir='ltr'>ποικίλα</span> <span class='ocrx_word' id='word_1_42' title='bbox 1306 1059 1478 1127; x_wconf 84' lang='grc' dir='ltr'>πάθη.</span> 
     </span>
    </p>
   </div>
   <div class='ocr_carea' id='block_1_9' title="bbox 563 1140 1737 1222">
    <p class='ocr_par' dir='ltr' id='par_1_9' title="bbox 563 1140 1737 1222">
     <span class='ocr_line' id='line_1_9' title="bbox 563 1140 1737 1222; baseline 0.001 -23"><span class='ocrx_word' id='word_1_43' title='bbox 563 1147 632 1201; x_wconf 87' lang='grc' dir='ltr'><strong>Τὸ</strong></span> <span class='ocrx_word' id='word_1_44' title='bbox 662 1147 782 1200; x_wconf 88' lang='grc' dir='ltr'>κατ’</span> <span class='ocrx_word' id='word_1_45' title='bbox 808 1146 1155 1220; x_wconf 77' lang='grc' dir='ltr'>Ἀντιόχειαν</span> <span class='ocrx_word' id='word_1_46' title='bbox 1192 1143 1238 1199; x_wconf 87' lang='grc' dir='ltr'>δ’</span> <span class='ocrx_word' id='word_1_47' title='bbox 1268 1140 1537 1220; x_wconf 76' lang='grc' dir='ltr'>Ἑϐραίων</span> <span class='ocrx_word' id='word_1_48' title='bbox 1568 1144 1737 1222; x_wconf 77' lang='grc' dir='ltr'>φῦλον</span> 
     </span>
    </p>
   </div>
   <div class='ocr_carea' id='block_1_10' title="bbox 384 1234 1825 1309">
    <p class='ocr_par' dir='ltr' id='par_1_10' title="bbox 384 1234 1825 1309">
     <span class='ocr_line' id='line_1_10' title="bbox 384 1234 1825 1309; baseline -0.003 -18"><span class='ocrx_word' id='word_1_49' title='bbox 384 1236 527 1291; x_wconf 88' lang='grc'><strong>1330</strong></span> <span class='ocrx_word' id='word_1_50' title='bbox 567 1236 763 1290; x_wconf 86' lang='grc' dir='ltr'>Στάσιν</span> <span class='ocrx_word' id='word_1_51' title='bbox 795 1238 1007 1289; x_wconf 78' lang='grc' dir='ltr'>κινοῦσι</span> <span class='ocrx_word' id='word_1_52' title='bbox 1039 1235 1130 1288; x_wconf 86' lang='grc' dir='ltr'>καὶ</span> <span class='ocrx_word' id='word_1_53' title='bbox 1165 1235 1349 1309; x_wconf 83' lang='grc' dir='ltr'>μάχην</span> <span class='ocrx_word' id='word_1_54' title='bbox 1385 1234 1825 1307; x_wconf 86' lang='grc' dir='ltr'>Χριστωνύμοις,</span> 
     </span>
    </p>
   </div>
   <div class='ocr_carea' id='block_1_11' title="bbox 566 1319 1860 1400">
    <p class='ocr_par' dir='ltr' id='par_1_11' title="bbox 566 1319 1860 1400">
     <span class='ocr_line' id='line_1_11' title="bbox 566 1319 1860 1400; baseline -0.002 -21"><span class='ocrx_word' id='word_1_55' title='bbox 566 1323 671 1380; x_wconf 84' lang='grc' dir='ltr'>Καὶ</span> <span class='ocrx_word' id='word_1_56' title='bbox 706 1321 875 1399; x_wconf 83' lang='grc' dir='ltr'>δρῶσι</span> <span class='ocrx_word' id='word_1_57' title='bbox 909 1321 1160 1385; x_wconf 81' lang='grc' dir='ltr'>πολλοὺς</span> <span class='ocrx_word' id='word_1_58' title='bbox 1192 1319 1425 1377; x_wconf 74' lang='grc' dir='ltr'>εὐσεϐῶν</span> <span class='ocrx_word' id='word_1_59' title='bbox 1457 1321 1615 1397; x_wconf 83' lang='grc' dir='ltr'>ἔργον</span> <span class='ocrx_word' id='word_1_60' title='bbox 1646 1324 1860 1400; x_wconf 69' lang='grc' dir='ltr'>ξίφους*</span> 
     </span>
    </p>
   </div>
   <div class='ocr_carea' id='block_1_12' title="bbox 564 1411 1655 1484">
    <p class='ocr_par' dir='ltr' id='par_1_12' title="bbox 564 1411 1655 1484">
     <span class='ocr_line' id='line_1_12' title="bbox 564 1411 1655 1484; baseline -0.004 -16"><span class='ocrx_word' id='word_1_61' title='bbox 564 1413 692 1468; x_wconf 83' lang='grc' dir='ltr'>Μεθ’</span> <span class='ocrx_word' id='word_1_62' title='bbox 716 1414 792 1467; x_wconf 86' lang='grc' dir='ltr'>ὧν</span> <span class='ocrx_word' id='word_1_63' title='bbox 822 1412 1169 1468; x_wconf 84' lang='grc' dir='ltr'>Ἀναστάσιον</span> <span class='ocrx_word' id='word_1_64' title='bbox 1202 1411 1371 1476; x_wconf 78' lang='grc' dir='ltr'>αὐτῆς</span> <span class='ocrx_word' id='word_1_65' title='bbox 1394 1412 1655 1484; x_wconf 63' lang='grc' dir='ltr'>ποιμένα,</span> 
     </span>
    </p>
   </div>
   <div class='ocr_carea' id='block_1_13' title="bbox 562 1498 1707 1578">
    <p class='ocr_par' dir='ltr' id='par_1_13' title="bbox 562 1498 1707 1578">
     <span class='ocr_line' id='line_1_13' title="bbox 562 1498 1707 1578; baseline 0.001 -22"><span class='ocrx_word' id='word_1_66' title='bbox 562 1504 662 1556; x_wconf 82' lang='grc' dir='ltr'><strong>Καὶ</strong></span> <span class='ocrx_word' id='word_1_67' title='bbox 693 1501 882 1578; x_wconf 72' lang='grc' dir='ltr'>νεκρὸν</span> <span class='ocrx_word' id='word_1_68' title='bbox 913 1502 1088 1556; x_wconf 78' lang='grc' dir='ltr'>αὐτοῦ</span> <span class='ocrx_word' id='word_1_69' title='bbox 1113 1505 1193 1573; x_wconf 77' lang='grc' dir='ltr'>τῷ</span> <span class='ocrx_word' id='word_1_70' title='bbox 1224 1500 1355 1577; x_wconf 87' lang='grc' dir='ltr'>πυρὶ</span> <span class='ocrx_word' id='word_1_71' title='bbox 1390 1498 1707 1562; x_wconf 86' lang='grc' dir='ltr'>δεδωκότες.</span> 
     </span>
    </p>
   </div>
   <div class='ocr_carea' id='block_1_14' title="bbox 568 1588 1683 1660">
    <p class='ocr_par' dir='ltr' id='par_1_14' title="bbox 568 1588 1683 1660">
     <span class='ocr_line' id='line_1_14' title="bbox 568 1588 1683 1660; baseline -0.004 -13"><span class='ocrx_word' id='word_1_72' title='bbox 568 1590 726 1648; x_wconf 81' lang='grc' dir='ltr'>Οὕτω</span> <span class='ocrx_word' id='word_1_73' title='bbox 757 1594 938 1645; x_wconf 82' lang='grc' dir='ltr'>κακῶν</span> <span class='ocrx_word' id='word_1_74' title='bbox 969 1610 1053 1651; x_wconf 92' lang='grc' dir='ltr'><strong>τις</strong></span> <span class='ocrx_word' id='word_1_75' title='bbox 1086 1588 1230 1652; x_wconf 80' lang='grc' dir='ltr'>ἷλιᾶς</span> <span class='ocrx_word' id='word_1_76' title='bbox 1262 1588 1415 1645; x_wconf 86' lang='grc' dir='ltr'>πάντ’</span> <span class='ocrx_word' id='word_1_77' title='bbox 1447 1588 1683 1660; x_wconf 81' lang='grc' dir='ltr'>ἐκλόνει,</span> 
     </span>
    </p>
   </div>
   <div class='ocr_carea' id='block_1_15' title="bbox 387 1677 1727 1756">
    <p class='ocr_par' dir='ltr' id='par_1_15' title="bbox 387 1677 1727 1756">
     <span class='ocr_line' id='line_1_15' title="bbox 387 1677 1727 1756; baseline -0.003 -20"><span class='ocrx_word' id='word_1_78' title='bbox 387 1680 530 1736; x_wconf 88' lang='grc'><strong>1335</strong></span> <span class='ocrx_word' id='word_1_79' title='bbox 568 1678 669 1736; x_wconf 82' lang='grc' dir='ltr'>Καὶ</span> <span class='ocrx_word' id='word_1_80' title='bbox 700 1680 958 1752; x_wconf 77' lang='grc' dir='ltr'>κυμάτων</span> <span class='ocrx_word' id='word_1_81' title='bbox 990 1677 1239 1754; x_wconf 77' lang='grc' dir='ltr'>σύῤῥοια,</span> <span class='ocrx_word' id='word_1_82' title='bbox 1268 1677 1511 1749; x_wconf 78' lang='grc' dir='ltr'><strong>καθάπαξ</strong></span> <span class='ocrx_word' id='word_1_83' title='bbox 1544 1680 1727 1756; x_wconf 86' lang='grc' dir='ltr'>φάναι,</span> 
     </span>
    </p>
   </div>
   <div class='ocr_carea' id='block_1_16' title="bbox 568 1765 1743 1842">
    <p class='ocr_par' dir='ltr' id='par_1_16' title="bbox 568 1765 1743 1842">
     <span class='ocr_line' id='line_1_16' title="bbox 568 1765 1743 1842; baseline 0.001 -20"><span class='ocrx_word' id='word_1_84' title='bbox 568 1765 789 1841; x_wconf 81' lang='grc' dir='ltr'>Λαῖλάψ</span> <span class='ocrx_word' id='word_1_85' title='bbox 817 1789 876 1823; x_wconf 85' lang='grc' dir='ltr'>τε</span> <span class='ocrx_word' id='word_1_86' title='bbox 907 1765 1057 1837; x_wconf 88' lang='grc' dir='ltr'>δεινή</span> <span class='ocrx_word' id='word_1_87' title='bbox 1090 1768 1179 1822; x_wconf 79' lang='grc' dir='ltr'>καὶ</span> <span class='ocrx_word' id='word_1_88' title='bbox 1209 1769 1455 1842; x_wconf 82' lang='grc' dir='ltr'>καταιγὶς</span> <span class='ocrx_word' id='word_1_89' title='bbox 1483 1769 1571 1822; x_wconf 87' lang='grc' dir='ltr'><strong>καὶ</strong></span> <span class='ocrx_word' id='word_1_90' title='bbox 1606 1767 1743 1838; x_wconf 89' lang='grc' dir='ltr'>ζάλη</span> 
     </span>
    </p>
   </div>
   <div class='ocr_carea' id='block_1_17' title="bbox 565 1854 1646 1932">
    <p class='ocr_par' dir='ltr' id='par_1_17' title="bbox 565 1854 1646 1932">
     <span class='ocr_line' id='line_1_17' title="bbox 565 1854 1646 1932; baseline -0.001 -20"><span class='ocrx_word' id='word_1_91' title='bbox 565 1857 667 1913; x_wconf 87' lang='grc' dir='ltr'>Καὶ</span> <span class='ocrx_word' id='word_1_92' title='bbox 694 1858 961 1932; x_wconf 80' lang='grc' dir='ltr'>τρικυμία</span> <span class='ocrx_word' id='word_1_93' title='bbox 992 1854 1312 1930; x_wconf 81' lang='grc' dir='ltr'>πνευμάτων</span> <span class='ocrx_word' id='word_1_94' title='bbox 1344 1856 1646 1911; x_wconf 85' lang='grc' dir='ltr'>ἀντιπνόων</span> 
     </span>
    </p>
   </div>
   <div class='ocr_carea' id='block_1_18' title="bbox 568 1942 1566 2023">
    <p class='ocr_par' dir='ltr' id='par_1_18' title="bbox 568 1942 1566 2023">
     <span class='ocr_line' id='line_1_18' title="bbox 568 1942 1566 2023; baseline -0.003 -21"><span class='ocrx_word' id='word_1_95' title='bbox 568 1945 941 2023; x_wconf 86' lang='grc' dir='ltr'>Ἐφιλονίκουν</span> <span class='ocrx_word' id='word_1_96' title='bbox 972 1950 1055 2018; x_wconf 84' lang='grc' dir='ltr'>τῷ</span> <span class='ocrx_word' id='word_1_97' title='bbox 1092 1946 1240 2021; x_wconf 80' lang='grc' dir='ltr'><strong>βυθῷ</strong></span> <span class='ocrx_word' id='word_1_98' title='bbox 1271 1942 1566 2000; x_wconf 82' lang='grc' dir='ltr'>καταδύσαι</span> 
     </span>
    </p>
   </div>
   <div class='ocr_carea' id='block_1_19' title="bbox 564 2031 1607 2110">
    <p class='ocr_par' dir='ltr' id='par_1_19' title="bbox 564 2031 1607 2110">
     <span class='ocr_line' id='line_1_19' title="bbox 564 2031 1607 2110; baseline -0.004 -19"><span class='ocrx_word' id='word_1_99' title='bbox 564 2034 881 2110; x_wconf 84' lang='grc' dir='ltr'>Αὐταρχίας</span> <span class='ocrx_word' id='word_1_100' title='bbox 912 2031 1123 2089; x_wconf 80' lang='grc' dir='ltr'>ὁλκάδα</span> <span class='ocrx_word' id='word_1_101' title='bbox 1151 2041 1250 2104; x_wconf 87' lang='grc' dir='ltr'>τῆς</span> <span class='ocrx_word' id='word_1_102' title='bbox 1280 2034 1607 2109; x_wconf 83' lang='grc' dir='ltr'>ἐγκοσμίου,</span> 
     </span>
    </p>
   </div>
   <div class='ocr_carea' id='block_1_20' title="bbox 386 2122 1707 2201">
    <p class='ocr_par' dir='ltr' id='par_1_20' title="bbox 386 2122 1707 2201">
     <span class='ocr_line' id='line_1_20' title="bbox 386 2122 1707 2201; baseline -0.002 -20"><span class='ocrx_word' id='word_1_103' title='bbox 386 2126 528 2181; x_wconf 82' lang='grc'><strong>1340</strong></span> <span class='ocrx_word' id='word_1_104' title='bbox 566 2123 861 2201; x_wconf 82' lang='grc' dir='ltr'>Ναύαρχον</span> <span class='ocrx_word' id='word_1_105' title='bbox 896 2123 997 2180; x_wconf 90' lang='grc' dir='ltr'><strong>οὐκ</strong></span> <span class='ocrx_word' id='word_1_106' title='bbox 1028 2122 1260 2199; x_wconf 79' lang='grc' dir='ltr'>ἔχουσαν</span> <span class='ocrx_word' id='word_1_107' title='bbox 1294 2123 1707 2201; x_wconf 82' lang='grc' dir='ltr'>οἷακοστρόφον.</span> 
     </span>
    </p>
   </div>
   <div class='ocr_carea' id='block_1_21' title="bbox 566 2213 1825 2288">
    <p class='ocr_par' dir='ltr' id='par_1_21' title="bbox 566 2213 1825 2288">
     <span class='ocr_line' id='line_1_21' title="bbox 566 2213 1825 2288; baseline -0.002 -20"><span class='ocrx_word' id='word_1_108' title='bbox 566 2213 725 2272; x_wconf 76' lang='grc' dir='ltr'>Οὕτω</span> <span class='ocrx_word' id='word_1_109' title='bbox 757 2217 940 2277; x_wconf 82' lang='grc' dir='ltr'>κακῶς</span> <span class='ocrx_word' id='word_1_110' title='bbox 968 2214 1280 2288; x_wconf 77' lang='grc' dir='ltr'>πάσχοντος</span> <span class='ocrx_word' id='word_1_111' title='bbox 1310 2214 1564 2270; x_wconf 77' lang='grc' dir='ltr'>Αὐσόνων</span> <span class='ocrx_word' id='word_1_112' title='bbox 1594 2216 1825 2284; x_wconf 82' lang='grc' dir='ltr'>κράτους</span> 
     </span>
    </p>
   </div>
   <div class='ocr_carea' id='block_1_22' title="bbox 570 2301 1695 2380">
    <p class='ocr_par' dir='ltr' id='par_1_22' title="bbox 570 2301 1695 2380">
     <span class='ocr_line' id='line_1_22' title="bbox 570 2301 1695 2380; baseline -0.002 -22"><span class='ocrx_word' id='word_1_113' title='bbox 570 2304 892 2379; x_wconf 88' lang='grc' dir='ltr'>Στρατηγὸς</span> <span class='ocrx_word' id='word_1_114' title='bbox 920 2302 1241 2377; x_wconf 76' lang='grc' dir='ltr'>Ἡράκλειος</span> <span class='ocrx_word' id='word_1_115' title='bbox 1275 2304 1540 2380; x_wconf 80' lang='grc' dir='ltr'>Ἀφρικῆς</span> <span class='ocrx_word' id='word_1_116' title='bbox 1571 2301 1695 2357; x_wconf 87' lang='grc' dir='ltr'>τότε</span> 
     </span>
    </p>
   </div>
   <div class='ocr_carea' id='block_1_23' title="bbox 571 2388 1711 2467">
    <p class='ocr_par' dir='ltr' id='par_1_23' title="bbox 571 2388 1711 2467">
     <span class='ocr_line' id='line_1_23' title="bbox 571 2388 1711 2467; baseline -0.002 -20"><span class='ocrx_word' id='word_1_117' title='bbox 571 2391 766 2464; x_wconf 86' lang='grc' dir='ltr'>Στόλῳ</span> <span class='ocrx_word' id='word_1_118' title='bbox 795 2390 1120 2454; x_wconf 85' lang='grc' dir='ltr'>πεπλευκὼς</span> <span class='ocrx_word' id='word_1_119' title='bbox 1154 2391 1229 2455; x_wconf 82' lang='grc' dir='ltr'><strong>εἶς</strong></span> <span class='ocrx_word' id='word_1_120' title='bbox 1262 2389 1517 2467; x_wconf 78' lang='grc' dir='ltr'>βασιλίδα</span> <span class='ocrx_word' id='word_1_121' title='bbox 1546 2388 1711 2446; x_wconf 85' lang='grc' dir='ltr'>πόλιν</span> 
     </span>
    </p>
   </div>
   <div class='ocr_carea' id='block_1_24' title="bbox 568 2478 1929 2555">
    <p class='ocr_par' dir='ltr' id='par_1_24' title="bbox 568 2478 1929 2555">
     <span class='ocr_line' id='line_1_24' title="bbox 568 2478 1929 2555; baseline -0.003 -17"><span class='ocrx_word' id='word_1_122' title='bbox 568 2483 808 2552; x_wconf 76' lang='grc' dir='ltr'>’Ήττησε</span> <span class='ocrx_word' id='word_1_123' title='bbox 839 2486 1038 2536; x_wconf 87' lang='grc' dir='ltr'><strong>Φωκᾶν</strong></span> <span class='ocrx_word' id='word_1_124' title='bbox 1069 2480 1410 2554; x_wconf 70' lang='grc' dir='ltr'>συμπλακεὶς</span> <span class='ocrx_word' id='word_1_125' title='bbox 1441 2478 1572 2553; x_wconf 80' lang='grc' dir='ltr'>τῷδ’</span> <span class='ocrx_word' id='word_1_126' title='bbox 1606 2480 1684 2542; x_wconf 73' lang='grc' dir='ltr'><strong>εἷς</strong></span> <span class='ocrx_word' id='word_1_127' title='bbox 1718 2481 1929 2555; x_wconf 80' lang='grc' dir='ltr'>μάχην,</span> 
     </span>
    </p>
   </div>
   <div class='ocr_carea' id='block_1_25' title="bbox 390 2564 1886 2646">
    <p class='ocr_par' dir='ltr' id='par_1_25' title="bbox 390 2564 1886 2646">
     <span class='ocr_line' id='line_1_25' title="bbox 390 2564 1886 2646; baseline -0.002 -18"><span class='ocrx_word' id='word_1_128' title='bbox 390 2572 534 2628; x_wconf 85' lang='grc'><strong>1345</strong></span> <span class='ocrx_word' id='word_1_129' title='bbox 572 2570 669 2625; x_wconf 82' lang='grc' dir='ltr'>Καὶ</span> <span class='ocrx_word' id='word_1_130' title='bbox 699 2566 858 2626; x_wconf 83' lang='grc' dir='ltr'>τόνδε</span> <span class='ocrx_word' id='word_1_131' title='bbox 886 2571 1097 2632; x_wconf 82' lang='grc' dir='ltr'>κτείνας</span> <span class='ocrx_word' id='word_1_132' title='bbox 1130 2564 1546 2646; x_wconf 77' lang='grc' dir='ltr'>παραλαμϐάνει</span> <span class='ocrx_word' id='word_1_133' title='bbox 1576 2570 1639 2625; x_wconf 87' lang='grc' dir='ltr'>τὸ</span> <span class='ocrx_word' id='word_1_134' title='bbox 1667 2567 1886 2645; x_wconf 84' lang='grc' dir='ltr'>κράτος·</span> 
     </span>
    </p>
   </div>
   <div class='ocr_carea' id='block_1_26' title="bbox 848 2704 1578 2761">
    <p class='ocr_par' dir='ltr' id='par_1_26' title="bbox 848 2704 1578 2761">
     <span class='ocr_line' id='line_1_26' title="bbox 848 2704 1578 2761; baseline 0.004 -3"><span class='ocrx_word' id='word_1_135' title='bbox 848 2704 1258 2761; x_wconf 84' lang='grc' dir='ltr'><strong>ΗΡΑΚΛΕΙΟΣ</strong></span> <span class='ocrx_word' id='word_1_136' title='bbox 1299 2706 1407 2760; x_wconf 89' lang='lat' dir='ltr'><strong>ET.</strong></span> <span class='ocrx_word' id='word_1_137' title='bbox 1451 2704 1578 2761; x_wconf 80' lang='lat' dir='ltr'><strong>AA&#39;.</strong></span> 
     </span>
    </p>
   </div>
   <div class='ocr_carea' id='block_1_27' title="bbox 568 2816 1774 2896">
    <p class='ocr_par' dir='ltr' id='par_1_27' title="bbox 568 2816 1774 2896">
     <span class='ocr_line' id='line_1_27' title="bbox 568 2816 1774 2896; baseline -0.002 -21"><span class='ocrx_word' id='word_1_138' title='bbox 568 2824 735 2875; x_wconf 81' lang='grc' dir='ltr'>Φωκᾶ</span> <span class='ocrx_word' id='word_1_139' title='bbox 771 2821 1088 2896; x_wconf 74' lang='grc' dir='ltr'>φθαρέντος,</span> <span class='ocrx_word' id='word_1_140' title='bbox 1124 2820 1199 2883; x_wconf 83' lang='grc' dir='ltr'>ὡς</span> <span class='ocrx_word' id='word_1_141' title='bbox 1230 2817 1389 2895; x_wconf 71' lang='grc' dir='ltr'>ἔφην,</span> <span class='ocrx_word' id='word_1_142' title='bbox 1423 2816 1774 2895; x_wconf 80' lang='grc' dir='ltr'>αὐτοκράτωρ</span> 
     </span>
    </p>
   </div>
   <div class='ocr_carea' id='block_1_28' title="bbox 566 2907 1625 2984">
    <p class='ocr_par' dir='ltr' id='par_1_28' title="bbox 566 2907 1625 2984">
     <span class='ocr_line' id='line_1_28' title="bbox 566 2907 1625 2984; baseline -0.003 -19"><span class='ocrx_word' id='word_1_143' title='bbox 566 2908 889 2984; x_wconf 81' lang='grc' dir='ltr'>Ἡράκλειος</span> <span class='ocrx_word' id='word_1_144' title='bbox 912 2910 1153 2984; x_wconf 75' lang='grc' dir='ltr'><strong>πέφηνεν</strong></span> <span class='ocrx_word' id='word_1_145' title='bbox 1186 2907 1436 2983; x_wconf 79' lang='grc' dir='ltr'>ἀριστεὺς</span> <span class='ocrx_word' id='word_1_146' title='bbox 1462 2907 1625 2983; x_wconf 72' lang='grc' dir='ltr'>μέγας</span> 
     </span>
    </p>
   </div>
   <div class='ocr_carea' id='block_1_29' title="bbox 566 2992 1805 3072">
    <p class='ocr_par' dir='ltr' id='par_1_29' title="bbox 566 2992 1805 3072">
     <span class='ocr_line' id='line_1_29' title="bbox 566 2992 1805 3072; baseline -0.002 -18"><span class='ocrx_word' id='word_1_147' title='bbox 566 2997 777 3062; x_wconf 73' lang='grc' dir='ltr'>’Ἄλλος</span> <span class='ocrx_word' id='word_1_148' title='bbox 804 3019 889 3061; x_wconf 90' lang='grc' dir='ltr'><strong>τις</strong></span> <span class='ocrx_word' id='word_1_149' title='bbox 919 2992 1092 3063; x_wconf 78' lang='grc' dir='ltr'>ὅντως</span> <span class='ocrx_word' id='word_1_150' title='bbox 1120 2996 1398 3072; x_wconf 84' lang='grc' dir='ltr'>Ἡρακλῆς</span> <span class='ocrx_word' id='word_1_151' title='bbox 1430 2998 1565 3052; x_wconf 78' lang='grc' dir='ltr'>κατὰ</span> <span class='ocrx_word' id='word_1_152' title='bbox 1596 2995 1805 3069; x_wconf 69' lang='grc' dir='ltr'>σθένος,</span> 
     </span>
    </p>
   </div>
   <div class='ocr_carea' id='block_1_30' title="bbox 570 3085 1629 3164">
    <p class='ocr_par' dir='ltr' id='par_1_30' title="bbox 570 3085 1629 3164">
     <span class='ocr_line' id='line_1_30' title="bbox 570 3085 1629 3164; baseline -0.004 -19"><span class='ocrx_word' id='word_1_153' title='bbox 570 3088 647 3146; x_wconf 84' lang='grc' dir='ltr'><strong>Οὐ</strong></span> <span class='ocrx_word' id='word_1_154' title='bbox 674 3087 879 3164; x_wconf 89' lang='grc' dir='ltr'>θηρίων</span> <span class='ocrx_word' id='word_1_155' title='bbox 910 3094 1015 3163; x_wconf 83' lang='grc' dir='ltr'>γῆν</span> <span class='ocrx_word' id='word_1_156' title='bbox 1048 3086 1379 3162; x_wconf 72' lang='grc' dir='ltr'>ἐκκαθαίρων</span> <span class='ocrx_word' id='word_1_157' title='bbox 1414 3085 1629 3160; x_wconf 86' lang='grc' dir='ltr'>ἀλόγων</span> 
     </span>
    </p>
   </div>
   <div class='ocr_carea' id='block_1_31' title="bbox 392 3172 1745 3253">
    <p class='ocr_par' dir='ltr' id='par_1_31' title="bbox 392 3172 1745 3253">
     <span class='ocr_line' id='line_1_31' title="bbox 392 3172 1745 3253; baseline -0.007 -16"><span class='ocrx_word' id='word_1_158' title='bbox 392 3180 537 3237; x_wconf 85' lang='grc'><strong>1350</strong></span> <span class='ocrx_word' id='word_1_159' title='bbox 576 3174 687 3236; x_wconf 87' lang='grc' dir='ltr'><strong>Οὐδ</strong></span> <span class='ocrx_word' id='word_1_160' title='bbox 720 3175 1037 3253; x_wconf 80' lang='grc' dir='ltr'>Εὐρυσθέως</span> <span class='ocrx_word' id='word_1_161' title='bbox 1069 3180 1404 3252; x_wconf 82' lang='grc' dir='ltr'>προσταγαῖς</span> <span class='ocrx_word' id='word_1_162' title='bbox 1439 3172 1595 3231; x_wconf 80' lang='grc' dir='ltr'>εἷ’κων</span> <span class='ocrx_word' id='word_1_163' title='bbox 1635 3174 1745 3250; x_wconf 81' lang='grc' dir='ltr'>βίᾳ,</span> 
     </span>
    </p>
   </div>
   <div class='ocr_carea' id='block_1_32' title="bbox 572 3263 1689 3340">
    <p class='ocr_par' dir='ltr' id='par_1_32' title="bbox 572 3263 1689 3340">
     <span class='ocr_line' id='line_1_32' title="bbox 572 3263 1689 3340; baseline -0.004 -17"><span class='ocrx_word' id='word_1_164' title='bbox 572 3266 732 3323; x_wconf 81' lang='grc' dir='ltr'>Ἀλλ’</span> <span class='ocrx_word' id='word_1_165' title='bbox 762 3264 1083 3321; x_wconf 75' lang='grc' dir='ltr'>ἀπελαύνων</span> <span class='ocrx_word' id='word_1_166' title='bbox 1109 3263 1385 3321; x_wconf 73' lang='grc' dir='ltr'>ἐκδιώκων</span> <span class='ocrx_word' id='word_1_167' title='bbox 1423 3263 1689 3340; x_wconf 77' lang='grc' dir='ltr'>μακρόθεν</span> 
     </span>
    </p>
   </div>
   <div class='ocr_carea' id='block_1_33' title="bbox 573 3351 1682 3433">
    <p class='ocr_par' dir='ltr' id='par_1_33' title="bbox 573 3351 1682 3433">
     <span class='ocr_line' id='line_1_33' title="bbox 573 3351 1682 3433; baseline -0.004 -22"><span class='ocrx_word' id='word_1_168' title='bbox 573 3355 770 3433; x_wconf 73' lang='grc' dir='ltr'><strong>Πόρῥω</strong></span> <span class='ocrx_word' id='word_1_169' title='bbox 800 3376 858 3410; x_wconf 92' lang='grc' dir='ltr'>τε</span> <span class='ocrx_word' id='word_1_170' title='bbox 881 3356 1051 3420; x_wconf 84' lang='grc' dir='ltr'>τιθεὶς</span> <span class='ocrx_word' id='word_1_171' title='bbox 1073 3361 1175 3431; x_wconf 85' lang='grc' dir='ltr'>γῆς</span> <span class='ocrx_word' id='word_1_172' title='bbox 1207 3354 1346 3424; x_wconf 79' lang='grc' dir='ltr'>ὅλης</span> <span class='ocrx_word' id='word_1_173' title='bbox 1372 3351 1682 3427; x_wconf 75' lang='grc' dir='ltr'>Ῥωμαίδος</span> 
     </span>
    </p>
   </div>
   <div class='ocr_carea' id='block_1_34' title="bbox 575 3442 1706 3519">
    <p class='ocr_par' dir='ltr' id='par_1_34' title="bbox 575 3442 1706 3519">
     <span class='ocr_line' id='line_1_34' title="bbox 575 3442 1706 3519; baseline -0.003 -20"><span class='ocrx_word' id='word_1_174' title='bbox 575 3449 809 3519; x_wconf 70' lang='grc' dir='ltr'>Χριστοῗδ</span> <span class='ocrx_word' id='word_1_175' title='bbox 842 3443 1069 3518; x_wconf 86' lang='grc' dir='ltr'>δυνάμει</span> <span class='ocrx_word' id='word_1_176' title='bbox 1099 3446 1366 3517; x_wconf 69' lang='grc' dir='ltr'>οταυρικῇ</span> <span class='ocrx_word' id='word_1_177' title='bbox 1402 3442 1706 3518; x_wconf 80' lang='grc' dir='ltr'>παντευχίᾳ</span> 
     </span>
    </p>
   </div>
   <div class='ocr_carea' id='block_1_35' title="bbox 573 3530 1750 3609">
    <p class='ocr_par' dir='ltr' id='par_1_35' title="bbox 573 3530 1750 3609">
     <span class='ocr_line' id='line_1_35' title="bbox 573 3530 1750 3609; baseline -0.003 -20"><span class='ocrx_word' id='word_1_178' title='bbox 573 3539 661 3595; x_wconf 82' lang='grc' dir='ltr'><strong>Ὡς</strong></span> <span class='ocrx_word' id='word_1_179' title='bbox 693 3535 861 3608; x_wconf 83' lang='grc' dir='ltr'>θῆρας</span> <span class='ocrx_word' id='word_1_180' title='bbox 892 3530 1101 3597; x_wconf 75' lang='grc' dir='ltr'>ἄλλους</span> <span class='ocrx_word' id='word_1_181' title='bbox 1128 3533 1350 3609; x_wconf 83' lang='grc' dir='ltr'>ἀγρίους</span> <span class='ocrx_word' id='word_1_182' title='bbox 1382 3531 1750 3609; x_wconf 82' lang='grc' dir='ltr'>φιλαιμάτους</span> 
     </span>
    </p>
   </div>
   <div class='ocr_carea' id='block_1_36' title="bbox 401 3619 1883 3698">
    <p class='ocr_par' dir='ltr' id='par_1_36' title="bbox 401 3619 1883 3698">
     <span class='ocr_line' id='line_1_36' title="bbox 401 3619 1883 3698; baseline -0.003 -19"><span class='ocrx_word' id='word_1_183' title='bbox 401 3625 547 3681; x_wconf 89' lang='grc'><strong>1355</strong></span> <span class='ocrx_word' id='word_1_184' title='bbox 585 3624 656 3679; x_wconf 87' lang='grc' dir='ltr'><strong>Ἦ</strong></span> <span class='ocrx_word' id='word_1_185' title='bbox 686 3621 1064 3697; x_wconf 84' lang='grc' dir='ltr'>παλαμναίους</span> <span class='ocrx_word' id='word_1_186' title='bbox 1096 3621 1186 3677; x_wconf 81' lang='grc' dir='ltr'>καὶ</span> <span class='ocrx_word' id='word_1_187' title='bbox 1221 3623 1436 3698; x_wconf 86' lang='grc' dir='ltr'>θρασεῖς</span> <span class='ocrx_word' id='word_1_188' title='bbox 1466 3620 1626 3683; x_wconf 79' lang='grc' dir='ltr'>κύνας</span> <span class='ocrx_word' id='word_1_189' title='bbox 1660 3619 1883 3690; x_wconf 79' lang='grc' dir='ltr'>λύκους,</span> 
     </span>
    </p>
   </div>
   <div class='ocr_carea' id='block_1_37' title="bbox 584 3709 1786 3787">
    <p class='ocr_par' dir='ltr' id='par_1_37' title="bbox 584 3709 1786 3787">
     <span class='ocr_line' id='line_1_37' title="bbox 584 3709 1786 3787; baseline -0.004 -19"><span class='ocrx_word' id='word_1_190' title='bbox 584 3713 793 3787; x_wconf 84' lang='grc' dir='ltr'>Ηέρσας</span> <span class='ocrx_word' id='word_1_191' title='bbox 822 3709 1057 3774; x_wconf 82' lang='grc' dir='ltr'>ἀναιδεῖς</span> <span class='ocrx_word' id='word_1_192' title='bbox 1095 3710 1366 3787; x_wconf 78' lang='grc' dir='ltr'>ἁρπαγαῖς</span> <span class='ocrx_word' id='word_1_193' title='bbox 1389 3730 1563 3785; x_wconf 81' lang='grc' dir='ltr'>κεχρη</span> <span class='ocrx_word' id='word_1_194' title='bbox 1575 3709 1786 3783; x_wconf 70' lang='grc' dir='ltr'>μένους.</span> 
     </span>
    </p>
   </div>
   <div class='ocr_carea' id='block_1_38' title="bbox 584 3796 1815 3877">
    <p class='ocr_par' dir='ltr' id='par_1_38' title="bbox 584 3796 1815 3877">
     <span class='ocr_line' id='line_1_38' title="bbox 584 3796 1815 3877; baseline -0.006 -19"><span class='ocrx_word' id='word_1_195' title='bbox 584 3801 683 3863; x_wconf 74' lang='grc' dir='ltr'><strong>’Ὀς</strong></span> <span class='ocrx_word' id='word_1_196' title='bbox 713 3800 786 3855; x_wconf 86' lang='grc' dir='ltr'>ὣν</span> <span class='ocrx_word' id='word_1_197' title='bbox 820 3801 1120 3877; x_wconf 87' lang='grc' dir='ltr'>στρατηγὸς</span> <span class='ocrx_word' id='word_1_198' title='bbox 1164 3799 1574 3876; x_wconf 82' lang='grc' dir='ltr'>καρτερόψυχος</span> <span class='ocrx_word' id='word_1_199' title='bbox 1612 3796 1815 3874; x_wconf 83' lang='grc' dir='ltr'>μάχαις</span> 
     </span>
    </p>
   </div>
   <div class='ocr_carea' id='block_1_39' title="bbox 585 3890 1713 3965">
    <p class='ocr_par' dir='ltr' id='par_1_39' title="bbox 585 3890 1713 3965">
     <span class='ocr_line' id='line_1_39' title="bbox 585 3890 1713 3965; baseline -0.002 -21"><span class='ocrx_word' id='word_1_200' title='bbox 585 3890 684 3945; x_wconf 82' lang='grc' dir='ltr'>Καὶ</span> <span class='ocrx_word' id='word_1_201' title='bbox 718 3890 1043 3961; x_wconf 82' lang='grc' dir='ltr'>ζηλοτυπῶν</span> <span class='ocrx_word' id='word_1_202' title='bbox 1072 3890 1316 3965; x_wconf 87' lang='grc' dir='ltr'>πατρίων</span> <span class='ocrx_word' id='word_1_203' title='bbox 1349 3891 1519 3962; x_wconf 91' lang='grc' dir='ltr'>νόμον</span> <span class='ocrx_word' id='word_1_204' title='bbox 1552 3890 1713 3964; x_wconf 87' lang='grc' dir='ltr'>χάριν</span> 
     </span>
    </p>
   </div>
   <div class='ocr_carea' id='block_1_40' title="bbox 585 3980 1819 4059">
    <p class='ocr_par' dir='ltr' id='par_1_40' title="bbox 585 3980 1819 4059">
     <span class='ocr_line' id='line_1_40' title="bbox 585 3980 1819 4059; baseline -0.004 -22"><span class='ocrx_word' id='word_1_205' title='bbox 585 3981 791 4045; x_wconf 77' lang='grc' dir='ltr'>Κλέους</span> <span class='ocrx_word' id='word_1_206' title='bbox 819 4004 877 4039; x_wconf 84' lang='grc' dir='ltr'>τε</span> <span class='ocrx_word' id='word_1_207' title='bbox 901 3987 999 4038; x_wconf 74' lang='grc' dir='ltr'>τοῦ</span> <span class='ocrx_word' id='word_1_208' title='bbox 1023 3982 1147 4059; x_wconf 83' lang='grc' dir='ltr'>πρὶν</span> <span class='ocrx_word' id='word_1_209' title='bbox 1180 3980 1440 4037; x_wconf 77' lang='grc' dir='ltr'>Αὐσόνων</span> <span class='ocrx_word' id='word_1_210' title='bbox 1480 3981 1819 4056; x_wconf 86' lang='grc' dir='ltr'>κραταρχίας</span> 
     </span>
    </p>
   </div>
   <div class='ocr_carea' id='block_1_41' title="bbox 403 4066 1874 4147">
    <p class='ocr_par' dir='ltr' id='par_1_41' title="bbox 403 4066 1874 4147">
     <span class='ocr_line' id='line_1_41' title="bbox 403 4066 1874 4147; baseline -0.005 -17"><span class='ocrx_word' id='word_1_211' title='bbox 403 4075 552 4130; x_wconf 83' lang='grc'><strong>1360</strong></span> <span class='ocrx_word' id='word_1_212' title='bbox 589 4069 844 4135; x_wconf 79' lang='grc' dir='ltr'>Πολλοὺς</span> <span class='ocrx_word' id='word_1_213' title='bbox 876 4070 1110 4134; x_wconf 74' lang='grc' dir='ltr'>ἀνατλὰς</span> <span class='ocrx_word' id='word_1_214' title='bbox 1140 4073 1227 4127; x_wconf 77' lang='grc' dir='ltr'>καὶ</span> <span class='ocrx_word' id='word_1_215' title='bbox 1266 4070 1535 4147; x_wconf 87' lang='grc' dir='ltr'>μεγάλους</span> <span class='ocrx_word' id='word_1_216' title='bbox 1566 4066 1874 4138; x_wconf 78' lang='grc' dir='ltr'>κινδύνους,</span> 
     </span>
    </p>
   </div>
   <div class='ocr_carea' id='block_1_42' title="bbox 591 4156 1720 4238">
    <p class='ocr_par' dir='ltr' id='par_1_42' title="bbox 591 4156 1720 4238">
     <span class='ocr_line' id='line_1_42' title="bbox 591 4156 1720 4238; baseline -0.004 -22"><span class='ocrx_word' id='word_1_217' title='bbox 591 4162 928 4238; x_wconf 86' lang='grc' dir='ltr'>Ὑπερμαχεῖ</span> <span class='ocrx_word' id='word_1_218' title='bbox 959 4160 1234 4217; x_wconf 86' lang='grc' dir='ltr'>κάλλιστα</span> <span class='ocrx_word' id='word_1_219' title='bbox 1259 4159 1548 4233; x_wconf 85' lang='grc' dir='ltr'>Ῥωμαίων</span> <span class='ocrx_word' id='word_1_220' title='bbox 1579 4156 1720 4232; x_wconf 88' lang='grc' dir='ltr'>όρων</span> 
     </span>
    </p>
   </div>
   <div class='ocr_carea' id='block_1_43' title="bbox 590 4244 1696 4327">
    <p class='ocr_par' dir='ltr' id='par_1_43' title="bbox 590 4244 1696 4327">
     <span class='ocr_line' id='line_1_43' title="bbox 590 4244 1696 4327; baseline -0.005 -20"><span class='ocrx_word' id='word_1_221' title='bbox 590 4250 685 4315; x_wconf 75' lang='grc' dir='ltr'><strong>Εἷς</strong></span> <span class='ocrx_word' id='word_1_222' title='bbox 715 4250 948 4313; x_wconf 85' lang='grc' dir='ltr'>πίστεως</span> <span class='ocrx_word' id='word_1_223' title='bbox 978 4251 1228 4306; x_wconf 71' lang='grc' dir='ltr'>σύστασιν</span> <span class='ocrx_word' id='word_1_224' title='bbox 1262 4244 1696 4327; x_wconf 76' lang='grc' dir='ltr'>εὐσεϐυφρόνων,</span> 
     </span>
    </p>
   </div>
   <div class='ocr_carea' id='block_1_44' title="bbox 588 4337 1742 4417">
    <p class='ocr_par' dir='ltr' id='par_1_44' title="bbox 588 4337 1742 4417">
     <span class='ocr_line' id='line_1_44' title="bbox 588 4337 1742 4417; baseline -0.007 -19"><span class='ocrx_word' id='word_1_225' title='bbox 588 4340 686 4402; x_wconf 82' lang='grc' dir='ltr'><strong>Εἰς</strong></span> <span class='ocrx_word' id='word_1_226' title='bbox 717 4340 1013 4417; x_wconf 76' lang='grc' dir='ltr'>ἀντέρεισιν</span> <span class='ocrx_word' id='word_1_227' title='bbox 1044 4341 1252 4415; x_wconf 80' lang='grc' dir='ltr'>εὐαγῶν</span> <span class='ocrx_word' id='word_1_228' title='bbox 1286 4342 1527 4415; x_wconf 77' lang='grc' dir='ltr'>Χριστοῦ</span> <span class='ocrx_word' id='word_1_229' title='bbox 1555 4337 1742 4411; x_wconf 90' lang='grc' dir='ltr'>νόμων</span> 
     </span>
    </p>
   </div>
   <div class='ocr_carea' id='block_1_45' title="bbox 1908 400 2280 455">
    <p class='ocr_par' dir='ltr' id='par_1_45' title="bbox 1908 400 2280 455">
     <span class='ocr_line' id='line_1_45' title="bbox 1908 400 2280 455; baseline -0.005 -1"><span class='ocrx_word' id='word_1_230' title='bbox 1908 400 2280 455; x_wconf 70' lang='lat' dir='ltr'><strong>CAESARES.</strong></span> 
     </span>
    </p>
   </div>
   <div class='ocr_carea' id='block_1_46' title="bbox 2070 508 3339 592">
    <p class='ocr_par' dir='ltr' id='par_1_46' title="bbox 2070 508 3339 592">
     <span class='ocr_line' id='line_1_46' title="bbox 2070 508 3339 592; baseline -0.01 -16"><span class='ocrx_word' id='word_1_231' title='bbox 2070 522 2126 590; x_wconf 80' lang='grc' dir='ltr'><strong>Α</strong></span> <span class='ocrx_word' id='word_1_232' title='bbox 2153 520 2213 577; x_wconf 90' lang='lat' dir='ltr'><strong>in</strong></span> <span class='ocrx_word' id='word_1_233' title='bbox 2248 518 2609 592; x_wconf 83' lang='lat' dir='ltr'><strong>provinciam</strong></span> <span class='ocrx_word' id='word_1_234' title='bbox 2642 515 2933 572; x_wconf 83' lang='lat' dir='ltr'><strong>Persicam</strong></span> <span class='ocrx_word' id='word_1_235' title='bbox 2968 508 3339 582; x_wconf 82' lang='lat' dir='ltr'><strong>redegerunt.</strong></span> 
     </span>
    </p>
   </div>
   <div class='ocr_carea' id='block_1_47' title="bbox 2155 596 3321 665">
    <p class='ocr_par' dir='ltr' id='par_1_47' title="bbox 2155 596 3321 665">
     <span class='ocr_line' id='line_1_47' title="bbox 2155 596 3321 665; baseline -0.014 0"><span class='ocrx_word' id='word_1_236' title='bbox 2155 616 2230 665; x_wconf 84' lang='lat' dir='ltr'><strong>At</strong></span> <span class='ocrx_word' id='word_1_237' title='bbox 2262 610 2320 664; x_wconf 91' lang='lat' dir='ltr'><strong>in</strong></span> <span class='ocrx_word' id='word_1_238' title='bbox 2346 608 2646 664; x_wconf 88' lang='lat' dir='ltr'><strong>occidente</strong></span> <span class='ocrx_word' id='word_1_239' title='bbox 2673 606 2999 659; x_wconf 86' lang='lat' dir='ltr'><strong>Abarorum</strong></span> <span class='ocrx_word' id='word_1_240' title='bbox 3032 596 3321 655; x_wconf 84' lang='lat' dir='ltr'><strong>exercitus</strong></span> 
     </span>
    </p>
   </div>
   <div class='ocr_carea' id='block_1_48' title="bbox 2154 690 3195 768">
    <p class='ocr_par' dir='ltr' id='par_1_48' title="bbox 2154 690 3195 768">
     <span class='ocr_line' id='line_1_48' title="bbox 2154 690 3195 768; baseline -0.012 -14"><span class='ocrx_word' id='word_1_241' title='bbox 2154 703 2341 754; x_wconf 88' lang='lat' dir='ltr'><strong>terras</strong></span> <span class='ocrx_word' id='word_1_242' title='bbox 2368 701 2542 768; x_wconf 89' lang='lat' dir='ltr'><strong>atque</strong></span> <span class='ocrx_word' id='word_1_243' title='bbox 2573 694 2748 750; x_wconf 85' lang='lat' dir='ltr'><strong>urbes</strong></span> <span class='ocrx_word' id='word_1_244' title='bbox 2783 690 3195 765; x_wconf 80' lang='lat' dir='ltr'><strong>populabatur.</strong></span> 
     </span>
    </p>
   </div>
   <div class='ocr_carea' id='block_1_49' title="bbox 2157 776 3281 854">
    <p class='ocr_par' dir='ltr' id='par_1_49' title="bbox 2157 776 3281 854">
     <span class='ocr_line' id='line_1_49' title="bbox 2157 776 3281 854; baseline -0.013 -11"><span class='ocrx_word' id='word_1_245' title='bbox 2157 788 2433 843; x_wconf 56' lang='lat' dir='ltr'><strong>Romanae</strong></span> <span class='ocrx_word' id='word_1_246' title='bbox 2458 784 2609 840; x_wconf 84' lang='lat' dir='ltr'><strong>vires</strong></span> <span class='ocrx_word' id='word_1_247' title='bbox 2642 783 2859 854; x_wconf 76' lang='lat' dir='ltr'><strong>praeliis</strong></span> <span class='ocrx_word' id='word_1_248' title='bbox 2887 783 3027 836; x_wconf 90' lang='lat' dir='ltr'><strong>sunt</strong></span> <span class='ocrx_word' id='word_1_249' title='bbox 3057 776 3281 833; x_wconf 67' lang='lat' dir='ltr'><strong>accisae.</strong></span> 
     </span>
    </p>
   </div>
   <div class='ocr_carea' id='block_1_50' title="bbox 2156 862 3343 939">
    <p class='ocr_par' dir='ltr' id='par_1_50' title="bbox 2156 862 3343 939">
     <span class='ocr_line' id='line_1_50' title="bbox 2156 862 3343 939; baseline -0.011 -7"><span class='ocrx_word' id='word_1_250' title='bbox 2156 877 2328 932; x_wconf 89' lang='lat' dir='ltr'><strong>urbes</strong></span> <span class='ocrx_word' id='word_1_251' title='bbox 2359 874 2567 931; x_wconf 80' lang='lat' dir='ltr'><strong>afﬂixit</strong></span> <span class='ocrx_word' id='word_1_252' title='bbox 2596 872 2781 927; x_wconf 86' lang='lat' dir='ltr'><strong>fames</strong></span> <span class='ocrx_word' id='word_1_253' title='bbox 2812 885 2946 925; x_wconf 92' lang='lat' dir='ltr'><strong>cum</strong></span> <span class='ocrx_word' id='word_1_254' title='bbox 2980 862 3343 939; x_wconf 84' lang='lat' dir='ltr'><strong>pestilentia,-</strong></span> 
     </span>
    </p>
   </div>
   <div class='ocr_carea' id='block_1_51' title="bbox 2153 951 3416 1034">
    <p class='ocr_par' dir='ltr' id='par_1_51' title="bbox 2153 951 3416 1034">
     <span class='ocr_line' id='line_1_51' title="bbox 2153 951 3416 1034; baseline -0.013 -14"><span class='ocrx_word' id='word_1_255' title='bbox 2153 965 2240 1020; x_wconf 91' lang='lat' dir='ltr'><strong>vis</strong></span> <span class='ocrx_word' id='word_1_256' title='bbox 2274 963 2457 1020; x_wconf 89' lang='lat' dir='ltr'><strong>nimia</strong></span> <span class='ocrx_word' id='word_1_257' title='bbox 2486 962 2720 1034; x_wconf 79' lang='lat' dir='ltr'><strong>frigoris</strong></span> <span class='ocrx_word' id='word_1_258' title='bbox 2751 965 2807 1016; x_wconf 90' lang='lat' dir='ltr'><strong>et</strong></span> <span class='ocrx_word' id='word_1_259' title='bbox 2828 961 3235 1029; x_wconf 88' lang='lat' dir='ltr'><strong>jumentorum</strong></span> <span class='ocrx_word' id='word_1_260' title='bbox 3269 951 3416 1016; x_wconf 85' lang='lat' dir='ltr'><strong>lues,</strong></span> 
     </span>
    </p>
   </div>
   <div class='ocr_carea' id='block_1_52' title="bbox 2156 1036 3530 1110">
    <p class='ocr_par' dir='ltr' id='par_1_52' title="bbox 2156 1036 3530 1110">
     <span class='ocr_line' id='line_1_52' title="bbox 2156 1036 3530 1110; baseline -0.013 -1"><span class='ocrx_word' id='word_1_261' title='bbox 2156 1054 2447 1110; x_wconf 89' lang='lat' dir='ltr'><strong>malorum</strong></span> <span class='ocrx_word' id='word_1_262' title='bbox 2480 1051 2691 1107; x_wconf 85' lang='lat' dir='ltr'><strong>cohors</strong></span> <span class='ocrx_word' id='word_1_263' title='bbox 2718 1049 3011 1104; x_wconf 88' lang='lat' dir='ltr'><strong>immensa</strong></span> <span class='ocrx_word' id='word_1_264' title='bbox 3039 1048 3097 1099; x_wconf 90' lang='lat' dir='ltr'><strong>et</strong></span> <span class='ocrx_word' id='word_1_265' title='bbox 3128 1036 3530 1097; x_wconf 84' lang='lat' dir='ltr'><strong>multiformis.</strong></span> 
     </span>
    </p>
   </div>
   <div class='ocr_carea' id='block_1_53' title="bbox 2152 1127 3473 1200">
    <p class='ocr_par' dir='ltr' id='par_1_53' title="bbox 2152 1127 3473 1200">
     <span class='ocr_line' id='line_1_53' title="bbox 2152 1127 3473 1200; baseline -0.014 -1"><span class='ocrx_word' id='word_1_266' title='bbox 2152 1145 2301 1199; x_wconf 90' lang='lat' dir='ltr'><strong>Tum</strong></span> <span class='ocrx_word' id='word_1_267' title='bbox 2334 1142 2511 1198; x_wconf 89' lang='lat' dir='ltr'><strong>etiam</strong></span> <span class='ocrx_word' id='word_1_268' title='bbox 2543 1138 2860 1195; x_wconf 63' lang='lat' dir='ltr'><strong>Antiochiae</strong></span> <span class='ocrx_word' id='word_1_269' title='bbox 2900 1132 3187 1191; x_wconf 86' lang='lat' dir='ltr'><strong>Judaicus</strong></span> <span class='ocrx_word' id='word_1_270' title='bbox 3220 1127 3473 1200; x_wconf 91' lang='lat' dir='ltr'><strong>populus</strong></span> 
     </span>
    </p>
   </div>
   <div class='ocr_carea' id='block_1_54' title="bbox 2156 1216 3364 1302">
    <p class='ocr_par' dir='ltr' id='par_1_54' title="bbox 2156 1216 3364 1302">
     <span class='ocr_line' id='line_1_54' title="bbox 2156 1216 3364 1302; baseline -0.015 -14"><span class='ocrx_word' id='word_1_271' title='bbox 2156 1232 2437 1288; x_wconf 86' lang='lat' dir='ltr'><strong>seditiosa</strong></span> <span class='ocrx_word' id='word_1_272' title='bbox 2469 1245 2668 1302; x_wconf 89' lang='lat' dir='ltr'><strong>pugna</strong></span> <span class='ocrx_word' id='word_1_273' title='bbox 2698 1225 3064 1282; x_wconf 88' lang='lat' dir='ltr'><strong>Christianos</strong></span> <span class='ocrx_word' id='word_1_274' title='bbox 3097 1216 3364 1292; x_wconf 85' lang='lat' dir='ltr'><strong>appetiit,</strong></span> 
     </span>
    </p>
   </div>
   <div class='ocr_carea' id='block_1_55' title="bbox 2157 1302 3584 1392">
    <p class='ocr_par' dir='ltr' id='par_1_55' title="bbox 2157 1302 3584 1392">
     <span class='ocr_line' id='line_1_55' title="bbox 2157 1302 3584 1392; baseline -0.014 -16"><span class='ocrx_word' id='word_1_275' title='bbox 2157 1319 2596 1392; x_wconf 87' lang='lat' dir='ltr'><strong>permultasque</strong></span> <span class='ocrx_word' id='word_1_276' title='bbox 2627 1316 2858 1389; x_wconf 89' lang='lat' dir='ltr'><strong>piorum</strong></span> <span class='ocrx_word' id='word_1_277' title='bbox 2889 1312 3042 1367; x_wconf 81' lang='lat' dir='ltr'><strong>vitas</strong></span> <span class='ocrx_word' id='word_1_278' title='bbox 3071 1307 3262 1381; x_wconf 91' lang='lat' dir='ltr'><strong>gladio</strong></span> <span class='ocrx_word' id='word_1_279' title='bbox 3297 1302 3584 1370; x_wconf 86' lang='lat' dir='ltr'><strong>messuit;</strong></span> 
     </span>
    </p>
   </div>
   <div class='ocr_carea' id='block_1_56' title="bbox 2156 1398 3300 1479">
    <p class='ocr_par' dir='ltr' id='par_1_56' title="bbox 2156 1398 3300 1479">
     <span class='ocr_line' id='line_1_56' title="bbox 2156 1398 3300 1479; baseline -0.011 -16"><span class='ocrx_word' id='word_1_280' title='bbox 2156 1409 2215 1464; x_wconf 90' lang='lat' dir='ltr'><strong>in</strong></span> <span class='ocrx_word' id='word_1_281' title='bbox 2248 1409 2342 1464; x_wconf 86' lang='lat' dir='ltr'><strong>his</strong></span> <span class='ocrx_word' id='word_1_282' title='bbox 2374 1410 2667 1479; x_wconf 82' lang='lat' dir='ltr'><strong>pastorem</strong></span> <span class='ocrx_word' id='word_1_283' title='bbox 2700 1403 2866 1460; x_wconf 84' lang='lat' dir='ltr'><strong>urbis</strong></span> <span class='ocrx_word' id='word_1_284' title='bbox 2896 1398 3300 1465; x_wconf 84' lang='lat' dir='ltr'><strong>Anastasium,</strong></span> 
     </span>
    </p>
   </div>
   <div class='ocr_carea' id='block_1_57' title="bbox 2156 1486 3251 1569">
    <p class='ocr_par' dir='ltr' id='par_1_57' title="bbox 2156 1486 3251 1569">
     <span class='ocr_line' id='line_1_57' title="bbox 2156 1486 3251 1569; baseline -0.015 -14"><span class='ocrx_word' id='word_1_285' title='bbox 2156 1499 2327 1569; x_wconf 85' lang='lat' dir='ltr'><strong>cujus</strong></span> <span class='ocrx_word' id='word_1_286' title='bbox 2358 1497 2535 1552; x_wconf 88' lang='lat' dir='ltr'><strong>etiam</strong></span> <span class='ocrx_word' id='word_1_287' title='bbox 2567 1495 2810 1551; x_wconf 84' lang='lat' dir='ltr'><strong>cadaver</strong></span> <span class='ocrx_word' id='word_1_288' title='bbox 2840 1490 2962 1563; x_wconf 85' lang='lat' dir='ltr'><strong>igni</strong></span> <span class='ocrx_word' id='word_1_289' title='bbox 2993 1486 3251 1544; x_wconf 86' lang='lat' dir='ltr'><strong>tradidit.</strong></span> 
     </span>
    </p>
   </div>
   <div class='ocr_carea' id='block_1_58' title="bbox 2156 1573 3323 1652">
    <p class='ocr_par' dir='ltr' id='par_1_58' title="bbox 2156 1573 3323 1652">
     <span class='ocr_line' id='line_1_58' title="bbox 2156 1573 3323 1652; baseline -0.015 -9"><span class='ocrx_word' id='word_1_290' title='bbox 2156 1586 2249 1643; x_wconf 90' lang='lat' dir='ltr'><strong>Sic</strong></span> <span class='ocrx_word' id='word_1_291' title='bbox 2283 1586 2574 1641; x_wconf 90' lang='lat' dir='ltr'><strong>malorum</strong></span> <span class='ocrx_word' id='word_1_292' title='bbox 2608 1583 2738 1638; x_wconf 89' lang='lat' dir='ltr'><strong>ilias</strong></span> <span class='ocrx_word' id='word_1_293' title='bbox 2771 1580 3076 1652; x_wconf 83' lang='lat' dir='ltr'><strong>quatiebat</strong></span> <span class='ocrx_word' id='word_1_294' title='bbox 3106 1573 3323 1637; x_wconf 86' lang='lat' dir='ltr'><strong>omnia,</strong></span> 
     </span>
    </p>
   </div>
   <div class='ocr_carea' id='block_1_59' title="bbox 2158 1662 3578 1748">
    <p class='ocr_par' dir='ltr' id='par_1_59' title="bbox 2158 1662 3578 1748">
     <span class='ocr_line' id='line_1_59' title="bbox 2158 1662 3578 1748; baseline -0.013 -17"><span class='ocrx_word' id='word_1_295' title='bbox 2158 1692 2398 1748; x_wconf 87' lang='lat' dir='ltr'><strong>prorsus</strong></span> <span class='ocrx_word' id='word_1_296' title='bbox 2429 1672 2607 1730; x_wconf 90' lang='lat' dir='ltr'><strong>veluti</strong></span> <span class='ocrx_word' id='word_1_297' title='bbox 2638 1671 2879 1745; x_wconf 90' lang='lat' dir='ltr'><strong>quidam</strong></span> <span class='ocrx_word' id='word_1_298' title='bbox 2913 1681 3237 1725; x_wconf 87' lang='lat' dir='ltr'><strong>concursus</strong></span> <span class='ocrx_word' id='word_1_299' title='bbox 3270 1662 3578 1726; x_wconf 83' lang='lat' dir='ltr'><strong>ﬂuctuum,</strong></span> 
     </span>
    </p>
   </div>
   <div class='ocr_carea' id='block_1_60' title="bbox 2156 1754 3204 1836">
    <p class='ocr_par' dir='ltr' id='par_1_60' title="bbox 2156 1754 3204 1836">
     <span class='ocr_line' id='line_1_60' title="bbox 2156 1754 3204 1836; baseline -0.012 -15"><span class='ocrx_word' id='word_1_300' title='bbox 2156 1766 2354 1834; x_wconf 89' lang='lat' dir='ltr'><strong>turbo,</strong></span> <span class='ocrx_word' id='word_1_301' title='bbox 2389 1762 2664 1836; x_wconf 87' lang='lat' dir='ltr'><strong>procella,</strong></span> <span class='ocrx_word' id='word_1_302' title='bbox 2698 1759 2881 1815; x_wconf 87' lang='lat' dir='ltr'><strong>maris</strong></span> <span class='ocrx_word' id='word_1_303' title='bbox 2913 1754 3204 1820; x_wconf 71' lang='lat' dir='ltr'><strong>aastuatio,</strong></span> 
     </span>
    </p>
   </div>
   <div class='ocr_carea' id='block_1_61' title="bbox 2156 1841 3508 1928">
    <p class='ocr_par' dir='ltr' id='par_1_61' title="bbox 2156 1841 3508 1928">
     <span class='ocr_line' id='line_1_61' title="bbox 2156 1841 3508 1928; baseline -0.013 -18"><span class='ocrx_word' id='word_1_304' title='bbox 2156 1855 2351 1928; x_wconf 86' lang='lat' dir='ltr'><strong>gravis</strong></span> <span class='ocrx_word' id='word_1_305' title='bbox 2382 1855 2702 1925; x_wconf 87' lang='lat' dir='ltr'><strong>tempestas</strong></span> <span class='ocrx_word' id='word_1_306' title='bbox 2733 1854 2980 1905; x_wconf 90' lang='lat' dir='ltr'><strong>natuum</strong></span> <span class='ocrx_word' id='word_1_307' title='bbox 3013 1841 3508 1907; x_wconf 84' lang='lat' dir='ltr'><strong>adversariorum,</strong></span> 
     </span>
    </p>
   </div>
   <div class='ocr_carea' id='block_1_62' title="bbox 2159 1940 3080 2013">
    <p class='ocr_par' dir='ltr' id='par_1_62' title="bbox 2159 1940 3080 2013">
     <span class='ocr_line' id='line_1_62' title="bbox 2159 1940 3080 2013; baseline -0.011 -14"><span class='ocrx_word' id='word_1_308' title='bbox 2159 1943 2466 1999; x_wconf 84' lang='lat' dir='ltr'><strong>certabant</strong></span> <span class='ocrx_word' id='word_1_309' title='bbox 2494 1940 2786 2013; x_wconf 76' lang='lat' dir='ltr'><strong>profundo</strong></span> <span class='ocrx_word' id='word_1_310' title='bbox 2819 1951 3080 2005; x_wconf 82' lang='lat' dir='ltr'><strong>mergere</strong></span> 
     </span>
    </p>
   </div>
   <div class='ocr_carea' id='block_1_63' title="bbox 2156 2026 3048 2103">
    <p class='ocr_par' dir='ltr' id='par_1_63' title="bbox 2156 2026 3048 2103">
     <span class='ocr_line' id='line_1_63' title="bbox 2156 2026 3048 2103; baseline -0.011 -15"><span class='ocrx_word' id='word_1_311' title='bbox 2156 2031 2443 2088; x_wconf 89' lang='lat' dir='ltr'><strong>mundani</strong></span> <span class='ocrx_word' id='word_1_312' title='bbox 2474 2029 2705 2103; x_wconf 90' lang='lat' dir='ltr'><strong>imperii</strong></span> <span class='ocrx_word' id='word_1_313' title='bbox 2747 2026 3048 2098; x_wconf 88' lang='lat' dir='ltr'><strong>navigium</strong></span> 
     </span>
    </p>
   </div>
   <div class='ocr_carea' id='block_1_64' title="bbox 2156 2107 3501 2187">
    <p class='ocr_par' dir='ltr' id='par_1_64' title="bbox 2156 2107 3501 2187">
     <span class='ocr_line' id='line_1_64' title="bbox 2156 2107 3501 2187; baseline -0.013 -9"><span class='ocrx_word' id='word_1_314' title='bbox 2156 2120 2448 2178; x_wconf 88' lang='lat' dir='ltr'><strong>navarcho</strong></span> <span class='ocrx_word' id='word_1_315' title='bbox 2478 2119 2828 2174; x_wconf 83' lang='lat' dir='ltr'><strong>destitutum</strong></span> <span class='ocrx_word' id='word_1_316' title='bbox 2860 2114 2963 2187; x_wconf 87' lang='lat' dir='ltr'><strong>qui</strong></span> <span class='ocrx_word' id='word_1_317' title='bbox 2995 2112 3225 2168; x_wconf 90' lang='lat' dir='ltr'><strong>clavum</strong></span> <span class='ocrx_word' id='word_1_318' title='bbox 3258 2107 3501 2179; x_wconf 88' lang='lat' dir='ltr'><strong>regeret.</strong></span> 
     </span>
    </p>
   </div>
   <div class='ocr_carea' id='block_1_65' title="bbox 2156 2204 3235 2269">
    <p class='ocr_par' dir='ltr' id='par_1_65' title="bbox 2156 2204 3235 2269">
     <span class='ocr_line' id='line_1_65' title="bbox 2156 2204 3235 2269; baseline -0.013 -1"><span class='ocrx_word' id='word_1_319' title='bbox 2156 2213 2303 2269; x_wconf 86' lang='lat' dir='ltr'><strong>Cum</strong></span> <span class='ocrx_word' id='word_1_320' title='bbox 2344 2227 2437 2266; x_wconf 90' lang='lat' dir='ltr'><strong>res</strong></span> <span class='ocrx_word' id='word_1_321' title='bbox 2468 2210 2743 2265; x_wconf 81' lang='lat' dir='ltr'><strong>Romanas</strong></span> <span class='ocrx_word' id='word_1_322' title='bbox 2772 2206 2854 2261; x_wconf 84' lang='lat' dir='ltr'><strong>ita</strong></span> <span class='ocrx_word' id='word_1_323' title='bbox 2883 2204 3235 2266; x_wconf 79' lang='lat' dir='ltr'><strong>laborarent,</strong></span> 
     </span>
    </p>
   </div>
   <div class='ocr_carea' id='block_1_66' title="bbox 2156 2288 3328 2372">
    <p class='ocr_par' dir='ltr' id='par_1_66' title="bbox 2156 2288 3328 2372">
     <span class='ocr_line' id='line_1_66' title="bbox 2156 2288 3328 2372; baseline -0.013 -15"><span class='ocrx_word' id='word_1_324' title='bbox 2156 2302 2361 2357; x_wconf 70' lang='lat' dir='ltr'><strong>Africae</strong></span> <span class='ocrx_word' id='word_1_325' title='bbox 2393 2316 2495 2372; x_wconf 88' lang='lat' dir='ltr'><strong>per</strong></span> <span class='ocrx_word' id='word_1_326' title='bbox 2520 2299 2579 2354; x_wconf 92' lang='lat' dir='ltr'><strong>id</strong></span> <span class='ocrx_word' id='word_1_327' title='bbox 2609 2303 2843 2369; x_wconf 88' lang='lat' dir='ltr'><strong>tempus</strong></span> <span class='ocrx_word' id='word_1_328' title='bbox 2875 2296 2994 2351; x_wconf 80' lang='lat' dir='ltr'><strong>dux</strong></span> <span class='ocrx_word' id='word_1_329' title='bbox 3025 2288 3328 2347; x_wconf 89' lang='lat' dir='ltr'><strong>Heraclius</strong></span> 
     </span>
    </p>
   </div>
   <div class='ocr_carea' id='block_1_67' title="bbox 2157 2370 3685 2456">
    <p class='ocr_par' dir='ltr' id='par_1_67' title="bbox 2157 2370 3685 2456">
     <span class='ocr_line' id='line_1_67' title="bbox 2157 2370 3685 2456; baseline -0.014 -11"><span class='ocrx_word' id='word_1_330' title='bbox 2157 2370 2443 2445; x_wconf 81' lang='lat' dir='ltr'><strong>armatam</strong></span> <span class='ocrx_word' id='word_1_331' title='bbox 2476 2389 2723 2444; x_wconf 88' lang='lat' dir='ltr'><strong>classem</strong></span> <span class='ocrx_word' id='word_1_332' title='bbox 2757 2382 3060 2456; x_wconf 88' lang='lat' dir='ltr'><strong>appellens</strong></span> <span class='ocrx_word' id='word_1_333' title='bbox 3092 2381 3164 2436; x_wconf 91' lang='lat' dir='ltr'><strong>ad</strong></span> <span class='ocrx_word' id='word_1_334' title='bbox 3200 2378 3405 2433; x_wconf 88' lang='lat' dir='ltr'><strong>urbem</strong></span> <span class='ocrx_word' id='word_1_335' title='bbox 3436 2370 3685 2444; x_wconf 81' lang='lat' dir='ltr'><strong>regiam,</strong></span> 
     </span>
    </p>
   </div>
   <div class='ocr_carea' id='block_1_68' title="bbox 2158 2466 3321 2545">
    <p class='ocr_par' dir='ltr' id='par_1_68' title="bbox 2158 2466 3321 2545">
     <span class='ocr_line' id='line_1_68' title="bbox 2158 2466 3321 2545; baseline -0.013 -10"><span class='ocrx_word' id='word_1_336' title='bbox 2158 2480 2412 2535; x_wconf 89' lang='lat' dir='ltr'><strong>Phocam</strong></span> <span class='ocrx_word' id='word_1_337' title='bbox 2445 2482 2715 2533; x_wconf 88' lang='lat' dir='ltr'><strong>conserto</strong></span> <span class='ocrx_word' id='word_1_338' title='bbox 2744 2473 2942 2545; x_wconf 56' lang='lat' dir='ltr'><strong>prcelio</strong></span> <span class='ocrx_word' id='word_1_339' title='bbox 2973 2466 3321 2533; x_wconf 85' lang='lat' dir='ltr'><strong>debellavit;</strong></span> 
     </span>
    </p>
   </div>
   <div class='ocr_carea' id='block_1_69' title="bbox 2159 2553 3384 2639">
    <p class='ocr_par' dir='ltr' id='par_1_69' title="bbox 2159 2553 3384 2639">
     <span class='ocr_line' id='line_1_69' title="bbox 2159 2553 3384 2639; baseline -0.014 -15"><span class='ocrx_word' id='word_1_340' title='bbox 2159 2585 2275 2639; x_wconf 91' lang='lat' dir='ltr'><strong>quo</strong></span> <span class='ocrx_word' id='word_1_341' title='bbox 2306 2566 2521 2636; x_wconf 90' lang='lat' dir='ltr'><strong>occiso,</strong></span> <span class='ocrx_word' id='word_1_342' title='bbox 2556 2565 2670 2620; x_wconf 89' lang='lat' dir='ltr'><strong>sibi</strong></span> <span class='ocrx_word' id='word_1_343' title='bbox 2702 2562 3017 2634; x_wconf 88' lang='lat' dir='ltr'><strong>imperium</strong></span> <span class='ocrx_word' id='word_1_344' title='bbox 3051 2553 3384 2613; x_wconf 84' lang='lat' dir='ltr'><strong>vindicavit.</strong></span> 
     </span>
    </p>
   </div>
   <div class='ocr_carea' id='block_1_70' title="bbox 2576 2688 3369 2753">
    <p class='ocr_par' dir='ltr' id='par_1_70' title="bbox 2576 2688 3369 2753">
     <span class='ocr_line' id='line_1_70' title="bbox 2576 2688 3369 2753; baseline -0.016 1"><span class='ocrx_word' id='word_1_345' title='bbox 2576 2695 2980 2753; x_wconf 81' lang='lat' dir='ltr'><strong>HERACLIUS</strong></span> <span class='ocrx_word' id='word_1_346' title='bbox 3022 2691 3131 2747; x_wconf 84' lang='lat' dir='ltr'><strong>AN.</strong></span> <span class='ocrx_word' id='word_1_347' title='bbox 3173 2688 3369 2744; x_wconf 84' lang='lat' dir='ltr'>XXXI.</span> 
     </span>
    </p>
   </div>
   <div class='ocr_carea' id='block_1_71' title="bbox 2160 2809 3256 2880">
    <p class='ocr_par' dir='ltr' id='par_1_71' title="bbox 2160 2809 3256 2880">
     <span class='ocr_line' id='line_1_71' title="bbox 2160 2809 3256 2880; baseline -0.017 -2"><span class='ocrx_word' id='word_1_348' title='bbox 2160 2819 2348 2879; x_wconf 87' lang='lat' dir='ltr'><strong>Phoca</strong></span> <span class='ocrx_word' id='word_1_349' title='bbox 2386 2814 2638 2880; x_wconf 89' lang='lat' dir='ltr'><strong>sublato,</strong></span> <span class='ocrx_word' id='word_1_350' title='bbox 2672 2815 2731 2868; x_wconf 90' lang='lat' dir='ltr'><strong>ut</strong></span> <span class='ocrx_word' id='word_1_351' title='bbox 2762 2810 2903 2880; x_wconf 84' lang='lat' dir='ltr'><strong>dixi,</strong></span> <span class='ocrx_word' id='word_1_352' title='bbox 2935 2809 3256 2879; x_wconf 87' lang='lat' dir='ltr'><strong>imperator</strong></span> 
     </span>
    </p>
   </div>
   <div class='ocr_carea' id='block_1_72' title="bbox 2160 2896 3225 2982">
    <p class='ocr_par' dir='ltr' id='par_1_72' title="bbox 2160 2896 3225 2982">
     <span class='ocr_line' id='line_1_72' title="bbox 2160 2896 3225 2982; baseline -0.015 -18"><span class='ocrx_word' id='word_1_353' title='bbox 2160 2906 2445 2982; x_wconf 88' lang='lat' dir='ltr'><strong>processit</strong></span> <span class='ocrx_word' id='word_1_354' title='bbox 2475 2901 2778 2960; x_wconf 89' lang='lat' dir='ltr'><strong>Heraclius</strong></span> <span class='ocrx_word' id='word_1_355' title='bbox 2810 2900 3020 2970; x_wconf 88' lang='lat' dir='ltr'><strong>ingens</strong></span> <span class='ocrx_word' id='word_1_356' title='bbox 3051 2896 3225 2950; x_wconf 89' lang='lat' dir='ltr'><strong>heros</strong></span> 
     </span>
    </p>
   </div>
   <div class='ocr_carea' id='block_1_73' title="bbox 2162 2983 3345 3068">
    <p class='ocr_par' dir='ltr' id='par_1_73' title="bbox 2162 2983 3345 3068">
     <span class='ocr_line' id='line_1_73' title="bbox 2162 2983 3345 3068; baseline -0.017 -13"><span class='ocrx_word' id='word_1_357' title='bbox 2162 3000 2309 3056; x_wconf 89' lang='lat' dir='ltr'><strong>alter</strong></span> <span class='ocrx_word' id='word_1_358' title='bbox 2340 3010 2544 3068; x_wconf 87' lang='lat' dir='ltr'><strong>reapse</strong></span> <span class='ocrx_word' id='word_1_359' title='bbox 2573 2990 2852 3049; x_wconf 88' lang='lat' dir='ltr'><strong>Hercules</strong></span> <span class='ocrx_word' id='word_1_360' title='bbox 2884 2990 3119 3059; x_wconf 88' lang='lat' dir='ltr'><strong>propter</strong></span> <span class='ocrx_word' id='word_1_361' title='bbox 3147 2983 3298 3039; x_wconf 88' lang='lat' dir='ltr'><strong>vires</strong></span> <span class='ocrx_word' id='word_1_362' title='bbox 3331 2996 3345 3035; x_wconf 86' lang='lat'><strong>:</strong></span> 
     </span>
    </p>
   </div>
   <div class='ocr_carea' id='block_1_74' title="bbox 2162 3068 3453 3151">
    <p class='ocr_par' dir='ltr' id='par_1_74' title="bbox 2162 3068 3453 3151">
     <span class='ocr_line' id='line_1_74' title="bbox 2162 3068 3453 3151; baseline -0.017 -7"><span class='ocrx_word' id='word_1_363' title='bbox 2162 3105 2268 3144; x_wconf 89' lang='lat' dir='ltr'><strong>nec</strong></span> <span class='ocrx_word' id='word_1_364' title='bbox 2299 3102 2433 3142; x_wconf 91' lang='lat' dir='ltr'><strong>vero</strong></span> <span class='ocrx_word' id='word_1_365' title='bbox 2462 3090 2677 3139; x_wconf 88' lang='lat' dir='ltr'><strong>terram</strong></span> <span class='ocrx_word' id='word_1_366' title='bbox 2709 3093 2970 3151; x_wconf 86' lang='lat' dir='ltr'><strong>purgans</strong></span> <span class='ocrx_word' id='word_1_367' title='bbox 3005 3073 3192 3130; x_wconf 85' lang='lat' dir='ltr'><strong>brutis</strong></span> <span class='ocrx_word' id='word_1_368' title='bbox 3220 3068 3453 3137; x_wconf 91' lang='lat' dir='ltr'><strong>belluis,</strong></span> 
     </span>
    </p>
   </div>
   <div class='ocr_carea' id='block_1_75' title="bbox 2162 3156 3547 3248">
    <p class='ocr_par' dir='ltr' id='par_1_75' title="bbox 2162 3156 3547 3248">
     <span class='ocr_line' id='line_1_75' title="bbox 2162 3156 3547 3248; baseline -0.017 -14"><span class='ocrx_word' id='word_1_369' title='bbox 2162 3191 2351 3248; x_wconf 88' lang='lat' dir='ltr'><strong>neque</strong></span> <span class='ocrx_word' id='word_1_370' title='bbox 2372 3169 2684 3245; x_wconf 78' lang='lat' dir='ltr'><strong>Eurysthei</strong></span> <span class='ocrx_word' id='word_1_371' title='bbox 2719 3168 3002 3223; x_wconf 84' lang='lat' dir='ltr'><strong>mandata</strong></span> <span class='ocrx_word' id='word_1_372' title='bbox 3034 3165 3272 3219; x_wconf 88' lang='lat' dir='ltr'><strong>coactus</strong></span> <span class='ocrx_word' id='word_1_373' title='bbox 3306 3156 3547 3224; x_wconf 82' lang='lat' dir='ltr'><strong>faciens,</strong></span> 
     </span>
    </p>
   </div>
   <div class='ocr_carea' id='block_1_76' title="bbox 2076 3254 3581 3332">
    <p class='ocr_par' dir='ltr' id='par_1_76' title="bbox 2076 3254 3581 3332">
     <span class='ocr_line' id='line_1_76' title="bbox 2076 3254 3581 3332; baseline -0.017 -8"><span class='ocrx_word' id='word_1_374' title='bbox 2076 3262 2120 3331; x_wconf 85' lang='lat' dir='ltr'><strong>C.</strong></span> <span class='ocrx_word' id='word_1_375' title='bbox 2159 3281 2362 3322; x_wconf 89' lang='lat' dir='ltr'><strong>verum</strong></span> <span class='ocrx_word' id='word_1_376' title='bbox 2402 3259 2701 3332; x_wconf 84' lang='lat' dir='ltr'><strong>expellens</strong></span> <span class='ocrx_word' id='word_1_377' title='bbox 2731 3254 3189 3328; x_wconf 90' lang='lat' dir='ltr'><strong>longissimeque</strong></span> <span class='ocrx_word' id='word_1_378' title='bbox 3222 3261 3581 3322; x_wconf 86' lang='lat' dir='ltr'><strong>persequens</strong></span> 
     </span>
    </p>
   </div>
   <div class='ocr_carea' id='block_1_77' title="bbox 2167 3340 3463 3421">
    <p class='ocr_par' dir='ltr' id='par_1_77' title="bbox 2167 3340 3463 3421">
     <span class='ocr_line' id='line_1_77' title="bbox 2167 3340 3463 3421; baseline -0.016 -10"><span class='ocrx_word' id='word_1_379' title='bbox 2167 3352 2565 3421; x_wconf 87' lang='lat' dir='ltr'><strong>Romanisque</strong></span> <span class='ocrx_word' id='word_1_380' title='bbox 2594 3346 2811 3402; x_wconf 86' lang='lat' dir='ltr'><strong>ﬁnibus</strong></span> <span class='ocrx_word' id='word_1_381' title='bbox 2844 3342 3047 3417; x_wconf 88' lang='lat' dir='ltr'><strong>procul</strong></span> <span class='ocrx_word' id='word_1_382' title='bbox 3088 3340 3463 3402; x_wconf 88' lang='lat' dir='ltr'><strong>submovens,</strong></span> 
     </span>
    </p>
   </div>
   <div class='ocr_carea' id='block_1_78' title="bbox 2170 3427 3302 3505">
    <p class='ocr_par' dir='ltr' id='par_1_78' title="bbox 2170 3427 3302 3505">
     <span class='ocr_line' id='line_1_78' title="bbox 2170 3427 3302 3505; baseline -0.015 -5"><span class='ocrx_word' id='word_1_383' title='bbox 2170 3441 2386 3500; x_wconf 86' lang='lat' dir='ltr'><strong>Christi</strong></span> <span class='ocrx_word' id='word_1_384' title='bbox 2416 3440 2630 3496; x_wconf 89' lang='lat' dir='ltr'><strong>virtute</strong></span> <span class='ocrx_word' id='word_1_385' title='bbox 2662 3435 2970 3505; x_wconf 88' lang='lat' dir='ltr'><strong>crucisque</strong></span> <span class='ocrx_word' id='word_1_386' title='bbox 3003 3427 3302 3504; x_wconf 88' lang='lat' dir='ltr'><strong>panoplia.</strong></span> 
     </span>
    </p>
   </div>
   <div class='ocr_carea' id='block_1_79' title="bbox 2172 3518 3247 3594">
    <p class='ocr_par' dir='ltr' id='par_1_79' title="bbox 2172 3518 3247 3594">
     <span class='ocr_line' id='line_1_79' title="bbox 2172 3518 3247 3594; baseline -0.017 -5"><span class='ocrx_word' id='word_1_387' title='bbox 2172 3534 2323 3589; x_wconf 87' lang='lat' dir='ltr'><strong>feras</strong></span> <span class='ocrx_word' id='word_1_388' title='bbox 2355 3530 2503 3587; x_wconf 89' lang='lat' dir='ltr'><strong>alias</strong></span> <span class='ocrx_word' id='word_1_389' title='bbox 2532 3544 2715 3584; x_wconf 75' lang='lat' dir='ltr'><strong>saevas</strong></span> <span class='ocrx_word' id='word_1_390' title='bbox 2745 3529 2802 3581; x_wconf 89' lang='lat' dir='ltr'><strong>et</strong></span> <span class='ocrx_word' id='word_1_391' title='bbox 2833 3518 3247 3594; x_wconf 78' lang='lat' dir='ltr'><strong>sanguinarias</strong></span> 
     </span>
    </p>
   </div>
   <div class='ocr_carea' id='block_1_80' title="bbox 2174 3606 3357 3693">
    <p class='ocr_par' dir='ltr' id='par_1_80' title="bbox 2174 3606 3357 3693">
     <span class='ocr_line' id='line_1_80' title="bbox 2174 3606 3357 3693; baseline -0.016 -15"><span class='ocrx_word' id='word_1_392' title='bbox 2174 3623 2452 3693; x_wconf 87' lang='lat' dir='ltr'><strong>dirosque</strong></span> <span class='ocrx_word' id='word_1_393' title='bbox 2485 3617 2655 3689; x_wconf 90' lang='lat' dir='ltr'><strong>lupos</strong></span> <span class='ocrx_word' id='word_1_394' title='bbox 2687 3620 2862 3687; x_wconf 88' lang='lat' dir='ltr'><strong>atque</strong></span> <span class='ocrx_word' id='word_1_395' title='bbox 2893 3627 3067 3668; x_wconf 91' lang='lat' dir='ltr'><strong>canes</strong></span> <span class='ocrx_word' id='word_1_396' title='bbox 3098 3606 3357 3675; x_wconf 90' lang='lat' dir='ltr'><strong>rabidos,</strong></span> 
     </span>
    </p>
   </div>
   <div class='ocr_carea' id='block_1_81' title="bbox 2174 3698 3462 3783">
    <p class='ocr_par' dir='ltr' id='par_1_81' title="bbox 2174 3698 3462 3783">
     <span class='ocr_line' id='line_1_81' title="bbox 2174 3698 3462 3783; baseline -0.016 -17"><span class='ocrx_word' id='word_1_397' title='bbox 2174 3709 2509 3783; x_wconf 91' lang='lat' dir='ltr'><strong>impudicos</strong></span> <span class='ocrx_word' id='word_1_398' title='bbox 2544 3722 2752 3777; x_wconf 89' lang='lat' dir='ltr'><strong>nempe</strong></span> <span class='ocrx_word' id='word_1_399' title='bbox 2784 3704 2989 3758; x_wconf 87' lang='lat' dir='ltr'><strong>Persas</strong></span> <span class='ocrx_word' id='word_1_400' title='bbox 3021 3716 3086 3755; x_wconf 88' lang='lat' dir='ltr'><strong>ac</strong></span> <span class='ocrx_word' id='word_1_401' title='bbox 3112 3698 3462 3767; x_wconf 87' lang='lat' dir='ltr'><strong>direptores.</strong></span> 
     </span>
    </p>
   </div>
   <div class='ocr_carea' id='block_1_82' title="bbox 2175 3788 3431 3863">
    <p class='ocr_par' dir='ltr' id='par_1_82' title="bbox 2175 3788 3431 3863">
     <span class='ocr_line' id='line_1_82' title="bbox 2175 3788 3431 3863; baseline -0.017 -6"><span class='ocrx_word' id='word_1_402' title='bbox 2175 3802 2279 3857; x_wconf 87' lang='lat' dir='ltr'><strong>Hic</strong></span> <span class='ocrx_word' id='word_1_403' title='bbox 2310 3814 2444 3856; x_wconf 90' lang='lat' dir='ltr'><strong>cum</strong></span> <span class='ocrx_word' id='word_1_404' title='bbox 2475 3798 2595 3851; x_wconf 84' lang='lat' dir='ltr'><strong>dux</strong></span> <span class='ocrx_word' id='word_1_405' title='bbox 2624 3798 2779 3851; x_wconf 89' lang='lat' dir='ltr'><strong>esset</strong></span> <span class='ocrx_word' id='word_1_406' title='bbox 2808 3793 2868 3846; x_wconf 92' lang='lat' dir='ltr'><strong>in</strong></span> <span class='ocrx_word' id='word_1_407' title='bbox 2902 3788 3117 3863; x_wconf 83' lang='lat' dir='ltr'><strong>praeliis</strong></span> <span class='ocrx_word' id='word_1_408' title='bbox 3152 3790 3431 3841; x_wconf 89' lang='lat' dir='ltr'><strong>strenuus</strong></span> 
     </span>
    </p>
   </div>
   <div class='ocr_carea' id='block_1_83' title="bbox 2176 3877 3357 3960">
    <p class='ocr_par' dir='ltr' id='par_1_83' title="bbox 2176 3877 3357 3960">
     <span class='ocr_line' id='line_1_83' title="bbox 2176 3877 3357 3960; baseline -0.015 -14"><span class='ocrx_word' id='word_1_409' title='bbox 2176 3895 2233 3946; x_wconf 91' lang='lat' dir='ltr'><strong>et</strong></span> <span class='ocrx_word' id='word_1_410' title='bbox 2263 3888 2586 3960; x_wconf 81' lang='lat' dir='ltr'><strong>patriarum</strong></span> <span class='ocrx_word' id='word_1_411' title='bbox 2616 3884 2817 3954; x_wconf 86' lang='lat' dir='ltr'><strong>legum</strong></span> <span class='ocrx_word' id='word_1_412' title='bbox 2850 3894 3048 3936; x_wconf 87' lang='lat' dir='ltr'><strong>amore</strong></span> <span class='ocrx_word' id='word_1_413' title='bbox 3078 3877 3357 3947; x_wconf 85' lang='lat' dir='ltr'><strong>ﬂagrans,</strong></span> 
     </span>
    </p>
   </div>
   <div class='ocr_carea' id='block_1_84' title="bbox 2177 3962 3408 4043">
    <p class='ocr_par' dir='ltr' id='par_1_84' title="bbox 2177 3962 3408 4043">
     <span class='ocr_line' id='line_1_84' title="bbox 2177 3962 3408 4043; baseline -0.016 -9"><span class='ocrx_word' id='word_1_414' title='bbox 2177 3980 2320 4034; x_wconf 90' lang='lat' dir='ltr'><strong>dum</strong></span> <span class='ocrx_word' id='word_1_415' title='bbox 2349 3982 2603 4031; x_wconf 86' lang='lat' dir='ltr'><strong>veterem</strong></span> <span class='ocrx_word' id='word_1_416' title='bbox 2637 3971 2867 4043; x_wconf 90' lang='lat' dir='ltr'><strong>imperii</strong></span> <span class='ocrx_word' id='word_1_417' title='bbox 2899 3969 3144 4043; x_wconf 88' lang='lat' dir='ltr'><strong>gloriam</strong></span> <span class='ocrx_word' id='word_1_418' title='bbox 3177 3962 3408 4019; x_wconf 89' lang='lat' dir='ltr'><strong>revocat</strong></span> 
     </span>
    </p>
   </div>
   <div class='ocr_carea' id='block_1_85' title="bbox 2179 4047 3509 4136">
    <p class='ocr_par' dir='ltr' id='par_1_85' title="bbox 2179 4047 3509 4136">
     <span class='ocr_line' id='line_1_85' title="bbox 2179 4047 3509 4136; baseline -0.018 -12"><span class='ocrx_word' id='word_1_419' title='bbox 2179 4065 2383 4123; x_wconf 88' lang='lat' dir='ltr'><strong>multis</strong></span> <span class='ocrx_word' id='word_1_420' title='bbox 2416 4062 2767 4136; x_wconf 85' lang='lat' dir='ltr'><strong>magnisque</strong></span> <span class='ocrx_word' id='word_1_421' title='bbox 2798 4057 3090 4129; x_wconf 87' lang='lat' dir='ltr'><strong>implicuit</strong></span> <span class='ocrx_word' id='word_1_422' title='bbox 3118 4070 3179 4111; x_wconf 86' lang='lat' dir='ltr'><strong>se</strong></span> <span class='ocrx_word' id='word_1_423' title='bbox 3210 4047 3509 4125; x_wconf 87' lang='lat' dir='ltr'><strong>periculis.</strong></span> 
     </span>
    </p>
   </div>
   <div class='ocr_carea' id='block_1_86' title="bbox 2182 4145 3370 4218">
    <p class='ocr_par' dir='ltr' id='par_1_86' title="bbox 2182 4145 3370 4218">
     <span class='ocr_line' id='line_1_86' title="bbox 2182 4145 3370 4218; baseline -0.017 -6"><span class='ocrx_word' id='word_1_424' title='bbox 2182 4158 2330 4212; x_wconf 85' lang='lat' dir='ltr'><strong>ﬁnes</strong></span> <span class='ocrx_word' id='word_1_425' title='bbox 2358 4151 2601 4209; x_wconf 82' lang='lat' dir='ltr'><strong>Romani</strong></span> <span class='ocrx_word' id='word_1_426' title='bbox 2637 4148 2796 4205; x_wconf 89' lang='lat' dir='ltr'><strong>orbis</strong></span> <span class='ocrx_word' id='word_1_427' title='bbox 2829 4145 3081 4218; x_wconf 84' lang='lat' dir='ltr'><strong>protexit</strong></span> <span class='ocrx_word' id='word_1_428' title='bbox 3110 4147 3370 4203; x_wconf 83' lang='lat' dir='ltr'><strong>strenue,</strong></span> 
     </span>
    </p>
   </div>
   <div class='ocr_carea' id='block_1_87' title="bbox 2182 4227 3369 4309">
    <p class='ocr_par' dir='ltr' id='par_1_87' title="bbox 2182 4227 3369 4309">
     <span class='ocr_line' id='line_1_87' title="bbox 2182 4227 3369 4309; baseline -0.017 -8"><span class='ocrx_word' id='word_1_429' title='bbox 2182 4243 2639 4301; x_wconf 86' lang='lat' dir='ltr'><strong>orthodoxorum</strong></span> <span class='ocrx_word' id='word_1_430' title='bbox 2673 4239 2952 4309; x_wconf 85' lang='lat' dir='ltr'><strong>dogmata</strong></span> <span class='ocrx_word' id='word_1_431' title='bbox 2980 4227 3369 4294; x_wconf 86' lang='lat' dir='ltr'><strong>conﬁrmavit,</strong></span> 
     </span>
    </p>
   </div>
   <div class='ocr_carea' id='block_1_88' title="bbox 2187 4316 3460 4406">
    <p class='ocr_par' dir='ltr' id='par_1_88' title="bbox 2187 4316 3460 4406">
     <span class='ocr_line' id='line_1_88' title="bbox 2187 4316 3460 4406; baseline -0.016 -15"><span class='ocrx_word' id='word_1_432' title='bbox 2187 4351 2290 4406; x_wconf 89' lang='lat' dir='ltr'><strong>pro</strong></span> <span class='ocrx_word' id='word_1_433' title='bbox 2322 4332 2544 4389; x_wconf 89' lang='lat' dir='ltr'><strong>sanctis</strong></span> <span class='ocrx_word' id='word_1_434' title='bbox 2565 4328 2779 4386; x_wconf 88' lang='lat' dir='ltr'><strong>Christi</strong></span> <span class='ocrx_word' id='word_1_435' title='bbox 2809 4325 3039 4398; x_wconf 91' lang='lat' dir='ltr'><strong>legibus</strong></span> <span class='ocrx_word' id='word_1_436' title='bbox 3070 4337 3235 4377; x_wconf 90' lang='lat' dir='ltr'><strong>arma</strong></span> <span class='ocrx_word' id='word_1_437' title='bbox 3263 4316 3460 4383; x_wconf 89' lang='lat' dir='ltr'><strong>movit,</strong></span> 
     </span>
    </p>
   </div>
   <div class='ocr_carea' id='block_1_89' title="bbox 395 4456 3619 4572">
    <p class='ocr_par' dir='ltr' id='par_1_89' title="bbox 395 4456 3619 4572">
     <span class='ocr_line' id='line_1_89' title="bbox 395 4456 3619 4572; baseline -0.009 -9"><span class='ocrx_word' id='word_1_438' title='bbox 395 4523 579 4563; x_wconf 89' lang='lat' dir='ltr'><strong>mano</strong></span> <span class='ocrx_word' id='word_1_439' title='bbox 613 4505 735 4562; x_wconf 78' lang='lat' dir='ltr'><strong>foro</strong></span> <span class='ocrx_word' id='word_1_440' title='bbox 766 4504 1003 4561; x_wconf 85' lang='lat' dir='ltr'><strong>detectae</strong></span> <span class='ocrx_word' id='word_1_441' title='bbox 1036 4504 1148 4561; x_wconf 90' lang='lat' dir='ltr'><strong>sub</strong></span> <span class='ocrx_word' id='word_1_442' title='bbox 1179 4503 1457 4561; x_wconf 91' lang='lat' dir='ltr'><strong>columna</strong></span> <span class='ocrx_word' id='word_1_443' title='bbox 1488 4500 1696 4559; x_wconf 89' lang='lat' dir='ltr'><strong>honori</strong></span> <span class='ocrx_word' id='word_1_444' title='bbox 1727 4500 1855 4572; x_wconf 89' lang='lat' dir='ltr'><strong>ejus</strong></span> <span class='ocrx_word' id='word_1_445' title='bbox 1886 4496 2188 4571; x_wconf 90' lang='lat' dir='ltr'><strong>regnantis</strong></span> <span class='ocrx_word' id='word_1_446' title='bbox 2214 4496 2285 4552; x_wconf 90' lang='lat' dir='ltr'><strong>ab</strong></span> <span class='ocrx_word' id='word_1_447' title='bbox 2318 4495 2682 4552; x_wconf 87' lang='lat' dir='ltr'><strong>assentatore</strong></span> <span class='ocrx_word' id='word_1_448' title='bbox 2713 4489 2929 4559; x_wconf 87' lang='lat' dir='ltr'><strong>dicata,</strong></span> <span class='ocrx_word' id='word_1_449' title='bbox 2956 4501 3080 4558; x_wconf 71' lang='lat' dir='ltr'><strong>quae</strong></span> <span class='ocrx_word' id='word_1_450' title='bbox 3111 4456 3200 4541; x_wconf 84' lang='lat' dir='ltr'><strong>est</strong></span> <span class='ocrx_word' id='word_1_451' title='bbox 3228 4475 3572 4551; x_wconf 90' lang='lat' dir='ltr'><strong>hujusmodi</strong></span> <span class='ocrx_word' id='word_1_452' title='bbox 3606 4492 3619 4533; x_wconf 90' lang='lat'><strong>:</strong></span> 
     </span>
    </p>
   </div>
   <div class='ocr_carea' id='block_1_90' title="bbox 1480 4652 2775 4730">
    <p class='ocr_par' dir='ltr' id='par_1_90' title="bbox 1480 4652 2775 4730">
     <span class='ocr_line' id='line_1_90' title="bbox 1480 4652 2775 4730; baseline -0.012 -11"><span class='ocrx_word' id='word_1_453' title='bbox 1480 4668 1509 4730; x_wconf 68' lang='lat' dir='ltr'><strong>’r</strong></span> <span class='ocrx_word' id='word_1_454' title='bbox 1545 4661 1782 4719; x_wconf 73' lang='lat' dir='ltr'><strong>op&#39;rIMO</strong></span> <span class='ocrx_word' id='word_1_455' title='bbox 1822 4657 2241 4725; x_wconf 87' lang='lat' dir='ltr'><strong>CLEMENTIS,</strong></span> <span class='ocrx_word' id='word_1_456' title='bbox 2275 4652 2775 4730; x_wconf 75' lang='lat' dir='ltr'><strong>F‘ELICISSIMOQVE</strong></span> 
     </span>
    </p>
   </div>
   <div class='ocr_carea' id='block_1_91' title="bbox 1457 4726 2789 4789">
    <p class='ocr_par' dir='ltr' id='par_1_91' title="bbox 1457 4726 2789 4789">
     <span class='ocr_line' id='line_1_91' title="bbox 1457 4726 2789 4789; baseline -0.008 -1"><span class='ocrx_word' id='word_1_457' title='bbox 1457 4726 1769 4789; x_wconf 84' lang='lat' dir='ltr'><strong>PRINCIPI</strong></span> <span class='ocrx_word' id='word_1_458' title='bbox 1807 4730 2084 4787; x_wconf 93' lang='lat' dir='ltr'><strong>DOMlNO</strong></span> <span class='ocrx_word' id='word_1_459' title='bbox 2125 4746 2181 4784; x_wconf 83' lang='lat' dir='ltr'><strong>N.</strong></span> <span class='ocrx_word' id='word_1_460' title='bbox 2224 4745 2399 4784; x_wconf 82' lang='lat' dir='ltr'><strong>FOCAE</strong></span> <span class='ocrx_word' id='word_1_461' title='bbox 2436 4726 2789 4782; x_wconf 76' lang='lat' dir='ltr'><strong>IMPERATORI</strong></span> 
     </span>
    </p>
   </div>
   <div class='ocr_carea' id='block_1_92' title="bbox 1327 4793 2927 4861">
    <p class='ocr_par' dir='ltr' id='par_1_92' title="bbox 1327 4793 2927 4861">
     <span class='ocr_line' id='line_1_92' title="bbox 1327 4793 2927 4861; baseline -0.009 0"><span class='ocrx_word' id='word_1_462' title='bbox 1327 4804 1691 4861; x_wconf 78' lang='lat' dir='ltr'><strong>PEBPETVO</strong></span> <span class='ocrx_word' id='word_1_463' title='bbox 1728 4806 1773 4859; x_wconf 86' lang='lat' dir='ltr'><strong>A</strong></span> <span class='ocrx_word' id='word_1_464' title='bbox 1814 4803 1908 4857; x_wconf 93' lang='lat' dir='ltr'><strong>D0</strong></span> <span class='ocrx_word' id='word_1_465' title='bbox 1948 4802 2333 4857; x_wconf 81' lang='lat' dir='ltr'><strong>CORONATO</strong></span> <span class='ocrx_word' id='word_1_466' title='bbox 2372 4793 2927 4854; x_wconf 84' lang='lat' dir='ltr'><strong>TRIVMPHATORI</strong></span> 
     </span>
    </p>
   </div>
   <div class='ocr_carea' id='block_1_93' title="bbox 1796 4870 2443 4931">
    <p class='ocr_par' dir='ltr' id='par_1_93' title="bbox 1796 4870 2443 4931">
     <span class='ocr_line' id='line_1_93' title="bbox 1796 4870 2443 4931; baseline -0.008 0"><span class='ocrx_word' id='word_1_467' title='bbox 1796 4874 2085 4931; x_wconf 83' lang='lat' dir='ltr'><strong>SEMPER</strong></span> <span class='ocrx_word' id='word_1_468' title='bbox 2122 4873 2213 4928; x_wconf 87' lang='lat' dir='ltr'><strong>AU</strong></span> <span class='ocrx_word' id='word_1_469' title='bbox 2223 4870 2443 4927; x_wconf 88' lang='lat' dir='ltr'><strong>GVSTO</strong></span> 
     </span>
    </p>
   </div>
   <div class='ocr_carea' id='block_1_94' title="bbox 1361 4936 2887 5006">
    <p class='ocr_par' dir='ltr' id='par_1_94' title="bbox 1361 4936 2887 5006">
     <span class='ocr_line' id='line_1_94' title="bbox 1361 4936 2887 5006; baseline -0.01 0"><span class='ocrx_word' id='word_1_470' title='bbox 1361 4945 1799 5006; x_wconf 83' lang='lat' dir='ltr'><strong>SMARAGDVS</strong></span> <span class='ocrx_word' id='word_1_471' title='bbox 1842 4945 1930 5001; x_wconf 89' lang='lat' dir='ltr'><strong>EX</strong></span> <span class='ocrx_word' id='word_1_472' title='bbox 1975 4944 2315 5001; x_wconf 80' lang='lat' dir='ltr'><strong>PRAEPOS.</strong></span> <span class='ocrx_word' id='word_1_473' title='bbox 2358 4940 2563 4997; x_wconf 82' lang='lat' dir='ltr'><strong>SACRI</strong></span> <span class='ocrx_word' id='word_1_474' title='bbox 2594 4936 2887 4994; x_wconf 81' lang='lat' dir='ltr'><strong>PALATII</strong></span> 
     </span>
    </p>
   </div>
   <div class='ocr_carea' id='block_1_95' title="bbox 1436 5010 2811 5076">
    <p class='ocr_par' dir='ltr' id='par_1_95' title="bbox 1436 5010 2811 5076">
     <span class='ocr_line' id='line_1_95' title="bbox 1436 5010 2811 5076; baseline -0.01 0"><span class='ocrx_word' id='word_1_475' title='bbox 1436 5021 1527 5076; x_wconf 83' lang='lat' dir='ltr'><strong>AC</strong></span> <span class='ocrx_word' id='word_1_476' title='bbox 1567 5017 1942 5075; x_wconf 82' lang='lat' dir='ltr'><strong>PATRICIVS</strong></span> <span class='ocrx_word' id='word_1_477' title='bbox 1983 5017 2073 5072; x_wconf 90' lang='lat' dir='ltr'><strong>ET</strong></span> <span class='ocrx_word' id='word_1_478' title='bbox 2110 5013 2477 5072; x_wconf 78' lang='lat' dir='ltr'><strong>EXAHCHVS</strong></span> <span class='ocrx_word' id='word_1_479' title='bbox 2520 5010 2811 5067; x_wconf 86' lang='lat' dir='ltr'><strong>ITALIAE</strong></span> 
     </span>
    </p>
   </div>
   <div class='ocr_carea' id='block_1_96' title="bbox 1608 5084 2643 5145">
    <p class='ocr_par' dir='ltr' id='par_1_96' title="bbox 1608 5084 2643 5145">
     <span class='ocr_line' id='line_1_96' title="bbox 1608 5084 2643 5145; baseline -0.009 0"><span class='ocrx_word' id='word_1_480' title='bbox 1608 5089 1938 5145; x_wconf 87' lang='lat' dir='ltr'><strong>DEVOTVS</strong></span> <span class='ocrx_word' id='word_1_481' title='bbox 1980 5088 2144 5143; x_wconf 85' lang='lat' dir='ltr'><strong>EIVS</strong></span> <span class='ocrx_word' id='word_1_482' title='bbox 2188 5084 2643 5141; x_wconf 84' lang='lat' dir='ltr'><strong>CLEMENTIAE</strong></span> 
     </span>
    </p>
   </div>
   <div class='ocr_carea' id='block_1_97' title="bbox 1420 5151 2827 5220">
    <p class='ocr_par' dir='ltr' id='par_1_97' title="bbox 1420 5151 2827 5220">
     <span class='ocr_line' id='line_1_97' title="bbox 1420 5151 2827 5220; baseline -0.01 -1"><span class='ocrx_word' id='word_1_483' title='bbox 1420 5164 1555 5220; x_wconf 85' lang='lat' dir='ltr'><strong>PRO</strong></span> <span class='ocrx_word' id='word_1_484' title='bbox 1594 5159 2257 5217; x_wconf 81' lang='lat' dir='ltr'><strong>INNVMERABILIBVS</strong></span> <span class='ocrx_word' id='word_1_485' title='bbox 2303 5156 2629 5212; x_wconf 80' lang='lat' dir='ltr'><strong>PIETATIS</strong></span> <span class='ocrx_word' id='word_1_486' title='bbox 2670 5151 2827 5207; x_wconf 83' lang='lat' dir='ltr'><strong>EIVS</strong></span> 
     </span>
    </p>
   </div>
   <div class='ocr_carea' id='block_1_98' title="bbox 1641 5225 2619 5293">
    <p class='ocr_par' dir='ltr' id='par_1_98' title="bbox 1641 5225 2619 5293">
     <span class='ocr_line' id='line_1_98' title="bbox 1641 5225 2619 5293; baseline -0.009 -5"><span class='ocrx_word' id='word_1_487' title='bbox 1641 5231 2044 5289; x_wconf 87' lang='lat' dir='ltr'><strong>BENEFICIIS</strong></span> <span class='ocrx_word' id='word_1_488' title='bbox 2078 5232 2168 5286; x_wconf 87' lang='lat' dir='ltr'><strong>ET</strong></span> <span class='ocrx_word' id='word_1_489' title='bbox 2206 5232 2343 5286; x_wconf 78' lang='lat' dir='ltr'><strong>PRO</strong></span> <span class='ocrx_word' id='word_1_490' title='bbox 2379 5225 2619 5293; x_wconf 83' lang='lat' dir='ltr'><strong>QVIETE</strong></span> 
     </span>
    </p>
   </div>
   <div class='ocr_carea' id='block_1_99' title="bbox 1300 5291 2965 5364">
    <p class='ocr_par' dir='ltr' id='par_1_99' title="bbox 1300 5291 2965 5364">
     <span class='ocr_line' id='line_1_99' title="bbox 1300 5291 2965 5364; baseline -0.011 -1"><span class='ocrx_word' id='word_1_491' title='bbox 1300 5305 1714 5364; x_wconf 80' lang='lat' dir='ltr'><strong>PROCVRATA</strong></span> <span class='ocrx_word' id='word_1_492' title='bbox 1757 5304 1934 5359; x_wconf 81' lang='lat' dir='ltr'><strong>ITAL.</strong></span> <span class='ocrx_word' id='word_1_493' title='bbox 1975 5304 2059 5358; x_wconf 84' lang='lat' dir='ltr'><strong>AC</strong></span> <span class='ocrx_word' id='word_1_494' title='bbox 2097 5291 2521 5358; x_wconf 63' lang='lat' dir='ltr'><strong>CONSERvarA</strong></span> <span class='ocrx_word' id='word_1_495' title='bbox 2557 5291 2965 5351; x_wconf 82' lang='lat' dir='ltr'><strong>LIBERTATE</strong></span> 
     </span>
    </p>
   </div>
   <div class='ocr_carea' id='block_1_100' title="bbox 1608 5367 2639 5431">
    <p class='ocr_par' dir='ltr' id='par_1_100' title="bbox 1608 5367 2639 5431">
     <span class='ocr_line' id='line_1_100' title="bbox 1608 5367 2639 5431; baseline -0.009 0"><span class='ocrx_word' id='word_1_496' title='bbox 1608 5376 1804 5431; x_wconf 86' lang='lat' dir='ltr'><strong>HANC</strong></span> <span class='ocrx_word' id='word_1_497' title='bbox 1838 5375 2121 5431; x_wconf 80' lang='lat' dir='ltr'><strong>STATVAM</strong></span> <span class='ocrx_word' id='word_1_498' title='bbox 2162 5372 2438 5428; x_wconf 80' lang='lat' dir='ltr'><strong>PIETATIS</strong></span> <span class='ocrx_word' id='word_1_499' title='bbox 2479 5367 2639 5424; x_wconf 79' lang='lat' dir='ltr'><strong>EIVS</strong></span> 
     </span>
    </p>
   </div>
   <div class='ocr_carea' id='block_1_101' title="bbox 1536 5437 2715 5504">
    <p class='ocr_par' dir='ltr' id='par_1_101' title="bbox 1536 5437 2715 5504">
     <span class='ocr_line' id='line_1_101' title="bbox 1536 5437 2715 5504; baseline -0.01 -1"><span class='ocrx_word' id='word_1_500' title='bbox 1536 5449 1715 5504; x_wconf 83' lang='lat' dir='ltr'><strong>AVRI</strong></span> <span class='ocrx_word' id='word_1_501' title='bbox 1750 5445 2143 5503; x_wconf 75' lang='lat' dir='ltr'><strong>SPLENDORE</strong></span> <span class='ocrx_word' id='word_1_502' title='bbox 2181 5444 2505 5501; x_wconf 78' lang='lat' dir='ltr'><strong>MICANTEM</strong></span> <span class='ocrx_word' id='word_1_503' title='bbox 2545 5437 2715 5495; x_wconf 82' lang='lat' dir='ltr'><strong>HVIC</strong></span> 
     </span>
    </p>
   </div>
   <div class='ocr_carea' id='block_1_102' title="bbox 1503 5508 2747 5577">
    <p class='ocr_par' dir='ltr' id='par_1_102' title="bbox 1503 5508 2747 5577">
     <span class='ocr_line' id='line_1_102' title="bbox 1503 5508 2747 5577; baseline -0.011 0"><span class='ocrx_word' id='word_1_504' title='bbox 1503 5519 1799 5577; x_wconf 84' lang='lat' dir='ltr'><strong>SVBLIMI</strong></span> <span class='ocrx_word' id='word_1_505' title='bbox 1843 5517 2202 5574; x_wconf 76' lang='grc' dir='ltr'><strong>ΟΟΙΝΜΝΑΕ</strong></span> <span class='ocrx_word' id='word_1_506' title='bbox 2242 5533 2316 5571; x_wconf 86' lang='lat' dir='ltr'><strong>AD</strong></span> <span class='ocrx_word' id='word_1_507' title='bbox 2358 5508 2747 5570; x_wconf 83' lang='lat' dir='ltr'><strong>PERENNEM</strong></span> 
     </span>
    </p>
   </div>
   <div class='ocr_carea' id='block_1_103' title="bbox 1359 5580 2894 5651">
    <p class='ocr_par' dir='ltr' id='par_1_103' title="bbox 1359 5580 2894 5651">
     <span class='ocr_line' id='line_1_103' title="bbox 1359 5580 2894 5651; baseline -0.01 -2"><span class='ocrx_word' id='word_1_508' title='bbox 1359 5593 1587 5651; x_wconf 85' lang='lat' dir='ltr'><strong>IPSIVS</strong></span> <span class='ocrx_word' id='word_1_509' title='bbox 1623 5590 1939 5648; x_wconf 85' lang='lat' dir='ltr'><strong>GLORIAM</strong></span> <span class='ocrx_word' id='word_1_510' title='bbox 1980 5588 2319 5645; x_wconf 86' lang='lat' dir='ltr'><strong>IMPOSVIT</strong></span> <span class='ocrx_word' id='word_1_511' title='bbox 2361 5589 2448 5641; x_wconf 89' lang='lat' dir='ltr'><strong>AC</strong></span> <span class='ocrx_word' id='word_1_512' title='bbox 2487 5580 2894 5639; x_wconf 84' lang='lat' dir='ltr'><strong>DEDICAVIT.</strong></span> 
     </span>
    </p>
   </div>
   <div class='ocr_carea' id='block_1_104' title="bbox 1347 5652 2900 5723">
    <p class='ocr_par' dir='ltr' id='par_1_104' title="bbox 1347 5652 2900 5723">
     <span class='ocr_line' id='line_1_104' title="bbox 1347 5652 2900 5723; baseline -0.01 -3"><span class='ocrx_word' id='word_1_513' title='bbox 1347 5665 1466 5723; x_wconf 87' lang='lat' dir='ltr'><strong>DIE</strong></span> <span class='ocrx_word' id='word_1_514' title='bbox 1512 5664 1738 5719; x_wconf 84' lang='lat' dir='ltr'><strong>PRIMA</strong></span> <span class='ocrx_word' id='word_1_515' title='bbox 1789 5662 2046 5718; x_wconf 85' lang='lat' dir='ltr'><strong>MENSIS</strong></span> <span class='ocrx_word' id='word_1_516' title='bbox 2088 5659 2390 5716; x_wconf 87' lang='lat' dir='ltr'><strong>AUGVST.</strong></span> <span class='ocrx_word' id='word_1_517' title='bbox 2436 5655 2693 5711; x_wconf 85' lang='lat' dir='ltr'><strong>INDICT.</strong></span> <span class='ocrx_word' id='word_1_518' title='bbox 2733 5652 2900 5707; x_wconf 85' lang='lat' dir='ltr'><strong>VND.</strong></span> 
     </span>
    </p>
   </div>
   <div class='ocr_carea' id='block_1_105' title="bbox 1398 5725 2735 5793">
    <p class='ocr_par' dir='ltr' id='par_1_105' title="bbox 1398 5725 2735 5793">
     <span class='ocr_line' id='line_1_105' title="bbox 1398 5725 2735 5793; baseline -0.011 1"><span class='ocrx_word' id='word_1_519' title='bbox 1398 5760 1409 5765; x_wconf 62' lang='grc' dir='ltr'>τ</span> <span class='ocrx_word' id='word_1_520' title='bbox 1521 5737 1626 5792; x_wconf 85' lang='lat' dir='ltr'><strong>CP.</strong></span> <span class='ocrx_word' id='word_1_521' title='bbox 1672 5734 1999 5790; x_wconf 86' lang='lat' dir='ltr'><strong>PIETATIS</strong></span> <span class='ocrx_word' id='word_1_522' title='bbox 2034 5732 2191 5790; x_wconf 88' lang='lat' dir='ltr'><strong>EISV</strong></span> <span class='ocrx_word' id='word_1_523' title='bbox 2226 5730 2423 5789; x_wconf 84' lang='lat' dir='ltr'><strong>ANNO</strong></span> <span class='ocrx_word' id='word_1_524' title='bbox 2466 5725 2735 5793; x_wconf 84' lang='lat' dir='ltr'><strong>QVINTO</strong></span> 
     </span>
    </p>
   </div>
   <div class='ocr_carea' id='block_1_106' title="bbox 3730 371 3803 428">
    <p class='ocr_par' dir='ltr' id='par_1_106' title="bbox 3730 371 3803 428">
     <span class='ocr_line' id='line_1_106' title="bbox 3730 371 3803 428; baseline 0.014 -1"><span class='ocrx_word' id='word_1_525' title='bbox 3730 371 3803 428; x_wconf 81' lang='lat'><strong>62</strong></span> 
     </span>
    </p>
   </div>
  </div>
