4140 6410
380 384 454 441 63
1595 378 1967 433 EPHREMII
2012 376 2583 442 CHBONOGRAPHI

384 526 610 585 proque
637 505 955 564 dilatandis
984 505 1161 562 etiam
1192 502 1425 575 imperii
1457 504 1703 575 finibus,

385 616 625 674 prorsus
659 602 723 655 ut
753 614 877 655 rem
904 596 1229 653 Romanam
1261 594 1622 651 restitueret.

382 695 547 747 Tunc
579 694 776 747 autem
806 686 1061 743 Persidis
1092 688 1401 755 regnatore
1425 684 1712 741 Chrosroe

381 796 516 838 eoas
550 778 769 852 ubique
795 780 983 832 terras
1009 776 1403 847 deprsedante,

380 870 529 925 fines
560 882 793 940 quoque
823 866 1131 921 invadente
1163 863 1519 933 Palaestinos,

378 960 461 1015 ita
493 963 557 1014 ut
586 956 932 1029 Theopolim
961 955 1151 1026 ipsam
1182 954 1417 1009 Sionem
1449 952 1705 1025 ceperit;

378 1047 864 1105 Christicolarum
891 1044 1068 1117 periit
1096 1043 1426 1099 immensus
1456 1058 1741 1099 numerus

378 1135 565 1191 millia
594 1135 903 1192 hominum
936 1134 1163 1189 scilicet
1192 1133 1552 1203 nonaginta;

374 1225 593 1297 partim
626 1224 686 1280 in
716 1225 845 1296 ipso
877 1222 1073 1295 praelio
1105 1220 1320 1294 gladiis
1351 1237 1524 1291 caesa,

376 1314 593 1387 partim
624 1313 753 1370 dolo
784 1313 1161 1368 Hebraeorum
1204 1310 1605 1382 pessumdata.

374 1405 598 1475 Quippe
628 1402 688 1457 bi
722 1400 981 1473 captivos
1015 1399 1421 1454 fraudulenter
1452 1401 1705 1469 emptos,

371 1492 536 1549 tenui
564 1507 814 1564 repensa
845 1488 1120 1545 Barbarie
1151 1487 1426 1559 pecunia,

370 1580 638 1653 protinus
669 1579 903 1651 gladiis,
940 1593 1043 1649 pro
1075 1576 1277 1632 dolor!
1313 1575 1724 1633 conficiebant.

371 1669 612 1727 Barbari
640 1668 837 1725 Sionis
868 1671 1163 1738 pastorem
1196 1681 1548 1737 sacrumque
1578 1664 1807 1738 lignum

369 1760 429 1815 in
473 1759 773 1816 Persidem
808 1757 1180 1813 abduxerunt
1209 1754 1463 1828 patriam
1494 1772 1686 1812 suam.

370 1854 503 1904 Aac
528 1847 852 1919 imperator
880 1844 1126 1902 audiens
1156 1844 1503 1917 angebatur,

371 1953 582 2009 nempe
616 1936 873 1991 militum
908 1949 1153 1989 numero
1187 1935 1461 2006 pauciora
1490 1933 1841 2003 instructus,

372 2026 514 2082 item
554 2025 816 2097 pecunia:
847 2022 1064 2079 auxilio
1097 2023 1438 2090 destitutus,

372 2114 693 2185 quominus
722 2114 953 2169 hostem
974 2112 1294 2168 barbarum
1326 2111 1723 2184 propulsaret.

373 2209 505 2261 Mox
532 2208 730 2259 tamen
764 2218 903 2274 opes
930 2217 1429 2272 numerosumque
1448 2202 1768 2257 exercitum

373 2308 795 2365 armorumque
824 2296 1172 2363 apparatum
1205 2295 1337 2363 apte
1363 2290 1687 2358 instruens,

370 2383 621 2456 pecunia
647 2399 679 2438 e
708 2382 948 2454 templis
976 2388 1244 2438 mutuata
1272 2384 1480 2455 gratis,

368 2472 608 2529 collecto
639 2472 709 2528 de
739 2471 1059 2543 provinciis
1090 2471 1298 2528 idoneo
1330 2472 1540 2543 milite,

367 2562 649 2617 adversus
678 2560 997 2617 Chosroem
1028 2560 1145 2615 Deo
1178 2561 1486 2617 victorioso
1518 2561 1703 2617 fretus

366 2666 501 2705 cum
533 2650 789 2706 exercitu
818 2650 879 2706 in
912 2649 1206 2705 Persidem
1240 2650 1380 2706 facit
1409 2650 1714 2722 impetum.

364 2739 509 2795 Exin
540 2739 799 2812 vigorem
832 2739 1050 2796 animis
1080 2739 1372 2796 subdente
1405 2744 1538 2809 Deo,

364 2829 639 2885 victorias
671 2829 920 2895 nobiles,
952 2829 1262 2900 splendida
1290 2830 1574 2901 trophsza,

362 2934 463 2974 rex
491 2917 611 2974 illic
641 2933 901 2991 praseens
926 2917 1127 2974 retulit
1157 2918 1226 2973 de
1251 2918 1547 2975 Barbaris.

359 3006 584 3062 Occidit
613 3007 771 3063 enim
812 3006 1073 3062 hostium
1103 3010 1364 3062 catervas
1395 3007 1709 3079 plurimas,

356 3095 614 3167 praedam
648 3095 862 3167 abegit,
898 3095 1213 3151 manubias
1246 3095 1514 3167 abstulit,

358 3188 575 3255 strage,
608 3184 762 3257 igne,
792 3184 1065 3240 vastitate
1095 3184 1318 3241 attrivit
1347 3185 1654 3242 Barbaros.

359 3272 459 3328 His
493 3272 793 3329 Heraclius
824 3273 1069 3345 patratis
1107 3272 1262 3329 intra
1293 3274 1660 3343 sexennium,

357 3364 493 3431 post
524 3363 797 3416 sanctum
827 3359 1056 3432 lignum
1090 3377 1222 3417 cum
1254 3362 1449 3418 Sionis
1482 3363 1733 3435 praesule

355 3448 774 3522 Hierosolymis
805 3466 1013 3506 rursus
1045 3450 1415 3521 collocatum,

354 3538 424 3593 ad
458 3537 679 3610 regiam
711 3539 917 3595 urbem
949 3541 1194 3610 septimo
1226 3541 1538 3598 revertitur

357 3626 610 3682 miriﬁca
638 3626 838 3683 latitia
866 3629 1209 3685 redundans
1232 3647 1407 3698 anno,

356 3715 594 3787 hymnis
622 3715 953 3773 innumeris
985 3717 1315 3775 celebratus
1347 3721 1567 3792 populi,

354 3802 527 3859 heros
558 3808 617 3860 et
644 3804 827 3861 victor
856 3807 1202 3877 praedicatus
1234 3809 1471 3866 nobilis.

352 3893 458 3947 Hic
492 3909 589 3948 rex
617 3894 972 3964 quibusdam
1008 3898 1345 3968 pastoribus
1373 3899 1662 3955 obnoxius

351 3981 440 4039 vel
471 3982 670 4053 potius
700 3984 1100 4054 mercenariis,
1132 3986 1249 4043 imo
1282 3992 1341 4044 et
1373 3988 1550 4060 lupis,

354 4086 422 4126 ex
452 4070 547 4126 his
578 4071 939 4143 synchyticis
971 4074 1340 4147 impurisque
1371 4077 1633 4133 fontibus

350 4159 666 4232 perniciem
700 4162 1026 4233 perpotavit
1056 4164 1495 4221 exsecrabilem.

350 4250 467 4305 Sub
498 4266 563 4306 eo
596 4250 971 4307 Mahumetus
1004 4252 1205 4325 p0puli
1237 4256 1508 4310 seductor
1537 4256 1713 4313 fallax

349 4338 541 4411 turpis
571 4340 879 4396 atheorum
911 4341 1185 4414 princeps
1215 4346 1639 4417 Agarenorum,

350 4426 614 4482 nefandae
637 4427 934 4500 religionis
967 4436 1325 4502 antecessor,

350 4514 423 4569 ad
456 4514 765 4571 hominum
797 4518 1040 4573 exitium
1070 4520 1195 4575 orbi
1228 4520 1505 4578 innotuit.

347 4602 597 4660 Feminae
627 4604 721 4660 hic
750 4606 889 4663 ditis
920 4606 1174 4664 Persidis
1200 4625 1335 4664 cum
1366 4614 1522 4667 esset
1551 4611 1832 4687 famulus,

340 4691 649 4764 impostor,
683 4693 857 4750 homo
883 4696 1195 4764 obscurus,
1224 4699 1408 4770 stirpe
1438 4700 1704 4773 ignobili,

340 4780 491 4838 hanc
520 4781 729 4837 habuit
757 4783 865 4839 tori
903 4784 1120 4841 sociam
1153 4790 1209 4841 et
1236 4788 1497 4845 malitiae.

338 4869 481 4925 Exin
512 4871 700 4927 evasit
730 4874 1003 4945 princeps
1033 4876 1354 4947 doctorque
1384 4895 1580 4951 nugax

342 4959 540 5013 nescio
573 4975 689 5031 quo
721 4966 888 5032 pacto
920 4964 1076 5035 apud
1110 4966 1311 5036 Agaraa
1343 4973 1627 5038 posteros.

341 5046 502 5102 Idem
535 5048 915 5120 progrediens
947 5068 1015 5106 ex
1045 5052 1295 5108 [Ethribi
1330 5056 1666 5127 regionibus

337 5136 678 5207 imperatori
713 5144 844 5208 post
867 5140 1169 5197 victoriam
1202 5145 1399 5199 reduci

338 5240 641 5291 occurens,
674 5227 873 5282 sedem
904 5229 977 5284 ad
1008 5229 1385 5288 incolendum
1418 5235 1625 5306 petiit;

337 5329 456 5385 qua
486 5330 621 5369 mox
650 5315 982 5386 impetrata,
1014 5319 1237 5389 Syriam
1270 5321 1616 5394 incursavit,

336 5408 395 5460 et
427 5404 827 5462 Romanorum
859 5408 1033 5464 terris
1064 5410 1239 5481 potiri
1270 5413 1463 5483 cmpit.

561 5528 1486 5662 CONSTANTINU‘ENHIiIRACLII
1527 5538 1760 5597 FILIUS

334 5703 652 5778 Postquam
686 5708 987 5766 Heraclius
1018 5711 1194 5769 finem
1226 5713 1355 5771 vitae
1388 5715 1695 5790 imposuit,

2055 502 2113 572 Α
2319 506 2417 571 Εῗς
2445 531 2503 566 τε
2532 510 2853 585 πλατοσμὸν
2883 513 2985 566 τοῦ
3009 508 3242 584 κράτους
3272 513 3706 588 σχοινισμάτων,

2142 598 2280 655 1365
2318 597 2615 656 Ἐπάνοδόν
2646 622 2705 656 τε
2733 602 3055 674 Ῥωμαϊκῶν
3087 599 3447 675 πραγμάτων.

2315 686 2728 759 Λεηλατοῦντος
2753 694 3052 761 τηνικαῦτα
3081 688 3332 766 Χοσρόου

2314 782 2532 853 Περσῶν
2563 779 2876 855 κρατάρχου
2905 781 3081 834 πάντα
3098 786 3199 849 τῆς
3229 782 3347 837 Ἕω
3382 783 3548 854 μέρη,

2316 866 2769 942 Κατσδραμόντος
2800 870 2891 924 καὶ
2922 867 3295 940 Παλαιστίνης
3331 868 3517 944 ὅρους,

2312 961 2446 1012 Θεοῦ
2470 957 2632 1013 πόλιν
2663 980 2721 1014 τε
2749 961 2850 1027 τήν
2884 960 3029 1013 Σιὼν
3060 959 3375 1029 ἡλωκότος,

2136 1046 2273 1101 1370
2309 1046 2714 1119 Χριστωνύμων
2747 1042 2980 1124 ἔφθαρτο
3010 1045 3225 1116 πλήθος
3271 1048 3469 1122 μυρίον

2310 1136 2396 1196 Ἐς
2422 1134 2703 1211 μυριάδων
2731 1136 2881 1192 ἐννέα
2910 1138 3285 1210 ποσουμένων·

2309 1225 2379 1279 Τὸ
2412 1226 2506 1298 μὲν
2541 1227 2780 1298 θερισθὶν
2811 1224 2985 1281 τῶνδε
3014 1226 3152 1301 πρὸς
3185 1228 3341 1302 μάχῃ
3375 1227 3538 1304 ξίφει,

2306 1315 2380 1370 Τὸ
2413 1312 2459 1369 δ’
2490 1316 2555 1369 αὗ
2587 1316 2840 1393 φονευθὲν
2863 1311 3128 1391 Ἐϐραίων
3159 1316 3479 1392 κακουργίᾳ.

2307 1404 2622 1477 Ὠνούμενοι
2649 1405 2749 1481 γὰρ
2781 1403 3181 1480 αἰχμαλώτους
3214 1403 3536 1481 δυστρόπως

2124 1493 2268 1550 4375
2304 1498 2515 1570 Μικρᾶς
2552 1502 2724 1567 τιμῆς
2756 1493 2906 1551 οὗτοί
2934 1515 2995 1570 γε
3023 1495 3161 1569 πρὸς
3191 1498 3298 1550 τῶν
3331 1490 3631 1569 Βαρϐάρων

2302 1585 2539 1659 Ὑπῆγον
2573 1583 2729 1648 εὐθὺς
2756 1588 2825 1659 τῇ
2855 1588 3002 1658 τομῇ
3035 1588 3132 1663 φεῦ
3162 1590 3259 1639 τοῦ
3291 1584 3498 1663 ξίφους.

2301 1673 2503 1748 Πέρσαι
2533 1670 2593 1727 δὲ
2620 1674 2762 1727 Σιὼν
2795 1674 3033 1746 ποιμένα
3063 1675 3183 1728 θεῖα
3212 1672 3348 1746 ξύλα

2301 1763 2392 1824 Ἐς
2427 1760 2640 1836 Περσίδ’
2672 1763 2955 1839 ἀπήγαγον
2986 1763 3167 1818 αὐτῶν
3212 1759 3472 1837 πατρίδα.

2048 1876 2098 1943 Β
2142 1941 2187 1943 η
2214 1942 2221 1943 γ
2248 1942 2256 1943 ί
2306 1852 2472 1943 Ταῦθ’
2503 1851 2530 1904 ὁ
2560 1855 2774 1943 κροέτῶν
2805 1850 2970 1927 γνοὺς
2998 1850 3363 1943 πυρπολεῖται
3391 1849 3641 1943 καρδίαν.

2132 1941 2269 1996 1380
2308 1938 2611 2015 Στράτευμ’
2642 1942 2905 2017 ἀποχρῶν
2941 1939 3212 2015 μηδαμῶς
3244 1941 3605 2015 κεκτημένος,

2302 2026 2446 2099 Μηδ⁹
2477 2027 2542 2083 αὖ
2575 2027 2819 2101 δαπάνην
2852 2030 3160 2106 χρημάτων
3192 2029 3471 2105 ἀναλόγων

2301 2116 2396 2180 Εἰς
2427 2116 2869 2193 ἀντιπαλάμησιν
2902 2118 3114 2194 ἐχθρῶν
3146 2114 3469 2196 Βαρϐάρων.

2299 2209 2494 2280 Ὅμως
2529 2205 2585 2262 δὲ
2613 2206 2703 2262 καὶ
2734 2209 2999 2283 χρήματα
3026 2207 3117 2263 καὶ
3148 2212 3382 2283 στρατοῦ
3412 2206 3601 2287 στίφος

2301 2294 2398 2350 Καὶ
2429 2295 2495 2351 τὰ
2525 2296 2663 2371 πρὸς
2691 2294 2967 2369 ἐξόπλισιν
3000 2297 3056 2351 εὗ
3087 2295 3411 2373 ἀπαρτίσας,

2121 2388 2261 2443 1385
2299 2386 2383 2442 Τὰ
2415 2386 2510 2458 μὶν
2543 2384 2681 2460 πρὸς
2711 2384 2875 2441 οἷόιων
2905 2387 3066 2462 ἰερῶν
3093 2388 3258 2462 χάριν
3300 2384 3493 2449 δάνους

2298 2474 2406 2531 Τὸν
2440 2470 2485 2528 δ’
2516 2471 2576 2529 ἐκ
2608 2474 2857 2547 θεμάτων
2886 2475 3202 2551 συναγείρας
3231 2476 3305 2539 ὡς
3337 2474 3478 2547 δέον,

2297 2564 2449 2620 Κατᾶ
2477 2563 2723 2638 Χοσρόου
2754 2564 2849 2618 σὺν
2876 2568 2994 2636 Θεῷ
3024 2565 3185 2636 νίκης
3216 2563 3349 2640 δότῃ

2298 2654 2449 2711 Μετὰ
2477 2656 2732 2727 στρατιᾶς
2761 2647 3020 2708 ἐκϐάλλει
3051 2657 3119 2728 τῇ
3159 2652 3412 2731 Περσίδι·

2116 2797 2124 2807 _
2296 2747 2430 2797 Θεοῦ
2458 2743 2721 2797 τοΛοιπὸν
2756 2740 3085 2816 ἐμπνέοντος
3112 2744 3174 2798 τὸ
3207 2742 3391 2807 σθένος

2122 2835 2260 2890 1390
2298 2838 2571 2911 Περιφανῆ
2598 2828 2835 2907 τρόπαια
2862 2834 3113 2907 γενναίας
3142 2832 3296 2896 νίκας

2297 2923 2443 2979 Ἐκεῖ
2475 2922 2662 2997 παρὼν
2698 2919 2921 2997 δέδρακε
2950 2921 3086 2978 κατὰ
3116 2918 3435 2999 Βαρϐάρων.

2295 3012 2542 3067 ’Έκτεινε
2569 3009 2659 3064 καὶ
2690 3011 2793 3086 γὰρ
2824 3007 3124 3086 Βαρϐάρων
3156 3009 3414 3072 πλείστας
3447 3007 3595 3081 ἴλας,

2293 3099 2505 3157 Ἥλασε
2537 3098 2686 3155 λείαν
2719 3099 2808 3153 καὶ
2841 3097 3291 3174 λαφυραγωγίαν,

2294 3192 2451 3263 Δῃῶν
2481 3188 2576 3262 ἐρη
2589 3189 2704 3261 μῶν
2729 3185 3030 3261 πυρπολῶν
3062 3187 3129 3241 τὰ
3152 3182 3471 3263 Βαρϐάρων,

2033 3247 2077 3316 C
2117 3280 2255 3337 1395
2291 3247 2449 3333 “ra-61’
2480 3247 2539 3332 te
2566 3247 2873 3354 ξρόνοιξξε
2905 3247 3238 3353 Ἡράκλειος
3264 3247 3483 3352 civilians,

2282 3366 2439 3422 Ξύλα
2467 3387 2526 3421 τε
2557 3365 2726 3421 σεπτᾶ
2752 3367 2842 3421 καὶ
2874 3366 3019 3421 Σιὼν
3048 3366 3353 3442 ἀρχιθύτην

2282 3454 2647 3531 Ἱερουσαλήμ
2671 3455 3074 3531 ἐγκαταστήσας
3090 3454 3271 3523 πόλει,

2283 3545 2427 3620 Πρὸς
2461 3542 2719 3619 βασιλίδα
2748 3543 3175 3622 καθυποστρέφει
3208 3544 3368 3600 πόλει

2285 3636 2371 3691 Ἐν
2406 3628 2627 3708 ἑϐδόμῳ
2656 3633 2925 3690 κάλλ.στα
2957 3634 3165 3711 χαίρων
3191 3656 3272 3707 τῳ
3303 3633 3515 3709 χρόνῳ,

2110 3726 2247 3782 1400
2283 3723 2655 3797 Ὑμνούμενος
2686 3723 2949 3797 στόμασιν
2978 3725 3151 3779 ἀστῶν
3191 3723 3421 3799 μυρίων,

2284 3814 2496 3875 Ὀωθεὶς
2528 3812 2777 3889 ἀριστεὺς
2808 3811 3066 3889 γεννάδας
3098 3812 3416 3890 νικηφόρος.

2285 3901 2460 3964 Οὗτος
2494 3901 2748 3978 βασιλεὺς
2777 3902 3089 3975 ἐξομαρτῶν
3112 3902 3366 3975 ποιμέσιν

2282 3994 2350 4049 Ἦ
2387 3990 2601 4065 μᾶλλον
2634 3990 2806 4046 εἴπεῖν
2844 3990 3083 4065 μισθίοις
3111 4012 3171 4045 τε
3198 3991 3286 4045 καὶ
3323 3990 3512 4053 λύκοις

2285 4083 2378 4139 Ἐκ
2398 4082 2741 4157 συγχυτικιῖΝ
2775 4080 2840 4137 ού
2872 4082 3122 4155 καθαρῶν
3160 4078 3412 4153 ναμάτων

2107 4171 2247 4227 1405
2286 4170 2625 4245 Ἀνατροπήν
2654 4172 2866 4238 ποτίζει
2903 4166 3247 4244 βδελυκτέαν.

2279 4259 2402 4335 Ἐφ’
2444 4255 2506 4312 οὗ
2538 4257 2881 4332 Μουχούμετ
2907 4255 3221 4320 λαοπλᾶνος
3246 4255 3335 4312 καὶ
3368 4257 3528 4333 φέναξ

2286 4346 2584 4421 Φύλαρχος
2612 4345 2841 4423 αἰσχρὸς
2869 4347 3191 4422 Ἀγαρηνῶν
3222 4345 3393 4402 ἀθέων

2282 4435 2381 4491 Καὶ
2416 4435 2769 4511 μυσταγωγὸς
2799 4435 3070 4509 ἀθεμίτων
3104 4433 3304 4511 ὀργίων

2284 4519 2648 4601 Φθισίϐροτος
2680 4522 2831 4597 λύμη
2863 4544 2947 4585 τις
2980 4522 3133 4598 ἐξέφυ
3168 4523 3293 4596 βίῳ.

2025 4613 2073 4681 D
2106 4616 2244 4672 1410
2281 4616 2380 4676 "Oc
2414 4611 2486 4671 ὢν
2522 4615 2777 4690 γυναικὸς
2812 4609 3071 4687 Περσίδος
3095 4613 3194 4682 θὴς
3222 4609 3493 4673 πλουσίας

2280 4703 2450 4776 Ἀνὴρ
2472 4703 2607 4777 γόης
2640 4703 2857 4775 ἄσημος
2889 4700 3084 4773 ἀτίμοτ
3105 4699 3317 4775 γένους,

2281 4791 2543 4847 Σύνευνον
2578 4790 2708 4867 ἔσχε
2734 4788 2901 4862 τήνδε
2930 4788 3309 4865 κακοτεχνίας.

2277 4881 2408 4937 Εἶτα
2437 4879 2722 4958 φύλαρχος
2747 4879 2837 4933 καὶ
2869 4876 3197 4940 διδάσκαλος
3228 4877 3439 4941 πλάνος

2276 4970 2401 5045 Οὐχ
2430 4967 2534 5024 οἷδ’
2561 4968 2711 5031 ὅπως
2740 4967 2947 5044 γένοιτο
2977 4972 3087 5023 τῶν
3108 4966 3167 5022 ἐκ
3195 4974 3295 5038 τῆς
3325 4968 3520 5043 Ἅγαρ.

2098 5059 2239 5116 1415
2275 5060 2444 5121 Οὗτος
2473 5059 2680 5133 προϊὼν
2710 5056 2760 5130 ἐξ
2793 5053 3050 5131 Ἀθρίϐου
3080 5055 3290 5133 χωρίον

2275 5148 2693 5225 Ὑποστρέφοντι
2730 5145 2946 5221 βασιλεῖ
2974 5145 3259 5224 νικηφόρῳ

2274 5236 2595 5314 Προσῆλθεν
2629 5236 2793 5292 αἰτῶν
2826 5240 3011 5312 χῶρον
3047 5235 3123 5300 εἷς
3146 5234 3449 5291 κατοικίαν·

2279 5328 2373 5381 Καὶ
2405 5322 2740 5400 παραλαϐὼν
2767 5323 3075 5401 κατέδραμε
3105 5324 3324 5400 Συρίαν,

2272 5419 2374 5473 Καὶ
2404 5422 2725 5493 Ῥωμαϊκῶν
2757 5422 3085 5494 κατακρατεῖ
3112 5415 3359 5492 χωρίων.

3725 388 3802 445 64

2152 5545 2694 5606 ΚΩΝΣΤΑΝΤΙΝΟΣ
2738 5545 2782 5602 Ο
2822 5548 2979 5601 ΥΙΟΣ
3021 5542 3427 5601 ΗΡΑΚΛΕΙΟΥ
3464 5541 3573 5599 ΕΤ.
3612 5539 3692 5597 Α’.

2098 5729 2236 5785 1420
2272 5722 2450 5783 Τοῦδ¹⁶
2479 5731 2599 5801 Ηρα
2627 5723 2817 5781 κλείου
2845 5725 2937 5781 τὸν
2982 5725 3101 5801 βίον
3136 5720 3495 5789 λελοιπότος,
