2070 3232
206 219 242 247 65
970 215 1154 243 cessans.
1659 234 1662 236 .
1881 222 1919 249 66

292 280 501 310 Κωνσταντῖνος
517 281 580 311 παῖς
593 275 734 318 ὀρθόφρων
750 277 815 317 ἔσχε
827 279 935 316 κράτος.

295 324 363 356 Μεθ’
379 324 409 351 ’ὸν
427 322 474 351 σὺν
489 323 541 359 υἱῷ
556 323 720 362 Ἡρακλωνᾷ
734 323 855 361 Μαρτίνα
872 324 927 360 (24)
944 331 952 339 ·

295 371 341 396 Ὧν
357 367 486 406 γλῶσσαν
501 368 519 403 ἡ
538 368 585 404 μὲν
602 368 729 404 τέμνεται
746 367 812 405 μάλ’
826 367 951 404 ἐνδίκως,

296 412 474 450 ’Πρακλωνᾶς
487 410 516 440 δὶ
530 414 579 440 τοῦ
594 412 744 450 προσώπου
758 412 808 447 τὴν
825 412 896 451 ῥῖνα,

204 459 279 487 1425
297 457 390 495 Φυγήν
408 457 616 495 κατακριθέντες
630 456 814 492 ἐνδικωτάτην

205 516 370 545 ΚΩΝΣΤΔΣ
400 516 422 544 Ο
454 517 534 544 ΥΙΟΣ
571 517 680 544 ΑΥΤΟΥ
717 515 798 543 ΗΤΟΙ
828 515 850 544 Ο
879 515 1037 545 ΕΓΓΟΝΟΣ

441 551 643 580 ΗΡΑΚΛΕΙοΥ
668 553 719 578 ΕΤ.
748 554 805 579 KZ'.

295 605 361 634 Εἶτα
375 603 507 642 κατάρχει
521 606 569 632 τοῦ
585 604 699 641 κράτους
715 607 769 632 τῶν
784 604 911 633 Αὐσόνων

295 650 435 684 Κώνπας,
451 647 575 685 διώκτης
590 647 780 687 εὐσεϐεστέρου
799 650 911 686 μέρους,

296 693 499 721 Κωνσταντίνου
513 696 589 727 παῖς,
606 693 716 731 ἔγγονος
733 693 753 721 δ’
768 692 932 731 Ἡρακλείου
948 703 954 709 ·

294 737 390 766 Τᾶλλα
408 738 455 776 μὲν
472 737 523 766 οὐκ
538 737 678 776 ἄχρηστος
693 738 785 777 ὀφθείς
800 749 842 770 τις
856 737 977 776 κράτωρ,

204 784 277 813 1430
297 780 382 814 Σέϐας
397 781 420 810 δ’
434 783 548 821 ἀχρεῖος
561 782 729 821 Οἰοιρυσίτης
741 783 827 815 τάλας
844 793 850 799 ·

296 828 345 860 Ὃς
360 825 500 855 ἐκδιώκων
517 826 735 865 ὁρθοδοξοῦντων
755 828 847 865 μέρος,

296 873 345 900 Καὶ
361 872 489 908 Μάξιμον
503 871 528 899 δ’
542 870 630 907 ἤλασε
644 873 689 899 τὸν
707 873 836 909 θεηγόρον

296 915 349 944 Σὺν
364 919 423 948 τοῖς
439 917 584 953 μαθηταῖς,
597 916 641 944 καί
655 920 792 954 Μαρτῑνον
807 917 854 944 τὸν
869 918 970 946 πάπαν.

293 961 434 998 Ὄμαιμον
450 960 533 989 αὐτοῦ
544 961 650 992 κτείνας
666 962 744 992 οὗτος
761 962 775 988 ὁ
790 964 898 1000 κράτωρ

202 1007 276 1034 1435
294 1004 434 1040 Μισητέος
449 1006 561 1043 κέκριτο
576 1006 621 1033 καὶ
640 1004 813 1043 βδελυκτέος,

293 1050 346 1078 Καὶ
361 1049 469 1087 μᾶλλον
484 1051 526 1082 οἷς
543 1049 655 1087 δέδρακε
668 1052 758 1081 κακῶς
775 1050 878 1089 ἁγίους.

293 1091 437 1132 Διατριϐἀς
453 1094 500 1122 οὖν
515 1094 636 1123 ἐκλιπὼν
655 1093 823 1130 Βυζαντίδος,

293 1139 365 1177 Πρὸς
380 1137 506 1166 Σικελίαν
522 1139 571 1174 τὴν
589 1138 718 1175 μεγίστην
735 1138 855 1175 ἐκπλέει,

293 1183 344 1211 Καὶ
363 1184 536 1221 Συράκουσαν
552 1182 629 1221 ἔσχεν
646 1183 684 1215 εἷς
698 1184 849 1212 κατοικίαν,

274 1242 553 1270 ΚΩΝΣΤΔΝΤΙΝΟΣ
574 1244 593 1269 0
613 1242 820 1270 ΙΙΩΓΩΝΑΤΟΣ
842 1243 896 1270 ET.
916 1243 964 1271 IZ'.

197 1295 274 1324 4440
291 1294 393 1322 Τούτου
409 1294 558 1333 σφαγέντος
574 1295 619 1322 καὶ
637 1295 816 1331 μεταστάντος
834 1295 905 1332 βίου,

292 1342 494 1371 Κωνοταντῖνος
507 1342 572 1367 παῖε
588 1337 702 1374 εὐσεϐὴς
719 1341 888 1378 Πωγωνάτος

292 1382 463 1422 Παραλαϐὼν
482 1383 553 1416 ἴθυνε
566 1385 616 1419 τὴν
631 1385 798 1422 κραταρχίαν
817 1394 824 1401 ·

293 1428 376 1467 Ἀνὴρ
392 1428 504 1467 ἀγαθὸς,
521 1427 678 1467 ὀρθοδοξίας
696 1428 777 1467 φίλος

291 1474 387 1506 Ὅστις
400 1475 529 1513 πατρῴαν
545 1473 704 1510 κακοδοξίαν
723 1473 796 1502 λύων

196 1519 273 1547 1445
292 1519 421 1556 ’Ἡθροισε
437 1521 542 1547 σεπτῶν
555 1519 676 1557 πατέρων
694 1522 765 1551 θεῖον
782 1519 884 1559 στίφος,

291 1562 437 1602 Συνέδρων
450 1563 598 1591 κάλλιπον
615 1562 782 1601 ὀρθοδοξίας1

290 1607 354 1637 Ἐπί
368 1619 398 1646 γε
409 1610 528 1646 Χριστοῦ
542 1607 762 1647 δογματισάντων
781 1609 837 1645 ἅμα

289 1652 383 1684 Διττὰς
398 1651 524 1688 θελήσεις
534 1653 579 1680 καὶ
595 1653 686 1692 φύσεις
702 1654 855 1690 ἡνωμένας,

287 1698 341 1725 Καὶ
354 1696 526 1725 καθελόντων
542 1697 643 1729 πάντας
658 1697 832 1736 Οἷόφυσίτας.

191 1742 270 1771 1450
287 1741 397 1771 Τούτου
412 1743 590 1780 κρατοῦντος,
606 1743 765 1781 Ἀγαρηνῶν
781 1753 822 1774 τις
839 1742 936 1775 στόλος

283 1786 327 1823 Τῇ
342 1784 464 1823 βασιλίδι
480 1783 646 1824 προσϐαλὼν
659 1785 744 1823 ταύτῃ
760 1786 840 1814 πόλει
858 1787 914 1824 (25)

285 1827 431 1859 Ἐϐόσκετο
447 1830 590 1868 ξύμπαντα
604 1831 651 1858 τὸν
668 1830 743 1868 πέριξ
759 1830 843 1858 τόπον
861 1841 867 1849 ·

284 1875 371 1912 Ἦρος
387 1875 434 1912 μὶν
451 1875 527 1906 ἱστὰς
543 1874 668 1913 χαλεπὰς
684 1875 850 1913 ναυμαχίας,

282 1920 416 1958 Ὠρμιστο
432 1922 572 1958 χειμῶνος
587 1919 616 1947 δὲ
630 1922 688 1951 τοῖς
703 1920 827 1957 νεωρίοις

191 1965 265 1993 1455
284 1965 351 1996 Τοῖς
365 1967 415 2000 τῆς
432 1967 548 1999 Κυζικοῦ
564 1964 664 2002 μέχρις
680 1963 800 2001 ἑϐδόμου
816 1964 917 2002 χρόνου
935 1975 941 1981 ·

285 2008 362 2037 Ἐπεὶ
377 2007 406 2037 δὲ
420 2009 578 2048 τετρύχωτο
595 2010 677 2046 μήκει
692 2011 741 2036 τοῦ
756 2009 869 2046 χρόνου,

283 2052 375 2082 Ηλοῖά
387 2064 417 2082 τε
432 2053 608 2092 συντέτριπτο
623 2054 721 2081 τούτου
733 2055 766 2081 τὰ
781 2053 869 2090 πλέω,

282 2097 473 2137 Ὀφλισκάνων
487 2098 596 2137 γέλωτα
609 2098 835 2138 καθυποστρέςρει,

281 2142 333 2170 Καὶ
348 2143 416 2171 κάτὰ
429 2144 480 2178 τήν
495 2142 622 2171 κέλευθον
640 2144 708 2175 ἅπας
721 2143 824 2181 ἐφθάρη

186 2187 261 2215 1460
279 2186 404 2215 Λαίλαπι
420 2186 496 2225 δεινῇ
511 2189 545 2224 τῇ
562 2189 629 2215 Θεοῦ
643 2188 774 2226 συνεργίᾳ.

279 2232 352 2270 Πρὸς
367 2235 429 2264 τοῖς
444 2231 467 2259 δ’
482 2229 606 2269 ’Δϐάρων
624 2233 735 2270 στρατιὰ
751 2231 886 2271 φρικαλέα

279 2275 402 2312 Ἐπῆλθε
414 2276 500 2314 ταύτῃ
513 2278 547 2314 τῇ
566 2276 685 2314 βασιλίδι
701 2276 793 2311 πόλει,

278 2320 436 2358 Φρίσσουσα
448 2323 507 2352 τοῖς
523 2320 618 2359 δόρασι
633 2321 678 2349 καὶ
693 2320 869 2352 πανοπλίαις.

280 2365 334 2393 Καὶ
346 2367 420 2393 πᾶσα
433 2365 602 2404 κατέφθαρτο
618 2365 762 2402 Ῥωμαίων
778 2365 874 2399 σθένει,

186 2410 261 2439 1485
280 2411 343 2439 Τῶν
356 2410 522 2448 νεκριμαίων
537 2407 686 2447 Βαρϐάρων
703 2409 878 2446 ποσουμένων

279 2454 326 2486 Ἐς
341 2453 472 2492 χιλιάδας
486 2455 632 2493 τριάκοντα
645 2454 694 2485 τὰς
709 2453 785 2486 ὅλας.

279 2499 373 2538 Ὑγρόν
383 2509 413 2527 τε
427 2501 482 2538 πῦρ
497 2499 596 2538 εὕρητο
611 2498 720 2530 τούτοις
734 2501 792 2530 τοῖς
808 2500 921 2537 χρόνοις

278 2543 370 2581 Σύρου
385 2544 459 2582 παρὰ
471 2546 520 2573 τοῦ
533 2544 660 2575 τέκτονος
676 2543 855 2572 Καλλινίκου.

265 2601 522 2631 ΙΟΥΣΤΙΝΙΑΝΟΣ
543 2604 565 2631 0
584 2603 810 2631 ΡΙΝΟΤΜΗΤΟΣ
831 2603 884 2630 ET.
907 2603 934 2631 I’.

273 2654 333 2683 Εἶτ’
348 2655 542 2687 Ἰουστινιανὸς
557 2656 622 2693 ἦρξε
634 2657 682 2683 τοῦ
697 2656 813 2693 κράτους

184 2699 257 2728 1470
275 2699 483 2728 Κωνσταντίνου
499 2702 575 2735 παῖς,
586 2697 698 2735 εὐσεϐὴς
712 2700 781 2728 κατὰ
796 2697 886 2736 σέϐας,

218 2780 281 2817 (24)
305 2780 424 2810 Scilicet
452 2781 579 2810 Martina
606 2789 730 2810 noverca
754 2780 876 2810 sustulit
904 2789 1015 2810 veneno

183 2816 419 2854 Constantinum
437 2817 616 2854 privignum,
640 2817 807 2854 invasitque
829 2817 1015 2853 tyrannidem

184 2860 255 2881 cum
270 2852 529 2888 Heraelona’ﬁlio‘;
546 2852 631 2890 cujus
651 2852 771 2882 sceleris
790 2852 888 2889 justas
913 2862 1015 2890 pennas

184 2896 256 2918 mox
269 2888 364 2918 dedit.

1050 276 1078 310 Α
1091 274 1303 304 Constantinus
1318 275 1398 305 ﬁlius
1413 278 1547 313 regnavit
1561 278 1754 314 orthodoxus,

1093 323 1157 356 post
1173 327 1260 355 quem
1278 320 1402 349 Martius
1417 330 1486 350 cum
1501 322 1665 352 Heraclona
1680 324 1750 353 ﬁlio.

1091 364 1146 392 Sed
1161 364 1239 392 enim
1256 365 1343 393 matri
1359 366 1466 394 merito
1480 366 1582 404 lingua
1597 368 1752 405 exciditur,

1090 408 1217 444 turpiter
1231 409 1406 439 Heraclonas
1422 412 1579 440 truncatur
1593 413 1726 450 naribus,

1092 454 1215 489 uterque
1228 454 1329 482 exsilio
1347 454 1487 483 multatur
1497 456 1679 491 justissimo.

1202 511 1802 553 conarere.perarmatarms,

1240 548 1406 576 HERACLII
1429 549 1555 583 NEPOS,
1576 550 1635 578 AN.
1658 552 1766 580 XXVII.

1090 598 1160 626 Exin
1178 599 1377 628 Romanorum
1394 601 1509 629 obtinet
1525 602 1683 638 imperium

1090 645 1234 672 Constans
1251 645 1363 680 piarum
1378 649 1549 681 persecutor
1565 648 1703 683 partium,

1090 687 1274 716 Constantini
1291 690 1380 725 ﬁlius,
1399 699 1489 726 nepos
1508 692 1642 719 Heraclii.

1089 733 1205 760 (laeteris
1222 733 1324 761 usibus
1343 743 1399 761 non
1418 735 1516 763 malus
1532 735 1701 772 imperator,

1089 777 1225 813 dogmate
1241 779 1290 806 sed
1306 787 1423 814 pravus,
1441 780 1649 816 monophysita
1665 782 1772 817 miser;

1088 821 1139 856 qui
1155 823 1224 850 dum
1242 824 1391 859 negotium
1407 824 1527 852 facessit
1542 825 1723 862 orthodoxis,

1088 866 1247 895 Maximum
1265 876 1381 904 quoque
1397 869 1566 905 theologum
1582 870 1695 906 expulit

1088 919 1153 939 cum
1171 912 1233 939 suis
1249 912 1412 948 discipulis,
1425 921 1551 949 eumque
1567 914 1692 943 Martino
1708 924 1793 951 papa.

1049 959 1072 992 B
1088 957 1160 985 Cum
1175 966 1244 986 vero
1259 961 1287 987 et
1302 960 1452 995 proprium
1468 961 1588 988 fratrem
1604 961 1771 998 occidisset,

1090 1002 1203 1030 invisus
1218 1003 1303 1039 plane
1319 1005 1411 1032 evasit
1425 1006 1453 1032 et
1473 1005 1694 1040 abominabilis,

1088 1047 1152 1074 tum
1168 1049 1330 1083 praesertim
1348 1049 1419 1084 quia
1438 1051 1557 1077 sanctos
1572 1049 1681 1085 injuria
1697 1051 1842 1080 affecerat.

1087 1093 1163 1127 Ergo
1184 1092 1314 1129 Byzantii
1331 1094 1508 1129 degerejam
1526 1102 1583 1121 non
1601 1095 1761 1130 sustinens,

1088 1136 1123 1162 ad
1140 1136 1305 1164 insularum
1324 1138 1483 1165 maximam
1499 1138 1630 1166 Siciliam
1646 1141 1737 1174 venit,

1087 1183 1115 1207 et
1130 1181 1282 1217 Syracusis
1298 1182 1435 1210 stabilem
1452 1183 1550 1210 sedem
1568 1184 1639 1212 ﬁxit.

1152 1239 1422 1268 CONSTANTINUS
1443 1240 1657 1269 POGONATUS
1676 1242 1733 1270 AN.
1755 1243 1842 1271 XVII.

1085 1294 1157 1320 Cum
1173 1293 1300 1321 violenta
1313 1294 1457 1321 Constans
1473 1294 1594 1322 obiisset
1610 1303 1691 1330 nece,

1085 1337 1295 1365 Constantinus
1312 1340 1476 1373 Pogonatus
1497 1338 1628 1373 pradicti
1647 1339 1737 1375 filius,

1084 1381 1213 1409 delatum
1230 1382 1264 1409 ad
1281 1389 1309 1409 se
1324 1382 1481 1417 imperium
1498 1382 1585 1418 coepit
1601 1391 1719 1419 regere;

1083 1426 1128 1453 vir
1144 1428 1248 1461 bonus,
1265 1426 1412 1462 dogmatis
1428 1426 1498 1454 recti
1516 1434 1619 1454 amans
1637 1435 1643 1454 :

1084 1471 1134 1506 qui
1150 1475 1183 1499 ut
1198 1471 1289 1507 patris
1306 1470 1441 1498 hzeresim
1453 1471 1589 1504 solveret,
1605 1473 1793 1508 congregavit

1082 1515 1294 1544 venerabilium
1310 1517 1429 1543 Patrum
1444 1515 1576 1542 divinum
1593 1518 1711 1551 emtum,

1082 1560 1315 1596 pulcherrimum
1331 1560 1499 1596 synedrium
1516 1560 1710 1595 orthodoxie;

1083 1606 1134 1641 qui
1149 1606 1337 1641 deﬁnierunt,
1355 1605 1383 1633 in
1400 1605 1515 1633 Christo
1531 1605 1623 1633 fuisse
1638 1606 1727 1634 simul

1083 1650 1156 1678 duas
1172 1650 1340 1678 voluntates
1355 1652 1533 1685 naturasque
1546 1650 1644 1678 unitas
1656 1651 1741 1684 duas,

1080 1695 1253 1730 cunctisque
1267 1694 1470 1722 valedixerunt
1485 1694 1713 1730 monophysitis.

1079 1741 1138 1767 Hoc
1154 1739 1327 1775 imperante,
1345 1739 1479 1774 quaedam
1495 1741 1698 1774 Agarenorum

1079 1784 1183 1813 classis
1198 1785 1234 1813 ad
1250 1784 1326 1812 hanc
1341 1785 1522 1820 adnavigans
1539 1784 1642 1812 urbem
1658 1785 1778 1820 regiam,

1078 1829 1276 1865 populabatur
1289 1837 1406 1857 omnem
1423 1830 1501 1858 circa
1515 1828 1613 1856 locum
1632 1841 1640 1863 -,

1077 1883 1143 1902 vere
1158 1874 1276 1910 quidem
1291 1883 1373 1902 acres
1387 1874 1576 1901 committens
1592 1874 1796 1909 naumachias,

1077 1919 1173 1947 hieme
1188 1928 1219 1947 se
1234 1919 1402 1947 subducens
1418 1919 1453 1946 ad
1471 1917 1586 1946 navalia

1076 1964 1187 1999 Cyzici;
1203 1966 1291 2000 atque
1307 1963 1335 1991 id
1352 1962 1506 1998 septennio
1523 1962 1666 1990 factitavit
1680 1971 1687 1990 :

1075 2009 1127 2036 sed
1143 2016 1210 2036 cum
1223 2009 1285 2044 jam
1299 2008 1383 2043 lapsu
1406 2007 1546 2043 temporis
1562 2006 1662 2034 attrita
1676 2011 1763 2041 esset,

1075 2054 1286 2088 confractzeque
1301 2052 1469 2080 laborarent
1484 2051 1631 2087 plerasque
1647 2059 1746 2087 naves,

1075 2098 1200 2126 ridicula
1212 2098 1274 2133 jam
1291 2097 1393 2125 classis
1410 2104 1524 2123 reversa
1539 2098 1582 2123 est
1595 2105 1602 2129 ;

1073 2144 1137 2171 tum
1152 2143 1288 2170 universa
1301 2141 1330 2169 in
1342 2149 1432 2169 cursu
1449 2148 1568 2176 pessum
1585 2139 1637 2167 ivit

1072 2187 1190 2215 turbine
1205 2187 1294 2221 gravi,
1305 2186 1332 2213 vi
1348 2186 1536 2221 conspirante
1551 2184 1611 2212 Dei.

1073 2233 1196 2268 Insuper
1210 2232 1372 2259 Abarorum
1389 2229 1586 2258 formidabilis

1072 2277 1215 2305 exercitus
1231 2276 1267 2304 ad
1284 2276 1359 2303 hanc
1375 2276 1478 2303 urbem
1495 2273 1619 2302 accessit
1633 2273 1755 2309 regiam,

1034 2322 1057 2355 D
1072 2321 1183 2350 lanceis
1200 2321 1339 2349 horridus
1356 2322 1385 2348 et
1399 2319 1589 2355 cataphracto
1605 2318 1708 2346 milite.

1073 2367 1209 2394 Attamen
1226 2365 1381 2393 universus
1397 2363 1539 2393 Romanis
1553 2362 1665 2391 viribus

1073 2410 1240 2439 succubuit.
1258 2411 1300 2437 tot
1315 2409 1489 2437 cadentibus
1505 2408 1534 2435 in
1551 2407 1611 2435 acie
1627 2407 1763 2435 Barbarie

1073 2457 1105 2483 ut
1120 2454 1241 2491 triginta
1257 2454 1381 2482 millium
1398 2461 1515 2482 summa
1531 2451 1652 2480 collecta
1669 2451 1765 2479 fuerit.

1074 2500 1173 2535 Ignem
1189 2507 1306 2535 quoque
1322 2507 1448 2535 graecum
1465 2497 1511 2525 his
1527 2497 1711 2533 temporibus

1073 2544 1163 2580 Syrus
1179 2544 1290 2571 invenit
1304 2543 1408 2571 artifex
1423 2541 1593 2571 Callinicus.

1160 2601 1393 2630 JUSTINIANUS
1413 2599 1672 2628 RHINOTMETUS
1693 2599 1751 2627 AN.
1773 2599 1806 2628 Χ.

1070 2656 1182 2685 Deinde
1195 2655 1380 2684 Justinianus
1397 2663 1519 2691 regnare
1534 2654 1620 2690 cmpit

1071 2700 1252 2730 Constantini
1268 2699 1357 2734 ﬁlius,
1374 2699 1515 2736 religione
1531 2699 1677 2734 sincerus,

1107 2781 1161 2817 (25)
1178 2780 1251 2817 Hinc
1267 2782 1352 2817 atque
1366 2788 1401 2807 ex
1415 2780 1481 2817 aliis
1496 2779 1569 2817 locis
1585 2778 1733 2817 similibus
1754 2778 1826 2817 satis
1843 2787 1899 2817 ap-

1071 2814 1152 2854 paret
1167 2814 1379 2854 chronologum
1395 2815 1595 2854 Ephrmmium
1619 2814 1710 2842 fuisse
1733 2815 1779 2841 vel
1802 2814 1899 2850 patria

1070 2851 1262 2890 Byzantinnm
1277 2851 1322 2880 vel
1338 2852 1443 2880 saltem
1458 2851 1596 2880 incolatu.
