2070 3213
173 197 211 231 69
939 198 1124 225 CESARES.
1852 203 1891 229 70

264 255 336 294 Πρὸς
350 254 518 292 Βουλγάρων
535 253 657 292 ἄρχοντα
672 253 769 291 διέπτη
784 255 881 293 τάχος·

176 303 247 331 1525
265 301 318 330 Καὶ
332 299 427 330 πείσας
443 299 524 327 αὐτὸν
539 298 655 337 δωρεαῖς
672 298 813 337 δαψιλὲσιν

264 345 424 383 Ὑποσχὲσει
441 342 544 379 κήδους
559 354 588 372 τε
603 344 648 372 καὶ
665 347 766 382 χωρῶν
779 344 864 382 δόσει,

266 390 319 418 Σὺν
339 386 496 428 βαρϐαρικῇ
512 391 624 426 στρατιᾷ
640 390 733 428 φθάνει
750 389 846 420 πόλιν,

266 435 318 464 Καὶ
333 433 431 466 νυκτὸς
446 433 529 461 ὁλκὸν
548 433 674 471 ὑπόγειον
691 433 816 466 είσδύσας

265 480 360 512 Ἐντὸς
374 478 408 506 δι’
422 479 508 506 αὐτοῦ
523 478 644 516 γίγνεται
656 478 832 514 Βυζαντίδος.

176 528 247 555 1530
265 525 316 553 Καὶ
330 523 414 552 πάλιν
431 522 569 561 ἀπείληφε
582 524 633 558 τήν
646 525 829 563 κραταρχίαν,

265 569 377 601 Κτείνας
390 568 435 596 τὸν
453 568 581 596 Λεόντιον
595 568 640 596 σὺν
658 569 804 607 Ἀψιμάρῳ

266 611 432 651 Ἀμοιϐαδὸν
447 612 511 650 πρὶν
527 613 729 650 κεκρατηκότας
743 614 868 650 κράτους·

329 668 439 696 meum
459 669 478 693 0
498 667 720 695 PINOTMHTO):
741 670 791 696 ET.
815 669 844 702 ζ.

265 711 412 749 ’Δμόνεται
426 710 456 738 δὲ
468 710 514 738 καί
527 721 602 742 τινας
616 713 671 738 τῶν
685 711 711 738 ἐν
727 711 810 741 τέλει.

266 757 353 788 Οὗτος
367 755 476 794 τρέφων
493 754 614 792 ἔναυσμα
631 755 748 792 μήνιδος
762 757 853 795 χόλου

177 804 249 832 1535
266 802 350 830 Πόλει
365 802 509 839 Χερσῶνος
526 800 569 828 καὶ
587 801 750 838 προσοίκοισ
766 805 918 839 Χερσῶνος,

270 848 400 883 Ζητοῦσιν
416 845 497 873 αὐτὸν
514 844 618 873 ἀνελεῖν
631 846 795 884 πεφευγότα,

268 892 315 920 Ἐκ
330 889 411 918 τῶνδ’
428 890 515 926 ἀνῆψε
529 890 647 927 Θυμικήν
664 889 781 929 σφοδρὰν
796 890 887 930 φλόγα

267 935 315 967 Εἰς
327 933 416 962 τῶνδε
428 933 615 971 πυρπόλησιν,
632 934 669 965 εἷς
688 933 815 971 ἐρημίαν·

269 978 401 1017 Στρατιὰν
418 978 515 1006 οὐκοῦν
532 978 691 1016 εὐτρεπίσας
714 979 826 1017 μυρίαν.

178 1026 250 1055 1540
269 1025 319 1053 Καὶ
335 1023 462 1052 ναυτικὸν
480 1024 634 1061 στράτευμα
650 1024 695 1050 σὺν
712 1024 789 1062 βαρεῖ
805 1025 895 1062 στόλῳ

268 1069 327 1106 Ἐφ’
343 1069 379 1096 ὢν
395 1067 489 1108 ἐφίστα
503 1067 548 1095 καὶ
564 1070 722 1106 στρατηγῶν
740 1068 834 1103 δυάδα,

272 1115 437 1151 Πρηστῆρας
453 1112 611 1150 ἑκπέπομφε
622 1114 693 1140 κατὰ
709 1116 865 1152 Χερσῶνος·
890 1112 894 1118 ’

273 1156 364 1185 Φειδὼ
379 1156 508 1188 κελεύσας
523 1156 639 1194 μηδενὸς
657 1155 842 1193 λαϐεῖνμδλως

270 1203 320 1235 Οἷς
335 1203 352 1237 ἡ
368 1201 450 1232 πόλις
462 1203 566 1239 πέφυκε
580 1202 792 1239 κατοικουμένη,

181 1248 253 1276 1545
271 1248 381 1276 Κτεῖναι
397 1245 426 1274 δὲ
441 1245 543 1277 πάντας
560 1246 596 1277 ὡς
609 1244 753 1284 προϐάτων
772 1247 884 1284 ἀγέλην,

273 1290 434 1321 Κτείνοντας
450 1290 637 1326 ἐκτέμνοντας,
655 1290 691 1318 ὢν
705 1291 858 1329 τραγῳδίας

271 1337 456 1373 Πιμπρῶντας
470 1334 568 1366 αὐτοὺς
583 1334 767 1373 ἔκθερίζοντας
783 1337 864 1375 ξίφει,

271 1381 303 1408 Οἱ
320 1381 367 1417 μὶν
383 1379 465 1408 πόλιν
482 1378 603 1415 ἔπλησαν
619 1378 691 1407 οὕτω
706 1382 754 1407 τοῦ
770 1381 864 1419 φόνου,

272 1425 382 1457 Μύσους
397 1425 420 1452 τ’
435 1423 546 1461 ἐναγοῦς
561 1424 606 1451 καί
622 1427 778 1461 στεναγμῶν
796 1426 840 1453 καὶ
855 1425 926 1463 γόων

184 1471 257 1500 1550
275 1469 387 1508 Σωροὺς
402 1468 599 1504 ἀναστήσαντες
615 1468 682 1505 αὐτῇ
698 1470 865 1506 πτωμάτων,

271 1517 314 1546 Ὠς
328 1513 418 1553 σφίσιν
431 1513 584 1548 ἐντέταλτο,
601 1515 660 1550 φεῖ»,
677 1516 725 1551 φεῦ
740 1516 789 1541 τοῦ
805 1515 906 1546 πάθους
922 1516 927 1543 l

274 1557 342 1588 Οὐδ’
353 1558 466 1593 ἀνεκτὴν
483 1555 604 1594 ὄμμασιν
616 1558 732 1594 ήμέροις
748 1559 820 1594 Θὲαν,

276 1603 380 1634 Πάντας
395 1601 514 1642 ἀφειδῶς
532 1602 679 1639 ὑπάγοντες
694 1605 733 1639 τῷ
748 1604 828 1642 ξίφει,

273 1648 368 1684 Μόνης
382 1647 473 1685 ἀώρου
488 1646 593 1682 νηπίων
609 1646 719 1681 ἡλικίας

181 1695 258 1724 4555
275 1693 326 1721 Καὶ
340 1691 521 1730 μειρακίσκων
538 1693 689 1728 συμπαθῶς
704 1693 892 1731 πεφεισμένοι.

275 1738 307 1767 Ὁ
323 1736 352 1765 δὶ
364 1738 470 1774 κρατῶν
486 1735 567 1774 γνοὺς
581 1736 688 1771 νηπίων
702 1737 850 1774 σωτηρίαν,

277 1782 403 1818 Φάλαρις
418 1781 435 1817 ἢ
452 1782 570 1819 Ἔχετος
581 1780 709 1818 Ἡρώδης
725 1780 822 1819 πλέον,

252 1843 257 1846 ν
275 1826 353 1854 Κύων
368 1826 382 1853 ὁ
398 1824 575 1864 φιλαίματος,
592 1825 742 1863 ἐξώργιστό
759 1836 830 1860 πως,

277 1872 326 1903 Οἷς
340 1869 426 1899 ταῦτα
443 1870 481 1907 μή
498 1870 621 1908 γὲνοιντο
637 1871 774 1908 πάρεργον
792 1872 910 1906 σπάθης·

181 1917 255 1947 1560
275 1915 325 1944 Καὶ
342 1917 451 1952 μηνιῶν
467 1915 513 1950 ἦν,
529 1915 574 1942 καὶ
590 1915 692 1942 στελεῖν
710 1915 795 1943 ἄλλον
812 1916 910 1944 στόλον

275 1961 415 1999 Δράσοντα
429 1960 479 1995 τὴν
495 1958 600 1996 δῄωσιν
616 1959 727 1994 ἠπείλει
740 1961 838 1998 τάχος·

275 2005 356 2033 Ταῦτ’
371 2003 423 2042 ἄρα
438 2003 506 2035 λαὸς
521 2005 663 2041 Χερσῶνος
679 2004 862 2041 Λελειμμὲνος

279 2050 385 2082 Στόλος
397 2060 428 2077 τι
441 2049 535 2087 παρὼν
550 2049 580 2077 ἐκ
597 2049 731 2087 βασιλέως
746 2050 808 2078 τότε

279 2095 486 2129 ’Δποστατήσας
501 2093 672 2121 Φιλιππικὸν
689 2093 828 2131 Βαρδάνην

187 2141 261 2170 1565
280 2139 369 2170 Εὐθὺς
379 2139 575 2177 ἀνευφήμησαν
592 2139 630 2170 ὡς
648 2138 770 2176 βασιλέα

279 2184 345 2213 Μεθ’
361 2182 393 2211 οὗ
407 2182 641 2214 καταπλεύσαντες
656 2184 723 2218 ἧκον
740 2184 777 2215 εἷς
793 2185 887 2219 πόλιν,

277 2229 328 2257 Καὶ
344 2226 529 2259 συλλαϐόντες
546 2227 714 2265 ἐκθερίζουσι
730 2229 800 2268 ξίφει

279 2274 370 2311 Κάραν
383 2273 534 2311 φονουργὸν
548 2273 682 2310 κράτορος
698 2273 744 2301 σὺν
760 2276 800 2310 τῷ
815 2275 899 2312 γόνῳ.

254 2327 466 2356 ΦΙΑΙΠΙΙΙΚΟΣ
487 2326 508 2354 Ο
528 2327 584 2354 ΚΑΙ
605 2326 794 2355 ΒΑΡΔΑΝΗΣ
814 2329 869 2357 ET.
891 2330 920 2358 B'
935 2340 960 2361 ς.

281 2370 362 2400 Οὕτω
378 2371 426 2407 μὲν
440 2368 506 2408 ἔσχε
521 2369 695 2401 Φιλιππικὸς
709 2371 741 2398 τὸ
754 2373 864 2409 κράτος,

186 2417 260 2447 1570
280 2417 374 2444 Δοκῶν
392 2415 441 2452 μὲν
457 2415 526 2442 εἶναι
542 2414 690 2452 ῥητορικὸς
706 2414 732 2442 ἐν
749 2415 854 2453 λόγοις,

282 2457 442 2496 Ἐπήϐολος
458 2458 543 2497 λόγον
559 2469 588 2486 τε
602 2459 647 2486 καὶ
664 2461 846 2497 μαθημάτων,

283 2504 334 2532 Καὶ
347 2504 416 2541 πρός
430 2514 457 2531 τι
471 2506 523 2531 πᾶν
541 2502 694 2541 εὔχρηστος
713 2503 738 2531 ἐν
754 2506 916 2544 συνουσίαις,

282 2548 356 2587 Πρὸς
371 2547 394 2576 δ’
410 2547 444 2576 αὖ
458 2546 610 2585 περιδέξιος
624 2547 651 2575 ἐν
668 2550 835 2588 συνττχίαις·

280 2592 404 2629 Ἀδὲξιος
419 2593 533 2629 πάμπαν
549 2590 579 2619 δὲ
594 2593 662 2630 πρὸς
677 2593 709 2621 τὰ
725 2595 854 2631 πρακτέα,

187 2639 263 2668 1575
281 2638 341 2673 Τὴν
356 2637 485 2676 γλῶσσαν
503 2636 596 2674 αὐχῶν
611 2638 649 2674 μὴ
666 2637 831 2673 συνᾴδουσαν
845 2639 941 2678 λόγοις
958 2643 1024 2680 (28)-

280 2681 370 2714 Οὗτος
385 2681 522 2713 πεπωκὼς
537 2684 709 2719 ωγχυτικῶν
721 2683 847 2720 ναμάτων

279 2725 416 2756 ’Έσπευδι
429 2725 515 2757 τάλας
530 2725 669 2763 ἀκυρῶσαι
686 2728 809 2763 καθάπαξ

279 2771 416 2809 Σόοτημα
430 2771 536 2798 σεπτῶν
552 2770 685 2809 Πατέρων
702 2773 853 2810 θεηγόρων,

224 2863 286 2902 (28)
301 2863 347 2892 Ita
362 2857 471 2897 codex;
487 2869 552 2898 qua
567 2862 656 2892 lectio
671 2863 876 2900 improbabilia
891 2867 1016 2896 videtur.

1020 258 1047 292 Α
1064 258 1100 286 ed
1115 257 1308 295 Bulgarorum
1326 267 1423 295 regem
1439 259 1546 296 raptim
1562 260 1678 289 advolat
1694 270 1701 289 :

1064 311 1121 339 quo
1137 303 1252 340 magnis
1268 304 1324 332 sibi
1336 304 1423 332 donis
1438 304 1593 333 conciliato

1062 347 1169 376 oblatis
1184 348 1273 377 etiam
1290 349 1403 385 nuptiis
1419 351 1446 377 et
1459 350 1546 378 torris
1562 350 1684 387 aliquot,

1063 400 1130 420 cum
1147 393 1299 421 barbarico
1315 394 1441 422 exercitu
1458 394 1493 422 ad
1511 395 1613 423 urbem
1629 396 1717 430 venit,

1062 445 1261 473 arcanumque
1277 438 1483 474 aquaeductum
1499 441 1588 468 noctu
1604 448 1759 476 permeans

1062 481 1141 509 intra
1155 481 1287 518 Byzantii
1304 483 1411 511 moenia
1426 482 1576 520 recipitur.

1063 525 1110 553 Sic
1124 533 1193 562 ergo
1209 534 1315 555 rursus
1330 527 1484 563 imperium
1498 528 1685 564 adipiscitur.

1063 570 1182 599 Leontio
1198 579 1265 599 cum
1282 571 1438 608 Apsimaro
1454 572 1625 608 interfectis,

1063 615 1113 650 qui
1130 614 1298 643 alternatim
1315 618 1401 644 antea
1417 619 1619 653 regnaverant.

1190 668 1447 697 RHINOTMETUS
1473 670 1612 698 ITERUM
1634 671 1693 699 AN.
1715 671 1764 700 VI.

1063 712 1135 740 Exin
1152 716 1180 741 et
1196 717 1347 742 senatores
1362 715 1508 742 interfecit
1524 715 1646 751 aliquot.

1064 758 1138 785 Tum
1156 758 1270 786 ultricis
1285 759 1333 786 ira:
1350 759 1480 787 fomitem
1497 761 1584 787 corde
1598 769 1701 795 gerens

1064 805 1166 830 contra
1188 803 1366 831 Chersonem
1384 807 1544 840 contraque
1560 805 1650 840 hujus
1666 806 1818 841 finitimos,

1065 847 1115 882 qui
1132 855 1162 875 se
1180 850 1324 875 extorrem
1341 849 1462 884 perdere
1479 850 1716 885 coniuraverant,

1065 900 1143 919 nunc
1157 892 1277 920 demum
1293 892 1428 920 excitavit
1444 894 1593 929 ingentem
1612 895 1762 923 ﬂammam

1026 942 1049 975 Β
1066 938 1097 963 ut
1113 945 1161 964 eos
1178 937 1245 972 igne
1257 937 1401 972 redigeret
1416 937 1444 965 in
1462 938 1666 966 solitudinem.

1065 980 1159 1016 Igitur
1175 985 1343 1017 comparato
1362 982 1472 1017 ingenti
1484 983 1623 1017 exercitu,

1065 1033 1132 1052 cum
1150 1025 1300 1053 maritimo
1317 1026 1408 1054 milile
1422 1029 1450 1054 et
1466 1026 1559 1055 classe
1576 1028 1666 1063 gravi,

1065 1070 1179 1098 duobus
1196 1070 1283 1098 etiam
1300 1071 1468 1107 prmpositis
1484 1072 1622 1105 ducibus,

1066 1114 1215 1150 fulgurum
1234 1115 1326 1143 instar
1342 1118 1442 1143 contra
1458 1116 1635 1145 Chersonem
1652 1117 1748 1152 misit;

1067 1160 1212 1187 mandans
1230 1162 1261 1187 ut
1277 1160 1388 1187 nemini
1405 1169 1526 1195 prorsus
1543 1165 1705 1197 parcerent,

1067 1205 1212 1239 quotquot
1226 1204 1255 1231 in
1273 1204 1345 1231 urbe
1361 1205 1437 1232 cives
1453 1205 1632 1240 habitarent,

1067 1248 1117 1275 sed
1134 1250 1254 1276 cunctos
1271 1248 1329 1276 ritu
1346 1249 1492 1284 pecudum
1508 1249 1714 1278 interﬁcerent.

1068 1293 1234 1326 mactanda,
1247 1292 1414 1328 jugulando
1431 1293 1499 1328 (heu
1518 1295 1689 1330 tragwdiam
1706 1295 1725 1329 ί)

1068 1337 1179 1364 urendo
1194 1337 1332 1371 ﬂammis,
1351 1337 1455 1372 gladiis
1471 1338 1657 1365 demetenda.

1067 1380 1111 1408 Illi
1127 1381 1169 1408 sic
1180 1381 1257 1415 jussi
1273 1381 1352 1408 caede
1369 1381 1520 1416 replerunt
1536 1383 1651 1416 urbem,

1068 1426 1197 1453 infandis
1213 1426 1342 1453 caedibus
1358 1429 1385 1453 et
1401 1426 1481 1453 luctu
1498 1428 1525 1453 et
1541 1427 1721 1461 gemitibus;

1069 1472 1334 1505 exstruxeruntque
1345 1470 1374 1497 in
1392 1471 1463 1498 urbe
1483 1471 1632 1506 ingentem
1649 1471 1803 1499 cumulum

1071 1515 1199 1550 aggestis
1215 1514 1407 1542 cadaveribus
1423 1516 1487 1550 (pro
1505 1515 1685 1550 miseriam!)

1071 1559 1288 1586 intolerandum
1304 1559 1426 1586 mitibus
1440 1560 1639 1595 spectaculum
1647 1581 1653 1593 ,

1073 1604 1187 1631 cunctis
1202 1603 1393 1631 inclementer
1408 1604 1565 1632 trucidatis
1582 1604 1705 1633 civibus.

1073 1649 1111 1676 Ex
1127 1648 1173 1676 his
1186 1648 1344 1676 infantium
1360 1650 1475 1676 tantum
1490 1650 1594 1677 acerba
1610 1651 1680 1677 aetas

1072 1702 1105 1721 ac
1121 1693 1288 1729 puellorum
1305 1694 1412 1721 meruit
1428 1693 1624 1721 clementiam.

1073 1740 1109 1765 At
1123 1738 1173 1765 ubi
1190 1746 1239 1765 rex
1255 1739 1391 1773 cognovit
1407 1740 1538 1765 servatos
1554 1747 1674 1773 pueros,

1073 1782 1206 1810 Phalaris
1223 1783 1306 1816 alter,
1324 1783 1462 1817 Echetus,
1482 1783 1619 1818 Herodes,

1074 1828 1156 1855 canis
1172 1827 1232 1855 imo
1246 1829 1396 1861 cruentus,
1414 1827 1457 1855 ira
1471 1828 1639 1861 excanduit,

1075 1872 1152 1907 quod
1171 1872 1231 1899 haec
1248 1872 1392 1899 mantissa
1410 1872 1480 1899 cadi
1497 1881 1553 1899 non
1572 1872 1739 1900 accesserit.

1073 1917 1199 1952 Jamque
1212 1917 1336 1949 furebat,
1353 1919 1382 1944 et
1399 1918 1500 1944 statim
1516 1925 1621 1944 novam
1638 1917 1763 1945 classem

1075 1960 1153 1988 exitii
1171 1969 1261 1989 causa
1275 1961 1437 1988 missurum
1454 1969 1484 1988 se
1501 1961 1688 1996 minabatur;

1076 2005 1194 2033 interim
1210 2007 1310 2032 tamen
1326 2005 1458 2040 reliquus
1470 2005 1629 2034 Chersonis
1645 2006 1772 2042 populus

1076 2058 1143 2077 cum
1160 2049 1253 2077 classe
1269 2050 1348 2086 regia
1364 2052 1435 2077 tunc
1448 2050 1488 2077 ibi
1506 2052 1649 2085 praesente

1077 2094 1225 2122 conversis
1241 2094 1331 2122 armis
1348 2093 1545 2129 Philippicum
1562 2094 1724 2122 Bardanem

1078 2139 1175 2167 subito
1194 2141 1272 2166 motu
1288 2139 1430 2166 Cmsarem
1447 2139 1650 2166 acclamarunt
1667 2147 1674 2166 :

1078 2192 1135 2219 quo
1151 2184 1223 2212 duce
1239 2184 1273 2211 ad
1291 2184 1394 2211 urbem
1410 2183 1522 2219 regiam
1539 2183 1711 2219 navigantes
1729 2191 1735 2210 :

1077 2228 1245 2256 Justiniano
1262 2228 1358 2263 potiti,
1370 2227 1468 2263 gladio
1486 2228 1639 2264 demetunt

1079 2274 1143 2309 ejus
1155 2273 1272 2301 credule
1288 2275 1376 2308 caput
1391 2275 1420 2300 et
1435 2273 1487 2300 ﬁlii
1504 2272 1624 2308 pariter.

1040 2305 1064 2338 D
1092 2305 1333 2361 “:PHILIPPICUS-
1354 2305 1542 2354 BARDANss
1563 2326 1621 2353 AN.
1644 2326 1677 2353 Π.
1699 2326 1806 2354 MENS.
1827 2325 1875 2353 v1.

1079 2374 1175 2407 Atque
1190 2371 1232 2399 ita
1248 2371 1405 2406 imperium
1421 2371 1550 2398 obtinuit
1564 2370 1756 2407 Philippicas,

1078 2417 1124 2444 vir
1134 2423 1269 2443 sermone
1285 2415 1404 2450 quidem
1422 2415 1583 2442 admodum
1600 2415 1778 2449 rhetoricus,

1080 2460 1222 2489 doctrinis
1238 2462 1327 2495 atque
1343 2459 1450 2487 litteris
1467 2459 1611 2491 eruditus,

1081 2505 1163 2533 omni
1179 2504 1301 2533 consilio
1318 2504 1474 2532 abundans
1490 2504 1520 2531 in
1536 2504 1704 2540 colloquiis,

1081 2552 1220 2586 praeterea
1235 2549 1307 2577 satis
1322 2550 1422 2577 dexter
1435 2549 1464 2575 in
1480 2548 1569 2576 variis
1584 2549 1704 2576 casibus
1718 2557 1724 2583 ;

1083 2595 1134 2623 sed
1150 2596 1250 2622 tamen
1267 2595 1302 2622 ad
1319 2594 1462 2629 gerendas
1479 2602 1524 2621 res
1538 2594 1668 2629 ineptus,

1081 2649 1156 2668 vana
1168 2640 1271 2675 lingua
1287 2638 1430 2675 praeditus
1445 2638 1524 2665 haud
1540 2639 1626 2666 factis
1639 2639 1846 2666 consentanea.

1082 2685 1154 2712 Cum
1170 2685 1218 2712 hic
1234 2683 1421 2720 synchyticos
1438 2683 1533 2710 fontes
1550 2683 1702 2718 ebibisset,

1083 2730 1184 2758 statim
1201 2729 1259 2757 heu
1275 2729 1366 2756 miser
1381 2728 1523 2764 abrogare
1537 2728 1633 2755 voluit

1083 2774 1174 2810 impio
1188 2773 1347 2802 stultorum
1364 2773 1500 2809 synedrio
1517 2772 1735 2807 haereticorum,
