4140 6402
397 386 464 441 71
1612 366 1982 421 ΕΡΗΒΕΜΙΙ
2020 367 2032 413 1

1612 366 1982 421 ΕΡΗΒΔΕΜΙΙ
2020 360 2590 417 CHRONOGRAPHI

396 510 719 582 augustum
750 508 990 561 Patrum
1023 497 1431 567 theologorum
1463 496 1678 550 costum

397 600 499 672 qui
531 597 788 653 divinam
816 596 1040 648 sextam
1073 587 1364 660 synodum
1398 583 1882 655 approbaverant.

397 670 664 759 Namque
694 686 753 739 in
786 680 1044 755 partium
1073 676 1483 732 heareticarum
1518 670 1806 727 monacho

397 776 659 851 praedicti
688 771 922 844 imperii
954 767 1285 824 mercedem
1319 762 1671 835 promiserat

397 866 617 939 petenti
651 866 825 920 sextae
852 857 1058 932 synodi
1089 853 1551 939 abrogationem.

396 938 517 1012 Sub
550 970 616 1009 eo
647 953 955 1009 Moesorum
988 953 1194 1001 turmas
1221 940 1506 998 Thracios
1532 938 1680 993 ﬁnes

394 1046 594 1103 ablata
623 1040 1071 1098 incursaverunt
1099 1035 1296 1105 praeda
1325 1033 1658 1095 innumera,

393 1135 583 1207 ipsius
615 1130 826 1203 regalis
855 1128 1017 1183 urbis
1048 1139 1239 1195 usque
1269 1122 1340 1177 ad
1374 1118 1613 1174 mcenia.

393 1227 544 1281 Tum
575 1227 631 1278 et
664 1217 911 1292 Agareni
943 1222 1133 1271 terras
1163 1210 1371 1268 orienti
1401 1209 1680 1263 obversas

392 1312 554 1369 omni
586 1328 647 1367 re
677 1324 913 1365 corrasa
942 1302 1151 1360 armati
1180 1300 1574 1369 diripuerunt.

390 1405 541 1476 Ergo
574 1402 716 1456 dum
744 1398 839 1452 hic
870 1395 1062 1450 Caesar
1092 1392 1255 1462 pigre
1286 1388 1555 1457 maleque
1584 1383 1734 1456 gerit

396 1471 737 1564 imperium,
767 1485 857 1543 vel
890 1480 1315 1554 rempublicam
1348 1477 1490 1532 dum
1524 1475 1719 1547 potius
1749 1471 2002 1539 subruit,

388 1588 446 1639 et
476 1578 654 1638 simul
684 1580 842 1633 recta
871 1575 1150 1644 dogmata
1180 1566 1428 1640 perverti
1460 1569 1647 1631 curat,

387 1689 421 1727 a
451 1666 824 1726 senatoribus
856 1665 1063 1732 captus
1098 1659 1157 1713 in
1188 1655 1451 1713 convivio

381 1759 607 1816 lumine
629 1754 938 1813 oculorum
973 1749 1182 1806 merito
1209 1747 1453 1803 orbatus
1483 1743 1614 1799 fuit.

490 1896 947 1960 ANAS'I‘ASIUS,
987 1892 1106 1958 QUI
1144 1891 1235 1945 ET
1280 1884 1827 1960 ARTEMIUS,AN.
1875 1885 1922 1949 ι,

703 1970 843 2026 VEL
884 1959 973 2023 UT
1012 1964 1159 2019 ALII
1196 1960 1440 2018 AIUNT.
1485 1962 1604 2012 AN.
1649 1959 1720 2012 ll.

381 2091 603 2148 Deinde
634 2101 870 2144 summa
900 2096 1094 2138 rerum
1128 2077 1241 2133 fuit
1270 2074 1607 2131 concredita

380 2179 561 2254 regali
592 2193 728 2234 cum
757 2172 991 2245 fastigio
1025 2165 1274 2241 sapienti
1306 2164 1426 2219 viro

378 2265 789 2342 protasecretis
822 2260 1224 2318 doctrinarum
1259 2260 1410 2318 cato,

375 2341 471 2431 qui
506 2354 905 2430 apostolorum
940 2350 1199 2419 itemque
1234 2344 1471 2399 Patrum
1505 2341 1800 2413 dogmata.

375 2430 744 2511 collaudans,
779 2440 1044 2514 apprime
1076 2435 1315 2491 amabat
1346 2430 1776 2496 orthodoxiam,

376 2540 446 2595 ad
478 2551 676 2593 rerum
708 2546 940 2605 quoque
968 2525 1228 2598 regimen
1263 2526 1418 2577 recte
1449 2519 1765 2587 exercitus,

377 2643 535 2683 nunc
566 2620 917 2681 Anastasius
943 2617 1204 2681 nomine,
1238 2610 1537 2668 Artemius
1568 2608 1727 2664 olim.

375 2718 482 2774 Hic
512 2718 807 2789 pastorem
840 2706 1182 2765 hiereticum
1214 2703 1503 2757 Joannem

374 2807 574 2866 statim
607 2802 902 2876 deposuit,
930 2802 1402 2864 Germanumque
1434 2806 1715 2862 magnum

374 2898 447 2953 ad
480 2894 861 2967 Byzantinam
892 2887 1125 2944 censuit
1153 2882 1635 2939 transferendum

374 2984 572 3041 sedem
604 2998 635 3036 e
662 2978 860 3049 Cyzico
894 2990 1026 3032 cum
1064 2976 1367 3045 pastorum
1402 2967 1668 3023 consilio.

373 3074 533 3130 Idem
565 3075 622 3127 et
651 3070 904 3126 classem
936 3063 1098 3119 misit
1143 3062 1426 3116 adversus
1458 3056 1722 3113 hostium

372 3161 617 3218 classem
649 3154 956 3214 Phaznicize
983 3152 1276 3225 Syriaeque
1307 3150 1635 3203 vastantem
1670 3143 1868 3199 littora

373 3247 729 3306 navarchum
764 3249 959 3301 autem
993 3239 1167 3296 classi
1202 3234 1523 3310 praeposuit

371 3339 595 3411 Magnae
628 3337 939 3393 diaconum
975 3328 1261 3393 Ecclesiae,
1292 3342 1464 3399 quem
1500 3324 1717 3380 honore

366 3425 657 3501 generalis
691 3421 984 3480 decoravit
1014 3418 1347 3491 logothetsa.

364 3520 418 3573 Is
446 3516 693 3573 feliciter
724 3513 1009 3584 navigans
1032 3507 1307 3564 Rhodum
1340 3520 1550 3575 usque,

361 3606 483 3661 illic
514 3606 574 3661 in
606 3602 913 3660 navalibus
947 3602 1181 3671 portum
1214 3594 1422 3650 tenuit.

360 3700 508 3753 Cum
540 3698 735 3750 autem
767 3688 1136 3747 convenisset
1168 3685 1345 3741 robur
1377 3682 1639 3738 militum

362 3801 496 3841 cum
532 3782 785 3839 tribunis
816 3778 914 3851 qui
946 3776 1196 3833 classem
1229 3778 1358 3846 apte
1392 3774 1678 3844 regerent,

360 3879 484 3930 tum
512 3874 753 3929 demum
789 3874 853 3925 ut
880 3869 939 3923 in
978 3864 1266 3922 mandatis
1298 3881 1327 3918 a
1362 3878 1498 3935 rege
1530 3861 1821 3916 habuerat

361 3963 647 4019 diaconus
677 3962 859 4016 duces
890 3957 1059 4028 coepit
1088 3953 1375 4010 violenter

357 4052 757 4122 iracundeque
787 4064 993 4120 cogere
1022 4045 1094 4101 ad
1128 4042 1525 4115 navigandum
1556 4060 1569 4109 ;

357 4142 457 4215 qui
490 4140 670 4198 simul
702 4154 908 4195 omnes
938 4136 1139 4192 statim
1174 4132 1586 4203 conspirantes

359 4230 673 4287 crudeliter
703 4229 1019 4283 diaconum
1051 4222 1245 4295 gladio
1277 4219 1525 4276 caedunt.

358 4320 580 4375 Deinde
609 4318 682 4373 ad
710 4312 1149 4386 Adramyttium
1183 4308 1427 4381 profecti
1461 4306 1692 4374 urbem,

360 4409 445 4464 ibi
475 4404 869 4463 Theodosium
906 4402 1224 4475 quemdam
1256 4401 1588 4455 exactorem

360 4496 733 4570 publicorum
759 4492 1136 4565 vectigalium
1169 4486 1698 4560 deprehendentes,

356 4588 549 4643 virum
580 4583 924 4656 imperando
953 4582 1124 4653 plane
1151 4582 1439 4649 ineptum,

360 4675 585 4733 affatim
616 4674 844 4739 rudem,
880 4687 1110 4727 merum
1141 4668 1410 4731 idiotam,

360 4772 417 4822 et
446 4765 687 4838 quidem
716 4761 1100 4818 reluctantem
1134 4756 1463 4813 acclamant
1492 4756 1801 4808 Caesarem.

363 4857 446 4911 Re
475 4856 775 4925 comperta
802 4848 1177 4917 Anastasius,
1212 4844 1484 4900 discessit
1516 4841 1805 4913 protinus,

363 4943 794 5015 Bithynamque
826 4940 1031 4995 urbem
1058 4935 1310 4992 Nicaeam
1344 4932 1580 4988 insedit.

507 5063 957 5123 THEODOSIUS
1015 5054 1607 5117 ADRAMYTTENUS
1644 5056 1760 5111 AN.
1806 5053 1874 5110 II.

433 5181 804 5241 Theodosius
838 5184 1032 5236 autem
1064 5174 1407 5247 Byzantium
1443 5188 1789 5245 properans,

363 5277 517 5331 intra
547 5275 815 5345 receptus
844 5271 1074 5326 creatur
1105 5266 1447 5336 imperator.

365 5366 522 5421 Tum
549 5378 683 5418 vero
711 5359 1039 5430 assumptis
1069 5353 1271 5410 electis
1304 5352 1683 5407 senatoribus

368 5454 723 5527 quibuscum
757 5446 969 5521 praesul
1005 5458 1241 5516 quoque
1270 5441 1598 5497 Germanus
1626 5442 1772 5509 erat,

369 5542 625 5599 Nicaeam
660 5536 841 5594 simul
874 5534 1069 5591 cuncti
1095 5533 1168 5587 ad
1201 5546 1396 5601 regem
1423 5529 1690 5600 veniunt,

371 5634 439 5686 ut
469 5630 622 5685 fama
655 5632 764 5696 est,
797 5641 921 5680 rem
954 5626 1146 5679 actam
1180 5619 1543 5675 nuntiantes.

370 5718 426 5774 Is
448 5722 646 5774 autem
677 5714 881 5771 statim
912 5716 1069 5769 veste
1098 5712 1324 5766 mutata
1360 5723 1591 5764 comam

2081 488 2135 554 Α

2341 486 2547 552 Ἕκτῆς
2573 484 2817 558 κυρωτὸν
2848 483 3076 538 συνόοου
3107 484 3393 557 θεοκρίτου

2158 575 2301 631 1580
2338 573 2719 641 Ματαιότητος
2751 568 3001 627 δυσσεϐεῖ
3032 570 3316 649 συνεδρίῳ·

2335 664 2450 716 Τινὶ
2489 663 2749 736 μοναχών
2783 664 3061 737 αἱρετικῆς
3094 663 3357 739 φρατρίας

2337 750 2587 808 Αἷτοῦντι
2618 751 2779 826 χάριν
2812 759 2913 821 τῆς
2941 754 3304 827 προγνώσεως
3332 752 3495 808 τίνων

2333 842 2445 897 Τοῦ
2473 840 2670 915 κράτος
2700 838 2835 914 ἕξειν
2868 840 3119 911 ἀθέτησιν
3147 840 3375 897 συνόδου

2337 931 2452 1006 Ἐφ’
2486 930 2547 984 οὗ
2580 935 2773 985 Μυσῶν
2806 930 3116 1004 στράτευμα
3146 930 3361 1005 Θρᾴκης
3394 930 3579 1007 χωρία

2159 1020 2297 1075 1585
2336 1018 2541 1075 Ἤλασε
2573 1017 2721 1074 λείαν
2756 1018 3105 1096 καταδραμὸν
3137 1021 3360 1097 μυρίαν,

2335 1106 2550 1163 Φθάσαν
2583 1110 2690 1183 πρὸ
2714 1113 2915 1185 τειχῶν
2949 1106 3154 1172 ἄστεως
3190 1108 3492 1185 βασιλίδος.

2333 1197 2401 1254 Οἱ
2423 1195 2469 1250 δ’
2502 1198 2797 1274 Ἀγαρηνοὶ
2828 1202 2897 1253 τα
2929 1199 3068 1275 μέρη
3098 1201 3166 1254 τά
3193 1202 3316 1265 καθ’
3342 1202 3455 1255 Ἕω

2336 1287 2671 1354 Λεηλατοῦσι
2695 1290 2785 1343 καὶ
2816 1288 3168 1345 σκυλεύουσιν
3202 1289 3418 1353 ὅπλοις.

2332 1376 2485 1431 Οὕτω
2519 1378 2795 1453 ῥᾳθύμως,
2826 1378 3184 1451 πλημμελῶς
3223 1382 3403 1455 ἀρχὴν
3437 1382 3703 1457 στρέφων,

2156 1466 2293 1522 1590
2333 1466 2565 1523 Μᾶλλον
2600 1466 2657 1522 δὲ
2686 1469 2849 1523 κοινὰ
2875 1470 3169 1544 πράγματα
3197 1471 3604 1545 καταστρέφων,

2331 1556 2619 1632 Εἰλικρινῆ
2648 1578 2705 1612 τε
2737 1555 2980 1633 δόγματα
3020 1555 3378 1635 διαστρέφων,

2327 1647 2413 1701 Ἐν
2444 1648 2704 1718 συσσιτίῳ
2736 1647 3017 1722 συσχεθεὶς
3046 1653 3165 1711 τοῖς
3194 1649 3247 1703 ἑν
3279 1648 3451 1721 τέλει,

2326 1730 2586 1792 "Eo-55610
2621 1736 2845 1811 λίχνους
2876 1736 3035 1808 ἀξίως
3067 1742 3173 1793 τῶν
3201 1738 3491 1812 ὀμμάτων.

3751 362 3833 419 72

2064 1858 2587 1937 ΒΑΝΑΣΤΑΣΙΟΣ
2647 1886 2692 1938 o
2748 1886 2873 1938 ΚΑΙ
2931 1882 3295 1939 APTEMIOE
3352 1883 3441 1939 ET
3496 1882 3555 1938 A'
3612 1882 3679 1939 01
3720 1882 3810 1938 ΔΕ

2050 3231 2096 3296 C

2048 4598 2095 4662 D

2864 1955 2957 2010 ET
2998 1954 3071 2008 B'.

2320 2068 2450 2125 Εἶτα
2480 2066 2761 2144 παρῆλθεν
2796 2068 2871 2131 εἷς
2904 2065 3178 2139 διοίκησιν
3211 2067 3359 2125 ὅλων

2144 2159 2283 2213 1595
2320 2158 2533 2232 Ἀρχήν
2560 2180 2617 2212 τε
2652 2159 2935 2234 βασίλειον
2962 2164 3425 2234 πρωτασηκρῆτις

2323 2246 2503 2323 Σοφός
2532 2268 2616 2309 τις
2648 2249 2783 2323 ἀνὴρ
2816 2248 2904 2303 καὶ
2940 2247 3277 2322 μαθημάτων
3312 2245 3475 2323 ἴδρις,

2321 2336 2731 2392 Ἀποστολικῶν
2765 2335 3056 2412 δογμάτων
3090 2336 3395 2407 ἐπαινέτης,

2320 2425 2465 2500 Πρὸς
2497 2423 2541 2479 δ’
2574 2427 2636 2479 αὖ
2664 2428 2963 2501 πατρικῶν,
2999 2424 3160 2501 φίλος
3189 2423 3524 2501 ὀρθοδοξίας·
3552 2415 3565 2425 ’

2321 2517 2654 2588 Ἢσκημένος
2688 2517 2981 2590 πράγματα
3010 2518 3191 2578 καλῶς
3224 2513 3444 2586 διέπειν,

2143 2606 2280 2661 1600
2320 2605 2649 2669 Αναστάσιος
2678 2604 2967 2678 Ἀρτέμιος
2997 2602 3271 2669 παιδόθεν.

2316 2696 2412 2756 Ὃς
2442 2695 2699 2764 Ἰωάννην
2734 2694 3003 2770 αἱρετικὸν
3036 2694 3273 2767 ποιμένα

2318 2782 2576 2839 Καθεῖλεν
2605 2783 2789 2849 εὐθύς·
2822 2785 3094 2861 Γερμανὸν
3129 2781 3185 2838 δὲ
3214 2783 3306 2838 τὸν
3343 2783 3506 2857 μέγαν

2319 2874 2694 2943 Μετατεθῆναι
2724 2874 2860 2949 πρὸς
2894 2874 3084 2947 θρόνον
3118 2870 3436 2942 Βυζαντίδος

2314 2964 2408 3019 Ἐκ
2438 2963 2669 3032 Κυζίκου
2702 2964 2917 3037 κέκρικε
2947 2962 3037 3017 σὺν
3067 2962 3407 3038 ἀρχιθύταις,

2140 3053 2277 3107 1605
2316 3049 2483 3114 Οὗτος
2516 3051 2713 3106 στόλον
2744 3050 2999 3126 πέπομφε
3029 3051 3143 3105 κατ’
3186 3049 3399 3124 ἐχθρῶν
3434 3050 3654 3125 στόλου,

2335 3142 2509 3213 Ορους
2538 3144 2830 3200 κακοῦντος
2864 3138 3123 3208 Φοινίκης
3152 3138 3241 3192 καὶ
3274 3140 3492 3216 Συρίας,

2313 3228 2608 3304 Ναύαρχον
2641 3229 2770 3283 εἶναι
2796 3228 3189 3303 προστεταχὼς
3217 3233 3314 3283 τοῦ
3338 3227 3538 3285 στόλου

2307 3323 2439 3374 Θεοῦ
2474 3318 2717 3395 μεγάλης
2747 3315 2966 3389 λευΐτην
3000 3317 3346 3390 Ἐκκλησίας.

2304 3409 2477 3466 Αὐτὸν
2499 3412 2737 3483 τιμήσας
2766 3412 2973 3484 γενικὸν
2999 3412 3317 3485 Λογοθέτην·

2129 3500 2266 3555 1610
2302 3500 2399 3561 ’Ὸς
2431 3498 2815 3562 ἐκπεπλευκὼς
2846 3501 3095 3576 εὐμαρῶς
3126 3497 3258 3575 ἄχρι
3288 3498 3482 3556 Ῥόδου

2306 3587 2674 3662 Ἐλλιμενίζει
2696 3594 2813 3651 τοῖς
2844 3589 3092 3666 νεωρίοις
3120 3587 3329 3646 Ῥόδου.

2305 3677 2455 3734 Ἐπεὶ
2489 3676 2545 3733 δὲ
2578 3680 2935 3753 συνήθροιστο
2966 3678 3259 3755 ταγμάτων
3295 3681 3503 3757 στίφος,

2306 3770 2403 3821 Καὶ
2427 3768 2811 3845 τάγματάρχαι
2844 3770 2981 3844 πρὸς
3015 3770 3262 3843 σύναρσιν
3299 3774 3394 3825 τοῦ
3425 3769 3646 3844 στόλου,

2301 3858 2388 3920 Ὧς
2418 3859 2484 3928 ἦν
2521 3858 2737 3933 βασιλεῖ
2765 3862 3235 3935 προστεταγμένον
3267 3859 3414 3931 τόδε,

2127 3949 2266 4003 1615
2305 3949 2431 4003 Βίαν
2465 3947 2632 4022 ἐπῆγε
2659 3953 2777 4011 τοῖς
2810 3954 3134 4024 στρατηγοῖς
3165 3950 3404 4021 λευίτης,

2308 4038 2449 4111 aps;
2480 4037 2763 4093 ἄπόπλουν
2797 4044 2931 4116 σφᾶς
2965 4038 3205 4114 ὀργίλως
3236 4039 3573 4114 παροξύνων.

2303 4128 2370 4184 Οἱ
2402 4124 2460 4181 δὲ
2490 4128 2833 4196 στασιάζουσι
2866 4130 3063 4191 πάντες
3097 4129 3319 4197 ευθέως,

2304 4215 2406 4271 Καὶ
2442 4214 2656 4282 λευίτην
2688 4220 3009 4294 σφάττουσιν
3043 4216 3279 4295 ἀφειδῶς
3308 4220 3471 4297 ξίφει⁸

2304 4303 2407 4360 Καὶ
2438 4305 2573 4380 πρὸς
2601 4302 2764 4360 πόλιν
2798 4307 3088 4383 φθάνουσιν
3133 4307 3532 4384 Ἀτραμυττίου

2128 4394 2265 4449 1620
2304 4394 2469 4449 Ἔνθα
2500 4392 2786 4450 Θεοδόσιον
2819 4398 3141 4471 πρακτόρων
3174 4395 3269 4452 ἕνα

2305 4484 2430 4538 Τῶν
2464 4481 2748 4556 δημοσίων
2782 4483 3047 4562 εἰσφορῶν
3081 4484 3394 4563 εἰληφότες,

2304 4569 2508 4647 ’Ἄνδρα
2543 4574 2680 4647 πρὸς
2710 4575 2888 4650 ἀρχὴν
2926 4571 3055 4646 μηδ’
3088 4573 3236 4636 ὅλως
3264 4575 3563 4651 πεφυκότα,

2309 4660 2603 4736 Ἀγροῖκον
2640 4658 2811 4725 ὄντως
2844 4660 3070 4733 ἰδιώτην
3110 4663 3389 4719 παντάπαν

2307 4752 2527 4805 ”Ακοντ’
2557 4750 2925 4825 ἀνηγόρευσαν
2959 4752 3033 4815 εἰς
3070 4753 3317 4828 βασιλέα·

2131 4841 2268 4896 16ἓῖ
2307 4842 2370 4893 Ὃ
2401 4840 2563 4915 γνοὺς
2598 4842 2943 4905 Ἀναστάσιος
2973 4842 3138 4918 ᾤχετ’
3169 4844 3361 4899 αὐτίκα

2309 4929 2407 4985 Καὶ
2439 4933 2676 4994 Βιθυνῶν
2706 4931 2933 4987 Νίκαιαν
2966 4929 3394 5006 καταλαμϐάνει.

2308 5057 2700 5114 ΘΕΟΔΟΣΙΟΣ
2741 5058 2785 5114 Ο
2824 5057 3371 5117 ΑΤΡΑΜΥΤΤΗΝΟΣ
3410 5064 3493 5117 ET
3530 5060 3605 5119 B’.

2306 5174 2367 5231 Ὁ
2401 5170 2445 5227 δ⁹
2475 5173 2539 5228 αὗ
2571 5171 2859 5238 Θεοδόσιος
2886 5175 3089 5253 φθάσας
3117 5177 3215 5245 τὴν
3249 5174 3412 5232 πόλιν

2308 5262 2544 5320 Εἷ¹σεισιν
2578 5263 2749 5333 ἐντὸς,
2784 5262 3157 5320 ἀναδείκνυται
3184 5265 3421 5340 κράτωρ’

2310 5353 2415 5409 Καὶ
2446 5348 2781 5428 παραλαϐὼν
2813 5354 3143 5431 προκρίτους
3172 5356 3483 5430 γερουσίας,

2135 5444 2272 5499 1630
2310 5444 2408 5505 Οἷς
2436 5442 2525 5497 καὶ
2558 5450 2799 5513 συνῆπτο
2830 5445 3107 5521 Γερμανὸς
3139 5444 3469 5520 ἆρχιθύτης,

2310 5529 2404 5593 Εἲς
2436 5533 2661 5587 Νίκαιαν
2691 5532 2889 5602 ἥκουσι
2920 5535 3057 5609 πρὸς
3092 5532 3341 5610 βασιλέα,

2307 5621 2379 5677 "A
2409 5615 2749 5693 συμϐεϐήκει
2777 5623 3128 5690 οεικνύοντες,
3160 5622 3235 5686 ὡς
3262 5619 3414 5686 ἓπος.

2307 5715 2359 5765 '0
2390 5707 2437 5765 δ’
2467 5708 2532 5766 αὗ
2565 5731 2700 5785 ματη
2713 5712 2949 5792 μφίαστο
2979 5713 3161 5790 καρείς
3186 5714 3288 5784 τὴν
3319 5712 3501 5788 κόμην
