4140 6414
470 433 543 487 79
1426 447 1437 459 ⁸
1684 423 2058 482 ΕΡΗΒΕΜΙῙ
2097 427 2105 469 1

2254 420 2670 477 DNOGBAPHI
3820 427 3889 482 80

470 572 620 628 quos
650 557 803 612 inter
830 554 1198 627 Stephanum
1230 558 1287 609 et
1307 554 1601 609 Andream
1625 548 1945 607 monachos

2150 545 2206 612 Α
2412 545 2541 598 Μεθ’
2573 544 2633 597 οὗ
2667 541 2962 622 Στέφανον,
2997 540 3253 620 Ἀνδρέαν
3291 548 3668 623 μονοτρόπους

469 646 685 703 Christi
721 645 947 701 Domini
982 649 1264 715 martyres
1296 643 1507 710 eﬂ'ecit,

2229 635 2369 691 1795
2398 634 2691 709 Μάρτυρας
2727 632 2968 712 ἀπέφηνε
2998 636 3235 709 Χριστοῦ
3268 636 3564 711 Δεσπότου,

468 734 764 806 aliamque
796 734 1111 805 plurimam
1136 748 1269 788 cum
1303 730 1606 788 monachis
1636 734 1949 786 catervam.

2406 720 2650 785 Ἀλλους
2678 744 2735 778 τε
2765 721 3057 785 πλείστους
3091 724 3181 779 σὺν
3220 732 3513 797 μονασταῖς
3546 727 3797 803 μιγάδας.

466 825 547 881 Eo
581 830 863 895 regnante
893 823 1215 895 tyrannice,
1247 822 1613 877 Palaestinam

2401 815 2606 869 Τούτου
2628 818 3037 889 τυραννοῦντος,
3065 812 3116 867 ἐν
3148 818 3216 887 τῇ
3251 814 3585 892 Παλαιστίνῃ

466 918 594 969 tum
626 912 802 968 etiam
836 912 1062 983 Syriam
1092 917 1149 966 et
1180 911 1369 981 ipsam
1405 910 1607 965 urbem
1642 908 1864 981 regiam

1770 924 1864 965 am
2407 907 2511 960 Κάν
2542 908 2611 977 τῇ
2645 902 2816 979 Συρίᾳ
2844 904 2933 958 καὶ
2970 901 3212 978 βασιλίδι
3246 899 3404 961 πόλει

465 1002 763 1057 maximus
786 1006 950 1056 terra:
984 1006 1177 1055 motus
1208 1000 1469 1069 agitavit,

2407 994 2643 1067 Σεισμὸς
2680 994 2929 1067 μέγιττος
2955 994 3044 1047 καὶ
3074 990 3275 1056 κλόνος
3307 1002 3410 1069 γῆς
3444 991 3666 1067 συνέϐη,

462 1090 633 1162 isque
662 1089 999 1145 mortalium
1032 1104 1345 1143 numerum
1368 1089 1666 1160 ingentem
1698 1086 1915 1143 hausit.

2229 1088 2368 1143 1800
2407 1086 2485 1139 Δι’
2516 1084 2579 1139 οὗ
2616 1084 2825 1159 βροτῶν
2859 1082 3092 1161 ἔφθαρτο
3128 1083 3322 1160 μυρίον
3355 1086 3562 1164 στίφος,

462 1179 747 1235 Ρτωιοιοοθ.
777 1180 1020 1234 morbus
1050 1177 1337 1249 pestilens
1369 1176 1652 1232 exitiosus

2404 1170 2588 1242 ,Ἄλλη
2626 1173 2799 1246 φθορά
2825 1192 2884 1225 τε
2912 1170 3003 1225 καὶ
3036 1166 3386 1247 φθισίϐροτος
3415 1175 3572 1239 νόσος

457 1268 573 1325 late
597 1286 697 1341 per
727 1270 922 1325 orbem
948 1283 1226 1340 grassans
1259 1266 1467 1321 afﬂixit
1499 1266 1675 1321 urbes
1710 1282 1723 1321 :

2406 1264 2829 1316 Ἐπεισπεσοῦσα
2858 1261 3157 1335 κατέτρυχε
3189 1261 3283 1324 τὰς
3311 1261 3505 1326 πόλεις
3540 1283 3552 1296 ·

458 1374 565 1414 nec
595 1375 765 1429 porro
799 1358 1063 1414 narranti
1096 1356 1241 1411 mihi
1275 1360 1600 1427 supputare

2401 1353 2490 1413 Ὠς
2524 1352 2602 1423 μὴ
2632 1347 2852 1405 δυνατὸν
2887 1349 3260 1423 ἐκνομίζισθαι
3288 1350 3433 1429 τάχα

453 1448 879 1503 exstinctorum
910 1446 1007 1501 lue
1040 1445 1350 1501 hominum
1382 1444 1517 1499 licet
1548 1460 1885 1499 numerum.

2400 1442 2477 1497 Τὸ
2503 1439 2718 1510 πλῆθος
2748 1439 2886 1494 ἅπαν
2914 1443 3023 1495 τῶν
3053 1440 3386 1515 νεκριμαίων
3418 1444 3635 1519 φθάνειν
3668 1462 3683 1478 ⁶

454 1540 701 1592 Summa
730 1536 907 1591 etiam
940 1536 1132 1589 hiems
1164 1539 1222 1589 et
1251 1533 1629 1604 gravissima,

2224 1533 2363 1589 1805
2401 1530 2623 1604 Χειμών
2654 1551 2714 1584 τε
2739 1529 2953 1584 πάντων
2991 1528 3292 1605 βαρύτατος
3323 1530 3414 1585 καὶ
3450 1532 3615 1609 μέγας

452 1631 744 1697 quotquot
773 1626 1032 1692 fuerunt,
1067 1624 1237 1694 regiis
1264 1622 1393 1678 urbi
1425 1624 1730 1693 ingruens,

2400 1620 2867 1680 Ἐπεισπεπαικὼς
2898 1617 2966 1692 τῇ
3000 1615 3243 1693 βασιλίδι
3274 1618 3458 1693 πόλει,

450 1714 817 1786 permultum
852 1714 990 1769 huic
1023 1713 1446 1770 detrimentum
1469 1711 1711 1767 attulit:

2397 1707 2625 1777 Πολλὴν
2657 1707 2998 1783 ἐνειργάσατο
3026 1708 3194 1781 ταύτῃ
3220 1709 3319 1777 τήν
3352 1708 3588 1783 λύμην,’

449 1804 685 1875 frigoris
716 1803 875 1859 enim
906 1802 992 1858 vis
1024 1801 1415 1858 intolerabilis

2396 1801 2486 1862 Ὠς
2513 1796 2963 1872 κρυσταλωθῆναί
2995 1818 3059 1872 γε
3086 1801 3165 1869 τῷ
3198 1796 3399 1871 πολλῷ
3428 1799 3594 1875 ψύχει

448 1893 594 1948 dura
623 1892 974 1947 constrinxit
1003 1890 1185 1962 glacie
1216 1895 1275 1946 et
1305 1890 1658 1961 constipavit

2133 1902 2181 1968 B
2394 1885 2559 1956 Κρύει
2590 1888 2636 1941 τ’
2668 1887 2889 1960 ἆμέτρω
2916 1885 3331 1959 συμπιληθῆναι
3363 1886 3526 1943 πάλιν

447 1998 579 2037 cum
611 1982 809 2053 ipsum
842 1997 1001 2036 mare
1032 1986 1154 2035 tum
1188 1978 1394 2035 ﬂuvios
1426 1977 1793 2035 vastissimos
1828 1994 1841 2033 :

2211 1978 2352 2035 1810
2390 1974 2666 2031 Θάλατταν
2700 1975 2865 2043 αὐτὴν
2894 1974 2983 2029 καὶ
3014 1980 3279 2047 ποταμῶν
3310 1974 3578 2040 ἀπλέτους
3611 1996 3623 2011 ·

444 2085 627 2139 quare
658 2075 717 2125 et
750 2069 844 2124 hic
876 2075 1079 2140 portus
1109 2068 1705 2140 Constantinopoleos

2388 2069 2476 2127 Ὠς
2505 2063 2663 2120 τόνδε
2691 2065 2938 2140 πορθμὸν
2973 2065 3063 2119 τὸν
3089 2064 3196 2138 πρὸ
3224 2071 3323 2135 τῆς
3356 2067 3759 2124 Κωνσταντίνου

442 2160 629 2231 gradu
662 2159 872 2229 cuique
899 2156 1200 2213 calcabilis
1232 2159 1437 2224 evasit,

2384 2157 2557 2212 Βατὸν
2583 2152 2767 2209 πέλειν
2802 2154 2966 2208 ἅπασι
2995 2158 3112 2217 τοῖς
3144 2154 3447 2228 ᾑρημένοις

442 2247 721 2319 lanigeris
753 2247 1074 2318 pecudibus
1106 2252 1283 2318 atque
1322 2245 1608 2302 onerariis

2387 2246 2821 2319 Ταλασιουργοῖς
2853 2245 3101 2313 κτήνεσιν
3136 2243 3496 2322 ἁχθηφόροις,

428 2337 743 2407 jumentis,
776 2336 1125 2407 cunctisque
1152 2337 1383 2391 demum
1412 2336 1557 2407 pede
1589 2335 1917 2392 utentibus.

2386 2334 2489 2392 Καὶ
2526 2341 2680 2389 πᾶσιν
2715 2332 2903 2394 ἁπλῶς
2932 2337 3049 2394 τοῖς
3079 2334 3205 2388 ποσὶ
3239 2333 3627 2407 κεχρημένοις.

435 2426 566 2483 Mox
594 2431 928 2497 tepescente
959 2431 1091 2497 post
1121 2425 1379 2481 solutam
1411 2424 1667 2480 hiemem

2208 2427 2347 2482 1815
2385 2423 2727 2501 ΘαλφΟέντος
2762 2421 2917 2497 ἀέρος
2950 2419 3007 2477 δὲ
3037 2426 3320 2497 χειμῶνος
3352 2422 3502 2479 λύσει

432 2531 562 2570 aere
592 2514 829 2570 ﬂatibus
860 2516 1015 2569 veris
1038 2514 1423 2583 advenientis,

2384 2511 2769 2582 Ἐπιδιδούοης
2804 2510 2853 2585 ἐξ
2887 2509 3044 2586 ἔαρος
3077 2512 3240 2573 ἁλέας

427 2604 622 2676 gelida
652 2609 850 2659 crusta
874 2603 1132 2659 dissilire
1164 2603 1337 2675 coepit
1362 2620 1376 2658 :

2380 2605 2453 2659 Τὸ
2484 2599 2866 2675 κρυσταλῶδες
2902 2602 3125 2675 συνεχὲς
3158 2599 3437 2677 διερῥάγη,

424 2698 551 2748 tum
583 2697 791 2749 ventus
823 2692 1139 2749 vehemens
1171 2692 1366 2764 gelida
1402 2693 1745 2763 fragmenta,

2380 2693 2485 2749 Καὶ
2509 2696 2721 2763 πνεῦμα
2754 2686 2987 2766 σφοδρὸν
3019 2692 3285 2761 τμήματα
3313 2695 3421 2745 τῶν
3450 2692 3770 2766 κρυστάλων

421 2781 637 2838 insulis
660 2782 876 2853 amplis
903 2781 1275 2852 collibusque
1308 2783 1496 2852 paria,

2378 2780 2797 2855 Πολυπλέοροις
2826 2781 3015 2850 νήσοις
3044 2799 3102 2833 τε
3127 2778 3216 2833 καὶ
3252 2780 3471 2853 βουνοῖς
3495 2778 3589 2836 ’ίσα

422 2870 661 2941 impulit
691 2871 751 2926 in
783 2886 987 2925 muros
1016 2870 1269 2939 urbique
1299 2868 1481 2923 allisit
1508 2886 1524 2938 ;

2198 2874 2341 2931 1820
2378 2873 2579 2947 Ἐπῆγε
2610 2872 2773 2944 τείχη
2806 2869 2896 2924 καὶ
2929 2870 3309 2943 προσήρασσον
3343 2867 3528 2939 πόλει,

425 2974 608 3031 quare
634 2964 759 3015 tum
793 2957 1015 3014 corruit
1045 2958 1307 3013 maxima
1338 2974 1474 3029 pars
1501 2957 1812 3014 mcenium.

2378 2960 2482 3016 Καὶ
2513 2960 2743 3015 πλεῖστα
2771 2960 3065 3031 κατήρειψε
3088 2956 3318 3033 τειχέων
3349 2960 3492 3017 τότε.

424 3053 617 3121 Atque
643 3047 751 3104 has
781 3063 980 3104 rerum
1011 3046 1163 3103 vices
1192 3052 1285 3102 est
1314 3051 1553 3118 experta

2374 3054 2552 3105 Ταῦτα
2585 3050 2678 3122 μὶν
2708 3047 2851 3103 οὕτω
2879 3048 3163 3121 συνέκυρσε
3190 3048 3261 3119 τῇ
3288 3046 3447 3101 πόλει

424 3138 569 3194 urbs
599 3138 741 3193 dum
769 3136 1085 3209 imperium
1118 3140 1340 3192 teneret
1358 3135 1778 3208 Copronymus.

2376 3141 2879 3215 Κοπρωνυμοῦντος
2906 3134 3235 3209 κατέχοντος
3266 3140 3362 3190 τοῦ
3392 3139 3646 3213 κράτους.

427 3254 563 3309 LEO
606 3253 828 3309 FILIUS
871 3253 1289 3310 COPRONYMI
1328 3253 1414 3308 EX
1464 3254 1797 3310 CHAZARA
1829 3253 1949 3310 AN.
2005 3252 2055 3307 V

2218 3263 2378 3315 LEQN
2433 3262 2479 3315 Ο
2535 3259 2692 3313 ΥΙΟΣ
2750 3256 2971 3311 ΑΓΤΟΥ
3028 3253 3072 3310 Ο
3126 3258 3213 3308 ΕΚ
3253 3258 3588 3314 ΧΑΖΔΡΑΣ
3629 3261 3737 3317 ET.
3777 3261 3853 3318 E'.

499 3351 602 3407 Illo
625 3353 936 3407 claudente
968 3352 1094 3407 sine
1126 3350 1469 3422 poenitentia
1498 3351 1703 3418 vitam,

2377 3356 2454 3413 Οὔ
2484 3374 2585 3429 περ
2615 3350 3081 3425 καταστρέψαντος
3114 3346 3323 3416 ἀσεϐῶς
3357 3351 3474 3427 βίον

424 3441 655 3513 imperii
689 3446 989 3513 sceptrum
1022 3441 1181 3495 ﬁlius
1204 3441 1430 3512 excepit
1454 3442 1588 3507 Leo,

2203 3447 2341 3504 1825
2378 3444 2589 3503 Τούτου
2623 3444 2777 3498 Λέων
2804 3446 2935 3503 παῖς
2960 3435 3091 3516 ἔσχε
3120 3442 3221 3510 τὴν
3249 3442 3584 3517 κραταρχίαν

419 3548 591 3602 quem
626 3530 886 3586 Chazara
917 3533 1143 3602 peperit
1174 3530 1326 3601 patri
1360 3528 1748 3585 Constantino
1775 3547 1787 3583 :

2375 3536 2624 3608 Χαζάρας
2657 3530 2819 3607 ὲκφὺς
2852 3535 2931 3603 τῷ
2961 3529 3125 3605 πατρὶ
3152 3532 3541 3605 Κωνσταντίνῳ
3574 3552 3586 3566 ·

412 3619 723 3690 improbus
752 3618 864 3684 vir,
898 3619 1019 3674 imo
1052 3618 1268 3689 Libyca
1301 3618 1571 3685 quaedam
1605 3617 1823 3686 bellua,

1809 3660 1823 3686 ν
2378 3625 2546 3699 Ἀνὴρ
2574 3621 2838 3696 πονηρὸς,
2871 3614 3113 3675 Λιϐυκόν
3142 3641 3195 3675 τι
3229 3620 3443 3694 θηρίον,

414 3708 602 3763 haeres
634 3706 863 3779 paterni
896 3707 1060 3778 regni
1093 3713 1151 3761 et
1174 3707 1388 3763 furoris
1422 3707 1623 3762 simul.

2371 3713 2702 3788 Κληροῦχος
2725 3711 2905 3785 ἀρχῆς
2942 3708 3032 3764 καὶ
3058 3710 3314 3783 πατρῴας
3350 3709 3544 3783 μανίας
3574 3730 3586 3745 ·

415 3796 520 3851 Hic
551 3799 660 3852 sub
690 3796 1029 3867 primordiis
1061 3812 1125 3851 se
1158 3796 1462 3851 simulavit
1496 3797 1685 3866 pium,

2371 3804 2463 3864 Ὃς
2494 3805 2713 3877 πρῶτον
2749 3796 2908 3874 ἄρξας
2940 3793 3180 3853 εὐσεϐεῖν
3215 3798 3503 3875 ὑπεκρίθη,

414 3884 665 3941 ferinum
698 3886 1001 3957 ingenium
1034 3889 1225 3941 mente
1248 3890 1546 3955 repostum
1579 3883 1799 3941 celans.

2194 3892 2336 3947 1830
2374 3892 2479 3949 Τὸν
2514 3898 2655 3963 θῆρα
2690 3887 2735 3943 δ’
2771 3887 3072 3963 ὑπέκρυψεν
3100 3885 3253 3944 ἔνδον
3284 3886 3512 3963 καρδίας
3544 3907 3558 3921 ·

418 3974 738 4047 Vulpinam
770 3991 906 4046 ergo
938 3981 1155 4029 vestem
1188 3981 1246 4029 et
1268 3975 1523 4045 speciem
1549 3988 1780 4042 gerens,

2372 3980 2694 4047 Ἀλωπεκῆς
2727 3976 2770 4032 δ’
2805 3974 3010 4050 ἔνδυμα
3036 3977 3127 4031 καὶ
3159 3976 3350 4051 σχῆμα
3380 3979 3559 4055 φέρων

416 4064 589 4133 vulgo
622 4064 952 4119 habebatur
983 4064 1173 4119 bonus
1206 4064 1458 4134 piusque
1490 4063 1791 4134 princeps;

2369 4073 2504 4123 Πᾶσι
2529 4066 2704 4123 δοκῶν
2736 4068 2804 4136 ἦν
2837 4062 3087 4138 εὐσεϐὴς,
3118 4067 3361 4141 χρηστὸς
3389 4066 3630 4142 κράτωρ,

419 4152 745 4225 praesertim
780 4152 919 4223 quia
943 4152 1223 4207 muniﬁca
1253 4152 1483 4207 cunctis
1507 4168 1686 4206 manu

2367 4160 2465 4213 Καὶ
2504 4156 2717 4231 μᾶλλον
2753 4158 2942 4230 οἷσπερ
2977 4154 3272 4232 φιλότιμον
3300 4158 3399 4226 τήν
3432 4157 3569 4233 χέρα

422 4242 680 4297 subditis
710 4240 871 4312 large
898 4242 1052 4297 dona
1072 4241 1433 4306 conterebat,

2369 4254 2611 4321 Παρεῖχε
2640 4250 2769 4301 πᾶσι
2803 4242 3051 4319 δαψιλῶς
3085 4245 3376 4315 ὑπηκόοις,

420 4330 535 4386 sibi
568 4331 925 4386 conﬁrmans
957 4331 1121 4402 regni
1151 4330 1610 4384 fundamentum

2188 4338 2329 4393 1835
2367 4335 2529 4407 Αύτῷ
2556 4335 2834 4409 κρατύνων
2865 4334 2967 4388 τοῦ
2996 4332 3227 4409 κράτους
3258 4333 3353 4396 τὰς
3376 4332 3672 4409 κρηπίδας,

416 4419 881 4490 diuturnamque
907 4436 939 4474 a
971 4418 1369 4474 benivolentia
1391 4419 1734 4488 potentiam.

2364 4425 2469 4481 Καὶ
2503 4426 2788 4497 μνώμενος
2817 4422 3042 4499 χρόνιον
3074 4420 3258 4478 εὕνουν
3283 4422 3344 4477 τὸ
3374 4426 3575 4497 κράτος
3610 4444 3624 4459 '

415 4508 602 4572 Quare
633 4513 696 4563 ut
724 4508 925 4580 gratis:
950 4509 1287 4579 amorisque
1311 4507 1600 4563 indicium
1635 4508 1894 4563 facerent

2360 4519 2561 4589 Ὦνπερ
2596 4515 2758 4588 χάριν
2785 4514 3025 4574 τίνοντες
3058 4513 3208 4583 αὐτῷ
3235 4512 3323 4566 καὶ
3357 4513 3543 4588 σχέσιν

414 4596 667 4669 populus
690 4596 867 4653 simul
890 4602 947 4653 et
975 4598 1156 4653 duces
1196 4596 1558 4652 exercituum

2101 4646 2152 4679 η
2360 4601 2682 4679 Ξύγκλυδες
2715 4604 2828 4676 ἅμα
2858 4601 2949 4656 καὶ
2983 4600 3282 4675 στρατηγοὶ
3311 4601 3609 4676 ταγμάτων

415 4646 666 4669 Γ“Γ’““““⁹
690 4646 867 4653 ““-““”“
894 4646 945 4653 ’⁷
980 4646 1155 4653 “”““⁷’
1200 4646 1558 4652 ’-”“““’““““““’“

415 4691 695 4755 rogarunt
722 4690 788 4741 ut
820 4686 997 4756 hujus
1028 4685 1187 4740 filius
1212 4686 1642 4741 Constantinus

2360 4646 2442 4657 -ν
2462 4646 2680 4679 ι’“’““”’¹’“
2715 4646 2828 4676 “in”
2860 4646 2949 4656 “”’
2986 4646 3184 4675 "l"'"l
3205 4646 3215 4675 Ι
3234 4646 3282 4654 ’⁷
3321 4646 3548 4676 ”ἸΓ”””“¹

2100 4646 2152 4712 D
2357 4693 2613 4760 ’ῌτοῦντο
2638 4690 2807 4747 παῖδα
2834 4687 2994 4745 τοῦδε
3016 4690 3107 4745 τὸν
3146 4692 3548 4747 Κωνσταντῖνον

412 4775 857 4847 imperatorium
890 4778 1351 4845 consequeretur
1382 4790 1617 4830 nomen.

2183 4783 2321 4837 1840
2360 4783 2751 4855 Ἀνακτορικῆς
2778 4781 3067 4855 τυγχᾶνειν
3101 4778 3392 4856 εὐφημίας.

413 4867 468 4921 Is
500 4869 694 4920 autem
725 4868 995 4936 precatus
1026 4868 1116 4919 est
1149 4867 1211 4917 ut
1233 4863 1412 4933 jurati
1432 4879 1637 4919 omnes

2356 4873 2417 4929 Ὁ
2449 4870 2496 4925 δ’
2528 4868 2795 4944 ἐμπεδοῦν
2830 4870 3063 4931 ἅπαντας
3094 4868 3280 4944 ὅρκοις
3310 4870 3466 4939 ἠξίου

410 4954 539 5025 lege
568 4954 864 5010 sancirent
887 4969 958 5008 ne
989 4958 1199 5024 praeter
1221 4970 1282 5008 se
1313 4969 1675 5024 quamquam

2354 4960 2424 5013 Ἦ
2458 4960 2566 5030 μὴν
2601 4958 2793 5012 ἑαυτοῦ
2824 4956 3091 5031 παρεκτὸς
3123 4957 3214 5011 καὶ
3248 4956 3510 5034 φιλτάτου

410 5048 737 5115 praeterque
770 5043 957 5097 ﬁlium
987 5059 1163 5097 suum
1196 5047 1252 5096 et
1282 5042 1462 5111 hujus
1489 5047 1755 5112 posteros

2352 5046 2450 5101 Καὶ
2481 5044 2642 5101 τοῦδε
2672 5052 2853 5120 σειρᾶς
2884 5044 2973 5100 καὶ
3007 5046 3197 5119 γένους
3227 5046 3587 5121 κατηγμένων

410 5134 480 5189 ad
516 5131 957 5205 imperatoriam
991 5131 1269 5186 veherent
1300 5130 1688 5202 dignitatem;

2352 5133 2500 5204 Μηδ’
2531 5136 2590 5189 ἂν
2625 5136 2839 5189 ἑλέσθαι
2868 5134 3088 5211 κράτορ’
3119 5133 3291 5191 ἄλλον
3325 5140 3459 5213 σφᾶς
3491 5133 3640 5196 ὅλως
3676 5153 3689 5167 ·

410 5238 702 5293 nemoque
734 5222 1083 5293 repugnavit
1113 5220 1369 5275 sermoni
1394 5219 1683 5291 improbo.

2174 5226 2317 5282 1845
2356 5226 2459 5283 Καὶ
2490 5231 2593 5287 πᾶς
2626 5246 2709 5287 τις
2744 5225 2850 5295 εἶξε
2876 5230 2995 5286 τοῖς
3027 5223 3370 5297 παρανόμοις
3404 5222 3613 5299 λόγοις.

410 5311 525 5366 Lex
546 5327 683 5383 ergo
714 5310 988 5366 conditur
1020 5308 1189 5379 plena
1220 5308 1426 5380 iuratis
1461 5308 1753 5364 formulis.

2348 5317 2508 5379 ’Ὁθεν
2541 5315 2715 5390 τόμος
2742 5313 3012 5390 γέγραπτο
3049 5315 3243 5388 μεστὸς
3273 5313 3492 5389 ὁρκίων.

407 5400 557 5454 Tum
590 5400 699 5455 Leo
724 5397 955 5470 pietatis
982 5398 1179 5451 ﬂetam
1220 5398 1506 5466 abjiciens
1538 5396 1817 5468 speciem,

2347 5408 2463 5475 Τῆς
2496 5400 2767 5466 εὐσεϐείας
2794 5404 2951 5466 οὗτος
2980 5402 3136 5466 ἐκδὺς
3167 5404 3229 5459 τὸ
3262 5402 3463 5479 δρᾶμα,

404 5488 657 5543 ferinum
693 5488 956 5543 animum
993 5484 1265 5541 revelavit
1293 5484 1569 5542 omnibus
1603 5504 1615 5541 :

2346 5500 2499 5566 Θῆρα
2526 5494 2617 5549 τὸν
2651 5494 2801 5557 ἐντὸς
2828 5492 3144 5568 ἀπογυμνοῖ
3172 5499 3289 5556 τοῖς
3323 5492 3479 5558 ὅλοις
3516 5515 3527 5528 ·

406 5581 734 5648 nactusque
766 5576 989 5647 aliquot
1021 5573 1272 5631 cultores
1308 5574 1628 5647 imaginum

2346 5584 2442 5637 Καί
2473 5604 2622 5645 τινας
2652 5583 2826 5654 εὑρὼν
2856 5582 3235 5658 προσκυνητᾶς
3267 5582 3491 5640 εἰκόνων

404 5668 562 5721 viros
584 5667 864 5733 illustres,
900 5680 1140 5734 corpore
1171 5666 1483 5736 animoque
1520 5666 1766 5736 nobiles,

2163 5672 2306 5731 1850
2344 5668 2580 5746 Ἀνδρας
2606 5671 2844 5745 τιμίους,
2878 5672 3114 5747 εὐγενεῖς
3142 5674 3353 5748 ψυχὴν,
3387 5670 3580 5749 δέμας,

406 5756 749 5813 xeruciatos
771 5754 1031 5828 pessime
1062 5753 1306 5812 inclusit
1330 5772 1583 5813 carcere.

2343 5761 2622 5832 Αἰκίζεται
2653 5763 2881 5818 κάκιστα
2906 5762 2997 5819 καὶ
3022 5761 3380 5838 καθειργνύει.
