4140 6412
390 392 462 449 83

392 521 519 575 Mos
542 517 671 575 elus
696 522 893 576 autem
926 523 983 576 et
1012 520 1202 578 Cmsar
1229 523 1591 596 Nicephorus

390 606 583 663 lucem
614 608 920 665 oculorum
953 613 1158 667 merito
1186 613 1532 671 amiserunt.

392 697 505 752 Sed
526 697 956 754 Constantinus
992 703 1344 771 procedente
1376 708 1638 776 tempore

395 802 598 842 curam
630 787 965 859 reipublicae
1000 791 1099 844 uni
1125 792 1237 847 sibi
1267 794 1595 862 vindicans,

397 878 814 933 communione
843 879 1072 951 imperii
1109 886 1353 937 matrem
1387 884 1717 952 submovet,

398 966 582 1036 ﬁtque
611 982 813 1038 reapse
845 974 1079 1025 contras
1112 970 1198 1025 fas
1230 972 1591 1029 monarcha:

401 1070 531 1125 quae
563 1071 656 1111 res
690 1056 983 1112 malorum
1019 1060 1237 1115 mundo
1271 1061 1573 1117 cohortem
1606 1062 1830 1135 peperit

401 1144 817 1216 ingratumque
846 1145 1074 1203 facinus
1105 1149 1219 1220 piis
1251 1150 1517 1217 auribus,

407 1234 564 1304 quod
599 1234 867 1303 quamvis
898 1236 1183 1309 tragicam
1215 1239 1355 1293 vicit
1389 1240 1757 1311 tragoediam,

407 1337 690 1393 reumque
719 1322 917 1395 ipsum
949 1325 1134 1382 oculis
1166 1344 1401 1384 cassum
1433 1330 1615 1385 dedit.

408 1412 577 1466 lrene
606 1412 764 1467 enim
798 1412 1019 1470 doloris
1051 1416 1425 1487 impatientia

408 1503 465 1555 et
490 1500 812 1572 recipiendi
844 1502 1076 1574 imperii
1108 1521 1304 1561 amore
1335 1508 1557 1579 percita

408 1587 644 1644 calicem
676 1589 798 1644 {ilio
830 1596 998 1662 parat
1022 1609 1163 1649 sane
1196 1612 1467 1652 amarum

411 1678 795 1749 mulsumque
827 1680 1039 1736 miscet
1070 1697 1261 1741 morte
1294 1689 1724 1758 temperatum:

414 1775 682 1831 conscios
712 1776 938 1833 habens
972 1779 1089 1835 doli
1121 1798 1187 1837 ac
1210 1783 1514 1841 ministros

419 1865 576 1936 quod
603 1866 952 1923 muneribus
983 1876 1217 1941 ceperat
1237 1876 1294 1927 et
1323 1875 1631 1944 promissis

416 1954 601 2011 duces
629 1955 990 2012 exercituum
1012 1963 1069 2013 et
1095 1966 1393 2017 senatores
1418 1981 1431 2031 ;

424 2042 643 2115 quibus
673 2044 877 2115 adjuta
899 2046 1088 2103 ﬁlium
1121 2049 1366 2121 imperio
1394 2052 1595 2123 dejicit

424 2134 596 2205 eique
624 2133 943 2205 exstinguit
970 2136 1197 2194 lumina
1226 2141 1549 2197 oculorum.

426 2227 553 2279 Heu
585 2223 729 2295 quid
762 2240 876 2280 non
909 2226 1062 2297 cogis
1092 2228 1383 2301 homines,
1418 2233 1685 2302 ambitio,

428 2310 853 2369 maleﬁciorum
884 2316 1111 2371 socium
1135 2319 1401 2388 praebens
1422 2321 1712 2378 fascinum
1741 2322 1753 2377 l

426 2406 483 2458 te
515 2401 662 2459 nihil
695 2403 915 2459 habent
947 2406 1245 2462 daemones
1271 2408 1595 2465 exitiosius.

426 2491 589 2547 Tunc
619 2491 704 2547 sol
741 2495 969 2548 tantum
997 2510 1113 2549 non
1144 2496 1447 2553 sustinens
1473 2499 1667 2555 videre
1693 2501 1936 2571 crimen,

428 2579 666 2637 nonnisi
698 2579 966 2636 hebetem
991 2581 1182 2639 lucem
1213 2586 1648 2659 obscuramque
1670 2590 1869 2647 emisit

428 2670 673 2741 diesque
694 2669 963 2726 exhibuit
994 2673 1268 2730 noctibus
1300 2676 1632 2747 persimiles
1658 2696 1671 2747 ;

429 2772 604 2838 atque
632 2768 714 2823 ita
746 2774 1089 2825 manserunt
1118 2774 1368 2829 tenebrae
1398 2776 1469 2830 ad
1493 2775 1692 2848 plures
1722 2778 1867 2834 dies.

436 2857 532 2913 Sic
562 2872 699 2929 ergo
723 2856 1038 2929 imperium
1063 2876 1271 2918 rursus
1290 2864 1359 2919 ad
1394 2867 1622 2921 Irenem

432 2962 752 3017 rerumque
782 2947 1116 3015 arbitrium,
1149 2956 1308 3007 metu
1341 2958 1583 3025 remoto,
1606 2956 1796 3012 rediit.

433 3036 567 3092 Jam
598 3033 892 3091 Hadriano
923 3054 1073 3109 papa
1103 3038 1297 3095 Romae
1325 3047 1576 3112 mortuo,

435 3125 525 3181 vir
545 3124 897 3181 venerabilis
924 3127 1423 3202 honorandusque
1457 3132 1568 3188 Leo

437 3212 836 3286 pontificalem
869 3215 976 3271 rite
1008 3220 1315 3289 occupavit
1346 3221 1544 3277 sedem
1570 3241 1585 3291 ;

438 3301 531 3357 cui
563 3302 828 3357 seditiosi
850 3303 1153 3375 invidique
1176 3307 1443 3363 homines

437 3390 673 3447 oculum
704 3391 859 3447 haud
891 3392 1189 3450 lethaliter
1218 3396 1622 3467 vulnerarunt,

440 3495 545 3552 spe
566 3497 695 3551 sua,
725 3480 954 3537 volente
985 3482 1068 3538 sic
1100 3483 1237 3550 Deo,
1274 3485 1564 3541 frustrati.

443 3571 497 3625 Is
526 3585 660 3625 vero
683 3569 755 3624 ad
787 3584 983 3641 regem
1010 3574 1363 3628 Francorum
1392 3573 1664 3630 Carolum

445 3658 729 3729 confugit,
757 3657 1056 3730 hujusque
1087 3676 1195 3730 ope
1226 3662 1682 3733 recepitsedem,

448 3747 853 3818 maleficisque
873 3748 1145 3803 meritam
1177 3749 1391 3806 inﬂixit
1414 3768 1665 3822 poenam.

2101 1904 2150 1970 B

1605 404 1977 461 EPHREMII
2013 405 2585 465 CHBONOGRAPHI
3736 418 3803 473 84

2080 531 2136 596 Α
2342 530 2404 587 Ὁ
2436 528 2682 601 Μωσηλὲ
2708 529 2766 586 δὲ
2794 532 2885 588 καὶ
2917 536 3236 613 Νικηφόρος
3261 542 3466 614 Καῖσαρ

2340 620 2451 687 Τὴν
2487 620 2752 693 ὀμμάτων
2784 625 3034 699 πήρωσιν
3067 622 3229 701 ἔσχον
3260 628 3339 690 εἷς
3373 626 3551 701 δίκην.

2340 710 2401 765 Ὁ
2435 717 2833 774 Κωνσταντῖνος
2866 712 3227 789 συμπροϊόντι
3254 718 3441 792 χρόνῳ

2162 797 2303 853 4910
2342 797 2564 873 Θαῤῥῶν
2598 801 2773 873 ἑαυτῷ
2803 803 3134 877 πραγμάτων
3167 806 3265 874 τὴν
3298 807 3575 885 φροντίδα,

2342 888 2644 953 Κοινωνίας
2673 888 2870 947 ἔπαυσε
2899 896 3108 970 μητέρα
3135 897 3386 971 κράτους.

2344 977 2442 1032 Καὶ
2471 976 2743 1035 δείκνυται
2777 984 3081 1058 μόναρχος,
3115 985 3175 1039 οὐ
3202 986 3386 1051 καλῶς
3417 985 3636 1063 δράσας,

2343 1074 2408 1123 ’Ὁ
2439 1075 2721 1145 συμφορᾶς
2752 1070 2944 1146 ἤνεγκε
2971 1078 3051 1144 τῷ
3086 1073 3189 1148 βίῳ
3225 1075 3414 1151 βάρος,

2346 1156 2447 1213 Καὶ
2476 1154 2657 1232 δρᾶμα
2685 1162 2877 1235 πικρὸν
2904 1162 3091 1225 ἀκοαῖς
3124 1163 3477 1240 εὐγνωμόνων

2168 1248 2308 1303 4915
2346 1252 2525 1301 Πᾶσαν
2547 1250 2806 1324 τραγικὴν
2836 1250 3061 1305 έκνικῶν
3096 1252 3431 1329 τραγῳδίαν,

2346 1337 2509 1407 Αὐτῷ
2537 1334 2593 1391 δὲ
2612 1343 2691 1407 τῷ
2720 1336 2972 1411 δράσαντι
3007 1343 3187 1417 φωτὸς
3223 1344 3421 1416 ζημίαν
3458 1364 3471 1377 ⁸

2349 1424 2494 1507 ᾼῦτη
2532 1427 2635 1507 γάρ
2666 1427 2725 1507 οὐ
2758 1430 2995 1507 φέρουσα
3025 1432 3212 1507 πράως
3242 1433 3340 1499 τήν
3373 1433 3552 1505 λύπην

2348 1495 2659 1573 Φιλαρχίας
2690 1495 2850 1572 ἔρώτί
2882 1503 2973 1555 καὶ
3003 1495 3236 1577 κράτους
3266 1495 3471 1581 σίχέσει,

2350 1585 2511 1640 Παιδὶ
2546 1587 2743 1664 σκύφον
2779 1591 3000 1663 κίρνησι
3036 1593 3229 1663 μεστὸν
3261 1595 3481 1668 πικρίας

2176 1685 2312 1739 1920
2352 1683 2455 1739 Καὶ
2485 1689 2730 1739 κυκεῶνα
2763 1686 2990 1749 θανάτου
3020 1687 3434 1762 πεπλησμένον,

2350 1770 2684 1847 Συνίστορας
2714 1772 2917 1850 ἔχουσα
2944 1775 3033 1830 καὶ
3067 1776 3254 1851 ῥέκτας
3289 1775 3456 1832 δόλου

2358 1859 2426 1918 Ο’⁷
2502 1858 2529 1915 8
2681 1869 2703 1879 “
2764 1861 2787 1883 ’¹
3013 1861 3069 1919 ’ϐ
3147 1872 3166 1882 “’
3293 1866 3409 1922 ’λό

2408 1882 2467 1922 υς
2536 1883 2731 1937 ωρεαις
2764 1886 2968 1920 επεισεν
3002 1886 3034 1920 α
3076 1886 3194 1941 ραις
3221 1888 3309 1921 και
3413 1888 3530 1945 γοις

2359 1950 2502 2015 Τοὺς
2530 1954 2922 2029 ταγματάρχας
2948 1960 3201 2029 στρατιᾶς
3226 1956 3353 2018 τούς
3381 1958 3431 2012 τ’
3461 1958 3511 2011 ἐν
3544 1958 3715 2033 τέλει,

2363 2041 2441 2094 Δι’
2474 2041 2547 2094 ὧν
2578 2041 2804 2116 συνέσχε
2832 2041 3078 2098 καθελὼν
3110 2042 3266 2099 τόνδε
3294 2044 3546 2121 κράτους,

2182 2130 2323 2187 4925
2360 2132 2459 2186 Καὶ
2493 2133 2673 2203 φωτὸς
2702 2132 3027 2205 ἠμαύρωσεν
3058 2133 3223 2190 αὐτοῦ
3250 2135 3345 2198 τὰς
3371 2137 3537 2211 κόρας
3564 2153 3582 2177 ο

2366 2224 2473 2275 Φεῦ
2504 2223 2594 2275 οἷα
2621 2226 2797 2282 ποιεῖς
2825 2223 2915 2276 καὶ
2943 2223 3205 2297 τυρεύεις,
3237 2227 3281 2279 ὦ
3312 2226 3492 2301 φθόνε,

2365 2309 2611 2384 Τελχῖνα
2643 2311 2916 2386 συνέριθον
2946 2312 3134 2388 αὐχῶν
3165 2316 3378 2388 κακίας,

2366 2400 2434 2455 Ἢ
2470 2396 2742 2471 δαιμόνων
2776 2401 3028 2456 κάκιστον
3062 2402 3549 2477 ἀνθρωποκτόνονῐ

2367 2488 2492 2546 Τόθ’
2515 2487 2678 2557 ἥλιος
2712 2493 2826 2566 φῶς
2862 2493 2937 2562 μή
2973 2492 3147 2568 φέρων
3184 2492 3403 2568 βλέπειν
3442 2494 3635 2569 μύσος,

2195 2590 2332 2645 1930
2370 2586 2645 2662 Ἀμυδρὸν
2680 2587 2948 2661 ἐξέλαμπε
2980 2590 3069 2644 καὶ
3105 2586 3437 2666 βεϐυσμένον

2367 2676 2474 2737 Τὰς
2498 2676 2707 2751 ἡμέρας
2738 2674 2877 2752 δρῶν
2905 2679 3018 2749 νυξὶ
3048 2681 3505 2753 παρεικασμένας,

2375 2766 2475 2822 Καὶ
2505 2769 2665 2819 τοῦτο
2698 2764 2925 2821 πολλῶν
2960 2770 3185 2842 ἡμερῶν
3219 2770 3536 2842 παρατάσει.

2371 2855 2528 2912 Οὕτω
2563 2856 2659 2927 μὲν
2691 2853 2841 2919 αὖθις
2867 2855 3077 2932 Εἰρήνη
3110 2859 3442 2933 κραταρχίαν

2373 2946 2473 3001 Καὶ
2508 2944 2841 3021 πραγμάτων
2872 2947 3127 3020 πρόνοιαν
3161 2946 3316 3022 ἔσχεν
3348 2944 3569 3025 ἀφόϐως
3604 2970 3616 2983 ·

2197 3036 2336 3092 1935
2372 3036 2484 3090 Τοῦ
2511 3030 2557 3086 δ’
2586 3030 2873 3107 Ἀδριανοῦ
2899 3038 3051 3088 πάπα
3081 3036 3335 3098 θανόντος
3367 3038 3609 3110 Ῥώμης,

2372 3119 2593 3183 Αἰδοῖος
2624 3122 2758 3197 ἀνὴρ
2790 3123 2879 3176 καὶ
2910 3118 3204 3196 σεϐάσμιος
3234 3124 3381 3178 Λέων

2374 3209 2671 3286 Προεδρίαν
2705 3210 2898 3287 εἷ’ληφε
2921 3211 3122 3281 ταύτης
3152 3212 3394 3286 ἐννόμως
3430 3233 3443 3247 υ

2371 3302 2466 3358 "Ov
2502 3302 2813 3355 στασιασταὶ
2839 3296 3205 3365 συλλαϐόντες
3230 3302 3289 3357 ἐκ
3320 3302 3517 3377 φθόνου

2372 3392 2568 3463 ’Όμμα
2597 3390 2643 3441 τ’
2673 3383 3027 3459 ἐλωϐήσαντο
3049 3388 3196 3445 τοῦδ’
3229 3391 3327 3445 οὐκ
3358 3393 3433 3454 εἷς
3470 3394 3637 3468 βάθος

2198 3481 2336 3537 1940
2378 3480 2699 3556 Σφήλαντος
2730 3477 2916 3541 αὐτοῖς
2942 3483 3040 3533 τοῦ
3072 3484 3203 3534 Θεοῦ
3232 3481 3326 3543 τὰς
3352 3480 3598 3543 ἐλπίδας.

2376 3570 2534 3625 ’Όθεν
2568 3565 2835 3642 Καρούλῳ
2866 3569 3161 3645 προσφυεὶς
3193 3569 3323 3646 ῥηγὶ
3356 3570 3645 3648 Φράγγων,

2379 3656 2589 3714 Τούτου
2614 3654 2858 3729 συνάρσει
2892 3653 3163 3729 λαμϐάνει
3193 3658 3357 3713 πάλιν
3385 3661 3599 3736 θρόνον,

2380 3744 2485 3800 Καὶ
2515 3743 2643 3806 τοὺς
2676 3740 2929 3819 ὑϐριστὰς
2959 3745 3315 3820 ἀνταμύνεται
3348 3746 3470 3823 δίκῃ
3494 3768 3507 3782 “

451 3836 639 3900 Quare
668 3835 717 3892 is
746 3836 1017 3893 Carolum
1049 3841 1363 3894 stemmate
1384 3840 1566 3911 regali
1597 3842 1846 3909 ornavit,

1678 3842 1846 3909 navit,
2380 3835 2478 3891 ’Ὸν
2508 3833 2597 3888 καὶ
2631 3831 2805 3889 διειδεῖ
2829 3834 3088 3909 βασιλικῇ
3114 3837 3313 3908 ταινίᾳ,

452 3940 705 3997 cumque
738 3926 933 3981 Romae
962 3927 1378 3997 imperatorem
1409 3927 1564 3985 fecit.

454 4016 601 4071 Hinc
624 4018 940 4071 tenuerunt
967 4018 1213 4071 Romam
1243 4016 1447 4073 Franci
1479 4018 1737 4087 barbari,

461 4113 561 4185 qui
589 4112 1015 4169 Germanorum
1045 4128 1257 4185 genere
1286 4114 1519 4170 oriundi
1550 4121 1738 4183 erant,

462 4202 617 4273 quod
653 4217 744 4257 me
767 4201 1045 4273 superius
1070 4201 1311 4257 memini
1334 4203 1461 4273 jam
1495 4206 1774 4262 scribere.

458 4291 613 4346 Gens
643 4289 765 4345 haec
795 4289 936 4345 olim
968 4307 1077 4345 sua
1104 4290 1306 4347 relicta
1336 4291 1528 4363 patria

458 4380 604 4435 fines
636 4378 818 4435 Italiaa
840 4378 1119 4450 primitus
1142 4379 1410 4450 ingressa
1438 4385 1548 4449 est,

2216 4383 2353 4437 1950
2393 4385 2619 4455 Πρῶτον
2650 4376 2803 4454 γένος
2830 4384 2976 4456 σφῶν
3002 4378 3229 4434 ἐκλιπὸν
3258 4382 3357 4449 τὴν
3390 4378 3648 4457 πατρίδα,

458 4482 708 4540 eamque
736 4469 920 4524 armis
942 4483 1166 4539 susque
1194 4469 1380 4540 deque
1411 4487 1788 4540 concursans,

2396 4470 2496 4525 Καὶ
2520 4470 2615 4538 τὴν
2653 4468 2877 4523 Ἰταλῶν
2910 4475 3027 4532 τοῖς
3056 4468 3254 4533 ὅπλοις
3281 4471 3640 4546 κατατρέχον,

458 4556 686 4629 inclytae
718 4555 1044 4627 praesertim
1074 4560 1273 4613 Romae
1304 4558 1554 4615 molesta
1583 4565 1729 4618 erat.

2140 4627 2173 4632 _
2393 4558 2613 4631 Ῥώμην
2652 4560 3054 4632 μεγαλώνυμον
3083 4557 3212 4627 ἠνία
3242 4557 3434 4615 πλέον.

457 4646 565 4701 Sed
585 4627 757 4701 enim
788 4644 1113 4716 imperante
1142 4647 1328 4702 Leone
1352 4648 1608 4705 Isaurico

2140 4627 2185 4693 D
2394 4627 2516 4703 Τοῦ*
2538 4644 2583 4701 δ’
2614 4627 2858 4721 Ἰἰσαύρου
2890 4627 3119 4710 Λέοντος
3150 4644 3418 4722 ἄρχοντος
3449 4648 3681 4723 κράτους

458 4734 852 4805 haeresimque
882 4735 1133 4803 fovente,
1166 4741 1232 4791 ut
1252 4738 1379 4809 jam
1413 4738 1693 4809 diximus,

457 4830 655 4883 Romae
682 4824 891 4879 veteris
923 4823 1142 4896 primas
1172 4830 1229 4881 et
1248 4828 1523 4883 sacerdos

457 4921 775 4993 Gregorius
806 4921 877 4977 ab
909 4938 971 4979 se
990 4922 1209 4995 repulit
1232 4923 1513 4979 divinitus

448 5013 663 5083 jugum
696 5010 926 5082 imperii
959 5016 1016 5067 et
1046 5029 1274 5068 sacram
1306 5012 1805 5083 communionem,

457 5104 515 5157 et
544 5115 678 5155 cum
701 5104 937 5155 externo
966 5116 1175 5171 genere
1206 5102 1587 5170 Francorum,

456 5188 677 5246 omisso
710 5188 882 5256 bello,
906 5206 1103 5258 pacem
1134 5191 1443 5262 fcedusque
1466 5192 1615 5246 iniit.

456 5279 715 5350 Denique
745 5280 855 5335 sub
889 5281 1051 5335 Irene
1082 5280 1581 5353 Co’nstantinoque
1612 5282 1870 5355 regibus,

456 5369 610 5425 intra
640 5372 901 5424 Romana
931 5370 1146 5425 muenia
1176 5370 1426 5425 Francos
1461 5371 1587 5437 Leo,

455 5458 659 5515 Carolo
691 5464 989 5525 coronato,
1024 5463 1089 5513 ut
1117 5458 1260 5525 dixi,
1291 5459 1552 5531 excepit;

457 5548 556 5618 qui
588 5548 672 5603 sic
704 5548 882 5603 totius
916 5547 1095 5603 Italiae
1126 5553 1437 5605 evaserunt
1470 5549 1711 5607 domini.

454 5637 696 5693 Carolus
730 5641 863 5708 post
892 5642 1185 5708 receptam
1214 5654 1487 5692 coronam
1518 5639 1734 5710 regiam

451 5727 673 5799 legatos
706 5727 868 5784 misit
898 5729 968 5783 ad
1004 5729 1225 5783 Irenem
1260 5727 1582 5799 principem

2209 3936 2347 3991 1945
2386 3931 2783 4007 Ἀναγορεύσας
2812 3933 3185 4007 αὐτοκράτερα
3213 3936 3436 4007 Ῥώμης
3469 3954 3482 3969 ο

2385 4022 2505 4098 Ἀφ’
2538 4022 2599 4075 οὗ
2628 4022 2891 4097 κατέσχον
2920 4020 3185 4097 βάρϐαροι
3219 4023 3461 4098 Φράγγοι
3491 4026 3738 4098 Ῥώμην,

2388 4114 2482 4168 Ἐκ
2512 4116 2802 4188 Γερμανῶν
2832 4109 3084 4175 ἕλκοντες
3118 4112 3314 4168 ἄνωθεν
3350 4115 3530 4189 γένος,

2400 4206 2487 4262 Ὠς
2518 4201 2708 4255 ἀνόπιν
2736 4199 2922 4275 εἵρητο
2954 4201 3322 4277 συγγράφοντί
3357 4224 3471 4276 μοι.

2391 4290 2625 4353 Ἰταλίας
2660 4290 2753 4363 μὲν
2780 4296 2896 4352 τοῖς
2934 4289 3083 4365 ὅροις
3115 4290 3404 4365 εἷσεφθάρη

2399 4737 2499 4789 Καὶ
2532 4731 2942 4805 δυσσεϐοῦντος,
2976 4735 3050 4797 ὡς
3083 4730 3185 4813 ἔφη
3210 4736 3414 4813 φθάσας
3448 4734 3634 4810 λόγος,

2219 4836 2357 4890 1955
2394 4833 2616 4905 Ῥώμης
2646 4832 2883 4895 παλαιᾶς
2914 4834 2935 4881 ἓ
2970 4830 3238 4907 πρόεδρος
3268 4833 3358 4887 καὶ
3390 4832 3555 4903 θύτης

2396 4923 2807 4991 Ἀποστατήσας
2837 4921 3141 4995 Γρηγὸριος
3172 4921 3368 4983 ένθέως

2394 5017 2568 5087 Ζυγοῦ
2590 5033 2649 5066 τε
2676 5010 2907 5085 κράτους
2940 5012 3090 5083 ἱερας
3117 5010 3407 5074 κοινωνίας

2395 5103 2629 5173 Ἐξωθεν
2663 5102 2776 5155 ὅντι
2810 5097 3092 5154 σπένδεται
3124 5102 3393 5176 Φράγγων
3425 5100 3584 5173 γένει,

2483 5192 2495 5209 \
2577 5192 2589 5207 ς
2744 5191 2757 5207 \
2878 5190 2891 5207 ν
2970 5188 2982 5206 \
3346 5188 3359 5209 Ι
3509 5190 3518 5209 Ι

2393 5198 2499 5247 Και
2529 5211 2630 5259 την
2660 5209 2799 5264 προς
2831 5210 3028 5251 αυτους
3056 5187 3413 5265 συγκαταλυει
3452 5209 3660 5264 μαχην.

2218 5283 2354 5339 1960
2392 5282 2515 5337 Ἐπὶ
2552 5278 2597 5334 δ’
2630 5278 2867 5334 ἀνάκτων
2902 5279 3137 5354 Εἰρήνης
3170 5278 3579 5333 Κωνσταντίνου

2391 5370 2614 5441 Ῥώμης
2646 5367 2790 5425 Λέων
2818 5364 3061 5431 ἔντοσθεν
3094 5367 3290 5429 αὐτοὺς
3324 5366 3525 5441 εἰσάγει

2396 5459 2493 5514 Καὶ
2524 5463 2725 5511 ταινιοῖ
2757 5457 3058 5530 Κάρουλον,
3093 5457 3167 5519 ὡς
3194 5454 3328 5533 ἔφην
3362 5452 3491 5527 ἄνω,

2393 5548 2688 5604 ΚάντεὺΟεν
2716 5548 2880 5623 ἧρξαν
2912 5555 3011 5616 τῆς
3041 5548 3178 5616 ὅλης
3212 5544 3469 5607 Ἰταλίας.

2391 5636 2667 5713 Κάρουλος
2698 5640 2853 5699 οὗτος
2882 5636 3127 5709 ἀξιωθεὶς
3156 5639 3252 5689 τοῦ
3283 5636 3509 5711 στέφους

2214 5730 2352 5787 1965
2391 5726 2640 5783 ’Έστειλε
2660 5722 2911 5801 πρέσϐεις
2944 5727 3081 5801 πρὸς
3105 5730 3407 5799 κρατοῦσαν
3438 5723 3677 5799 Εἰρήνην
