4140 6416
425 376 489 431 91
1638 378 1897 430 EPHRIE
1907 378 2010 429 Mil
2047 377 2060 426 1

1638 378 1897 430 EPHRJE
1907 378 2010 429 ΜΠ
2047 374 2616 430 CHRONOGRAPHI

422 502 562 558 sede
587 502 923 573 depositum
954 501 1122 574 pellit
1150 503 1210 557 in
1240 501 1512 558 exsilium

427 592 500 646 ad
535 591 943 647 Prceconesum
977 592 1234 648 insulam
1268 588 1799 661 Hellesponticam;

426 681 498 736 ad
533 696 712 751 quam
746 683 887 736 dum
923 683 1052 737 navi
1086 683 1431 753 deportatus
1465 680 1720 744 ducitur,

430 769 649 824 mirum
681 769 740 824 in
774 786 953 824 cursu
991 769 1236 839 contigit
1267 769 1621 841 prodigium.

430 858 578 913 Nam
610 858 798 913 sancti
829 858 938 913 viri
975 859 1205 930 cognito
1237 857 1574 929 spiritaliter

428 947 637 1003 itinere
670 947 803 1002 dius
836 948 1243 1019 TheOphanes,
1280 946 1481 1017 procul
1512 945 1667 1013 licet,

430 1036 533 1108 qui
565 1036 922 1092 monasterio
956 1042 1199 1108 praeerat
1231 1037 1287 1091 in
1321 1036 1480 1107 agris
1513 1035 1721 1108 posito,

430 1130 490 1182 et
517 1130 647 1181 ture
676 1126 903 1181 facibus
936 1125 1193 1182 incensis
1228 1142 1508 1197 magnum

429 1216 899 1287 prosequebatur
927 1215 1105 1271 veluti
1140 1215 1407 1271 salutans
1438 1215 1652 1270 virum.

431 1305 702 1361 Vicissim
736 1305 807 1359 de
837 1320 981 1360 nave
1012 1304 1107 1360 hic
1138 1321 1391 1359 cernuus
1423 1304 1707 1359 adorabat

431 1394 684 1449 amicum
716 1393 817 1465 qui
842 1397 1250 1449 transeuntem
1283 1409 1346 1449 se
1377 1394 1723 1449 honorabat.

430 1482 617 1554 Igitur
647 1483 844 1538 nautis
868 1484 1002 1552 jure
1035 1482 1465 1537 demirantibus

430 1576 489 1627 et
519 1587 839 1642 quemnam
874 1572 1146 1627 adoraret
1177 1571 1637 1639 sciscitantibus,

434 1660 748 1731 Inclytum,
779 1659 977 1731 inquit
1005 1662 1355 1729 vaticinans,
1390 1660 1809 1731 Theophanem

432 1750 829 1806 confessorem
857 1753 915 1805 et
945 1750 1371 1806 monachorum
1405 1750 1737 1822 praesidem,

432 1840 534 1911 qui
565 1846 833 1895 sanctum
867 1840 1215 1895 asceterium
1250 1840 1308 1894 in
1342 1856 1480 1912 agro
1512 1838 1797 1895 incolunt.

431 1926 651 1985 Deinde
685 1927 789 1982 Leo
823 1927 1064 1983 balbum
1095 1928 1441 1984 Michaelem

433 2016 812 2089 splendidum
844 2016 1032 2071 virum
1066 2034 1134 2071 ex
1166 2017 1541 2087 optimatium
1576 2034 1819 2074 numero

438 2122 613 2178 quem
647 2105 933 2161 hactenus
964 2106 1221 2162 amicum
1255 2106 1314 2161 in
1346 2106 1481 2162 aula
1511 2108 1815 2177 habuerat,

438 2194 701 2249 vinctum
733 2194 948 2249 carceri
980 2194 1162 2249 tradit
1191 2194 1643 2249 custodiendum
1678 2210 1691 2247 :

435 2298 571 2338 mox
601 2282 775 2338 etiam
807 2282 1023 2338 immiti
1056 2282 1255 2338 animo
1285 2283 1550 2339 decernit
1581 2282 1695 2354 ipsi

432 2371 716 2427 luendum
750 2372 885 2443 igne
916 2388 1262 2443 supremum
1297 2372 1660 2443 supplicium
1696 2388 1710 2427 :

430 2464 489 2516 et
519 2460 648 2516 sine
682 2476 845 2515 mora
875 2474 999 2515 rem
1033 2464 1444 2516 transacturus
1474 2465 1621 2527 erat,

434 2550 550 2606 nisi
580 2548 787 2621 regina
818 2550 1033 2620 conjux
1064 2549 1515 2606 intercessisset.

435 2640 582 2710 Ergo
616 2638 710 2693 hic
742 2638 1025 2694 dimissus
1050 2638 1322 2705 vinculis,
1356 2640 1695 2710 conjuratos

434 2729 702 2796 advocat,
732 2732 904 2784 notos
934 2728 1048 2783 sibi
1084 2728 1165 2783 rei
1196 2729 1464 2800 gerendae
1496 2729 1707 2798 socios,

434 2818 791 2890 quibuscum
826 2817 1003 2872 Leoni
1034 2817 1234 2873 statim
1260 2817 1438 2872 struit
1468 2817 1734 2873 insidias.

430 2905 501 2961 Hi
532 2906 642 2960 sub
674 2920 945 2960 auroram
980 2903 1325 2977 introgressi
1356 2904 1693 2961 clanculum

431 2994 491 3050 in
527 2992 723 3051 aulam
756 2992 1000 3064 regiam,
1034 2994 1219 3065 Papiae
1250 2994 1465 3061 favore,

434 3083 546 3139 sub
577 3081 832 3138 clericali
861 3086 1019 3138 veste
1049 3083 1334 3139 succincti
1366 3083 1601 3156 gladiis,

433 3188 540 3228 ceu
572 3170 882 3227 matutinis
914 3171 1155 3227 canticis
1187 3173 1380 3228 daturi
1414 3189 1674 3244 operam,

434 3261 616 3317 armis
647 3260 875 3317 eductis
906 3260 1157 3316 Leonem
1189 3262 1532 3318 confodiunt

433 3348 783 3423 psallentem
815 3348 876 3404 in
907 3348 1154 3405 ecclesia
1185 3350 1335 3405 inter
1364 3350 1607 3407 clericos
1642 3368 1655 3407 :

434 3440 536 3511 qui
566 3438 809 3495 territus
840 3439 912 3493 ad
945 3438 1210 3494 divinum
1244 3440 1427 3496 altare
1458 3440 1807 3513 confugiens

432 3528 493 3584 in
523 3543 589 3584 eo
614 3527 931 3584 violentam
967 3528 1208 3599 pertulit
1239 3546 1440 3585 necem
1473 3529 1620 3598 loco,

434 3633 613 3692 quem
643 3616 962 3673 violaverat
990 3617 1302 3674 haereticus
1333 3618 1557 3675 infelix.

432 3709 566 3772 Quae
598 3707 945 3779 priusquam
977 3707 1283 3777 occideret,
1316 3708 1425 3763 hoc
1456 3708 1648 3765 visum
1681 3709 1911 3765 accidit.

436 3797 625 3853 Mater
654 3794 858 3852 Leonis
890 3797 1191 3868 conspexit
1222 3812 1325 3869 per
1355 3798 1655 3854 somnium

434 3888 495 3941 in
527 3886 939 3942 Blachernensi
980 3884 1201 3958 templo
1233 3888 1565 3943 adstantem
1599 3887 1711 3943 sibi

434 3975 717 4031 feminam
748 3979 1084 4031 exornatam
1112 3977 1173 4031 in
1206 3976 1434 4047 regium
1470 3992 1708 4044 morem,

436 4081 614 4138 quam
646 4066 1069 4121 circumstabat
1098 4082 1233 4121 cum
1261 4065 1489 4121 decenti
1523 4066 1729 4122 ordine

435 4155 885 4212 candidatorum
917 4156 1258 4228 manipulus
1290 4157 1573 4212 virorum.

432 4245 544 4301 Sed
578 4246 979 4317 pavimentum
1011 4245 1380 4301 redundabat
1408 4245 1718 4319 sanguine.

435 4339 686 4406 Insuper
716 4335 904 4391 audiit
933 4335 1226 4391 dicentem
1260 4334 1600 4403 mulierem;

436 4427 503 4479 ut
533 4423 685 4495 regis
716 4424 919 4480 matris
951 4423 1208 4496 scyphus
1236 4423 1307 4478 ad
1336 4422 1659 4478 bibendum

439 4520 647 4569 cruore
676 4511 888 4585 plenus
920 4512 1314 4568 exhiberetur.

438 4603 562 4668 Qua
591 4602 769 4657 talem
796 4605 1002 4675 potum
1028 4617 1273 4672 prorsus
1305 4605 1636 4671 respuente,

438 4690 652 4747 mulier
682 4691 1007 4764 respondit,
1038 4689 1243 4745 Nonne
1274 4688 1432 4747 filius
1464 4693 1603 4746 tuus

436 4780 700 4837 divinum
731 4781 943 4838 Filium
979 4795 1172 4834 meum
1204 4784 1263 4835 et
1294 4794 1385 4834 me
1418 4778 1748 4838 colentibus

437 4870 644 4944 plagas
676 4870 926 4943 imponit
957 4873 1164 4940 praeter
1193 4869 1283 4925 fas
1312 4873 1585 4926 cruentas
1607 4871 1635 4926 ?

441 4962 577 5033 Ipsa
605 4960 833 5033 rogavit
865 4956 1048 5030 igitur
1072 4974 1268 5031 regem
1299 4957 1491 5014 filium

440 5049 637 5106 scelus
666 5051 733 5102 ut
767 5046 1086 5117 omitteret,
1122 5046 1338 5118 nequid
1373 5046 1514 5101 mali
1547 5048 1875 5121 accideret;

440 5152 646 5195 verum
676 5137 770 5191 hic
799 5136 1083 5193 maternis
1112 5137 1270 5193 haud
1304 5137 1501 5209 paruit
1533 5138 1793 5194 monitis.

799 5251 1116 5309 MICHAEL
1154 5253 1426 5311 BALBUS
1466 5258 1586 5311 AN.
1633 5255 1734 5310 IX.

439 5353 534 5408 Sic
564 5351 891 5421 interfecto,
924 5355 990 5407 ut
1021 5352 1303 5420 diximus,
1337 5353 1548 5424 Leone,

440 5440 687 5499 Michael
720 5440 933 5497 balbus
966 5441 1227 5513 procedit
1257 5442 1595 5512 imperator,

446 5530 548 5604 qui
578 5530 752 5601 pedes
784 5531 977 5586 adhuc
1005 5530 1229 5603 pedicis
1263 5529 1571 5588 conclusos

442 5624 685 5693 gestans
717 5621 787 5677 ad
824 5621 1051 5691 regium
1084 5620 1316 5677 devenit
1335 5620 1672 5693 fastigium;

445 5709 761 5783 statimque
788 5711 859 5767 ad
894 5715 1167 5783 Magnam
1201 5727 1545 5785 progressus
1578 5712 1897 5770 Ecclesiam

2103 497 2157 564 Δ

2117 1867 2165 1932 Β

2113 3226 2157 3294 C

2115 4590 2165 4656 D

2365 494 2592 565 Τίθησιν
2621 493 2894 568 ἐξόριστον
2928 490 3061 551 ἐκόα
3103 498 3176 551 ὼν
3211 496 3410 572 θρόνου

2361 585 2453 644 Εἷς
2487 584 2860 658 Προικόνησον
2890 592 3054 653 νῆσον
3085 583 3538 656 Ἑλλησποντίων
3571 605 3584 618 ·

2363 672 2457 733 Εἷς
2488 673 2547 741 ἣν
2583 670 2893 736 διαπόντιος
2926 675 2991 743 ἦν
3026 674 3380 749 ἐσταλμένος,

2185 763 2325 817 2130
2364 762 2460 815 Καὶ
2491 764 2625 815 κατά
2655 762 2745 815 τὸν
2780 760 2978 834 πλοῦν,
3012 763 3056 817 ὣ
3084 764 3366 835 τεραστίου
3399 763 3598 842 λόγουέ

2362 854 2447 920 Τῷ
2476 848 2743 922 πνεύματι
2772 850 2931 926 γνοὺς
2962 852 3062 920 τὴν
3096 851 3351 908 κέλευθον
3384 853 3537 927 ἁγίου

2364 940 2642 1015 Θεοφάνης
2672 939 2955 1015 πόρρωθεν
2985 935 3165 1004 ἔνθεος
3198 940 3403 1018 λύχνος

2363 1028 2554 1095 Μονῆς
2586 1029 2866 1095 προεστὼς
2896 1032 2995 1094 τῆς
3025 1030 3143 1084 κατ’
3172 1029 3337 1104 ἀγρὸν
3370 1032 3631 1103 κειμένης

2366 1117 2713 1189 Θυμιάμασιν
2744 1117 3020 1189 ἡμμέναις
3052 1140 3111 1173 τε
3142 1119 3419 1192 λαμπάσιν

2188 1207 2329 1262 2135
2367 1203 2728 1281 Ιῐροῦπεμπεν
2759 1210 2874 1261 οἷον
2906 1205 3245 1280 δεξιούμενος
3274 1205 3460 1284 μέγαν.

2366 1296 2427 1351 Ὀ
2461 1292 2506 1348 δ’
2538 1294 2596 1349 ἐκ
2624 1294 2887 1359 κελεύθου
2916 1297 3283 1371 προσκύνησιν
3316 1300 3381 1367 ἦν
3415 1299 3594 1373 νέμων

2367 1386 2463 1456 Τῷ
2492 1385 2591 1452 τὴν
2625 1386 2967 1460 προπομπὴν
3003 1385 3355 1459 ηὐτρεπικότι
3388 1388 3562 1465 φίλῳ.

2370 1474 2457 1534 Ὦς
2480 1472 2623 1537 εἷκὸς
2654 1473 2847 1529 οὐκοῦν
2883 1475 3273 1548 θαυμασάντων
3306 1476 3577 1533 ναυτίλων

2372 1564 2473 1619 Καὶ
2506 1561 2612 1617 τίνι
2643 1564 3013 1634 προσκύνησιν
3054 1564 3317 1620 εἰπόντων
3350 1565 3524 1639 νέμει,

2192 1654 2334 1709 2140
2373 1653 2439 1708 Ἠ
2473 1648 2520 1705 δ’
2549 1653 2608 1713 ὃς
2640 1657 2955 1728 προαθρῶν⁷
2983 1652 3217 1725 Γεννάδᾳ
3245 1656 3505 1733 Θεοφάνει

2372 1738 2725 1816 ⁸Θμολογητῇ
2758 1744 2845 1797 καὶ
2884 1748 3143 1817 μοναχῶν
3178 1744 3453 1818 προστάτῃ

2374 1829 2755 1901 Ἀσκουμένων
2784 1830 3055 1887 κάλλιστα
3080 1834 3198 1886 κατ’
3228 1831 3389 1908 ἀγρὸν
3429 1835 3618 1910 μέγαν.

2373 1920 2547 1982 Οὗτος
2577 1921 2869 1995 κατασχὼν
2900 1920 3135 1995 Μιχαὴλ
3164 1921 3400 1997 τραυλὸν
3436 1925 3581 1987 θέσιν

2373 2013 2488 2061 Τῶν
2517 2030 2638 2063 τινα
2667 2007 2938 2085 λαμπρῶν
2971 2010 3060 2065 καὶ
3093 2014 3563 2090 περιφανεστάτων

2194 2100 2337 2155 2145
2376 2097 2473 2153 Καὶ
2502 2100 2734 2174 πρόσθεν
2768 2100 2820 2153 οἱ
2851 2098 3024 2176 φίλων
3056 2121 3113 2155 τε
3139 2101 3229 2155 καὶ
3258 2103 3619 2175 τιμωμένων,

2374 2188 2461 2243 Ἐν
2495 2185 2713 2262 φυλακῇ
2746 2188 2926 2259 τίθησι
2957 2188 3047 2243 καὶ
3078 2191 3419 2265 καθειργνύει
3449 2209 3462 2223 ·

2374 2278 2502 2334 Εἶτα
2531 2278 2911 2355 κατακέκρικεν
2936 2280 3098 2333 αὐτοῦ
3128 2280 3219 2333 καὶ
3253 2279 3420 2354 μόρον

2372 2368 2479 2425 Τὸν
2513 2364 2604 2421 διὰ
2632 2368 2801 2443 πυρὸς
2832 2370 2866 2437 ἡ
2908 2367 3075 2442 μιαρά
3103 2366 3300 2444 καρδία
3332 2390 3345 2405 ο

2376 2456 2473 2510 Καὶ
2504 2455 2631 2531 τάχ’
2663 2456 2722 2511 ἃν
2757 2455 3004 2529 ἐξήνυσεν
3039 2457 3203 2513 αὐτὸν
3239 2457 3452 2532 αὐτίκα,

2194 2549 2336 2604 2150
2373 2546 2440 2604 Εἰ
2468 2548 2543 2618 μὴ
2582 2544 2797 2619 βασιλὶς
2831 2545 3029 2608 εὐνέτις
3060 2548 3126 2616 ἦν
3159 2545 3419 2610 ἐνστάτις.

2376 2635 2526 2690 Ἐπεὶ
2558 2633 2602 2688 δ’
2636 2636 2853 2711 ἀφείθη,
2880 2634 3114 2697 καλέσας
3145 2636 3463 2710 συνωμότας

2377 2733 2703 2805 Συνίστορας
2738 2729 2961 2803 δέσμιος
2992 2730 3083 2795 οῦς
3113 2728 3233 2805 ᾔδει
3263 2732 3453 2809 τάχος,

2375 2821 2480 2877 Σὺν
2515 2821 2663 2899 σφίσι
2692 2826 2771 2894 τῷ
2805 2820 2997 2877 Λέοντι
3027 2821 3242 2877 καττύει
3276 2820 3450 2898 λόχον
3487 2843 3501 2856 ·

2373 2913 2441 2967 Οἳ
2474 2912 2561 2966 καὶ
2596 2913 2712 2965 κατ’
2743 2907 2939 2986 ὄρθρον
2970 2906 3398 2987 παραϐυσθέντες
3429 2913 3606 2989 λάθρα

2192 3004 2335 3058 2155
2372 3003 2506 3061 Τοῖς
2541 3000 2840 3075 βασιλείοις
2871 3000 3083 3055 Παπίου
3113 3002 3367 3077 συνεργίᾳ

2370 3092 2461 3147 Ἐν
2494 3086 2777 3160 κληρικῶν
2808 3090 3055 3163 σχήματι
3087 3089 3178 3143 καὶ
3211 3090 3529 3166 ξιφηφόροι,

2375 3181 2463 3240 Ὠς
2495 3176 2651 3248 δῆθεν
2686 3177 2993 3237 ἀνοίσοντες
3024 3174 3169 3248 ᾠδὰς
3202 3178 3444 3253 ὀρθρίας,

2376 3268 2680 3345 Σφάττουσι
2710 3267 2800 3319 τὸν
2835 3266 3039 3319 Λέοντα
3066 3271 3184 3330 τοῖς
3213 3265 3466 3344 ξιφιδίοις

2375 3360 2459 3414 Ἐν
2492 3360 2570 3427 τῷ
2601 3359 2707 3427 νεῷ
2735 3352 3021 3428 ψάλλοντα
3052 3354 3145 3409 σὺν
3173 3356 3609 3432 κληρουμένοις,

2192 3450 2336 3505 2160
2373 3445 2499 3516 Θείᾳ
2527 3443 2767 3519 τραπέζῃ
2801 3444 3254 3522 προσπεφευγότα
3286 3443 3463 3521 φόϐῳ,

2374 3538 2520 3593 Ἐκεῖ
2550 3535 2743 3607 βιαίως
2770 3533 2863 3587 τὸν
2899 3532 3013 3608 βίον
3050 3531 3370 3604 λελοιπότα,

2372 3624 2537 3679 Ἔνθα
2566 3624 2685 3697 περ’
2717 3616 2990 3697 ἐξύϐρισεν
3024 3618 3232 3686 ἀσεϐῶς
3259 3622 3450 3687 τάλας.

2372 3712 2507 3787 Πρὶν
2539 3712 2574 3781 ἢ
2609 3708 2665 3765 δὲ
2688 3716 2855 3766 ταῦτα
2885 3718 3198 3785 συμπεσεῖν,
3235 3711 3411 3769 ὦπται
3440 3712 3573 3770 τάδε
3603 3731 3616 3746 ⁸

2370 3800 2557 3873 Ἔδοξε
2591 3802 2757 3875 μητρὶ
2787 3804 2882 3855 τοῦ
2914 3802 3146 3863 Λέοντος
3175 3804 3294 3857 κατ’
3323 3799 3454 3879 ὄναρ

2190 3893 2334 3949 2165
2372 3893 2503 3963 Ναῷ
2534 3891 2864 3966 Βλαχερνῶν
2896 3888 3143 3945 εἰσδῦσαν
3177 3891 3507 3967 παρεστάναι

2372 3984 2605 4035 Γυναῖκα
2634 3984 2917 4054 καταθρεῖν
2946 3978 3178 4052 κοσμίαν
3217 3978 3477 4055 βασιλίδα

2371 4072 2755 4144 Λευχεινοῦσιν
2788 4066 3013 4143 ἀνδράσι
3043 4064 3390 4142 τιμωμένην,

2372 4158 2863 4236 Λορυφορουμένην
2890 4177 2948 4211 τε
2978 4155 3068 4212 σὺν
3103 4157 3337 4229 εὐταξίᾳ.

2369 4248 2445 4303 Τὸ
2478 4244 2706 4302 δάπεδον
2742 4244 2800 4300 δὲ
2828 4245 3040 4322 πλῆρες
3070 4245 3314 4319 αἱμάτων
3353 4247 3600 4323 βλέπειν.

2192 4339 2335 4395 2170
2374 4337 2517 4410 Πρὸς
2547 4334 2595 4390 δ’
2622 4336 2685 4389 αὗ
2713 4336 2937 4389 ἀκοῦσαι
2966 4340 3066 4404 τῆς
3100 4332 3590 4413 δορυφορουμένης

2376 4430 2577 4486 Σκεῦος
2610 4424 2877 4500 λεγούσης
2907 4423 3074 4500 μητρὶ
3105 4428 3202 4479 τοῦ
3240 4423 3510 4499 βασιλέως

2376 4517 2575 4587 Νέμειν
2606 4519 2748 4569 πιεῖν
2782 4512 3010 4586 α’ίμανος
3040 4512 3527 4587 ἐμπεπλησμένον.

2374 4603 2538 4659 Πόσιν
2572 4601 2629 4657 δὲ
2658 4600 2825 4672 τῆσδε
2853 4599 3135 4663 παντελῶς
3166 4602 3535 4677 ἀρνουμένης,

2376 4697 2609 4747 Γυναῖκα
2641 4692 2825 4769 φάναι,
2861 4692 2965 4753 Σὸς
3000 4688 3058 4745 δὲ
3087 4695 3216 4753 παῖς
3249 4689 3355 4767 οὐχ
3392 4692 3639 4767 αἱμάτων

2195 4785 2339 4842 2175
2380 4783 2501 4836 Υἱὸν
2536 4780 2663 4836 Θεόν
2700 4801 2805 4853 μου
2835 4783 3272 4856 προσκυνοῦντας
3302 4780 3444 4855 κάμέ
3473 4803 3534 4859 γε

2376 4872 2573 4940 Τίθησι
2598 4868 2835 4945 πλήρεις
2867 4872 3142 4942 μαστικῶν
3167 4869 3501 4944 παρανόμως
3529 4894 3542 4942 ;

2380 4958 2587 5018 Ἐδεῖτο
2619 4955 2812 5019 παιδὸς
2840 4960 3134 5032 τοιγαροῦν
3170 4958 3517 5035 στεφηφόρου

2381 5050 2552 5120 Λῆξαι
2580 5046 2770 5121 μανίας
2806 5046 2882 5119 μὴ
2914 5044 3077 5100 κακόν
3108 5066 3161 5100 τι
3190 5048 3281 5100 καί
3317 5048 3463 5123 πάθῃ
3501 5067 3513 5082 ·

2385 5137 2543 5195 Ἀλλ’
2565 5139 2630 5207 ἦν
2656 5137 2887 5205 ἀπειθὴς
2921 5141 3212 5213 μητρικαῖς
3244 5133 3631 5211 συμϐουλίαις.

2535 5256 2815 5313 ΜΙΧΑΗΛ
2855 5255 2898 5312 0
2938 5248 3256 5313 TPAI‘AOZ‘.
3296 5258 3405 5313 ET.
3450 5258 3523 5312 e’.

2204 5361 2346 5417 2180
2385 5357 2544 5416 Οὕτω
2578 5355 2871 5433 σφαγέντος
2902 5358 3000 5410 τοῦ
3030 5351 3287 5423 Λέοντος,
3320 5356 3395 5417 ὡς
3426 5348 3585 5432 ἔφην,

2381 5444 2626 5522 Τραυλὸς
2662 5443 2901 5519 Μιχαὴλ
2929 5441 3303 5499 ἀναδείκνυται
3334 5446 3576 5519 κράτωρ,

2385 5538 2504 5592 Ἔτι
2538 5531 2749 5608 σιδήρῳ
2778 5532 2905 5595 τοὺς
2934 5531 3100 5596 πόδας
3131 5534 3521 5609 καθειργμένος

2386 5625 2795 5699 ’Δναγορευθεὶς
2832 5621 3089 5697 βασιλεὺς
3118 5621 3471 5699 αὐτοκράτωρ
3506 5640 3520 5655 ·

2386 5714 2499 5771 Εἶτ’
2531 5714 2607 5776 εἰς
2642 5711 2880 5790 μεγάλην
2914 5709 3292 5787 προσδραμὼν
3320 5710 3616 5782 ἐκκλησίαν

3768 379 3839 435 92
