2070 3204
187 182 227 211 93

187 246 261 275 2185
279 245 349 284 Παρ’
363 244 515 283 ἂρχιθύτου
528 244 629 282 γίνεται
645 243 825 283 στέφηφόρος.

280 290 400 319 “Aw-)0“
417 289 497 320 οὗτος
512 287 587 316 εἷλκε
600 288 689 326 σειρὰν
705 290 754 316 τοῦ
768 288 864 326 γένους

280 335 326 362 Ἐκ
342 333 464 372 Φρυγίας
478 334 538 370 μὲν,
554 333 649 364 ἄστεος
667 331 690 360 δ’
708 333 851 370 Ἀμορίου,

281 378 379 417 Έκφὺς
395 380 536 416 πενιχρῶν
554 377 663 414 ἀπόρων
679 388 709 404 τε
723 378 859 415 πατέρων,

279 424 362 462 Ἀνήρ
378 423 516 461 ἀποφρὰς,
534 420 677 456 δυσσεϐὴς.
695 424 798 449 πιστῶν
820 422 895 458 λύμη

187 469 262 498 2190
282 467 370 506 Βαρὺς
385 468 511 504 τιμωρὸς
527 465 745 503 ὁρθοδοξούντων
765 466 873 505 μέρους,

279 511 419 551 Ηάρδαλις
436 512 494 539 οἷον
510 509 711 549 ποικιλόχροος
729 510 819 546 σέϐας,

279 557 383 588 Ἄλλος
398 556 561 595 χαμαιλέων
578 567 618 588 τις
636 554 756 593 ἀμείϐων
773 558 869 594 χρόας,

281 603 339 637 Τῆς
356 602 501 640 άὶρετικῶν
514 600 693 635 παντοδαπῆς
707 601 800 631 κακίας

282 647 460 683 Ηανσπερμία
473 657 515 677 τις
531 647 677 683 παμμιγὴς
697 645 856 683 βδελυκτέα,

191 699 265 727 2195
283 697 458 735 Ἀθιγγάνοις
471 707 500 724 τε
514 696 559 724 καὶ
575 698 782 734 χριστομάχοις
797 697 889 735 φίλος,

284 740 479 772 Σαδδουκαίοις
498 740 616 778 μάλιστα
631 744 689 772 τοῖς
704 742 884 779 τρισαθλίοις,

283 786 377 823 νΑλλῃ
392 797 421 813 τε
436 786 541 814 λοιπῶν
559 787 702 823 αἱρετικῶν
717 787 844 824 φρατρίᾳ⁷

285 832 410 869 Ἕστεργε
424 831 457 858 τὰ
473 828 600 858 Σάϐϐατα
615 830 660 858 καὶ
675 831 837 867 νουμηνίας·

285 875 420 905 Μέηλοντ⁷
435 876 522 913 ἀγαθὰ
536 876 581 903 καὶ
597 875 678 903 πάλιν
694 874 798 913 δρόμου
816 875 883 913 βίον,

195 927 268 955 2200
286 925 336 953 Καὶ
351 927 404 953 τῶν
421 927 580 964 προφητῶν·
598 925 704 962 διέσυρε
719 926 750 952 τὸ
765 926 870 962 στίφος·

286 971 345 999 Οὐκ
359 969 421 1006 ᾤετ’
436 971 504 998 εἶναι
522 969 654 1006 δαίμοτας
668 970 699 997 τὸ
715 970 851 1005 παράπαν

286 1015 336 1042 Τὸν
354 1013 457 1043 Ἰούδαν
474 1014 588 1052 ἔφασκεν
607 1014 674 1042 εἶναι
690 1013 807 1042 δεκτέον·

287 1060 332 1094 Μὴ
348 1059 417 1087 κατὰ
428 1060 522 1096 καιρὸν
539 1059 705 1087 ἐκτελεῖσθαι
721 1060 778 1086 κατ’
795 1058 864 1090 ἔθος.

289 1104 386 1142 Πάσχα
400 1105 431 1132 τὸ
447 1105 583 1140 σωτήριον
598 1104 776 1142 ἀπεφλυοίρει·

198 1149 269 1177 2205
291 1150 422 1187 Ηορνειαν
438 1149 577 1185 ὠνόμαζεν
593 1148 646 1186 οὐχ
659 1148 801 1186 ἁμαρτίαν,

288 1192 351 1222 Οὕτ¹
366 1192 440 1221 ἄλλο
455 1196 557 1230 κακῶν,
574 1193 733 1232 φιλόποινος
749 1192 856 1230 καρδία·

290 1237 353 1266 Θεόν
370 1239 392 1266 τ’
410 1238 524 1275 ὀμνύναι
538 1240 591 1265 τῶν
610 1238 681 1265 ὅλων
700 1238 852 1275 παρηγγύα,

289 1283 333 1314 Ὧς
351 1283 389 1320 μή
405 1283 620 1320 τρισυπόστατον
638 1283 730 1318 ὑμνῶν
748 1282 862 1319 Τριάδα,

289 1328 375 1359 Οὗτος
392 1327 476 1366 βαρὺς
487 1326 612 1355 ἔπνευσεν
628 1325 746 1355 εὐσεϐῶν
763 1328 837 1365 μέρει

198 1374 273 1401 2210
291 1371 490 1400 καθυποϐαλὼν
507 1372 606 1403 αἰκίαις
621 1375 687 1411 σφᾶς
703 1372 808 1410 ἀγρίαις

292 1417 344 1445 Καὶ
361 1416 521 1454 φυγαδείαις
534 1418 579 1444 καὶ
594 1416 750 1444 τελευταῖον
767 1417 862 1452 μύροις

291 1463 371 1501 Ὑπὲρ
387 1460 526 1490 σεϐαστῶν
543 1465 739 1500 προσκυνητῶν
756 1462 880 1489 εἰκόνων

293 1508 363 1546 Πρὸς
378 1506 470 1536 τοῖσδε
483 1508 654 1545 καθείργνυσι
671 1511 815 1546 φωστῆρας
833 1507 881 1535 δύο

294 1552 432 1589 Εὖθύμιον
448 1551 574 1589 Σάρδεων
591 1552 636 1579 σὺν
653 1550 789 1588 Μεθοδίῳ,

200 1603 274 1631 2215
291 1601 391 1630 Τύπτει
405 1601 431 1629 τ’
446 1599 564 1639 ἀφειδῶς
582 1601 718 1637 μαστίγων
735 1600 848 1629 πολλῶν
868 1601 943 1639 βάρει

292 1647 339 1674 Ὧν
356 1645 493 1682 Ede-Opino:
503 1645 632 1683 εὐψύχως
647 1646 733 1684 φέρων
749 1646 848 1676 πόνους

292 1691 504 1726 Ἐναποθνήσκει
524 1691 650 1728 βασάνοις
666 1688 756 1718 λαϐὼν
775 1690 881 1729 στέφος⁸

292 1736 486 1774 Καθείργνυται
501 1734 531 1763 δὲ
546 1735 681 1767 Μεοόδιος
699 1736 842 1772 μακρόθεν.

293 1781 403 1810 ’Ἁνακτι
418 1779 490 1817 τῷδε
504 1783 605 1817 Θωμᾶς
619 1791 662 1811 τις
678 1780 833 1815 ἀποστάτης

199 1827 276 1855 2220
296 1825 434 1864 Ἐπιφυεὶς
449 1825 547 1856 ὅπλοις
563 1836 592 1853 τε
605 1825 649 1852 καὶ
668 1826 746 1862 βαρεῖ
761 1825 852 1861 στόλῳ

296 1871 408 1908 Πορθῶν
426 1869 508 1907 ἐδῄου
520 1871 554 1897 τὰ
569 1870 645 1907 πέριξ
660 1869 834 1904 Βυζαντίδος·

297 1915 347 1942 Καὶ
359 1915 433 1942 τοῦτ’
449 1914 493 1943 ἐπὶ
511 1915 643 1951 μήκιστον
661 1914 691 1941 οὐ
706 1914 799 1945 καλῶς
814 1913 889 1952 ἕδραυ

297 1959 395 1996 Ὅμως
411 1957 487 1993 δίκην
504 1969 575 1986 ετισε
591 1959 736 1996 συσχεθεὶς
750 1959 834 1989 τάλας

300 2003 419 2032 Διπλοῦν
437 2003 554 2034 ὑποστὰς
571 2004 608 2031 ὧν
625 2003 721 2041 ἔδρασε
734 2005 780 2031 τὸν
799 2003 893 2041 μόρον.

206 2050 280 2078 2225
298 2049 404 2078 Τούτου
419 2051 594 2086 κρατοῦντος,
612 2050 770 2086 Ἀγαρηνῶν
784 2060 809 2076 τι
826 2050 915 2086 γένος,

298 2093 413 2130 Οἵκησιν
430 2093 509 2131 ἴσχον
524 2093 635 2129 δυτικὴν
652 2092 782 2132 Ἰϐηρίαν,

297 2140 394 2177 Ἀρχῷ
408 2138 563 2177 προσῆλθεν
578 2140 668 2176 ἀξιοῦν
685 2139 812 2167 ἀποικίαν

294 2184 376 2222 Σφίσι
391 2188 542 2223 παρασχεῖν
559 2184 599 2216 εἴς
613 2196 673 2212 τινα
683 2185 774 2217 θέσθαι
789 2185 883 2221 τόπον,

293 2231 347 2257 Τοῦ
363 2228 397 2264 δὴ
412 2230 471 2257 κατ’
486 2229 583 2260 αὐτοὺς
599 2229 784 2266 ἐστενωμένου
798 2230 884 2258 τόπου

199 2280 276 2308 2230
292 2279 345 2308 Καὶ
363 2279 402 2315 μὴ
416 2279 557 2311 σθὲνοντος
573 2281 647 2318 σφῶν
661 2283 750 2318 φερειν
764 2280 910 2309 συνοικίαν.

297 2324 346 2352 Καὶ
361 2324 481 2356 πείθεται
496 2324 639 2362 φύλαρχος
653 2324 740 2352 αὐτῶν
754 2327 813 2355 τοῖς
831 2323 937 2362 λόγοις,

297 2371 349 2399 Καὶ
364 2369 461 2398 τούσδε
477 2368 571 2398 λαϐὼν
587 2369 730 2405 ἐξέπλευσε
746 2370 791 2397 σὺν
809 2371 912 2407 στόλῳ,

297 2417 523 2454 Λιιιρυραιγωγῶν⁷
540 2414 690 2452 πυρπολῶν
706 2416 807 2449 νήσους
822 2414 898 2446 ὅλας.

297 2461 349 2489 Καὶ
364 2464 525 2498 πειρατικῆς
541 2459 726 2497 ἀναπιμπλῶν
743 2460 864 2491 ναυτίας.

199 2507 278 2535 2235
296 2505 372 2533 Ἐπεὶ
388 2504 417 2532 δὲ
432 2506 591 2543 καθώρμισε
603 2506 725 2543 τριήρεις
741 2506 848 2542 Κρήτῃ,

295 2550 332 2578 Τὸ
346 2550 492 2589 πάμφορον
510 2549 534 2578 δ’
549 2548 648 2587 ἔϐλεψε
661 2551 746 2585 νήσου
762 2550 807 2577 καὶ
824 2550 895 2581 θέσιν

296 2597 333 2625 Εὖ
348 2595 470 2632 κράσεως
484 2594 600 2633 ἔχουσαν
615 2594 710 2623 ἄλλων
723 2596 746 2622 θ’
762 2595 865 2632 ὡρίων,

298 2640 400 2679 Φλὲγει
418 2641 553 2677 μονωθεὶς
569 2639 655 2667 πάντα
669 2640 734 2677 πυρὶ
750 2640 795 2667 τὸν
813 2639 920 2667 στόλον⁴

296 2685 349 2714 Καὶ
364 2687 414 2713 τοῦ
423 2685 482 2712 κατ’
499 2685 579 2712 αὐτὸν
594 2687 721 2712 ναυτικοῦ
741 2684 932 2722 πεφλεγμένου

198 2733 276 2760 2240
298 2729 416 2768 Καρδίαν
433 2730 488 2768 οᾶιχ
499 2729 599 2764 ἥκιστα
613 2730 734 2760 καύσεως
751 2728 850 2756 στόλου

298 2776 349 2804 Καὶ
366 2777 493 2813 γαμετῶν
509 2775 555 2802 καὶ
571 2773 709 2813 φιλτάτιον
727 2775 913 2810 μιμνημένου,

294 2822 348 2848 Νὗν
366 2819 432 2856 ὑμῖν
448 2818 501 2847 ὦδε
515 2822 608 2858 χῶρος
625 2819 662 2847 εἰς
677 2818 817 2847 κατοικίαν

296 2866 386 2903 Γάλα,
400 2865 464 2902 μέλι
482 2865 580 2903 ῥέουσα
596 2868 631 2902 γῆ
646 2875 697 2900 τις,
714 2864 827 2903 ἀντέφη,

958 183 1137 211 CESARKS.

1030 250 1058 280 Α
1073 247 1109 274 ab
1121 246 1327 283 archiprmsule
1342 249 1468 275 stemma
1482 247 1564 283 regni
1579 246 1697 282 accipit.

1075 292 1127 320 Hic
1143 292 1189 320 sui
1203 292 1339 320 trahebat
1353 292 1469 328 generis
1480 291 1626 328 originem

1076 337 1148 365 urbe
1163 345 1197 365 ex
1211 337 1331 364 Americ
1346 336 1471 372 Phrygia
1486 337 1515 363 in
1532 335 1693 372 provincia,

1076 382 1194 417 genitus
1209 381 1321 409 inﬁmis
1333 381 1397 409 sine
1412 389 1442 409 re
1459 380 1639 417 parentibus.

1076 429 1142 462 Ipse
1151 425 1195 454 vir
1210 433 1350 462 nequam,
1366 425 1532 461 haereticus,
1548 425 1681 453 ﬁdelium

1076 471 1178 507 pestis,
1197 471 1363 499 etcarnifex
1380 470 1471 507 partis
1489 470 1655 498 orthodoxa:
1670 477 1676 497 :

1077 518 1155 543 secta
1166 518 1225 543 tam
1241 516 1339 543 varius
1355 523 1443 550 quam
1459 514 1570 543 corium
1588 513 1753 549 pardaleos,

1076 561 1148 588 alter
1161 560 1231 596 quin
1244 561 1314 588 adeo
1330 560 1456 588 discolor
1471 558 1659 592 chamreleon,

1077 606 1280 634 haereticorum
1297 605 1458 641 omnigenus
1472 604 1589 631 malitiae

1077 651 1183 678 cinnus
1199 652 1286 685 atque
1302 648 1442 677 colluvies
1458 646 1673 681 abominabilis,

1076 699 1252 735 Athinganis
1268 697 1552 732 christomacbisque
1568 697 1678 731 favens,

1078 755 1110 773 ac
1126 745 1292 773 Sadducazis
1308 744 1457 780 potissime
1469 742 1660 776 tristissimis,

1078 790 1203 826 aliisque
1218 791 1339 825 insuper
1354 789 1440 818 sectis
1454 787 1616 821 haereticis;

1078 835 1205 863 Sabbata
1216 834 1387 862 observabat
1403 836 1431 861 et
1446 831 1628 864 neomenias,

1073 881 1181 912 futurae
1195 880 1260 907 vitze
1276 879 1352 907 bona
1364 881 1392 906 et
1406 876 1650 905 resurrectionem

1039 930 1062 962 B
1078 934 1107 960 et
1122 931 1280 968 prophetas
1295 938 1398 958 omnes
1409 927 1552 956 irridebat
1567 936 1574 960 ;

1083 978 1233 1005 daemonas
1250 983 1370 1011 prorsus
1386 973 1483 1001 nullos
1499 979 1562 1000 esse
1579 971 1722 1007 putabat;

1081 1022 1188 1050 Judam
1203 1020 1318 1048 dicebat
1333 1027 1397 1047 esse
1409 1018 1495 1045 laude
1511 1017 1635 1052 dignum
1649 1025 1656 1049 ς

1083 1068 1188 1102 praeter
1202 1073 1290 1092 suum
1308 1068 1423 1099 tempus
1439 1061 1608 1098 paschalem
1625 1060 1715 1087 ritum

1082 1119 1099 1138 τι
1115 1110 1199 1137 nobis
1215 1108 1354 1137 celebrari
1366 1107 1550 1140 blaterabat;

1082 1155 1290 1183 scortationem
1305 1153 1428 1188 negabat
1444 1152 1473 1179 in
1489 1150 1584 1186 culpis
1600 1156 1706 1185 ponere

1082 1199 1126 1227 vel
1142 1199 1306 1235 quidquam
1323 1205 1383 1226 esse
1400 1196 1469 1224 mali
1486 1196 1615 1223 furiosus
1627 1195 1735 1226 homo;

1083 1244 1175 1272 Deum
1192 1244 1339 1278 sicjurare
1354 1249 1506 1270 summum
1522 1239 1675 1271 suadebat,

1082 1291 1225 1324 tanquam
1240 1288 1330 1315 trium
1346 1287 1520 1323 bypostaseo
1536 1292 1592 1312 non
1605 1283 1644 1311 sit
1659 1282 1751 1310 Trias.

1087 1334 1136 1361 llic
1152 1333 1294 1361 molestus
1310 1334 1372 1360 erat
1388 1331 1520 1367 partibus
1537 1327 1718 1361 orthodoxis,

1085 1387 1159 1415 quas
1171 1377 1350 1406 cruciatibus
1366 1376 1437 1403 diris
1449 1374 1611 1407 exercebat,

1087 1433 1139 1452 nec
1156 1432 1214 1451 non
1228 1422 1338 1450 exsiliis
1355 1423 1383 1448 et
1398 1418 1545 1455 supremis
1560 1415 1716 1452 suppliciis

1087 1472 1205 1505 propter
1221 1469 1412 1502 uugustarum
1430 1464 1542 1492 cultum
1559 1461 1733 1497 imaginum.

1088 1516 1230 1541 Praeterea
1245 1510 1466 1547 comprehendit
1481 1508 1611 1543 insignes
1627 1507 1713 1539 duos,

1088 1559 1224 1588 Sardium
1241 1557 1412 1593 episcopum
1428 1553 1599 1588 Ethymium
1613 1559 1679 1579 cum
1695 1547 1825 1578 Methodi

1043 1615 1065 1648 ρ
1085 1611 1236 1645 multoque
1250 1610 1278 1636 et
1293 1606 1373 1643 gravi
1388 1605 1506 1633 verbere
1522 1601 1644 1630 caecidit.

1086 1659 1118 1686 In
1134 1655 1181 1683 his
1193 1652 1368 1688 Euthymius
1384 1649 1497 1678 fortiter
1512 1647 1626 1676 dolores
1637 1646 1734 1673 ferens

1087 1705 1212 1730 stemma
1226 1699 1360 1727 lucratus
1375 1694 1501 1723 moritur
1515 1693 1546 1720 in
1562 1691 1694 1720 cruciatu
1714 1699 1721 1723 ;

1088 1745 1256 1774 Methodius
1273 1744 1418 1770 remotum
1434 1739 1464 1766 in
1474 1744 1620 1767 carcerem
1633 1734 1797 1769 ablegatur.

1090 1789 1233 1826 Regnanti
1248 1788 1316 1816 huic
1332 1787 1462 1814 Thomas
1478 1781 1596 1811 rebellis
1612 1780 1733 1826 quidam

1089 1823 1184 1863 hostis
1198 1835 1328 1866 exortus,
1344 1831 1435 1859 armis
1446 1831 1474 1857 et
1489 1827 1582 1856 classe
1597 1823 1689 1861 gravii

1092 1882 1229 1908 cunctam
1243 1876 1374 1914 Byzantii
1399 1873 1556 1909 diripiebat
1566 1870 1721 1902 viciniam;

1091 1926 1181 1960 idque
1194 1922 1340 1959 permulto
1355 1920 1465 1948 malum
1482 1917 1599 1945 duravxt
1612 1916 1745 1960 tempore
1761 1919 1768 1939 :

1093 1958 1143 1997 sed
1160 1958 1371 1996 adiextremum
1387 1966 1492 2000 captus
1507 1960 1609 1989 infelix
1623 1958 1753 1986 Thomas

1093 2015 1237 2042 factorum
1253 2019 1375 2040 suorum
1392 2008 1513 2044 duplam
1528 2003 1667 2042 persolvit
1678 2008 1805 2037 poenam.

1091 2058 1151 2086 Sub
1164 2058 1219 2085 hoc
1234 2057 1305 2084 item
1321 2062 1399 2090 rege,
1414 2054 1614 2088 Agarenorum
1630 2046 1767 2083 quaedam

1091 2103 1186 2131 tribus
1202 2102 1353 2129 occiduam
1369 2097 1500 2126 incolens
1516 2094 1642 2123 Iberism

1091 2148 1253 2184 principem
1270 2153 1358 2173 suum
1373 2143 1509 2180 precibus
1525 2138 1666 2175 fatigabat

1092 2183 1122 2220 ut
1137 2201 1168 2220 se
1184 2192 1213 2219 in
1230 2190 1372 2219 coloniam
1388 2188 1507 2216 duceret
1523 2186 1557 2213 ad
1575 2183 1648 2212 alias
1662 2184 1765 2214 terras,

1090 2237 1229 2273 quoniam
1245 2235 1369 2263 arctiore
1383 2239 1463 2261 nunc
1476 2229 1702 2264 habitabat_loco

1050 2299 1074 2330 Ι)
1090 2286 1212 2322 quijam
1230 2293 1287 2312 non
1304 2286 1419 2319 caperet
1434 2281 1596 2309 incolarum
1613 2284 1782 2306 numerum.

1092 2330 1193 2358 Paruit
1207 2328 1361 2357 tribulium
1378 2327 1515 2363 princeps
1529 2323 1726 2356 sermonibus,

1093 2375 1293 2411 impositoque
1308 2373 1337 2400 in
1351 2372 1475 2400 navibus
1491 2369 1599 2406 populo

1093 2419 1206 2447 insulas
1221 2418 1309 2454 coepit
1325 2415 1497 2453 deprmdari,
1515 2413 1682 2448 incendere,

1094 2472 1234 2499 mareque
1246 2462 1375 2498 opplevit
1390 2460 1522 2498 piraticis
1534 2458 1668 2493 navigiis.

1093 2509 1222 2544 Cumque
1235 2506 1398 2543 appulisset
1413 2506 1449 2534 ad
1464 2506 1577 2532 Cretam
1595 2502 1739 2533 triremes,

1094 2554 1219 2581 miratus
1234 2552 1336 2580 insulae
1352 2551 1472 2578 uberem
1486 2552 1634 2581 naturam,

1094 2597 1265 2634 temperiem
1281 2596 1356 2630 seris,
1372 2594 1596 2623 commoditates
1612 2594 1743 2626 caeteras,

1095 2643 1216 2670 remotis
1231 2641 1359 2673 arbitris,
1372 2639 1457 2668 classi
1471 2638 1598 2674 subjecit
1613 2638 1723 2672 ignem.

1094 2688 1163 2715 Post
1179 2687 1219 2721 id,
1235 2695 1302 2714 cum
1314 2686 1393 2713 socia
1407 2684 1495 2712 turba
1510 2682 1607 2711 dolore
1623 2682 1738 2710 arderet

1095 2732 1173 2760 haud
1190 2732 1289 2759 minus
1306 2739 1394 2766 quem
1410 2729 1545 2758 incendio
1562 2727 1726 2763 ﬂagrabant
1741 2733 1841 2758 naves,

1096 2778 1215 2813 propter
1226 2784 1350 2803 uxorum
1363 2784 1397 2803 ac
1412 2775 1568 2811 pignorum
1580 2771 1755 2800 memoriam
1769 2779 1776 2798 :

1095 2821 1189 2856 Nunc,
1202 2820 1242 2848 ait
1259 2821 1405 2855 princeps,
1421 2819 1505 2847 vobis
1520 2818 1568 2845 hic
1584 2819 1628 2846 est
1640 2816 1821 2845 manendum

1096 2866 1124 2893 in
1141 2866 1259 2901 regione
1274 2873 1339 2901 qua:
1355 2864 1430 2893 lacte
1445 2865 1473 2893 et
1489 2862 1576 2892 melle
1591 2861 1674 2896 ﬂuit;
