4140 6408
404 350 489 405 795
1627 348 1998 401 ΕΡΗΒΕΜΗ
2033 356 2039 394 ι

1627 348 1998 401 ΕΡΗΒΕΜΠ
2033 347 2603 409 CHRONOGRAPHI

420 492 598 551 quam
629 478 695 531 nt
720 474 1044 545 occupetis,
1077 489 1176 529 ore
1206 488 1332 542 vos,
1366 470 1565 539 amici,

2097 474 2151 540 Α
2358 476 2568 549 ’Ἠνπερ
2599 477 2962 546 κατοικήσατε
2993 476 3287 550 συσχόντες
3320 474 3498 551 φίλοι,

420 567 731 637 ductisque
763 564 1041 619 uxoribus
1069 563 1305 634 pignora
1340 560 1674 632 procreetis.

2178 565 2323 621 2245
2361 565 2461 621 Καὶ
2489 562 2723 637 φίλτατα
2752 566 3014 633 κτήσεσθε
3040 567 3312 640 γήμαντες
3341 566 3507 639 τάχα.

418 658 701 727 Tempore
722 669 791 709 ex
824 652 923 707 illo
956 650 1220 707 Ismaelis
1252 650 1503 721 populus

2364 655 2459 710 Ἐκ
2486 652 2651 709 τοῦδε
2684 655 2877 711 λοιπὸν
2913 654 3147 727 Ἰσμαὴλ
3182 654 3412 729 ἰσχυρὸν
3443 654 3596 730 γένος

422 746 649 802 fortiter
668 742 923 799 insulam
956 743 1204 811 ejusque
1236 756 1397 795 arces
1424 739 1633 794 tenuit.

2362 748 2545 811 Νῆσον
2580 745 2849 819 κατέσχον
2881 744 2972 799 καὶ
3004 746 3072 798 τὰ
3101 750 3200 812 τῆς
3231 746 3397 813 νήσου
3429 743 3598 818 κράτη

516 858 966 915 THEOPIIILUS
1008 856 1378 913 MICHAELIS
1420 854 1645 910 FILIUS
1681 854 1804 910 AN.
1847 855 1977 910 XII.

1919 855 1977 909 [Ι.
2362 860 2715 917 ΘΕΟΦΙΛΟΣ
2757 861 2801 917 Ο
2840 862 2999 918 ΥΙΟΣ
3043 862 3265 916 ΑΥΤΟΥ
3305 862 3410 917 ΕΤ.
3456 865 3554 916 IB.

494 958 720 1016 Mortali
754 955 1002 1013 Michael
1033 955 1151 1009 vita
1178 954 1487 1009 discedens

2360 958 2416 1011 Ὀ
2441 957 2677 1033 Μιχαὴλ
2712 956 2769 1012 δὲ
2797 960 2887 1013 τὸν
2926 960 3041 1029 βίον
3076 956 3431 1035 καταστρέφει

421 1049 736 1121 imperium
767 1046 887 1101 filio
919 1044 1162 1100 tradidit
1192 1043 1476 1113 Thephilo
1504 1068 1517 1111 ;

2362 1048 2548 1101 Λιπὼν
2583 1048 2643 1101 τὸ
2673 1048 2872 1122 κράτος
2901 1045 3055 1102 παιδῖ
3088 1052 3166 1119 τῷ
3198 1045 3449 1123 Θεοφίλῳ

420 1138 522 1211 qui
547 1136 828 1209 religione
860 1152 891 1190 a
914 1132 1111 1206 pueris
1142 1132 1409 1187 imbutus
1441 1148 1619 1203 prava

2182 1136 2324 1191 2250
2366 1131 2539 1197 Σέϐας
2578 1137 2672 1207 μὶν
2707 1138 2770 1191 οὐ
2801 1138 3056 1211 τρέφοντι
3085 1135 3254 1190 καλὸν
3289 1134 3347 1190 ἐκ
3376 1134 3520 1209 νέου,

420 1233 672 1301 paternae
706 1227 862 1280 visus
896 1228 952 1279 et
985 1222 1254 1294 potentiae
1288 1220 1467 1275 simul

2363 1224 2541 1280 Ἀλλᾶ
2572 1227 2792 1297 παρῴας
2826 1222 3136 1287 δυσσεϐείας
3164 1225 3253 1278 καὶ
3280 1224 3513 1298 κράτους

419 1317 827 1385 hereseosque
857 1312 1025 1367 heres
1057 1315 1112 1367 et
1146 1326 1451 1365 successor
1484 1326 1496 1363 :

2364 1316 2608 1393 Ὀφοέντι
2639 1316 2947 1391 κληρούχῳ
2973 1336 3031 1370 τε
3060 1316 3146 1369 καὶ
3184 1312 3457 1388 διαδόχῳ,

422 1406 541 1461 imo
571 1403 807 1475 capioso
830 1401 1107 1472 regioque
1130 1398 1394 1468 modulo,

2360 1403 2589 1462 Μᾶλλον
2626 1403 2683 1460 δὲ
2712 1404 2914 1477 πολλῴ
2942 1405 3033 1459 καὶ
3070 1404 3340 1480 βασιλικῷ
3374 1404 3556 1479 μέτρῳ

423 1498 488 1549 ut
518 1495 575 1548 in
601 1490 906 1565 proverbio
930 1494 1041 1559 est,
1074 1494 1301 1560 patrem
1336 1503 1646 1560 superans,

2363 1499 2622 1565 Νικῶντι,
2656 1496 2793 1559 καθά
2823 1515 2976 1572 φασι,
3003 1494 3094 1550 τὸν
3130 1493 3469 1572 φυτοσπόρον

422 1582 744 1653 impietatis
766 1598 884 1636 suae
918 1578 1205 1634 fervidum
1240 1578 1521 1647 furorem,

2183 1585 2326 1640 2255
2365 1587 2481 1653 Τῆς
2513 1579 2821 1645 δυσσεϐείας
2854 1582 3103 1659 διαπύρῳ
3138 1582 3324 1656 μανίᾳ,

423 1676 628 1729 contra
658 1670 916 1726 cultores
949 1668 1275 1740 imaginum
1309 1668 1564 1740 spirans.

2359 1675 2461 1729 ’Ἢν
2495 1678 2899 1749 προσκυνηταῖς
2933 1673 3180 1746 ἐμπνέων
3212 1674 3279 1741 ἦν
3308 1670 3557 1727 εἰκόνων.

424 1763 706 1817 Caeterum
731 1759 886 1829 juris
916 1758 1239 1830 incorrupti
1271 1761 1442 1813 tenax

2366 1763 2592 1835 Στάθμη
2628 1760 2685 1815 δὲ
2716 1760 2873 1833 δίκης
2901 1762 3169 1838 ἀρῥεποῦς
3199 1762 3487 1839 πεφυκότι,

419 1851 840 1921 justarumque
869 1847 1064 1919 legum
1092 1852 1286 1903 custos
1317 1851 1475 1915 erat;

2114 1840 2162 1905 B
2369 1851 2474 1907 Καὶ
2504 1855 2610 1905 τῶν
2645 1851 2825 1924 νόμων
2858 1851 3060 1928 φύλακι
3092 1854 3198 1906 τῶν
3230 1852 3285 1905 εὗ
3317 1850 3605 1923 κειμένων·

426 1940 666 2011 cuiusce
696 1939 776 1993 rei
802 1937 1090 2009 proferam
1124 1936 1459 1993 testimonia

2368 1940 2467 1995 Kal
2492 1938 2663 1995 τῶνδε
2699 1941 2993 2015 μαρτύριον
3026 1940 3057 1993 ἃ
3091 1938 3283 2013 μέλλω
3314 1941 3556 2017 φράσειν·

432 2026 686 2084 Illustris
715 2027 804 2081 vir
834 2025 1228 2098 imperatricis
1248 2026 1446 2092 frater,

2188 2032 2331 2086 2260
2369 2034 2650 2103 Λαμπρῶν
2681 2051 2765 2093 τις
2795 2027 2929 2105 ἄνὴρ
2963 2029 3226 2105 σύγγονος
3255 2025 3537 2103 βασιλίδος

432 2116 672 2172 nomine
703 2116 1001 2182 Petronas,
1037 2114 1322 2186 dignitate
1344 2114 1724 2187 drungarius,

2370 2118 2576 2189 Κλῆσιν
2610 2124 2917 2190 Πετρωνᾶς,
2952 2116 3310 2194 δρουγγάριος
3342 2116 3510 2188 ἀξίαν,

431 2206 711 2262 adversus
731 2204 982 2259 vicinam
1016 2203 1296 2258 feminam
1333 2204 1592 2273 injurius
1613 2208 1760 2271 erat,

2371 2210 2457 2264 Ἐν
2490 2208 2744 2283 γειτόνων
2777 2208 2999 2283 γύναιον
3034 2207 3216 2263 οἰκοῦν
3245 2204 3422 2276 ἠδίκει

432 2296 575 2351 dum
605 2291 977 2350 exstruendis
1010 2292 1187 2348 altius
1222 2291 1513 2348 cubiculis

2368 2300 2460 2368 Τῷ
2487 2296 2579 2359 τὰς
2610 2294 2814 2359 διαίτας
2846 2300 2954 2351 τῶν
2986 2294 3169 2369 δόμων
3205 2296 3371 2367 ὑψοῦν
3404 2294 3542 2369 μέγα

431 2383 594 2439 illius
624 2383 866 2438 domum
892 2381 1239 2437 detrimento
1270 2381 1545 2436 afficeret.

2368 2389 2459 2459 Τῷ
2486 2385 2751 2460 δωματίῳ
2780 2388 3052 2462 προξενεῖν
3083 2384 3243 2442 τοῦδε
3277 2381 3512 2463 βλάϐην·

433 2471 639 2527 Mulier
666 2470 848 2542 igitur
872 2485 1069 2542 regem
1101 2470 1412 2535 invocavit,

2191 2477 2335 2532 2265
2372 2477 2439 2531 "0
2469 2476 2557 2530 καὶ
2591 2476 2873 2550 προσῆλθε
2908 2475 3126 2551 βασιλεῖ
3157 2475 3351 2529 τούτου
3382 2476 3526 2550 πέρι.

436 2561 536 2635 qui
560 2559 746 2632 jussit
770 2576 803 2615 a
832 2559 1080 2615 Petrona
1111 2561 1395 2615 damnum
1429 2559 1606 2615 refici.

2370 2565 2431 2621 Ὁ
2463 2562 2509 2618 δ’
2540 2565 2595 2618 εὗ
2628 2563 2836 2619 κελεύει
2870 2570 3125 2640 Ῑίετρωνᾷ
3158 2562 3317 2619 λύσαι
3362 2560 3597 2640 βλάϐην.

434 2651 534 2707 llic
564 2651 633 2704 de
665 2664 774 2704 sua
802 2648 947 2705 nihil
981 2649 1209 2705 remisit
1238 2648 1550 2718 injustitia.

2370 2654 2526 2711 Ἀλλ’
2556 2656 2715 2717 οὗτος
2746 2656 2899 2718 αὗθις
2927 2653 3129 2710 ἀδικῶν
3163 2655 3261 2710 οὐκ
3290 2655 3446 2710 ἀνίει·

426 2737 685 2796 Accessit
714 2753 850 2809 ergo
880 2738 948 2793 ad
986 2754 1179 2809 regem
1212 2736 1425 2792 mulier
1450 2737 1687 2808 iterum,

2369 2744 2620 2818 Πρόσεισι
2652 2747 2790 2819 γυνή
2823 2749 2901 2817 τῷ
2933 2744 3260 2822 στεφηφόρῳ
3289 2743 3454 2799 πάλιν

428 2832 633 2885 contra
661 2826 965 2898 drungarii
997 2827 1117 2883 vim
1148 2826 1552 2898 expostulans,

2368 2830 2709 2890 Καταϐοῶσα
2736 2835 2838 2903 τής
2875 2834 2996 2909 βίας
3027 2831 3410 2911 δρουγγαρίου,

428 2938 716 2994 suamque
748 2916 1032 2990 injuriam
1061 2916 1376 2972 clamitans
1410 2920 1617 2986 questa
1647 2919 1758 2972 est.

2188 2927 2332 2983 2270
2368 2926 2478 2993 Τὴν
2503 2922 2715 2979 ἀδικίαν
2749 2922 3079 3000 ἐκτραγῳδεῖ
3108 2924 3200 2979 σὺν
3231 2924 3404 3000 γόοις·

428 3012 593 3067 Tunc
624 3026 723 3066 rex
754 3005 1072 3064 submissis
1104 3004 1205 3075 qui
1238 3020 1360 3059 rem
1395 3009 1836 3077 cognoscerent,

2370 3013 2599 3076 Στείλας
2635 3013 2887 3088 βασιλεὺς
2918 3014 3147 3085 ἐξετάζει
3176 3014 3277 3081 τήν
3312 3010 3496 3084 δίκην,

428 3100 529 3156 ubi
560 3103 868 3155 Petronam
899 3094 1131 3151 crimini
1164 3093 1400 3149 affinem
1436 3093 1626 3163 scivit,

2370 3102 2468 3158 Καὶ
2496 3102 2656 3177 γνοὺς
2690 3107 2974 3176 Πετρωνᾶν
3010 3098 3267 3156 ὑπόδικον
3301 3099 3498 3163 αἰτίαις

429 3188 631 3261 ﬂagris
652 3188 712 3243 in
743 3201 879 3243 eum
913 3184 1023 3240 rite
1053 3182 1488 3251 animadvertit,

2107 3196 2153 3265 α
2368 3192 2641 3261 Αἰκίζεται
2678 3190 2921 3264 μάστιξιν
2956 3189 3115 3245 αὐτὸν
3150 3189 3416 3263 ἐννόμως,

429 3282 487 3335 et
514 3277 598 3334 sic
628 3275 901 3349 punitum
937 3273 1171 3345 publice
1202 3273 1262 3327 iu
1297 3273 1440 3329 urbe
1470 3274 1740 3345 exposuit
1770 3291 1783 3331 :

2368 3281 2466 3335 Καὶ
2500 3277 2806 3349 στηλιτεύει
2841 3282 3086 3356 φανερῶς
3112 3276 3164 3332 ἐν
3196 3281 3265 3352 τῇ
3296 3277 3479 3349 πόλει,

430 3372 557 3424 tum
589 3365 901 3422 aediﬁcium
934 3380 968 3419 a
998 3362 1403 3418 fundamentis
1435 3363 1688 3432 subruit,

2187 3373 2331 3428 2275
2370 3369 2476 3426 Καὶ
2510 3372 2857 3444 συγκατασπᾷ
2887 3368 2982 3428 τὰς
3015 3364 3221 3429 διαίτας
3250 3366 3309 3421 ἐκ
3344 3369 3562 3444 βάθρων

422 3456 723 3528 jussitque
746 3453 975 3511 feminaa
1009 3453 1310 3507 materiem
1337 3452 1600 3507 attribui.

2367 3458 2470 3514 Καὶ
2504 3460 2571 3530 τῇ
2604 3455 2817 3531 γυναικὶ
2846 3455 2942 3519 τὰς
2967 3454 3099 3517 ὕλας
3130 3454 3395 3529 διανέμει·

431 3547 681 3617 Insuper
710 3542 1041 3600 onerariam
1076 3540 1308 3613 plenam
1343 3542 1642 3598 mercibus

2368 3546 2467 3601 Καὶ
2500 3542 2734 3623 φορτίδα
2765 3542 2823 3599 δὲ
2852 3548 2960 3599 τῶν
2990 3545 3285 3620 ἀγωγίμων
3313 3543 3482 3600 πλέαν

430 3651 638 3692 navem
668 3632 1042 3705 conspicatus
1072 3646 1101 3686 e
1125 3631 1284 3702 regia
1314 3632 1509 3701 domo,

2370 3631 2521 3691 Ἰδὼν
2551 3632 2837 3708 προκύψας
2870 3630 2930 3686 ἐκ
2964 3631 3256 3707 βασιλείων
3288 3631 3472 3706 δόμων

433 3740 565 3796 qua:
596 3738 785 3795 nuper
814 3739 847 3778 a
879 3721 1193 3777 mercando
1228 3737 1461 3777 reversa
1497 3721 1688 3777 fuerat
1721 3739 1733 3776 :

1721 3739 1733 3776 :
2366 3722 2455 3793 Ἐξ
2490 3720 2763 3795 ἐμπορίας
2792 3723 3093 3796 κατάρασαν
3130 3720 3329 3795 ἀρτίως

432 3818 498 3870 ut
528 3812 677 3868 hanc
708 3812 919 3883 reginae
950 3810 1221 3882 conjugis
1244 3824 1371 3865 esse
1396 3810 1605 3879 audiit,

2187 3814 2332 3869 2280
2369 3812 2470 3867 Καὶ
2502 3808 2785 3887 βασιλίδος
2812 3812 3101 3885 τυγχάνειν
3134 3811 3296 3885 γνοὺς
3328 3807 3558 3886 φορτίδα

432 3902 624 3974 ipsam
653 3917 787 3957 cum
821 3900 1112 3956 mercibus
1146 3900 1279 3971 igne
1310 3900 1722 3971 consumpsit;

2366 3903 2683 3979 Ἐμφορτον
2714 3900 2880 3969 αὐτὴν
2911 3904 2992 3971 τῷ
3021 3899 3152 3974 πυρὶ
3183 3898 3536 3975 καταφλέγει,

431 3992 568 4063 quia
597 4007 781 4058 reges,
807 3989 1021 4062 inquit,
1054 3988 1210 4044 haud
1246 3989 1411 4044 decet
1441 3988 1689 4045 mercari

2366 3992 2459 4059 Μὴ
2494 3987 2604 4044 δεῖν
2644 3989 2887 4063 βασιλεῖς
2915 3986 3308 4062 ἐμπορεύεσθαι
3339 3986 3536 4061 λέγων,

431 4100 539 4143 nec
561 4082 1047 4139 dardanariorum
1066 4080 1244 4136 vitam
1279 4079 1447 4150 sequi
1481 4097 1494 4147 ;

2368 4079 2508 4148 Μήτ’
2548 4078 2643 4131 οὖν
2672 4075 3100 4150 παλιγκάπηλον
3137 4074 3343 4131 ἀνύτειν
3378 4075 3517 4151 βίον·

431 4175 533 4231 sed
567 4172 931 4245 privatorum
966 4170 1021 4225 id
1056 4168 1379 4225 conditioni
1413 4168 1765 4241 relinquere,

1695 4186 1765 4241 re,
2366 4166 2545 4238 Μοίρᾳ
2576 4164 2622 4221 δ’
2653 4162 2889 4221 ἰδιώτιδι
2914 4166 3060 4219 ταῦτ’
3092 4164 3330 4239 ἀφιέναι,

430 4269 497 4322 ut
518 4262 654 4318 hinc
674 4261 909 4317 tuendae
939 4259 1069 4313 vitae
1102 4258 1330 4328 copiam
1363 4258 1640 4314 habeant.

2187 4260 2331 4316 2285
2368 4259 2455 4319 Ὠς
2488 4255 2548 4311 ἃν
2582 4256 2834 4333 ἀφορμὰς
2869 4256 3318 4330 ουμπορίζωνται
3350 4253 3491 4330 βίου.

435 4357 503 4411 At
532 4354 821 4424 quantum
845 4347 989 4418 justi
1025 4347 1280 4404 fervidus
1312 4364 1516 4403 amans
1546 4351 1695 4417 erat,

2364 4345 2521 4404 Ἀλλ’
2546 4346 2621 4409 ὡς
2655 4342 2866 4399 δικαίου
2898 4342 3163 4421 διάπυρος
3192 4345 3258 4413 ἦν
3292 4342 3474 4422 φίλος.

436 4446 669 4499 tantum
693 4436 888 4511 gravis
912 4436 1354 4503 iracundusque
1382 4440 1506 4491 erat

2371 4436 2560 4496 Οὕτως
2592 4433 2841 4509 ἐπαχθὴς
2873 4432 2961 4487 καὶ
2995 4430 3260 4509 δύσοργός
3289 4454 3371 4493 τις
3404 4430 3553 4503 λίαν,

436 4532 719 4588 adversus
748 4544 890 4583 verae
925 4525 1223 4598 religionis
1249 4525 1506 4582 asseclas
1532 4541 1545 4580 :

2110 4566 2159 4629 D
2369 4524 2631 4599 Τιμωρὸς
2661 4524 2802 4591 ὑπῆν
2836 4516 3073 4577 εὐσεϐεῖν
3102 4520 3425 4595 ᾑρημένοις.

2370 4614 2452 4629 ..ηκ
2483 4612 2494 4629 ,
2704 4612 2717 4629 ε
2797 4611 2809 4628 ς
2993 4611 3005 4627 ε
3186 4614 3212 4624 ~
3313 4608 3327 4629 ν
3384 4609 3396 4629 ι

437 4634 739 4678 sacrarum
765 4615 983 4673 etenim
1015 4616 1147 4671 odio
1172 4615 1497 4688 imaginum

2110 4608 2157 4629 υ
2370 4612 2599 4669 Ἐλύττα
2630 4612 2720 4667 καὶ
2752 4611 2851 4687 γάρ
2879 4611 3016 4665 κατὰ
3047 4614 3254 4664 ππτῶν
3286 4608 3534 4681 εἰκόνων,

434 4712 716 4779 imbutus,
750 4707 1109 4778 quicumque
1140 4704 1233 4762 his
1258 4704 1611 4761 adhibebant
1629 4705 1935 4777 honorem,

1866 4724 1935 4777 Β,
2186 4707 2331 4762 2290
2369 4704 2473 4760 Καὶ
2506 4702 2885 4779 προτκυνητάς
2915 4700 3076 4771 ἱερῶν
3114 4698 3501 4773 μορφωμάτων

435 4804 672 4858 sanctos
703 4798 939 4869 vitaque
971 4794 1234 4868 angelica
1256 4794 1409 4850 viros
1442 4796 1742 4866 praeditos,

2368 4790 2602 4867 ’Ἂνδρας
2634 4790 2843 4866 ἁγίους,
2885 4786 3215 4865 ἀγγελικοὺς
3238 4789 3328 4843 τὸν
3368 4787 3487 4863 βίον

432 4889 591 4947 velut
619 4888 844 4953 hostes,
864 4885 1080 4956 impios
1111 4884 1560 4953 abominabiles,

2371 4885 2461 4944 Ὧς
2495 4880 2773 4954 δυσμενεῖς
2802 4899 2861 4932 τε
2892 4872 3191 4947 δυσσεϐεῖς,
3226 4879 3557 4951 στυγητέους

438 4978 599 5037 omni
621 4976 920 5049 affligebat
948 4973 1353 5030 molestiarum
1388 4990 1618 5046 genere,

2374 4972 2578 5030 Πάσαις
2612 4967 2809 5022 ἐκάκου
2835 4970 2941 5019 τῶν
2976 4965 3239 5040 λυπηρῶν
3276 4964 3460 5035 ἰδὲαις,

440 5068 667 5126 nullam
692 5064 969 5122 omittens
994 5064 1224 5120 saevitia:
1256 5064 1533 5134 speciem.

2377 5056 2563 5129 Μηδὲν
2598 5054 2912 5128 προλείπων
2943 5050 3083 5116 εἶδος
3119 5055 3527 5130 ἀπανθρωπίας,

439 5153 970 5224 Cruciabatigitur,
1006 5152 1260 5223 pellebat
1293 5152 1349 5207 in
1383 5150 1676 5220 exsilium,

2196 5152 2342 5208 2295
2380 5147 2629 5217 Ἠκίζετ’,
2664 5143 2963 5216 ἀπήλαυνε,
2995 5143 3422 5219 κατεπυρπόλει,

441 5246 669 5311 urebat,
696 5260 845 5299 caeco
876 5241 1104 5296 vinctos
1137 5243 1373 5296 tenebat
1405 5258 1661 5305 carcere,

2378 5236 2584 5311 Εἷρκτῇ
2616 5231 2848 5312 ζοφώδει
2878 5230 3160 5287 κατέκλειε
3190 5229 3448 5305 δεσμίοος

440 5334 745 5405 mergebat
774 5331 967 5403 aquis,
996 5329 1190 5401 longis
1212 5331 1460 5401 urgebat
1491 5331 1701 5401 ptenis,

2382 5329 2582 5389 Βυθοῖς
2613 5320 2792 5378 ἐδίδου
2822 5323 2911 5377 καὶ
2948 5326 3179 5395 μακραῖς
3210 5322 3550 5396 κακουχίαις,

445 5425 648 5481 faciem
682 5421 1193 5492 compungebat(o
1226 5418 1582 5489 supplicium
1605 5435 1818 5476 novum
1841 5418 1878 5492 ί)

1792 5437 1818 5476 n
1841 5418 1878 5492 l)
2382 5419 2627 5483 "Eo":th
2663 5410 2835 5487 δψεις,
2869 5412 2913 5465 ὣ
2945 5412 3100 5481 ξένης
3128 5411 3427 5484 τιμωρίαςί

443 5516 580 5579 Quas
612 5516 852 5582 patrans
884 5509 978 5563 hic
1006 5508 1263 5563 furiosus
1285 5507 1626 5574 satanicola,

2386 5506 2480 5560 Καὶ
2512 5509 2681 5558 ταῦτα
2709 5507 2882 5557 ποιῶν
2916 5501 3164 5573 ἐκμανῶς
3206 5502 3377 5555 Σατὰν
3412 5501 3602 5575 λάτρις

443 5601 557 5658 sibi
586 5599 895 5655 videbatur
923 5614 1046 5653 rem
1075 5602 1185 5650 Deo
1217 5600 1515 5667 acceptam
1548 5599 1738 5654 facere

2203 5598 2347 5655 2300
2382 5596 2546 5665 Αὐτῷ
2579 5591 2752 5648 δοκῶν
2784 5593 2851 5660 ἦν
2881 5590 2948 5645 τὰ
2977 5594 3093 5660 Θεῷ
3122 5590 3378 5663 πράττειν
3410 5589 3563 5669 φίλα,

442 5691 677 5763 ipsique
702 5694 935 5761 gratum
968 5685 1241 5741 exhibere
1272 5684 1632 5742 famulitium

2385 5690 2455 5740 Ἢ
2486 5684 2573 5737 καὶ
2608 5682 2856 5755 λατρείαν
2888 5677 3032 5751 τῷδε
3063 5676 3257 5749 δεκτήν
3282 5679 3636 5757 προσφέρειν,
