4140 6440
394 436 469 492 97

578 561 649 627 ᾞ
682 575 815 634 φησι
847 556 1079 629 Χριστὸς
1108 554 1159 608 ἐν
1192 551 1380 628 λόγοις
1413 548 1763 626 samum.

575 645 732 699 Ταῦτ’
763 644 869 717 ἄρα
897 640 1193 703 πλείστους
1231 637 1424 703 ένθέως
1453 634 1849 711 ἠνδρωμένους

583 734 685 792 Καὶ
717 731 1139 808 χριστομάχοντ
1170 725 1283 783 οὔδ’
1314 726 1629 803 ἐλέγξαντας
1659 723 1873 794 πλάνην

392 826 543 883 2305
580 822 748 899 Μόρῳ
779 816 1062 895 παραδοὺς
1098 818 1372 891 μάρτυρας
1405 816 1740 891 άπειργάκειο

579 914 788 967 ’Ἄλλοι
823 907 868 963 δ’
900 906 1249 981 ἐναπέμειναν
1282 906 1534 960 ἀλεῖπται
1581 904 1707 977 βίῳ,

581 1003 678 1063 Οἷς
705 995 975 1059 Μεθόδιος
1002 997 1334 1069 θυνάριθμος
1364 992 1621 1068 τυγχάνει

580 1092 684 1147 Καὶ
719 1087 999 1166 Θεοφάνης
1030 1084 1326 1163 σωφρόνως
1359 1083 1706 1158 στιγματίας,

581 1179 683 1235 Καὶ
715 1179 1002 1252 ζωγράφος
1038 1177 1283 1251 Λάζαρος
1313 1172 1531 1236 καυθεὶς
1557 1172 1652 1233 τὰς
1682 1170 1874 1245 χέρας,

392 1280 543 1336 2310
581 1278 677 1338 Δῖς
712 1275 954 1350 εὐχερῶς
984 1270 1214 1351 ἔγραφεν
1247 1271 1457 1332 εῗκόιας
1488 1270 1679 1326 πάλιν.

582 1362 848 1439 Θεόφιλος
877 1366 1031 1437 σχεῖν
1066 1360 1290 1435 σύζυγον
1330 1358 1452 1434 βίου
1484 1358 1657 1422 θέλων

583 1453 850 1510 Κοινωνὸν
883 1453 997 1525 ἅμα
1024 1455 1122 1506 τοῦ
1154 1451 1384 1526 κράτους
1410 1449 1498 1504 καὶ
1540 1451 1637 1502 τοῦ
1668 1445 1896 1521 λέχους,

581 1541 759 1615 Χορὸν
792 1538 985 1609 συνῆξε
1016 1538 1295 1613 παρθένων
1327 1535 1684 1613 πολλαχόθεν

584 1628 779 1685 Καλῶν
814 1628 1058 1696 ἀπασῶν,
1092 1622 1216 1700 ὄψιν
1246 1625 1689 1703 εὐπρεπεστάτων

399 1722 549 1780 2315
586 1721 671 1777 Ἑν
706 1720 897 1792 αἷσπερ
931 1714 1204 1787 ἐξέλαμπε
1231 1719 1339 1770 τῶν
1373 1715 1563 1770 ἄλλων
1593 1713 1762 1770 πλέον

586 1811 718 1869 Οἴος
751 1805 991 1877 σελήνης
1021 1803 1372 1882 πλησιφαοῦς
1393 1825 1478 1867 τις
1504 1802 1709 1865 κύκλος

588 1898 841 1970 σώματος
876 1894 1014 1971 ὥρᾳ,
1046 1892 1398 1969 λαμπρότητι
1428 1897 1527 1947 τοῦ
1558 1892 1746 1967 γένους

589 1986 688 2040 Καὶ
714 1988 1104 2060 μαρμαρυγαῖς
1131 1986 1237 2037 τῶν
1273 1980 1453 2058 λόγων
1484 1979 1729 2037 Εἰκασία·

588 2076 831 2150 Χρυσοῦν
862 2094 915 2128 τι
952 2078 1132 2145 μῆλον
1166 2070 1358 2144 ἀμέλει
1391 2068 1566 2148 φέρων
1596 2067 1721 2140 ἄναξ

404 2167 550 2223 2320
588 2166 912 2238 Περιπολῶν
940 2161 1008 2229 ἧν
1038 2161 1130 2215 τὸν
1162 2160 1334 2235 χορὸν
1358 2164 1466 2214 τῶν
1494 2160 1769 2235 παρθένων

588 2256 871 2326 Μνῆστρον
905 2254 1122 2306 σκοπῶν
1157 2247 1343 2303 δοῦναί
1372 2269 1425 2302 τι
1456 2251 1617 2302 τοῦτο
1649 2246 1908 2326 φιλτάτῃ·

587 2343 672 2396 Ὠ>
704 2340 797 2395 οὗν
832 2342 1017 2394 θεᾶται
1045 2340 1256 2411 παριὼν
1290 2336 1570 2407 Είκασίαν,

587 2429 841 2493 Κάλλους
866 2426 1123 2504 περιττοῦ
1146 2428 1421 2501 Θαυμάσας
1450 2425 1645 2500 κάρην,
1678 2423 1802 2501 ἔφη.

589 2521 687 2575 Διά
713 2520 968 2595 γυναικὸς
997 2515 1183 2597 φαῦλα
1212 2518 1371 2573 πάντ’
1398 2514 1667 2591 ἆπεῤῥύη.

404 2622 554 2678 2325
588 2620 661 2675 "H
692 2615 738 2673 δ’
769 2619 947 2693 ἠρήμ’
976 2612 1269 2693 ἀντέφησεν
1300 2614 1578 2689 εὐστόχως
1611 2613 1765 2690 ἄγαν,

590 2706 745 2765 Ἀλλ’
774 2706 835 2762 ἐκ
862 2706 1117 2781 γυναικὸς
1149 2706 1377 2779 πηγάζει
1404 2705 1493 2758 καὶ
1530 2702 1755 2777 βελτίω·

590 2801 644 2851 Ὁ
676 2793 724 2851 δ’
754 2796 819 2851 αὖ
850 2797 1127 2869 θαυμάσας
1152 2796 1251 2863 τήν
1280 2794 1570 2867 παρθένον,

594 2886 695 2945 Καὶ
728 2883 856 2947 δοὺς
883 2886 947 2940 τὸ
982 2884 1160 2958 μῆλον
1192 2884 1447 2959 παρθένῳ
1475 2878 1751 2957 Θεοδώρᾳ.

592 2975 788 3049 Χώραν
821 2972 1031 3049 έχῡύσῃ
1059 2969 1295 3048 πατρίδα
1314 2970 1716 3046 Παφλαγόνων,

410 3066 559 3123 2330
596 3063 749 3133 Πλὴν
785 3061 1125 3138 εὐπατριδῶν
1158 3061 1405 3134 πατέρων
1444 3060 1764 3134 κατηγμένῃ

596 3152 870 3208 Καινωνὸν
903 3152 1075 3220 αὐτὴν
1107 3148 1289 3227 ἄγεται
1319 3150 1574 3226 κράτους,
1605 3148 1830 3223 λέχους,

592 3244 698 3313 Τὴν
733 3240 992 3299 Εἷκασίαν
1012 3235 1396 3315 παραϐλέψπς,
1422 3240 1498 3303 ὡς
1529 3237 1680 3317 ἔφην·

591 3332 664 3388 Ἦ
699 3333 775 3405 μὴ
802 3335 1050 3406 τυχοῦσα
1078 3332 1354 3402 κοσμικῆς
1386 3327 1764 3402 σκηπτουχίας

595 3419 668 3476 Οὐ
697 3420 936 3498 νυμφίου
965 3439 1024 3474 τε
1050 3440 1118 3493 γη
1131 3422 1324 3492 μενοῦς
1361 3416 1655 3493 βασιλέως,

406 3522 558 3578 2336
594 3523 839 3575 ΠΛουτεῖ
867 3517 1063 3591 νοῃτὸν
1093 3515 1436 3572 παντάνακτα
1464 3515 1726 3592 νυμφίον,

595 3610 701 3665 Καὶ
739 3605 1018 3683 βασιλείας
1049 3606 1294 3680 οὐρανῶν
1322 3605 1691 3681 κληρουχίαν.

596 3697 886 3753 Μονάσασα
917 3694 975 3751 δὲ
1003 3697 1094 3751 καὶ
1130 3697 1304 3769 μονὴν
1336 3692 1661 3768 δειμαμένη,

595 3787 825 3843 Ἠσκεῖτ²
855 3784 909 3840 ἐν
942 3784 1079 3859 αὐτῇ
1113 3781 1506 3861 προσλαλοῦσα
1543 3787 1662 3845 ταῖς
1697 3777 1936 3857 βίϐλοις,

598 3879 700 3939 Ἦς
737 3876 905 3950 μεστὰ
935 3876 1336 3951 συγγράμματα
1360 3872 1604 3948 χαρίτων
1637 3868 1756 3950 ἔφυ.

411 3970 563 4025 2340
599 3967 664 4022 Ἡ
698 3963 755 4020 δὲ
790 3963 1004 4041 βασιλὶς
1034 3966 1068 4033 ἡ
1102 3961 1235 4018 Θεοῦ
1269 3961 1384 4026 θεία
1415 3959 1566 4023 δόσις

604 4057 919 4132 Στέργουσα
949 4048 1192 4127 κρύϐδην
1225 4052 1432 4113 εἰκόνας
1462 4045 1762 4125 σεϐασμίας

601 4150 864 4219 Κατεῖχεν
895 4138 1047 4198 ἔνδον
1083 4136 1329 4204 εὐλαϐῶς
1360 4135 1646 4208 κιϐωτίου,

602 4233 810 4292 Μανίαν
843 4233 1169 4288 ἐκκλίνουσα
1197 4235 1295 4288 τοῦ
1325 4229 1637 4285 συνευνέτου

601 4326 811 4399 Ἦνπερ
842 4325 1085 4398 προσῆγε
1114 4324 1516 4398 προσκυνηταῖς
1549 4318 1796 4375 εἰκόνων.

418 4426 568 4483 2345
596 4422 696 4478 Καὶ
730 4420 795 4494 δή
829 4423 949 4478 ποτ’
980 4421 1146 4490 αὐτῆς
1180 4419 1591 4494 προπυνούσης
1620 4416 1868 4489 εἶγόνων,

602 4509 685 4568 Aw
886 4511 900 4529 ’
947 4508 971 4528 ἢ
1026 4511 1037 4530 ’
1234 4509 1246 4529 ’
1329 4514 1353 4524 ”
1433 4530 1447 4538 ⁸

663 4530 840 4586 ισχιον
876 4528 1163 4587 ανοραριον
1190 4530 1357 4565 αυτου
1384 4506 1642 4584 Θερσίτου

605 4602 928 4678 Παράφορον
959 4604 1082 4656 νοῦν
1114 4600 1203 4655 καὶ
1236 4598 1745 4676 παρακεκομμένον,

609 4692 964 4765 Ἀνακτόροις
994 4691 1127 4765 ἅθυρ
1138 4709 1233 4762 μα,
1265 4687 1618 4764 ψυχαγωγία,

605 4782 803 4857 Ἠρώτ’
834 4779 1076 4850 ἐπίσταν,
1107 4778 1174 4835 Τί
1197 4775 1314 4832 τάδ’
1345 4777 1480 4844 ἐστὶ,
1509 4776 1553 4830 ὦ
1583 4777 1776 4847 Μάνα;

413 4872 567 4929 2350
605 4869 760 4924 Οὕτω
782 4871 881 4945 γὰρ
914 4868 1165 4942 ὠνόμαζε
1188 4866 1289 4935 τήν
1325 4863 1597 4940 βασιλίδα·

608 4961 675 5015 Ἡ
702 4957 748 5013 δ’
779 4958 996 5034 ἀφελῶς
1032 4976 1240 5032 ειρηκε,
1273 4955 1426 5011 Κακὰ
1455 4955 1619 5013 νινία.

609 5049 842 5106 Ἐκεῖθεν
878 5046 968 5101 οὖν
1004 5044 1206 5120 ἔδραμε
1235 5045 1371 5121 πρὸς
1409 5044 1637 5121 βασιλέα

609 5138 819 5194 Ἐκεῖνό
848 5138 897 5191 τ’
929 5135 1237 5210 ἀνθρώπιον
1271 5136 1345 5197 ὡς
1375 5133 1577 5199 εἷ’θιστό
1610 5136 1682 5193 οἱ.

607 5229 670 5285 Ὀ
701 5223 749 5281 δ’
778 5224 944 5302 ἤρετο
972 5224 1024 5295 ἐξ
1056 5224 1184 5279 ὅτου
1213 5226 1331 5299 περ’
1361 5221 1501 5280 ἓκειν
1535 5225 1623 5279 καὶ
1655 5224 1837 5289 πόθεν·

418 5320 577 5377 2355
608 5314 734 5372 Τόδ¹
764 5314 1000 5389 έκμάνας
1028 5308 1222 5392 ἔφησεν
1256 5313 1409 5382 ἥκειν
1445 5312 1651 5384 ἐνθάδε,

609 5405 747 5463 Καὶτ
776 5402 907 5474 ἡνδε
934 5402 1079 5459 καλὰ
1106 5405 1540 5476 προσκεκτῆσοαι
1573 5403 1732 5459 νινία.

613 5492 804 5556 Συνείς
842 5491 1100 5570 βασιλεὺς
1125 5491 1335 5554 εἶ’κόνας
1364 5492 1430 5546 τὰ
1456 5491 1619 5561 νινία,

611 5583 800 5658 Θυμοῦ
829 5584 1007 5637 πνέων
1041 5578 1220 5636 ἄπεισι
1254 5583 1392 5657 πρὸς
1426 5578 1682 5656 βασιλίδα

613 5674 713 5732 Καὶ
748 5670 1083 5748 λοιδορεῖται
1111 5672 1200 5725 καὶ
1234 5673 1563 5725 καθικνεῖται
1596 5668 1805 5746 λόγοις.

411 5768 567 5828 2360
607 5766 672 5824 Ἡ
705 5761 753 5820 δ’
780 5762 850 5834 ἦν
884 5761 1145 5837 σοφιστήν
1175 5759 1435 5817 ἀπατῶσα
1464 5759 1672 5833 κακίας,

1939 425 2310 480 CBBARES.

2088 552 2143 617 Α
2176 555 2240 604 ut
2260 549 2341 605 ait
2367 548 2637 606 Christus
2667 550 2727 605 in
2759 565 3029 607 sermone
3058 554 3412 624 evangelica.

2170 638 2227 693 Si
2259 655 2396 710 ergo
2430 640 2716 710 plurimos
2747 641 3112 696 decertantes
3144 644 3392 711 fortiter,

2170 727 2590 799 scelestamque
2619 729 2799 798 hujus
2823 735 3138 801 arguentes
3162 733 3456 803 haeresim,

2174 822 2361 871 morte
2392 817 2700 873 damnatos
2731 819 3021 874 efﬁciebat
3051 825 3356 888 martyres.

2175 906 2412 976 Aliquot
2444 911 2636 962 tamen
2669 908 2934 978 martyrii
2965 908 3294 967 hortatores

2174 996 2648 1067 supervixerant,
2681 996 2740 1051 in
2768 998 2985 1067 quibus
3016 1000 3369 1069 Methodius,

2171 1085 2673 1157 TheOphanesque
2699 1085 2945 1141 honesto
2965 1094 3354 1157 compunctus
3381 1092 3674 1165 stigmate,

2172 1181 2228 1230 et
2258 1175 2444 1246 pictor
2476 1175 2729 1230 Lazarus
2756 1176 2855 1245 qui
2889 1178 3145 1246 perustis
3175 1180 3471 1249 manibus,

2173 1269 2326 1325 belle
2356 1275 2550 1326 tamen
2586 1287 2794 1325 rursus
2826 1271 3108 1342 pingebat
3136 1271 3449 1345 imagines.

2170 1361 2299 1414 Jam
2329 1359 2690 1430 Theophilus
2717 1363 2998 1431 appetens
3027 1361 3155 1415 vita:
3185 1363 3404 1419 sociam

2175 1449 2405 1522 imperii
2438 1450 2616 1507 simul
2645 1451 2875 1522 torique
2906 1452 3269 1523 participem,

2174 1539 2419 1595 chorum
2447 1541 2863 1612 undecumque
2892 1540 3125 1612 collegit
3154 1542 3475 1615 virginum,

2176 1645 2425 1699 quarum
2457 1629 2565 1685 etsi
2600 1628 2764 1684 nulla
2795 1646 2909 1684 non
2934 1636 3057 1685 erat
3089 1632 3523 1690 formosissima

2176 1718 2330 1773 inter
2359 1719 2465 1774 has
2496 1723 2695 1775 tamen
2729 1720 2919 1790 magis
2951 1720 3263 1789 emicabat,

2177 1807 2369 1880 qualis
2400 1813 2491 1864 est
2520 1808 2673 1864 lunae
2700 1808 3037 1865 cumulatus
3069 1811 3250 1879 orbis,

2097 1917 2146 1983 Β
2179 1901 2427 1953 venusto
2458 1913 2698 1970 corpore
2730 1901 2789 1952 et
2827 1899 3063 1969 generis
3087 1898 3400 1970 splendore

2177 1986 2582 2058 sermonisque
2614 1987 2790 2042 etiam
2822 1987 3110 2058 dignitate
3140 1988 3341 2044 Icasia.

2175 2079 2427 2132 Aureum
2456 2092 2594 2149 ergo
2624 2092 2863 2147 pomum
2897 2092 3074 2131 manu
3107 2094 3315 2149 gerens

2177 2165 2420 2221 chorum
2450 2165 2737 2237 virginem
2772 2181 2871 2221 rex
2904 2166 3276 2236 circumibat,

2178 2258 2241 2309 ut
2270 2254 2428 2310 hunc
2457 2253 2808 2326 gratissimae
2839 2255 3005 2310 daret
3034 2255 3443 2314 arrhabonem.

2180 2343 2247 2399 Ut
2279 2347 2476 2398 autem
2509 2343 2656 2399 vidit
2685 2343 2744 2398 in
2776 2343 3030 2399 transitu
3056 2343 3322 2410 Icasiam,

2177 2433 2426 2488 formam
2456 2432 2732 2488 eximiam
2765 2433 2990 2488 mirans
3018 2432 3248 2503 puellas,
3282 2436 3364 2489 ait
3398 2453 3411 2489 :

2176 2520 2400 2576 Cuncta
2429 2522 2790 2576 obvenerunt
2820 2520 2975 2577 mala
3004 2538 3107 2593 per
3136 2523 3468 2580 mulierem.

2180 2617 2288 2674 Illa
2318 2618 2637 2686 submisse,
2663 2620 2765 2674 sed
2799 2619 3119 2690 prudenter
3148 2621 3490 2693 admodum,

2176 2708 2355 2780 Atqui
2388 2724 2458 2763 ex
2486 2708 2731 2762 muliere
2764 2707 3005 2763 meliora
3035 2713 3298 2775 manant,
3332 2710 3432 2766 ait.

2178 2798 2297 2853 Rex
2329 2797 2653 2853 admiratus
2680 2798 2987 2869 virginem,
3022 2798 3340 2869 praeteriit;

2178 2902 2471 2958 pomoque
2500 2886 2711 2943 tradito
2744 2886 2955 2957 virgini
2979 2887 3293 2942 Theodorae

2178 2976 2428 3049 patriam
2455 2976 2693 3046 quidem
2725 2974 2961 3030 babenti
2995 2974 3481 3050 Paphlagoniam,

2180 3066 2278 3123 sed
2304 3068 2373 3121 de
2406 3064 2671 3137 patriciis
2704 3064 2913 3136 genitae
2947 3065 3314 3137 parentibus,

2177 3156 2330 3212 hanc
2359 3153 2537 3211 simul
2572 3154 2801 3225 imperii
2834 3153 3066 3225 torique
3098 3155 3443 3227 participem

2104 3281 2147 3349 Β
2188 3246 2345 3316 fecit,
2378 3242 2693 3316 praeterita,
2728 3247 2795 3298 ut
2818 3242 2943 3312 jam
2970 3241 3112 3312 dixi,
3150 3244 3334 3299 Icasia
3367 3261 3381 3301 :

2187 3349 2313 3405 quae.
2345 3332 2446 3389 ubi
2478 3332 2843 3387 mundanum
2876 3346 2993 3385 non
3017 3334 3106 3386 est
3135 3333 3348 3404 adepta
3372 3338 3695 3409 sceptrum,

2185 3422 2521 3493 terrenique
2552 3420 2707 3493 regis
2740 3419 2962 3491 nuptiis
2994 3420 3231 3491 eXcidit,

2186 3520 2513 3594 spiritalem
2545 3524 2602 3577 et
2632 3520 2897 3577 omnium
2930 3523 3140 3591 Regem
3176 3536 3463 3593 sponsum

2188 3612 2418 3668 lucrata
2447 3614 2538 3667 est
2567 3614 2623 3667 et
2652 3609 2907 3666 caelestis
2940 3609 3100 3681 regni
3133 3615 3375 3667 sortem.

2187 3701 2460 3759 Monialis
2492 3700 2648 3759 enim
2682 3700 2916 3757 condito
2947 3701 3333 3770 monasterio,

2188 3791 2250 3846 in
2280 3791 2388 3846 hoc
2418 3807 2479 3847 se
2507 3790 2767 3846 exercuit
2797 3788 3008 3845 litteris
3043 3790 3187 3846 dans
3218 3807 3456 3863 operam
3486 3810 3499 3862 ;

2189 3882 2441 3951 ejusque
2471 3882 2704 3935 exstant
2735 3878 2891 3949 pleni
2926 3877 3122 3951 lepore
3152 3878 3310 3935 libri.

2189 3971 2261 4025 At
2292 3968 2650 4041 imperatrix,
2683 3966 2969 4039 inclytum
3003 3967 3101 4022 Dei
3143 3967 3384 4037 donum,

2192 4075 2392 4114 sacras
2425 4056 2714 4128 imagines
2744 4055 3077 4111 clanculum
3111 4056 3328 4127 colens,

2192 4147 2463 4205 servabat
2493 4149 2821 4201 reverenter
2852 4145 2910 4199 in
2936 4161 3071 4199 arca
3098 4144 3364 4201 conditas

2192 4239 2473 4293 insanum
2506 4235 2709 4291 odium
2742 4233 3012 4305 conjugis
3044 4233 3367 4300 declinans,

2195 4344 2311 4399 quo
2342 4325 2593 4382 cultores
2624 4324 2948 4395 imaginum
2983 4323 3468 4394 prosequebatur.

2194 4425 2460 4495 Cumque
2488 4422 2589 4479 illa
2618 4422 2934 4493 aliquando
2968 4422 3072 4477 has
3098 4420 3258 4493 ipsas
3290 4422 3523 4492 coleret,

2194 4512 2519 4569 homuncio
2551 4511 2793 4584 quidam
2825 4511 3089 4566 Thersite
3113 4510 3435 4566 deformior

2195 4601 2451 4659 dementi
2484 4605 2680 4657 mente
2710 4600 2991 4672 praeditus
3024 4603 3080 4655 et
3110 4599 3421 4673 insipiens,

2114 4653 2163 4719 Π
2194 4653 2887 4762 £5,3a'g.“1saii.;asns
2918 4653 3265 4755 ludibrium:

2202 4779 2429 4853 rogavit
2459 4779 2703 4834 adstans
2728 4776 2911 4841 :Quid
2943 4776 3034 4832 ha:
3064 4780 3217 4841 tunt,
3252 4793 3283 4832 ο
3316 4776 3486 4833 Mana
3505 4776 3533 4832 ?

2200 4869 2312 4925 hoc
2341 4868 2499 4924 enim
2534 4867 2769 4923 nomine
2792 4866 3054 4937 reginam
3086 4864 3441 4937 appellabat.

2201 4958 2307 5014 Illa
2338 4973 2480 5030 pure
2508 4956 2830 5028 respondit,
2862 4956 3011 5010 Sunt
3038 4954 3293 5026 pulchra:
3326 4971 3513 5026 pupae.

2201 5048 2477 5104 Protinus
2510 5046 2581 5102 ad
2613 5061 2809 5117 regem
2846 5043 3009 5098 illinc
3041 5060 3217 5099 cursu
3252 5044 3481 5101 concito

2200 5137 2518 5193 homuncio
2548 5134 2644 5191 illo
2675 5134 2831 5189 venit
2858 5150 2959 5205 pro
2989 5148 3147 5187 more
3180 5150 3306 5189 suo.

2202 5227 2321 5281 Rex
2351 5224 2687 5281 sciscitatur
2717 5222 3013 5277 undenam
3045 5220 3172 5294 ipse
3203 5221 3401 5279 veniat
3434 5241 3446 5278 :

2200 5330 2456 5371 vesanus
2488 5312 2651 5367 illinc
2677 5328 2806 5367 sese
2836 5310 3023 5366 redire
3054 5312 3155 5378 ait,

2202 5408 2259 5460 et
2291 5403 2555 5476 reginam
2588 5400 2889 5473 possidere
2920 5399 3197 5472 pulchras
3232 5417 3443 5473 pupas.

2203 5493 2321 5548 Rex
2351 5508 2537 5564 pupae
2564 5489 2898 5562 intelligens
2924 5507 3053 5545 esse
3084 5489 3389 5561 imagines,

2202 5583 2291 5638 ira
2314 5581 2715 5636 inﬂammatus
2744 5578 2933 5652 pergit
2964 5581 3033 5635 ad
3068 5579 3351 5650 reginam,

2203 5687 2452 5742 eamque
2481 5670 2751 5741 objurgat
2780 5668 3144 5741 compellans
3175 5668 3365 5724 verbis
3391 5666 3635 5740 asperis.

2205 5763 2339 5835 Ipsa
2368 5758 2765 5819 cavillatorem
2797 5758 3093 5830 decipiens
3119 5758 3483 5831 improbum,

3754 430 3826 487 98
