4140 6418
377 398 451 452 99
1602 393 1973 451 ΕΡΗΒΕΜΙΙ
2011 413 2012 424 π

1602 393 1973 451 EPHRJEMII
2011 390 2585 448 CHRONOGRAPHI

384 530 466 583 ait
491 540 554 582 se
585 525 643 580 in
672 522 907 595 speculo
939 521 1435 594 contemplantem
1468 524 1718 592 speotra,

382 618 631 673 formam
665 630 834 670 suam
867 612 1196 685 appellasse
1229 626 1520 683 puparum
1554 608 1811 673 nomine,

386 707 480 762 Sic
510 705 742 760 elocuta
770 702 922 773 regis
953 702 1230 757 exstinxit
1261 701 1425 755 iram.

386 796 505 851 Rex
529 795 625 849 hic
653 790 1012 863 TheOphilus
1044 806 1446 862 saepenumero

383 888 511 939 tum
544 900 647 955 per
677 898 739 937 se
771 881 894 952 ipse
927 884 1052 935 tum
1086 895 1189 950 per
1218 879 1398 933 duces
1422 876 1684 942 bellicos,

383 990 532 1045 quos
568 970 785 1027 multos
817 968 1021 1024 habuit
1050 967 1183 1023 forti
1206 968 1402 1022 animo
1436 965 1733 1038 preditos,

381 1060 701 1119 Manuelem
734 1058 1054 1131 praesertim
1087 1074 1150 1112 ac
1182 1056 1607 1128 Theophobum

384 1152 631 1208 feliciter
661 1147 898 1204 bellavit
925 1162 1060 1202 cum
1094 1146 1359 1201 hostium
1393 1145 1569 1200 caede.

387 1242 574 1296 Ambo
605 1238 761 1294 enim
798 1242 965 1293 erant
996 1235 1185 1292 dextri
1218 1237 1537 1305 fortesque,

386 1328 724 1399 neminique
754 1327 1038 1384 cedebant
1070 1341 1314 1381 suorum
1345 1328 1679 1395 temporum

384 1420 730 1477 strenuitate
761 1418 849 1474 vel
883 1424 1005 1473 arte
1037 1416 1429 1487 imperatoria.

380 1515 511 1582 Ipse
542 1506 909 1579 Theophilus
938 1505 1241 1561 liberalem
1278 1520 1522 1559 manum

381 1600 847 1668 muniﬁcamque
878 1595 1157 1651 omnibus
1189 1593 1546 1666 porrigebat.

378 1689 567 1753 Quare
599 1687 773 1742 etiam
810 1684 1133 1756 hospitium
1166 1683 1543 1755 splendidum
1570 1696 1875 1752 magnum,

381 1779 449 1834 ad
485 1776 824 1849 peregrinos
857 1773 1166 1829 exciendos
1195 1777 1505 1828 exstruens

381 1866 601 1922 suimet
630 1864 873 1919 aedificio
900 1878 1115 1919 nomen
1148 1861 1382 1930 indidit,

380 1955 537 2027 quod
567 1958 737 2009 antea
769 1952 959 2007 fuerat
990 1954 1319 2007 scortorum
1354 1950 1635 2005 lustrum.

377 2047 495 2099 Nec
527 2043 609 2099 rei
642 2058 899 2098 venereae
933 2057 1177 2112 prorsus
1208 2044 1333 2095 erat
1364 2039 1677 2107 obnoxius,

383 2135 482 2190 sed
511 2132 875 2189 castimonia:
907 2130 1182 2186 studebat
1216 2129 1479 2185 mirifice.

382 2223 584 2279 Alexio
616 2226 812 2278 autem
846 2223 1231 2292 cognomento
1261 2218 1464 2274 Moseli

382 2328 450 2369 ex
481 2311 895 2366 Armeniorum
925 2307 1278 2364 Crinitarum
1314 2308 1469 2362 claro
1500 2321 1730 2379 genere,

384 2408 628 2459 strenuo
660 2400 782 2455 viro
805 2403 863 2455 et
894 2399 1026 2455 duci
1063 2398 1464 2469 magnanimo,

384 2494 443 2546 et
467 2493 772 2547 venustate
802 2488 1002 2544 vultus
1032 2490 1332 2553 exornato,

385 2580 631 2637 Mariam
667 2578 849 2634 ﬁliam
884 2576 1108 2647 nuptiis
1139 2574 1455 2645 copulavit,

386 2670 588 2725 addito
623 2668 839 2723 honore
870 2666 1029 2722 tituli
1063 2665 1288 2721 caasarei
1317 2682 1330 2731 ;

382 2759 663 2831 misitque
690 2774 822 2814 cum
844 2756 1033 2813 classe
1064 2758 1266 2811 contra
1298 2752 1734 2824 Longobardos.

378 2850 487 2905 Sed
517 2848 674 2903 enim
705 2846 1005 2902 invidente
1038 2844 1343 2909 comitatu,

384 2942 563 3010 atque
595 2938 750 3009 apud
784 2951 973 3005 regem
1006 2932 1407 2989 calumniante
1437 2932 1723 2987 Caesarem

386 3042 532 3082 uxor
562 3026 705 3080 dum
737 3023 877 3079 vixit
907 3022 1238 3079 calumnias
1271 3020 1535 3092 dispulit.

381 3116 493 3171 Sed
530 3118 846 3187 postquam
879 3113 978 3169 illa
1006 3112 1189 3167 vitam
1222 3110 1505 3179 deseruit,

387 3204 587 3260 statim
620 3203 859 3270 Alexius
894 3201 1101 3258 mundi
1134 3218 1196 3256 se
1226 3217 1438 3272 pompa
1468 3198 1746 3255 abdicans

380 3296 644 3350 Caesarea
674 3293 981 3364 dignitate,
1017 3290 1386 3363 propinquis,
1417 3290 1590 3355 caris,

379 3383 729 3455 profanique
760 3382 918 3438 omni
949 3380 1207 3436 tumultu
1241 3379 1459 3445 saeculi,

376 3488 692 3545 pauperem
727 3472 936 3529 Christi
972 3469 1237 3542 exemplo
1270 3486 1502 3525 saccum
1529 3468 1741 3537 induit,

374 3562 828 3632 cmnobiumque
859 3565 1031 3617 tonsa
1061 3576 1230 3616 coma
1258 3559 1563 3631 ingressus
1592 3562 1685 3613 est

375 3649 670 3706 Anthemii
700 3649 925 3706 scilicet
955 3649 1109 3720 quod
1143 3648 1269 3719 ipse
1300 3650 1730 3713 construxerat,

376 3739 576 3811 ibique
607 3738 934 3795 monachus
964 3738 1096 3793 vitae
1129 3737 1377 3792 confecit
1409 3752 1669 3792 cursum.

374 3828 519 3883 Exin
552 3829 782 3884 Amorio
813 3827 1117 3900 Theophili
1144 3825 1335 3899 patria

375 3923 777 3991 Agarenorum
811 3923 979 3989 capto
1012 3916 1389 3981 exercitibus,

370 4006 823 4065 innumerabilis
854 4008 1027 4064 turba
1052 4007 1247 4080 gladio
1279 4005 1480 4078 periit,

372 4098 638 4171 aliasque
668 4098 926 4171 plurima
957 4097 1224 4154 servituti
1258 4095 1493 4150 addicta

370 4188 444 4245 ad
474 4188 764 4245 Barbaros
787 4188 922 4258 jure
954 4187 1089 4243 belli
1122 4187 1329 4242 abacta
1360 4188 1488 4240 est:

369 4282 542 4350 atque
572 4278 631 4333 in
657 4278 753 4333 his
784 4282 952 4333 erant
982 4276 1278 4348 legionum
1315 4275 1492 4329 duces

366 4366 490 4422 illic
512 4366 863 4423 bellantium
896 4366 1287 4437 quadraginta
1316 4364 1456 4431 duo,

368 4455 470 4526 qui
503 4456 679 4511 etiam
704 4458 992 4527 martyres
1023 4455 1275 4524 denique
1302 4455 1637 4507 evaserunt.

367 4550 487 4600 Hos
518 4548 585 4600 ut
614 4544 928 4600 redimeret
958 4561 1056 4599 rex
1086 4543 1440 4614 legationem
1470 4541 1632 4595 misit

367 4632 804 4703 signiﬁcantem
834 4631 1087 4688 Persidis
1116 4636 1361 4703 tyranno

368 4725 434 4776 ut
455 4721 562 4778 hos
593 4722 921 4779 dimitteret
953 4721 1207 4793 acceptis
1240 4720 1509 4776 redimiis

369 4812 726 4867 centenariis
755 4816 1010 4884 quatuor
1041 4827 1177 4866 cum
1210 4808 1432 4881 viginti.

366 4901 478 4955 Sed
510 4901 687 4957 verba
718 4904 1072 4971 respuerunt
1090 4915 1261 4955 aures
1292 4899 1575 4953 barbara}.

370 4991 559 5054 Quare
589 4990 906 5060 imperator
936 4990 1109 5060 longo
1141 5005 1387 5044 mmrore
1418 4988 1682 5045 ail‘ectus.

373 5083 673 5135 contracto
707 5080 911 5135 morbo
944 5079 1158 5134 misere
1184 5078 1420 5149 abrupit
1451 5077 1652 5147 vitam,

370 5183 607 5224 uxorem
636 5172 812 5238 atque
837 5169 1147 5240 optimates
1176 5169 1343 5223 valde
1373 5183 1621 5223 exorans

369 5262 435 5312 ut
462 5256 781 5313 abolendos
814 5261 1090 5312 curarent
1119 5256 1445 5328 imagines;

372 5352 547 5418 atque
580 5352 644 5402 ut
671 5347 961 5401 Joannem
994 5347 1229 5418 lupum,
1266 5363 1378 5401 non
1414 5350 1736 5417 pastorem,

371 5434 640 5492 Ecclesiae
671 5436 1013 5493 cathedram
1048 5435 1302 5491 retinere
1332 5435 1612 5492 sinerent.

446 5615 559 5687 (37)
590 5617 727 5674 Cod.
755 5614 1057 5691 τετραπλῆ.

2062 516 2117 580 Α

2068 1888 2112 1955 Β

2062 3254 2104 3321 C

2053 4624 2103 4691 D

2322 514 2423 575 Τάς
2454 515 2506 569 ὲν
2538 514 2865 589 κατόπτροις
2891 516 3149 594 ἐμφάσεις
3183 519 3421 597 λέγουσά
3450 546 3569 591 πως

2321 608 2552 681 Μορφῆς
2584 603 2723 677 ἐμῆς
2756 603 2889 661 ἴδεῖν
2918 628 2976 662 τε
3008 610 3207 685 φράσαι
3234 612 3395 671 νινία.

2324 692 2483 749 Οὕτω
2515 695 2689 766 Θυμοῦ
2721 690 2997 750 σϐέννυσιν
3033 698 3261 754 εἰποῦσα
3281 700 3481 778 φλόγα.

2322 783 2493 846 Οὗτος
2527 782 2782 858 βασιλεὺς
2815 784 3082 864 Θεύφιλος
3111 786 3383 853 πολλάκις

2142 872 2286 926 2365
2326 873 2424 926 Καὶ
2461 870 2529 926 δι’
2562 874 2754 928 ἑαυτοῦ
2783 874 2872 929 καὶ
2905 882 3229 952 στρατηγῶν
3256 882 3551 955 ταγμάτων

2327 961 2553 1016 Ἀλλων
2584 984 2642 1017 τε
2670 962 2900 1019 πολλῶν
2934 964 3221 1042 ἀνδρικῶν.
3258 968 3581 1045 εὐκαρδίων,

2324 1052 2589 1121 Μανουὴλ
2622 1050 2667 1107 δ’
2702 1055 2811 1129 οὐχ
2839 1054 3037 1123 ἥκιστα
3060 1058 3150 1112 καὶ
3181 1056 3485 1137 Θεοφόϐου,

2323 1143 2517 1217 Μάχας
2542 1144 2823 1218 κατώρθου
2855 1145 3117 1201 κτιννύων
3150 1148 3504 1214 ἀντιπάλουςο

2323 1233 2530 1301 ’Ἠστην
2560 1233 2662 1306 γὰρ
2693 1233 2860 1310 ἄμφω
2891 1233 3078 1309 δεξιὼ,
3112 1235 3415 1312 ῥωμαλέω,

2144 1322 2286 1376 2370
2325 1320 2430 1375 Καὶ
2460 1324 2567 1374 τῶν
2596 1322 2730 1375 κατά
2763 1327 2896 1399 σφᾶς
2926 1321 3146 1388 οὐδενὸς
3180 1323 3531 1400 λελειμμένω

2324 1406 2653 1484 Εὐανδρίαις
2677 1430 2735 1465 τε
2764 1409 2854 1465 καὶ
2886 1409 3081 1475 καλαῖς
3108 1415 3483 1491 στρατηγίαις.

2322 1500 2427 1555 Καὶ
2460 1505 2622 1576 χεῖρα
2654 1499 2701 1555 δ’
2730 1503 2846 1577 εἶχε
2876 1502 3193 1579 φιλόιιμον.
3226 1504 3519 1577 πλουσίαν,

2324 1589 2711 1665 Εὐεργετικήν,
2744 1590 3058 1669 φιλόδωρον
3093 1595 3173 1657 εἷς
3206 1594 3394 1660 ὅλουςσ

2322 1680 2480 1735 ὋΟεν
2515 1679 2715 1749 ξενῶνα
2742 1680 2833 1735 καὶ
2867 1683 3083 1755 φαεινὸν
3112 1687 3204 1739 καί
3238 1686 3401 1759 μέγαν

2144 1770 2287 1825 2375
2326 1768 2418 1829 Εἷς
2448 1767 2738 1842 ἀνάπαυμα
2766 1775 2873 1824 τῶν
2903 1772 3065 1841 ξένων
3095 1774 3396 1849 ἀπαρτίσας

2325 1855 2546 1928 Κλῆσιν
2574 1859 2766 1914 ἑαυτοῦ
2794 1865 2874 1932 τῷ
2906 1858 3190 1935 δομήματι
3230 1865 3407 1937 νέμει,

2324 1948 2499 2004 Οἶκων
2532 1954 2799 2023 γυναικῶν
2835 1947 2964 2005 ὄντα
2992 1952 3053 2007 τὸ
3083 1953 3211 2023 πρὶν
3245 1953 3514 2027 ἀσέμνωψ

2324 2038 2568 2108 ’Ἠττητὸ
2600 2035 2643 2092 δ’
2675 2036 2828 2095 οὐδὲν
2857 2038 3191 2117 ἀφροδισίων
3224 2041 3432 2119 σφόδρα

2322 2130 2397 2200 Τῇ
2429 2127 2750 2203 σωφροσύνῃ
2782 2133 3173 2204 προστετηκὼς
3206 2132 3472 2196 ἐκτόπωςο

2144 2218 2286 2272 2380
2327 2216 2557 2289 ’Λλεξίῳ
2590 2216 2646 2273 δὲ
2675 2222 2753 2291 τῷ
2781 2218 3022 2291 Μωσηλὲ
3046 2221 3354 2293 τούπίκλην

2327 2306 2410 2375 Ἐξ
2443 2307 2746 2379 Ἀρμενίων
2780 2314 3069 2385 Κρηνιτῶν
3106 2308 3366 2387 λαμπροῦ
3397 2312 3586 2387 γένους

2324 2392 2503 2470 Ἀνδρὶ
2536 2402 2841 2473 στρατηγῷ,
2873 2397 3117 2473 γεννάδα,
3153 2399 3430 2475 ῥωμαλέῳ

2327 2484 2474 2540 Κατά
2503 2485 2743 2561 χαρίτων
2778 2483 2901 2560 ὄψιν
2936 2488 3317 2564 ἠγλαϊσμένῳ,

2326 2573 2539 2647 Μαρίαν
2574 2577 2838 2648 συνῴκισε
2864 2578 2964 2645 τὴν
2996 2579 3283 2654 Θυγατέρα,

2145 2664 2287 2719 2385
2326 2666 2576 2735 Τιμήσας
2608 2665 2768 2719 αὐτὸν
2798 2664 2920 2737 ἀξίᾳ
2947 2668 3019 2739 τῆ
3049 2667 3352 2740 Καισάρων·

2323 2754 2424 2809 Καὶ
2460 2751 2551 2807 σὺν
2582 2751 2763 2827 στόλῳ
2791 2753 3048 2831 πέπομφε
3078 2758 3213 2829 πρὸς
3257 2752 3664 2833 Λογγιϐάρδους

2324 2844 2703 2916 Φθονουμένου
2735 2840 2793 2899 δὲ
2820 2850 2937 2907 τοῖς
2966 2851 3081 2900 κατ’
3110 2845 3270 2902 αὐτὸν
3306 2844 3531 2922 ἀνδράσι

2324 2932 2427 2988 Καὶ
2455 2936 2534 3004 τῷ
2568 2932 2785 3006 βασιλεῖ
2814 2935 2866 3008 γ’
2896 2929 3426 3007 ἐνδιαϐεϐλημένου,

2325 3016 2608 3076 Διαϐολῶν
2637 3021 2864 3098 σύζυγος
2897 3024 2964 3091 ἧν
2999 3026 3144 3091 ζῶσα
3175 3022 3348 3087 λύτις·

2144 3111 2287 3166 2390
2327 3108 2476 3165 Ἐπεὶ
2510 3107 2557 3163 δ’
2587 3108 2759 3180 ἐκείνη
2792 3109 3052 3165 κατέλιπε
3082 3112 3172 3164 τὸν
3206 3111 3345 3185 βίον,

2324 3196 2499 3260 Εὐθὺς
2528 3197 2869 3274 περιφάνειαν
2905 3198 3145 3275 έκγιπὼν
3177 3199 3318 3273 βίου,

2321 3288 2595 3361 Καίσαρος
2625 3287 2773 3358 ἀξίαν
2805 3309 2884 3358 τε,
2923 3293 3219 3362 συγγενεῖς,
3255 3288 3472 3366 φίλους,

2315 3374 2493 3432 Ἅλλά
2521 3397 2579 3431 τε
2604 3376 2777 3432 πάντα
2806 3376 2895 3432 καὶ
2928 3376 3097 3432 πλέον
3120 3374 3325 3453 τύρϐην
3364 3381 3509 3455 βίου,

2313 3467 2390 3522 Τὸ
2420 3466 2556 3521 κατά
2584 3467 2815 3542 Χριστὸν
2848 3466 3199 3545 ἀμφιέννυται
3234 3468 3426 3544 ῥάκος,

2136 3558 2279 3612 2395
2317 3556 2417 3611 Καὶ
2451 3554 2617 3630 τρίχα
2648 3555 2827 3629 καρεῖς
2858 3558 2956 3626 τὴν
2992 3559 3165 3631 μονὴν
3204 3556 3477 3631 ὑπεισέδυ,

2314 3648 2413 3700 ’Ήν
2444 3645 2603 3708 αὐτὸς
2636 3644 2889 3721 ἀνήγειρε
2915 3647 3013 3715 τὴν
3050 3647 3361 3720 ’κνοεμίοψ

2314 3735 2404 3791 Ἐν
2434 3734 2470 3809 ᾗ
2502 3734 2746 3808 μονάζων
2776 3733 3036 3791 καταλύει
3062 3736 3153 3791 τόν
3189 3736 3328 3811 βίον.

2312 3828 2417 3878 Τοῦ
2449 3822 2495 3877 δ’
2523 3825 2774 3899 Αμορίου
2803 3823 3063 3901 πατρίδος
3098 3824 3367 3904 Θεοφίλου

2313 3918 2439 3975 Ταῖς
2467 3917 2784 3988 Ἀγαρηνῶν
2818 3920 3094 3990 σνρατιαῖς
3123 3912 3435 3986 ἡλωκότος,

2134 4006 2276 4061 2ίΟΟ
2312 4004 2812 4079 Ἀπειραριθμήτου
2845 4002 2901 4060 δὲ
2932 4006 3247 4069 κτανθέντος
3278 4004 3499 4079 στίφους

2317 4092 2426 4149 Καὶ
2453 4092 2668 4164 πλῆθος
2696 4093 2820 4163 ἥλω
2855 4096 3219 4171 μυριάριθμον
3251 4094 3375 4150 τότε

2314 4184 2509 4259 Ἀχοὶν
2546 4181 2893 4259 δορυάλωτον
2926 4184 3112 4248 αὐτοῖς
3143 4179 3469 4261 Βαρϐάροις,

2315 4274 2405 4329 Ἐν
2440 4274 2521 4335 οἷς
2553 4274 2845 4348 στρατηγοὶ
2878 4278 2985 4329 τῶν
3020 4273 3186 4339 ἐκεῖθι
3216 4273 3505 4351 ταγμάτων

2314 4361 2477 4424 Δεκᾶς
2504 4360 2784 4436 τετραπλῆ
2816 4366 2929 4437 (37)
2964 4363 3056 4419 σὺν
3089 4361 3239 4437 ἁπλῇ
3272 4360 3548 4437 ξυνωρίδι,

2132 4454 2274 4510 24Οὸ
2315 4451 2381 4509 Oi
2416 4452 2707 4529 μαρτύρων
2744 4449 2968 4529 εὕραντο
2998 4453 3087 4507 καὶ
3122 4454 3288 4531 στέφη
3322 4450 3507 4528 τελος·

2311 4547 2509 4619 Ὢνπερ
2542 4543 2801 4621 πέπομφε
2831 4537 3084 4617 πρέσϐεις
3112 4544 3140 4595 ὁ
3170 4540 3387 4617 κράτωρ

2314 4629 2792 4707 Ἀπαγγελοῦντας
2817 4637 2896 4705 τῷ
2926 4635 3212 4708 κρατοῦντι
3247 4628 3509 4708 Περσίδος

2314 4724 2514 4775 Λοῦναι
2547 4714 2787 4776 λαϐόντα
2818 4720 2991 4795 λύτρα
3019 4721 3117 4790 τὴν
3152 4717 3306 4775 λύσιν
3340 4719 3517 4794 σφίσιν

2312 4812 2645 4883 Κεντηνάρια
2672 4812 2807 4886 πρὸς
2837 4813 3051 4887 τέτρασι
3087 4808 3167 4873 δὶς
3190 4807 3337 4869 δέκα.

2131 4902 2274 4956 2410
2313 4900 2464 4956 Ἀλλ’
2494 4900 2557 4954 ού
2589 4900 2890 4975 προσέσχεν
2925 4899 3062 4968 ἀκοὴ
3098 4899 3280 4976 φαύλη
3316 4898 3523 4977 λόγοις·

2311 4990 2463 5043 Ὅθεν
2497 4987 2751 5064 βασιλεὺς
2782 4988 3025 5050 έκτακεῖς
3062 4994 3242 5062 μακρᾷ
3272 4988 3419 5063 λύπῃ

2310 5080 2561 5148 Νοσήσας
2590 5076 2859 5153 ἀπέρρηξε
2886 5082 3068 5141 κακῶς
3096 5079 3186 5132 τὸν
3221 5079 3363 5155 βίον,

2311 5166 2504 5223 Πολλά
2536 5165 2748 5238 δεηθεὶς
2783 5166 3017 5243 συζύγου
3048 5172 3154 5223 τῶν
3187 5170 3233 5223 τ’
3266 5167 3317 5222 έν
3349 5165 3495 5223 τέλει

2306 5257 2613 5332 καθαιρέσει
2643 5256 2963 5332 στέργοντας
2993 5262 3101 5312 τῶν
3134 5255 3528 5331 εἷκονισμάτων

2126 5347 2272 5403 2415
2304 5349 2427 5402 Τῶν
2462 5344 2715 5416 Ἰωάννην
2751 5345 2939 5420 λύκον⁹
2973 5345 3103 5422 οὐχὶ
3130 5345 3387 5419 ποιμένα⁹

2306 5437 2430 5506 Ἐᾷν
2456 5432 2716 5511 καθέδραν
2749 5436 2999 5512 κατέχειν
3031 5435 3384 5507 Ἐκκλησίας.

3699 407 3810 465 100
