4140 6420
314 406 423 462 105

487 526 620 601 Περὶ
654 523 893 602 βρέφους
919 520 1088 579 ἔδεισε
1120 523 1303 598 μήτηρ
1333 522 1439 577 ἐκτ¹
1469 542 1587 584 πως

483 616 589 673 Τὸν
621 615 775 669 ἀετὸν
810 613 1059 689 βλέψασα
1093 614 1168 685 μὴ
1200 614 1317 667 κατ’
1342 609 1574 673 ἐλπίδας

490 706 654 759 Σκιὰν
688 701 1051 779 σχεδιάζοντα
1077 707 1158 774 τῷ
1192 699 1539 779 βρεφυλλίῳ,

487 794 591 851 Καὶ
621 790 781 848 τόνδε
812 790 989 856 λίθοις
1022 790 1315 846 ἀπελαύνει
1354 790 1645 867 μακρόθεν·

308 885 451 940 2530
489 882 591 940 Καὶ
616 879 773 947 τῆσδ’
806 880 1076 955 ἀπούσης,
1108 877 1254 954 ὄρνις
1288 881 1363 944 ὡς
1390 881 1517 953 πρὶν
1548 878 1787 949 κατέπτη

488 970 679 1028 Τελῶν
708 970 771 1025 τὸ
800 969 1176 1045 λειτούργημα
1203 967 1406 1042 παιδίῳ
1434 970 1623 1038 πάλιν,

488 1061 589 1117 Καὶ
624 1059 790 1115 πάλιν
824 1058 1134 1129 ἀπήλαυνεν
1160 1061 1195 1128 ἡ
1219 1058 1539 1134 γειναμένη,

486 1152 588 1207 Καὶ
618 1152 765 1206 τοῦτ’
797 1148 990 1226 ἐδρᾶτο
1021 1148 1298 1213 πολλάκις
1326 1153 1424 1219 τῆς
1455 1151 1688 1226 ἡμέρας.

483 1242 570 1303 Ὡς
601 1238 647 1295 δ’
680 1235 899 1317 ἐφήϐων
927 1241 1109 1314 ἥψατο
1138 1247 1240 1308 τῆς
1272 1238 1518 1309 ἡλικίας.

304 1331 449 1387 2535
485 1330 700 1404 Ἀγνώς
727 1350 811 1392 τις
844 1328 917 1384 ὢν
951 1330 1142 1385 ἅπασιν
1178 1329 1427 1404 ἐσχάτως
1456 1327 1624 1399 πένης

482 1416 708 1482 Βαδίσας
738 1422 839 1488 ἧκε
866 1419 1006 1493 πρὸς
1035 1418 1198 1474 πόλιν
1231 1417 1662 1486 Κωνσ-ταντίνου,

480 1509 571 1570 Ὧς
598 1506 662 1563 ἂν
697 1508 932 1584 ὑπάρξας
958 1512 1068 1563 τῶν
1097 1528 1240 1570 τινος
1271 1510 1372 1577 θὴς
1400 1506 1675 1581 εὐπόρων,

482 1600 635 1669 Ζωήν
665 1598 734 1654 τὰ
764 1597 1063 1673 συνέχοντα
1091 1602 1273 1671 κρῶτο
1304 1599 1656 1674 πρνσφόρως’

482 1686 650 1742 Πόλιν
676 1685 722 1742 δ’
752 1685 1007 1750 ὑπεισδὺς
1034 1683 1357 1763 κατέδαρθεν
1391 1686 1618 1762 ἑσπέρας

300 1776 436 1840 2546
478 1773 791 1850 Διομήδους
824 1778 1098 1852 μάρτυρος
1131 1777 1183 1830 έν
1211 1780 1338 1831 ναοῦ
1368 1774 1518 1849 πύλῃ

475 1866 569 1927 ’Ὡς
599 1886 684 1928 τις
717 1868 982 1940 πενιχρὸς
1014 1864 1239 1934 εὐτελὴς
1271 1864 1499 1927 νεανίας.

475 1956 644 2030 ’Ὀναρ
676 1952 720 2009 δ’
748 1955 775 2009 ὁ
810 1957 1020 2031 μάρτυρ
1052 1954 1399 2032 ἐμφανίζεται
1427 1953 1640 2029 νύκτωρ

472 2044 585 2097 Τινὶ
616 2046 729 2098 γαῦ’
763 2043 965 2106 ὕπνους
993 2045 1101 2099 τῶν
1130 2039 1236 2099 ἔσω
1266 2042 1577 2119 νεωκόρων,

476 2131 579 2188 Καί
600 2133 651 2187 οἱ
679 2134 774 2187 τὸν
805 2131 959 2195 ἐκτὸς
990 2132 1329 2209 έγκελεύεται
1360 2132 1558 2207 τάχος,

291 2223 435 2277 2545
471 2220 792 2297 Εῗσαγαγεῖν
816 2219 1019 2277 ἄνακτα
1037 2228 1138 2292 τῆς
1168 2221 1351 2293 πύλης
1382 2216 1509 2277 ἔσω.

471 2310 529 2363 '0
553 2306 603 2364 δ’
634 2309 939 2380 ὑπεξελθὼν
972 2311 1063 2366 καὶ
1092 2310 1377 2367 Βασίλειον
1414 2312 1578 2383 μόνον

471 2399 656 2473 Εὑρὼν
686 2399 956 2456 ὁπνοῦντα
982 2401 1121 2456 κατὰ
1149 2399 1306 2455 λιτοῦ
1336 2397 1593 2470 δαπέδου,
1632 2416 1638 2421 ·

471 2487 659 2558 Πύλην
691 2488 904 2558 ὑπῆλθε
929 2493 1028 2544 τοῦ
1056 2488 1162 2544 νεὼ
1192 2490 1279 2543 καὶ
1307 2490 1398 2544 τὸν
1434 2487 1627 2562 δόμον,

472 2577 637 2649 Δόξας
669 2574 801 2655 ὄναρ
833 2578 1119 2657 φάντασμα
1148 2578 1375 2653 μάταιον
1403 2577 1612 2653 πέλειν,

283 2670 432 2725 2550
470 2668 570 2722 Καὶ
600 2666 766 2723 πάλιν
796 2670 914 2744 εἶχε
940 2669 1031 2724 τὸν
1059 2670 1328 2744 νεωκόρον
1368 2666 1553 2739 κλίνη·

473 2758 574 2814 Καὶ
608 2757 773 2813 πάλιν
806 2754 933 2831 ὄψις
962 2779 1131 2814 ταυτα
1160 2759 1212 2813 οἱ
1236 2757 1547 2834 παρηγγύα·

470 2847 572 2902 Καὶ
604 2845 768 2903 πάλιν
801 2845 1062 2924 ἐξέδραμε
1088 2855 1189 2918 τῆς
1220 2846 1403 2919 πύλης
1432 2848 1627 2923 τάχος,

471 2936 571 2991 Καὶ
602 2936 891 2993 Βασίλειον
923 2937 1072 3011 εὗρεν
1110 2939 1384 2993 ὑπνοῦντα
1415 2937 1604 3010 μόνον.

468 3024 620 3083 Ἐπεὶ
652 3022 710 3080 δὲ
738 3026 858 3102 τρὶς
886 3026 1102 3102 γένοιτο
1131 3027 1299 3082 ταῦτα
1335 3027 1453 3082 κατ’
1485 3024 1638 3103 δναρ,

284 3117 431 3173 2552
471 3115 570 3170 Καὶ
602 3116 810 3179 σύνεσις
840 3116 907 3186 ἦν
941 3114 1188 3190 οὐδαμοῦ
1217 3116 1483 3192 νεοκόρῳ,

465 3203 640 3272 Δηλοῖ
665 3206 729 3260 τὸ
750 3207 934 3282 τρίτον
966 3204 1221 3283 ἐμφανῶς
1253 3208 1455 3281 μάρτυς
1488 3205 1681 3279 λέγων,

462 3296 612 3352 Εἶναι
633 3296 727 3350 τὸν
758 3295 912 3357 ἐκτὸς
940 3296 1191 3368 κείμενον
1232 3294 1476 3371 βασιλέα.

456 3384 556 3442 ’Ὀν
590 3382 895 3459 εἰσαγαγὼν
928 3383 1003 3447 ὡς
1034 3382 1152 3440 δέον
1184 3385 1456 3459 νεωκόρος

456 3471 885 3551 Φιλοφροσύνης
918 3473 1010 3528 καὶ
1042 3473 1215 3544 ξενίας
1242 3473 1422 3547 ἠξίου·

268 3565 413 3621 3560
456 3563 593 3620 Εἶτα
623 3567 844 3634 συνιστᾷ
865 3560 1025 3618 τόνδε
1048 3567 1129 3635 τῷ
1155 3568 1262 3618 τῶν
1297 3563 1348 3617 έν
1380 3562 1549 3634 τέλει,

458 3650 726 3714 Κάκεῖνος
757 3650 1027 3725 ᾠκείωσεν
1062 3650 1249 3708 ἄνακτι
1278 3650 1467 3709 πάλιν.

455 3742 523 3799 Ὀ
555 3738 604 3796 δ’
627 3741 763 3815 ὕψος
792 3736 1085 3817 ἐϐράϐευσε
1112 3744 1213 3812 τῆς
1242 3741 1600 3818 κραταρχίας.

454 3832 559 3885 Καί
590 3852 673 3894 τις
708 3835 967 3905 μοναχῶν
994 3830 1209 3905 ἀρεταῖς
1242 3831 1573 3905 ἐστεμμένος

458 3918 758 3977 Μέλλοντά
784 3921 831 3974 τ’
864 3916 1024 3981 εἷ’δὼς
1050 3921 1325 3993 Πνεύματι
1359 3919 1490 3993 θείῳ
1521 3919 1724 3996 λέγειν,

258 4012 414 4066 2565
455 4010 687 4082 Κρήτην
718 4005 957 4083 πατρίδα
986 4009 1075 4064 καὶ
1112 4011 1283 4082 μονὴν
1314 4030 1476 4081 κεκτη
1490 4010 1648 4083 μένος

450 4100 665 4156 Ἐκεῖσε
696 4096 840 4170 τῶδε
868 4099 975 4172 πρὸ
1003 4099 1239 4174 κράτους
1271 4098 1557 4177 ἀφιγμένῳ

448 4192 725 4261 Προεῖπεν
757 4185 1052 4263 ἀνάρρησιν
1084 4188 1140 4242 εὗ
1169 4189 1530 4263 κραταρχίας.

551 4277 934 4333 ΒΑΣΙΛΕΙΟΣ
974 4282 1020 4333 0
1061 4277 1407 4333 ΜΑΚΕΔΩΝ
1444 4282 1525 4333 ΕΤ
1565 4278 1669 4336 ΙΒ’.

449 4366 629 4427 Οὗτος
659 4364 892 4441 Μιχαὴλ
921 4365 1126 4421 ἀνελὼν
1156 4368 1438 4443 εὐεργέτην

448 4454 558 4510 Καὶ
594 4454 920 4529 βασιλευτήν
952 4455 1043 4511 καὶ
1074 4453 1239 4527 δότην
1270 4458 1361 4512 τὸν
1392 4462 1489 4514 τοῦ
1512 4459 1761 4537 στέφους,

244 4546 401 4603 2570
442 4543 821 4619 Αὐτοκράτωρ
858 4543 1141 4621 μόναρχος
1171 4544 1323 4623 ὣφθη
1357 4551 1465 4603 τῶν
1495 4547 1665 4605 ὅλων.

440 4635 614 4692 ’Όθεν
650 4635 849 4696 συνιεὶς
881 4633 1033 4706 αἶ’κίᾳ
1064 4632 1372 4699 συνειδότος

440 4722 629 4777 Φόνου
657 4719 923 4798 δυσαχθὶς
951 4724 1042 4778 καί
1074 4725 1363 4801 μιαιφόνον
1398 4724 1565 4797 μύσος

442 4808 729 4881 Ἐξιλεοῦν
763 4809 988 4868 ἔσπευδε
1017 4814 1295 4884 Δεσπότην
1331 4810 1478 4869 ὅλων

441 4895 723 4958 Ἀϐυσσον
756 4898 1077 4977 ὕπάρχοντα
1100 4907 1202 4971 τῆς
1228 4898 1663 4977 εὐσπλαγχνίας,

230 4992 384 5048 2575
429 4991 669 5065 Ἔργοις
701 4987 1012 5067 φιλοίκτοις
1041 4990 1131 5046 καὶ
1163 4989 1351 5047 καλῶν
1385 4991 1677 5066 εὐποιίαις,

562 5080 574 5099 ι
624 5079 649 5097 ν·
811 5079 824 5097 \
950 5082 969 5099 ι’
1300 5080 1313 5101 ’
1480 5089 1507 5099 ⁸·

429 5080 554 5136 Μεθ
610 5098 708 5145 ων,
736 5099 873 5133 νεων
906 5078 1228 5153 καλλιστον,
1264 5101 1507 5156 ευπρεπη
1543 5082 1689 5153 ξένον

438 5166 765 5230 Πολυτελὶς
794 5167 969 5241 θέαμα
999 5170 1185 5246 τέρψιν
1220 5170 1483 5244 ὀμμάτων

426 5259 525 5313 Ἐν
564 5255 865 5331 βασιλείοις
894 5257 1139 5322 καινίσας
1173 5259 1554 5336 Ηρωταγγέλῳ

425 5346 585 5402 Νέαν
621 5344 970 5418 ἀποκέκληκε
1000 5346 1148 5403 τονδ⁷
1181 5347 1499 5421 ἐκκλησίαν⁸

224 5438 383 5495 2580
429 5434 552 5493 Καὶ
584 5435 749 5491 πάΛιν
780 5432 951 5491 ἄλλον
988 5436 1155 5509 Ἠλίᾳ
1184 5442 1262 5510 τῷ
1295 5434 1550 5514 Θεσϐίτῃ,

421 5527 535 5579 ’ον
569 5521 780 5600 ἐξόχως
810 5524 877 5593 ἦν
909 5524 999 5580 καὶ
1030 5529 1206 5598 τιμῶν
1239 5527 1334 5581 καὶ
1372 5528 1655 5602 σεμνύνων

422 5616 700 5686 Πομπαῖς
729 5611 946 5686 ἑορταῖς
977 5612 1227 5689 δαψιλῶς
1259 5621 1381 5678 ταῖς
1416 5614 1467 5671 δι
1523 5611 1704 5681 ἔτους.

414 5703 611 5767 Οὗτος
642 5700 717 5758 δι’
744 5702 917 5758 αὐτοῦ
945 5703 1036 5759 καὶ
1059 5709 1376 5782 στρατηγῶν
1412 5704 1506 5762 καί
1540 5704 1748 5763 στόλου

597 5826 872 5887 Ριτειοι.
923 5826 1035 5888 Ga.
1081 5826 1336 5889 CXLIII.

1847 403 2206 458 CBSARES.

1996 527 2052 594 Α
2090 528 2257 584 Tunc
2288 528 2409 585 filio
2438 529 2639 586 timuit
2668 538 2856 589 mater
2881 534 3256 591 vehementer

2078 618 2339 689 aquilam
2369 619 2575 675 videns
2604 627 2817 692 praeter
2846 625 3346 695 exspectationem

2080 709 2349 763 umbram
2382 709 2597 765 tenello
2627 711 2838 767 infanti
2869 714 3378 784 suppeditantem;

2076 795 2460 868 lapidumque
2485 799 2649 869 jactu
2683 802 2884 871 procul
2917 802 3187 874 abigebat
3217 820 3403 860 avem.

2075 888 2259 940 Matre
2290 888 2617 956 recedente,
2652 890 2849 961 aquila
2883 908 3088 947 rursus
3118 893 3373 959 advolat,

2077 977 2252 1045 atque
2280 991 2454 1031 suum
2487 994 2666 1048 puero
2701 980 2917 1049 prabet
2947 980 3369 1037 ministerium.

2076 1062 2304 1118 Rursus
2336 1064 2487 1120 hanc
2517 1071 2706 1121 mater
2731 1067 2940 1137 abigit;
2973 1068 3151 1139 idque
3183 1087 3339 1142 saepe

2075 1166 2177 1222 per
2205 1151 2359 1208 vices
2393 1152 2494 1207 illa
2519 1154 2613 1209 die
2644 1155 2972 1211 factitatum
3008 1158 3137 1214 fuit.

2074 1242 2149 1293 Ut
2176 1256 2311 1295 vero
2341 1257 2371 1295 θ
2401 1242 2597 1311 pueris
2626 1244 2873 1298 excessit
2901 1244 3177 1313 Basilius,

2073 1329 2345 1386 omnibus
2379 1331 2616 1401 ignotus
2647 1336 2820 1404 atque
2850 1334 3273 1404 egentissimus

2072 1418 2144 1472 ad
2179 1418 2542 1475 Constantini
2574 1421 2781 1477 urbem
2814 1424 3083 1492 pedester
3112 1426 3293 1495 venit,

2072 1522 2282 1578 nempe
2314 1513 2380 1562 ut
2410 1507 2583 1563 alicui
2618 1509 2781 1564 diviti
2812 1528 3034 1566 navans
3066 1529 3303 1584 operam

2070 1595 2200 1649 vitae
2232 1596 2578 1667 adjumenta
2606 1600 3009 1654 sustentandae
3040 1600 3347 1671 acciperet.

2067 1684 2217 1756 Ergo
2249 1684 2552 1757 ingressus
2582 1688 2785 1743 urbem
2818 1689 3149 1745 dormiebat
3176 1706 3416 1763 vespere

2066 1772 2126 1827 in
2159 1774 2340 1829 valvis
2370 1775 2579 1847 templi
2611 1779 2889 1849 martyris
2920 1777 3222 1834 Diomedis

1984 1895 2032 1959 Β
2065 1865 2348 1934 tanquam
2379 1880 2621 1936 egemus
2653 1865 2903 1937 vilisque
2936 1867 3433 1924 adolescentulus.

2062 1951 2147 2006 En
2179 1956 2376 2008 autem
2410 1958 2634 2026 martyr
2662 1970 2724 2011 se
2754 1956 3236 2028 conspiciendum
3266 1958 3479 2014 obtulit

2062 2041 2165 2095 uni
2196 2058 2265 2096 ex
2293 2042 2530 2098 aedituis
2562 2047 2739 2099 noctu
2772 2060 2876 2115 per
2906 2046 3225 2114 somnium;
3252 2046 3474 2117 jubens

2062 2137 2126 2184 ut
2157 2130 2501 2187 festinanter
2530 2149 2665 2188 eum
2699 2134 2799 2203 qui
2832 2134 3088 2190 cubabat
3117 2135 3261 2192 foris

2063 2234 2282 2290 regem,
2315 2219 2561 2277 reclusis
2589 2221 2790 2285 valvis,
2825 2223 3246 2281 introduceret.

2059 2308 2348 2379 Egressus
2380 2310 2475 2365 ille
2507 2327 2640 2366 cum
2674 2312 2959 2368 Basilium
2992 2312 3185 2369 solum

2062 2400 2221 2453 nuda
2252 2398 2434 2454 humo
2468 2399 2853 2457 dormientem
2887 2402 3246 2473 offendisset,

2058 2487 2119 2541 in
2150 2487 2438 2558 templum
2480 2504 2787 2559 regressus
2817 2490 3060 2546 domum
3093 2508 3155 2547 se
3186 2493 3424 2565 recepit,

2058 2592 2275 2630 vanum
2310 2593 2371 2631 se
2401 2577 2701 2632 somnium
2735 2579 3037 2635 aestimans
3068 2580 3319 2648 vidisse;

2063 2665 2256 2735 itaque
2282 2664 2341 2719 in
2368 2664 2517 2721 lecto
2549 2679 2758 2722 rursus
2790 2684 2853 2723 se
2879 2669 3234 2739 composuit.

2059 2754 2171 2809 Sed
2202 2769 2334 2809 ecce
2363 2754 2556 2810 oblata
2586 2754 2810 2826 species
2842 2757 3189 2813 mandatum
3226 2758 3457 2829 repetit.

2061 2843 2194 2913 Ipse
2223 2843 2489 2898 celeriter
2510 2844 2699 2914 janua
2727 2860 2791 2899 se
2822 2844 3091 2917 proripit,
3284 2844 3287 2845 ⁷

2058 2936 2114 2987 et
2143 2932 2425 2988 Basiliam
2459 2933 2846 2989 dormientem
2876 2935 3070 2989 solum
3103 2937 3338 3007 reperit.

2056 3021 2321 3093 Cumque
2345 3022 2471 3092 jam
2502 3022 2676 3078 tertio
2707 3023 3009 3078 somnium
3044 3025 3418 3093 occurrisset,

2056 3127 2247 3181 neque
2278 3128 2400 3168 rem
2432 3112 2684 3167 aedituus
2718 3128 2958 3183 prorsus
2989 3112 3366 3186 intelligeret,

2056 3209 2272 3272 martyr
2302 3202 2374 3256 ad
2406 3205 2734 3256 extremum
2765 3208 2962 3272 aperte
2993 3203 3141 3257 dixit

1976 3261 2020 3327 (ἶ
2050 3305 2208 3357 eum,
2243 3290 2342 3361 qui
2376 3291 2517 3347 foris
2549 3292 2825 3355 cubabat,
2859 3307 2989 3347 esse
3022 3308 3238 3363 regem.

2050 3379 2214 3436 Tunc
2246 3380 2672 3443 introductum.
2703 3385 2770 3435 ut
2802 3398 2907 3452 par
2937 3385 3082 3447 erat,
3115 3383 3371 3439 aedituus

2050 3467 2283 3524 blandis
2314 3468 2525 3525 officiis
2558 3471 2841 3525 recreavit
2869 3474 2927 3525 et
2955 3470 3211 3541 hospitio
3247 3487 3261 3527 :

2048 3562 2177 3612 tum
2211 3559 2443 3614 cuidam
2478 3560 2746 3630 Optimati
2782 3560 3241 3631 commendavit,

2049 3648 2149 3719 qui
2185 3666 2393 3704 rursus
2426 3648 2593 3705 illum
2626 3651 2749 3723 regi
2780 3650 3123 3708 familiarem
3156 3652 3440 3721 reddidit,

2050 3754 2082 3792 a
2116 3753 2230 3808 quo
2262 3738 2514 3795 Basilius
2546 3740 2775 3811 regium
2805 3740 3085 3798 honorem
3119 3741 3343 3798 retulit.

2048 3828 2199 3891 Quin
2231 3827 2374 3882 adeo
2406 3828 2649 3897 quidam
2679 3829 2895 3885 virtute
2926 3830 3158 3901 fulgens
3192 3831 3542 3900 monachus,

2047 3914 2267 3986 Spiritu
2299 3915 2495 3971 divino
2527 3916 2863 3972 futurorum
2897 3920 3202 3988 praascius,

2045 4002 2104 4057 in
2133 4002 2299 4059 Creta
2328 4004 2518 4075 patria
2548 4005 2970 4061 monasterium
3006 4006 3291 4079 incolens,

2044 4092 2186 4148 illuc
2218 4092 2475 4149 venienti
2506 4099 2640 4149 ante
2663 4093 2974 4165 imperium
3005 4096 3218 4152 Basilio

2044 4181 2324 4239 veraciter
2353 4183 2623 4254 praedixit
2661 4199 2859 4255 regem
2890 4191 3152 4240 creatum
3184 4185 3279 4240 iri.

2382 4271 2704 4328 BASILlUS
2746 4273 3035 4329 MACEDO
3073 4274 3190 4330 AN.
3231 4275 3353 4331 XII.

2046 4371 2151 4427 Hic
2182 4370 2525 4426 Michaelem
2556 4385 2696 4442 erga
2726 4387 2788 4425 se
2819 4369 3149 4428 beneficum

2046 4460 2330 4532 regnique
2354 4460 2615 4515 datorem
2651 4464 2960 4531 postquam
2993 4460 3312 4530 interfecit,

2046 4549 2208 4605 solus
2240 4554 2584 4604 cunctarum
2615 4548 2891 4604 dominus
2922 4566 3117 4606 rerum
3151 4552 3393 4610 exstitit.

1963 4632 2011 4696 D
2044 4639 2234 4702 Quare
2264 4626 2635 4693 conscientias
2667 4637 2926 4693 stimulis
2959 4646 3356 4712 compunctus

2046 4729 2189 4783 dum
2221 4727 2414 4782 scelus
2446 4726 2621 4782 credis
2652 4731 2884 4797 reputat
2912 4728 3189 4797 infandae,

2047 4817 2280 4890 placare
2308 4832 2624 4888 aggressus
2653 4822 2743 4871 est
2772 4833 3145 4875 communem
3183 4820 3524 4893 Dominum,

2049 4908 2219 4977 cujus
2250 4904 2571 4961 clementiae
2604 4905 2804 4961 nullus
2834 4915 2920 4962 est
2949 4908 3263 4980 terminus,

2050 4996 2222 5054 bonis
2252 4994 2531 5067 operibus
2562 4999 2620 5050 et
2648 4995 2946 5067 largiendo
2979 4999 3200 5069 egenis.

2051 5087 2198 5142 Tum
2228 5085 2407 5141 etiam
2437 5083 2727 5156 templum
2759 5101 2973 5140 novum
3006 5085 3472 5157 pulcherrimum

2053 5176 2268 5232 mirum
2300 5178 2654 5246 gratumque
2684 5173 2869 5229 oculis
2900 5176 3302 5245 spectaculum

2054 5264 2215 5336 regio
2246 5263 2306 5318 in
2338 5262 2549 5333 palatio
2581 5262 2923 5332 angelorum
2958 5265 3212 5336 principi

2055 5352 2338 5419 condidit,
2371 5350 2714 5421 Novamque
2744 5351 3057 5422 appellavit
3084 5354 3417 5415 ecclesiam.

2058 5443 2404 5512 Rursusque
2432 5438 2720 5511 templum
2754 5440 2913 5496 aliud
2945 5442 3078 5498 Eliaa
3109 5444 3427 5517 Thesbitae,

2057 5547 2231 5604 quem
2262 5529 2488 5585 colebat
2519 5530 2809 5601 praecipue
2841 5547 2943 5601 per
2973 5532 3110 5587 anni
3141 5549 3382 5592 cursum

2058 5619 2311 5693 pompis,
2346 5617 2555 5674 diebus
2586 5617 2775 5690 festis,
2807 5619 3029 5676 honore
3058 5621 3240 5679 lauto.

2057 5711 2162 5766 Hic
2192 5724 2294 5782 per
2318 5724 2458 5764 suos
2489 5708 2668 5765 duces
2697 5725 2920 5781 perque
2948 5712 3269 5770 exercitum

3352 5837 3389 5895 4

3633 413 3741 470 406
