4140 6442
391 391 499 448 407

390 519 671 590 perdebat
700 517 899 575 hostes
928 518 1064 589 igne
1094 516 1288 589 gladio
1318 514 1588 584 vinculis,

391 610 683 680 orbesque
713 608 951 663 illorum
982 624 1090 662 suo
1123 606 1484 677 adjunbebat
1514 620 1711 675 regno.

385 699 488 754 Hic
519 698 723 769 templi
755 697 981 769 Sophia
1015 696 1275 751 absidem
1313 694 1613 750 occiduam

374 792 503 862 jam
538 790 903 846 laborantem
933 788 1217 860 temporis
1250 787 1466 857 injuria

382 880 673 935 artiﬁcum
707 878 907 933 refecit
936 877 1230 946 eleganter
1259 892 1437 929 manu
1475 892 1487 929 :

381 969 703 1039 multisque
734 967 861 1022 aliis
893 972 1059 1021 terrae
1092 970 1253 1019 motu
1286 963 1499 1018 dirutis

380 1057 642 1113 delubris
673 1072 991 1129 congruam
1027 1053 1425 1125 suppeditavit
1455 1068 1647 1123 opem.

376 1148 613 1203 Judaeos
645 1162 878 1217 quoque
910 1144 1129 1199 multos
1156 1143 1227 1197 ad
1260 1146 1476 1197 rectam
1514 1141 1688 1194 ﬁdem

377 1236 629 1307 pellexit,
661 1236 791 1290 vitae
823 1234 1059 1302 agendae
1091 1232 1452 1303 adjumentis
1486 1228 1768 1300 praebitis.

374 1324 525 1391 Quin
558 1325 774 1380 Rossos
805 1323 1093 1378 hactenus
1126 1320 1305 1375 errori
1339 1318 1567 1374 deditos

373 1416 444 1470 ad
481 1415 818 1486 religionem
850 1410 1066 1467 Christi
1100 1409 1327 1464 curavit
1357 1407 1605 1463 trahere.

372 1504 652 1575 Egregius
683 1501 897 1558 etenim
934 1500 1156 1555 missus
1185 1500 1254 1553 ad
1288 1497 1397 1553 hos
1429 1497 1743 1567 episcopus

373 1593 564 1647 suasit
594 1590 825 1647 cunctis
860 1597 921 1644 ut
948 1590 1019 1644 ad
1052 1588 1352 1643 Christum
1386 1586 1749 1653 accederent,

372 1680 588 1735 Christi
619 1678 958 1750 evangelica
990 1692 1239 1732 narrans
1274 1674 1578 1730 miracula.

372 1771 522 1825 Tum
556 1768 725 1823 Rossi
758 1767 1139 1839 postulabant
1170 1765 1407 1836 signum
1439 1778 1677 1819 cernere

374 1859 531 1929 quod
562 1862 936 1913 narratarum
968 1872 1163 1910 rerum
1196 1855 1370 1910 ﬁdem
1404 1854 1637 1909 faceret.

372 1948 521 2020 Ergo
552 1947 711 2003 verbi
742 1945 1060 2018 evangelici
1092 1944 1356 1999 divinum
1389 1943 1611 1998 librum

373 2037 684 2108 episcopus
717 2053 851 2091 cum
885 2035 1156 2105 precibus
1186 2035 1245 2088 in
1279 2034 1471 2104 ignem
1509 2032 1705 2100 misit;

374 2126 531 2182 hunc
560 2132 757 2181 autem
789 2125 873 2180 vis
905 2124 1275 2178 flammarum
1309 2140 1421 2177 non
1456 2122 1607 2176 laasit
1628 2138 1827 2177 vorax.

374 2219 499 2281 Qua
530 2232 590 2271 re
617 2214 846 2271 attoniti
879 2214 1195 2269 Dominum
1228 2218 1369 2268 sunt
1399 2212 1585 2267 secuti

375 2305 566 2372 Rossi,
599 2310 657 2359 et
686 2304 964 2375 baptismi
999 2319 1217 2357 munus
1248 2306 1657 2373 susceperunt.

371 2394 512 2448 Exin
551 2394 794 2449 Leonem
832 2392 1015 2447 tilium
1053 2391 1300 2447 Basilius

370 2482 754 2537 Santabareni
790 2481 1066 2536 absurdis
1099 2480 1360 2536 consiliis
1391 2480 1724 2553 obsequens

372 2571 557 2627 invidi
591 2571 870 2643 pravique
899 2571 1027 2638 viri,
1062 2570 1118 2624 in
1154 2570 1481 2625 custodiam
1516 2568 1777 2624 tradidit.

369 2663 436 2717 Et
469 2661 709 2733 quidem
743 2659 943 2715 oculos
977 2660 1123 2715 forte
1154 2659 1487 2714 amissurus
1518 2663 1644 2714 erat

365 2751 619 2806 dilectus
652 2750 808 2805 ﬁlius
839 2754 951 2805 Leo
986 2749 1260 2803 mandato
1296 2748 1501 2819 patris,

364 2841 420 2896 ni
457 2840 791 2912 patriarcha
823 2855 934 2893 cun
970 2837 1320 2907 conscriptis
1354 2837 1621 2908 patribus

367 2929 641 3001 precibus
675 2926 988 2997 fregissent
1019 2926 1280 2997 parentis
1312 2925 1647 2981 consilium.

366 3018 478 3073 Sed
514 3022 711 3073 tamen
746 3018 863 3087 jam
898 3015 996 3070 diu
1034 3016 1085 3068 in
1121 3013 1374 3070 vinculis
1405 3015 1684 3070 manebat
1717 3014 1846 3071 Leo.

371 3107 512 3161 Ecce
542 3111 738 3161 autem
773 3104 1014 3174 praebito
1048 3102 1278 3174 publice
1308 3103 1569 3158 convivio

371 3195 663 3267 psittacus
689 3193 813 3248 avis
840 3192 1052 3263 loquax
1081 3196 1139 3247 et
1162 3191 1449 3246 imitatrix

376 3282 585 3340 Leonis
616 3282 771 3338 inter
798 3282 1001 3354 epulas
1034 3297 1245 3336 nomen
1281 3279 1455 3352 ccepit

375 3373 733 3444 ingeminare
765 3370 1142 3441 convivisque
1173 3371 1461 3441 expressit
1487 3370 1806 3440 lacrymas;

378 3464 477 3534 qui
513 3463 584 3518 ad
617 3478 809 3533 genua
838 3461 1061 3516 domini
1094 3459 1431 3530 ﬂagitanter
1462 3462 1627 3531 proni

376 3552 834 3609 reconciliarunt
865 3550 1117 3620 denique
1148 3548 1332 3602 lilium
1368 3552 1542 3620 patri,

375 3640 476 3711 qui
511 3639 685 3694 Leoni
720 3636 1063 3708 dignitatem
1092 3652 1227 3691 cum
1259 3637 1449 3708 gratia
1481 3635 1754 3694 reddidit.

376 3730 495 3784 Rex
525 3727 843 3799 aliquando
875 3743 1096 3782 venans
1125 3724 1184 3781 in
1217 3742 1453 3781 cervum
1487 3726 1696 3781 incidit

374 3818 586 3874 eximia
617 3816 1020 3886 magnitudine
1051 3815 1340 3885 celsisque
1371 3816 1669 3871 cornibus.

374 3924 543 3980 quem
582 3907 779 3961 statim
812 3906 1133 3959 instructus
1166 3904 1343 3959 armis
1373 3921 1551 3960 cursu
1583 3906 1843 3977 appetit;

366 4000 610 4067 jamque
640 3997 944 4051 occisurus
975 3998 1100 4048 erat
1125 3994 1278 4048 elato
1309 3993 1526 4065 gladio,

375 4104 510 4142 cum
543 4085 640 4141 ille
672 4091 874 4140 contra
901 4085 1130 4139 irruens
1160 4082 1385 4139 hostem
1420 4084 1695 4140 cornibus

377 4173 678 4230 sublatum
712 4173 771 4227 in
800 4173 958 4227 avios
990 4171 1149 4227 locos
1181 4172 1318 4241 fuga
1349 4170 1629 4241 abripuit.

377 4265 485 4318 Sed
517 4264 673 4318 enim
707 4277 903 4317 comes
925 4260 1162 4331 juvenis
1194 4266 1542 4331 praeverteris
1572 4277 1749 4317 cursu

380 4369 575 4424 regem
609 4351 849 4423 praeciso
882 4350 1113 4405 baltheo
1146 4349 1269 4404 neci
1304 4348 1557 4420 eripuit;

379 4442 482 4514 qui
513 4456 654 4496 sane
682 4440 981 4511 egregium
1013 4438 1294 4494 servatori
1327 4438 1633 4509 praemium

377 4531 650 4598 contulit,
685 4530 949 4585 abscisso
981 4530 1184 4600 capite.
1220 4528 1368 4583 Proh
1412 4527 1761 4597 iujustitiam
1796 4527 1808 4582 l

776 4646 908 4701 LEO
950 4644 1250 4701 SAPIENS
1288 4644 1405 4699 AN.
1446 4643 1618 4701 XXV.

373 4755 671 4811 Exstincto
702 4753 942 4821 Basilio,
974 4767 1282 4807 successor
1313 4751 1497 4805 haeres

375 4846 534 4900 ﬁlius
562 4844 795 4915 imperii
828 4842 1086 4896 habenas
1116 4841 1456 4895 tractandas
1483 4841 1637 4912 cepit

372 4939 486 4990 Leo
520 4934 832 4989 mundanae
864 4930 1163 5003 sapientiae
1196 4929 1420 4985 nullius
1450 4930 1690 4986 inscius.

376 5023 661 5097 quadriga
692 5023 1094 5078 doctrinarum
1128 5020 1396 5091 apprime
1427 5021 1734 5087 exercitus,

379 5130 594 5169 arcana
622 5113 943 5167 divinanda
972 5112 1299 5181 praesertim
1334 5113 1479 5177 arte,

379 5219 509 5274 quae
540 5203 604 5257 ﬁt
636 5200 1133 5258 incantationibus
1166 5215 1464 5270 cursuque
1494 5199 1779 5271 siderum,

379 5309 626 5365 quaeque
658 5291 861 5365 peritis
890 5292 1101 5344 cuncta
1131 5288 1329 5343 futura
1358 5288 1582 5359 pandit.

447 5436 559 5509 (39)
594 5437 855 5509 Profecto
896 5433 979 5488 rei
1005 5430 1395 5509 divinatoriae
1438 5428 1665 5509 artique
1700 5432 2021 5509 astrologo:

376 5501 505 5563 rum
538 5501 872 5564 vanissimas
908 5503 1057 5559 male
1085 5503 1321 5558 deditus
1372 5502 1482 5556 fuit
1529 5501 1668 5569 Leo;
1720 5503 1889 5573 cujus
1922 5501 2020 5561 —rei

374 5585 583 5636 testem
633 5595 726 5635 me
755 5579 948 5633 videre
998 5574 1240 5648 memini
1291 5575 1547 5627 codicem
1603 5575 2020 5648 perantiquum

372 5652 689 5724 insignem,
724 5648 1102 5724 c_Byzant_in-a
1133 5646 1266 5700 aula
1309 5652 1369 5699 ut
1405 5649 1548 5724 puto
1582 5646 2019 5724 profectum,_in

375 5718 1310 5795 quo'mendacisperniciosmque
1333 5718 1474 5774 artis
1504 5724 1796 5792 praecepta
1826 5720 2018 5794 copio-

1602 392 1974 447 EPHBJEHII
2007 391 2579 449 CHRONOGRAPHI

3704 410 3821 468 108

2065 521 2119 584 Α
2149 605 2209 609 μ
2324 514 2591 609 ίῌχθροὺς
2622 516 2839 609 ὗπῇρχε
2866 522 3150 593 κτιννύων,
3185 525 3406 604 εἵργων,
3437 533 3654 609 φλέγων

2145 605 2286 660 2585
2326 604 2427 660 Καὶ
2461 610 2608 681 σφῶν
2641 602 2834 670 πόλεις
2856 610 3128 695 ,ἅρπαγμα
3156 602 3327 679 τιθεῖς
3353 602 3649 695 τῷκράτει

2322 697 2468 747 Ναοῦ
2500 695 2705 771 Σοφίας
2726 704 2817 751 καί
2849 694 3073 769 δυτικήν
3107 702 3274 776 ἀψίδα

2322 783 2647 874 Χάλμνουσαν
2680 782 2789 856 ἤδη
2822 792 2902 859 τῷ
2935 790 3124 865 χρόνῳ
3153 798 3232 865 τῷ
3263 796 3544 874 παμφάγῳ

2321 869 2559 947 Ἦδρασε
2588 875 2745 949 χερσὶ
2776 884 3041 951 τεχνιτῶν
3076 869 3432 958 εὐμηχάνως·

2319 966 2485 1051 Ναοῖς
2512 983 2569 1017 τε
2597 962 2840 1027 πολλοῖς
2873 975 2975 1042 γῆς
2995 967 3184 1043 κλόνῳ
3205 977 3632 1051 τεθραυσμένοις

2139 1052 2281 1105 2590
2316 1051 2422 1118 Τήν
2457 1048 2683 1123 δυνατὴν
2716 1054 2969 1130 σύναρσιν
2998 1058 3179 1131 εἰσῇξε
3206 1063 3412 1138 σφίσιν·

2320 1139 2571 1203 Πολλούς
2598 1144 2646 1197 τ’
2675 1141 3014 1202 ἐπεσπάσατο
3045 1154 3155 1204 τῶν
3188 1150 3491 1227 Ἰουδαίων,

2316 1230 2459 1320 Πρὸς
2478 1232 2660 1320 πίστιν
2695 1231 2860 1308 ὀρθὴν
2899 1255 3206 1311 χρημάτων
3239 1244 3517 1320 συνεργίᾳ.

2316 1319 2423 1409 δαὶ
2453 1320 2584 1381 Ῥὼς
2617 1318 2763 1409 ἔθνος
2795 1325 2922 1398 πρὶν
2954 1318 3569 1409 κεκρατημένονήπλάνῃ

2313 1408 2530 1498 Χριστῷ
2559 1408 2882 1483 προσελθεῖν
2915 1410 3152 1479 εὐσεϐῶς
3179 1415 3379 1493 δράσας
3410 1408 3549 1498 ἕχειέ

2134 1496 2278 1550 2595
2319 1496 2549 1559 Σταλείς
2579 1499 2678 1572 γὰρ
2711 1499 2896 1565 αὐτοῖς
2926 1503 3233 1579 ἀρχιθύτης
3266 1513 3373 1564 τῶν
3406 1496 3544 1567 πάνυ

2311 1586 2533 1649 Ἔπειθε
2563 1587 2767 1651 πάντας
2798 1594 2876 1661 τῷ
2906 1594 3145 1666 Χριστοῦ
3176 1598 3463 1669 προσιέναι

2316 1674 2643 1750 Εὗαγγελίῳ
2672 1677 2762 1731 καὶ
2794 1680 3031 1752 Χριστόῦ
3058 1687 3387 1756 τεραστίοις.

2312 1763 2375 1815 Οἱ
2409 1759 2465 1815 δὲ
2494 1763 2630 1837 πρὸς
2663 1764 2827 1821 αὐτοῦ
2856 1768 3093 1826 κατιδεῖν
3122 1769 3288 1846 ᾔτουν
3318 1778 3477 1851 τέρας

2310 1852 2457 1926 Πρὸς
2487 1852 2665 1907 πίστιν
2696 1855 2770 1909 ὧν
2804 1854 3000 1933 ἔφασκε
3029 1862 3266 1937 Χριστοῦ
3298 1867 3608 1939 θαυμάτων·

2130 1939 2272 1993 2600
2310 1938 2637 2015 Εὗαγγέλων
2668 1947 2795 2016 γοῦν
2824 1945 3056 2002 πυκτίδα
3086 1951 3230 2013 θείαν
3264 1938 3447 2027 Λόγων

2310 2027 2621 2100 Εὐξαμένου
2649 2051 2708 2084 τε
2736 2035 2825 2087 καί
2853 2037 3025 2111 πυρὸς
3056 2038 3239 2103 θέντος
3275 2041 3437 2114 μέσον

2312 2116 2615 2209 ’ἰᾼφ-λεκτος
2648 2120 2801 2177 ὧπτο
2828 2128 2909 2196 τῷ
2937 2126 3065 2201 πυρῗ
3096 2132 3175 2200 τῷ
3204 2133 3511 2209 παμφάγω.

2311 2206 2378 2263 Οἱ
2411 2204 2457 2261 δ’
2480 2206 2845 2297 ἐκπλαγέντες
2868 2216 3241 2289 προπίθῖνται
3270 2204 3451 2297 Κυρίω

2312 2295 2698 2369 Βαπτίσματος
2732 2298 2880 2377 δὼρη
2893 2326 2968 2376 μα
2996 2295 3476 2383 προσδεδεγμένον

2132 2384 2274 2440 2605
2313 2384 2415 2440 Καὶ
2446 2383 2617 2440 παῖδα
2646 2387 2738 2442 τὸν
2768 2391 2971 2447 Λέοντα
3000 2397 3239 2458 πεισθεὶς
3264 2400 3492 2463 ἀτόποις

2312 2469 2736 2549 Σανταϐαρηνοῦ
2771 2480 3042 2553 βασκάνου
3074 2481 3461 2559 συμϐουλίαις,

2312 2561 2520 2633 Γόητος
2550 2562 2764 2641 ἀνδρὸς,
2800 2569 3019 2645 φυλακῇ
3058 2576 3401 2651 καθειργνύει

2310 2652 2411 2707 Καὶ
2445 2654 2576 2727 τάχ,
2610 2653 2668 2708 ἂν
2696 2652 2994 2714 ἀπέσϐεστο
3036 2658 3276 2737 λύχνους
3311 2665 3579 2740 ὀμμάτων

2308 2741 2369 2797 Ὁ
2400 2741 2666 2827 φίλτατος*
2684 2751 2813 2809 παῖς
2837 2748 2972 2823 πρὸς
3003 2749 3348 2829 φυτοσπὸρου
3378 2757 3549 2827 Λέων,

2128 2829 2271 2884 2610
2309 2829 2373 2883 Εἰ
2407 2831 2482 2901 μή
2516 2833 2867 2909 πατριάρχης
2897 2856 2955 2891 τε
2983 2838 3072 2892 καὶ
3103 2843 3363 2915 γερουσία

2308 2924 2495 2980 Λιταῖς
2526 2920 2775 2995 ἀπεῖρξαν
2810 2924 3124 2999 σκέμματας
3156 2930 3247 2984 τὸν
3284 2931 3503 3007 πατέρα·

2303 3008 2655 3097 Ἐμφρουρος
2687 3012 2753 3080 ἦν
2796 3013 2949 3085 ὅμως
2977 3013 3035 3070 δὲ
3069 3016 3275 3093 μακρὸν
3309 3020 3400 3076 τὸν
3431 3022 3652 3097 χρόνον*

2305 3097 2479 3168 Δήμῳ
2507 3094 2565 3151 δὲ
2593 3102 2782 3162 κοινῆς
2815 3101 3060 3176 ἡγμένης
3092 3106 3416 3174 πανδαισίας

2307 3185 2518 3254 Πτηνὸν
2552 3185 2802 3259 μιμηλὸν
2836 3193 3117 3263 ψιττακὸς,
3153 3200 3289 3263 ζῶον
3328 3197 3523 3271 λάλον,

2055 3252 2097 3322 C
2127 3274 2270 3330 2615
2310 3252 2466 3345 Λέο-ν,
2496 3252 2649 3343 Λέον,
2683 3252 2913 3352 κέκραγε
2944 3252 3196 3357 cnvivi);-
3226 3282 3279 3339 ἐν

2305 3362 2409 3419 Καὶ
2442 3364 2727 3429 συσσίτους
2758 3366 2995 3424 δείκνυσι
3026 3374 3261 3447 πλήρεις
3291 3372 3562 3452 δακρύων·

2307 3451 2838 3541 Καὶγπροσπεσὸντες
2864 3457 3113 3535 λιπαρῶς
3144 3467 3223 3534 τῷ
3249 3451 3485 3541 δεσπότῃ

2308 3540 2673 3610 Έξιλεοῦνται
2704 3549 2783 3615 τῷ
2804 3548 2968 3622 πατρὶ
2997 3549 3088 3603 τὸν
3116 3551 3253 3606 υἱέα·

2308 3629 2409 3686 Καὶ
2441 3628 2721 3720 σπένδεταί
2751 3635 2803 3688 οἱ
2833 3637 2922 3690 καὶ
2950 3636 3116 3693 πάλιν
3138 3640 3291 3714 νέμει
3322 3644 3542 3720 κράτος.

2128 3719 2270 3774 2620
2308 3723 2500 3793 Θηρῶν
2531 3719 2715 3800 ἐλάφῳ
2745 3724 3000 3799 βασιλεὺς
3032 3725 3351 3806 ἐντυγχάνει

2307 3810 2595 3887 Ὑπερφυεῖ
2624 3833 2682 3866 τε
2712 3814 2800 3868 καὶ
2832 3811 2955 3869 λίαν
2987 3819 3333 3896 κερασφόρὼ,

2308 3898 2425 3975 Ἐφ’
2457 3899 2513 3952 ὃν
2546 3902 2782 3975 ξιφήρης
2802 3903 3072 3961 κατέτεινε
3095 3908 3186 3961 τὸν
3220 3905 3452 3985 δρόμον,

2307 3986 2410 4042 Καὶ
2444 3988 2578 4064 φθὰς
2606 3988 2775 4064 ἐπῆρε
2803 3991 2865 4045 τὸ
2888 3994 3044 4070 ξίφος
3072 3995 3277 4068 πλῆξαι
3309 3998 3503 4063 θέλων.

2307 4076 2368 4132 Ὁ
2401 4072 2448 4129 δ’
2480 4076 2826 4155 ἀνθυποφθὰς
2856 4086 2974 4144 τοῖς
3002 4083 3188 4157 κέρασι
3231 4088 3433 4165 σφαγέα

2128 4165 2272 4220 2625
2309 4166 2475 4238 Ἄρας
2501 4166 2667 4239 ἀπῄει
2699 4168 2834 4223 κατὰ
2864 4166 3144 4229 δυσϐάτων
3173 4175 3383 4233 τόπων.

2310 4253 2409 4307 Καί
2434 4276 2516 4317 τις
2547 4254 2846 4331 προλαϐών
2878 4258 3322 4336 έξομαρτούντων
3354 4266 3487 4321 νέων

2309 4341 2494 4414 Ζώνην
2527 4346 2708 4418 τεμὼν
2742 4349 2947 4403 σέσωκε
2973 4350 3065 4406 τὸν
3103 4352 3351 4427 βασιλέα.

2308 4434 2409 4497 "Oc
2439 4437 2652 4509 σῶστρα
2682 4436 2825 4492 καλὰ
2855 4443 2930 4510 τῷ
2963 4440 3226 4497 σεσωκότι
3248 4441 3399 4516 νέμει

2309 4523 2501 4595 Τομήν
2534 4524 2801 4601 κεφαλῆς·
2836 4532 2932 4605 φεῦ
2963 4525 3123 4601 δίκης
3144 4538 3245 4601 τῆς
3273 4529 3465 4588 ἀδίκου
3491 4535 3504 4592 Ῐ

2530 4643 2714 4697 ΛΕΩΝ
2754 4643 2797 4700 Ο
2841 4646 3075 4702 ΣΟΦΟΣ
3118 4648 3232 4704 ΕΤ.
3275 4650 3396 4707 ΚΕ’.

2131 4746 2272 4802 2630
2314 4744 2606 4802 Βασιλείου
2633 4746 2690 4803 δὶ
2718 4750 2809 4805 τὸν
2843 4750 2959 4825 βίον
2991 4750 3319 4819 λελοιπότος

2313 4832 2583 4911 Διάδοχος
2615 4844 2744 4901 παῖς
2775 4838 3145 4897 ἀναδείκνυται
3176 4845 3408 4919 κράτους

2315 4925 2463 4980 Λέων
2498 4927 2689 5001 σοφίας
2713 4936 2986 5001 κοσμικῆς
3016 4933 3195 5002 πάσης
3225 4931 3389 5009 ἴδρις,

2057 1889 2101 1954 Β

2050 4612 2099 4677 D

2313 5016 2427 5083 Τῆς
2450 5015 2776 5090 τετρακτύος
2802 5022 2908 5072 τῶν
2942 5024 3121 5097 σοφῶν
3160 5035 3303 5095 μαθη
3317 5045 3524 5097 ματων,

2312 5104 2409 5158 Θαί
2440 5111 2704 5176 μαντικῆς
2734 5104 2902 5177 αὐτῆς
2936 5108 3254 5186 ἀπορρήτου
3284 5110 3454 5168 πλέον

2133 5195 2276 5250 2630
2312 5196 2418 5257 Τῆς
2450 5190 2518 5247 δι’
2552 5192 2775 5267 ἰπῳδῶν
2808 5198 2900 5251 καὶ
2931 5197 3143 5274 δρόμου
3172 5205 3279 5255 τῶν
3316 5203 3578 5279 ἀστέρων,

2314 5280 2553 5345 Μύσταις
2585 5281 2842 5357 διδούσης
2870 5288 2969 5357 τήν
3002 5288 3310 5366 πρόγνωσιν
3338 5294 3448 5347 τῶν
3479 5290 3627 5350 ὅλων

2136 5426 2371 5483 sissime
2426 5429 2751 5486 tradantur.
2800 5435 2876 5487 Ex
2925 5447 2991 5488 eo
3042 5434 3326 5490 nimirum
3384 5435 3585 5492 codice
3636 5438 3797 5496 frac-

2135 5504 2337 5579 me‘nta
2375 5499 2487 5556 tria
2528 5501 2746 5557 Juliani
2793 5504 3177 5579 Laodicensis
3221 5522 3413 5579 nuper
3459 5523 3565 5579 ego
3608 5499 3795 5573 edidi.

2133 5570 2703 5714 Igpéasqufoquetsunt
2723 5574 2981 5646 oracula,
3006 5593 3138 5650 quae
3160 5570 3373 5636 Leonis
3403 5570 3549 5653 imp.
3573 5570 3795 5645 nomen

2398 5661 2541 5700 erun
2579 5687 2590 5700 .

2398 5661 2590 5700 erunt.
