4140 6404
372 396 481 455 109

544 519 733 576 Τᾶλλα
767 522 863 597 μὲν
899 523 1058 588 οὗτος
1089 519 1316 593 εὐσεϐὴς
1343 524 1433 595 ἦν,
1467 523 1774 601 ὀρθόφρων,

551 612 764 667 Κοινῶν
794 632 853 667 τε
885 610 1159 683 διοίκησιν
1186 613 1323 688 ἧγεν
1356 613 1434 670 ὡς
1466 609 1605 667 δέοψ

550 699 897 777 Τετραγαμίᾳ
927 698 976 755 δ’
1004 701 1313 776 ὡμιληκὼς
1344 700 1585 777 συζύγων

363 792 514 846 2640
551 790 648 844 Καὶ
682 790 819 864 πρὸς
849 790 1038 863 νόμων
1071 789 1306 863 κώλυμα
1339 793 1415 863 μὴ
1450 792 1628 869 φέρειν
1662 790 1836 864 λέγων

548 875 830 952 Κυδοιμὸν
864 879 1106 950 ἐντίθησι
1136 878 1469 956 προστάταις
1494 878 1703 952 νόμων’

548 967 651 1023 Καὶ
683 966 1074 1043 ποιμενάρχην
1107 966 1366 1037 ἐνστάτην
1399 964 1739 1041 δεδειγμένον

546 1054 797 1129 Ποίμνης
836 1055 1029 1111 έλαύνε
1058 1058 1381 1133 καταγαγὼν
1413 1060 1509 1110 τοῦ
1540 1054 1754 1132 θρόνου.

548 1146 779 1219 Πρώτην
813 1142 871 1201 δὲ
898 1167 1078 1218 τιμων
1098 1146 1339 1222 συξύγων
1378 1143 1634 1221 βασιλίδα

360 1236 510 1290 2645
545 1236 660 1303 Τὴν
698 1236 1037 1309 μακαριστήν
1071 1237 1328 1313 Θεοφανὼ
1357 1237 1456 1304 τὴν
1490 1236 1631 1289 πάνυ

546 1326 822 1399 Ἀγχιστα
849 1328 980 1379 ναοῦ
1009 1325 1265 1401 κηρύκων
1300 1322 1623 1380 ἀποστόλων
1658 1324 1770 1398 (40)

547 1414 698 1472 Νιὼν
732 1413 921 1484 ἀνιστᾷ
947 1411 1082 1488 τῇδε
1108 1418 1217 1468 τῶν
1252 1413 1519 1486 ἐξαισίων,

541 1503 626 1558 Ἐν
658 1503 704 1574 ᾦ
735 1504 895 1578 σορὸν
925 1503 1141 1573 τίθησιν
1172 1503 1340 1573 αὐτῆς
1374 1502 1669 1577 λειψάνων.

539 1590 644 1647 Καὶ
678 1590 845 1646 πάλιν
877 1589 1052 1647 ἄλλον
1084 1592 1325 1655 καινίσας
1357 1598 1499 1657 θεῖον
1535 1590 1706 1663 δόμον

352 1682 504 1737 2650
539 1681 773 1756 Χριστοῦ
805 1680 961 1736 οάλιν
995 1686 1119 1753 ζωῷ
1145 1703 1206 1756 γε
1235 1683 1468 1756 Ααζάρῳ
1499 1680 1647 1759 φίλῳ

541 1770 630 1826 Ἐν
660 1766 793 1841 τῷδ’
822 1768 1149 1846 έθησαύρισε
1178 1771 1434 1825 κάκείνου
1470 1771 1661 1843 ὁέμας,

545 1858 641 1913 Καὶ
675 1855 1050 1934 Μαγδαληνῆς
1080 1858 1288 1935 Μαρίας
1312 1866 1412 1929 τῆς
1444 1854 1659 1921 ὀλϐίας.

541 1946 685 2020 Πρὸς
711 1944 885 2001 τοῖσδ’
915 1948 1105 2018 ἀνιστᾷ
1134 1949 1225 2003 καὶ
1262 1949 1435 2022 μονὴν
1471 1945 1855 2017 Κωνσταντίνῳ

542 2036 632 2091 Ἐν
662 2040 781 2098 ταῖς
808 2042 1052 2100 νοσσιαῖς
1081 2042 1163 2110 τῷ
1195 2037 1509 2114 Παφλαγόνι
1540 2037 1693 2113 γένος

353 2128 502 2183 2655
540 2126 640 2182 Καὶ
666 2125 955 2203 θηλυδρίᾳ,
982 2127 1132 2199 πλὴν
1167 2127 1212 2183 δ’
1241 2130 1396 2202 ὅμως
1428 2127 1770 2203 πεφιλμένῳ,

538 2218 635 2274 ’Όν
664 2216 958 2289 ἀποκείρας
990 2222 1210 2293 πρῶτον
1248 2218 1327 2281 εἴς
1363 2216 1690 2294 ῥακενδύτην

536 2304 739 2381 Αόγοις
762 2306 1068 2381 προαχθεὶς
1098 2309 1334 2379 Bap.va
1357 2312 1473 2368 τοῖς
1508 2305 1821 2381 βασκάνοιςο

537 2395 649 2449 Εἶτ’
682 2393 912 2459 ἐκδύσας
942 2397 1120 2474 ἄμφια
1144 2396 1213 2451 τὰ
1245 2398 1604 2473 μονοτρόπων

536 2483 715 2554 "Asta,
744 2489 881 2557 τιμᾷ
911 2490 1007 2539 τοῦ
1038 2486 1566 2558 παρακοιμωμένου,

350 2575 501 2630 2660
540 2574 608 2652 ᾯ
632 2573 723 2627 καὶ
758 2574 931 2645 μονὴν
962 2571 1154 2649 ἤγειρε
1180 2576 1278 2644 τὴν
1315 2574 1431 2649 εἷρη
1446 2573 1635 2646 μένην.

536 2663 643 2717 Τὸν
678 2660 721 2715 δ’
754 2661 806 2716 ἐν
834 2665 941 2734 νεῷ
978 2661 1256 2738 μάρτυρος
1288 2658 1416 2717 ὄντα
1449 2662 1697 2731 Μωκίου,

536 2751 775 2805 Ἐστῶτα
804 2749 851 2806 δ’
878 2753 1054 2828 ἀγχοῦ
1075 2749 1357 2828 κιγκλίδος
1389 2750 1539 2807 θείου
1565 2748 1762 2825 δόμοῦ,

541 2839 881 2918 Δορυφορίας
917 2839 1212 2915 βασιλικῆς
1241 2840 1493 2917 ἠγμένης

538 2930 685 2985 Κατά
712 2929 880 3003 κάρας
913 2928 1144 3002 ἕπληξεν
1177 2932 1314 3007 ἀνήρ
1341 2952 1426 2993 τις
1465 2931 1703 3006 βάκτρῳ·

348 3022 499 3077 2665
536 3019 643 3075 Καὶ
671 3022 799 3095 τάχ’
828 3018 888 3074 ἂν
918 3021 1087 3089 αὐτὴν
1122 3021 1433 3095 συνέτριψεν
1466 3019 1738 3094 ἐσχάτως,

534 3108 597 3165 El
623 3109 699 3182 μὴ
731 3108 1105 3185 προσαῤῥάξαν
1136 3131 1196 3184 γε
1231 3111 1461 3185 βάκτρον
1496 3108 1699 3183 λυχνίᾳ

534 3198 614 3256 Τὸ
644 3196 902 3253 πλεῖστον
932 3198 1189 3275 ἀφῄρητο
1227 3198 1407 3273 βιαίας
1441 3198 1643 3275 ῥύμης

544 3288 615 3345 ’Ὁ
646 3282 854 3360 συμϐὰν
890 3287 1171 3363 εἰργάσατο
1204 3290 1362 3363 θροῦν
1391 3292 1508 3350 τοῖς
1543 3286 1593 3342 ἐν
1624 3287 1791 3341 τέλει·

542 3378 874 3451 Προήγορος
900 3374 958 3431 δὲ
985 3376 1083 3431 κάν
1121 3376 1488 3451 μονοτρόποις
1524 3378 1687 3452 μέγας

342 3468 495 3523 2670
533 3464 755 3537 Μάρκος
785 3466 975 3541 παρὼν
1007 3462 1169 3543 ἔφησε
1206 3470 1285 3538 τῷ
1317 3467 1668 3543 στεφηφόρῳ*

531 3556 595 3613 Ὁ
627 3557 927 3634 συνυφήνας
957 3557 1038 3628 τῷ
1067 3555 1290 3632 μεγάλῳ
1322 3551 1590 3628 Σαϐϐάτῳ

535 3642 719 3708 Μέλος
752 3642 1084 3720 τετραῴδιον
1113 3645 1509 3720 εὐφυεστάτως,

534 3735 632 3791 Ἐκ
658 3739 755 3790 τοῦ
784 3734 1059 3809 παρόντος
1091 3734 1146 3798 ές
1174 3733 1329 3789 νέωτ’
1355 3733 1662 3811 ἀραρότως,

538 3822 768 3879 Δέκατον
800 3821 999 3899 ἄρξων,
1036 3822 1283 3899 βασιλεῦ,
1318 3820 1424 3888 ἴσθι
1460 3823 1684 3897 χρόνονο

342 3915 499 3972 2675
537 3910 636 3968 Kal
666 3910 972 3987 σύνδρομον
1003 3913 1218 3989 γένοιτο
1247 3909 1481 3987 τοῦργον
1508 3915 1587 3983 τῷ
1618 3910 1793 3985 λόγῳ.

425 4002 892 4059 ΛΔΕΞΑΝΔΡΟΣ
926 4007 966 4056 Ο
996 4003 1327 4059 ΑΔΕΛΦΟΣ
1365 4002 1593 4059 ΑΥΤΟΥ
1622 4001 1804 4057 ΜΒΝ.
1832 3999 1935 4054 1Γ’.

539 4106 769 4170 Λέοντος
795 4108 975 4185 ἀρχὴν
1010 4108 1100 4163 καὶ
1136 4106 1253 4185 βίον
1288 4105 1674 4177 λελοιπόντος,

532 4199 821 4271 ’Ὁμαιμος
853 4195 1210 4272 Ἀλέξανδρος
1245 4193 1374 4272 ἔσχε
1400 4199 1464 4252 τὸ
1499 4198 1723 4270 κράτος,

535 4288 700 4364 Ἀνὴρ
727 4286 993 4363 ἀσελγὴς,
1017 4285 1304 4361 ἐκδεδίῃτη
1317 4288 1502 4361 μένος,

536 4376 773 4451 ’Δθυρμ’
799 4376 1042 4451 ἐρώτων,
1075 4376 1369 4439 ἀκολασίας
1402 4376 1590 4453 φίλος,

341 4467 496 4523 2680
536 4465 783 4538 Κώμοις,
822 4467 1014 4538 μέθαις
1046 4465 1317 4541 χαίρουσα
1352 4462 1635 4541 χοιρώδης
1667 4463 1845 4543 φύσις,

536 4556 757 4623 Ῥέκτης
786 4555 1030 4630 κρυφίων
1060 4553 1389 4634 Ἀφροδίτης
1423 4555 1641 4632 ὀργίων,

542 4644 812 4713 Φαύλοις,
834 4644 1113 4721 ἀγύρταις,
1143 4642 1397 4719 ἀνδράσιν
1431 4643 1787 4720 εὐτραπέλοις

535 4729 1013 4811 Τριωϐολιμαίοις
1040 4755 1100 4790 τε
1126 4734 1393 4809 χειρίζωγ
1430 4732 1647 4807 κράτος

538 4827 729 4886 ’Ὀστις
758 4825 1163 4900 κατωρχήσατο
1192 4829 1296 4892 τῆς
1324 4822 1661 4896 κραταρχίας

346 4916 502 4973 2685
536 4915 636 4975 ⁶Ως
665 4913 928 4988 συγγόνου
958 4910 1266 4988 πρόρῤησις
1293 4907 1348 4966 ἓν
1381 4914 1432 4987 γ’
1464 4909 1584 4973 ἔτος
1619 4910 1808 4984 μόνον,

543 5004 738 5074 Μηνας
770 5000 1048 5078 δεκατρεῖς
1081 4999 1544 5076 δυστυχεστάτους
1574 5002 1780 5076 φέρων.

350 5093 923 5152 ΚΩΝΣΤᾹΝΤΙΝΟΣ
977 5093 1021 5148 Ο
1076 5093 1235 5148 ΥΙΟΣ
1296 5093 1626 5148 ΛΕΟΝΤΟΣ
1681 5096 1721 5144 Ο
1765 5092 2017 5146 ΗΟΡΦΥ-

426 5182 905 5240 ΡΟΓΕΝΝΗΤΟΣ
995 5182 1131 5239 ΣΥΝ
1219 5183 1312 5258 Τῼ
1390 5182 1712 5257 ΠΕΝΘΕΡῼ
1796 5181 2020 5236 ΑΥΤΟΥ

479 5273 778 5348 ΡΩΜΑΝῼ
816 5276 900 5349 Τῼ
939 5272 1352 5347 ΛΑΚΑΠΗΝῼ.
1392 5272 1587 5328 ΟΜΟΥ
1624 5272 1737 5327 ΕΤ.
1779 5272 1889 5339 Κζ’.

534 5380 750 5435 Τοῦτου
777 5378 1253 5454 καταστρέψαντος
1285 5376 1530 5454 αἷ¹ςχρῶς
1559 5378 1650 5432 τὸν
1689 5376 1804 5452 βίον

574 5532 1236 5618 Loc‘utioneni'nantz‘us
1268 5531 1753 5618 iupos'tolusanuaa
1813 5535 1903 5618 est
1963 5531 2019 5586 in

348 5602 617 5663 editiOne
658 5604 900 5660 Eusebii
940 5602 1438 5670 Meridionale’nsi,
1473 5621 1531 5675 p.
1563 5603 1655 5670 70,
1706 5603 2017 5675 reprehen-

346 5679 438 5735 dit
470 5681 538 5734 ut
568 5675 1004 5745 incredibilem,
1037 5674 1552 5747 abjiciendamque
1593 5674 1913 5747 judicavit,
1959 5676 2019 5730 in

342 5750 477 5809 suis
508 5746 1132 5815 animadversionibns
1182 5749 1387 5805 doctus
1416 5746 1663 5820 quidam
1693 5748 1783 5805 vir
1810 5746 2017 5805 Italus.

1904 395 2271 451 CBBABES.

3687 414 3793 472 110

2049 521 2104 587 Α
2136 520 2239 576 Hic
2268 524 2623 595 caateroquin
2645 526 2780 597 pius
2810 531 2867 583 et
2896 529 3258 589 orthodoxus

2138 624 2259 664 rem
2293 611 2584 683 dirigebat
2615 632 2777 686 thIJO
2800 619 2937 688 jure
2959 619 3289 691 publicam;

2139 699 2240 753 sed
2271 703 2468 756 tamen
2502 705 2729 774 quartis
2759 707 3071 765 celebratis
3102 711 3349 782 nuptiis.

2138 807 2242 846 nec
2273 791 2470 863 legum
2502 794 2610 855 hac
2642 796 2700 851 in
2735 804 2898 868 parte
2929 800 3162 856 frenum
3196 801 3445 872 patiens,

2136 883 2395 936 tumultu
2420 887 2779 954 perturbavit
2802 890 3075 944 custodes
3093 890 3285 960 juris;

2135 971 2193 1022 et
2224 970 2618 1038 patriarcham
2647 975 3053 1031 adversantem
3087 978 3203 1034 sibi

2135 1074 2305 1130 grege
2337 1061 2541 1131 procul
2574 1063 2800 1134 pepulit
2830 1066 3158 1121 detractum
3190 1067 3425 1124 throno.

2136 1146 2286 1202 Tum
2320 1152 2384 1203 ut
2411 1166 2581 1205 suam
2607 1151 2857 1221 primam
2889 1156 3202 1227 conjugem
3236 1158 3505 1227 reginam

2133 1237 2627 1309 Theophanonem
2666 1247 2961 1300 mortuam
2994 1246 3329 1316 honoraret,

2134 1326 2379 1383 delubro
2410 1330 2739 1400 proximam
2774 1334 3175 1405 apostolorum

2133 1417 2313 1472 eadem
2350 1418 2486 1474 huic
2518 1422 2808 1477 exstruxit
2839 1422 3096 1495 ingentis
3131 1425 3303 1482 molis

2132 1504 2329 1575 ibique
2351 1507 2628 1580 reliquias
2652 1511 2782 1582 ejus
2803 1512 2861 1566 in
2881 1529 3016 1569 arca
3045 1515 3265 1585 posuit.

2131 1594 2477 1669 Rursusque
2504 1599 2677 1655 aliam
2706 1601 3046 1658 instaurans
3067 1619 3297 1660 sacram
3328 1605 3531 1662 eadem.

2132 1683 2319 1740 amico
2348 1685 2565 1743 Christi
2596 1690 2851 1747 redivivo
2881 1692 3117 1760 Lazaro,

2129 1771 2350 1829 ibidem
2383 1790 2597 1847 corpus
2632 1778 2762 1849 ejus
2802 1779 3017 1836 clausit
3045 1780 3261 1852 loculo,
3347 1826 3353 1840 .

2046 1886 2094 1952 Β
2128 1877 2234 1918 nec
2263 1879 2377 1919 non
2410 1864 2597 1922 beaten
2627 1868 2979 1938 Magdalenae
3011 1871 3228 1927 Mariae.

2042 3256 2084 3323 C

2122 1953 2461 2009 Cosnobium
2494 1955 2739 2029 insuper
2770 1960 2988 2015 struxit
3016 1962 3407 2017 Constantino

2123 2041 2483 2115 Paphlagoni
2517 2045 2576 2101 in
2609 2062 2675 2103 eo
2703 2048 2830 2104 loco
2857 2050 2955 2119 qui
2987 2050 3175 2106 Nidus
3216 2051 3454 2122 dicitur,

2124 2132 2285 2203 turpi
2306 2133 2452 2203 viro,
2480 2136 2579 2190 sed
2602 2139 2797 2192 tamen
2816 2137 3028 2194 dilecto
3060 2138 3173 2194 sibi
3200 2157 3215 2209 ;

2125 2235 2297 2289 quem
2322 2239 2489 2279 coma
2515 2226 2879 2295 tonsajussit
2902 2242 3034 2283 esse
3056 2228 3414 2285 monachum

2123 2310 2317 2365 verbis
2348 2310 2668 2369 instinctus
2699 2316 2968 2372 Samonaa
3001 2316 3319 2373 invidentis
3354 2334 3368 2375 :

2125 2402 2327 2467 postea
2349 2399 2611 2457 detracta
2643 2404 2973 2460 monachali
3004 2409 3163 2460 veste

2124 2485 2469 2542 cubicularii
2499 2488 2720 2546 honore
2751 2493 3160 2548 condecoravit

2122 2572 2291 2631 illum
2325 2576 2417 2631 cui
2450 2583 2898 2651 monasterium,
2922 2585 2987 2637 ut
3016 2582 3157 2653 dixi,
3191 2586 3505 2639 struxerat.

2122 2664 2264 2719 Exin
2297 2665 2711 2738 imperatorem
2736 2669 2794 2724 in
2827 2670 3045 2741 templo
3076 2672 3352 2741 martyris

2118 2753 2287 2809 Mocil
2315 2761 2671 2822 versantem,
2706 2758 2844 2813 dum
2876 2759 3018 2831 regii
3052 2759 3329 2816 satellites

2119 2843 2394 2899 cancellis
2426 2845 2889 2917 propinquarent
2918 2848 3127 2903 divinae
3162 2850 3393 2917 domus,

2120 2932 2316 2988 nescio
2348 2934 2483 3004 quis
2516 2934 2671 2991 fuste
2692 2938 2987 3007 percussit
3016 2936 3076 2992 in
3107 2938 3326 3009 capite;

2119 3023 2272 3092 quod
2305 3023 2539 3093 quidem
2573 3023 2659 3079 illi
2693 3042 2936 3096 prorsus
2968 3028 3375 3099 confregisset,

2117 3111 2230 3165 nisi
2258 3112 2533 3182 pendenti
2564 3112 2775 3185 lychno
2805 3113 2997 3171 illisus
3028 3116 3202 3171 fustis

2116 3200 2371 3256 multum
2403 3202 2474 3256 de
2505 3200 2561 3256 vi
2593 3201 2792 3258 lethali
2826 3205 3197 3275 perdidisset.

2118 3292 2307 3362 Atque
2337 3290 2393 3345 id
2428 3306 2696 3361 proceres
2729 3292 2896 3348 valde
2926 3294 3183 3349 turbavit
3216 3294 3464 3353 facinus.

2121 3379 2418 3435 Fatidicus
2439 3384 2638 3436 autem
2671 3386 2728 3437 et
2757 3380 2953 3437 clarus
2985 3382 3139 3438 inter
3168 3384 3486 3441 monachos

2121 3471 2371 3537 Marcus,
2402 3468 2501 3538 qui
2534 3468 2739 3539 panxit
2770 3486 3005 3525 carmen
3037 3472 3395 3528 tetraodium

2120 3556 2360 3612 Sabbati
2393 3559 2591 3629 magni
2622 3564 2972 3630 pervenusto
3006 3571 3214 3630 metro,

2120 3645 2267 3701 forte
2294 3646 2373 3701 ibi
2408 3664 2665 3719 praesens
2686 3665 2885 3721 regem
2919 3649 3002 3705 sic
3034 3656 3124 3707 est
3153 3653 3363 3709 affatus
3400 3669 3414 3708 :

2118 3735 2401 3807 Tempore
2428 3753 2497 3792 ex
2527 3737 2634 3793 hoc
2665 3745 2887 3794 certum
2918 3744 2975 3795 te
3004 3756 3132 3796 esse
3163 3741 3311 3798 volo.

2119 3825 2318 3881 decem
2343 3826 2535 3881 adhuc
2565 3844 2751 3883 annos
2780 3828 2900 3884 fore
2930 3834 3314 3901 regnaturum
3351 3847 3364 3886 :

2120 3914 2349 3985 fuitque
2377 3915 2571 3971 verbis
2604 3933 2808 3988 reapse
2839 3922 3083 3974 eventus
3114 3936 3430 3976 consonus.

2083 4019 2103 4031 ‘
2190 4005 2628 4060 ALEXANDER
2666 4006 2925 4063 LEONIS
2967 4008 3251 4064 FRATER
3289 4009 3510 4065 MENS.
3545 4009 3693 4066 XIII.

2120 4110 2308 4166 Leone
2336 4112 2638 4166 deserente
2667 4127 2801 4166 cum
2825 4112 2941 4168 vita
2970 4112 3313 4184 imperium,

2119 4200 2298 4256 frater
2324 4199 2581 4255 obtinuit
2613 4204 2910 4272 sceptrum
2943 4202 3291 4271 Alexander,

2117 4289 2206 4344 vir
2236 4288 2574 4361 impudicus
2605 4289 2967 4361 perditisque
2996 4290 3281 4358 moribus,

2121 4394 2325 4434 servus
2355 4377 2690 4447 libidinum,
2724 4379 3165 4435 incontinentiae
3196 4381 3452 4448 deditus,

2122 4472 2504 4532 comessator,
2537 4467 2826 4536 ebriosus,
2858 4468 3161 4541 ingenium
3194 4471 3462 4535 brutum,

2124 4561 2297 4627 atque
2327 4572 2676 4613 arcanorum
2712 4557 2948 4614 Veneris
2979 4560 3279 4630 orgiorum
3304 4560 3549 4617 assecla.

2048 4621 2093 4686 D
2127 4647 2418 4718 [mprobis
2459 4647 2553 4703 hic
2583 4647 2805 4702 scurris
2835 4646 3321 4705 circumforaneis

2125 4735 2459 4808 vilibusque
2491 4752 2611 4791 rem
2645 4736 2962 4807 gerendam
2997 4738 3266 4792 tradebat
3297 4737 3622 4809 publicam.

2126 4826 2232 4890 Qui
2262 4830 2575 4897 postquam
2598 4824 2657 4878 in
2690 4824 2937 4895 imperio
2971 4826 3365 4881 debacchatus
3395 4830 3484 4882 est

2127 4931 2302 4983 anno,
2335 4920 2400 4970 ut
2430 4916 2610 4969 frater
2634 4914 3002 4985 praedixerat,
3037 4914 3192 4969 haud
3226 4914 3361 4987 plus
3393 4932 3535 4986 uno,

2128 5020 2331 5060 mense
2363 5003 2573 5059 misere
2596 5003 2823 5059 interiit
2847 5004 3022 5058 tertio
3054 5004 3301 5060 decimo.

2127 5091 2674 5149 CONSTANTINUS
2726 5093 2978 5147 LEONIS
3033 5093 3315 5148 FRATER
3366 5093 3779 5151 PORPHYRO-

2200 5179 2503 5236 GENITUS
2550 5179 2695 5236 CUM
2736 5179 3009 5234 SOGERO
3059 5180 3189 5235 SUO
3231 5180 3542 5239 ROMANO
3581 5184 3784 5236 LACA-

2204 5269 2389 5327 ΡΕΝΟ
2428 5269 2597 5326 ΔΝΝ.
2639 5268 2839 5325 XXVI.

2132 5375 2241 5432 Ubi
2270 5374 2598 5433 Alexander
2628 5372 2879 5446 turpiter
2898 5372 3076 5429 vitam
3112 5372 3348 5443 clausit,

2130 5530 2242 5586 Sed
2273 5544 2406 5585 ecce
2464 5526 2573 5583 tibi
2627 5524 2797 5599 κήρυξ
2850 5523 3160 5587 απόστολος
3216 5526 3452 5599 nuntius
3509 5528 3788 5599 apostolus

2131 5602 2287 5673 apud
2318 5598 2745 5673 Ephraemium.
2779 5600 2967 5673 Quare
3018 5599 3103 5653 sic
3138 5614 3357 5673 reapse
3388 5598 3618 5673 legerat
3646 5600 3787 5657 olim

2129 5670 2422 5747 interpres
2452 5672 2759 5728 Armenius
2790 5671 2967 5727 etiam
3000 5672 3155 5743 apud
3186 5670 3534 5727 Eusebium.
