4140 6404
1622 380 1998 440 EPHRBMII
2034 374 2607 435 CHRONOGBAPHI

2088 508 2144 573 Α

408 393 513 451 Mi

413 514 842 574 Constantinus
876 530 1148 586 purpurae
1178 528 1418 585 germen
1451 511 1709 583 primum

415 606 620 663 Leonis
654 604 813 660 ﬁlius
844 603 1160 676 imperium
1194 601 1469 667 obtinuit,

414 700 636 751 astatem
668 710 912 765 prorsus
942 698 1204 748 teneram
1240 690 1429 746 adhuc
1462 690 1698 760 degens.

421 787 565 841 Dum
597 785 645 839 is
680 800 813 838 cum
849 786 1035 837 matre
1062 782 1142 837 rei
1173 780 1513 853 praesideret
1541 775 1807 848 publicae,

423 876 725 930 Romanus
751 873 995 944 quidam
1032 872 1370 941 Lacapenus
1404 869 1613 940 patria,

417 964 534 1018 dux
564 962 925 1018 exercituum
960 976 1203 1015 munere
1234 956 1617 1029 drungarius,

417 1051 627 1108 fefellit
660 1066 840 1123 puero
872 1048 1169 1121 regnatori
1201 1048 1397 1103 ﬁdem.

418 1146 551 1198 Mox
582 1141 653 1195 ad
689 1138 850 1211 regni
874 1139 1210 1194 societatem
1245 1136 1541 1192 admissus
1575 1131 1687 1187 fuit

422 1247 536 1286 non
568 1229 696 1285 sine
725 1228 886 1301 gravi
910 1227 1299 1297 jurejurando
1329 1229 1614 1295 pactoque
1642 1219 1788 1275 inito

422 1320 543 1375 fore
574 1323 640 1373 ut
678 1321 1066 1385 conregnaret
1096 1331 1228 1371 cum
1265 1329 1399 1385 rege
1431 1326 1633 1382 puero,

422 1407 776 1480 imperiique
798 1412 855 1462 et
885 1406 1052 1477 pueri
1086 1402 1264 1459 simul
1307 1400 1552 1458 tutelam
1579 1400 1824 1470 gereret,

424 1504 602 1569 atque
633 1496 773 1552 huic
806 1495 1165 1550 incolumem
1198 1495 1459 1547 servaret
1489 1490 1861 1560 potentatum

420 1588 592 1657 cujus
622 1602 826 1655 reapse
857 1584 1147 1639 haeredem
1182 1586 1345 1653 pater
1376 1580 1606 1634 fecerat.

420 1676 530 1731 Sed
565 1692 679 1730 non
713 1673 966 1729 servavit
997 1672 1333 1743 Lacapenus
1368 1669 1578 1723 foedera
1612 1684 1624 1721 :

422 1763 563 1834 quin
600 1764 741 1818 adeo
775 1761 925 1817 filios
956 1765 1075 1817 tres
1107 1758 1433 1831 designavit
1462 1759 1715 1813 Caesares
1744 1771 1758 1822 ;

423 1852 659 1924 sibique
690 1851 1011 1906 vindicavit
1042 1850 1408 1920 publicarum
1443 1862 1643 1901 rerum

423 1958 625 1997 curam
660 1942 994 1997 universam
1030 1939 1380 2010 imperiique
1409 1936 1693 2007 regimen.

426 2033 661 2086 Interim
696 2034 892 2085 tamen
926 2028 1345 2083 Constantinus
1377 2039 1611 2095 quoque

422 2136 556 2174 cum
589 2136 728 2175 sene
756 2120 999 2190 ejusque
1030 2117 1231 2173 liberis
1263 2114 1609 2186 imperabat.

422 2211 612 2281 Atque
635 2209 712 2263 ita
736 2212 973 2278 tempus
1003 2206 1233 2278 lapsum
1264 2210 1355 2260 est
1384 2202 1719 2268 diutinum;

434 2298 717 2353 nimirum
745 2297 950 2369 viginti
981 2302 1039 2351 et
1068 2312 1168 2351 sex
1200 2295 1495 2349 ﬂuxerunt
1524 2290 1686 2346 anni.

2354 500 2755 558 Κωνσταντῖνος
2788 493 3082 571 βλάστημα
3111 498 3329 570 πρῶτος
3367 494 3651 573 πορφύρας

2352 584 2583 647 Λέοντος
2618 584 2737 646 υἱὸς
2767 579 3187 660 παραλαμϐάνει
3218 585 3419 659 κράτος

2171 679 2316 733 2690
2356 678 2487 738 Νέος
2516 673 2724 749 κομιδῆ
2753 677 3041 751 τυγχάνων
3073 673 3319 743 ἡλικίαν.

2353 766 2458 821 Σὺν
2497 765 2665 840 μητρὶ
2697 762 2937 820 διέποντι
2966 762 3107 836 τῷδε
3132 765 3196 818 τὸ
3225 763 3422 838 κράτος

2354 854 2630 931 Ἐπιφυείς
2658 856 2933 927 Ῥωμανὸς
2966 853 3027 909 έκ
3055 854 3316 924 Δακάπης

2356 942 2548 999 Πέλων
2582 943 2902 1019 στολάρχης
2936 941 3296 1019 δρουγγάριος
3326 942 3500 1016 ἀξίαν,

2355 1033 2727 1103 Ἀπεστάτησε
2756 1037 2853 1087 τοῦ
2879 1033 3003 1087 νέου
3037 1032 3381 1111 στεφηφόρου
3414 1051 3428 1066 ⁸

2173 1123 2317 1178 2695
2352 1123 2579 1195 Ὅρκοις
2614 1120 2932 1199 φρικαλέοις
2963 1118 3019 1175 δὲ
3044 1122 3334 1191 συνθήκαις
3367 1123 3413 1185 θ’
3445 1123 3559 1197 ἅμα

2353 1210 2450 1275 Εἷς
2481 1209 2760 1286 βασιλείας
2792 1207 3151 1285 προσδεχθεὶς
3180 1209 3495 1284 κοινωνίαν,

2353 1300 2441 1361 Ὠς
2470 1298 2766 1373 συνανάσσῃ
2789 1299 2870 1370 τῷ
2899 1300 3005 1370 νέῳ
3027 1298 3376 1376 στεφηφόρῳ,

2356 1388 2462 1443 Καὶ
2493 1386 2750 1461 κηδεμὼν
2783 1388 2819 1462 ᾗ
2847 1392 2944 1442 τοῦ
2976 1389 3098 1442 νέου
3125 1387 3215 1443 καὶ
3245 1392 3343 1443 τοῦ
3371 1390 3627 1465 κράτους,

2358 1476 2463 1533 Καὶ
2493 1475 2636 1549 τῷδε
2665 1479 2894 1550 τηρήσει
2925 1476 3261 1552 κραταρχίαν

2177 1568 2319 1622 2700
2358 1566 2442 1628 Ὠς
2477 1564 2686 1640 κλῆρον
2715 1563 2886 1628 ὅντως
2914 1566 3179 1639 πατρόθεν
3214 1564 3523 1642 δεδεγμένῳ
3551 1586 3564 1600 ·

2358 1655 2435 1711 Οὐ
2465 1654 2621 1709 πάντ’
2651 1653 2951 1732 ἐφυλάξατο
2979 1660 3087 1711 τῶν
3122 1659 3512 1730 συγκειμένων,

2357 1742 2516 1801 Ἀλλ’
2546 1744 2694 1806 υἱέας
2722 1750 2869 1819 τρεῖς
2900 1743 2980 1807 εἷς
3015 1745 3274 1821 βασιλέας
3306 1746 3509 1821 στέφει,

2358 1832 2520 1905 Αὐτῷ
2551 1833 2913 1909 ἀπεκλήρωσε
2942 1838 3142 1889 κοινῶν
3173 1834 3512 1910 πραγμάτων

2359 1921 2629 1997 Φροντίδα
2657 1930 2828 1979 πᾶσαν
2861 1926 2949 1979 καὶ
2978 1921 3247 1994 διοίκησιν
3278 1925 3530 1995 κράτους.

2179 2013 2323 2067 2705
2358 2012 2508 2073 Τέως
2540 2010 2597 2067 δὲ
2623 2014 2864 2077 συνίθυνε
2890 2013 2980 2068 καὶ
3014 2020 3420 2076 Κωνσταντῖνος

2364 2104 2459 2173 Τῷ
2490 2098 2763 2177 πρεσϐύτῃ
2792 2103 2881 2157 καὶ
2912 2108 3030 2165 τοῖς
3061 2104 3347 2179 νεωτέροις
3374 2106 3601 2181 κράτος,

2368 2190 2470 2245 Καὶ
2505 2190 2710 2264 μακρὸς
2744 2189 3001 2261 ἐξήνυστο
3030 2196 3108 2264 τῷ
3140 2193 3289 2266 μέσῳ
3317 2195 3520 2270 χρόνος

2367 2279 2509 2353 Πρὸς
2543 2278 2740 2334 εἷ’κοσιν
2768 2280 2822 2351 ἓξ
2854 2280 3273 2358 παραρρυέντων
3301 2285 3542 2359 χρόνων.

2464 2416 2993 2473 ΚΩΝΣΤΑΝΤΙΝΟΣ
3033 2422 3272 2476 ΜΟΝΟΣ
3313 2424 3414 2476 ΕΤ.
3459 2421 3560 2477 ῐΕ’.

2101 1889 2148 1953 Β

705 2427 1246 2485 CONSTANTINUS
1286 2423 1509 2482 SOLUS
1547 2422 1645 2478 AN
1676 2421 1801 2477 XV.

2370 2551 2466 2604 Kal
2497 2556 2794 2622 τηνικαῦτα
2825 2548 3116 2608 συλλαϐὼν
3150 2560 3551 2620 Κωνσταντῖνος

2193 2640 2336 2695 2710
2373 2640 2461 2702 Ὧς
2486 2646 2766 2716 νουνεχῶς
2796 2664 2855 2697 τε
2882 2643 2976 2697 καὶ
3005 2640 3125 2698 λίαν
3156 2640 3450 2716 έπηὸόλως

2373 2730 2541 2786 Φίτυν
2573 2752 2631 2787 τε
2660 2730 2859 2795 παῖδας
2885 2731 3115 2797 ἄνακτας
3147 2738 3564 2815 παρεγγράφους

2371 2820 2629 2884 Καθεῖλεν
2662 2821 2841 2898 ἀρχῆς
2872 2823 2962 2878 καὶ
2997 2829 3269 2900 μοναρχεῖ
3296 2830 3393 2881 τοῦ
3416 2830 3679 2904 κράτους.

2373 2913 2614 2985 Ὑπῆρχε
2645 2908 2691 2966 δ’
2725 2914 2884 2975 οὗτος
2916 2909 3139 2985 εὐσεϐής
3168 2936 3274 2986 τις,
3309 2915 3617 2995 ὀρθόφρων,

2370 2998 2553 3069 Μηδὲν
2584 3008 2836 3077 νεοχμῶν
2865 3009 2974 3060 τῶν
3006 3006 3139 3059 ἐθῶν
3171 3006 3526 3083 Ἐκκλησίας,

2192 3092 2336 3146 2715
2374 3088 2553 3146 Εἴκων
2588 3089 2645 3146 δὲ
2668 3093 2836 3167 ταύτῃ
2868 3095 3008 3158 καθά
3042 3097 3209 3171 μητρὶ
3242 3096 3504 3172 φιλτάτη,

2370 3184 2735 3260 Ὑπερμαχῶν
2762 3206 2820 3239 τε
2852 3183 3138 3260 δογμάτων
3173 3192 3279 3243 τῶν
3308 3188 3526 3264 ἐνθέων,

426 2566 590 2621 Tunc
620 2565 853 2620 demum
888 2562 1344 2634 comprehensos
1374 2557 1797 2615 Constantinus

435 2658 608 2711 cauto
640 2652 886 2708 artificio
917 2652 1242 2723 idoneoque
1269 2656 1531 2719 tempore

433 2749 652 2812 patrem
688 2758 821 2798 cum
853 2742 991 2796 filiis
1024 2741 1263 2812 regibus
1295 2738 1549 2794 insitivis

429 2831 690 2887 dominio
721 2830 881 2887 exuit
909 2830 1191 2900 solusque
1223 2826 1535 2899 imperium
1567 2823 1778 2880 tenuit.

430 2921 577 2977 Huic
608 2921 740 2991 pius
771 2923 896 2974 erat
924 2922 980 2973 et
1009 2917 1332 2973 orthodoxe
1363 2915 1583 2977 animo,

430 3016 490 3065 et
522 3008 669 3065 nihil
700 3008 760 3063 in
795 3006 1064 3062 Ecclesiae
1095 3005 1389 3060 institutis
1418 3006 1725 3070 innovans,

436 3100 554 3154 imo
589 3098 724 3153 huic
757 3096 983 3151 dilectae
1016 3112 1118 3151 ceu
1156 3094 1327 3149 matri
1361 3093 1663 3155 obediens,

433 3192 489 3243 et
519 3187 853 3242 divinorum
879 3185 1223 3256 dogmatum
1258 3182 1548 3249 defensor,

432 3282 488 3332 et
512 3276 669 3349 juris
698 3275 1129 3332 observantiam
1164 3272 1222 3327 in
1258 3271 1467 3345 primis
1499 3270 1759 3341 exigens.

432 3368 591 3423 Idem
626 3366 909 3422 doctrinis
942 3364 1225 3436 praeditus
1256 3361 1621 3432 sapientibus

436 3456 817 3529 profanisque
850 3453 1063 3510 litteris
1093 3452 1301 3508 eximie
1333 3451 1686 3515 instructus,

437 3546 647 3601 harum
681 3561 917 3617 quoque
947 3543 1131 3615 gessit
1163 3558 1397 3612 semper
1424 3538 1841 3612 patrocinium,

436 3635 655 3707 quibus
684 3633 984 3689 tradendis
1010 3630 1321 3700 magistros
1351 3628 1691 3701 praeposuit.

437 3726 657 3779 Tamen
692 3723 949 3793 indigna:
981 3721 1228 3790 imperio
1261 3721 1428 3775 dotes
1461 3719 1693 3772 inerant
1728 3734 1740 3771 :

436 3829 695 3884 namque
726 3809 1152 3881 rempublicam
1184 3807 1504 3864 socorditer
1540 3806 1799 3877 regebat,

436 3902 615 3957 nimis
637 3901 1001 3957 irascebatur
1036 3897 1521 3969 delinquentibus

437 3990 745 4063 pcsnisque
776 3993 901 4044 erat
930 3987 1238 4043 sumendis
1268 3985 1672 4042 inexorabilis.

438 4081 598 4135 Idem
633 4078 1014 4151 magistratus
1047 4076 1493 4147 senatoriosque
1523 4077 1743 4145 gradus

442 4169 914 4241 praeferurnsque
944 4173 1000 4221 et
1034 4164 1322 4220 militares
1354 4164 1592 4219 ordines

438 4257 580 4312 viris
613 4258 880 4312 tradebat
912 4271 1155 4326 prorsus
1186 4254 1345 4308 haud
1378 4253 1627 4325 idoneis,

442 4346 705 4418 indignis
731 4345 1013 4415 omnique
1045 4342 1186 4398 vitio
1219 4341 1652 4412 laborantibus,

441 4434 637 4491 ofﬁcia
667 4443 877 4489 cuncta
908 4449 1051 4487 auro
1081 4431 1311 4486 venalia
1341 4431 1643 4485 exhibens.

445 4523 552 4579 Hic
582 4540 716 4578 cum
750 4527 1011 4577 Romano
1043 4522 1179 4575 dum
1214 4526 1482 4591 regnaret
1512 4520 1729 4589 adhuc,

447 4612 641 4682 imago
671 4610 885 4665 Christi
922 4610 1151 4664 Domini
1186 4609 1342 4664 haud
1379 4625 1558 4664 manu
1585 4609 1735 4665 facta

450 4702 599 4755 miro
631 4700 878 4755 artiﬁcio
903 4699 963 4754 in
998 4698 1223 4754 mantili
1257 4700 1413 4771 picta

444 4790 666 4844 Edessa
695 4791 838 4843 urbe
872 4790 1203 4859 Byzantium
1238 4788 1526 4844 translata
1556 4789 1687 4844 fuit.

442 4878 723 4933 Rossicus
754 4878 929 4933 etiam
964 4878 1259 4948 plurimus
1290 4879 1580 4933 exercitus

445 4967 783 5040 quindecim
821 4966 982 5021 mille
1015 4982 1189 5021 naves
1224 4965 1544 5032 onerarias,

446 5062 513 5112 ut
545 5057 697 5112 fama
726 5061 838 5123 est,
869 5057 1112 5121 ducens,
1148 5060 1475 5125 cunctaque
1504 5055 1868 5128 depOpulans

446 5146 518 5199 ab
546 5147 751 5201 urbem
786 5146 1003 5215 regiam
1037 5144 1248 5199 direxit
1279 5160 1542 5199 cursum.

444 5235 551 5289 Sed
586 5236 741 5289 enim
773 5251 953 5306 prope
988 5233 1298 5288 universus
1332 5234 1546 5290 auxilio
1571 5234 1670 5290 Dei

445 5322 689 5394 Virgine
721 5338 959 5395 quoque
993 5325 1180 5375 matre
1213 5321 1432 5377 ferente
1464 5340 1632 5395 opem

445 5412 722 5469 Romanae
755 5411 963 5466 classis
996 5410 1220 5481 impetu
1262 5410 1489 5467 deletus
1530 5412 1660 5468 fuit.

561 5527 905 5584 ROMANUS
936 5525 1468 5581 CONSTANTINUS
1498 5528 1725 5586 FILIUS
1759 5531 1854 5586 AN
1886 5532 1984 5589 ΙΙΙ.

447 5643 593 5699 Exin
626 5642 1128 5715 Porphyrogenito
1160 5644 1279 5699 vita
1311 5643 1509 5699 functo

448 5733 751 5789 Romanus
782 5732 940 5787 ﬁlius
974 5731 1048 5787 im
1062 5737 1290 5805 perator
1318 5733 1562 5806 exstitit,

2120 3249 2164 3317 C

2373 3363 2473 3419 Ἦν
2507 3360 2560 3417 ἐν
2595 3365 2800 3437 μεθέξει
2830 3366 2921 3420 καὶ
2954 3372 3132 3444 σοφῶν
3168 3371 3507 3444 μαθημάτων

2375 3448 2713 3516 Παιδεύσεώς
2742 3476 2799 3509 τε
2828 3462 2927 3524 τῆς
2957 3456 3180 3533 θύραθεν
3214 3458 3289 3521 εἷς
3322 3462 3484 3534 ἄκρον
3519 3480 3533 3495 ’

2195 3542 2338 3597 2720
2377 3543 2470 3596 Ὧν
2498 3542 2587 3597 καὶ
2619 3545 2939 3619 προμηθεὺς
2973 3544 3123 3603 ὧπτο
3158 3556 3390 3605 συνεῖναι
3427 3553 3553 3628 βίῳ,

2375 3638 2487 3702 Τῆς
2519 3638 2668 3708 σφῶν
2692 3634 3005 3710 ἐπιστήμης
3034 3660 3098 3714 γε
3126 3638 3283 3711 τάξας
3316 3643 3567 3718 τεχνίτας
3600 3666 3614 3680 ·

2378 3720 2532 3791 Πλὴν
2564 3724 2709 3799 εἶχεν
2742 3726 2873 3781 ἄττα
2906 3728 2983 3799 μὴ
3017 3731 3370 3801 προσήκοντα
3399 3732 3603 3809 κράτει.

2376 3811 2689 3887 Αὐταρχίαν
2720 3816 2822 3890 γάρ
2860 3814 3120 3889 μαλακῶς
3151 3819 3216 3888 ἧν
3254 3818 3447 3877 ἰθύνων
3482 3842 3496 3855 ο

2376 3901 2570 3974 Ὦρᾶτο
2601 3903 2691 3957 καὶ
2725 3901 2991 3981 δύσοργος
3020 3908 3427 3984 ἡμαρτηκόσιν,

2198 3990 2341 4045 2725
2380 3991 2521 4063 Πρὸς
2554 3988 2601 4045 δ’
2631 3990 2695 4046 αὖ
2726 3992 3002 4065 κολαστὴς
3034 3996 3405 4072 άπαραίτητός
3438 4022 3643 4080 σφισιν,

2380 4081 2844 4155 Ἀρχαιρεσιάζων
2879 4081 2935 4139 δέ
2973 4084 3179 4160 βουλάς
3206 4089 3253 4143 τ’
3286 4089 3578 4169 ἐκφέρων,έ

2382 4171 2616 4247 Ἀρχαῖς
2648 4193 2704 4227 τε
2734 4181 2945 4238 κοιναῖς
2974 4177 3061 4230 καὶ
3093 4179 3450 4255 στρατηγίαις
3484 4182 3643 4248 ὅλαις

2381 4257 2612 4336 Ἀνδρας
2648 4260 2837 4337 έφίστα
2866 4261 3140 4339 μηδαμῶς
3173 4269 3502 4345 πεφυκότας,

2383 4348 2657 4421 Ἀναξίους
2691 4348 2748 4405 δὲ
2777 4352 2866 4407 καὶ
2897 4356 3221 4430 μοχθηροὺς
3254 4357 3504 4431 εἷ’σάπαν,

2201 4437 2347 4493 2730
2385 4438 2592 4514 Ἀρχὰς
2629 4442 2838 4505 ἁπάσας
2866 4445 3171 4518 χρημάτων
3206 4444 3347 4521 δρῶν
3388 4448 3609 4516 ὠνίους,

2386 4527 2597 4583 Τούτου
2626 4530 2899 4604 Ῥωμανῷ
2930 4532 3351 4599 συνανάσσοντος
3383 4538 3508 4594 τότε

2387 4615 2568 4672 Εἷίκὼν
2600 4618 3018 4694 ἀχειρότευκτος
3048 4624 3283 4697 Χριστοῦ
3316 4625 3581 4687 δεσπότου

2386 4705 2471 4759 Ἐν
2504 4711 2896 4786 χειρομάκτρῳ
2923 4709 3279 4789 διαγραφεῖσα
3305 4718 3472 4788 ξένως

2386 4794 2471 4865 Ἐξ
2504 4794 2728 4869 Ἐδέσης
2760 4798 2959 4869 ἤνεκτο
2986 4803 3124 4879 πρὸς
3154 4805 3456 4875 Βυζαντιδα
3489 4828 3502 4842 ⁶

2205 4884 2348 4940 2735
2385 4886 2483 4940 Kal
2515 4888 2774 4952 Ῥωσικός
2800 4911 2883 4952 τις
2919 4896 3285 4967 μυριάριθμος
3315 4897 3511 4963 στόλος

2387 4973 2576 5049 Φέρων
2611 4978 2843 5051 ἀριθμὸν
2880 4978 3129 5036 ὁλκάδων
3165 4986 3305 5058 πρὸς
3327 4993 3446 5053 τοῖς
3476 4986 3624 5064 δέκα,

2384 5064 2479 5125 Ὣς
2510 5085 2659 5140 φασι,
2691 5066 3181 5143 πεντεχιλιοστύας
3214 5071 3349 5138 ὅλας

2384 5152 2755 5225 Λεηλατήσων
2786 5156 3116 5216 κατέπλευσε
3145 5163 3285 5234 πρὸς
3313 5164 3480 5222 πόλιν
3516 5187 3528 5201 ·

2386 5239 2595 5316 Σχεδὸν
2629 5241 2675 5298 δ’
2707 5246 2842 5307 ἅπας
2872 5241 3103 5325 ἕφθαρτο
3133 5256 3213 5323 τῷ
3244 5258 3377 5309 Θεοῦ
3405 5257 3576 5320 σθένει

2206 5330 2349 5386 2740
2388 5332 2487 5385 Καὶ
2524 5333 2937 5411 μητρανὰνδρου
2970 5341 3247 5415 Παρθένου
3278 5346 3573 5421 συμμαχίᾳ

2386 5421 2528 5495 Πρὸς
2553 5422 2903 5500 ἀντιπρώρου
2933 5428 3245 5501 Ῥωμαϊκοῦ
3273 5437 3371 5487 τοῦ
3399 5434 3622 5496 στόλου.

2457 5540 2792 5598 ΡΩΜΑΝΟΣ
2831 5545 2878 5600 Ο
2916 5545 3074 5602 ΥΙΟΣ
3124 5549 3346 5607 ΑΥΤΟΥ
3396 5554 3496 5609 ΕΤ.
3540 5556 3613 5611 Γ’.

2384 5656 2493 5742 Τοῦ
2524 5658 2939 5733 πορφυρανθοῢς
2969 5657 3015 5714 δ’
3046 5660 3419 5730 ἀπολιπόντος
3454 5668 3574 5742 βίον

2385 5741 2446 5798 Ὁ
2476 5747 2606 5807 παῖς
2625 5744 2902 5821 Ῥωμανὸς
2934 5746 3307 5809 ἀναδείκνυται
3337 5756 3579 5837 κράτωρ,

2122 4618 2167 4683 D

3723 372 3832 428 H2

2374 3272 2473 3327 Καὶ
2505 3272 2681 3327 πάντα
2709 3278 2883 3330 ποιῶν
2913 3277 3050 3352 πρὸς
3078 3275 3327 3354 φυλακὴν
3357 3285 3464 3336 τῶν
3495 3283 3687 3357 νόμων
3724 3307 3739 3321 ο
