4140 6424
317 460 427 517 113

493 591 638 660 Ωπερ
671 588 922 653 συνῆπτο
952 584 1091 655 πρὸς
1120 582 1303 659 γάμου
1331 575 1618 635 κοινωνίαν

304 677 456 732 2745
493 674 751 752 Θεοφανώ
779 694 867 736 τις
899 673 959 728 in
985 674 1307 748 χαμερποῦς
1338 673 1435 724 τοῦ
1463 666 1672 744 γένους,

493 766 564 821 ’Ἠ
594 760 784 839 τάνδρὶ
814 763 985 818 τίκτει
1015 759 1213 823 παῖδας
1246 757 1473 836 ἄρρενας
1502 755 1619 828 δύο,

493 853 593 908 Τὸν
624 851 937 924 Βασίλειον,
968 853 1106 927 πρὸς
1136 848 1193 905 δὲ
1220 851 1313 903 τὸν
1345 850 1774 914 Κωνσταντῖνον,

490 940 599 1003 Οὕς
632 940 895 1017 βασιλικῇ
926 941 1107 1012 ταινίᾳ
1136 940 1313 1014 στέφει
1347 936 1520 1016 φίτυς’

492 1031 659 1106 Ἀνὴρ
688 1030 997 1108 τρυφηλὸς,
1028 1026 1306 1103 ἐκδεδιῃτη
1319 1025 1501 1101 μένος,

304 1122 453 1177 2750
488 1120 691 1181 Μέθαις
718 1139 777 1173 τε
804 1120 1022 1191 κώμοις
1053 1116 1440 1191 προστετηκὼς
1472 1112 1700 1187 ἐξόχως,

487 1205 873 1279 Φιληδονίαις,
907 1204 1270 1284 ἀφροδισίοις,
1296 1204 1506 1270 πότοις,

489 1296 743 1373 Ἀνδράσι
776 1296 1003 1370 λοιμοῖς
1037 1292 1335 1370 συνδιάγων
1368 1294 1458 1348 καί
1491 1291 1737 1369 φθόροις.

488 1390 697 1441 Κοινῶν
729 1383 788 1441 δὲ
819 1383 1091 1455 διοίκησιν
1122 1385 1188 1454 ἦν
1218 1382 1524 1459 ἐγχειρίσας

486 1480 691 1555 Ἰωσήφ
719 1498 827 1532 τινι
858 1478 958 1545 τὴν
991 1475 1281 1545 ἐπίκλησιν
1310 1473 1515 1548 Βρίγγᾳ

295 1569 447 1625 2755
486 1566 834 1641 Πραιποσίτῳ
862 1587 921 1621 τε
950 1565 1040 1620 καὶ
1069 1562 1574 1640 παρακοιμωμένῳ·

481 1658 673 1728 ’Ὀμως
702 1659 1030 1731 στρατηγοῖς
1059 1652 1338 1729 ἀνδρικοῖς
1368 1648 1714 1726 κεχρημένος

484 1743 679 1817 Στόλῳ
705 1765 764 1798 τε
798 1744 956 1820 βαρεῖ
985 1744 1103 1798 κατ’
1132 1742 1347 1818 ἐχθρῶν
1381 1735 1718 1809 ἀντιπάλων,

480 1833 644 1895 Νίκας
674 1833 961 1905 κατώρθου
988 1831 1118 1894 τοὺς
1150 1829 1421 1891 ἐναντίους
1446 1829 1681 1902 τρέπων

482 1928 677 1978 Φωκᾶν
710 1921 1029 1999 Νικηφόρον
1057 1922 1159 1995 γὰρ
1190 1917 1359 1991 ἄνδρα
1386 1914 1644 1992 γεννάδαν

293 2013 441 2070 2760
480 2014 585 2067 Σὺν
619 2006 861 2088 συγγόνῳ
891 2010 1082 2066 Λέοντι
1113 2007 1447 2085 στρατηγοὺς
1477 2002 1645 2082 ἔχων,

477 2102 632 2177 Αἱρεῖ
662 2099 732 2156 δι’
761 2100 939 2156 αὐτῶν
970 2097 1293 2154 ὑπεναντίων
1322 2099 1536 2164 πόλεις,

477 2191 577 2247 Καὶ
609 2188 805 2265 θράσος
835 2190 1052 2265 ἐχθρῶν
1095 2186 1377 2243 ύποκλίνει
1412 2190 1487 2258 τῷ
1515 2186 1722 2261 κράτει,

659 2279 1064 2336 ΝΙΚΗΦΟΡΟΣ
1097 2281 1337 2333 ΦΩΚΑΣ
1378 2277 1491 2333 ET.
1536 2280 1595 2343 ζ’.

476 2367 680 2423 Τούτου
710 2366 1179 2441 καταστρέψαντος
1212 2365 1457 2441 αἰσχρῶς
1488 2364 1581 2418 τὸν
1616 2364 1760 2440 βίον,

473 2458 573 2512 Καὶ
604 2456 803 2532 κράτος
832 2458 972 2518 υἱοῖς
1000 2459 1211 2531 γαμετῇ
1242 2453 1595 2521 λελοιπότος,

279 2548 434 2603 2765
473 2550 672 2608 Φωκᾶς
702 2546 1022 2623 Νικηφόρος
1050 2566 1133 2608 τις
1166 2544 1403 2605 ἀποστὰς
1434 2542 1664 2617 κράτους

467 2635 847 2710 Ἀνηγορεύθη
886 2632 1143 2710 βασιλεὺς
1176 2632 1525 2706 αὐτοκράτωρ

463 2724 617 2800 Παρὰ
646 2728 967 2799 στρατηγῶν
999 2729 1097 2792 τῆς
1130 2724 1246 2779 Ἕω
1277 2723 1365 2777 καὶ
1398 2722 1714 2796 ταγμάτων.

462 2810 633 2875 Οὗτος
663 2812 987 2888 στρατεύσας
1019 2814 1155 2867 κατά
1181 2811 1371 2885 Σύρων
1407 2810 1650 2867 Κιλίκων

465 2900 691 2966 Πολλὰς
720 2901 910 2964 πόλεις
936 2906 1082 2980 σφῶν
1119 2901 1230 2957 εἷλε
1258 2907 1359 2970 τῆς
1392 2901 1579 2975 μάχης
1607 2899 1782 2973 νόμῳ,

273 2991 427 3047 2770
471 2987 726 3061 Ἀδαναν,
759 2990 987 3061 Ῥωσὸν,
1020 2996 1205 3066 τεῖχος
1236 2983 1636 3065 Ἀναζαρϐέων,

461 3078 605 3155 Πρὸς
638 3077 822 3134 ταῖσδε
850 3079 1054 3153 Ταρσὸν
1081 3079 1168 3133 καὶ
1203 3079 1396 3151 Μόψου
1427 3078 1529 3147 τήν
1559 3074 1755 3149 ἑστίαν,

453 3169 550 3223 Ὧν
584 3169 674 3223 καὶ
706 3166 883 3230 πύλας
914 3166 1088 3243 ἤγαγε
1116 3169 1255 3241 πρὸς
1288 3162 1587 3234 Βυζαντίδα

455 3256 726 3333 Ἐχούσας
758 3257 814 3311 εὗ
842 3259 1046 3332 τέχνης
1075 3277 1136 3311 τε
1163 3256 1253 3311 καὶ
1283 3253 1587 3317 ποικιλίας⁶

451 3345 560 3403 Καὶ
591 3348 732 3401 θεῖον
764 3344 1004 3419 τύπωμα
1031 3349 1267 3420 Χριστοῦ
1291 3348 1388 3399 τοῦ
1420 3345 1693 3399 Δεσπότου

259 3438 415 3493 2775
451 3434 643 3510 Εὑρὼν
674 3436 900 3510 κεράμῳ
928 3435 1317 3510 προστυπωθὲν
1338 3434 1581 3509 ἀτέχνως

454 3524 542 3594 Ἐξ
574 3523 937 3599 Ἱεραπόλεως
970 3521 1159 3586 ἄστεος
1184 3522 1397 3598 Σύρων,

452 3612 552 3668 Καὶ
588 3612 895 3689 βόστρυχόν
923 3614 973 3690 γ’
1004 3610 1196 3686 αἵματι
1226 3610 1680 3690 συμπεφυρμένον

449 3704 547 3759 Ἐκ
576 3700 961 3778 προδρομικῆς
988 3700 1156 3775 κάρας
1186 3699 1611 3773 ἀνειλημμένον.

446 3790 801 3864 Ἀνακομίζει
834 3792 973 3866 πρὸς
1003 3789 1167 3846 πόλιν
1205 3788 1481 3866 βασιλίδα.

248 3880 410 3939 2780
450 3880 556 3937 Καὶ
587 3878 820 3956 φρούρια
848 3878 1080 3935 πλεῖστα
1111 3876 1167 3934 δὲ
1195 3882 1303 3934 τῶν
1331 3877 1583 3933 ἐναντίων

452 3970 649 4044 Κράτει
676 3968 1008 4040 καθυπέταξε
1034 3976 1134 4039 τῆς
1166 3966 1499 4042 Ῥωμαΐδος.

445 4056 556 4113 Κκὶ
585 4061 755 4112 ταῦτα
789 4059 883 4132 μὲν
915 4055 1188 4113 κάλλιστα
1217 4056 1678 4132 κατορθωμάτων.

443 4144 602 4213 Ηλήν
630 4143 792 4201 τοῦδε
822 4144 1076 4223 λαμπρὸν
1113 4144 1422 4214 έπισκιάζον
1457 4146 1573 4220 εἶχέ
1596 4167 1672 4201 τι·

448 4236 693 4305 ’Ἡττητο
722 4254 832 4310 χρη
846 4238 1030 4309 μάτων
1059 4256 1116 4290 τε
1144 4236 1233 4290 καὶ
1264 4233 1668 4311 χρυσαργύρου,

251 4323 412 4381 2785
448 4323 748 4387 Κὼτεῦθεν
781 4324 857 4387 εἰς
889 4322 921 4378 ἃ
954 4325 1029 4398 μή
1064 4322 1185 4379 δέον
1217 4323 1552 4399 παρακλίνας

446 4418 691 4484 Δασμοῖς
717 4433 776 4468 τε
804 4419 1013 4475 καινοῖς
1038 4412 1393 4489 κατατρύχων
1426 4413 1514 4468 καὶ
1542 4412 1733 4491 φόροις

448 4501 718 4570 Ὑπήκοον
750 4506 855 4556 πᾶν
883 4507 1002 4556 ταῖν
1036 4507 1224 4577 χεροῖν
1252 4506 1359 4557 τῶν
1390 4502 1736 4579 πρακτόρων,

444 4590 622 4667 Ὠφθη
659 4591 888 4663 μισητὸς
917 4596 1047 4646 πᾶσι
1078 4592 1167 4645 καὶ
1197 4597 1315 4654 τοίς
1346 4591 1397 4646 ἐν
1428 4591 1595 4647 τέλει·

442 4682 542 4734 Καὶ
581 4676 797 4751 μᾶλλον
830 4683 914 4744 οἷς
944 4679 1106 4753 ἔθιμα
1129 4686 1227 4751 τῆς
1256 4679 1593 4750 Ἐκκλησίας

249 4769 403 4825 2790
446 4769 789 4843 Ἀνατρέπειν
821 4764 1045 4825 ἔσπευδε
1069 4769 1160 4824 καὶ
1187 4774 1366 4831 κακῶς
1398 4767 1572 4843 λύειν,

444 4863 647 4932 Ψῆφον
678 4859 816 4933 πρὸς
846 4858 1007 4914 αὐτὸν
1040 4858 1249 4914 ὲλκύων
1289 4857 1622 4914 ἐπισκόπων*

442 4946 550 5004 Καὶ
581 4950 661 5019 τῷ
690 4948 903 5021 ταμείῳ
934 4949 1203 5022 ποιμένος
1232 4948 1555 5018 τεθνηκότος

444 5035 530 5092 Τὰ
557 5036 818 5111 πτωχικὰ
846 5038 1139 5113 πράγματα
1166 5045 1265 5108 τῆς
1297 5036 1627 5109 Ἐκκλησίας

445 5126 825 5202 Συνεισφέρειν
856 5122 965 5180 δεῖν
999 5126 1257 5190 θεσπίσας
1284 5128 1640 5203 παρανόμως.

246 5213 398 5271 2795
436 5211 564 5287 Οὐχ
591 5213 757 5282 ἦττον
791 5212 1017 5288 ἐξέμηνε
1046 5216 1249 5279 πάντας
1278 5216 1415 5291 πρὸς
1446 5221 1604 5289 μῖσος

441 5303 525 5360 Τὸ
555 5304 671 5357 κατ’
702 5301 910 5358 ἐκείνου
939 5308 1129 5379 τεῖχος
1163 5304 1562 5381 ὑπερηρμένον,

436 5391 512 5447 Ὀ
540 5390 807 5447 κυκλόθεν
835 5392 1058 5468 τέτευχε
1085 5399 1202 5457 τοῖς
1224 5392 1568 5469 ἀνακτόροις,

438 5481 715 5554 Ὑψιτενές
743 5482 792 5535 τ’
822 5481 881 5537 ὃν
907 5483 995 5537 καὶ
1020 5479 1359 5557 περίδρομον
1389 5480 1533 5540 λίαν.

446 5570 545 5624 Καὶ
584 5566 769 5646 δόγμα
800 5568 846 5625 δ’
879 5568 1188 5646 εἷ’σήνεγκεν
1214 5571 1374 5633 οὗτος
1406 5570 1457 5626 έν
1494 5572 1642 5644 μέσῳ

250 5661 401 5715 2800
442 5659 711 5728 Θεσπίζον
741 5659 819 5721 ὡς
847 5656 958 5714 δεῖν
992 5660 1325 5735 στρατιώτας
1358 5660 1533 5731 έξίσου

448 5749 699 5823 Μάρτυσι
726 5752 894 5821 τιμᾷν
925 5750 1015 5803 καὶ
1044 5749 1312 5824 γεραίρειν
1341 5755 1459 5812 τοῖς
1489 5748 1685 5824 ὕμνοις

1857 448 2224 507 CBBARES.

2002 574 2059 642 Α
2087 577 2181 631 cui
2218 578 2579 636 matrimonii
2603 582 2738 653 jure
2771 585 3089 656 conjuncta
3118 590 3243 643 erat

2084 666 2443 740 Theophane
2476 670 2700 742 plebeio
2734 679 3017 745 prognata
3047 692 3282 747 genere.

2085 754 2214 812 Haec
2245 757 2367 813 viro
2401 761 2625 831 peperit
2655 764 2952 819 masculos
2985 764 3138 821 ﬁlios
3170 767 3340 839 duos,

2081 846 2354 903 videlicet
2384 848 2662 906 Basiliam
2696 855 2753 906 et
2780 855 3255 923 Constantinum,

2083 952 2233 1006 quos
2264 937 2421 1009 regio
2453 955 2688 1009 quoque
2720 947 3031 998 stemmate
3062 946 3290 1002 ornavit
3319 948 3551 1019 genitor
3580 965 3593 1003 :

2080 1026 2168 1079 vir
2199 1025 2560 1098 voluptarius
2592 1033 2647 1084 et
2677 1031 2971 1102 corruptis
3003 1034 3287 1101 moribus,

2081 1115 2353 1185 potando,
2387 1121 2769 1174 comessando
2801 1119 2934 1190 plus
2967 1121 3149 1177 nimio
3183 1124 3439 1193 deditus,

2079 1204 2422 1276 deliciisque
2451 1214 2507 1261 et
2536 1208 2729 1263 veneri
2761 1213 2819 1264 et
2849 1211 3152 1279 conviviis,

2078 1294 2383 1350 sodalibus
2414 1300 2583 1351 utens
2616 1297 2890 1367 pessimis
2922 1303 2979 1353 et
3008 1302 3473 1373 corruptoribus.

2078 1381 2180 1437 Rei
2212 1400 2341 1439 vero
2373 1384 2618 1455 publica
2648 1403 2851 1441 curam
2878 1390 3191 1458 gerendam
3222 1391 3465 1446 tradidit

2072 1471 2330 1544 Josepho
2362 1473 2619 1541 cuidam,
2653 1476 2746 1531 cui
2778 1476 3001 1547 Bringae
3033 1495 3321 1550 agnomen
3353 1484 3497 1546 erat,

2075 1561 2369 1634 praepositi
2394 1564 2621 1635 gerenti
2652 1582 2870 1622 munus
2902 1572 2959 1623 et
2988 1567 3353 1623 cubicularii.

2073 1652 2128 1705 Is
2159 1655 2357 1707 tamen
2391 1658 2662 1710 strenuos
2693 1655 2917 1711 habens
2950 1657 3008 1711 in
3041 1657 3222 1711 armis
3254 1658 3435 1713 duces

2068 1738 2262 1795 valido
2293 1758 2427 1797 cum
2459 1743 2717 1800 exercitu
2748 1745 3024 1801 victorias
3055 1745 3255 1801 retulit

2071 1829 2333 1898 feliciter,
2369 1848 2628 1903 suosque
2661 1833 2859 1888 hostes
2889 1833 2948 1889 in
2983 1835 3179 1907 fugam
3205 1835 3510 1906 compulit.

1992 1935 2043 2001 Β
2073 1918 2321 1975 Phocum
2356 1920 2574 1993 quippe
2605 1922 2998 1994 Nicephorum
3037 1925 3242 1979 fortem
3274 1924 3466 1979 virum

2073 2008 2436 2081 Leonemque
2467 2010 2704 2066 fratrem
2740 2013 2869 2082 ejus
2900 2013 3081 2067 duces
3113 2011 3346 2081 habuit;

2066 2112 2313 2167 quorum
2344 2098 2562 2154 virtute
2592 2100 2745 2172 cepit
2774 2099 3036 2155 hostium
3068 2102 3243 2155 urbes

2066 2184 2403 2259 {astumque
2434 2187 2670 2243 illorum
2703 2189 2933 2260 imperii
2957 2190 3105 2261 jugo
3136 2190 3420 2246 subdidit.

2370 2277 2828 2334 NICEPHORUS
2860 2279 3135 2334 PHOCAS
3170 2280 3277 2334 AN.
3311 2280 3404 2335 VI.

2062 2369 2385 2438 Postquam
2418 2367 2721 2424 Romanus
2750 2369 3000 2440 turpiter
3026 2368 3202 2424 vitam
3236 2359 3489 2436 clausit,-

2061 2454 2262 2511 relicto
2295 2455 2541 2528 imperio
2573 2458 2806 2529 conjugi
2841 2462 3017 2530 atque
3048 2457 3271 2527 liberis,

2060 2543 2285 2600 Phocas
2314 2545 2678 2617 Nicephorus
2710 2546 2917 2602 fallens
2950 2547 3193 2618 imperio
3226 2548 3398 2603 ﬁdem

2057 2633 2282 2689 electus
2311 2641 2396 2690 est
2431 2636 2500 2690 ad
2535 2634 2814 2691 honorem
2848 2636 3074 2709 regium

2056 2721 2129 2776 ab
2160 2721 2415 2778 Orientis
2445 2724 2698 2778 ducibus
2730 2735 2781 2779 et
2817 2724 3186 2779 exercitibus.

2057 2811 2158 2866 Hic
2191 2812 2409 2867 bellum
2443 2828 2651 2885 gerens
2682 2817 2886 2868 contra
2913 2818 3087 2885 Syros
3113 2813 3325 2869 Cilicas

2054 2900 2275 2957 multas
2306 2901 2542 2957 illorum
2574 2902 2749 2956 urbes
2780 2902 2833 2956 vi
2866 2904 3080 2957 martia
3118 2901 3291 2973 cepit,

2050 2991 2341 3057 Adanam,
2377 2991 2619 3060 Rosum,
2652 2992 3163 3054 Anazarbensium,
3188 3008 3447 3059 murum,

2050 3086 2333 3152 praeterea
2360 3081 2609 3135 Tarsum
2645 3085 2813 3151 atque
2848 3082 3288 3150 Mopsuestiam,

2050 3186 2299 3242 quarum
2333 3170 2510 3224 etiam
2553 3173 2751 3240 portas
2781 3169 3119 3238 Byzantium
3151 3170 3453 3226 transtulit

1965 3288 2010 3357 Ο
2050 3258 2269 3330 insigni
2298 3264 2423 3313 arte
2450 3262 2506 3313 et
2534 3258 2691 3313 vario
2723 3263 3016 3329 persectas
3047 3274 3238 3329 opere.

2046 3348 2315 3402 Divinam
2349 3363 2584 3419 quoque
2615 3346 2829 3401 Christi
2857 3347 3085 3403 Domini
3118 3347 3371 3420 efﬁgiem

2046 3436 2197 3492 haud
2233 3452 2410 3492 manu
2442 3438 2655 3492 factam
2688 3440 2745 3491 et
2773 3435 2831 3489 in
2864 3436 2980 3491 olla
3011 3436 3307 3492 inventam

2042 3528 2320 3594 Syrorum
2352 3541 2420 3580 ex
2450 3525 2594 3580 urbe
2622 3524 2937 3596 Hierapoli,

2044 3612 2358 3685 capillique
2390 3617 2615 3685 partem
2649 3617 2978 3669 concretam
3012 3614 3301 3686 sanguine

2043 3719 2075 3758 ο
2104 3702 2488 3759 Praacursoris
2518 3703 2705 3774 capite
2736 3703 3130 3775 desumptam,

2042 3793 2115 3848 ad
2148 3792 2350 3847 urbem
2385 3792 2607 3864 regiam
2641 3792 2965 3871 transtulit.

2042 3881 2222 3937 Locos
2252 3897 2487 3953 quoque
2517 3882 2777 3936 munitos
2808 3881 3067 3937 hostium
3100 3881 3390 3953 plurimos

2042 3971 2438 4026 Romanorum
2472 3971 2695 4042 redegit
2726 3970 2781 4024 in
2820 3970 3120 4026 ditionem.

2043 4062 2111 4115 Et
2140 4060 2261 4115 haec
2291 4060 2523 4130 quidem
2554 4058 2858 4129 splendide
2888 4060 2960 4114 ab
2993 4076 3057 4114 eo
3089 4063 3230 4115 sunt
3262 4060 3435 4127 facta,

2039 4148 2254 4205 Verum
2288 4147 2467 4219 hujus
2496 4147 2644 4202 lucis
2678 4147 2850 4201 nullas
2885 4165 2998 4202 non
3033 4154 3201 4202 erant
3230 4149 3512 4217 tenebrae;

2042 4239 2300 4310 pecuniae
2330 4236 2636 4291 laborabat
2667 4236 3008 4307 cupiditate,

2040 4330 2466 4398 proptereaque
2493 4326 2563 4381 ab
2596 4342 2759 4397 aequo
2787 4325 3089 4381 declinans
3112 4326 3250 4397 jure
3360 4384 3363 4387 ,

2040 4432 2325 4472 novorum
2358 4416 2712 4471 tributorum
2749 4414 3016 4471 molestia
3045 4415 3323 4487 imposita

2040 4509 2398 4575 quastorum
2429 4505 2705 4561 manibus
2739 4505 3007 4560 subditos
3038 4506 3305 4560 vexabat.

2039 4595 2185 4651 Hinc
2214 4594 2367 4666 plebi
2399 4598 2458 4650 et
2488 4593 2873 4666 optimatibus
2905 4610 3115 4649 exosus
3145 4598 3302 4662 erat;

1961 4661 2010 4723 D
2040 4684 2363 4757 praesertim
2397 4683 2494 4754 qui
2526 4698 2780 4738 canones
2814 4681 3078 4737 Ecclesia:

2039 4791 2142 4847 per
2169 4772 2364 4829 scelus
2395 4771 2606 4827 violare
2636 4771 2878 4827 molitus
2909 4777 3018 4841 est,

2037 4861 2447 4934 episcoporum
2482 4860 2708 4932 aliquot
2737 4860 3039 4932 suffragiis
3070 4862 3276 4932 captis.

2040 4956 2257 5023 Nempe
2289 4952 2359 5006 ad
2393 4950 2616 5021 regium
2647 4949 2918 5004 aerarium
2951 4952 3224 5006 defuncto
3255 4953 3529 5025 episcopo

2038 5057 2176 5111 opes
2208 5039 2476 5095 Ecclesiae
2510 5038 2869 5110 pauperibus
2902 5039 3129 5094 debitas

2038 5130 2240 5198 iniqua
2272 5129 2399 5200 lege
2429 5128 2773 5183 deferendas
2802 5127 3016 5182 sanxit.

2037 5218 2154 5274 Nec
2187 5218 2385 5272 minus
2423 5217 2539 5271 odii
2578 5214 2791 5284 publici
2828 5216 3089 5270 incendit
3116 5221 3416 5275 flammam

2036 5305 2285 5362 excitata
2308 5306 2479 5376 jussu
2510 5304 2640 5374 ejus
2670 5303 2825 5358 muri
2856 5303 3043 5358 moles

2036 5395 2291 5467 insignis
2325 5394 2695 5450 celsitudinis
2727 5397 2783 5448 et
2818 5394 3016 5465 magni
3050 5396 3329 5462 ambitus,

2037 5501 2164 5557 quae
2196 5483 2504 5556 pallatium
2540 5482 2800 5553 undique
2830 5483 3334 5542 circumvallabat.

2036 5576 2090 5629 ls
2120 5574 2295 5630 etiam
2326 5589 2541 5628 novum
2575 5571 2819 5643 protulit
2848 5574 3146 5629 decretum

2036 5680 2151 5735 quo
2183 5666 2505 5735 martyrum
2538 5661 2757 5717 honore
2783 5662 3029 5732 jubebat
3056 5663 3271 5719 milites

2034 5752 2168 5824 coli,
2192 5753 2491 5823 sacrisque
2519 5750 2756 5822 hymnis
2788 5751 3092 5819 celebrari,

3635 463 3743 520 414
