4140 6438
336 429 445 487 417

336 554 481 609 2860
520 552 586 607 Ὠ
618 546 1065 626 Κυριθεόδωρος,
1088 549 1135 604 ὦ
1166 548 1534 623 στρατηλάτα,

520 641 691 714 Ἐμός
720 660 781 695 τε
810 638 899 693 καὶ
935 637 1028 700 σὸς
1061 636 1377 715 προσφιλὴς
1410 639 1670 710 Ἰωάννης

519 732 713 804 Βαρεῖς
744 728 958 803 ἀγῶνας
988 726 1079 781 καὶ
1109 723 1443 797 δυσηνύτους
1474 725 1612 804 ἔχει·

522 817 597 873 Σὺ
629 814 676 873 δ’
707 815 835 872 ἀλλ’
869 815 1233 891 ἐπικούρησον
1266 815 1413 888 αὐτῷ
1440 816 1700 891 ταχύνας.

516 904 637 962 Τόδ⁹
664 908 699 974 ἠ
736 905 941 980 θεωρὸς
972 908 1091 966 τοῖς
1123 908 1374 959 συνοῦσιν
1408 904 1621 982 ἐκφέρει

338 999 485 1054 2865
522 996 730 1068 Μνήμῃ
763 991 974 1048 διδοῦσι
1007 992 1096 1047 καὶ
1122 996 1309 1068 γραφῇ
1341 993 1439 1062 τήν
1481 996 1717 1068 ἡμέραν.

519 1084 623 1142 Καὶ
654 1083 812 1138 πάνθ’
844 1081 1064 1156 ὑπῆρχε
1093 1078 1374 1156 σύνδρομα
1405 1081 1592 1157 χρόνῳ
1627 1083 1840 1156 μάχης.

516 1170 694 1235 Οὗτος
728 1170 1057 1245 στρατεύσας
1088 1170 1179 1224 καὶ
1206 1171 1341 1225 κατὰ
1367 1169 1614 1232 Κιλικίας

518 1258 829 1334 Ηάμπολλτ
855 1258 1193 1335 ἐχειρώσατο
1225 1258 1433 1329 ταύτης
1460 1258 1758 1336 φρουρίωψ

513 1351 645 1404 Ὃσα
678 1346 723 1403 δ’
755 1346 1019 1425 ἀφηνίασε
1046 1352 1146 1416 τῆς
1177 1346 1536 1421 κραταρχίας,

324 1441 477 1497 2870
512 1438 658 1514 Πρὸς
682 1436 838 1508 τήνδ’
870 1435 1180 1511 ἐπανήγαγε
1204 1441 1324 1500 ταῖς
1353 1437 1728 1512 στρατηγίαις·

513 1527 690 1591 Οὗτος
718 1526 853 1581 νεὼν
881 1524 1070 1601 ἤγειρε
1099 1527 1319 1600 Χριστῷ
1349 1525 1602 1599 Δεσπότῃ

513 1613 805 1684 Πολυτελῆ
830 1612 1130 1670 κάλλιπον
1164 1613 1217 1669 ἐν
1249 1613 1448 1688 Χαλκῇ
1481 1612 1655 1684 ξένον.

439 1734 816 1791 ΒΑΣΙΛΕΙΟΣ
857 1734 902 1789 Ο
955 1733 1595 1789 ΒΟΥΛΓΔΡΟΚΤΟΝΟΣ
1644 1732 1753 1788 ΕΤ.
1806 1731 1890 1787 Ν’.

510 1830 715 1885 Τούτου
744 1830 807 1885 τὸ
843 1830 995 1905 βιοῦν
1026 1826 1462 1903 ἐκμετρησαντος
1495 1828 1673 1902 μόρῳ,

512 1919 842 1995 Κληροῦχος
875 1918 1057 1993 ἀρχῆς
1083 1924 1185 1987 τῆς
1214 1918 1473 1993 πατρῴας
1503 1916 1747 1991 ἐννόμως

324 2011 471 2065 2875
513 2007 793 2071 Βασίλειος
822 2004 1066 2063 δέδεικτο
1097 2007 1187 2061 καὶ
1221 2005 1621 2081 σκηπτοῦχίας,

512 2098 573 2156 '0
601 2097 888 2169 Ῥωμανοῦ
919 2100 1049 2157 παῖς
1081 2088 1571 2173 πορφυρόϐλαστος
1602 2091 1831 2162 κλάδος,

510 2185 876 2262 Αὐτοκράτωρ
907 2183 1197 2260 κράτιστος
1229 2183 1281 2238 ἐν
1316 2182 1669 2259 στρατηγίαις

508 2274 825 2350 Αὐταρχίας
864 2273 1131 2329 τάλαντον
1159 2271 1393 2342 αὐξήσας
1426 2272 1578 2347 μέγα·

507 2364 595 2426 Ὧς
624 2364 839 2431 πιστὸς,
872 2362 947 2424 ὡς
982 2360 1248 2435 φρόνιμος
1279 2358 1353 2415 ὢν
1389 2361 1664 2436 ὑπηρέτης

321 2454 471 2510 2880
510 2451 583 2507 Οὐ
612 2453 750 2527 πρὸς
780 2452 987 2529 τρυφάς
1018 2470 1075 2505 τε
1105 2451 1193 2505 καὶ
1229 2450 1368 2523 πρὸς
1400 2448 1603 2512 ἀνέσεις
1640 2446 1883 2524 βλέπων,

510 2539 643 2599 Οὐδ’
669 2539 901 2613 ἀμελείᾳ
934 2540 1074 2613 μήτε
1107 2540 1215 2612 μὴν
1248 2538 1503 2613 οἷκουρίᾳ

508 2634 584 2688 ’Ἡ
614 2626 859 2703 μαλακίᾳ
886 2628 1284 2701 προστετηκὼς
1317 2624 1603 2702 μηδόλως,

496 2719 676 2776 Ἀλλᾶ
704 2720 1064 2794 στραταρχῶν
1097 2715 1271 2771 πάντα
1297 2718 1486 2791 καιρὸν
1512 2719 1611 2771 τοῦ
1644 2714 1768 2791 βίου

509 2810 608 2865 Καὶ
638 2813 757 2871 ταῖς
785 2808 905 2861 κατ’
936 2805 1147 2880 ἐχθρῶν
1183 2803 1453 2882 ἐντρυφῶν
1480 2802 1563 2858 ἀεὶ
1599 2804 1828 2877 μάχαις.

318 2902 471 2959 2885
510 2900 679 2972 Ἀνὴρ
711 2896 934 2971 ἀγαθὸς,
965 2889 1202 2950 εὐσεϐῶν
1232 2894 1415 2967 νόμων
1446 2892 1643 2971 φύλαξ,

511 2984 697 3058 Μηδὶν
726 2988 985 3059 νεοχμῶν
1015 2987 1125 3037 τῶν
1159 2982 1294 3037 ἐθῶν
1323 2981 1654 3052 Ἐκκλησίας
1689 2983 1824 3055 (41),

508 3081 636 3139 Ταῖς
668 3076 872 3150 ἀρετῶν
909 3072 1127 3149 χάρισιν
1156 3071 1551 3146 ἠγλαϊσμένος,

512 3163 745 3225 Μᾶλλον
775 3161 819 3218 δ’
850 3162 1083 3239 ἐραστὴς
1116 3160 1497 3236 σωφροσύνης,
1529 3156 1797 3235 ἀνδρείας.

510 3255 678 3315 Οὗτος
706 3252 948 3327 καθάπερ
981 3252 1139 3306 ἀετοῦ
1170 3249 1361 3325 λαχὼν
1394 3250 1575 3328 φύσιν,

316 3348 469 3404 2890
505 3348 575 3400 ’Ἠ
607 3343 812 3415 πτηνὸς
846 3346 919 3396 ῶν
950 3340 1216 3419 φρόνησιν
1245 3340 1280 3410 ἢ
1313 3338 1643 3412 προθυμίαν,

507 3433 586 3494 To‘
622 3435 717 3508 μὲν
747 3434 889 3509 πρὸς
920 3430 1087 3499 αὐτὴν
1122 3429 1489 3506 ἐκστρατεύων
1522 3430 1621 3499 τὴν
1653 3431 1792 3497 Ἕω,

508 3525 587 3583 Τὸ
619 3522 677 3578 δῖε
706 3523 842 3599 πρὸς
875 3520 1072 3583 αὐτοὺς
1100 3520 1231 3583 τοὺς
1263 3520 1423 3596 ὅρους
1459 3526 1560 3588 τῆς
1585 3518 1848 3594 Ἐσπέρας

504 3614 574 3669 Ἥ
605 3613 740 3688 πρὸς
777 3612 916 3686 μέρη
954 3608 1144 3685 βόρεια
1174 3609 1262 3662 καὶ
1301 3602 1651 3683 μεσημϐρίας

507 3702 733 3776 Χώρους
766 3699 921 3773 ἐπῄει
954 3692 1255 3774 Βαρϐάρων
1296 3695 1634 3765 ἀντιπάλων,

313 3794 470 3849 2895
508 3790 802 3861 Λεηλατῶν
838 3793 994 3867 σφᾶς,
1026 3785 1353 3862 πυρπολῶν,
1383 3787 1598 3861 πορθῶν
1627 3783 1823 3847 πόλεις

508 3878 751 3955 Ἐρυμνά
777 3899 837 3934 τε
864 3877 1100 3953 φρούρια
1136 3881 1235 3943 τῆς
1272 3876 1459 3950 μάχης
1490 3874 1670 3947 νόμῳ·

506 3969 615 4026 Καὶ
651 3966 829 4043 δεῖγμ’
860 3966 1083 4041 ἐναργὲς
1112 3967 1147 4035 ἡ
1182 3969 1405 4028 Σκυθῶν
1441 3963 1672 4040 ἐρημία,

510 4059 639 4114 Δεία
667 4079 727 4113 τε
757 4060 955 4112 Μυσῶν
986 4058 1102 4129 (42)
1126 4055 1263 4110 κατὰ
1289 4056 1389 4123 τὴν
1422 4050 1751 4128 παροιμίαν,

509 4152 727 4225 Περσῶν
799 4152 846 4201 τ’
918 4140 1206 4219 Ἀϐασγῶν
1276 4138 1500 4217 ἐκτριϐὴ
1560 4145 1668 4196 τῶν
1726 4143 1775 4197 τ’
1833 4135 1999 4207 Ἀϐά-

1834 4233 1964 4306 [ρων
1977 4290 1996 4315 ,

317 4332 470 4390 2908
511 4331 711 4401 Ὦνπερ
743 4321 969 4389 καθεῖλε
994 4321 1057 4377 τὸ
1089 4324 1290 4396 θράσος
1318 4322 1457 4376 κατὰ
1483 4322 1705 4396 κράτοςο

510 4414 743 4475 Καθεῖλε
774 4412 820 4468 δ’
851 4412 960 4488 οὐχ
988 4409 1188 4480 ἥκιστα
1216 4410 1309 4466 καὶ
1338 4408 1625 4485 τυραννίδα

512 4508 627 4576 Τὴν
658 4508 755 4560 τοῦ
783 4499 1053 4576 Σαμουὴλ
1086 4498 1419 4576 Βουλγάρων
1449 4499 1784 4577 ἀρχηγέτου.

513 4595 613 4652 Καὶ
646 4597 796 4669 σφῶν
830 4590 875 4647 δ’
907 4588 1091 4647 ἀνεῖλε
1122 4586 1486 4665 δυσαρίθμους
1516 4587 1567 4643 ἐν
1611 4587 1783 4663 μάχῃ·

519 4684 839 4768 Συρῥήξεως
872 4682 977 4758 γὰρ
1010 4678 1399 4753 συμπεσούσης
1429 4679 1518 4734 καὶ
1546 4680 1756 4754 μάχης,

322 4781 477 4839 2905
516 4776 721 4835 Μυσῶν
752 4771 1091 4848 ἐχειρώσατο
1125 4769 1452 4844 χιλιοστύας

516 4860 794 4924 Πεντάδας
828 4860 904 4924 εἷς
931 4863 1079 4935 τρεῖς
1110 4857 1205 4919 τὰς
1238 4856 1370 4919 ὅλας
1402 4856 1768 4929 ποσουμένας,

514 4958 612 5010 Ὧν
649 4950 857 5026 ἅμματ’
886 4947 1107 5022 ἐξέκοψε
1136 4945 1348 5001 πάντων
1382 4943 1630 5006 ἐνδίκως·

518 5043 637 5103 Κάκ
664 5037 838 5096 τῶνδε
874 5039 1101 5114 βραχεῖς
1132 5033 1407 5111 παραδοὺς
1438 5032 1702 5107 πομποὺς
1731 5030 1880 5111 σφίσι

519 5131 624 5191 Καὶ
659 5130 882 5203 θάτερον
914 5130 1049 5205 σφᾶς
1086 5123 1350 5199 ὀμμάτων
1382 5117 1763 5197 ἐσϐεσμένους,

331 5227 484 5286 2910
522 5225 736 5282 Πάντας
766 5218 969 5291 ἀφῆκεν
1003 5214 1139 5269 ἰέναι
1171 5216 1307 5289 πρὸς
1338 5213 1567 5271 Much“.

522 5310 633 5372 Οὐς
666 5305 954 5381 δυστυχῶς
982 5299 1212 5380 ἔχοντας
1244 5300 1376 5359 ἰδὼν
1408 5306 1556 5378 σφῶν
1585 5301 1802 5377 κράτωρ

522 5402 762 5469 Τέθνηκε
790 5392 1019 5468 τρωθεὶς
1049 5396 1152 5459 τῆς
1182 5394 1416 5467 ἀθυμίας
1453 5390 1623 5468 βέλει.

1875 430 2236 487 CESABES.

2029 555 2084 623 Α
2116 554 2158 609 Ο
2189 552 2427 609 domine
2452 552 2776 622 Theodore,
2808 568 2840 607 ο
2871 550 2989 606 dux
3024 550 3334 617 exercitus,

2116 660 2283 699 meus
2313 642 2573 714 itemque
2602 646 2739 697 tuus
2776 641 3003 696 amicus
3032 641 3287 695 Joannes

2114 732 2276 805 gravi
2306 732 2364 787 in
2396 748 2581 805 agone
2610 732 2857 788 vertitur
2883 737 2940 785 et
2970 727 3337 801 perdifficili;

2115 824 2494 893 quamobrem
2529 821 2599 875 ad
2632 821 2931 876 ferendam
2965 834 3134 890 opem
3167 834 3434 889 propera.

2115 912 2282 966 Illam
2318 928 2439 966 rem
2471 910 2656 965 visam
2690 908 2949 965 narravit
2980 908 3389 979 praesentibus,

2113 1000 2215 1071 qui
2246 1000 2403 1056 diem
2438 999 2731 1055 memoriae
2764 998 3104 1069 scriptoque
3136 997 3582 1068 consignarunt.

2114 1089 2334 1162 Reapse
2362 1088 2506 1144 visio
2538 1088 2807 1159 congruit
2833 1103 2965 1142 cum
3000 1102 3207 1157 pugnae
3239 1090 3523 1157 tempore.

2109 1180 2289 1245 Idem,
2323 1184 2595 1250 suscepto
2624 1178 2775 1233 bello
2807 1178 3083 1232 adversus
3116 1175 3347 1245 Cilicas,

2110 1267 2432 1340 permultas
2465 1267 2618 1338 cepit
2650 1267 2860 1322 horum
2893 1267 3154 1321 munitas
3185 1280 3370 1319 arces.

2110 1359 2404 1429 Quotquot
2433 1360 2629 1412 autem
2662 1356 2958 1426 negabant
2989 1356 3231 1410 subesse
3260 1354 3528 1425 imperio,

2108 1465 2207 1505 eas
2238 1446 2420 1504 armis
2453 1446 2627 1502 motis
2658 1443 2937 1516 compulit
2970 1445 3041 1499 ad
3074 1444 3445 1514 obsequium.

2108 1538 2211 1593 Hic
2242 1535 2528 1608 templum
2561 1534 2832 1591 excitavit
2859 1533 3087 1589 Christo
3120 1533 3364 1588 Domino

2108 1627 2168 1682 in
2199 1626 2431 1694 Chalce,
2462 1625 2626 1680 dives
2657 1640 2835 1696 opum
2867 1627 2925 1678 et
2956 1622 3104 1676 miro
3136 1636 3329 1693 opere.

2374 1740 2702 1797 BASILIUS
2743 1737 3225 1795 BULGARICIDA
3262 1737 3381 1792 AN.
3424 1737 3484 1793 L.

2106 1846 2357 1897 Jornnes
2388 1838 2525 1895 fatis
2559 1839 2781 1905 functo,
2817 1836 3071 1908 patrium
3105 1839 3400 1907 sceptrum

2033 1922 2081 1985 Β
2112 1931 2360 1987 haeredis
2382 1929 2517 2001 jure
2552 1944 2617 1984 ac
2647 1927 2884 1982 nomine
2912 1925 3175 1998 legitimo

2104 2018 2361 2078 obtinuit
2387 2016 2637 2073 Basilius
2670 2033 2802 2072 cum
2837 2015 2992 2087 regio
3026 2014 3197 2070 titulo

2103 2108 2346 2165 Romani
2379 2106 2558 2174 filius,
2586 2105 2820 2177 genitus
2852 2105 2910 2159 in
2944 2121 3226 2175 purpura,

2103 2197 2374 2272 egregius
2405 2195 2767 2251 exercituum
2807 2194 3146 2265 imperator,

2104 2286 2205 2359 qui
2238 2284 2483 2342 ditionis
2513 2283 2658 2340 fines
2685 2282 2851 2338 valde
2883 2280 3206 2353 ampliavit.

2104 2374 2320 2430 Fidelis
2350 2373 2445 2428 hic
2475 2377 2533 2428 et
2566 2372 2825 2445 prudens
2856 2370 3302 2425 administrator

2103 2464 2342 2521 delicias
2376 2462 2529 2517 haud
2562 2464 2867 2532 spectabat
2896 2460 3225 2530 requiemve
3256 2458 3539 2530 corporis,

2103 2569 2293 2624 neque
2324 2550 2653 2606 socordiam
2686 2566 2792 2605 nec
2821 2548 2978 2603 domi
3013 2547 3323 2612 desidiam,

2102 2641 2387 2712 nulloque
2418 2644 2625 2710 captus
2655 2642 2779 2693 erat
2810 2636 3126 2709 voluptatis
3158 2651 3391 2707 genere,

2105 2731 2207 2787 sed
2242 2729 2577 2785 universam
2610 2727 2827 2798 degens
2859 2726 2919 2781 in
2950 2725 3133 2780 armis
3162 2724 3339 2779 vitam

2104 2817 2411 2893 pulsandis
2443 2817 2502 2871 in
2536 2815 2731 2888 praelio
2762 2815 3033 2870 hostibus
3064 2813 3375 2885 gestiebat.

2107 2910 2207 2964 Vir
2236 2909 2449 2973 bonus,
2480 2906 2679 2976 legum
2713 2920 3014 2959 sacrarum
3048 2908 3269 2973 custos,

2105 2998 2253 3054 nihil
2283 2998 2606 3051 immutans
2640 2995 2696 3048 in
2728 2992 2997 3048 Ecclesiae
3030 2991 3321 3059 moribus,

2105 3087 2390 3142 virtutum
2424 3082 2788 3140 ornamentis
2818 3081 2986 3137 valde
3017 3080 3291 3149 rutilans,

2107 3175 2373 3249 apprime
2400 3174 2645 3229 studens
2680 3171 2846 3227 fortis
2878 3187 3007 3226 esse
3039 3174 3095 3226 et
3123 3173 3483 3242 temperans.

2029 3279 2073 3347 α
2106 3265 2208 3320 Ηίο
2239 3264 2486 3319 sortitus
2516 3260 2691 3317 veluti
2727 3266 2999 3315 naturam
3034 3259 3265 3329 aquilas,

2107 3358 2262 3410 certe
2293 3352 2519 3407 habens
2550 3353 2802 3406 mentem
2837 3347 3278 3418 efﬁcaciamque
3308 3348 3605 3405 volucrem

2104 3459 2263 3499 nunc
2293 3441 2354 3496 in
2386 3439 2641 3496 Orientis
2671 3437 2890 3493 bellum
2922 3437 3158 3507 gerebat
3188 3436 3398 3509 plagis,

2101 3548 2258 3588 nunc
2289 3532 2348 3585 in
2382 3529 2670 3601 hesperiis
2703 3528 2943 3593 finibus,
2978 3544 3136 3583 nunc
3167 3528 3276 3582 sub
3310 3528 3505 3594 borea,

2103 3638 2262 3678 nunc
2293 3621 2547 3692 denique
2579 3635 2679 3690 per
2708 3623 2933 3673 tractus
2964 3615 3381 3672 meridionales

2102 3711 2255 3767 bello
2289 3709 2593 3781 quatiebat
2625 3708 2912 3762 Barbaros
2945 3705 3333 3772 adversarios,

2104 3801 2468 3873 depraedans,
2504 3814 2704 3866 ureus,
2738 3796 3107 3868 depopulans
3142 3797 3316 3851 urbes

2105 3889 2483 3959 munitaeque
2516 3903 2700 3953 arces,
2730 3891 2899 3958 prout
2932 3888 3019 3940 fas
3049 3890 3138 3941 est
3166 3884 3325 3942 belli.

2107 3979 2207 4035 Rei
2240 3976 2410 4034 testis
2436 3981 2525 4032 est
2551 3975 2801 4046 Scythiae
2834 3973 3109 4040 solitudo,

2106 4068 2416 4141 pradaque
2448 4066 2786 4131 Mcnsorum,
2818 4067 2883 4117 ut
2915 4063 2997 4119 ait
3023 4062 3421 4135 proverbium,

2104 4160 2436 4224 Persarum,
2468 4156 2835 4226 Abasgorum
2869 4153 3084 4218 clades,
3113 4156 3169 4207 et
3197 4152 3543 4221 Abarorum,

2108 4352 2361 4410 quorum
2393 4333 2701 4390 audaciam
2735 4336 2937 4404 aperto
2968 4332 3154 4387 Marte
3184 4329 3377 4401 fregit.

2108 4428 2223 4484 Nec
2252 4443 2387 4483 vero
2420 4425 2611 4481 secius
2643 4423 2912 4479 contudit
2942 4420 3312 4495 tyrannidem

2110 4516 2497 4589 Bulgarorum
2532 4512 2815 4585 principis
2846 4511 3158 4578 Samuelis,

2109 4607 2358 4677 ejusque
2389 4604 2579 4677 gentis
2609 4604 2821 4660 occidit
2858 4604 3225 4668 innumeros,

2110 4695 2338 4750 Etenim
2370 4696 2521 4749 facto
2555 4708 2761 4764 pugnae
2793 4691 3066 4747 conﬂictu
3100 4690 3283 4763 gravi,

2109 4784 2420 4839 Moesorum
2449 4786 2677 4837 tantum
2706 4780 3021 4853 captivavit
3052 4796 3365 4836 numerum

2111 4878 2176 4928 ut
2205 4889 2273 4928 ea
2304 4871 2591 4927 aestimata
2618 4870 2738 4926 sint
2771 4868 2954 4925 millia
2984 4868 3345 4940 quindecim,

2113 4963 2281 5034 queis
2313 4962 2541 5018 cunctis
2569 4960 2765 5018 oculos
2800 4963 2916 5016 lata
2946 4959 3236 5016 sententia
3265 4960 3439 5017 eruit.

2117 5054 2228 5107 Hos
2261 5056 2456 5106 autem
2490 5049 2693 5121 paucis
2723 5050 2974 5105 ducibus
3005 5049 3347 5119 instructos,

2114 5158 2264 5214 quos
2297 5157 2411 5195 uno
2442 5144 2670 5195 tantum
2706 5139 2873 5193 oculo
2905 5142 3308 5205 exeaecaverat,

2116 5229 2345 5286 remisit
2374 5234 2616 5284 cunctos
2649 5229 2865 5283 liberos
2895 5227 2954 5282 in
2990 5227 3272 5284 Mcnsiam.

2117 5322 2272 5385 Quos
2306 5318 2405 5374 ubi
2436 5317 2520 5373 sic
2551 5318 2789 5372 affectos
2820 5334 2917 5371 rex
2947 5333 3093 5373 suus
3123 5317 3291 5388 vidit,

2119 5406 2387 5463 maeroris
2417 5406 2570 5461 ictus
2600 5404 2714 5461 telo
2750 5410 2995 5462 mortem
3028 5405 3192 5461 obiit.

3658 422 3762 480 118

420 5554 491 5609 44
521 5553 715 5624 Hujus
753 5545 1202 5624 religiosissimi
1260 5545 1546 5624 principis
1603 5543 1836 5615 insigne
1871 5562 2009 5624 om:
2121 5550 2379 5624 secundo
2408 5549 2705 5624 volumine
2737 5549 2922 5624 praafz,
2954 5566 3011 5624 p7.
3048 5550 3099 5605 1.

349 5624 561 5701 μήλιον
606 5613 909 5701 possidet:
931 5613 1286 5701 bibliotheca
1327 5613 1641 5701 Yaticana,
1670 5613 2010 5701 .‘menologii
2121 5693 2158 5701 _
2191 5622 2300 5693 (42)
2335 5623 2504 5701 ζκῃδοε
2535 5622 2678 5701 dicit
2709 5613 3023 5701 p'rOIMaazis
3064 5624 3344 5701 perpetuo
3377 5620 3764 5701 Ephyazmius.

348 5686 811 5773 ‘ScllicerGl'QCi
846 5689 1203 5773 βίοξυτβῒυω
1235 5690 1497 5773 εοάᾗρθπξ
1549 5686 2010 5773 Ποδίὶξξεῖφυίω
2121 5686 2517 5773 Proverbium
2560 5686 2759 5773 tamen
2817 5686 3083 5765 loquitur
3128 5686 3201 5749 de
3247 5686 3445 5764 Mysis.
3476 5692 3667 5747 Zenob
3696 5691 3765 5759 V,

352 5772 529 5843 cujus
560 5756 929 5825 mentionem
952 5762 1058 5818 feci
1080 5763 1139 5818 in
1166 5761 1524 5819 collectionis
1558 5775 1697 5815 mets
1717 5756 1987 5817 Vaticana

1024 5762 1058 5817 :i
1080 5763 1139 5818 in
1166 5761 1524 5819 collectionis
1558 5775 1697 5815 mets
1717 5756 2013 5817 Vaticanis
2128 5767 2220 5834 l5;
2254 5765 2413 5837 Diog.
2448 5764 2539 5833 VI,
2574 5766 2659 5819 42.
