4140 6418
337 406 445 464 419
1550 407 1927 465 ΕΡΗΒΕΜΠ

1550 407 1927 465 ΕΡΗΒΕΜΠ
1973 399 2548 459 CHBONOGRAPHI

341 538 535 607 Atque
561 533 700 590 hinc
730 536 985 593 Basilius
1018 539 1316 611 Augustus
1348 554 1600 611 magnus

340 624 516 696 vulgo
546 626 741 682 vocari
772 626 1142 697 Bulgaricida
1173 630 1366 699 coepit.

342 718 658 770 Moesorum
692 722 887 771 autem
918 717 1104 789 captis
1143 719 1429 790 hesperiis
1460 717 1705 771 urbibus

334 804 617 871 ~Achride,
649 806 897 877 Scopiis,
929 811 985 861 et
1014 807 1373 863 Prestblabis
1406 807 1677 877 geminis,

346 893 599 948 Serdicae
631 909 866 965 quoque
894 900 953 949 et
980 896 1198 951 Bidinac
1230 896 1487 952 castellis

346 982 731 1053 Pernicoque,
762 1000 896 1038 cum
928 985 1162 1040 arcibus
1192 986 1433 1057 triginta
1462 984 1746 1055 quinque,

347 1076 589 1129 cunctas
621 1073 881 1128 Romano
913 1073 1181 1129 subdidit
1208 1074 1478 1146 imperio.

578 1206 1131 1263 CONSTANTINUS
1172 1208 1433 1264 BASILII
1476 1208 1764 1265 FRATEB

856 1279 969 1334 AN.
1012 1280 1083 1334 II.
1129 1280 1341 1335 MENS.
1383 1280 1480 1336 VI.

344 1406 663 1475 Postquam
694 1404 1008 1475 grandwva
1036 1408 1202 1459 aetate
1232 1404 1327 1459 hic
1359 1408 1604 1460 mortem
1637 1406 1801 1476 obiit,

344 1492 765 1549 Constantinus
793 1491 973 1547 frater
1002 1491 1314 1564 imperium
1346 1493 1565 1561 tenuit;

346 1584 578 1637 vastum
609 1581 850 1651 quidem
883 1596 1096 1652 corpus
1127 1581 1396 1654 viresque
1419 1584 1673 1654 jactans,

348 1670 450 1725 sed
482 1673 680 1724 tamen
712 1670 885 1724 corde
915 1669 1160 1725 timidus
1189 1676 1247 1726 et
1275 1671 1584 1741 infractus,

351 1757 513 1814 molli
542 1775 772 1814 morum
803 1774 1016 1831 genere
1047 1766 1104 1815 et
1136 1760 1365 1832 ignavo,

349 1847 564 1903 theatri
598 1852 774 1920 atque
803 1847 943 1904 aleae
973 1850 1170 1906 studio
1207 1851 1462 1923 deditus,

350 1936 600 2007 deliciis,
631 1953 850 2008 ganea,
885 1937 1039 2006 vino,
1075 1944 1131 1994 et
1162 1940 1243 1995 rei
1275 1957 1551 2009 venereae,

349 2025 714 2096 voluptatum
748 2028 1108 2099 mancipium
1143 2032 1320 2100 atque
1350 2030 1523 2102 gulae,

352 2113 625 2170 aemulam
656 2115 834 2171 vitam
868 2117 1085 2189 degens
1117 2120 1512 2191 Sardanapalo
1547 2138 1559 2176 :

350 2204 625 2259 Barbarie
655 2206 881 2260 cunctis
913 2206 1185 2261 hostibus
1214 2207 1490 2276 ludibrio,

349 2309 604 2364 quorum
636 2293 941 2349 incursum
974 2294 1129 2351 haud
1163 2297 1345 2351 armis
1378 2298 1678 2370 repellere,

349 2398 457 2437 nec
487 2382 700 2453 gladiis
732 2384 1097 2455 propulsare,
1133 2386 1205 2440 ob
1248 2390 1492 2453 metum,
1523 2388 1785 2455 censuit;

348 2488 550 2527 verum
582 2473 821 2528 tributis
851 2475 1118 2530 subditos
1152 2481 1429 2543 atterens,

351 2560 657 2633 multaque
688 2566 744 2616 et
773 2563 933 2619 varia
962 2563 1090 2619 sine
1120 2564 1235 2619 ﬁne
1266 2565 1525 2637 exigens,

352 2650 635 2707 barbaros
667 2651 997 2707 deleniebat
1028 2654 1315 2709 donorum
1349 2655 1608 2727 cumulo,

353 2739 586 2797 collatis
615 2741 791 2796 etiam
824 2742 1077 2798 summis
1109 2743 1501 2815 dignitatibus
1538 2763 1550 2801 :

353 2830 439 2886 sic
470 2830 859 2886 Barbarorum
894 2831 1178 2903 mitigans
1209 2833 1503 2889 ferociam.

354 2920 683 2976 Calumniis
715 2926 908 2975 autem
944 2920 1170 2976 facilem
1207 2939 1408 2978 aurem
1443 2922 1729 2995 praebens,

347 3008 692 3075 iracundiae,
728 3008 985 3079 invidiae,
1023 3009 1378 3081 malignitati
1412 3011 1720 3082 obnoxius,

349 3097 570 3155 multos
601 3098 882 3154 mortales
914 3100 1187 3170 spoliavit
1215 3101 1369 3172 vita;

347 3187 652 3244 oculorum
686 3186 835 3244 alios
865 3189 1091 3243 orbavit
1121 3189 1345 3246 lumine

342 3276 745 3347 suspicionum
779 3282 1074 3333 momento
1104 3277 1398 3350 impulsus
1429 3278 1559 3335 levi.

343 3366 593 3422 Demum
626 3370 855 3421 senecta
887 3372 941 3421 et
973 3367 1195 3423 morbis
1226 3368 1614 3440 conﬂictatus,

330 3455 579 3526 jamque
606 3454 825 3511 instare
855 3472 1101 3512 cernens
1132 3456 1259 3511 vitae
1294 3459 1491 3526 finem,

343 3542 673 3596 Romanum
704 3544 1136 3615 Argyropulum
1169 3547 1491 3616 adoptavit,

340 3630 511 3703 eique
540 3630 725 3687 ﬁliam
757 3632 1053 3703 propriam
1088 3635 1297 3706 nuptui
1331 3636 1509 3703 dedit,

340 3720 515 3792 pulsa
543 3738 647 3793 per
676 3720 877 3776 dolum
913 3724 1159 3795 conjuge
1188 3724 1470 3797 legitima.

341 3809 484 3864 Exin
516 3809 747 3881 imperii
780 3826 1013 3882 quoque
1045 3815 1275 3883 pondus
1305 3815 1549 3871 tradidit
1582 3834 1594 3872 :

342 3898 621 3970 brevique
653 3899 844 3955 adhuc
872 3907 1194 3973 superstes,
1225 3905 1445 3960 efﬂavit
1473 3906 1755 3962 animam.

715 4033 1057 4090 ROMANUS
1094 4037 1627 4098 ARGYROPULUS

810 4106 923 4162 AN.
964 4106 1013 4161 V
1050 4108 1142 4164 ET
1182 4110 1394 4167 MENS.
1436 4113 1528 4170 VI.

345 4233 644 4288 Romanus
674 4248 811 4305 ergo
842 4235 1223 4292 constituitur
1249 4237 1589 4310 imperator,

343 4322 431 4376 vir
460 4322 675 4393 bonus,
703 4324 856 4393 pius,
890 4324 1194 4380 nobilitate
1225 4325 1449 4397 cluens,

342 4410 673 4466 litterarum
709 4413 1044 4485 artiumque
1075 4415 1301 4471 amicus
1333 4418 1621 4490 omnium,

344 4499 565 4571 publici
596 4500 735 4557 recti
760 4503 915 4572 juris
948 4504 1368 4575 peritissimus,

344 4604 595 4644 versura;
626 4606 761 4645 cum
795 4597 1002 4647 mutua
1033 4593 1413 4663 ﬁdejussione
1444 4611 1695 4664 eversor,

346 4694 481 4748 erga
509 4694 721 4748 egenos
752 4696 956 4736 omnes
988 4680 1192 4752 largus
1224 4699 1424 4753 opum,

348 4771 405 4822 et
432 4769 797 4839 captivorum
831 4771 1169 4841 redemptor
1201 4771 1609 4842 plurimorum.

351 4856 666 4912 Maximam
698 4857 900 4928 templi
932 4858 1026 4913 hic
1054 4859 1281 4929 Sophiae
1312 4862 1576 4917 absidem

353 4946 600 5018 pulchro
632 4950 879 5004 artiﬁcio
910 4966 977 5005 ac
1009 4950 1318 5022 splendido
1350 4954 1660 5025 compegit,

353 5036 722 5109 multamque
750 5040 874 5093 auri
907 5040 1024 5094 vim
1057 5041 1325 5096 attribuit
1356 5042 1607 5109 clericis,

351 5130 410 5181 et
440 5127 743 5197 publicum
774 5128 1043 5185 dissolvit
1072 5147 1149 5186 aes
1182 5131 1462 5188 alienum.

350 5215 512 5271 Idem
545 5215 775 5272 collatis
806 5217 867 5271 in
899 5218 1254 5275 thniciam
1282 5223 1463 5277 armis

350 5309 555 5360 contra
588 5306 923 5377 foedifragos
955 5307 1170 5380 impios
1199 5312 1517 5381 Agarenos,

348 5392 450 5461 qui
482 5392 752 5448 subditas
784 5394 1029 5465 imperio
1066 5398 1243 5452 urbes
1274 5404 1567 5469 ceperant,

346 5483 612 5535 conserta
642 5498 819 5536 manu
854 5486 1133 5555 pugnavit
1163 5486 1490 5557 infeliciter,

345 5570 602 5638 fugaque
633 5570 815 5625 evasit
846 5572 903 5626 in
936 5576 1139 5629 urbem
1174 5576 1570 5645 Antiochiam,

343 5660 518 5726 atque
550 5658 709 5714 illinc
742 5670 925 5717 semet
956 5666 1201 5720 contulit
1237 5670 1598 5738 Byzantium.

344 5746 482 5801 Dein
517 5748 633 5804 alio
667 5750 899 5822 ingenio
932 5770 993 5809 se
1025 5756 1281 5812 ostendit
1310 5757 1643 5829 praeditum,

2020 533 2077 598 Α
2317 521 2431 577 Κάκ
2456 518 2615 577 τοῦδε
2646 517 2930 580 Βασίλειος
2960 513 3269 593 Αὔγουστος
3315 517 3480 595 μέγας

2318 618 2485 667 Πᾶσιν
2520 609 2878 681 ἐπωνόμαστο
2909 606 3412 682 Βουλγαροκτόνος·

2104 702 2246 755 2915
2283 698 2458 756 Ἑλὼν
2494 696 2549 752 δὲ
2581 700 2779 755 Μυσῶν
2806 696 2900 758 τὰς
2932 697 3049 759 καθ’
3081 694 3306 771 ἑσπέραν
3339 696 3530 759 πόλεις

2288 785 2517 863 Ἀχρίδα
2544 786 2635 841 καὶ
2669 788 2899 857 Σκόπια,
2931 780 3282 859 Πρεσθλάϐας
3311 782 3407 841 δύο

2287 878 2398 939 Τὰς
2432 876 2485 931 έν
2522 873 2762 951 Σαρδικῇ
2794 875 2883 929 καὶ
2917 872 3134 944 Βιδίνης
3169 873 3369 950 χωρία,

2288 966 2393 1020 Σὺν
2430 966 2675 1039 Ιίερνίκῳ
2705 964 2940 1041 φρούριά
2972 965 3018 1017 θ’
3049 963 3183 1018 ἑπτὰ
3210 962 3495 1033 πεντάδας,

2285 1055 2468 1110 Πάντα
2496 1053 2826 1123 καθυπέταξε
2855 1054 3142 1126 Ῥωμαίων
3164 1053 3371 1129 κράτει.

3661 392 3767 448 120

2146 1190 2679 1247 ΚΩΝΣΤΑΝΤΙΝΟΣ
2725 1190 2769 1246 Ο
2811 1189 3135 1244 ΑΔΕΛΦΟΣ
3185 1188 3408 1245 ΑΥΤΟΥ
3448 1191 3557 1246 ΕΤ.
3599 1190 3659 1246 Β“
3698 1210 3731 1253 ς

2106 1404 2248 1460 2920
2288 1400 2501 1460 Τούτου
2536 1401 2974 1475 μεταλλάξαντος
3008 1399 3061 1455 ἰν
3092 1402 3240 1476 γήρᾳ
3273 1400 3389 1477 βίον

2288 1494 2692 1553 Κωνσταντῖνος
2724 1490 2982 1563 σύναιμος
3014 1487 3173 1565 ἄρχει
3202 1494 3299 1545 τοῦ
3323 1491 3577 1563 κράτους,

2287 1586 2484 1656 Ὄγκον
2521 1581 2615 1653 μὲν
2640 1578 2826 1655 αὐχῶν
2854 1580 3163 1651 σωματικὸν
3196 1580 3285 1633 καὶ
3317 1579 3526 1649 σθένος,

2289 1668 2477 1732 Δειλὸς
2510 1667 2567 1725 δὲ
2594 1670 2821 1743 πάμπαν
2852 1666 3101 1745 καρδίαν,
3142 1669 3446 1742 ἀνειμένος,

2290 1762 2495 1821 ’Ἢθους
2525 1760 2780 1837 πεφυκὼς
2816 1757 3102 1832 μαλθακοῦ
3131 1758 3221 1813 καὶ
3255 1758 3524 1834 ῥᾳθύμου,

2028 1874 2077 1939 Β
2108 1850 2252 1907 2925
2289 1853 2677 1924 Θεατρομανῶν
2707 1848 2797 1903 καὶ
2826 1842 3017 1911 κύϐοις
3047 1848 3429 1923 προσανέχων,

2286 1943 2528 2017 Τρυφαῖς
2558 1959 2636 2011 τε,
2669 1940 2904 2011 κώμοις,
2939 1936 3304 2015 ἀφροδισίοις,
3339 1940 3549 2012 μέθαις,

2281 2026 2669 2092 Ἥδυπαθείαις
2700 2027 2992 2104 ἐντρυφῶν,
3015 2026 3334 2097 συσσιτίοις,

2284 2118 2410 2175 Βίον
2446 2119 2579 2192 βιῶν
2613 2114 2862 2193 ἄντικρυς
2886 2115 3333 2191 Σαρδαναπάλου’

2284 2210 2539 2284 ’Ἂουρμα
2577 2213 2709 2262 πᾶσι
2743 2202 3050 2282 Βαρϐάροις
3082 2206 3418 2275 ἂντιπάλοις,

2109 2300 2250 2355 ⁸2930
2289 2300 2381 2352 Ὧν
2417 2298 2590 2372 ὁρμὰς
2623 2298 2725 2351 οὐκ
2750 2293 2926 2371 ἔκρινε
2953 2294 3063 2351 δεῖν
3088 2295 3284 2357 ὅπλοις
3312 2296 3551 2372 τρέπειν,

2286 2388 2357 2445 Ἠ
2391 2385 2733 2441 συνελαύνειν
2767 2391 2903 2462 σφᾶς
2936 2385 3072 2463 ξίφει
3104 2386 3240 2459 πρὸς
3274 2382 3502 2439 δειλίαν

2288 2474 2590 2545 Ὑπηκόους
2623 2472 2679 2529 δὲ
2709 2474 3115 2546 καλαμώμενος
3147 2473 3336 2550 φόροις

2289 2563 2618 2637 Είσπράξεσί
2647 2585 2704 2619 τε
2734 2562 3105 2625 παντοδαπαῖς
3136 2563 3399 2638 συχνάκις

2292 2652 2598 2727 Ἐδεξιοῦτο
2632 2651 2863 2728 δωρεαῖς
2894 2659 3026 2730 σφᾶς
3058 2652 3336 2729 ἀφθόνοις,

2108 2746 2253 2801 2935
2291 2748 2413 2801 Τῶν
2447 2744 2773 2816 ἀξιωμάτων
2799 2763 2857 2796 τε
2886 2747 3002 2803 τοῖς
3034 2741 3371 2817 ὑπερτᾶτοις·

2288 2832 2447 2890 Οὓτω
2478 2835 2811 2905 κατεπράϋνε
2842 2826 3141 2907 Βαρϐάρων
3177 2830 3391 2906 θράσος.

2289 2918 2585 2985 Διαϐολαῖς
2616 2919 2661 2976 δ’
2691 2919 2930 2976 εὕεικτον
2961 2922 3051 2982 οὓς
3080 2921 3148 2989 ἦν
3185 2920 3432 2995 ὑπέχων,

2288 3013 2531 3081 Ἦττητο
2566 3012 2741 3083 θυμοῦ
2771 3012 2860 3064 καὶ
2893 3010 3093 3087 φθόνου
3124 3010 3211 3064 καὶ
3245 3008 3459 3072 κακίας·

2291 3101 2448 3155 Ταῦτ’
2477 3098 2580 3175 ἄρα
2612 3097 2861 3160 πολλοὺς
2894 3099 3150 3173 ἐστέρησε
3176 3103 3273 3153 τοῦ
3308 3099 3455 3175 βίου,

2112 3190 2254 3261 2940
2293 3185 2514 3244 ’Ἄλλων
2549 3184 2597 3240 δ’
2628 3186 2840 3259 ἐπήρου
2869 3186 2964 3249 τὰς
2995 3188 3159 3260 κόρας
3190 3191 3297 3241 τῶν
3332 3186 3596 3261 ὀμμάτων

2284 3278 2368 3349 Ἐξ
2403 3275 2664 3337 ὑπονοίας
2697 3277 2784 3329 καὶ
2811 3274 2984 3348 ψιλῆς
3018 3274 3270 3349 ὑποψίας.

2286 3366 2438 3420 Ἐπεὶ
2473 3363 2531 3419 δὲ
2560 3366 2877 3440 τετρύχωτο
2904 3366 3047 3439 γήρᾳ
3076 3366 3165 3420 καὶ
3197 3365 3408 3435 νόσοις,

2290 3455 2389 3509 Καὶ
2420 3452 2669 3527 καθεώρα
2698 3451 3075 3528 προσδόκιμον
3108 3454 3170 3508 τὸ
3206 3454 3424 3529 μέτρον,

2288 3544 2351 3597 ’A
2361 3540 2673 3619 ργυρόπουλ
2683 3564 2738 3597 ον
2772 3544 2985 3615 Ῥωμαν
2995 3544 3049 3597 ὸν
3083 3538 3525 3618 προσλαμϐάνει,

2109 3634 2256 3687 2945
2295 3633 2393 3686 Καὶ
2424 3629 2569 3702 τῷδε
2602 3632 2865 3703 συνῴκισε
2896 3632 2993 3699 τήν
3029 3630 3318 3707 Θυγατέρα,

2292 3720 2453 3793 Δόλῳ
2481 3721 2734 3795 γυναικὸς
2765 3726 2864 3789 τῆς
2897 3721 3137 3793 νομίμου
3171 3720 3437 3796 χωρίσας.

2279 3811 2411 3867 Εἶτα
2441 3807 2785 3885 παραδίδωσι
2814 3809 2904 3863 καὶ
2944 3808 3306 3884 κραταρχίαν’

2279 3892 2565 3959 Ἐπιϐιοὺς
2600 3895 2657 3951 δὲ
2684 3894 2870 3952 τοῖσδε
2904 3897 3122 3971 μικρὸν,
3157 3894 3387 3954 ἐκπνέει.

2031 3241 2074 3307 C

2267 4030 2592 4087 ΡΩΜΑΝΟΣ
2631 4032 2674 4087 Ο
2714 4030 3252 4087 ΑΡΓΥΡΟΠΟΥΛΟΣ
3290 4030 3389 4085 ΕΤ.
3430 4030 3505 4088 Ε’.
3550 4049 3601 4093 ς.

2287 4243 2611 4299 Καθίστειται
2645 4242 2702 4298 δὲ
2730 4244 3007 4315 Ῥωμανὸς
3038 4242 3415 4319 αὐτοκράτωρ,

2102 4335 2250 4390 2950
2286 4334 2452 4407 Ἀνὴρ
2486 4333 2705 4408 ἀγαθὸς,
2737 4328 2985 4401 εὐσεϐὴς,
3021 4329 3373 4406 εὐπατρίδης,

2288 4422 2466 4496 Λόγον
2500 4421 2713 4496 ἑταῖρος
2744 4421 2834 4475 καὶ
2865 4420 3070 4495 τέχνης
3100 4419 3413 4494 ἐγκυκλίου,

2287 4514 2410 4568 Τῶν
2439 4508 2721 4584 δημοσίων
2750 4511 2960 4585 εὐαγῶν
2994 4507 3135 4584 ἴδρις
3168 4509 3378 4581 νόμων,

2028 4609 2074 4676 D
2283 4600 2633 4676 Είσπράξεως
2665 4597 2891 4675 ὄλεθρος
2928 4598 3071 4669 άλλη
3084 4596 3340 4673 λεγγύου,

2289 4689 2649 4764 Εὐεργετικὸς
2679 4688 3081 4764 ἀπορουμένοις
3114 4685 3292 4754 ὅλοις,

2110 4780 2252 4835 2955
2292 4778 2665 4854 Δορυαλώτων
2702 4776 3122 4853 δυσαριθμήτων
3157 4774 3330 4846 λύτης

2290 4872 2436 4922 Ναοῦ
2470 4868 2670 4944 Σοφίας
2700 4874 2799 4936 τῆς
2835 4866 3095 4940 μεγίστης
3124 4863 3319 4939 ἀψίδος

2287 4956 2625 5030 Εὐμήχανός
2654 4976 2735 5016 τις
2767 4953 3065 5032 φιλόκιμος
3098 4952 3376 5026 συνδέτης,

2285 5049 2502 5120 Χρυσοῦ
2534 5044 2777 5118 χορηγὸς
2809 5042 3044 5120 ἀφθόνου
3073 5040 3504 5118 κληρουμένοις,

2288 5138 2496 5193 Κοινῶν
2532 5133 2709 5208 χρεῶν
2747 5132 2919 5202 λύτης
2950 5153 3007 5186 τε
3035 5132 3125 5185 καὶ
3154 5129 3320 5201 δότης
3350 5131 3540 5188 πάλιν.

2104 5227 2246 5281 2960
2285 5224 2457 5285 Οὗτος
2488 5220 2809 5299 στρατεύσας
2836 5222 2973 5276 κατὰ
3001 5224 3108 5275 τῶν
3145 5219 3195 5275 έν
3231 5220 3459 5294 Φοινίκῃ

2287 5310 2535 5375 Σπονδᾶς
2561 5310 2838 5366 λυσάντων
2872 5312 3186 5385 Ἀγαρηνῶν
3222 5310 3392 5373 ἀθέων

2282 5403 2479 5463 Πόλεις
2511 5403 2557 5465 θ’
2590 5401 2826 5456 ἑλόντων
2859 5402 2956 5461 τὰς
2992 5398 3264 5469 ὑπηκόνυς
3296 5399 3479 5474 κράτει

2279 5493 2380 5545 Καὶ
2418 5491 2760 5563 συμπλακεὶς
2792 5490 2999 5559 ἥττητο
3031 5486 3312 5549 δυσκλεῶς
3344 5508 3514 5565 σφισι.

2277 5581 2373 5635 Καὶ
2411 5578 2644 5649 διεσώθη
2681 5580 2817 5654 πρὸς
2849 5578 3014 5633 πόλιν
3049 5576 3363 5649 ’Δντιόχου,

2095 5672 2238 5727 2965
2278 5669 2527 5729 Κάκεῖθεν
2563 5669 2829 5737 ἀνέζευξεν
2865 5668 2939 5728 εἷς
2975 5665 3398 5720 Κωνσταντίνου·

2276 5758 2377 5816 Καὶ
2411 5758 2605 5813 λοιπὸν
2641 5757 2924 5829 ἠλλοίωτο
2958 5758 3182 5831 γνώμην
3215 5756 3313 5824 τὴν
3346 5755 3542 5827 πάλαι,
