4140 6398
346 386 457 443 129

525 511 760 587 Ψήφους
797 514 1008 575 τιθεῖσα
1036 511 1127 566 καὶ
1160 508 1312 573 δίκας
1339 511 1478 566 κατὰ
1505 510 1696 586 λόγον,

530 599 633 656 Καὶ
667 598 970 675 βασιλικῶς
1001 600 1423 675 χρηματίζουσα
1445 599 1611 655 πάλιν

524 692 655 752 Τοῖς
687 684 979 765 πρέσϐεσιν
1012 689 1237 758 ἥκουσιν
1270 689 1321 761 ἐξ
1355 690 1666 767 ἐθναρχίας.

523 778 732 837 Οὐκοῦν
762 780 895 842 Θεὸς
924 777 1177 835 κύδιστον
1208 777 1464 853 εὔδαιμον
1493 781 1690 856 κράτος

335 869 486 925 3195
524 867 803 944 Παρέσχεν
837 867 976 942 αὐτῇ
1008 867 1258 945 φυλακῆς
1288 870 1449 944 χάριν
1480 870 1690 942 νόμων,

522 958 706 1013 Αὐτοῦ
735 978 795 1013 τε
825 959 1034 1012 σιπτῶν
1067 957 1262 1013 ἐνθέων
1294 959 1730 1035 προσταγμάτων

520 1046 624 1104 Καὶ
651 1042 930 1100 συνδιεῖπε
957 1044 1092 1120 τῇδε
1120 1048 1220 1115 τὴν
1249 1047 1612 1123 κραταρχίαν,

520 1133 594 1193 Εὖ
623 1134 796 1190 πάντα
819 1135 992 1199 τιθεὶς
1016 1135 1095 1197 ὡς
1128 1135 1259 1197 Θεὸς
1290 1137 1701 1211 παντοκράτωρ·

518 1225 594 1280 Οὐ
623 1225 727 1301 γάρ
757 1225 881 1279 ποτ’
910 1226 1061 1279 ὧπτο
1090 1222 1257 1294 τῆσδε
1284 1224 1591 1301 κρατούσης
1622 1223 1770 1288 ὅλως

336 1316 485 1374 3200
524 1314 866 1383 Ἀποστάτης
892 1322 979 1378 τις
1007 1315 1043 1386 ἢ
1073 1312 1394 1391 τυραννίδος
1428 1314 1644 1391 ῥέκτης,

520 1403 634 1462 Οὐκ
664 1400 907 1477 ἰνδρομή
940 1424 1023 1465 τις
1054 1402 1271 1473 ἐθνικῆς
1303 1405 1614 1479 ὁμαιχμίας

452 1502 473 1521 ⁸
523 1491 711 1550 Ὅπλα
737 1492 998 1563 κινούσης
1028 1495 1167 1548 κατὰ
1197 1494 1483 1561 Ῥωμαίων
1512 1496 1765 1568 κράτους,

523 1581 595 1637 Οὐ
627 1579 889 1658 δυσχερές
921 1603 974 1636 τι
1004 1583 1095 1637 καὶ
1125 1582 1423 1659 πρόσαντες
1452 1589 1533 1655 τῷ
1567 1584 1691 1660 βίῳ.

521 1672 703 1729 Πάντα
733 1669 792 1726 δὲ
819 1670 963 1727 καλὰ
991 1673 1082 1726 καὶ
1113 1671 1269 1728 πλέω
1302 1671 1596 1747 θυμηδίας,

334 1762 485 1818 3205
523 1762 694 1833 Ὡρῶν
726 1762 917 1835 κράσις
949 1760 1230 1837 εὔκρατος,
1261 1762 1535 1838 εὐετηρία,

522 1849 765 1920 Εὐθηνία
792 1850 1136 1925 πάγκαρπος,
1164 1848 1398 1929 ἄφθονος
1424 1853 1606 1928 χύσις,

520 1939 618 1996 Καὶ
646 1944 715 2013 γῆ
753 1938 883 2012 μέλι
912 1938 1109 2015 ῥέουσα
1137 1939 1228 1995 καὶ
1257 1940 1384 2015 γαλ’
1414 1941 1686 2019 ἀφθόνως,

514 2028 621 2085 Καὶ
656 2027 773 2103 βίος
805 2028 1043 2104 ἡσύχιος
1075 2027 1318 2104 εὐτυχὴς
1348 2030 1502 2105 ἄγαν.

515 2116 665 2174 Ἐπεί
698 2114 755 2172 δὲ
790 2118 908 2193 βίον
941 2115 1184 2173 ἐκλιπεῖν
1218 2118 1429 2181 πάντως
1457 2114 1586 2189 ἔδει,

327 2210 475 2266 3210
514 2207 657 2282 Πρὸς
686 2206 862 2281 τέρμα
896 2207 1018 2281 βίου
1050 2210 1286 2284 κράτορα
1323 2206 1634 2281 Ῥωμαΐδος

507 2296 646 2355 de.
675 2296 911 2372 Μιχαὴλ
943 2299 1280 2373 στρατιώτην
1314 2297 1547 2353 δεικνύει

504 2386 739 2463 Γηραιὸν
771 2384 960 2461 ἄνδρα,
994 2390 1301 2442 παντάπασι
1332 2382 1668 2461 πρεσϐύτην,

502 2470 845 2551 Ἀϐληχρὸν,
878 2473 1088 2549 ἀδέξιον
1122 2476 1197 2540 εἷς
1226 2477 1585 2553 κραταρχίαν

504 2565 601 2621 Ἐκ
623 2564 901 2640 νωχελίας
930 2569 1163 2642 φυσικῆς
1195 2567 1404 2640 γήρους
1435 2568 1480 2621 θ’
1512 2567 1650 2639 ἅμα,

323 2654 472 2710 3215
505 2650 781 2708 ’Βλκοντα
811 2654 991 2729 σειρὰν
1024 2651 1084 2708 ἐκ
1114 2654 1409 2723 Βυζαντίου
1440 2656 1654 2730 γένους,

507 2742 634 2800 Ἕπῖ
669 2741 965 2818 βράχιστον
996 2747 1095 2797 τοῦ
1127 2745 1360 2819 κράτους
1391 2743 1719 2819 γεγευμένον

508 2833 614 2888 Καὶ
651 2829 953 2905 μηδοτιούν
985 2836 1096 2887 τῶν
1122 2830 1306 2888 καλῶν
1340 2834 1684 2908 πεπραχότα.

510 2922 626 2997 Ἐφ’
658 2921 720 2976 οὗ
754 2918 882 2984 δυὰς
914 2919 1134 2994 ἤκμασε
1161 2926 1269 2978 τῶν
1301 2923 1586 2998 ἀριστέων,

508 3012 633 3066 Τῶν
664 3030 723 3064 τε
748 3014 1069 3086 στρατηγῶν
1103 3010 1305 3066 συνέσει
1336 3013 1383 3066 τ’
1414 3009 1674 3088 εὐανδρίᾳ

327 3101 473 3155 3220
507 3096 639 3155 Βίου
668 3118 726 3153 τι
756 3096 1111 3172 λαμπρότητι
1139 3099 1229 3154 καὶ
1257 3103 1327 3173 τῇ
1357 3104 1453 3154 τοῦ
1479 3100 1667 3175 γένους

504 3194 543 3242 Κ
588 3186 600 3205 ε
677 3193 706 3204 -
868 3186 956 3243 ’δό
1166 3186 1248 3243 νδ
1353 3210 1374 3222 -
1461 3188 1470 3206 ί

549 3209 603 3242 αι
634 3209 795 3243 πασιν
829 3209 889 3243 ευ
960 3209 1129 3261 κιμος
1164 3209 1215 3242 εν
1255 3190 1371 3260 οξο..
1403 3210 1542 3244 πανυ

499 3278 563 3335 Ὀ
594 3276 903 3333 Κατακαλὼ
933 3277 1242 3349 τούπίκλην
1273 3281 1602 3352 κεκασμένος
1637 3280 1772 3355 (46),

502 3368 645 3441 Πρὸς
681 3358 813 3439 τῷδ’
845 3366 1114 3429 Ἰσαάκιος
1146 3372 1447 3440 Κομνηνῶν
1475 3369 1687 3444 γένους,

504 3463 691 3518 Ὅστις
721 3456 958 3518 ἀποστὰς
987 3454 1297 3533 πορφυρίδα
1320 3457 1409 3512 καὶ
1437 3459 1629 3535 στέφος

317 3546 473 3602 3225
510 3544 677 3617 Αὐτῷ
704 3546 1027 3619 περιέθηκεν
1061 3544 1289 3621 ἀντάρας
1318 3547 1523 3618 κράτει,

502 3632 602 3688 Καὶ
631 3633 828 3709 κράτος
858 3631 1120 3707 ἀδήριτον
1150 3630 1307 3710 ἔσχεν
1349 3635 1595 3693 εἰσάπαν.

500 3722 805 3793 Ἐξίσταται
834 3721 893 3779 δὲ
924 3724 1162 3799 Μιχαὴλ
1200 3725 1558 3801 κραταρχίας.

551 3841 895 3897 ΙΣΑΑΚῙΟΣ
936 3842 982 3896 Ο
1023 3841 1415 3897 ΚΟΜΝΗΝΟΣ
1456 3844 1565 3898 ΕΤ.
1609 3844 1670 3899 H'
1708 3863 1759 3906 ς.

501 3936 865 4013 Αὐτοκράτωρ
898 3937 989 3991 οὗν
1020 3939 1304 4011 Κομνηνὸς
1332 3936 1672 4016 δεδειγμένος

501 4028 766 4089 Ἰσαάκιος
793 4027 1049 4097 εὐσθενής
1079 4032 1471 4102 στρατηγέτης,

310 4118 463 4174 3230
502 4115 581 4173 Οὐ
611 4118 693 4187 τῷ
725 4118 843 4186 Θεῷ
873 4113 1108 4192 γέγραφε
1131 4116 1231 4185 τὴν
1266 4114 1541 4190 εὐτυχίαν,

498 4203 665 4274 Αὐτῷ
696 4201 755 4259 δὲ
789 4201 1003 4277 μᾶλλον
1037 4204 1186 4279 χειρί
1213 4226 1266 4260 τι
1298 4204 1608 4283 ξιφηφόρῳ.

500 4294 601 4349 Καὶ
629 4298 792 4349 τοῦτο
824 4290 1019 4363 δῆλον,
1053 4297 1137 4357 οἷς
1168 4294 1359 4350 ἑαυτοῦ
1387 4296 1478 4351 τὸν
1509 4296 1680 4352 τύπον

501 4389 742 4459 Στατῆρι
770 4386 954 4437 τυπῶν
988 4379 1160 4453 δεξιὰν
1190 4385 1489 4457 τεταμένην

501 4472 877 4544 Ἐσπασμένην
912 4470 1115 4551 ἔγραφε
1137 4473 1342 4547 γυμνὸν
1373 4475 1435 4529 τὸ
1468 4473 1641 4554 ξίφος.

310 4564 464 4621 3235
499 4563 571 4618 Ἦ
605 4558 653 4615 δ’
684 4559 845 4625 οὗτος
882 4561 1042 4637 ἀνὴρ,
1077 4561 1127 4616 έν
1160 4562 1445 4640 κεφαλαίῳ
1476 4586 1660 4641 φαναι,

500 4651 670 4714 Ἦθος
699 4644 931 4726 σοϐαρὸς
962 4650 1053 4705 καὶ
1095 4654 1592 4729 κατὼφρυωμένος,

501 4737 657 4812 Ὀξὺς
686 4739 824 4814 πρὸς
858 4734 1008 4816 ἔργα,
1040 4744 1149 4816 πῦρ
1181 4740 1356 4795 πνέων
1386 4740 1440 4795 έν
1468 4747 1587 4804 ταῖς
1620 4744 1849 4818 μάχαις,

498 4830 840 4905 Δραστήριος
874 4825 1113 4902 μάλιστα
1135 4829 1225 4883 καὶ
1254 4826 1589 4903 τολμητίας⁹

498 4915 837 4993 Στρατηγίαν
866 4914 1076 4990 ἄριστο,
1107 4915 1324 4992 ἀνδρεία
1354 4918 1534 4996 φύσις,

308 5007 458 5063 32ΑΟ
497 5006 614 5063 Οὐκ
639 5004 947 5079 ὡμιληκὼς
978 5004 1128 5076 πλὴν
1160 5010 1517 5085 προσανέχων
1548 5008 1763 5087 λόγοις·

493 5095 735 5170 Χάριτας
762 5094 921 5158 οὗτος
951 5094 1175 5151 ἐκτίνων
1209 5096 1478 5173 ἀρχιθύτῃ

494 5186 614 5253 Τῆς
647 5183 725 5245 ιίς
756 5184 818 5239 τὸ
846 5185 1045 5260 κράτος
1073 5182 1388 5262 συνδρομῆς
1418 5187 1714 5263 συνεργίας,

496 5270 771 5348 Φροντίδα
799 5274 1012 5328 πάντων
1044 5275 1378 5350 πραγμάτων
1412 5276 1739 5349 Ἐκκλησίας

497 5366 723 5434 "Eventu
751 5359 913 5434 τῷδε,
946 5361 1037 5416 καὶ
1069 5361 1212 5418 δυεῖν
1246 5364 1516 5443 ὀφφικίων

308 5456 459 5513 3245
498 5451 817 5524 Οἷκονόμου
845 5472 904 5505 τε
934 5451 1341 5529 σκευοφύλακός
1369 5456 1415 5518 θ’
1440 5458 1553 5528 ἅμα

500 5534 823 5616 Ηρόϐλησιν
855 5539 1083 5614 ἀπέταξε
1109 5542 1181 5615 τῇ
1209 5542 1532 5619 Ἐκκλησία,

387 5726 505 5801 (46)
537 5725 680 5783 COd.
712 5723 1069 5797 κεκαυμένος.

1886 389 2249 444 ΟΜΔΒΕΒ.

2036 517 2089 581 Α
2112 511 2214 581 jus
2247 516 2473 569 rectum
2503 514 2704 572 dicens
2736 519 2793 572 et
2821 518 3100 591 suffragia
3131 522 3321 577 ferens
3355 540 3369 578 :

2112 609 2359 674 insuper
2389 606 2552 676 regia
2582 622 2717 660 cum
2751 608 3057 677 majestate
3079 610 3378 682 excipiens

2112 706 2241 760 quae
2270 692 2662 748 mittebantur
2690 697 2958 767 gentium
2990 697 3335 769 legationes.

2115 780 2262 851 Ergo
2290 781 2613 853 gloriosum
2653 783 2765 853 ipsi
2802 784 2954 840 Deus
2987 788 3270 858 regimen.

2112 870 2406 926 concessit
2436 875 2671 941 pr0pter
2700 871 2897 943 legum
2930 875 3362 933 observantiam
3400 894 3413 933 :

2112 962 2170 1013 et
2200 959 2341 1030 quia
2371 959 2586 1016 divinis
2610 977 2724 1015 non
2760 962 3100 1019 discedebat
3130 966 3375 1038 regulis,

2113 1047 2332 1102 idcirco
2364 1053 2537 1114 Deus,
2569 1049 2836 1120 inquam,
2869 1051 3006 1107 huic
3038 1053 3352 1125 imperium

2112 1152 2459 1208 prosperum
2491 1137 2720 1203 tribuit,
2754 1145 2954 1211 utpote
2986 1144 3386 1215 omnipotens.

2113 1226 2377 1298 Namque
2409 1226 2519 1282 hac
2549 1233 2829 1299 regnante
2861 1230 3061 1286 nullus
3090 1232 3325 1289 rebellis
3345 1235 3607 1307 exstitit,

2112 1331 2285 1371 nemo
2315 1316 2684 1388 tyrannidem
2720 1320 2947 1389 uspiam
2979 1321 3267 1394 arripuit;

2112 1404 2315 1460 nullus
2341 1405 2620 1461 incursus
2649 1408 3089 1477 conjuratarum
3121 1412 3384 1480 gentium

2111 1494 2295 1549 armis
2325 1498 2653 1550 Romanum
2688 1496 2942 1567 pulsavit
2970 1497 3286 1569 imperium
3322 1520 3336 1569 ;

2112 1583 2194 1638 nil
2226 1582 2542 1640 molestum
2574 1585 2955 1641 adversumve
2988 1592 3205 1644 mundo
3238 1591 3471 1650 accidit.

2112 1672 2264 1737 Quin
2304 1673 2505 1728 omnia
2534 1674 2727 1729 fausta
2759 1673 3049 1747 plenaque
3076 1676 3311 1750 laetitiae,

2111 1763 2237 1818 ccnli
2269 1763 2606 1834 temperies,
2639 1763 2941 1820 fructuum
2973 1766 3268 1836 fertilitas,

2030 1876 2079 1941 Β
2111 1868 2356 1907 annonas
2387 1852 2582 1907 vilitas
2613 1858 2669 1907 et
2698 1855 2866 1925 copia
2894 1870 3114 1923 rerum,

2013 4611 2062 4677 D

2103 1956 2262 2014 terra
2292 1939 2465 1997 melle
2495 1940 2685 1996 ﬂuens
2715 1945 2773 1997 et
2798 1942 2946 1998 lacte
2976 1944 3290 2017 uberrime,

2096 2030 2225 2085 vitae
2258 2030 2449 2101 quies,
2481 2029 2736 2085 felicitas
2768 2032 3104 2104 omnigena.

2094 2120 2205 2174 Sed
2238 2119 2378 2190 quia
2407 2134 2687 2191 suprema
2709 2119 2969 2176 instabat
3000 2124 3344 2192 necessitas,

2094 2212 2425 2263 Romanum
2457 2208 2709 2263 moriens
2739 2209 3156 2282 imperatorem
3187 2217 3348 2268 creat

2096 2296 2438 2354 Michaelem
2474 2298 2793 2369 quemdam
2826 2298 3141 2371 agnomine
3171 2301 3540 2372 Stratiotam,

2095 2402 2297 2443 senem
2327 2388 2415 2442 vel
2450 2387 2647 2459 potius
2682 2404 2799 2443 aevo
2831 2388 3152 2462 decrepito,

2096 2475 2371 2546 debilem,
2401 2480 2578 2547 atque
2607 2475 2877 2547 ineptum
2908 2479 2980 2533 ad
3011 2479 3328 2550 imperium

2094 2564 2345 2636 segnitie
2372 2564 2621 2620 naturali
2658 2564 2942 2635 senioque
2974 2567 3175 2639 simul,

2095 2655 2197 2725 qui
2228 2653 2546 2726 Byzantina
2573 2653 2633 2707 in
2661 2653 2807 2709 urbe
2838 2660 3012 2709 natus
3045 2662 3190 2712 erat.

2092 2744 2201 2798 Hic
2229 2743 2539 2814 degustato
2570 2742 2917 2797 brevissime
2947 2743 3221 2816 imperio,

2095 2832 2243 2887 nihil
2276 2834 2562 2887 memoria
2592 2832 2839 2903 dignum
2872 2848 3127 2904 regnans
3159 2835 3315 2891 fecit.

2094 2922 2212 2977 Sub
2243 2937 2310 2978 eo
2342 2922 2597 2976 virorum
2629 2938 2735 2993 par
2771 2921 2971 2977 ﬂoruit
3000 2924 3391 2994 egregiorum,

2096 3009 2303 3066 bellica
2328 3009 2575 3066 scientia
2604 3014 2781 3081 atque
2811 3010 3174 3078 fortitudine,

2096 3099 2410 3172 splendore
2432 3098 2609 3156 simul
2637 3101 2770 3155 vita:
2802 3100 3058 3170 avitique
3088 3102 3352 3174 generis;

2097 3189 2195 3244 ille
2224 3188 2504 3245 nimirum
2536 3188 2785 3245 celebris
2817 3206 2882 3244 ac
2914 3189 3370 3249 laudatissimus

2093 3280 2193 3351 qui
2226 3281 2614 3350 cognomento
2645 3278 2839 3333 dictus
2870 3286 2961 3335 est
2988 3280 3261 3337 Catacalo
3299 3298 3314 3337 :

2091 3368 2238 3424 alter
2260 3366 2519 3424 Isaacius
2548 3366 2979 3423 Comnenorum
3013 3384 3246 3438 genere,

2090 3458 2191 3529 qui
2223 3456 2538 3513 manifeste
2568 3457 2641 3511 ab
2674 3456 2919 3529 imperio
2967 3457 3246 3513 deﬁciens

2092 3562 2416 3618 purpuram
2450 3544 2647 3600 induit
2678 3561 3073 3618 coronamque
3105 3547 3310 3616 cinxit,

2090 3640 2150 3690 et
2178 3634 2309 3690 sine
2338 3633 2491 3691 bello
2521 3633 2731 3690 stabile
2762 3650 3009 3707 regnum
3041 3636 3257 3693 tenuit.

2089 3722 2339 3779 Michael
2373 3730 2563 3779 autem
2597 3722 2843 3794 imperio
2866 3739 2927 3779 se
2958 3723 3277 3782 abdicavit.

3670 403 3775 459 130

2162 3838 2489 3895 ISAACIUS
2527 3837 2920 3893 COMNENUS
2960 3839 3076 3895 AN.
3128 3839 3279 3909 VIII,
3319 3841 3528 3899 MENS.
3571 3842 3668 3897 VI.

2089 3938 2238 4008 Ergo
2268 3935 2586 4007 imperator
2613 3935 2899 4007 processit
2919 3940 3259 3994 Comnenus

2087 4025 2225 4082 belli
2255 4025 2618 4081 fortissimus
2647 4024 2765 4079 dux
2797 4025 3081 4094 Isaacius,

2088 4117 2389 4171 fortunam
2424 4130 2592 4168 suam
2623 4128 2999 4184 nequaquam
3035 4116 3146 4170 Deo
3176 4115 3469 4187 tribuens,

2089 4207 2193 4263 sed
2226 4204 2339 4262 sibi
2373 4204 2560 4277 magis
2594 4203 2955 4274 brachioque
2985 4204 3255 4262 ensifero.

2091 4296 2152 4351 Id
2186 4294 2524 4363 declaravit,
2558 4310 2691 4349 cum
2728 4308 2902 4348 suum
2936 4297 3140 4366 typum

2090 4392 2308 4443 statere
2336 4385 2583 4454 cudens,
2616 4386 2947 4455 protentam
2981 4385 3276 4442 dexteram

2089 4492 2347 4547 enseque
2374 4474 2533 4530 nudo
2566 4477 2854 4529 armatam
2887 4472 3209 4546 inscripsit.

2092 4565 2231 4620 Erat
2259 4563 2353 4618 hic
2383 4563 2492 4632 vir,
2523 4565 2586 4617 ut
2618 4561 2959 4617 summatim
2993 4563 3209 4634 dicam,

2094 4669 2257 4711 more
2283 4668 2504 4720 severo,
2539 4651 2793 4706 adducto
2816 4651 3151 4722 supercilio,

2089 4743 2346 4815 impigre
2375 4757 2573 4813 opera,
2604 4739 2813 4811 igneus
2845 4740 2908 4796 in
2940 4740 3182 4810 proeliis,

2091 4832 2300 4889 audaci
2332 4831 2550 4897 animo,
2584 4834 2861 4885 actuosus
2900 4830 3175 4894 maxime,

2091 4921 2361 4995 egregius
2387 4922 2525 4987 dux,
2554 4919 2767 4974 martio
2798 4920 2973 4974 corde
3006 4919 3308 4991 praaditus,

2091 5010 2257 5066 rudis
2286 5010 2639 5074 litterarum,
2675 5007 2775 5062 sed
2807 5012 3003 5061 tamen
3036 5008 3362 5063 studiosus.

2090 5100 2193 5155 Hie
2224 5098 2568 5171 patriarcha
2608 5096 2867 5151 debitam
2900 5095 3147 5164 gratiam
3179 5097 3439 5153 referens

2091 5188 2193 5260 qui
2223 5190 2335 5243 sibi
2367 5185 2683 5258 imperium
2716 5184 2952 5238 adeunti
2986 5184 3227 5251 faverat,

2090 5282 2440 5334 cunctarum
2472 5273 2561 5328 illi
2590 5288 2787 5329 rerum
2821 5272 3088 5328 Ecclesiae
3120 5290 3323 5330 curam

2087 5366 2315 5435 tribuit,
2348 5370 2405 5421 et
2434 5364 2685 5419 duorum
2719 5359 2899 5416 simul
2932 5361 3259 5418 ofﬁciorum

2088 5455 2374 5512 ceconomi
2402 5451 2671 5508 videlicet
2699 5454 2757 5506 et
2785 5450 3223 5523 scevopbylacis

2088 5545 2324 5601 creandi
2356 5545 2709 5617 potestatem
2742 5540 3011 5597 Ecclesiae
3043 5541 3247 5612 dedit;
