4140 6420
378 406 483 465 431
1607 401 1981 459 EPHRBMII
2018 398 2594 456 CHBONOGRAPHI
3707 412 3814 470 132

393 551 522 602 quas
553 549 646 588 res
678 530 953 601 suffragio
985 529 1141 602 regis
1172 529 1347 584 ﬁebat
1376 531 1565 583 antea.

2064 523 2121 590 Α
2329 520 2443 595 Πρὸ
2470 524 2568 575 τοῦ
2598 520 2816 597 βασιλεῖ
2836 520 3001 593 τήνδε
3032 523 3161 601 δρᾷν
3192 529 3505 601 ἀνειμένηνο

380 624 596 679 Deinde
623 621 868 693 Scythas
899 619 1350 690 Pannoniosque
1381 615 1747 689 aggrediens.

2327 610 2428 667 Καὶ
2453 610 2588 665 κατὰ
2621 614 2840 666 Σκυθῶν
2874 611 3263 688 ἐκστρατεύσας
3290 620 3380 673 καὶ
3434 616 3703 699 Οῧγγρων

376 710 529 768 bello
560 710 732 779 vicit;
767 709 899 765 illos
932 707 1129 780 przslio
1156 707 1456 778 frangens,

2325 702 2582 786 ’Ἡττησυ
2613 700 2741 762 τοὺς
2775 702 2869 774 μὲν
2902 699 3231 761 καταϐαλὼν
3265 705 3317 762 ἐν
3355 710 3582 786 μάχαις,

375 802 470 857 his
500 818 633 856 vero
659 798 1016 871 postulatam
1049 796 1398 867 impertiens
1436 810 1657 866 pacem.

2146 790 2289 845 3250
2329 785 2576 851 Σπονδὰς
2609 787 2657 843 δ’
2682 788 2959 865 Οὔγγροις
2992 790 3180 864 ἔθηκεν
3214 795 3642 871 ἐξαιτουμένοις.

375 896 523 962 Ergo
550 905 685 945 cum
721 889 906 942 victor
929 886 1079 942 bello
1114 888 1529 948 reverteretur,

2324 877 2647 963 Νικηφόρος
2677 884 2805 953 γοῦν
2839 880 3298 962 ἀνθυποστρέφων
3334 886 3521 963 μάχης

376 979 504 1035 loco
536 978 748 1034 Moesiae
779 977 1036 1048 quodam
1063 975 1155 1030 cui
1189 990 1402 1029 nomen
1438 971 1676 1027 Lobitzo

2324 967 2503 1041 Χώρῳ
2533 962 2786 1038 Λοϐιτζῶ
2818 970 3029 1034 Μυσίας
3059 971 3388 1049 κεκλημένῳ

378 1068 571 1124 hieme
607 1065 952 1123 desaeviente
987 1064 1302 1121 tentorium
1336 1061 1566 1119 statuit.

2321 1057 2609 1129 Χειμῶνος
2638 1055 2755 1132 ὣρᾳ
2784 1059 3012 1134 πηγνόει
3047 1065 3254 1133 σκηνὴν
3287 1067 3487 1141 φέρων·

376 1157 593 1213 Verum
628 1159 895 1211 cessante
928 1154 1077 1218 nive,
1112 1154 1221 1207 sub
1256 1167 1537 1223 quercum
1569 1149 1713 1205 abiit

2321 1145 2559 1215 Ὑπῆλθε
2584 1144 2642 1201 δὲ
2673 1144 2820 1222 δρῦν,
2849 1155 3068 1227 νιφετοῦ
3096 1156 3471 1228 πεπαυμένου,

381 1244 883 1309 ramosissimam,
916 1244 1202 1316 grandem
1236 1251 1286 1297 et
1320 1240 1644 1310 insolitam,

2143 1236 2286 1291 3255
2326 1234 2432 1289 Σὺν
2460 1240 2577 1297 τοῖς
2616 1237 2731 1309 μεθ’
2760 1237 2925 1292 αὐτοῦ
2955 1241 3273 1315 προκρίτοις
3305 1245 3594 1319 γερουσίας

378 1350 513 1391 cum
547 1333 902 1405 optimatum
933 1330 1214 1386 comitatu
1246 1333 1439 1384 Caesar

2325 1328 2516 1378 Πασῶν
2552 1330 2811 1401 μεγίστην
2839 1326 2929 1381 καὶ
2960 1328 3322 1387 πολύκλωνον
3357 1333 3534 1405 ξένην·

378 1424 542 1497 regio
577 1422 958 1495 progrediens
987 1436 1199 1490 nempe
1230 1416 1633 1484 tabernaculo,

2324 1419 2539 1484 Σκηνῆς
2568 1413 2854 1490 προελθὼν
2884 1419 2984 1485 τῆς
3021 1417 3301 1492 βασιλείου
3328 1418 3453 1478 τότε

374 1514 475 1569 ubi
508 1512 568 1567 in
600 1510 849 1568 consilio
878 1508 1109 1580 negotia
1136 1508 1509 1579 cxpediverat
1543 1523 1555 1562 :

2321 1502 2503 1575 Οὗπερ
2533 1504 2800 1566 συνεστὼς
2833 1505 3034 1578 ὡμίλει
3068 1505 3386 1586 δεδογμένα*

373 1618 509 1659 cum
541 1617 673 1657 ecce
704 1599 902 1654 subito
935 1600 1133 1669 fragor
1160 1599 1447 1651 excitatus

2322 1596 2498 1665 Θροῦς
2529 1590 2575 1647 δ’
2607 1591 2863 1665 ἐξαπίνης
2893 1597 2981 1651 καὶ
3018 1597 3120 1672 βοή
3153 1619 3236 1661 τις
3261 1596 3513 1673 συμϐᾶσα

373 1706 571 1762 regem
603 1690 852 1760 ejusque
893 1686 1083 1742 socios
1112 1686 1182 1740 de
1214 1701 1432 1757 quercu
1470 1682 1709 1752 amovit,

2141 1681 2282 1736 3260
2321 1684 2527 1738 Τοῦτον
2564 1688 2788 1756 μεθιστᾷ
2816 1692 2917 1754 τῆς
2950 1683 3112 1761 δρυὸς
3140 1688 3268 1751 τούς
3295 1691 3343 1744 τ’
3378 1690 3432 1745 ἐν
3460 1690 3627 1748 τέλει’

372 1779 505 1852 ipsa
534 1782 728 1835 autem
760 1776 929 1833 vulsa
960 1774 1245 1832 radicitus
1269 1773 1491 1830 corruit
1517 1798 1532 1841 ;

2317 1770 2382 1826 Ἡ
2415 1768 2460 1825 δ’
2490 1770 2680 1827 αὐτίκα
2708 1774 2991 1830 πέπτωκεν
3023 1776 3081 1830 ἐκ
3112 1776 3275 1853 ῥιζῶν
3308 1778 3435 1851 ὅλη,

375 1874 435 1925 at
465 1868 658 1924 Caesar
688 1883 889 1923 necem
923 1882 1058 1922 cum
1095 1866 1376 1920 comitatu
1409 1862 1636 1935 effugit.

2063 1874 2110 1938 Β
2318 1859 2415 1913 Καὶ
2449 1858 2703 1935 βασιλεὺς
2730 1865 2965 1940 πέφευγε
2996 1864 3088 1920 σὺν
3118 1863 3313 1930 ἄλλοις
3346 1868 3539 1946 μόρον³

376 1958 769 2022 Quamobrem
803 1962 1000 2029 grates
1031 1956 1259 2011 debitas
1290 1959 1357 2009 ut
1388 1958 1499 2009 Deo
1532 1953 1802 2008 redderet

1638 1953 1802 2007 deret
2312 1950 2470 2006 ’Ὁθεν
2504 1953 2840 2027 χαριστήρια
2865 1958 2947 2025 τῷ
2977 1960 3094 2027 Θεῷ
3121 1955 3266 2013 θύων

376 2048 535 2119 regio
565 2048 625 2102 in
659 2046 875 2120 palatio
905 2044 1128 2100 Theclaa
1159 2043 1513 2117 apostolicae,

2310 2038 2400 2093 Ἐν
2439 2038 2741 2113 βασιλείοις
2773 2040 3127 2117 ἴσαποστόλῳ
3157 2044 3354 2119 Θέκλῃν

376 2139 530 2210 (ejus
558 2137 715 2193 enim
742 2136 887 2191 festo
919 2134 1012 2189 die
1043 2134 1255 2190 vitarat
1285 2132 1492 2203 fatum)

2135 2128 2276 2183 3265
2312 2128 2460 2198 (Μνή
2474 2149 2549 2203 μῃ
2582 2129 2685 2203 γὰρ
2712 2129 2882 2200 αὐτῆς
2910 2128 3249 2208 ἐκδιδράσκει
3278 2138 3370 2191 τὸν
3400 2137 3583 2213 κόρον)

374 2225 844 2298 pulcherrimum
876 2222 1187 2279 delubrum
1220 2222 1509 2278 excitavit.

2312 2215 2622 2273 Κάλλιστον
2652 2219 2905 2293 ἀνήγειρε
2931 2222 3055 2277 ναὸν
3092 2223 3145 2278 ἐν
3182 2224 3418 2299 βάθρων.

376 2316 523 2371 Huic
551 2316 714 2370 visus
744 2319 834 2368 est
864 2313 1097 2367 venanti
1129 2312 1187 2366 in
1223 2311 1493 2383 angustis
1526 2309 1670 2365 locis

2311 2312 2556 2381 Θηρῶντι
2588 2307 2730 2382 τῷδε
2759 2312 2895 2386 πρὸς
2926 2318 3113 2368 στενοῦ
3143 2336 3249 2370 που
3280 2321 3516 2392 χωρίοις

370 2422 512 2476 aper
541 2419 815 2476 magnus,
849 2402 1202 2470 horrendus,
1237 2399 1487 2456 exsertis
1519 2398 1817 2462 dentibus,

2312 2402 2417 2459 Σῦς
2450 2396 2599 2453 ὦπτο
2632 2402 2857 2474 φρικτὸς
2881 2402 2972 2456 καὶ
3003 2402 3168 2478 μέγας
3201 2405 3559 2482 χαυλιόδους,

372 2510 547 2565 quem
580 2493 773 2549 Caesar
802 2507 941 2547 ense
973 2492 1175 2547 stricto
1208 2491 1348 2546 dum
1383 2488 1783 2561 persequitur,

1734 2504 1783 2557 τ’
2308 2490 2405 2545 ’Όν
2431 2488 2498 2555 ἦν
2533 2485 2746 2545 διώκων
2778 2491 3019 2563 ἱππότης
3048 2495 3367 2572 ξιφηφόρος-

370 2582 469 2639 ille
495 2600 557 2639 se
589 2582 770 2638 maris
800 2581 1079 2637 ﬂuctibus
1109 2580 1520 2650 submergens,

2128 2576 2269 2632 3270
2310 2581 2414 2631 Σῦν
2448 2574 2494 2631 δ’
2527 2575 2798 2633 ὑποδύντα
2835 2582 3251 2656 κυματούμενον
3281 2584 3447 2641 σάλον

368 2671 764 2743 spectantium
800 2670 996 2726 subito
1028 2669 1266 2725 evanuit
1304 2667 1509 2723 oculis.

2306 2667 2540 2741 Ὁρῶσιν
2569 2666 2789 2722 ἀθέατον
2826 2668 2959 2723 εἶναι
2990 2672 3293 2727 παντάπαν·

366 2763 531 2817 Tunc
561 2761 728 2817 aiunt
768 2759 1039 2815 fulminis
1069 2758 1221 2814 velut
1254 2758 1375 2813 ictu
1407 2756 1697 2829 percitum

2303 2755 2392 2819 Ὠς
2422 2755 2701 2831 ἀστραπῆς
2732 2754 2779 2810 δ’
2810 2758 3015 2830 ἅλματι
3048 2758 3319 2834 βληθέντα
3350 2759 3520 2839 λόγος

364 2850 781 2923 imperatorem
813 2848 984 2903 humi
1019 2848 1348 2904 concidisse
1380 2850 1659 2911 stratum,

2303 2848 2491 2898 Πεσεῖν
2522 2848 2824 2919 κρατοῦντα
2854 2846 2990 2921 πρὸς
3020 2847 3193 2921 χθόνα
3222 2854 3574 2926 παραυτίκως

364 2955 609 3012 spumas
640 2956 739 2994 ore
769 2942 1062 3009 agentem,
1096 2954 1201 2993 nec
1232 2938 1351 3007 iam
1387 2935 1602 3005 aliquid

2302 2933 2500 3011 Ἀφρόν
2530 2955 2588 2988 τε
2613 2938 2711 2989 τοῦ
2741 2936 3012 3008 στόματος
3043 2936 3343 2995 ἐκπτύοντά
3379 2962 3496 3006 πως

367 3028 793 3100 intelligentem
830 3028 1146 3093 sensibus;
1180 3027 1365 3081 donec
1395 3023 1704 3096 paululum

1673 3040 1704 3079 η
2123 3024 2264 3078 3275
2302 3023 2400 3076 Καὶ
2432 3021 2678 3077 συνιέντα
2710 3020 3007 3095 μηδοτιοῦν
3044 3024 3308 3097 μηδόλως

366 3121 563 3173 mente
593 3120 846 3188 recepta,
879 3116 1125 3170 tradidit
1157 3115 1470 3186 imperium

2300 3113 2510 3186 Μικρὸν
2545 3109 2590 3165 δ’
2622 3112 2969 3185 ἀνανήψαντα
3003 3112 3185 3170 δοῦναι
3216 3118 3279 3172 τὸ
3308 3121 3528 3193 κράτος,

364 3206 659 3264 Ducarum
692 3205 1075 3261 Constantino
1118 3203 1338 3259 familia
1370 3208 1529 3259 nato.

2047 3247 2088 3284 ρ
2295 3205 2384 3273 Τῷ
2414 3200 2569 3277 φύντι
2603 3205 2820 3255 Δουκῶν
2853 3201 2912 3255 ἐκ
2939 3203 3127 3276 γένους
3159 3211 3567 3284 Κωνσταντίνῳ.

362 3298 417 3351 Is
450 3301 649 3351 autem
683 3294 1040 3367 paupercula
1071 3294 1316 3349 indutus
1349 3294 1551 3348 tunica

2047 3247 2090 3315 Ο
2298 3247 2473 3347 Αῦτδν
2509 3285 2565 3343 δὲ
2592 3247 3290 3367 τ

363 3386 435 3441 ad
467 3364 892 3441 monasterium
927 3384 1119 3438 Studii
1151 3400 1213 3439 se
1244 3381 1513 3451 contulit,

2300 3381 2462 3451 Μονῇ
2492 3375 2815 3454 προσελθεῖν
2845 3380 3030 3456 εὐαγεῖ
3055 3388 3153 3438 τοῦ
3186 3385 3471 3462 Στουδίου,

358 3478 534 3546 atque
564 3472 646 3528 ibi
674 3473 964 3544 reliquam
996 3473 1191 3543 exegit
1218 3472 1400 3527 vitam

2117 3470 2260 3525 3280
2300 3467 2470 3523 Κάκεῖ
2490 3467 2555 3522 τὸ
2586 3466 2782 3522 λοιπὸν
2814 3474 2909 3523 τοῦ
2943 3470 3066 3545 βίου
3099 3469 3340 3530 διανύσαι

359 3564 606 3636 pulchre
646 3565 923 3620 recedens
964 3579 1137 3635 pravo
1166 3564 1298 3618 vitae
1327 3576 1562 3634 genere.

2298 3556 2491 3619 Καλῶς
2524 3556 2906 3633 ἀνασφήλαντα
2930 3566 3031 3629 τῆς
3059 3563 3333 3637 καχεξίας.

358 3655 466 3709 Hic
495 3652 829 3725 tyrannidis
858 3652 1081 3706 crimen
1116 3650 1553 3721 objicientibus,
1607 3695 1611 3698 .

2295 3644 2617 3722 Τυραννίδος
2648 3644 2693 3701 δ’
2725 3644 2947 3725 ἔφασκεν
2980 3648 3330 3725 αἰτιωμένοις

358 3741 551 3808 Nolui,
578 3741 901 3812 respondit,
937 3755 1221 3795 conservo
1253 3740 1352 3795 diu
1386 3738 1651 3810 obsequi,

2298 3738 2422 3793 Ὅτι
2454 3757 2577 3809 περ,
2610 3739 2840 3792 Ὣκνουν
2872 3743 2953 3811 τῷ
2984 3743 3264 3816 συνοικέτῃ
3287 3745 3424 3808 τέως

359 3831 461 3904 qui
488 3830 633 3888 mihi
664 3830 922 3885 debitam
955 3829 1204 3901 gratiam
1238 3846 1352 3884 non
1387 3830 1649 3884 referret.

2294 3827 2606 3902 Ὑπηρετῶν
2641 3824 2697 3880 εὖ
2728 3825 2953 3882 εἰκότων
2992 3830 3067 3901 μή
3098 3833 3407 3907 τυγχάνειν,

617 3918 1154 3977 CONSTANTINUS
1193 3916 1428 3974 DUCAS
1469 3916 1586 3971 AN.
1628 3916 1746 3972 XII.

2348 3917 2889 3972 ΚΩΝΣΤΑΝῙῚΝΟΣ
2930 3919 2974 3974 Ο
3016 3925 3281 3976 ΔΟΥΚΛΣ
3321 3926 3406 3980 ΕΤ
3447 3927 3547 3983 ΙΒ’.

357 4009 502 4065 Cum
528 4009 743 4078 Ducas,
784 4007 867 4063 uti
898 4007 1037 4075 dixi,
1069 4006 1300 4078 imperii
1332 4006 1594 4062 habenas

2114 4006 2256 4061 3285
2294 4004 2445 4061 Ἐπεὶ
2475 4001 2531 4058 δὲ
2564 4004 2788 4076 Δούκας,
2821 4006 2894 4068 ὡς
2936 4004 3093 4085 ἔφην,
3126 4008 3427 4086 αὐταρχίας

356 4099 743 4171 corripuisset
772 4096 940 4153 facile
969 4101 1027 4152 et
1046 4095 1245 4152 labore
1276 4095 1460 4158 nullo,

2293 4093 2688 4168 Ἀπραγμόνως
2721 4091 2883 4169 ἔτυχε
2912 4096 3000 4149 καὶ
3031 4097 3210 4171 χωρὶς
3234 4100 3424 4171 πόνου,

355 4187 581 4244 nobiles
605 4186 847 4255 multos,
882 4184 1060 4241 simul
1089 4188 1145 4240 et
1174 4183 1457 4256 plebeios,

2291 4179 2545 4245 Πολλοὺς
2578 4181 2864 4258 γερουσίας
2896 4204 2956 4237 τε
2985 4185 3075 4239 καὶ
3110 4191 3217 4242 τῶν
3251 4191 3537 4267 συρφάκων

355 4278 429 4333 ad
463 4276 782 4349 dignitates
815 4274 1025 4331 extulit
1054 4272 1379 4343 sublimes;

2291 4268 2387 4331 Εἷς
2417 4269 2551 4343 ὕψος
2585 4270 2848 4347 ἀνήγαγεν
2878 4272 3225 4347 ἀξιωμάτων·

351 4366 443 4422 vir
472 4366 685 4436 bonus,
717 4364 873 4436 pius,
907 4368 1213 4420 mansueto
1245 4362 1505 4434 ingenio,

2292 4360 2455 4434 Ἀνὴρ
2485 4360 2708 4434 ἀγαθὸς,
2739 4356 2985 4433 εὐσεϐὴς,
3012 4369 3183 4436 πρᾶος
3214 4365 3388 4443 φύσει,

353 4455 540 4522 mitis,
572 4453 953 4525 tranquillus,
987 4452 1243 4509 subditis
1276 4449 1620 4517 benevolus,

2111 4451 2253 4506 3290
2292 4450 2567 4522 Χρηστὸς,
2598 4451 2863 4525 γαληνὸς,
2898 4450 3128 4524 εὐμενὴς
3160 4455 3448 4529 ὑπηκόοις,

352 4542 558 4616 regula
582 4542 759 4613 juris,
787 4541 1152 4613 judiciorum
1182 4540 1317 4595 lanx
1347 4540 1617 4611 quaedam
1653 4554 1667 4595 :

2032 4615 2067 4621 _
2292 4539 2536 4611 Γνώμων
2567 4535 2779 4593 δικαίου
2808 4537 3099 4601 καὶδικῶν
3132 4546 3486 4621 ζυγοστάτης’

354 4615 608 4706 Ignavus
640 4630 999 4703 oaeteroquin
1032 4634 1204 4701 atque
1235 4645 1465 4697 socors;

2030 4615 2077 4680 D
2288 4628 2521 4701 Γνώμην
2556 4625 2613 4683 δὲ
2638 4629 2844 4704 νωθρὸς
2876 4628 3139 4705 νωχελής
3166 4615 3226 4688 τέ
3252 4615 3519 4711 καθάπαξ,

352 4728 411 4779 et
442 4722 595 4794 frugi
626 4721 866 4794 quidem
896 4720 1165 4777 homines
1198 4719 1471 4791 diligens,

2289 4714 2522 4791 ’Ἁνδρας
2552 4716 2773 4793 ἐραστὰς
2808 4719 3002 4793 ἀρετῆς
3033 4722 3271 4799 στέργων
3302 4725 3462 4799 πάνυ,

351 4813 455 4869 sed
489 4812 764 4868 laborans
796 4810 935 4865 audi
968 4808 1224 4864 absurdo
1257 4824 1478 4874 amore,

2289 4808 2503 4862 ἻΙττων
2536 4811 2751 4884 χρυσοῦ
2784 4805 2842 4863 δὲ
2871 4810 3178 4884 χρημάτων
3213 4813 3278 4868 αὗ
3310 4814 3574 4891 ἐκτόπως,

353 4901 646 4966 minutus,
679 4898 979 4969 sordidus,
1007 4896 1271 4952 minimis
1302 4895 1481 4952 lucris
1512 4896 1772 4953 inhians.

2111 4899 2255 4954 3295
2291 4895 2726 4972 Ματαιολοιχὸς,
2761 4894 3153 4985 δυσγρίπιστος
3182 4904 3271 4958 καὶ
3303 4906 3532 4985 γνίφων,

350 4989 573 5062 Nempe
604 4988 967 5061 praecipuum
1000 4985 1323 5042 collocabat
1348 4986 1614 5043 studium

2292 4987 2592 5061 Ἀνώτερον
2624 4983 2951 5059 σπούδασμα
2980 4989 3150 5053 τιθεὶς
3183 4983 3471 5069 φροντίδος

351 5079 532 5151 idque
564 5077 829 5150 quotidie
861 5075 1067 5132 sedulo
1099 5076 1345 5132 curabat

2292 5073 2522 5150 Σχολῆς
2551 5095 2610 5129 τε
2641 5076 2820 5145 πάσης
2851 5076 3064 5153 ἡμέραν
3098 5077 3149 5151 ἐξ
3180 5084 3392 5159 ἡμέρας

354 5173 420 5224 ut
452 5167 639 5239 pluris
669 5166 949 5222 dominus
980 5164 1147 5221 ﬁeret
1178 5165 1460 5236 pecuniae,

2293 5169 2418 5228 Πῶς
2446 5184 2558 5241 χρη
2571 5166 2753 5249 μάτων
2784 5164 2999 5240 γένοιτο
3030 5167 3260 5227 πολλῶν
3295 5170 3584 5249 δεσπότης,

352 5257 732 5330 splendidum
765 5254 894 5310 auri
926 5270 1246 5326 congerens
1278 5255 1619 5312 thesaurum

2290 5254 2570 5329 Θησαυρὸν
2604 5247 2766 5327 ἁϐρὸν
2799 5255 3076 5331 ἠρανικὼς
3107 5260 3334 5333 χρυσίου

354 5352 411 5403 et
439 5362 614 5419 grave
647 5345 877 5418 pondus
900 5342 1126 5415 argenti
1156 5344 1475 5401 innumeri.

2111 5346 2252 5402 3300
2291 5340 2480 5419 Ἀδρόν
2512 5363 2570 5397 τε
2604 5343 2774 5417 σωρὸν
2808 5343 3057 5401 άπλέτων
3085 5345 3376 5424 ἀργυρίων.

348 5436 649 5508 Augendis
680 5433 863 5505 igitur
893 5434 1107 5488 annuis
1137 5433 1425 5489 reditibus

2294 5431 2489 5490 Τοίνυν
2519 5430 2761 5504 ἐπαύξειν
2796 5433 3051 5512 εἰσφορὰς
3084 5434 3331 5507 ἐτησίους

346 5524 585 5580 tributis
617 5521 868 5595 publicis
901 5525 1078 5592 atque
1109 5521 1494 5594 vectigalibus

2289 5520 2539 5612 Aacpou‘c
2570 5542 2629 5576 τε
2658 5521 2881 5588 κοινοὺς
2910 5521 3217 5597 δημοσίους
3251 5526 3301 5583 δ’
3330 5531 3396 5586 αὗ
3429 5532 3631 5612 φόρους

347 5612 605 5669 instabat
629 5610 1071 5684 impensissime
1098 5615 1155 5667 et
1184 5612 1357 5668 verbo
1385 5616 1442 5668 et
1470 5627 1667 5685 opere,

2288 5607 2553 5667 Ἕσπευδε
2582 5610 2672 5665 καὶ
2704 5611 3013 5689 πράγμασιν
3050 5613 3130 5668 ἀεὶ
3163 5617 3253 5671 καὶ
3286 5607 3474 5695 λόγοις

350 5716 534 5776 eaque
563 5700 1042 5775 redemptoribus
1070 5700 1300 5759 venalia
1333 5702 1535 5759 dabat.

2288 5705 2435 5780 Σφᾶς
2465 5698 2661 5765 ὠνίους
2692 5698 2835 5779 δρῶν
2866 5703 3175 5779 χρημάτων
3200 5707 3508 5785 ᾑρημένοις
