  <div class='ocr_page' id='page_1' title='image "/cluster/home/n/w/nwhite01/storage/ocr_20150623/143:no.1/coo.31924054870484/075.png"; bbox 0 0 4140 6396; ppageno 0'>
   <div class='ocr_carea' id='block_1_1' title="bbox 371 338 2006 403">
    <p class='ocr_par' dir='ltr' id='par_1_1' title="bbox 371 343 2006 403">
     <span class='ocr_line' id='line_1_1' title="bbox 371 343 2006 403; baseline -0.005 0"><span class='ocrx_word' id='word_1_1' title='bbox 371 348 477 403; x_wconf 89' lang='grc'><strong>135</strong></span> <span class='ocrx_word' id='word_1_2' title='bbox 1589 343 1962 399; x_wconf 68' lang='grc' dir='ltr'><strong>ΕΡΗΒΕΜΠ</strong></span> <span class='ocrx_word' id='word_1_3' title='bbox 1997 348 2006 388; x_wconf 73' lang='lat'><strong>1</strong></span> 
     </span>
    </p>
   </div>
   <div class='ocr_carea' id='block_1_2' title="bbox 2175 338 3810 403">
    <p class='ocr_par' dir='ltr' id='par_1_2' title="bbox 2175 339 3810 403">
     <span class='ocr_line' id='line_1_2' title="bbox 2175 339 3810 403; baseline 0.002 -7"><span class='ocrx_word' id='word_1_4' title='bbox 2175 339 2575 398; x_wconf 71' lang='lat' dir='ltr'><strong>)NOGRAPHI</strong></span> <span class='ocrx_word' id='word_1_5' title='bbox 3703 343 3810 403; x_wconf 76' lang='grc'><strong>436</strong></span> 
     </span>
    </p>
   </div>
   <div class='ocr_carea' id='block_1_3' title="bbox 370 461 2005 545">
    <p class='ocr_par' dir='ltr' id='par_1_3' title="bbox 370 469 1495 545">
     <span class='ocr_line' id='line_1_3' title="bbox 370 469 1495 545; baseline -0.004 -16"><span class='ocrx_word' id='word_1_6' title='bbox 370 476 427 529; x_wconf 90' lang='lat' dir='ltr'><strong>et</strong></span> <span class='ocrx_word' id='word_1_7' title='bbox 457 489 559 545; x_wconf 90' lang='lat' dir='ltr'><strong>pro</strong></span> <span class='ocrx_word' id='word_1_8' title='bbox 590 471 943 529; x_wconf 80' lang='lat' dir='ltr'><strong>exercitibus</strong></span> <span class='ocrx_word' id='word_1_9' title='bbox 976 470 1181 528; x_wconf 80' lang='lat' dir='ltr'><strong>adibat</strong></span> <span class='ocrx_word' id='word_1_10' title='bbox 1212 469 1495 542; x_wconf 91' lang='lat' dir='ltr'><strong>pericula.</strong></span> 
     </span>
    </p>
   </div>
   <div class='ocr_carea' id='block_1_4' title="bbox 1782 461 3417 545">
    <p class='ocr_par' dir='ltr' id='par_1_4' title="bbox 2050 461 3417 540">
     <span class='ocr_line' id='line_1_4' title="bbox 2050 461 3417 540; baseline 0.003 -23"><span class='ocrx_word' id='word_1_11' title='bbox 2050 467 2106 533; x_wconf 78' lang='grc' dir='ltr'><strong>Α</strong></span> <span class='ocrx_word' id='word_1_12' title='bbox 2312 463 2595 534; x_wconf 83' lang='grc' dir='ltr'>Ὑπηκόων</span> <span class='ocrx_word' id='word_1_13' title='bbox 2630 463 2824 540; x_wconf 80' lang='grc' dir='ltr'>ἄριστα</span> <span class='ocrx_word' id='word_1_14' title='bbox 2852 464 2943 520; x_wconf 84' lang='grc' dir='ltr'><strong>καὶ</strong></span> <span class='ocrx_word' id='word_1_15' title='bbox 2974 461 3417 540; x_wconf 81' lang='grc' dir='ltr'>δτρατιυμάτων·</span> 
     </span>
    </p>
   </div>
   <div class='ocr_carea' id='block_1_5' title="bbox 370 551 2005 634">
    <p class='ocr_par' dir='ltr' id='par_1_5' title="bbox 370 562 1499 634">
     <span class='ocr_line' id='line_1_5' title="bbox 370 562 1499 634; baseline -0.004 -17"><span class='ocrx_word' id='word_1_16' title='bbox 370 562 560 634; x_wconf 83' lang='lat' dir='ltr'><strong>Hujus</strong></span> <span class='ocrx_word' id='word_1_17' title='bbox 590 562 851 618; x_wconf 89' lang='lat' dir='ltr'><strong>diversas</strong></span> <span class='ocrx_word' id='word_1_18' title='bbox 882 578 1016 616; x_wconf 91' lang='lat' dir='ltr'><strong>cum</strong></span> <span class='ocrx_word' id='word_1_19' title='bbox 1049 562 1216 616; x_wconf 90' lang='lat' dir='ltr'><strong>hoste</strong></span> <span class='ocrx_word' id='word_1_20' title='bbox 1249 576 1499 632; x_wconf 87' lang='lat' dir='ltr'><strong>pugnas,</strong></span> 
     </span>
    </p>
   </div>
   <div class='ocr_carea' id='block_1_6' title="bbox 2059 551 3694 634">
    <p class='ocr_par' dir='ltr' id='par_1_6' title="bbox 2320 551 3694 633">
     <span class='ocr_line' id='line_1_6' title="bbox 2320 551 3694 633; baseline 0.003 -26"><span class='ocrx_word' id='word_1_21' title='bbox 2320 553 2394 607; x_wconf 87' lang='grc' dir='ltr'>Οῦ</span> <span class='ocrx_word' id='word_1_22' title='bbox 2421 554 2517 615; x_wconf 73' lang='grc' dir='ltr'><strong>τὰς</strong></span> <span class='ocrx_word' id='word_1_23' title='bbox 2548 555 2664 608; x_wconf 84' lang='grc' dir='ltr'>κατ’</span> <span class='ocrx_word' id='word_1_24' title='bbox 2690 552 2903 629; x_wconf 82' lang='grc' dir='ltr'>ἐχθρῶν</span> <span class='ocrx_word' id='word_1_25' title='bbox 2934 551 3257 627; x_wconf 82' lang='grc' dir='ltr'>συμπλοκάς</span> <span class='ocrx_word' id='word_1_26' title='bbox 3286 575 3345 609; x_wconf 81' lang='grc' dir='ltr'><strong>τε</strong></span> <span class='ocrx_word' id='word_1_27' title='bbox 3372 555 3463 610; x_wconf 77' lang='grc' dir='ltr'>καὶ</span> <span class='ocrx_word' id='word_1_28' title='bbox 3489 556 3694 633; x_wconf 83' lang='grc' dir='ltr'><strong>μάχας,</strong></span> 
     </span>
    </p>
   </div>
   <div class='ocr_carea' id='block_1_7' title="bbox 368 641 2003 723">
    <p class='ocr_par' dir='ltr' id='par_1_7' title="bbox 368 650 1469 723">
     <span class='ocr_line' id='line_1_7' title="bbox 368 650 1469 723; baseline -0.004 -17"><span class='ocrx_word' id='word_1_29' title='bbox 368 651 663 718; x_wconf 88' lang='lat' dir='ltr'><strong>victorias,</strong></span> <span class='ocrx_word' id='word_1_30' title='bbox 697 651 949 723; x_wconf 88' lang='lat' dir='ltr'><strong>palmas,</strong></span> <span class='ocrx_word' id='word_1_31' title='bbox 982 654 1038 704; x_wconf 89' lang='lat' dir='ltr'><strong>et</strong></span> <span class='ocrx_word' id='word_1_32' title='bbox 1068 650 1469 717; x_wconf 82' lang='lat' dir='ltr'><strong>strenuitates,</strong></span> 
     </span>
    </p>
   </div>
   <div class='ocr_carea' id='block_1_8' title="bbox 1841 641 3476 723">
    <p class='ocr_par' dir='ltr' id='par_1_8' title="bbox 2138 641 3476 717">
     <span class='ocr_line' id='line_1_8' title="bbox 2138 641 3476 717; baseline 0.001 -20"><span class='ocrx_word' id='word_1_33' title='bbox 2138 644 2282 699; x_wconf 89' lang='lat'><strong>3365</strong></span> <span class='ocrx_word' id='word_1_34' title='bbox 2320 642 2503 711; x_wconf 84' lang='grc' dir='ltr'><strong>Νίκας,</strong></span> <span class='ocrx_word' id='word_1_35' title='bbox 2536 642 2808 716; x_wconf 76' lang='grc' dir='ltr'>ἀριστείας</span> <span class='ocrx_word' id='word_1_36' title='bbox 2835 663 2914 713; x_wconf 87' lang='grc' dir='ltr'><strong>τε,</strong></span> <span class='ocrx_word' id='word_1_37' title='bbox 2945 642 3223 717; x_wconf 73' lang='grc' dir='ltr'><strong>γενναίους</strong></span> <span class='ocrx_word' id='word_1_38' title='bbox 3255 641 3476 714; x_wconf 83' lang='grc' dir='ltr'><strong>ἄθλους,</strong></span> 
     </span>
    </p>
   </div>
   <div class='ocr_carea' id='block_1_9' title="bbox 368 728 2003 807">
    <p class='ocr_par' dir='ltr' id='par_1_9' title="bbox 368 738 1483 796">
     <span class='ocr_line' id='line_1_9' title="bbox 368 738 1483 796; baseline -0.005 0"><span class='ocrx_word' id='word_1_39' title='bbox 368 745 576 796; x_wconf 66' lang='lat' dir='ltr'><strong>caetera</strong></span> <span class='ocrx_word' id='word_1_40' title='bbox 605 741 855 796; x_wconf 90' lang='lat' dir='ltr'><strong>honesta</strong></span> <span class='ocrx_word' id='word_1_41' title='bbox 887 740 1039 794; x_wconf 82' lang='lat' dir='ltr'><strong>facta</strong></span> <span class='ocrx_word' id='word_1_42' title='bbox 1071 738 1259 793; x_wconf 78' lang='lat' dir='ltr'><strong>verbis</strong></span> <span class='ocrx_word' id='word_1_43' title='bbox 1291 738 1483 791; x_wconf 79' lang='lat' dir='ltr'><strong>dicere</strong></span> 
     </span>
    </p>
   </div>
   <div class='ocr_carea' id='block_1_10' title="bbox 1770 728 3405 807">
    <p class='ocr_par' dir='ltr' id='par_1_10' title="bbox 2318 728 3405 807">
     <span class='ocr_line' id='line_1_10' title="bbox 2318 728 3405 807; baseline 0.002 -22"><span class='ocrx_word' id='word_1_44' title='bbox 2318 731 2416 785; x_wconf 84' lang='grc' dir='ltr'><strong>Καὶ</strong></span> <span class='ocrx_word' id='word_1_45' title='bbox 2446 729 2626 786; x_wconf 68' lang='grc' dir='ltr'>τᾶλλα</span> <span class='ocrx_word' id='word_1_46' title='bbox 2655 729 2839 785; x_wconf 85' lang='grc' dir='ltr'>καλῶν</span> <span class='ocrx_word' id='word_1_47' title='bbox 2872 728 3231 807; x_wconf 77' lang='grc' dir='ltr'><strong>παραδιδόναι</strong></span> <span class='ocrx_word' id='word_1_48' title='bbox 3252 730 3405 807; x_wconf 83' lang='grc' dir='ltr'>λόγῳ</span> 
     </span>
    </p>
   </div>
   <div class='ocr_carea' id='block_1_11' title="bbox 368 816 2003 901">
    <p class='ocr_par' dir='ltr' id='par_1_11' title="bbox 368 823 1646 901">
     <span class='ocr_line' id='line_1_11' title="bbox 368 823 1646 901; baseline -0.006 -15"><span class='ocrx_word' id='word_1_49' title='bbox 368 830 692 886; x_wconf 91' lang='lat' dir='ltr'><strong>summario</strong></span> <span class='ocrx_word' id='word_1_50' title='bbox 724 830 785 884; x_wconf 90' lang='lat' dir='ltr'><strong>in</strong></span> <span class='ocrx_word' id='word_1_51' title='bbox 824 845 996 901; x_wconf 91' lang='lat' dir='ltr'><strong>opere</strong></span> <span class='ocrx_word' id='word_1_52' title='bbox 1030 828 1348 883; x_wconf 83' lang='lat' dir='ltr'><strong>admodum</strong></span> <span class='ocrx_word' id='word_1_53' title='bbox 1383 823 1646 880; x_wconf 81' lang='lat' dir='ltr'><strong>difﬁcile.</strong></span> 
     </span>
    </p>
   </div>
   <div class='ocr_carea' id='block_1_12' title="bbox 1759 816 3394 901">
    <p class='ocr_par' dir='ltr' id='par_1_12' title="bbox 2314 816 3394 897">
     <span class='ocr_line' id='line_1_12' title="bbox 2314 816 3394 897; baseline 0.002 -20"><span class='ocrx_word' id='word_1_54' title='bbox 2314 816 2585 895; x_wconf 82' lang='grc' dir='ltr'>Ἐργῶδὲς</span> <span class='ocrx_word' id='word_1_55' title='bbox 2617 818 2727 875; x_wconf 82' lang='grc' dir='ltr'>ἐστι</span> <span class='ocrx_word' id='word_1_56' title='bbox 2761 820 3025 894; x_wconf 73' lang='grc' dir='ltr'>συντομία</span> <span class='ocrx_word' id='word_1_57' title='bbox 3056 820 3394 897; x_wconf 75' lang='grc' dir='ltr'><strong>χρωμένοις.</strong></span> 
     </span>
    </p>
   </div>
   <div class='ocr_carea' id='block_1_13' title="bbox 367 908 2002 989">
    <p class='ocr_par' dir='ltr' id='par_1_13' title="bbox 367 916 1521 988">
     <span class='ocr_line' id='line_1_13' title="bbox 367 916 1521 988; baseline -0.005 -14"><span class='ocrx_word' id='word_1_58' title='bbox 367 922 421 974; x_wconf 91' lang='lat' dir='ltr'><strong>Is</strong></span> <span class='ocrx_word' id='word_1_59' title='bbox 454 925 658 975; x_wconf 89' lang='lat' dir='ltr'><strong>contra</strong></span> <span class='ocrx_word' id='word_1_60' title='bbox 688 920 853 974; x_wconf 87' lang='lat' dir='ltr'><strong>hotes</strong></span> <span class='ocrx_word' id='word_1_61' title='bbox 887 918 1179 988; x_wconf 84' lang='lat' dir='ltr'><strong>protectus</strong></span> <span class='ocrx_word' id='word_1_62' title='bbox 1212 916 1521 985; x_wconf 87' lang='lat' dir='ltr'><strong>Barbaros,</strong></span> 
     </span>
    </p>
   </div>
   <div class='ocr_carea' id='block_1_14' title="bbox 1997 908 3632 989">
    <p class='ocr_par' dir='ltr' id='par_1_14' title="bbox 2314 908 3632 989">
     <span class='ocr_line' id='line_1_14' title="bbox 2314 908 3632 989; baseline 0.002 -24"><span class='ocrx_word' id='word_1_63' title='bbox 2314 909 2485 971; x_wconf 80' lang='grc' dir='ltr'>Οὗτος</span> <span class='ocrx_word' id='word_1_64' title='bbox 2519 910 2637 963; x_wconf 89' lang='grc' dir='ltr'>κατ’</span> <span class='ocrx_word' id='word_1_65' title='bbox 2667 908 2879 985; x_wconf 67' lang='grc' dir='ltr'>ἐχθρῶν</span> <span class='ocrx_word' id='word_1_66' title='bbox 2912 909 3303 984; x_wconf 77' lang='grc' dir='ltr'><strong>ἐκστρατεύσας</strong></span> <span class='ocrx_word' id='word_1_67' title='bbox 3334 908 3632 989; x_wconf 74' lang='grc' dir='ltr'>Βαρϐάρων</span> 
     </span>
    </p>
   </div>
   <div class='ocr_carea' id='block_1_15' title="bbox 367 1000 2002 1078">
    <p class='ocr_par' dir='ltr' id='par_1_15' title="bbox 367 1005 1469 1078">
     <span class='ocr_line' id='line_1_15' title="bbox 367 1005 1469 1078; baseline -0.005 -15"><span class='ocrx_word' id='word_1_68' title='bbox 367 1010 575 1064; x_wconf 80' lang='lat' dir='ltr'><strong>Persas</strong></span> <span class='ocrx_word' id='word_1_69' title='bbox 603 1007 895 1072; x_wconf 87' lang='lat' dir='ltr'><strong>videlicet,</strong></span> <span class='ocrx_word' id='word_1_70' title='bbox 929 1008 1027 1078; x_wconf 88' lang='lat' dir='ltr'><strong>qui</strong></span> <span class='ocrx_word' id='word_1_71' title='bbox 1060 1006 1187 1061; x_wconf 91' lang='lat' dir='ltr'><strong>loca</strong></span> <span class='ocrx_word' id='word_1_72' title='bbox 1216 1005 1469 1059; x_wconf 81' lang='lat' dir='ltr'><strong>ﬁnitima</strong></span> 
     </span>
    </p>
   </div>
   <div class='ocr_carea' id='block_1_16' title="bbox 1838 1000 3473 1078">
    <p class='ocr_par' dir='ltr' id='par_1_16' title="bbox 2317 1000 3473 1076">
     <span class='ocr_line' id='line_1_16' title="bbox 2317 1000 3473 1076; baseline 0.004 -25"><span class='ocrx_word' id='word_1_73' title='bbox 2317 1001 2531 1072; x_wconf 86' lang='grc' dir='ltr'>Περσῶν</span> <span class='ocrx_word' id='word_1_74' title='bbox 2558 1000 2870 1053; x_wconf 81' lang='grc' dir='ltr'>κακούντων</span> <span class='ocrx_word' id='word_1_75' title='bbox 2900 1000 2969 1053; x_wconf 82' lang='grc' dir='ltr'><strong>τὰ</strong></span> <span class='ocrx_word' id='word_1_76' title='bbox 2997 1000 3267 1075; x_wconf 83' lang='grc' dir='ltr'>πρόσοικα</span> <span class='ocrx_word' id='word_1_77' title='bbox 3292 1001 3473 1076; x_wconf 90' lang='grc' dir='ltr'>χωρία</span> 
     </span>
    </p>
   </div>
   <div class='ocr_carea' id='block_1_17' title="bbox 359 1087 1994 1163">
    <p class='ocr_par' dir='ltr' id='par_1_17' title="bbox 359 1096 1489 1161">
     <span class='ocr_line' id='line_1_17' title="bbox 359 1096 1489 1161; baseline -0.004 -11"><span class='ocrx_word' id='word_1_78' title='bbox 359 1096 617 1152; x_wconf 82' lang='lat' dir='ltr'><strong>Ciliciam</strong></span> <span class='ocrx_word' id='word_1_79' title='bbox 642 1102 697 1151; x_wconf 92' lang='lat' dir='ltr'><strong>et</strong></span> <span class='ocrx_word' id='word_1_80' title='bbox 719 1097 1055 1151; x_wconf 64' lang='lat' dir='ltr'><strong>Phoenicem</strong></span> <span class='ocrx_word' id='word_1_81' title='bbox 1082 1096 1489 1161; x_wconf 87' lang='lat' dir='ltr'><strong>devastahant,</strong></span> 
     </span>
    </p>
   </div>
   <div class='ocr_carea' id='block_1_18' title="bbox 1741 1087 3376 1163">
    <p class='ocr_par' dir='ltr' id='par_1_18' title="bbox 2128 1087 3376 1163">
     <span class='ocr_line' id='line_1_18' title="bbox 2128 1087 3376 1163; baseline 0.001 -20"><span class='ocrx_word' id='word_1_82' title='bbox 2128 1088 2270 1143; x_wconf 77' lang='lat'>3370</span> <span class='ocrx_word' id='word_1_83' title='bbox 2310 1088 2391 1144; x_wconf 78' lang='grc' dir='ltr'><strong>Τὰ</strong></span> <span class='ocrx_word' id='word_1_84' title='bbox 2422 1088 2557 1161; x_wconf 85' lang='grc' dir='ltr'>πρὸς</span> <span class='ocrx_word' id='word_1_85' title='bbox 2590 1087 2809 1160; x_wconf 79' lang='grc' dir='ltr'>Κιλικίᾳ</span> <span class='ocrx_word' id='word_1_86' title='bbox 2836 1109 2895 1144; x_wconf 85' lang='grc' dir='ltr'><strong>τε</strong></span> <span class='ocrx_word' id='word_1_87' title='bbox 2924 1089 3013 1144; x_wconf 83' lang='grc' dir='ltr'><strong>καὶ</strong></span> <span class='ocrx_word' id='word_1_88' title='bbox 3044 1093 3112 1163; x_wconf 77' lang='grc' dir='ltr'><strong>τῇ</strong></span> <span class='ocrx_word' id='word_1_89' title='bbox 3146 1091 3376 1162; x_wconf 82' lang='grc' dir='ltr'>Φοινίκῃ</span> 
     </span>
    </p>
   </div>
   <div class='ocr_carea' id='block_1_19' title="bbox 355 1174 1990 1257">
    <p class='ocr_par' dir='ltr' id='par_1_19' title="bbox 355 1182 1784 1257">
     <span class='ocr_line' id='line_1_19' title="bbox 355 1182 1784 1257; baseline -0.004 -16"><span class='ocrx_word' id='word_1_90' title='bbox 355 1186 613 1242; x_wconf 79' lang='lat' dir='ltr'><strong>Orientis</strong></span> <span class='ocrx_word' id='word_1_91' title='bbox 647 1187 821 1241; x_wconf 86' lang='lat' dir='ltr'><strong>urbes</strong></span> <span class='ocrx_word' id='word_1_92' title='bbox 849 1186 1044 1257; x_wconf 89' lang='lat' dir='ltr'><strong>raptui</strong></span> <span class='ocrx_word' id='word_1_93' title='bbox 1078 1184 1404 1256; x_wconf 73' lang='lat' dir='ltr'><strong>praedasque</strong></span> <span class='ocrx_word' id='word_1_94' title='bbox 1447 1182 1784 1249; x_wconf 79' lang='lat' dir='ltr'><strong>habebant;</strong></span> 
     </span>
    </p>
   </div>
   <div class='ocr_carea' id='block_1_20' title="bbox 1884 1174 3519 1257">
    <p class='ocr_par' dir='ltr' id='par_1_20' title="bbox 2309 1174 3519 1252">
     <span class='ocr_line' id='line_1_20' title="bbox 2309 1174 3519 1252; baseline 0.004 -22"><span class='ocrx_word' id='word_1_95' title='bbox 2309 1174 2737 1245; x_wconf 83' lang='grc' dir='ltr'>Λεηλατούντων</span> <span class='ocrx_word' id='word_1_96' title='bbox 2767 1178 2857 1232; x_wconf 83' lang='grc' dir='ltr'><strong>καὶ</strong></span> <span class='ocrx_word' id='word_1_97' title='bbox 2888 1178 3079 1240; x_wconf 84' lang='grc' dir='ltr'>πόλεις</span> <span class='ocrx_word' id='word_1_98' title='bbox 3110 1178 3203 1241; x_wconf 66' lang='grc' dir='ltr'><strong>τὰς</strong></span> <span class='ocrx_word' id='word_1_99' title='bbox 3236 1180 3351 1234; x_wconf 87' lang='grc' dir='ltr'>καθ’</span> <span class='ocrx_word' id='word_1_100' title='bbox 3379 1182 3519 1252; x_wconf 72' lang='lat' dir='ltr'><strong>&quot;Em,</strong></span> 
     </span>
    </p>
   </div>
   <div class='ocr_carea' id='block_1_21' title="bbox 356 1264 1991 1345">
    <p class='ocr_par' dir='ltr' id='par_1_21' title="bbox 356 1270 1666 1345">
     <span class='ocr_line' id='line_1_21' title="bbox 356 1270 1666 1345; baseline -0.005 -14"><span class='ocrx_word' id='word_1_101' title='bbox 356 1292 492 1331; x_wconf 90' lang='lat' dir='ltr'><strong>cum</strong></span> <span class='ocrx_word' id='word_1_102' title='bbox 525 1276 639 1345; x_wconf 86' lang='lat' dir='ltr'><strong>nis,</strong></span> <span class='ocrx_word' id='word_1_103' title='bbox 666 1274 933 1345; x_wconf 90' lang='lat' dir='ltr'><strong>inquam,</strong></span> <span class='ocrx_word' id='word_1_104' title='bbox 966 1274 1130 1345; x_wconf 83' lang='lat' dir='ltr'><strong>gravi</strong></span> <span class='ocrx_word' id='word_1_105' title='bbox 1162 1278 1433 1327; x_wconf 88' lang='lat' dir='ltr'><strong>conserto</strong></span> <span class='ocrx_word' id='word_1_106' title='bbox 1471 1270 1666 1343; x_wconf 65' lang='lat' dir='ltr'><strong>praelia</strong></span> 
     </span>
    </p>
   </div>
   <div class='ocr_carea' id='block_1_22' title="bbox 1945 1264 3580 1345">
    <p class='ocr_par' dir='ltr' id='par_1_22' title="bbox 2306 1264 3580 1345">
     <span class='ocr_line' id='line_1_22' title="bbox 2306 1264 3580 1345; baseline 0.002 -24"><span class='ocrx_word' id='word_1_107' title='bbox 2306 1264 2411 1321; x_wconf 72' lang='grc' dir='ltr'><strong>Καὶ</strong></span> <span class='ocrx_word' id='word_1_108' title='bbox 2443 1265 2804 1342; x_wconf 76' lang='grc' dir='ltr'>συρῥαγιίσης</span> <span class='ocrx_word' id='word_1_109' title='bbox 2832 1272 3094 1343; x_wconf 82' lang='grc' dir='ltr'>καρτερᾶς</span> <span class='ocrx_word' id='word_1_110' title='bbox 3127 1269 3332 1345; x_wconf 78' lang='grc' dir='ltr'>ἀμφοῖν</span> <span class='ocrx_word' id='word_1_111' title='bbox 3368 1271 3580 1345; x_wconf 85' lang='grc' dir='ltr'>μάχης,</span> 
     </span>
    </p>
   </div>
   <div class='ocr_carea' id='block_1_23' title="bbox 356 1352 1991 1436">
    <p class='ocr_par' dir='ltr' id='par_1_23' title="bbox 356 1362 1714 1436">
     <span class='ocr_line' id='line_1_23' title="bbox 356 1362 1714 1436; baseline -0.004 -16"><span class='ocrx_word' id='word_1_112' title='bbox 356 1370 567 1436; x_wconf 89' lang='lat' dir='ltr'><strong>captus</strong></span> <span class='ocrx_word' id='word_1_113' title='bbox 596 1370 685 1420; x_wconf 90' lang='lat' dir='ltr'><strong>est</strong></span> <span class='ocrx_word' id='word_1_114' title='bbox 716 1382 749 1419; x_wconf 93' lang='lat' dir='ltr'><strong>a</strong></span> <span class='ocrx_word' id='word_1_115' title='bbox 780 1364 1072 1427; x_wconf 81' lang='lat' dir='ltr'><strong>Barbarie,</strong></span> <span class='ocrx_word' id='word_1_116' title='bbox 1106 1363 1218 1417; x_wconf 86' lang='lat' dir='ltr'><strong>heu</strong></span> <span class='ocrx_word' id='word_1_117' title='bbox 1246 1362 1256 1415; x_wconf 92' lang='lat' dir='ltr'><strong>l</strong></span> <span class='ocrx_word' id='word_1_118' title='bbox 1292 1362 1377 1415; x_wconf 87' lang='lat' dir='ltr'><strong>vir</strong></span> <span class='ocrx_word' id='word_1_119' title='bbox 1408 1365 1714 1425; x_wconf 80' lang='lat' dir='ltr'><strong>strenuus,</strong></span> 
     </span>
    </p>
   </div>
   <div class='ocr_carea' id='block_1_24' title="bbox 1840 1352 3475 1436">
    <p class='ocr_par' dir='ltr' id='par_1_24' title="bbox 2306 1352 3475 1434">
     <span class='ocr_line' id='line_1_24' title="bbox 2306 1352 3475 1434; baseline 0.003 -25"><span class='ocrx_word' id='word_1_120' title='bbox 2306 1358 2416 1409; x_wconf 80' lang='grc' dir='ltr'><strong>Φιῦ</strong></span> <span class='ocrx_word' id='word_1_121' title='bbox 2448 1360 2546 1432; x_wconf 84' lang='grc' dir='ltr'><strong>φεῦ</strong></span> <span class='ocrx_word' id='word_1_122' title='bbox 2572 1357 2584 1411; x_wconf 84' lang='lat' dir='ltr'><strong>l</strong></span> <span class='ocrx_word' id='word_1_123' title='bbox 2620 1355 2767 1411; x_wconf 66' lang='grc' dir='ltr'>ἑάλω</span> <span class='ocrx_word' id='word_1_124' title='bbox 2799 1352 3105 1433; x_wconf 77' lang='grc' dir='ltr'>Βαρϐάροις</span> <span class='ocrx_word' id='word_1_125' title='bbox 3137 1359 3164 1411; x_wconf 86' lang='grc' dir='ltr'>ὁ</span> <span class='ocrx_word' id='word_1_126' title='bbox 3195 1355 3475 1434; x_wconf 75' lang='grc' dir='ltr'>γεννάδας,</span> 
     </span>
    </p>
   </div>
   <div class='ocr_carea' id='block_1_25' title="bbox 353 1443 1988 1524">
    <p class='ocr_par' dir='ltr' id='par_1_25' title="bbox 353 1450 1598 1524">
     <span class='ocr_line' id='line_1_25' title="bbox 353 1450 1598 1524; baseline -0.002 -18"><span class='ocrx_word' id='word_1_127' title='bbox 353 1456 443 1509; x_wconf 91' lang='lat' dir='ltr'><strong>vir</strong></span> <span class='ocrx_word' id='word_1_128' title='bbox 471 1454 569 1524; x_wconf 89' lang='lat' dir='ltr'><strong>qui</strong></span> <span class='ocrx_word' id='word_1_129' title='bbox 602 1453 846 1509; x_wconf 77' lang='lat' dir='ltr'><strong>hostiles</strong></span> <span class='ocrx_word' id='word_1_130' title='bbox 877 1452 1136 1523; x_wconf 84' lang='lat' dir='ltr'><strong>legiones</strong></span> <span class='ocrx_word' id='word_1_131' title='bbox 1170 1450 1598 1521; x_wconf 88' lang='lat' dir='ltr'><strong>prosternebat,</strong></span> 
     </span>
    </p>
   </div>
   <div class='ocr_carea' id='block_1_26' title="bbox 1974 1443 3609 1524">
    <p class='ocr_par' dir='ltr' id='par_1_26' title="bbox 2301 1443 3609 1523">
     <span class='ocr_line' id='line_1_26' title="bbox 2301 1443 3609 1523; baseline 0.003 -23"><span class='ocrx_word' id='word_1_132' title='bbox 2301 1444 2363 1500; x_wconf 83' lang='grc' dir='ltr'><strong>Ὀ</strong></span> <span class='ocrx_word' id='word_1_133' title='bbox 2394 1444 2567 1498; x_wconf 87' lang='grc' dir='ltr'>πάντα</span> <span class='ocrx_word' id='word_1_134' title='bbox 2599 1443 2877 1521; x_wconf 85' lang='grc' dir='ltr'>λαμπρὸς,</span> <span class='ocrx_word' id='word_1_135' title='bbox 2913 1447 2940 1499; x_wconf 88' lang='grc' dir='ltr'>ὁ</span> <span class='ocrx_word' id='word_1_136' title='bbox 2970 1446 3186 1501; x_wconf 87' lang='grc' dir='ltr'>κλονῶν</span> <span class='ocrx_word' id='word_1_137' title='bbox 3217 1446 3432 1523; x_wconf 82' lang='grc' dir='ltr'>ἐχθρῶν</span> <span class='ocrx_word' id='word_1_138' title='bbox 3461 1445 3609 1520; x_wconf 76' lang='grc' dir='ltr'>ἴλας,</span> 
     </span>
    </p>
   </div>
   <div class='ocr_carea' id='block_1_27' title="bbox 357 1531 1992 1613">
    <p class='ocr_par' dir='ltr' id='par_1_27' title="bbox 357 1540 1491 1613">
     <span class='ocr_line' id='line_1_27' title="bbox 357 1540 1491 1613; baseline -0.004 -14"><span class='ocrx_word' id='word_1_139' title='bbox 357 1542 602 1599; x_wconf 79' lang='lat' dir='ltr'><strong>Romani</strong></span> <span class='ocrx_word' id='word_1_140' title='bbox 635 1541 867 1613; x_wconf 90' lang='lat' dir='ltr'><strong>imperii</strong></span> <span class='ocrx_word' id='word_1_141' title='bbox 899 1545 1079 1612; x_wconf 88' lang='lat' dir='ltr'><strong>caput</strong></span> <span class='ocrx_word' id='word_1_142' title='bbox 1109 1544 1168 1594; x_wconf 92' lang='lat' dir='ltr'><strong>et</strong></span> <span class='ocrx_word' id='word_1_143' title='bbox 1196 1540 1491 1595; x_wconf 84' lang='lat' dir='ltr'><strong>defensor.</strong></span> 
     </span>
    </p>
   </div>
   <div class='ocr_carea' id='block_1_28' title="bbox 1826 1531 3461 1613">
    <p class='ocr_par' dir='ltr' id='par_1_28' title="bbox 2118 1531 3461 1610">
     <span class='ocr_line' id='line_1_28' title="bbox 2118 1531 3461 1610; baseline 0.004 -22"><span class='ocrx_word' id='word_1_144' title='bbox 2118 1532 2261 1588; x_wconf 87' lang='lat'>3375</span> <span class='ocrx_word' id='word_1_145' title='bbox 2298 1533 2360 1589; x_wconf 76' lang='grc' dir='ltr'>Ὀ</span> <span class='ocrx_word' id='word_1_146' title='bbox 2388 1531 2697 1606; x_wconf 81' lang='grc' dir='ltr'>Ῥωμα’ίδος</span> <span class='ocrx_word' id='word_1_147' title='bbox 2731 1535 2956 1609; x_wconf 80' lang='grc' dir='ltr'>ἡγεμὼν</span> <span class='ocrx_word' id='word_1_148' title='bbox 2991 1537 3081 1589; x_wconf 80' lang='grc' dir='ltr'>καὶ</span> <span class='ocrx_word' id='word_1_149' title='bbox 3126 1539 3461 1610; x_wconf 75' lang='grc' dir='ltr'><strong>προστάτης·</strong></span> 
     </span>
    </p>
   </div>
   <div class='ocr_carea' id='block_1_29' title="bbox 355 1622 1990 1703">
    <p class='ocr_par' dir='ltr' id='par_1_29' title="bbox 355 1626 1743 1703">
     <span class='ocr_line' id='line_1_29' title="bbox 355 1626 1743 1703; baseline -0.004 -16"><span class='ocrx_word' id='word_1_150' title='bbox 355 1632 503 1703; x_wconf 87' lang='lat' dir='ltr'><strong>Ergo</strong></span> <span class='ocrx_word' id='word_1_151' title='bbox 525 1632 597 1687; x_wconf 91' lang='lat' dir='ltr'><strong>ad</strong></span> <span class='ocrx_word' id='word_1_152' title='bbox 629 1637 941 1687; x_wconf 86' lang='lat' dir='ltr'><strong>Persarum</strong></span> <span class='ocrx_word' id='word_1_153' title='bbox 977 1644 1171 1699; x_wconf 83' lang='lat' dir='ltr'><strong>regem</strong></span> <span class='ocrx_word' id='word_1_154' title='bbox 1206 1629 1435 1683; x_wconf 88' lang='lat' dir='ltr'><strong>vinctus</strong></span> <span class='ocrx_word' id='word_1_155' title='bbox 1466 1626 1743 1694; x_wconf 90' lang='lat' dir='ltr'><strong>trahitur,</strong></span> 
     </span>
    </p>
   </div>
   <div class='ocr_carea' id='block_1_30' title="bbox 1802 1622 3437 1703">
    <p class='ocr_par' dir='ltr' id='par_1_30' title="bbox 2296 1622 3437 1698">
     <span class='ocr_line' id='line_1_30' title="bbox 2296 1622 3437 1698; baseline 0.002 -19"><span class='ocrx_word' id='word_1_156' title='bbox 2296 1623 2485 1696; x_wconf 82' lang='grc' dir='ltr'>’Ήχθη</span> <span class='ocrx_word' id='word_1_157' title='bbox 2521 1643 2578 1677; x_wconf 89' lang='grc' dir='ltr'><strong>τε</strong></span> <span class='ocrx_word' id='word_1_158' title='bbox 2609 1624 2941 1698; x_wconf 88' lang='grc' dir='ltr'>Περσάνακτι</span> <span class='ocrx_word' id='word_1_159' title='bbox 2976 1622 3265 1698; x_wconf 82' lang='grc' dir='ltr'>δεσμώτης</span> <span class='ocrx_word' id='word_1_160' title='bbox 3291 1624 3437 1696; x_wconf 78' lang='grc' dir='ltr'>ἄναξ·</span> 
     </span>
    </p>
   </div>
   <div class='ocr_carea' id='block_1_31' title="bbox 355 1708 1990 1791">
    <p class='ocr_par' dir='ltr' id='par_1_31' title="bbox 355 1719 1444 1791">
     <span class='ocr_line' id='line_1_31' title="bbox 355 1719 1444 1791; baseline -0.003 -16"><span class='ocrx_word' id='word_1_161' title='bbox 355 1722 458 1775; x_wconf 91' lang='lat' dir='ltr'><strong>sed</strong></span> <span class='ocrx_word' id='word_1_162' title='bbox 490 1720 717 1791; x_wconf 89' lang='lat' dir='ltr'><strong>captivo</strong></span> <span class='ocrx_word' id='word_1_163' title='bbox 749 1719 881 1774; x_wconf 84' lang='lat' dir='ltr'><strong>licet</strong></span> <span class='ocrx_word' id='word_1_164' title='bbox 910 1724 1090 1785; x_wconf 89' lang='lat' dir='ltr'><strong>statu,</strong></span> <span class='ocrx_word' id='word_1_165' title='bbox 1115 1726 1324 1773; x_wconf 88' lang='lat' dir='ltr'><strong>nactus</strong></span> <span class='ocrx_word' id='word_1_166' title='bbox 1354 1722 1444 1772; x_wconf 88' lang='lat' dir='ltr'><strong>est</strong></span> 
     </span>
    </p>
   </div>
   <div class='ocr_carea' id='block_1_32' title="bbox 1965 1708 3600 1791">
    <p class='ocr_par' dir='ltr' id='par_1_32' title="bbox 2308 1708 3600 1790">
     <span class='ocr_line' id='line_1_32' title="bbox 2308 1708 3600 1790; baseline 0.004 -24"><span class='ocrx_word' id='word_1_167' title='bbox 2308 1711 2454 1783; x_wconf 84' lang='grc' dir='ltr'>Πρὸς</span> <span class='ocrx_word' id='word_1_168' title='bbox 2487 1708 2535 1765; x_wconf 87' lang='grc' dir='ltr'>δ’</span> <span class='ocrx_word' id='word_1_169' title='bbox 2565 1712 2629 1765; x_wconf 80' lang='grc' dir='ltr'><strong>αὗ</strong></span> <span class='ocrx_word' id='word_1_170' title='bbox 2661 1708 3033 1787; x_wconf 82' lang='grc' dir='ltr'>δορυάλωτος,</span> <span class='ocrx_word' id='word_1_171' title='bbox 3064 1714 3335 1790; x_wconf 82' lang='grc' dir='ltr'>ἀπαχθεὶς</span> <span class='ocrx_word' id='word_1_172' title='bbox 3367 1712 3415 1770; x_wconf 86' lang='grc' dir='ltr'>δ’</span> <span class='ocrx_word' id='word_1_173' title='bbox 3444 1716 3600 1789; x_wconf 75' lang='grc' dir='ltr'>ὅμως</span> 
     </span>
    </p>
   </div>
   <div class='ocr_carea' id='block_1_33' title="bbox 352 1799 1987 1903">
    <p class='ocr_par' dir='ltr' id='par_1_33' title="bbox 352 1807 1632 1879">
     <span class='ocr_line' id='line_1_33' title="bbox 352 1807 1632 1879; baseline -0.002 -16"><span class='ocrx_word' id='word_1_174' title='bbox 352 1808 819 1865; x_wconf 81' lang='lat' dir='ltr'><strong>benevolentiam</strong></span> <span class='ocrx_word' id='word_1_175' title='bbox 852 1807 1166 1879; x_wconf 87' lang='lat' dir='ltr'><strong>plurimam</strong></span> <span class='ocrx_word' id='word_1_176' title='bbox 1202 1810 1378 1878; x_wconf 89' lang='lat' dir='ltr'><strong>atque</strong></span> <span class='ocrx_word' id='word_1_177' title='bbox 1410 1822 1632 1861; x_wconf 87' lang='lat' dir='ltr'><strong>curam.</strong></span> 
     </span>
    </p>
   </div>
   <div class='ocr_carea' id='block_1_34' title="bbox 1725 1799 3360 1903">
    <p class='ocr_par' dir='ltr' id='par_1_34' title="bbox 2050 1799 3360 1903">
     <span class='ocr_line' id='line_1_34' title="bbox 2050 1799 3360 1903; baseline 0.007 -52"><span class='ocrx_word' id='word_1_178' title='bbox 2050 1839 2098 1903; x_wconf 81' lang='grc' dir='ltr'><strong>Β</strong></span> <span class='ocrx_word' id='word_1_179' title='bbox 2315 1799 2737 1874; x_wconf 82' lang='grc' dir='ltr'>Φιλοφροσύνης</span> <span class='ocrx_word' id='word_1_180' title='bbox 2765 1803 2856 1856; x_wconf 85' lang='grc' dir='ltr'>καὶ</span> <span class='ocrx_word' id='word_1_181' title='bbox 2888 1804 3174 1875; x_wconf 82' lang='grc' dir='ltr'>θεραπείας</span> <span class='ocrx_word' id='word_1_182' title='bbox 3204 1803 3360 1875; x_wconf 76' lang='grc' dir='ltr'>ὅσης·</span> 
     </span>
    </p>
   </div>
   <div class='ocr_carea' id='block_1_35' title="bbox 358 1889 1993 1969">
    <p class='ocr_par' dir='ltr' id='par_1_35' title="bbox 358 1894 1726 1969">
     <span class='ocr_line' id='line_1_35' title="bbox 358 1894 1726 1969; baseline -0.003 -16"><span class='ocrx_word' id='word_1_183' title='bbox 358 1898 484 1953; x_wconf 91' lang='lat' dir='ltr'><strong>Imo</strong></span> <span class='ocrx_word' id='word_1_184' title='bbox 514 1902 571 1954; x_wconf 89' lang='lat' dir='ltr'><strong>et</strong></span> <span class='ocrx_word' id='word_1_185' title='bbox 608 1897 829 1953; x_wconf 87' lang='lat' dir='ltr'><strong>honore</strong></span> <span class='ocrx_word' id='word_1_186' title='bbox 860 1898 1019 1969; x_wconf 90' lang='lat' dir='ltr'><strong>regio</strong></span> <span class='ocrx_word' id='word_1_187' title='bbox 1054 1896 1337 1967; x_wconf 90' lang='lat' dir='ltr'><strong>cultuque</strong></span> <span class='ocrx_word' id='word_1_188' title='bbox 1367 1900 1457 1950; x_wconf 91' lang='lat' dir='ltr'><strong>est</strong></span> <span class='ocrx_word' id='word_1_189' title='bbox 1488 1894 1726 1950; x_wconf 90' lang='lat' dir='ltr'><strong>habitus</strong></span> 
     </span>
    </p>
   </div>
   <div class='ocr_carea' id='block_1_36' title="bbox 1760 1889 3395 1969">
    <p class='ocr_par' dir='ltr' id='par_1_36' title="bbox 2050 1889 3395 1965">
     <span class='ocr_line' id='line_1_36' title="bbox 2050 1889 3395 1965; baseline 0.005 -23"><span class='ocrx_word' id='word_1_190' title='bbox 2050 1889 2097 1903; x_wconf 75' lang='grc'><strong>⁸¹</strong></span> <span class='ocrx_word' id='word_1_191' title='bbox 2309 1896 2489 1963; x_wconf 84' lang='grc' dir='ltr'>Τιμῆς</span> <span class='ocrx_word' id='word_1_192' title='bbox 2525 1891 2809 1965; x_wconf 72' lang='grc' dir='ltr'>βασιλείου</span> <span class='ocrx_word' id='word_1_193' title='bbox 2838 1913 2895 1947; x_wconf 88' lang='grc' dir='ltr'><strong>τε</strong></span> <span class='ocrx_word' id='word_1_194' title='bbox 2919 1893 3009 1947; x_wconf 84' lang='grc' dir='ltr'><strong>καὶ</strong></span> <span class='ocrx_word' id='word_1_195' title='bbox 3042 1889 3202 1965; x_wconf 77' lang='grc' dir='ltr'>δόξης</span> <span class='ocrx_word' id='word_1_196' title='bbox 3230 1892 3395 1949; x_wconf 90' lang='grc' dir='ltr'>πάλιν</span> 
     </span>
    </p>
   </div>
   <div class='ocr_carea' id='block_1_37' title="bbox 357 1980 1992 2059">
    <p class='ocr_par' dir='ltr' id='par_1_37' title="bbox 357 1984 1761 2059">
     <span class='ocr_line' id='line_1_37' title="bbox 357 1984 1761 2059; baseline -0.003 -18"><span class='ocrx_word' id='word_1_197' title='bbox 357 1987 592 2059; x_wconf 90' lang='lat' dir='ltr'><strong>egregio</strong></span> <span class='ocrx_word' id='word_1_198' title='bbox 624 1985 888 2057; x_wconf 80' lang='lat' dir='ltr'><strong>exemplo</strong></span> <span class='ocrx_word' id='word_1_199' title='bbox 922 1986 1077 2055; x_wconf 90' lang='lat' dir='ltr'><strong>apud</strong></span> <span class='ocrx_word' id='word_1_200' title='bbox 1108 1990 1417 2040; x_wconf 85' lang='lat' dir='ltr'><strong>Persarum</strong></span> <span class='ocrx_word' id='word_1_201' title='bbox 1453 1984 1761 2039; x_wconf 87' lang='lat' dir='ltr'><strong>dominum</strong></span> 
     </span>
    </p>
   </div>
   <div class='ocr_carea' id='block_1_38' title="bbox 1910 1980 3545 2059">
    <p class='ocr_par' dir='ltr' id='par_1_38' title="bbox 2119 1980 3545 2059">
     <span class='ocr_line' id='line_1_38' title="bbox 2119 1980 3545 2059; baseline 0.003 -24"><span class='ocrx_word' id='word_1_202' title='bbox 2119 1980 2262 2035; x_wconf 88' lang='lat'>3380</span> <span class='ocrx_word' id='word_1_203' title='bbox 2300 1980 2504 2055; x_wconf 75' lang='grc' dir='ltr'>Ἔτυχε</span> <span class='ocrx_word' id='word_1_204' title='bbox 2534 1980 2719 2043; x_wconf 84' lang='grc' dir='ltr'>καλῶς</span> <span class='ocrx_word' id='word_1_205' title='bbox 2751 1982 2887 2057; x_wconf 87' lang='grc' dir='ltr'>πρὸς</span> <span class='ocrx_word' id='word_1_206' title='bbox 2918 1987 3249 2059; x_wconf 79' lang='grc' dir='ltr'>κρατοῦντος</span> <span class='ocrx_word' id='word_1_207' title='bbox 3279 1982 3545 2058; x_wconf 86' lang='grc' dir='ltr'>Περσίδος</span> 
     </span>
    </p>
   </div>
   <div class='ocr_carea' id='block_1_39' title="bbox 356 2068 1991 2148">
    <p class='ocr_par' dir='ltr' id='par_1_39' title="bbox 356 2073 1511 2139">
     <span class='ocr_line' id='line_1_39' title="bbox 356 2073 1511 2139; baseline -0.003 -10"><span class='ocrx_word' id='word_1_208' title='bbox 356 2078 607 2130; x_wconf 81' lang='lat' dir='ltr'><strong>Azanem</strong></span> <span class='ocrx_word' id='word_1_209' title='bbox 640 2074 806 2129; x_wconf 91' lang='lat' dir='ltr'><strong>illum</strong></span> <span class='ocrx_word' id='word_1_210' title='bbox 841 2076 998 2128; x_wconf 86' lang='lat' dir='ltr'><strong>fama</strong></span> <span class='ocrx_word' id='word_1_211' title='bbox 1038 2073 1511 2139; x_wconf 83' lang='lat' dir='ltr'><strong>celeberrimum,</strong></span> 
     </span>
    </p>
   </div>
   <div class='ocr_carea' id='block_1_40' title="bbox 1770 2068 3405 2148">
    <p class='ocr_par' dir='ltr' id='par_1_40' title="bbox 2301 2068 3405 2148">
     <span class='ocr_line' id='line_1_40' title="bbox 2301 2068 3405 2148; baseline 0.002 -23"><span class='ocrx_word' id='word_1_212' title='bbox 2301 2068 2457 2136; x_wconf 82' lang='grc' dir='ltr'>Ἀζὰν</span> <span class='ocrx_word' id='word_1_213' title='bbox 2492 2068 2698 2123; x_wconf 74' lang='grc' dir='ltr'>ἐκείνου</span> <span class='ocrx_word' id='word_1_214' title='bbox 2728 2075 2825 2124; x_wconf 87' lang='grc' dir='ltr'><strong>τοῦ</strong></span> <span class='ocrx_word' id='word_1_215' title='bbox 2855 2071 3405 2148; x_wconf 86' lang='grc' dir='ltr'>περιθρυλλουμὲνου</span> 
     </span>
    </p>
   </div>
   <div class='ocr_carea' id='block_1_41' title="bbox 358 2155 1993 2237">
    <p class='ocr_par' dir='ltr' id='par_1_41' title="bbox 358 2161 1553 2231">
     <span class='ocr_line' id='line_1_41' title="bbox 358 2161 1553 2231; baseline -0.003 -13"><span class='ocrx_word' id='word_1_216' title='bbox 358 2164 559 2218; x_wconf 89' lang='lat' dir='ltr'><strong>animo</strong></span> <span class='ocrx_word' id='word_1_217' title='bbox 590 2168 647 2218; x_wconf 90' lang='lat' dir='ltr'><strong>et</strong></span> <span class='ocrx_word' id='word_1_218' title='bbox 677 2162 871 2217; x_wconf 85' lang='lat' dir='ltr'><strong>verbis</strong></span> <span class='ocrx_word' id='word_1_219' title='bbox 904 2162 1150 2217; x_wconf 87' lang='lat' dir='ltr'><strong>mitibus</strong></span> <span class='ocrx_word' id='word_1_220' title='bbox 1183 2161 1266 2215; x_wconf 89' lang='lat' dir='ltr'><strong>uti</strong></span> <span class='ocrx_word' id='word_1_221' title='bbox 1294 2161 1553 2231; x_wconf 87' lang='lat' dir='ltr'><strong>solitum,</strong></span> 
     </span>
    </p>
   </div>
   <div class='ocr_carea' id='block_1_42' title="bbox 1848 2155 3483 2237">
    <p class='ocr_par' dir='ltr' id='par_1_42' title="bbox 2298 2155 3483 2237">
     <span class='ocr_line' id='line_1_42' title="bbox 2298 2155 3483 2237; baseline 0.003 -25"><span class='ocrx_word' id='word_1_222' title='bbox 2298 2155 2526 2234; x_wconf 87' lang='grc' dir='ltr'>Ἀνδρὸς</span> <span class='ocrx_word' id='word_1_223' title='bbox 2560 2159 2782 2235; x_wconf 84' lang='grc' dir='ltr'>μετρίου</span> <span class='ocrx_word' id='word_1_224' title='bbox 2812 2161 2875 2214; x_wconf 86' lang='grc' dir='ltr'>τὸ</span> <span class='ocrx_word' id='word_1_225' title='bbox 2907 2159 3163 2237; x_wconf 83' lang='grc' dir='ltr'>φρόνημα</span> <span class='ocrx_word' id='word_1_226' title='bbox 3191 2164 3279 2216; x_wconf 73' lang='grc' dir='ltr'><strong>καί</strong></span> <span class='ocrx_word' id='word_1_227' title='bbox 3315 2160 3483 2237; x_wconf 88' lang='grc' dir='ltr'>λόγον</span> 
     </span>
    </p>
   </div>
   <div class='ocr_carea' id='block_1_43' title="bbox 352 2248 1987 2326">
    <p class='ocr_par' dir='ltr' id='par_1_43' title="bbox 352 2249 1682 2321">
     <span class='ocr_line' id='line_1_43' title="bbox 352 2249 1682 2321; baseline -0.003 -14"><span class='ocrx_word' id='word_1_228' title='bbox 352 2253 503 2321; x_wconf 71' lang='lat' dir='ltr'><strong>aequi</strong></span> <span class='ocrx_word' id='word_1_229' title='bbox 534 2258 881 2316; x_wconf 90' lang='lat' dir='ltr'><strong>amatorem,</strong></span> <span class='ocrx_word' id='word_1_230' title='bbox 914 2250 1174 2305; x_wconf 88' lang='lat' dir='ltr'><strong>nominis</strong></span> <span class='ocrx_word' id='word_1_231' title='bbox 1204 2249 1345 2305; x_wconf 88' lang='lat' dir='ltr'><strong>clari</strong></span> <span class='ocrx_word' id='word_1_232' title='bbox 1377 2249 1682 2321; x_wconf 90' lang='lat' dir='ltr'><strong>cupidum.</strong></span> 
     </span>
    </p>
   </div>
   <div class='ocr_carea' id='block_1_44' title="bbox 1911 2248 3546 2326">
    <p class='ocr_par' dir='ltr' id='par_1_44' title="bbox 2293 2248 3546 2326">
     <span class='ocr_line' id='line_1_44' title="bbox 2293 2248 3546 2326; baseline 0.003 -23"><span class='ocrx_word' id='word_1_233' title='bbox 2293 2249 2438 2303; x_wconf 90' lang='grc' dir='ltr'>Ἰσου</span> <span class='ocrx_word' id='word_1_234' title='bbox 2469 2249 2516 2301; x_wconf 86' lang='grc' dir='ltr'>τ’</span> <span class='ocrx_word' id='word_1_235' title='bbox 2547 2248 2774 2323; x_wconf 75' lang='grc' dir='ltr'>ἐραστοῦ</span> <span class='ocrx_word' id='word_1_236' title='bbox 2804 2248 3102 2324; x_wconf 88' lang='grc' dir='ltr'>φιλοτίμου</span> <span class='ocrx_word' id='word_1_237' title='bbox 3133 2251 3259 2313; x_wconf 81' lang='grc' dir='ltr'>τοὺς</span> <span class='ocrx_word' id='word_1_238' title='bbox 3287 2250 3546 2326; x_wconf 85' lang='grc' dir='ltr'>τρόπους·</span> 
     </span>
    </p>
   </div>
   <div class='ocr_carea' id='block_1_45' title="bbox 353 2333 1988 2417">
    <p class='ocr_par' dir='ltr' id='par_1_45' title="bbox 353 2338 1791 2410">
     <span class='ocr_line' id='line_1_45' title="bbox 353 2338 1791 2410; baseline -0.003 -14"><span class='ocrx_word' id='word_1_239' title='bbox 353 2341 507 2405; x_wconf 87' lang='lat' dir='ltr'><strong>Quin</strong></span> <span class='ocrx_word' id='word_1_240' title='bbox 538 2341 714 2395; x_wconf 88' lang='lat' dir='ltr'><strong>etiam</strong></span> <span class='ocrx_word' id='word_1_241' title='bbox 750 2338 1060 2410; x_wconf 88' lang='lat' dir='ltr'><strong>splendido</strong></span> <span class='ocrx_word' id='word_1_242' title='bbox 1092 2355 1230 2393; x_wconf 80' lang='lat' dir='ltr'><strong>mox</strong></span> <span class='ocrx_word' id='word_1_243' title='bbox 1255 2338 1566 2408; x_wconf 90' lang='lat' dir='ltr'><strong>impetrato</strong></span> <span class='ocrx_word' id='word_1_244' title='bbox 1599 2338 1791 2393; x_wconf 90' lang='lat' dir='ltr'><strong>reditu</strong></span> 
     </span>
    </p>
   </div>
   <div class='ocr_carea' id='block_1_46' title="bbox 1836 2333 3471 2417">
    <p class='ocr_par' dir='ltr' id='par_1_46' title="bbox 2296 2333 3471 2417">
     <span class='ocr_line' id='line_1_46' title="bbox 2296 2333 3471 2417; baseline 0.005 -27"><span class='ocrx_word' id='word_1_245' title='bbox 2296 2333 2597 2391; x_wconf 83' lang='grc' dir='ltr'>Ἐπανόδου</span> <span class='ocrx_word' id='word_1_246' title='bbox 2632 2334 2678 2391; x_wconf 87' lang='grc' dir='ltr'>δ’</span> <span class='ocrx_word' id='word_1_247' title='bbox 2709 2334 2895 2393; x_wconf 80' lang='grc' dir='ltr'>ἔπειτα</span> <span class='ocrx_word' id='word_1_248' title='bbox 2924 2338 3184 2413; x_wconf 73' lang='grc' dir='ltr'>λαμπρὰς</span> <span class='ocrx_word' id='word_1_249' title='bbox 3214 2342 3471 2417; x_wconf 79' lang='grc' dir='ltr'>τυγχάνει</span> 
     </span>
    </p>
   </div>
   <div class='ocr_carea' id='block_1_47' title="bbox 352 2424 1987 2503">
    <p class='ocr_par' dir='ltr' id='par_1_47' title="bbox 352 2427 1509 2501">
     <span class='ocr_line' id='line_1_47' title="bbox 352 2427 1509 2501; baseline -0.003 -16"><span class='ocrx_word' id='word_1_250' title='bbox 352 2446 489 2485; x_wconf 88' lang='lat' dir='ltr'><strong>cum</strong></span> <span class='ocrx_word' id='word_1_251' title='bbox 530 2430 779 2501; x_wconf 86' lang='lat' dir='ltr'><strong>captivis</strong></span> <span class='ocrx_word' id='word_1_252' title='bbox 811 2428 1131 2483; x_wconf 85' lang='lat' dir='ltr'><strong>dimittitur</strong></span> <span class='ocrx_word' id='word_1_253' title='bbox 1170 2427 1509 2483; x_wconf 82' lang='lat' dir='ltr'><strong>honoriﬁce.</strong></span> 
     </span>
    </p>
   </div>
   <div class='ocr_carea' id='block_1_48' title="bbox 1796 2424 3431 2503">
    <p class='ocr_par' dir='ltr' id='par_1_48' title="bbox 2114 2424 3431 2503">
     <span class='ocr_line' id='line_1_48' title="bbox 2114 2424 3431 2503; baseline 0.004 -23"><span class='ocrx_word' id='word_1_254' title='bbox 2114 2425 2256 2480; x_wconf 87' lang='lat'>3385</span> <span class='ocrx_word' id='word_1_255' title='bbox 2295 2424 2400 2479; x_wconf 78' lang='grc' dir='ltr'>Σὺν</span> <span class='ocrx_word' id='word_1_256' title='bbox 2434 2426 2824 2500; x_wconf 73' lang='grc' dir='ltr'>αἶ’χμαλώτοις</span> <span class='ocrx_word' id='word_1_257' title='bbox 2854 2426 3149 2491; x_wconf 82' lang='grc' dir='ltr'>ἀπολυθεὶς</span> <span class='ocrx_word' id='word_1_258' title='bbox 3182 2428 3431 2503; x_wconf 79' lang='grc' dir='ltr'>ἐντίμως.</span> 
     </span>
    </p>
   </div>
   <div class='ocr_carea' id='block_1_49' title="bbox 353 2513 1988 2591">
    <p class='ocr_par' dir='ltr' id='par_1_49' title="bbox 353 2517 1592 2589">
     <span class='ocr_line' id='line_1_49' title="bbox 353 2517 1592 2589; baseline -0.003 -14"><span class='ocrx_word' id='word_1_259' title='bbox 353 2520 459 2574; x_wconf 89' lang='lat' dir='ltr'><strong>Sed</strong></span> <span class='ocrx_word' id='word_1_260' title='bbox 486 2535 621 2575; x_wconf 89' lang='lat' dir='ltr'><strong>cum</strong></span> <span class='ocrx_word' id='word_1_261' title='bbox 657 2518 905 2574; x_wconf 83' lang='lat' dir='ltr'><strong>Romani</strong></span> <span class='ocrx_word' id='word_1_262' title='bbox 938 2518 1169 2589; x_wconf 90' lang='lat' dir='ltr'><strong>imperii</strong></span> <span class='ocrx_word' id='word_1_263' title='bbox 1202 2518 1348 2572; x_wconf 82' lang='lat' dir='ltr'><strong>ﬁnes</strong></span> <span class='ocrx_word' id='word_1_264' title='bbox 1376 2517 1592 2588; x_wconf 83' lang='lat' dir='ltr'><strong>attigit,</strong></span> 
     </span>
    </p>
   </div>
   <div class='ocr_carea' id='block_1_50' title="bbox 1671 2513 3306 2591">
    <p class='ocr_par' dir='ltr' id='par_1_50' title="bbox 2294 2513 3306 2591">
     <span class='ocr_line' id='line_1_50' title="bbox 2294 2513 3306 2591; baseline 0.006 -23"><span class='ocrx_word' id='word_1_265' title='bbox 2294 2513 2496 2570; x_wconf 75' lang='grc' dir='ltr'>Ἐπιιδ’</span> <span class='ocrx_word' id='word_1_266' title='bbox 2526 2516 2866 2590; x_wconf 77' lang='grc' dir='ltr'>ἐπανὲζευξεν</span> <span class='ocrx_word' id='word_1_267' title='bbox 2897 2518 2973 2572; x_wconf 84' lang='grc' dir='ltr'><strong>είς</strong></span> <span class='ocrx_word' id='word_1_268' title='bbox 3005 2516 3306 2591; x_wconf 68' lang='grc' dir='ltr'>Ῥωμαίδα,</span> 
     </span>
    </p>
   </div>
   <div class='ocr_carea' id='block_1_51' title="bbox 349 2604 1984 2682">
    <p class='ocr_par' dir='ltr' id='par_1_51' title="bbox 349 2605 1620 2678">
     <span class='ocr_line' id='line_1_51' title="bbox 349 2605 1620 2678; baseline -0.002 -15"><span class='ocrx_word' id='word_1_269' title='bbox 349 2608 528 2664; x_wconf 90' lang='lat' dir='ltr'><strong>veluti</strong></span> <span class='ocrx_word' id='word_1_270' title='bbox 560 2625 627 2663; x_wconf 86' lang='lat' dir='ltr'><strong>ex</strong></span> <span class='ocrx_word' id='word_1_271' title='bbox 658 2624 895 2664; x_wconf 90' lang='lat' dir='ltr'><strong>summa</strong></span> <span class='ocrx_word' id='word_1_272' title='bbox 924 2611 1269 2678; x_wconf 82' lang='lat' dir='ltr'><strong>tempestate</strong></span> <span class='ocrx_word' id='word_1_273' title='bbox 1304 2605 1620 2661; x_wconf 88' lang='lat' dir='ltr'><strong>incolumis</strong></span> 
     </span>
    </p>
   </div>
   <div class='ocr_carea' id='block_1_52' title="bbox 1671 2604 3306 2682">
    <p class='ocr_par' dir='ltr' id='par_1_52' title="bbox 2290 2604 3306 2682">
     <span class='ocr_line' id='line_1_52' title="bbox 2290 2604 3306 2682; baseline 0 -20"><span class='ocrx_word' id='word_1_274' title='bbox 2290 2604 2685 2670; x_wconf 82' lang='grc' dir='ltr'>Ἐπανασωθεὶς</span> <span class='ocrx_word' id='word_1_275' title='bbox 2721 2607 2901 2681; x_wconf 83' lang='grc' dir='ltr'>ὥσπερ</span> <span class='ocrx_word' id='word_1_276' title='bbox 2928 2604 2989 2661; x_wconf 84' lang='grc' dir='ltr'><strong>ἐκ</strong></span> <span class='ocrx_word' id='word_1_277' title='bbox 3014 2607 3306 2682; x_wconf 80' lang='grc' dir='ltr'>τρικυμίας</span> 
     </span>
    </p>
   </div>
   <div class='ocr_carea' id='block_1_53' title="bbox 350 2691 1985 2771">
    <p class='ocr_par' dir='ltr' id='par_1_53' title="bbox 350 2695 1508 2769">
     <span class='ocr_line' id='line_1_53' title="bbox 350 2695 1508 2769; baseline -0.002 -18"><span class='ocrx_word' id='word_1_278' title='bbox 350 2696 408 2752; x_wconf 91' lang='lat' dir='ltr'><strong>in</strong></span> <span class='ocrx_word' id='word_1_279' title='bbox 436 2702 667 2769; x_wconf 90' lang='lat' dir='ltr'><strong>portum</strong></span> <span class='ocrx_word' id='word_1_280' title='bbox 702 2697 860 2766; x_wconf 78' lang='lat' dir='ltr'><strong>regni</strong></span> <span class='ocrx_word' id='word_1_281' title='bbox 895 2698 986 2752; x_wconf 93' lang='lat' dir='ltr'><strong>sui</strong></span> <span class='ocrx_word' id='word_1_282' title='bbox 1018 2701 1215 2751; x_wconf 89' lang='lat' dir='ltr'><strong>tutum</strong></span> <span class='ocrx_word' id='word_1_283' title='bbox 1248 2695 1508 2763; x_wconf 89' lang='lat' dir='ltr'><strong>veniens,</strong></span> 
     </span>
    </p>
   </div>
   <div class='ocr_carea' id='block_1_54' title="bbox 1765 2691 3400 2771">
    <p class='ocr_par' dir='ltr' id='par_1_54' title="bbox 2289 2691 3400 2771">
     <span class='ocr_line' id='line_1_54' title="bbox 2289 2691 3400 2771; baseline 0.004 -25"><span class='ocrx_word' id='word_1_284' title='bbox 2289 2693 2377 2754; x_wconf 83' lang='grc' dir='ltr'>Ὠς</span> <span class='ocrx_word' id='word_1_285' title='bbox 2412 2692 2487 2755; x_wconf 83' lang='grc' dir='ltr'><strong>είς</strong></span> <span class='ocrx_word' id='word_1_286' title='bbox 2519 2691 2783 2750; x_wconf 77' lang='grc' dir='ltr'>ἄκλυστον</span> <span class='ocrx_word' id='word_1_287' title='bbox 2814 2693 3014 2767; x_wconf 80' lang='grc' dir='ltr'>λιμὲνα</span> <span class='ocrx_word' id='word_1_288' title='bbox 3044 2696 3400 2771; x_wconf 80' lang='grc' dir='ltr'>κραταρχίαν,</span> 
     </span>
    </p>
   </div>
   <div class='ocr_carea' id='block_1_55' title="bbox 348 2782 1983 2861">
    <p class='ocr_par' dir='ltr' id='par_1_55' title="bbox 348 2784 1511 2857">
     <span class='ocr_line' id='line_1_55' title="bbox 348 2784 1511 2857; baseline -0.002 -17"><span class='ocrx_word' id='word_1_289' title='bbox 348 2785 430 2841; x_wconf 89' lang='lat' dir='ltr'><strong>ibi</strong></span> <span class='ocrx_word' id='word_1_290' title='bbox 464 2787 863 2857; x_wconf 84' lang='lat' dir='ltr'><strong>naufragium,</strong></span> <span class='ocrx_word' id='word_1_291' title='bbox 896 2802 929 2840; x_wconf 96' lang='lat' dir='ltr'><strong>o</strong></span> <span class='ocrx_word' id='word_1_292' title='bbox 960 2786 1088 2840; x_wconf 92' lang='lat' dir='ltr'><strong>dira</strong></span> <span class='ocrx_word' id='word_1_293' title='bbox 1121 2785 1223 2839; x_wconf 79' lang='lat' dir='ltr'><strong>fati</strong></span> <span class='ocrx_word' id='word_1_294' title='bbox 1255 2784 1511 2839; x_wconf 86' lang='lat' dir='ltr'><strong>invidia!</strong></span> 
     </span>
    </p>
   </div>
   <div class='ocr_carea' id='block_1_56' title="bbox 1771 2782 3406 2861">
    <p class='ocr_par' dir='ltr' id='par_1_56' title="bbox 2293 2782 3406 2861">
     <span class='ocr_line' id='line_1_56' title="bbox 2293 2782 3406 2861; baseline 0.003 -23"><span class='ocrx_word' id='word_1_295' title='bbox 2293 2782 2555 2838; x_wconf 77' lang='grc' dir='ltr'>Ἐνταῦθα</span> <span class='ocrx_word' id='word_1_296' title='bbox 2580 2785 2860 2857; x_wconf 80' lang='grc' dir='ltr'>ναυάγιον,</span> <span class='ocrx_word' id='word_1_297' title='bbox 2890 2783 2934 2838; x_wconf 87' lang='grc' dir='ltr'><strong>ὣ</strong></span> <span class='ocrx_word' id='word_1_298' title='bbox 2966 2782 3145 2839; x_wconf 80' lang='grc' dir='ltr'>δεινοῦ</span> <span class='ocrx_word' id='word_1_299' title='bbox 3174 2786 3406 2861; x_wconf 76' lang='grc' dir='ltr'>φθόνουι</span> 
     </span>
    </p>
   </div>
   <div class='ocr_carea' id='block_1_57' title="bbox 349 2869 1984 2951">
    <p class='ocr_par' dir='ltr' id='par_1_57' title="bbox 349 2874 1338 2945">
     <span class='ocr_line' id='line_1_57' title="bbox 349 2874 1338 2945; baseline -0.003 -15"><span class='ocrx_word' id='word_1_300' title='bbox 349 2875 506 2945; x_wconf 83' lang='lat' dir='ltr'><strong>fecit,</strong></span> <span class='ocrx_word' id='word_1_301' title='bbox 534 2879 592 2929; x_wconf 88' lang='lat' dir='ltr'><strong>et</strong></span> <span class='ocrx_word' id='word_1_302' title='bbox 623 2874 778 2930; x_wconf 90' lang='lat' dir='ltr'><strong>oculi</strong></span> <span class='ocrx_word' id='word_1_303' title='bbox 800 2875 927 2928; x_wconf 89' lang='lat' dir='ltr'><strong>vivo</strong></span> <span class='ocrx_word' id='word_1_304' title='bbox 961 2878 1101 2928; x_wconf 88' lang='lat' dir='ltr'><strong>sunt</strong></span> <span class='ocrx_word' id='word_1_305' title='bbox 1130 2875 1338 2944; x_wconf 88' lang='lat' dir='ltr'><strong>erepti.</strong></span> 
     </span>
    </p>
   </div>
   <div class='ocr_carea' id='block_1_58' title="bbox 1934 2869 3569 2951">
    <p class='ocr_par' dir='ltr' id='par_1_58' title="bbox 2111 2869 3569 2951">
     <span class='ocr_line' id='line_1_58' title="bbox 2111 2869 3569 2951; baseline 0.005 -25"><span class='ocrx_word' id='word_1_306' title='bbox 2111 2871 2255 2927; x_wconf 87' lang='lat'>3390</span> <span class='ocrx_word' id='word_1_307' title='bbox 2290 2869 2465 2943; x_wconf 83' lang='grc' dir='ltr'>Ἕτλη</span> <span class='ocrx_word' id='word_1_308' title='bbox 2501 2873 2781 2949; x_wconf 80' lang='grc' dir='ltr'>στερηθεὶς</span> <span class='ocrx_word' id='word_1_309' title='bbox 2811 2878 2910 2929; x_wconf 88' lang='grc' dir='ltr'><strong>τοῦ</strong></span> <span class='ocrx_word' id='word_1_310' title='bbox 2941 2872 3109 2951; x_wconf 89' lang='grc' dir='ltr'>φάους</span> <span class='ocrx_word' id='word_1_311' title='bbox 3140 2879 3249 2930; x_wconf 86' lang='grc' dir='ltr'><strong>τῶν</strong></span> <span class='ocrx_word' id='word_1_312' title='bbox 3281 2874 3569 2949; x_wconf 81' lang='grc' dir='ltr'>ὀμμάτων.</span> 
     </span>
    </p>
   </div>
   <div class='ocr_carea' id='block_1_59' title="bbox 347 2959 1982 3038">
    <p class='ocr_par' dir='ltr' id='par_1_59' title="bbox 347 2961 1353 3034">
     <span class='ocr_line' id='line_1_59' title="bbox 347 2961 1353 3034; baseline -0.002 -17"><span class='ocrx_word' id='word_1_313' title='bbox 347 2963 442 3019; x_wconf 84' lang='lat' dir='ltr'><strong>Sic</strong></span> <span class='ocrx_word' id='word_1_314' title='bbox 473 2980 621 3033; x_wconf 70' lang='lat' dir='ltr'><strong>aager</strong></span> <span class='ocrx_word' id='word_1_315' title='bbox 659 2978 797 3034; x_wconf 89' lang='lat' dir='ltr'><strong>ergo</strong></span> <span class='ocrx_word' id='word_1_316' title='bbox 831 2963 977 3017; x_wconf 85' lang='lat' dir='ltr'><strong>abiit</strong></span> <span class='ocrx_word' id='word_1_317' title='bbox 999 2964 1057 3016; x_wconf 91' lang='lat' dir='ltr'><strong>in</strong></span> <span class='ocrx_word' id='word_1_318' title='bbox 1094 2961 1353 3017; x_wconf 88' lang='lat' dir='ltr'><strong>insulam</strong></span> 
     </span>
    </p>
   </div>
   <div class='ocr_carea' id='block_1_60' title="bbox 1807 2959 3442 3038">
    <p class='ocr_par' dir='ltr' id='par_1_60' title="bbox 2290 2959 3442 3038">
     <span class='ocr_line' id='line_1_60' title="bbox 2290 2959 3442 3038; baseline 0.003 -24"><span class='ocrx_word' id='word_1_319' title='bbox 2290 2960 2444 3015; x_wconf 78' lang='grc' dir='ltr'>Οὕτω</span> <span class='ocrx_word' id='word_1_320' title='bbox 2467 2959 2511 3015; x_wconf 82' lang='grc' dir='ltr'>δ’</span> <span class='ocrx_word' id='word_1_321' title='bbox 2546 2960 2689 3037; x_wconf 71' lang='grc' dir='ltr'>ἔχων</span> <span class='ocrx_word' id='word_1_322' title='bbox 2722 2961 2901 3018; x_wconf 71' lang='grc' dir='ltr'>ἄπεισι</span> <span class='ocrx_word' id='word_1_323' title='bbox 2931 2964 3068 3038; x_wconf 85' lang='grc' dir='ltr'>πρὸς</span> <span class='ocrx_word' id='word_1_324' title='bbox 3096 2962 3442 3037; x_wconf 68' lang='grc' dir='ltr'>καλουμένην</span> 
     </span>
    </p>
   </div>
   <div class='ocr_carea' id='block_1_61' title="bbox 342 3049 1977 3127">
    <p class='ocr_par' dir='ltr' id='par_1_61' title="bbox 342 3049 1643 3124">
     <span class='ocr_line' id='line_1_61' title="bbox 342 3049 1643 3124; baseline -0.002 -17"><span class='ocrx_word' id='word_1_325' title='bbox 342 3051 467 3121; x_wconf 82' lang='lat' dir='ltr'><strong>(cui</strong></span> <span class='ocrx_word' id='word_1_326' title='bbox 499 3069 712 3108; x_wconf 90' lang='lat' dir='ltr'><strong>nomen</strong></span> <span class='ocrx_word' id='word_1_327' title='bbox 745 3052 956 3124; x_wconf 91' lang='lat' dir='ltr'><strong>prima)</strong></span> <span class='ocrx_word' id='word_1_328' title='bbox 989 3050 1315 3122; x_wconf 85' lang='lat' dir='ltr'><strong>proximam</strong></span> <span class='ocrx_word' id='word_1_329' title='bbox 1346 3049 1643 3121; x_wconf 77' lang='lat' dir='ltr'><strong>Byzantio,</strong></span> 
     </span>
    </p>
   </div>
   <div class='ocr_carea' id='block_1_62' title="bbox 1818 3049 3453 3127">
    <p class='ocr_par' dir='ltr' id='par_1_62' title="bbox 2289 3050 3453 3127">
     <span class='ocr_line' id='line_1_62' title="bbox 2289 3050 3453 3127; baseline 0.004 -24"><span class='ocrx_word' id='word_1_330' title='bbox 2289 3050 2520 3124; x_wconf 86' lang='grc' dir='ltr'>Πρώτην</span> <span class='ocrx_word' id='word_1_331' title='bbox 2551 3072 2611 3127; x_wconf 85' lang='grc' dir='ltr'><strong>γε</strong></span> <span class='ocrx_word' id='word_1_332' title='bbox 2640 3058 2803 3121; x_wconf 83' lang='grc' dir='ltr'>νῆσον</span> <span class='ocrx_word' id='word_1_333' title='bbox 2837 3051 3074 3122; x_wconf 84' lang='grc' dir='ltr'>πλησίον</span> <span class='ocrx_word' id='word_1_334' title='bbox 3106 3050 3453 3121; x_wconf 86' lang='grc' dir='ltr'>Βυζαντίδος·</span> 
     </span>
    </p>
   </div>
   <div class='ocr_carea' id='block_1_63' title="bbox 347 3137 1982 3217">
    <p class='ocr_par' dir='ltr' id='par_1_63' title="bbox 347 3141 1641 3213">
     <span class='ocr_line' id='line_1_63' title="bbox 347 3141 1641 3213; baseline -0.003 -16"><span class='ocrx_word' id='word_1_335' title='bbox 347 3142 406 3197; x_wconf 91' lang='lat' dir='ltr'><strong>in</strong></span> <span class='ocrx_word' id='word_1_336' title='bbox 441 3158 560 3213; x_wconf 88' lang='lat' dir='ltr'><strong>qua</strong></span> <span class='ocrx_word' id='word_1_337' title='bbox 592 3142 643 3197; x_wconf 89' lang='lat' dir='ltr'><strong>is</strong></span> <span class='ocrx_word' id='word_1_338' title='bbox 673 3141 813 3196; x_wconf 90' lang='lat' dir='ltr'><strong>olim</strong></span> <span class='ocrx_word' id='word_1_339' title='bbox 848 3141 1272 3195; x_wconf 88' lang='lat' dir='ltr'><strong>monasterium</strong></span> <span class='ocrx_word' id='word_1_340' title='bbox 1309 3144 1641 3205; x_wconf 88' lang='lat' dir='ltr'><strong>struxerat;</strong></span> 
     </span>
    </p>
   </div>
   <div class='ocr_carea' id='block_1_64' title="bbox 1827 3137 3462 3217">
    <p class='ocr_par' dir='ltr' id='par_1_64' title="bbox 2038 3137 3462 3217">
     <span class='ocr_line' id='line_1_64' title="bbox 2038 3137 3462 3217; baseline 0.004 -27"><span class='ocrx_word' id='word_1_341' title='bbox 2038 3207 2071 3217; x_wconf 37' lang='grc' dir='ltr'><strong>Α</strong></span> <span class='ocrx_word' id='word_1_342' title='bbox 2287 3138 2453 3201; x_wconf 78' lang='grc' dir='ltr'>Ἔνθα</span> <span class='ocrx_word' id='word_1_343' title='bbox 2486 3141 2658 3211; x_wconf 76' lang='grc' dir='ltr'>μονὴν</span> <span class='ocrx_word' id='word_1_344' title='bbox 2692 3137 2908 3214; x_wconf 72' lang='grc' dir='ltr'>ἤγειρεν</span> <span class='ocrx_word' id='word_1_345' title='bbox 2940 3140 3096 3203; x_wconf 81' lang='grc' dir='ltr'>οὗτος</span> <span class='ocrx_word' id='word_1_346' title='bbox 3131 3140 3190 3195; x_wconf 69' lang='grc' dir='ltr'><strong>ἐκ</strong></span> <span class='ocrx_word' id='word_1_347' title='bbox 3225 3140 3462 3217; x_wconf 85' lang='grc' dir='ltr'>βάθρων,</span> 
     </span>
    </p>
   </div>
   <div class='ocr_carea' id='block_1_65' title="bbox 342 3207 1977 3300">
    <p class='ocr_par' dir='ltr' id='par_1_65' title="bbox 342 3228 1688 3300">
     <span class='ocr_line' id='line_1_65' title="bbox 342 3228 1688 3300; baseline 0 -18"><span class='ocrx_word' id='word_1_348' title='bbox 342 3229 545 3300; x_wconf 90' lang='lat' dir='ltr'><strong>ibique</strong></span> <span class='ocrx_word' id='word_1_349' title='bbox 579 3231 835 3285; x_wconf 91' lang='lat' dir='ltr'><strong>moriens</strong></span> <span class='ocrx_word' id='word_1_350' title='bbox 869 3228 1131 3299; x_wconf 88' lang='lat' dir='ltr'><strong>requiem</strong></span> <span class='ocrx_word' id='word_1_351' title='bbox 1164 3228 1427 3283; x_wconf 89' lang='lat' dir='ltr'><strong>laborum</strong></span> <span class='ocrx_word' id='word_1_352' title='bbox 1464 3228 1688 3283; x_wconf 88' lang='lat' dir='ltr'><strong>habuit.</strong></span> 
     </span>
    </p>
   </div>
   <div class='ocr_carea' id='block_1_66' title="bbox 1801 3207 3436 3300">
    <p class='ocr_par' dir='ltr' id='par_1_66' title="bbox 2029 3207 3436 3298">
     <span class='ocr_line' id='line_1_66' title="bbox 2029 3207 3436 3298; baseline 0.007 -23"><span class='ocrx_word' id='word_1_353' title='bbox 2029 3207 2072 3275; x_wconf 80' lang='lat' dir='ltr'><strong><em>C</em></strong></span> <span class='ocrx_word' id='word_1_354' title='bbox 2280 3225 2446 3279; x_wconf 83' lang='grc' dir='ltr'>Κάκεῖ</span> <span class='ocrx_word' id='word_1_355' title='bbox 2473 3226 2700 3298; x_wconf 85' lang='grc' dir='ltr'>τελευτᾷ</span> <span class='ocrx_word' id='word_1_356' title='bbox 2730 3224 3058 3291; x_wconf 76' lang='grc' dir='ltr'>σαϐϐατίσας</span> <span class='ocrx_word' id='word_1_357' title='bbox 3088 3235 3195 3284; x_wconf 88' lang='grc' dir='ltr'><strong>τῶν</strong></span> <span class='ocrx_word' id='word_1_358' title='bbox 3228 3230 3436 3287; x_wconf 89' lang='grc' dir='ltr'>πόνων·</span> 
     </span>
    </p>
   </div>
   <div class='ocr_carea' id='block_1_67' title="bbox 343 3314 1978 3393">
    <p class='ocr_par' dir='ltr' id='par_1_67' title="bbox 343 3317 1593 3391">
     <span class='ocr_line' id='line_1_67' title="bbox 343 3317 1593 3391; baseline -0.002 -17"><span class='ocrx_word' id='word_1_359' title='bbox 343 3318 450 3374; x_wconf 84' lang='lat' dir='ltr'><strong>Illo</strong></span> <span class='ocrx_word' id='word_1_360' title='bbox 482 3326 784 3391; x_wconf 74' lang='lat' dir='ltr'><strong>regnante,</strong></span> <span class='ocrx_word' id='word_1_361' title='bbox 819 3318 1271 3373; x_wconf 84' lang='lat' dir='ltr'><strong>Blachernorum</strong></span> <span class='ocrx_word' id='word_1_362' title='bbox 1306 3317 1593 3389; x_wconf 88' lang='lat' dir='ltr'><strong>templum</strong></span> 
     </span>
    </p>
   </div>
   <div class='ocr_carea' id='block_1_68' title="bbox 1854 3314 3489 3393">
    <p class='ocr_par' dir='ltr' id='par_1_68' title="bbox 2101 3314 3489 3393">
     <span class='ocr_line' id='line_1_68' title="bbox 2101 3314 3489 3393; baseline 0.005 -25"><span class='ocrx_word' id='word_1_363' title='bbox 2101 3314 2244 3369; x_wconf 87' lang='lat'>3395</span> <span class='ocrx_word' id='word_1_364' title='bbox 2283 3314 2399 3391; x_wconf 82' lang='grc' dir='ltr'><strong>Ἐφ’</strong></span> <span class='ocrx_word' id='word_1_365' title='bbox 2433 3315 2493 3368; x_wconf 84' lang='grc' dir='ltr'><strong>οὗ</strong></span> <span class='ocrx_word' id='word_1_366' title='bbox 2522 3314 2846 3391; x_wconf 88' lang='grc' dir='ltr'>Βλαχερνῶν</span> <span class='ocrx_word' id='word_1_367' title='bbox 2881 3318 3157 3393; x_wconf 80' lang='grc' dir='ltr'>εύπρεπής</span> <span class='ocrx_word' id='word_1_368' title='bbox 3186 3319 3321 3382; x_wconf 89' lang='grc' dir='ltr'>νεὼς</span> <span class='ocrx_word' id='word_1_369' title='bbox 3350 3320 3489 3382; x_wconf 84' lang='grc' dir='ltr'>ἅπας</span> 
     </span>
    </p>
   </div>
   <div class='ocr_carea' id='block_1_69' title="bbox 342 3400 1977 3486">
    <p class='ocr_par' dir='ltr' id='par_1_69' title="bbox 342 3407 1727 3480">
     <span class='ocr_line' id='line_1_69' title="bbox 342 3407 1727 3480; baseline 0.001 -19"><span class='ocrx_word' id='word_1_370' title='bbox 342 3407 597 3480; x_wconf 87' lang='lat' dir='ltr'><strong>insigne,</strong></span> <span class='ocrx_word' id='word_1_371' title='bbox 630 3409 871 3464; x_wconf 86' lang='lat' dir='ltr'><strong>ﬂamma</strong></span> <span class='ocrx_word' id='word_1_372' title='bbox 902 3407 1064 3463; x_wconf 89' lang='lat' dir='ltr'><strong>edaci</strong></span> <span class='ocrx_word' id='word_1_373' title='bbox 1096 3408 1481 3478; x_wconf 89' lang='lat' dir='ltr'><strong>absumptum</strong></span> <span class='ocrx_word' id='word_1_374' title='bbox 1516 3408 1727 3463; x_wconf 84' lang='lat' dir='ltr'><strong>fuerat.</strong></span> 
     </span>
    </p>
   </div>
   <div class='ocr_carea' id='block_1_70' title="bbox 1767 3400 3402 3486">
    <p class='ocr_par' dir='ltr' id='par_1_70' title="bbox 2277 3400 3402 3486">
     <span class='ocr_line' id='line_1_70' title="bbox 2277 3400 3402 3486; baseline 0.005 -28"><span class='ocrx_word' id='word_1_375' title='bbox 2277 3400 2677 3476; x_wconf 80' lang='grc' dir='ltr'>Ἑπυρπολήθη</span> <span class='ocrx_word' id='word_1_376' title='bbox 2710 3408 2789 3477; x_wconf 81' lang='grc' dir='ltr'>τῷ</span> <span class='ocrx_word' id='word_1_377' title='bbox 2819 3406 2948 3482; x_wconf 89' lang='grc' dir='ltr'>πυρὶ</span> <span class='ocrx_word' id='word_1_378' title='bbox 2978 3411 3059 3479; x_wconf 79' lang='grc' dir='ltr'>τῷ</span> <span class='ocrx_word' id='word_1_379' title='bbox 3100 3409 3402 3486; x_wconf 83' lang='grc' dir='ltr'>παμφάγῳ.</span> 
     </span>
    </p>
   </div>
   <div class='ocr_carea' id='block_1_71' title="bbox 346 3519 1981 3586">
    <p class='ocr_par' dir='ltr' id='par_1_71' title="bbox 346 3521 1981 3580">
     <span class='ocr_line' id='line_1_71' title="bbox 346 3521 1981 3580; baseline -0.001 -1"><span class='ocrx_word' id='word_1_380' title='bbox 346 3523 665 3579; x_wconf 86' lang='lat' dir='ltr'><strong>MICHAEL</strong></span> <span class='ocrx_word' id='word_1_381' title='bbox 705 3522 1197 3580; x_wconf 84' lang='lat' dir='ltr'><strong>CONSTANTINI</strong></span> <span class='ocrx_word' id='word_1_382' title='bbox 1246 3522 1481 3578; x_wconf 74' lang='lat' dir='ltr'><strong>DUC&#39;AE</strong></span> <span class='ocrx_word' id='word_1_383' title='bbox 1544 3521 1775 3577; x_wconf 83' lang='lat' dir='ltr'><strong>FILIUS</strong></span> <span class='ocrx_word' id='word_1_384' title='bbox 1830 3521 1981 3578; x_wconf 79' lang='lat' dir='ltr'><strong>SIVE</strong></span> 
     </span>
    </p>
   </div>
   <div class='ocr_carea' id='block_1_72' title="bbox 2132 3519 3767 3586">
    <p class='ocr_par' dir='ltr' id='par_1_72' title="bbox 2132 3519 3767 3586">
     <span class='ocr_line' id='line_1_72' title="bbox 2132 3519 3767 3586; baseline 0.008 -13"><span class='ocrx_word' id='word_1_385' title='bbox 2132 3519 2373 3575; x_wconf 80' lang='grc' dir='ltr'><strong>ΙΙΧΑΗΛ</strong></span> <span class='ocrx_word' id='word_1_386' title='bbox 2438 3524 2483 3575; x_wconf 95' lang='grc' dir='ltr'>Ο</span> <span class='ocrx_word' id='word_1_387' title='bbox 2545 3522 2703 3577; x_wconf 87' lang='grc' dir='ltr'><strong>ΥΙΟΣ</strong></span> <span class='ocrx_word' id='word_1_388' title='bbox 2764 3526 3307 3581; x_wconf 83' lang='grc' dir='ltr'><strong>ΚΩΝΚΤΑΝΤΙΝΟΥ</strong></span> <span class='ocrx_word' id='word_1_389' title='bbox 3361 3526 3497 3582; x_wconf 81' lang='grc' dir='ltr'><strong>ΤΟΥ</strong></span> <span class='ocrx_word' id='word_1_390' title='bbox 3535 3526 3767 3586; x_wconf 79' lang='grc' dir='ltr'>ΔΟΥΚΔ</span> 
     </span>
    </p>
   </div>
   <div class='ocr_carea' id='block_1_73' title="bbox 610 3609 2245 3683">
    <p class='ocr_par' dir='ltr' id='par_1_73' title="bbox 610 3611 1727 3670">
     <span class='ocr_line' id='line_1_73' title="bbox 610 3611 1727 3670; baseline 0 -3"><span class='ocrx_word' id='word_1_391' title='bbox 610 3611 1105 3667; x_wconf 81' lang='lat' dir='ltr'><strong>PARAPINACES</strong></span> <span class='ocrx_word' id='word_1_392' title='bbox 1130 3612 1247 3666; x_wconf 86' lang='lat' dir='ltr'><strong>AN.</strong></span> <span class='ocrx_word' id='word_1_393' title='bbox 1283 3612 1378 3666; x_wconf 85' lang='lat' dir='ltr'><strong>VI.</strong></span> <span class='ocrx_word' id='word_1_394' title='bbox 1418 3612 1607 3670; x_wconf 77' lang='grc' dir='ltr'><strong>ΜΕΝὸ</strong></span> <span class='ocrx_word' id='word_1_395' title='bbox 1640 3612 1727 3667; x_wconf 85' lang='lat' dir='ltr'><strong>VI.</strong></span> 
     </span>
    </p>
   </div>
   <div class='ocr_carea' id='block_1_74' title="bbox 1846 3609 3481 3683">
    <p class='ocr_par' dir='ltr' id='par_1_74' title="bbox 2380 3609 3481 3683">
     <span class='ocr_line' id='line_1_74' title="bbox 2380 3609 3481 3683; baseline 0.005 -19"><span class='ocrx_word' id='word_1_396' title='bbox 2380 3609 2539 3665; x_wconf 87' lang='lat' dir='ltr'><strong>HTOI</strong></span> <span class='ocrx_word' id='word_1_397' title='bbox 2580 3610 2623 3666; x_wconf 90' lang='grc' dir='ltr'><strong>Ο</strong></span> <span class='ocrx_word' id='word_1_398' title='bbox 2664 3613 3158 3669; x_wconf 81' lang='grc' dir='ltr'><strong>ΠΑΡΑΠΙΝΑΚΗΣ</strong></span> <span class='ocrx_word' id='word_1_399' title='bbox 3200 3615 3307 3670; x_wconf 89' lang='lat' dir='ltr'><strong>ET.</strong></span> <span class='ocrx_word' id='word_1_400' title='bbox 3353 3615 3392 3683; x_wconf 71' lang='grc' dir='ltr'><strong>ς</strong></span> <span class='ocrx_word' id='word_1_401' title='bbox 3432 3633 3481 3678; x_wconf 86' lang='grc' dir='ltr'>ς.</span> 
     </span>
    </p>
   </div>
   <div class='ocr_carea' id='block_1_75' title="bbox 342 3715 1977 3794">
    <p class='ocr_par' dir='ltr' id='par_1_75' title="bbox 342 3718 1511 3792">
     <span class='ocr_line' id='line_1_75' title="bbox 342 3718 1511 3792; baseline 0.001 -18"><span class='ocrx_word' id='word_1_402' title='bbox 342 3719 561 3775; x_wconf 90' lang='lat' dir='ltr'><strong>Deinde</strong></span> <span class='ocrx_word' id='word_1_403' title='bbox 590 3718 861 3789; x_wconf 88' lang='lat' dir='ltr'><strong>Michael,</strong></span> <span class='ocrx_word' id='word_1_404' title='bbox 892 3719 1069 3792; x_wconf 91' lang='lat' dir='ltr'><strong>vulgo</strong></span> <span class='ocrx_word' id='word_1_405' title='bbox 1105 3719 1511 3791; x_wconf 89' lang='lat' dir='ltr'><strong>Parapinaces,</strong></span> 
     </span>
    </p>
   </div>
   <div class='ocr_carea' id='block_1_76' title="bbox 1650 3715 3285 3794">
    <p class='ocr_par' dir='ltr' id='par_1_76' title="bbox 2282 3715 3285 3794">
     <span class='ocr_line' id='line_1_76' title="bbox 2282 3715 3285 3794; baseline 0.004 -23"><span class='ocrx_word' id='word_1_406' title='bbox 2282 3716 2419 3771; x_wconf 79' lang='grc' dir='ltr'>Εἶτα</span> <span class='ocrx_word' id='word_1_407' title='bbox 2455 3715 2690 3791; x_wconf 74' lang='grc' dir='ltr'>Μιχαὴλ</span> <span class='ocrx_word' id='word_1_408' title='bbox 2723 3718 3110 3794; x_wconf 82' lang='grc' dir='ltr'>Ιῐαραπινάκης</span> <span class='ocrx_word' id='word_1_409' title='bbox 3143 3724 3285 3784; x_wconf 81' lang='grc' dir='ltr'>θὲσιν</span> 
     </span>
    </p>
   </div>
   <div class='ocr_carea' id='block_1_77' title="bbox 342 3804 1977 3887">
    <p class='ocr_par' dir='ltr' id='par_1_77' title="bbox 342 3810 1449 3882">
     <span class='ocr_line' id='line_1_77' title="bbox 342 3810 1449 3882; baseline -0.001 -17"><span class='ocrx_word' id='word_1_410' title='bbox 342 3810 714 3865; x_wconf 90' lang='lat' dir='ltr'><strong>Constantini</strong></span> <span class='ocrx_word' id='word_1_411' title='bbox 745 3810 901 3865; x_wconf 82' lang='lat' dir='ltr'><strong>filius</strong></span> <span class='ocrx_word' id='word_1_412' title='bbox 934 3810 1251 3882; x_wconf 89' lang='lat' dir='ltr'><strong>imperium</strong></span> <span class='ocrx_word' id='word_1_413' title='bbox 1286 3810 1449 3881; x_wconf 85' lang='lat' dir='ltr'><strong>adiit,</strong></span> 
     </span>
    </p>
   </div>
   <div class='ocr_carea' id='block_1_78' title="bbox 2007 3804 3642 3887">
    <p class='ocr_par' dir='ltr' id='par_1_78' title="bbox 2283 3804 3642 3887">
     <span class='ocr_line' id='line_1_78' title="bbox 2283 3804 3642 3887; baseline 0.007 -30"><span class='ocrx_word' id='word_1_414' title='bbox 2283 3806 2691 3860; x_wconf 83' lang='grc' dir='ltr'>Κωνσταντίνου</span> <span class='ocrx_word' id='word_1_415' title='bbox 2722 3813 2851 3870; x_wconf 85' lang='grc' dir='ltr'>παῖς</span> <span class='ocrx_word' id='word_1_416' title='bbox 2880 3804 3300 3884; x_wconf 79' lang='grc' dir='ltr'>παραλαμϐάνει</span> <span class='ocrx_word' id='word_1_417' title='bbox 3328 3810 3393 3865; x_wconf 87' lang='grc' dir='ltr'>τὸ</span> <span class='ocrx_word' id='word_1_418' title='bbox 3420 3812 3642 3887; x_wconf 88' lang='grc' dir='ltr'>κράτος,</span> 
     </span>
    </p>
   </div>
   <div class='ocr_carea' id='block_1_79' title="bbox 345 3895 1980 3975">
    <p class='ocr_par' dir='ltr' id='par_1_79' title="bbox 345 3898 1556 3971">
     <span class='ocr_line' id='line_1_79' title="bbox 345 3898 1556 3971; baseline 0 -17"><span class='ocrx_word' id='word_1_419' title='bbox 345 3899 651 3971; x_wconf 87' lang='lat' dir='ltr'><strong>ingenium</strong></span> <span class='ocrx_word' id='word_1_420' title='bbox 684 3899 807 3955; x_wconf 85' lang='lat' dir='ltr'><strong>leve</strong></span> <span class='ocrx_word' id='word_1_421' title='bbox 839 3898 1218 3968; x_wconf 88' lang='lat' dir='ltr'><strong>dissolutum,</strong></span> <span class='ocrx_word' id='word_1_422' title='bbox 1250 3898 1556 3967; x_wconf 91' lang='lat' dir='ltr'><strong>stolidum,</strong></span> 
     </span>
    </p>
   </div>
   <div class='ocr_carea' id='block_1_80' title="bbox 1753 3895 3388 3975">
    <p class='ocr_par' dir='ltr' id='par_1_80' title="bbox 2279 3895 3388 3975">
     <span class='ocr_line' id='line_1_80' title="bbox 2279 3895 3388 3975; baseline 0.005 -24"><span class='ocrx_word' id='word_1_423' title='bbox 2279 3895 2491 3959; x_wconf 77' lang='grc' dir='ltr'>Χαῦνός</span> <span class='ocrx_word' id='word_1_424' title='bbox 2518 3917 2602 3957; x_wconf 90' lang='grc' dir='ltr'><strong>τις</strong></span> <span class='ocrx_word' id='word_1_425' title='bbox 2630 3900 2788 3967; x_wconf 70' lang='grc' dir='ltr'>ἦθος,</span> <span class='ocrx_word' id='word_1_426' title='bbox 2824 3896 3055 3975; x_wconf 80' lang='grc' dir='ltr'>ἀφελὴς,</span> <span class='ocrx_word' id='word_1_427' title='bbox 3088 3901 3388 3973; x_wconf 70' lang='grc' dir='ltr'>ἀνειμένος,</span> 
     </span>
    </p>
   </div>
   <div class='ocr_carea' id='block_1_81' title="bbox 344 3982 1979 4066">
    <p class='ocr_par' dir='ltr' id='par_1_81' title="bbox 344 3987 1479 4059">
     <span class='ocr_line' id='line_1_81' title="bbox 344 3987 1479 4059; baseline 0 -17"><span class='ocrx_word' id='word_1_428' title='bbox 344 3988 622 4059; x_wconf 80' lang='lat' dir='ltr'><strong>ignavum</strong></span> <span class='ocrx_word' id='word_1_429' title='bbox 656 3992 713 4044; x_wconf 86' lang='lat' dir='ltr'><strong>et</strong></span> <span class='ocrx_word' id='word_1_430' title='bbox 742 3987 1007 4059; x_wconf 89' lang='lat' dir='ltr'><strong>ineptum</strong></span> <span class='ocrx_word' id='word_1_431' title='bbox 1036 3988 1106 4042; x_wconf 93' lang='lat' dir='ltr'><strong>ad</strong></span> <span class='ocrx_word' id='word_1_432' title='bbox 1141 3988 1479 4059; x_wconf 90' lang='lat' dir='ltr'><strong>imperium,</strong></span> 
     </span>
    </p>
   </div>
   <div class='ocr_carea' id='block_1_82' title="bbox 1648 3982 3283 4066">
    <p class='ocr_par' dir='ltr' id='par_1_82' title="bbox 2101 3982 3283 4066">
     <span class='ocr_line' id='line_1_82' title="bbox 2101 3982 3283 4066; baseline 0.003 -26"><span class='ocrx_word' id='word_1_433' title='bbox 2101 3986 2244 4042; x_wconf 67' lang='grc'><strong>3400</strong></span> <span class='ocrx_word' id='word_1_434' title='bbox 2281 3982 2551 4054; x_wconf 72' lang='grc' dir='ltr'>Ἀπαλὸς,</span> <span class='ocrx_word' id='word_1_435' title='bbox 2585 3984 2790 4057; x_wconf 69' lang='grc' dir='ltr'>ἀδέξιος</span> <span class='ocrx_word' id='word_1_436' title='bbox 2823 3988 2899 4050; x_wconf 79' lang='grc' dir='ltr'>εἷς</span> <span class='ocrx_word' id='word_1_437' title='bbox 2924 3988 3283 4066; x_wconf 87' lang='grc' dir='ltr'>κραταρχίαν,</span> 
     </span>
    </p>
   </div>
   <div class='ocr_carea' id='block_1_83' title="bbox 340 4073 1975 4154">
    <p class='ocr_par' dir='ltr' id='par_1_83' title="bbox 340 4077 1759 4150">
     <span class='ocr_line' id='line_1_83' title="bbox 340 4077 1759 4150; baseline 0 -18"><span class='ocrx_word' id='word_1_438' title='bbox 340 4077 441 4149; x_wconf 91' lang='lat' dir='ltr'><strong>qui</strong></span> <span class='ocrx_word' id='word_1_439' title='bbox 474 4094 548 4132; x_wconf 90' lang='lat' dir='ltr'><strong>ne</strong></span> <span class='ocrx_word' id='word_1_440' title='bbox 578 4078 864 4150; x_wconf 86' lang='lat' dir='ltr'><strong>privatam</strong></span> <span class='ocrx_word' id='word_1_441' title='bbox 906 4077 1142 4148; x_wconf 91' lang='lat' dir='ltr'><strong>quidem</strong></span> <span class='ocrx_word' id='word_1_442' title='bbox 1180 4093 1299 4132; x_wconf 88' lang='lat' dir='ltr'><strong>rem</strong></span> <span class='ocrx_word' id='word_1_443' title='bbox 1334 4093 1503 4133; x_wconf 89' lang='lat' dir='ltr'><strong>suam</strong></span> <span class='ocrx_word' id='word_1_444' title='bbox 1538 4092 1759 4149; x_wconf 89' lang='lat' dir='ltr'><strong>gerere,</strong></span> 
     </span>
    </p>
   </div>
   <div class='ocr_carea' id='block_1_84' title="bbox 1730 4073 3365 4154">
    <p class='ocr_par' dir='ltr' id='par_1_84' title="bbox 1730 4073 3365 4154">
     <span class='ocr_line' id='line_1_84' title="bbox 1730 4073 3365 4154; baseline 0.002 -24"><span class='ocrx_word' id='word_1_445' title='bbox 1730 4095 1759 4145; x_wconf 66' lang='grc' dir='ltr'><strong>ι,</strong></span> <span class='ocrx_word' id='word_1_446' title='bbox 2279 4074 2363 4131; x_wconf 82' lang='grc' dir='ltr'><strong>Τὰ</strong></span> <span class='ocrx_word' id='word_1_447' title='bbox 2393 4076 2509 4139; x_wconf 88' lang='grc' dir='ltr'>καθ’</span> <span class='ocrx_word' id='word_1_448' title='bbox 2542 4075 2727 4131; x_wconf 74' lang='grc' dir='ltr'>ἑαυτὸν</span> <span class='ocrx_word' id='word_1_449' title='bbox 2762 4073 2964 4132; x_wconf 75' lang='grc' dir='ltr'>διέπειν</span> <span class='ocrx_word' id='word_1_450' title='bbox 2995 4078 3093 4133; x_wconf 75' lang='grc' dir='ltr'><strong>οὐκ</strong></span> <span class='ocrx_word' id='word_1_451' title='bbox 3132 4078 3365 4154; x_wconf 80' lang='grc' dir='ltr'>ἰσχύων,</span> 
     </span>
    </p>
   </div>
   <div class='ocr_carea' id='block_1_85' title="bbox 341 4164 1976 4241">
    <p class='ocr_par' dir='ltr' id='par_1_85' title="bbox 341 4165 1432 4239">
     <span class='ocr_line' id='line_1_85' title="bbox 341 4165 1432 4239; baseline 0 -18"><span class='ocrx_word' id='word_1_452' title='bbox 341 4168 559 4223; x_wconf 84' lang='lat' dir='ltr'><strong>nedum</strong></span> <span class='ocrx_word' id='word_1_453' title='bbox 593 4166 826 4239; x_wconf 90' lang='lat' dir='ltr'><strong>imperii</strong></span> <span class='ocrx_word' id='word_1_454' title='bbox 858 4166 1154 4237; x_wconf 90' lang='lat' dir='ltr'><strong>publicam</strong></span> <span class='ocrx_word' id='word_1_455' title='bbox 1182 4165 1432 4222; x_wconf 80' lang='lat' dir='ltr'><strong>valebat.</strong></span> 
     </span>
    </p>
   </div>
   <div class='ocr_carea' id='block_1_86' title="bbox 1784 4164 3419 4241">
    <p class='ocr_par' dir='ltr' id='par_1_86' title="bbox 2280 4164 3419 4241">
     <span class='ocr_line' id='line_1_86' title="bbox 2280 4164 3419 4241; baseline 0.005 -20"><span class='ocrx_word' id='word_1_456' title='bbox 2280 4164 2376 4232; x_wconf 80' lang='grc' dir='ltr'><strong>Μὴ</strong></span> <span class='ocrx_word' id='word_1_457' title='bbox 2406 4164 2491 4219; x_wconf 89' lang='grc' dir='ltr'><strong>τοί</strong></span> <span class='ocrx_word' id='word_1_458' title='bbox 2521 4186 2582 4239; x_wconf 90' lang='grc' dir='ltr'><strong>γε</strong></span> <span class='ocrx_word' id='word_1_459' title='bbox 2604 4165 2801 4241; x_wconf 87' lang='grc' dir='ltr'>κράτος</span> <span class='ocrx_word' id='word_1_460' title='bbox 2830 4166 2920 4221; x_wconf 87' lang='grc' dir='ltr'><strong>καὶ</strong></span> <span class='ocrx_word' id='word_1_461' title='bbox 2953 4164 3223 4237; x_wconf 87' lang='grc' dir='ltr'>διοίκησιν</span> <span class='ocrx_word' id='word_1_462' title='bbox 3253 4168 3419 4227; x_wconf 77' lang='grc' dir='ltr'>ὅλων.</span> 
     </span>
    </p>
   </div>
   <div class='ocr_carea' id='block_1_87' title="bbox 330 4250 1965 4334">
    <p class='ocr_par' dir='ltr' id='par_1_87' title="bbox 330 4255 1424 4328">
     <span class='ocr_line' id='line_1_87' title="bbox 330 4255 1424 4328; baseline -0.001 -15"><span class='ocrx_word' id='word_1_463' title='bbox 330 4256 482 4328; x_wconf 86' lang='lat' dir='ltr'><strong>Ergo</strong></span> <span class='ocrx_word' id='word_1_464' title='bbox 513 4273 646 4313; x_wconf 90' lang='lat' dir='ltr'><strong>cum</strong></span> <span class='ocrx_word' id='word_1_465' title='bbox 676 4255 822 4312; x_wconf 90' lang='lat' dir='ltr'><strong>nihil</strong></span> <span class='ocrx_word' id='word_1_466' title='bbox 847 4255 996 4327; x_wconf 82' lang='lat' dir='ltr'><strong>frugi</strong></span> <span class='ocrx_word' id='word_1_467' title='bbox 1028 4257 1204 4311; x_wconf 88' lang='lat' dir='ltr'><strong>sciret</strong></span> <span class='ocrx_word' id='word_1_468' title='bbox 1232 4271 1424 4328; x_wconf 85' lang='lat' dir='ltr'><strong>agere,</strong></span> 
     </span>
    </p>
   </div>
   <div class='ocr_carea' id='block_1_88' title="bbox 1907 4250 3542 4334">
    <p class='ocr_par' dir='ltr' id='par_1_88' title="bbox 2281 4250 3542 4334">
     <span class='ocr_line' id='line_1_88' title="bbox 2281 4250 3542 4334; baseline 0.005 -25"><span class='ocrx_word' id='word_1_469' title='bbox 2281 4254 2425 4329; x_wconf 86' lang='grc' dir='ltr'>Πρὸς</span> <span class='ocrx_word' id='word_1_470' title='bbox 2460 4250 2741 4309; x_wconf 82' lang='grc' dir='ltr'>οὐδοτιοῦν</span> <span class='ocrx_word' id='word_1_471' title='bbox 2772 4259 3170 4334; x_wconf 77' lang='grc' dir='ltr'>προσπεφυκὼς</span> <span class='ocrx_word' id='word_1_472' title='bbox 3197 4260 3542 4334; x_wconf 81' lang='grc' dir='ltr'>κρειττόνων,</span> 
     </span>
    </p>
   </div>
   <div class='ocr_carea' id='block_1_89' title="bbox 330 4341 1965 4426">
    <p class='ocr_par' dir='ltr' id='par_1_89' title="bbox 330 4345 1441 4416">
     <span class='ocr_line' id='line_1_89' title="bbox 330 4345 1441 4416; baseline 0 -16"><span class='ocrx_word' id='word_1_473' title='bbox 330 4345 465 4402; x_wconf 92' lang='lat' dir='ltr'><strong>aliis</strong></span> <span class='ocrx_word' id='word_1_474' title='bbox 488 4346 747 4402; x_wconf 85' lang='lat' dir='ltr'><strong>habenas</strong></span> <span class='ocrx_word' id='word_1_475' title='bbox 776 4345 1008 4416; x_wconf 88' lang='lat' dir='ltr'><strong>imperii</strong></span> <span class='ocrx_word' id='word_1_476' title='bbox 1039 4346 1441 4411; x_wconf 86' lang='lat' dir='ltr'><strong>committens,</strong></span> 
     </span>
    </p>
   </div>
   <div class='ocr_carea' id='block_1_90' title="bbox 1926 4341 3561 4426">
    <p class='ocr_par' dir='ltr' id='par_1_90' title="bbox 2279 4341 3561 4426">
     <span class='ocr_line' id='line_1_90' title="bbox 2279 4341 3561 4426; baseline 0.005 -28"><span class='ocrx_word' id='word_1_477' title='bbox 2279 4341 2531 4405; x_wconf 74' lang='grc' dir='ltr'>’Ἄλλους</span> <span class='ocrx_word' id='word_1_478' title='bbox 2563 4342 2795 4421; x_wconf 85' lang='grc' dir='ltr'>ἐφιστων</span> <span class='ocrx_word' id='word_1_479' title='bbox 2826 4344 3007 4415; x_wconf 82' lang='grc' dir='ltr'>ἡνίαις</span> <span class='ocrx_word' id='word_1_480' title='bbox 3038 4352 3156 4409; x_wconf 83' lang='grc' dir='ltr'>ταῖς</span> <span class='ocrx_word' id='word_1_481' title='bbox 3184 4352 3281 4403; x_wconf 88' lang='grc' dir='ltr'><strong>τοῦ</strong></span> <span class='ocrx_word' id='word_1_482' title='bbox 3310 4350 3561 4426; x_wconf 88' lang='grc' dir='ltr'>κράτους,</span> 
     </span>
    </p>
   </div>
   <div class='ocr_carea' id='block_1_91' title="bbox 336 4430 1971 4515">
    <p class='ocr_par' dir='ltr' id='par_1_91' title="bbox 336 4433 1577 4505">
     <span class='ocr_line' id='line_1_91' title="bbox 336 4433 1577 4505; baseline -0.002 -16"><span class='ocrx_word' id='word_1_483' title='bbox 336 4434 389 4490; x_wconf 88' lang='lat' dir='ltr'><strong>is</strong></span> <span class='ocrx_word' id='word_1_484' title='bbox 419 4452 483 4491; x_wconf 91' lang='lat' dir='ltr'><strong>se</strong></span> <span class='ocrx_word' id='word_1_485' title='bbox 513 4451 647 4491; x_wconf 91' lang='lat' dir='ltr'><strong>cum</strong></span> <span class='ocrx_word' id='word_1_486' title='bbox 682 4434 895 4490; x_wconf 90' lang='lat' dir='ltr'><strong>litteris</strong></span> <span class='ocrx_word' id='word_1_487' title='bbox 926 4435 1189 4505; x_wconf 87' lang='lat' dir='ltr'><strong>quotidie</strong></span> <span class='ocrx_word' id='word_1_488' title='bbox 1222 4433 1577 4502; x_wconf 87' lang='lat' dir='ltr'><strong>oblectabat,</strong></span> 
     </span>
    </p>
   </div>
   <div class='ocr_carea' id='block_1_92' title="bbox 1800 4430 3435 4515">
    <p class='ocr_par' dir='ltr' id='par_1_92' title="bbox 2100 4430 3435 4515">
     <span class='ocr_line' id='line_1_92' title="bbox 2100 4430 3435 4515; baseline 0.007 -30"><span class='ocrx_word' id='word_1_489' title='bbox 2100 4430 2243 4486; x_wconf 77' lang='grc'><strong>3405</strong></span> <span class='ocrx_word' id='word_1_490' title='bbox 2281 4430 2449 4493; x_wconf 78' lang='grc' dir='ltr'>Αὐτὸς</span> <span class='ocrx_word' id='word_1_491' title='bbox 2480 4438 2743 4509; x_wconf 84' lang='grc' dir='ltr'>προσεῖχε</span> <span class='ocrx_word' id='word_1_492' title='bbox 2771 4439 2888 4498; x_wconf 84' lang='grc' dir='ltr'>τοῖς</span> <span class='ocrx_word' id='word_1_493' title='bbox 2922 4433 3111 4511; x_wconf 91' lang='grc' dir='ltr'>λόγοις</span> <span class='ocrx_word' id='word_1_494' title='bbox 3142 4438 3435 4515; x_wconf 74' lang='grc' dir='ltr'>ὁσημέραι,</span> 
     </span>
    </p>
   </div>
   <div class='ocr_carea' id='block_1_93' title="bbox 326 4522 1961 4605">
    <p class='ocr_par' dir='ltr' id='par_1_93' title="bbox 326 4522 1450 4597">
     <span class='ocr_line' id='line_1_93' title="bbox 326 4522 1450 4597; baseline 0 -18"><span class='ocrx_word' id='word_1_495' title='bbox 326 4522 668 4596; x_wconf 89' lang='lat' dir='ltr'><strong>ineptisque</strong></span> <span class='ocrx_word' id='word_1_496' title='bbox 700 4523 909 4579; x_wconf 91' lang='lat' dir='ltr'><strong>stolide</strong></span> <span class='ocrx_word' id='word_1_497' title='bbox 940 4524 1450 4597; x_wconf 88' lang='lat' dir='ltr'><strong>occupationibus.</strong></span> 
     </span>
    </p>
   </div>
   <div class='ocr_carea' id='block_1_94' title="bbox 1879 4522 3514 4605">
    <p class='ocr_par' dir='ltr' id='par_1_94' title="bbox 2006 4522 3514 4605">
     <span class='ocr_line' id='line_1_94' title="bbox 2006 4522 3514 4605; baseline 0.005 -28"><span class='ocrx_word' id='word_1_498' title='bbox 2006 4591 2041 4605; x_wconf 36' lang='grc' dir='ltr'>,ι</span> <span class='ocrx_word' id='word_1_499' title='bbox 2282 4522 2378 4583; x_wconf 83' lang='grc' dir='ltr'><strong>Οἷς</strong></span> <span class='ocrx_word' id='word_1_500' title='bbox 2407 4522 2455 4576; x_wconf 80' lang='grc' dir='ltr'>τ’</span> <span class='ocrx_word' id='word_1_501' title='bbox 2487 4522 2548 4577; x_wconf 72' lang='grc' dir='ltr'>οὗ</span> <span class='ocrx_word' id='word_1_502' title='bbox 2581 4531 2853 4597; x_wconf 78' lang='grc' dir='ltr'>προσῆκεν</span> <span class='ocrx_word' id='word_1_503' title='bbox 2888 4526 3114 4599; x_wconf 84' lang='grc' dir='ltr'>ἀμαθῶς</span> <span class='ocrx_word' id='word_1_504' title='bbox 3144 4529 3514 4605; x_wconf 71' lang='grc' dir='ltr'>κεχρημένος.</span> 
     </span>
    </p>
   </div>
   <div class='ocr_carea' id='block_1_95' title="bbox 328 4591 1963 4693">
    <p class='ocr_par' dir='ltr' id='par_1_95' title="bbox 328 4591 1435 4687">
     <span class='ocr_line' id='line_1_95' title="bbox 328 4591 1435 4687; baseline -0.001 -18"><span class='ocrx_word' id='word_1_505' title='bbox 328 4591 519 4680; x_wconf 75' lang='lat' dir='ltr'><strong>Quare</strong></span> <span class='ocrx_word' id='word_1_506' title='bbox 550 4591 642 4669; x_wconf 68' lang='lat' dir='ltr'><strong>res</strong></span> <span class='ocrx_word' id='word_1_507' title='bbox 678 4612 915 4686; x_wconf 90' lang='lat' dir='ltr'><strong>publica</strong></span> <span class='ocrx_word' id='word_1_508' title='bbox 947 4591 1215 4670; x_wconf 76' lang='lat' dir='ltr'><strong>laborare</strong></span> <span class='ocrx_word' id='word_1_509' title='bbox 1239 4614 1435 4687; x_wconf 72' lang='lat' dir='ltr'><strong>cmpit,</strong></span> 
     </span>
    </p>
   </div>
   <div class='ocr_carea' id='block_1_96' title="bbox 1847 4591 3482 4693">
    <p class='ocr_par' dir='ltr' id='par_1_96' title="bbox 2006 4591 3482 4693">
     <span class='ocr_line' id='line_1_96' title="bbox 2006 4591 3482 4693; baseline 0.005 -26"><span class='ocrx_word' id='word_1_510' title='bbox 2006 4591 2047 4655; x_wconf 78' lang='grc' dir='ltr'>ί)</span> <span class='ocrx_word' id='word_1_511' title='bbox 2259 4611 2418 4667; x_wconf 79' lang='grc' dir='ltr'>’Όθεν</span> <span class='ocrx_word' id='word_1_512' title='bbox 2450 4617 2633 4675; x_wconf 88' lang='grc' dir='ltr'>κακῶς</span> <span class='ocrx_word' id='word_1_513' title='bbox 2666 4610 2901 4689; x_wconf 76' lang='grc' dir='ltr'>ἔπασχεν</span> <span class='ocrx_word' id='word_1_514' title='bbox 2934 4620 3090 4671; x_wconf 86' lang='grc' dir='ltr'>κοινὰ</span> <span class='ocrx_word' id='word_1_515' title='bbox 3122 4591 3482 4693; x_wconf 66' lang='grc' dir='ltr'>πράγμάτων,</span> 
     </span>
    </p>
   </div>
   <div class='ocr_carea' id='block_1_97' title="bbox 330 4698 1965 4782">
    <p class='ocr_par' dir='ltr' id='par_1_97' title="bbox 330 4702 1256 4776">
     <span class='ocr_line' id='line_1_97' title="bbox 330 4702 1256 4776; baseline 0 -19"><span class='ocrx_word' id='word_1_516' title='bbox 330 4702 683 4776; x_wconf 90' lang='lat' dir='ltr'><strong>imperiique</strong></span> <span class='ocrx_word' id='word_1_517' title='bbox 715 4703 879 4758; x_wconf 90' lang='lat' dir='ltr'><strong>navis</strong></span> <span class='ocrx_word' id='word_1_518' title='bbox 913 4702 1256 4774; x_wconf 90' lang='lat' dir='ltr'><strong>periclitari,</strong></span> 
     </span>
    </p>
   </div>
   <div class='ocr_carea' id='block_1_98' title="bbox 1729 4698 3364 4782">
    <p class='ocr_par' dir='ltr' id='par_1_98' title="bbox 2269 4698 3364 4782">
     <span class='ocr_line' id='line_1_98' title="bbox 2269 4698 3364 4782; baseline 0.005 -25"><span class='ocrx_word' id='word_1_519' title='bbox 2269 4698 2470 4763; x_wconf 88' lang='grc' dir='ltr'>Ὁλκάς</span> <span class='ocrx_word' id='word_1_520' title='bbox 2497 4702 2544 4755; x_wconf 88' lang='grc' dir='ltr'>τ’</span> <span class='ocrx_word' id='word_1_521' title='bbox 2573 4700 2875 4759; x_wconf 80' lang='grc' dir='ltr'>ἐκινδύνευε</span> <span class='ocrx_word' id='word_1_522' title='bbox 2900 4711 3004 4775; x_wconf 81' lang='grc' dir='ltr'>τῆς</span> <span class='ocrx_word' id='word_1_523' title='bbox 3030 4706 3364 4782; x_wconf 88' lang='grc' dir='ltr'>κραταρχίας</span> 
     </span>
    </p>
   </div>
   <div class='ocr_carea' id='block_1_99' title="bbox 330 4791 1965 4872">
    <p class='ocr_par' dir='ltr' id='par_1_99' title="bbox 330 4791 1417 4863">
     <span class='ocr_line' id='line_1_99' title="bbox 330 4791 1417 4863; baseline -0.001 -17"><span class='ocrx_word' id='word_1_524' title='bbox 330 4807 405 4847; x_wconf 92' lang='lat' dir='ltr'><strong>ne</strong></span> <span class='ocrx_word' id='word_1_525' title='bbox 436 4791 607 4847; x_wconf 69' lang='lat' dir='ltr'><strong>saevis</strong></span> <span class='ocrx_word' id='word_1_526' title='bbox 638 4792 813 4847; x_wconf 91' lang='lat' dir='ltr'><strong>undis</strong></span> <span class='ocrx_word' id='word_1_527' title='bbox 845 4809 911 4847; x_wconf 92' lang='lat' dir='ltr'><strong>ac</strong></span> <span class='ocrx_word' id='word_1_528' title='bbox 936 4791 1417 4863; x_wconf 89' lang='lat' dir='ltr'><strong>tempestatibus.</strong></span> 
     </span>
    </p>
   </div>
   <div class='ocr_carea' id='block_1_100' title="bbox 1723 4791 3358 4872">
    <p class='ocr_par' dir='ltr' id='par_1_100' title="bbox 2271 4793 3358 4872">
     <span class='ocr_line' id='line_1_100' title="bbox 2271 4793 3358 4872; baseline 0.007 -29"><span class='ocrx_word' id='word_1_529' title='bbox 2271 4794 2476 4853; x_wconf 84' lang='grc' dir='ltr'>Δειναῖς</span> <span class='ocrx_word' id='word_1_530' title='bbox 2505 4793 2822 4866; x_wconf 85' lang='grc' dir='ltr'>τρικυμίαις</span> <span class='ocrx_word' id='word_1_531' title='bbox 2850 4814 2910 4849; x_wconf 87' lang='grc' dir='ltr'><strong>τε</strong></span> <span class='ocrx_word' id='word_1_532' title='bbox 2937 4796 3027 4849; x_wconf 85' lang='grc' dir='ltr'><strong>καὶ</strong></span> <span class='ocrx_word' id='word_1_533' title='bbox 3057 4796 3358 4872; x_wconf 82' lang='grc' dir='ltr'>καταιγίσιν</span> 
     </span>
    </p>
   </div>
   <div class='ocr_carea' id='block_1_101' title="bbox 325 4876 1960 4957">
    <p class='ocr_par' dir='ltr' id='par_1_101' title="bbox 325 4880 1530 4952">
     <span class='ocr_line' id='line_1_101' title="bbox 325 4880 1530 4952; baseline 0 -18"><span class='ocrx_word' id='word_1_534' title='bbox 325 4880 385 4935; x_wconf 81' lang='lat' dir='ltr'><strong>in</strong></span> <span class='ocrx_word' id='word_1_535' title='bbox 418 4880 806 4952; x_wconf 84' lang='lat' dir='ltr'><strong>Amphitrites</strong></span> <span class='ocrx_word' id='word_1_536' title='bbox 839 4882 1113 4937; x_wconf 90' lang='lat' dir='ltr'><strong>barathro</strong></span> <span class='ocrx_word' id='word_1_537' title='bbox 1146 4884 1530 4952; x_wconf 85' lang='lat' dir='ltr'><strong>mergeretur.</strong></span> 
     </span>
    </p>
   </div>
   <div class='ocr_carea' id='block_1_102' title="bbox 1797 4876 3432 4957">
    <p class='ocr_par' dir='ltr' id='par_1_102' title="bbox 2088 4876 3432 4957">
     <span class='ocr_line' id='line_1_102' title="bbox 2088 4876 3432 4957; baseline 0.007 -26"><span class='ocrx_word' id='word_1_538' title='bbox 2088 4876 2230 4933; x_wconf 76' lang='grc'><strong>3410</strong></span> <span class='ocrx_word' id='word_1_539' title='bbox 2268 4877 2362 4941; x_wconf 86' lang='grc' dir='ltr'><strong>Εἷς</strong></span> <span class='ocrx_word' id='word_1_540' title='bbox 2394 4880 2755 4957; x_wconf 80' lang='grc' dir='ltr'>Ἀμφιτρίτης</span> <span class='ocrx_word' id='word_1_541' title='bbox 2787 4882 2877 4936; x_wconf 90' lang='grc' dir='ltr'><strong>τὸν</strong></span> <span class='ocrx_word' id='word_1_542' title='bbox 2908 4882 3071 4955; x_wconf 84' lang='grc' dir='ltr'>βυθὸν</span> <span class='ocrx_word' id='word_1_543' title='bbox 3117 4882 3432 4941; x_wconf 88' lang='grc' dir='ltr'>καταδῦναι·</span> 
     </span>
    </p>
   </div>
   <div class='ocr_carea' id='block_1_103' title="bbox 324 4965 1959 5044">
    <p class='ocr_par' dir='ltr' id='par_1_103' title="bbox 324 4968 1591 5041">
     <span class='ocr_line' id='line_1_103' title="bbox 324 4968 1591 5041; baseline 0 -18"><span class='ocrx_word' id='word_1_544' title='bbox 324 4968 593 5041; x_wconf 91' lang='lat' dir='ltr'><strong>Namque</strong></span> <span class='ocrx_word' id='word_1_545' title='bbox 627 4977 687 5025; x_wconf 88' lang='lat' dir='ltr'><strong>ut</strong></span> <span class='ocrx_word' id='word_1_546' title='bbox 718 4970 937 5027; x_wconf 85' lang='lat' dir='ltr'><strong>feroces</strong></span> <span class='ocrx_word' id='word_1_547' title='bbox 976 4969 1186 5025; x_wconf 64' lang='lat' dir='ltr'><strong>bellua:</strong></span> <span class='ocrx_word' id='word_1_548' title='bbox 1210 4969 1591 5040; x_wconf 79' lang='lat' dir='ltr'><strong>furentesque</strong></span> 
     </span>
    </p>
   </div>
   <div class='ocr_carea' id='block_1_104' title="bbox 1671 4965 3306 5044">
    <p class='ocr_par' dir='ltr' id='par_1_104' title="bbox 2266 4965 3306 5044">
     <span class='ocr_line' id='line_1_104' title="bbox 2266 4965 3306 5044; baseline 0.009 -24"><span class='ocrx_word' id='word_1_549' title='bbox 2266 4967 2355 5029; x_wconf 84' lang='grc' dir='ltr'>Ὦς</span> <span class='ocrx_word' id='word_1_550' title='bbox 2390 4965 2571 5043; x_wconf 77' lang='grc' dir='ltr'>ἄγριοι</span> <span class='ocrx_word' id='word_1_551' title='bbox 2603 4969 2707 5044; x_wconf 76' lang='grc' dir='ltr'>γὰρ</span> <span class='ocrx_word' id='word_1_552' title='bbox 2730 4969 2912 5025; x_wconf 86' lang='grc' dir='ltr'>κακίαι</span> <span class='ocrx_word' id='word_1_553' title='bbox 2946 4973 3306 5037; x_wconf 83' lang='grc' dir='ltr'>πεπνευκότες</span> 
     </span>
    </p>
   </div>
   <div class='ocr_carea' id='block_1_105' title="bbox 323 5055 1958 5135">
    <p class='ocr_par' dir='ltr' id='par_1_105' title="bbox 323 5057 1403 5131">
     <span class='ocr_line' id='line_1_105' title="bbox 323 5057 1403 5131; baseline 0 -20"><span class='ocrx_word' id='word_1_554' title='bbox 323 5057 593 5113; x_wconf 90' lang='lat' dir='ltr'><strong>nonnulli</strong></span> <span class='ocrx_word' id='word_1_555' title='bbox 626 5059 805 5115; x_wconf 91' lang='lat' dir='ltr'><strong>duces</strong></span> <span class='ocrx_word' id='word_1_556' title='bbox 836 5059 1037 5130; x_wconf 91' lang='lat' dir='ltr'><strong>cupidi</strong></span> <span class='ocrx_word' id='word_1_557' title='bbox 1070 5058 1403 5131; x_wconf 83' lang='lat' dir='ltr'><strong>tyrannidis</strong></span> 
     </span>
    </p>
   </div>
   <div class='ocr_carea' id='block_1_106' title="bbox 1752 5055 3387 5135">
    <p class='ocr_par' dir='ltr' id='par_1_106' title="bbox 2263 5055 3387 5135">
     <span class='ocr_line' id='line_1_106' title="bbox 2263 5055 3387 5135; baseline 0.007 -23"><span class='ocrx_word' id='word_1_558' title='bbox 2263 5055 2487 5131; x_wconf 77' lang='grc' dir='ltr'>’Λνδρες</span> <span class='ocrx_word' id='word_1_559' title='bbox 2519 5058 2817 5134; x_wconf 83' lang='grc' dir='ltr'>στρατηγοὶ</span> <span class='ocrx_word' id='word_1_560' title='bbox 2853 5059 3235 5135; x_wconf 83' lang='grc' dir='ltr'>βασιλειῶντες</span> <span class='ocrx_word' id='word_1_561' title='bbox 3262 5067 3387 5120; x_wconf 74' lang='grc' dir='ltr'>τότε</span> 
     </span>
    </p>
   </div>
   <div class='ocr_carea' id='block_1_107' title="bbox 326 5146 1961 5230">
    <p class='ocr_par' dir='ltr' id='par_1_107' title="bbox 326 5147 1625 5219">
     <span class='ocr_line' id='line_1_107' title="bbox 326 5147 1625 5219; baseline 0 -18"><span class='ocrx_word' id='word_1_562' title='bbox 326 5162 533 5202; x_wconf 91' lang='lat' dir='ltr'><strong>navem</strong></span> <span class='ocrx_word' id='word_1_563' title='bbox 566 5148 897 5219; x_wconf 68' lang='lat' dir='ltr'><strong>reipublicae</strong></span> <span class='ocrx_word' id='word_1_564' title='bbox 930 5148 1278 5219; x_wconf 84' lang='lat' dir='ltr'><strong>naufragam</strong></span> <span class='ocrx_word' id='word_1_565' title='bbox 1314 5147 1625 5203; x_wconf 89' lang='lat' dir='ltr'><strong>dederunt.</strong></span> 
     </span>
    </p>
   </div>
   <div class='ocr_carea' id='block_1_108' title="bbox 1789 5146 3424 5230">
    <p class='ocr_par' dir='ltr' id='par_1_108' title="bbox 2263 5146 3424 5230">
     <span class='ocr_line' id='line_1_108' title="bbox 2263 5146 3424 5230; baseline 0.006 -26"><span class='ocrx_word' id='word_1_566' title='bbox 2263 5146 2503 5204; x_wconf 85' lang='grc' dir='ltr'>Ὀλκάδα</span> <span class='ocrx_word' id='word_1_567' title='bbox 2533 5148 2765 5225; x_wconf 89' lang='grc' dir='ltr'>κράτους</span> <span class='ocrx_word' id='word_1_568' title='bbox 2796 5149 3087 5208; x_wconf 74' lang='grc' dir='ltr'>κατέδυσαν</span> <span class='ocrx_word' id='word_1_569' title='bbox 3123 5154 3203 5217; x_wconf 68' lang='grc' dir='ltr'><strong>είς</strong></span> <span class='ocrx_word' id='word_1_570' title='bbox 3240 5156 3424 5230; x_wconf 76' lang='grc' dir='ltr'>βᾴθος·</span> 
     </span>
    </p>
   </div>
   <div class='ocr_carea' id='block_1_109' title="bbox 319 5236 1954 5319">
    <p class='ocr_par' dir='ltr' id='par_1_109' title="bbox 319 5236 1470 5309">
     <span class='ocr_line' id='line_1_109' title="bbox 319 5236 1470 5309; baseline 0.001 -19"><span class='ocrx_word' id='word_1_571' title='bbox 319 5238 543 5308; x_wconf 90' lang='lat' dir='ltr'><strong>Nempe</strong></span> <span class='ocrx_word' id='word_1_572' title='bbox 575 5241 629 5293; x_wconf 91' lang='lat' dir='ltr'><strong>et</strong></span> <span class='ocrx_word' id='word_1_573' title='bbox 661 5237 912 5293; x_wconf 79' lang='lat' dir='ltr'><strong>fecunda</strong></span> <span class='ocrx_word' id='word_1_574' title='bbox 943 5236 1231 5309; x_wconf 85' lang='lat' dir='ltr'><strong>capitibus</strong></span> <span class='ocrx_word' id='word_1_575' title='bbox 1262 5236 1470 5309; x_wconf 81' lang='lat' dir='ltr'><strong>hydra,</strong></span> 
     </span>
    </p>
   </div>
   <div class='ocr_carea' id='block_1_110' title="bbox 1723 5236 3358 5319">
    <p class='ocr_par' dir='ltr' id='par_1_110' title="bbox 2263 5236 3358 5319">
     <span class='ocr_line' id='line_1_110' title="bbox 2263 5236 3358 5319; baseline 0.009 -29"><span class='ocrx_word' id='word_1_576' title='bbox 2263 5237 2351 5298; x_wconf 79' lang='grc' dir='ltr'>Ὠς</span> <span class='ocrx_word' id='word_1_577' title='bbox 2383 5237 2483 5314; x_wconf 77' lang='grc' dir='ltr'><strong>γὰρ</strong></span> <span class='ocrx_word' id='word_1_578' title='bbox 2516 5236 2903 5318; x_wconf 69' lang='grc' dir='ltr'>πολυκέφαλος</span> <span class='ocrx_word' id='word_1_579' title='bbox 2930 5241 3077 5314; x_wconf 76' lang='grc' dir='ltr'>ἄλλη</span> <span class='ocrx_word' id='word_1_580' title='bbox 3110 5265 3194 5307; x_wconf 88' lang='grc' dir='ltr'><strong>τις</strong></span> <span class='ocrx_word' id='word_1_581' title='bbox 3226 5242 3358 5319; x_wconf 79' lang='grc' dir='ltr'>ὕδρα</span> 
     </span>
    </p>
   </div>
   <div class='ocr_carea' id='block_1_111' title="bbox 320 5324 1955 5410">
    <p class='ocr_par' dir='ltr' id='par_1_111' title="bbox 320 5324 1318 5398">
     <span class='ocr_line' id='line_1_111' title="bbox 320 5324 1318 5398; baseline 0.001 -17"><span class='ocrx_word' id='word_1_582' title='bbox 320 5324 407 5381; x_wconf 87' lang='lat' dir='ltr'><strong>sic</strong></span> <span class='ocrx_word' id='word_1_583' title='bbox 437 5326 741 5398; x_wconf 83' lang='lat' dir='ltr'><strong>apostatici</strong></span> <span class='ocrx_word' id='word_1_584' title='bbox 775 5326 1094 5397; x_wconf 90' lang='lat' dir='ltr'><strong>prodibant</strong></span> <span class='ocrx_word' id='word_1_585' title='bbox 1119 5326 1318 5382; x_wconf 86' lang='lat' dir='ltr'><strong>duces.</strong></span> 
     </span>
    </p>
   </div>
   <div class='ocr_carea' id='block_1_112' title="bbox 1680 5324 3315 5410">
    <p class='ocr_par' dir='ltr' id='par_1_112' title="bbox 2082 5325 3315 5410">
     <span class='ocr_line' id='line_1_112' title="bbox 2082 5325 3315 5410; baseline 0.009 -30"><span class='ocrx_word' id='word_1_586' title='bbox 2082 5325 2224 5381; x_wconf 82' lang='grc'><strong>3415</strong></span> <span class='ocrx_word' id='word_1_587' title='bbox 2263 5325 2453 5390; x_wconf 77' lang='grc' dir='ltr'>Οὕτως</span> <span class='ocrx_word' id='word_1_588' title='bbox 2479 5327 2841 5394; x_wconf 84' lang='grc' dir='ltr'>ἆποστάτιδας</span> <span class='ocrx_word' id='word_1_589' title='bbox 2873 5332 2939 5401; x_wconf 80' lang='grc' dir='ltr'><strong>ἧν</strong></span> <span class='ocrx_word' id='word_1_590' title='bbox 2974 5334 3101 5409; x_wconf 82' lang='grc' dir='ltr'><strong>ὁρᾷν</strong></span> <span class='ocrx_word' id='word_1_591' title='bbox 3125 5355 3315 5410; x_wconf 87' lang='grc' dir='ltr'>καρας.</span> 
     </span>
    </p>
   </div>
   <div class='ocr_carea' id='block_1_113' title="bbox 320 5414 1955 5497">
    <p class='ocr_par' dir='ltr' id='par_1_113' title="bbox 320 5414 1425 5487">
     <span class='ocr_line' id='line_1_113' title="bbox 320 5414 1425 5487; baseline 0 -18"><span class='ocrx_word' id='word_1_592' title='bbox 320 5414 553 5471; x_wconf 88' lang='lat' dir='ltr'><strong>Primus</strong></span> <span class='ocrx_word' id='word_1_593' title='bbox 582 5415 856 5471; x_wconf 86' lang='lat' dir='ltr'><strong>Ruselius</strong></span> <span class='ocrx_word' id='word_1_594' title='bbox 889 5415 1127 5487; x_wconf 91' lang='lat' dir='ltr'><strong>quidam</strong></span> <span class='ocrx_word' id='word_1_595' title='bbox 1158 5414 1425 5485; x_wconf 88' lang='lat' dir='ltr'><strong>rebellat,</strong></span> 
     </span>
    </p>
   </div>
   <div class='ocr_carea' id='block_1_114' title="bbox 1770 5414 3405 5497">
    <p class='ocr_par' dir='ltr' id='par_1_114' title="bbox 2258 5416 3405 5497">
     <span class='ocr_line' id='line_1_114' title="bbox 2258 5416 3405 5497; baseline 0.007 -25"><span class='ocrx_word' id='word_1_596' title='bbox 2258 5416 2573 5493; x_wconf 88' lang='grc' dir='ltr'>Ἀφίσταται</span> <span class='ocrx_word' id='word_1_597' title='bbox 2606 5425 2797 5494; x_wconf 89' lang='grc' dir='ltr'>πρῶτα</span> <span class='ocrx_word' id='word_1_598' title='bbox 2826 5426 2932 5477; x_wconf 89' lang='grc' dir='ltr'><strong>τῶν</strong></span> <span class='ocrx_word' id='word_1_599' title='bbox 2966 5423 3276 5486; x_wconf 79' lang='grc' dir='ltr'>Ῥουσέλιός</span> <span class='ocrx_word' id='word_1_600' title='bbox 3302 5445 3405 5497; x_wconf 87' lang='grc' dir='ltr'>τις,</span> 
     </span>
    </p>
   </div>
   <div class='ocr_carea' id='block_1_115' title="bbox 321 5503 1956 5592">
    <p class='ocr_par' dir='ltr' id='par_1_115' title="bbox 321 5503 1551 5575">
     <span class='ocr_line' id='line_1_115' title="bbox 321 5503 1551 5575; baseline 0.001 -16"><span class='ocrx_word' id='word_1_601' title='bbox 321 5503 533 5560; x_wconf 89' lang='lat' dir='ltr'><strong>deinde</strong></span> <span class='ocrx_word' id='word_1_602' title='bbox 564 5504 772 5575; x_wconf 77' lang='lat' dir='ltr'><strong>Caesar,</strong></span> <span class='ocrx_word' id='word_1_603' title='bbox 795 5510 924 5560; x_wconf 89' lang='lat' dir='ltr'><strong>tum</strong></span> <span class='ocrx_word' id='word_1_604' title='bbox 958 5507 1166 5559; x_wconf 81' lang='lat' dir='ltr'><strong>Nestor</strong></span> <span class='ocrx_word' id='word_1_605' title='bbox 1195 5505 1504 5560; x_wconf 89' lang='lat' dir='ltr'><strong>vestarcha</strong></span> <span class='ocrx_word' id='word_1_606' title='bbox 1536 5520 1551 5560; x_wconf 93' lang='lat'><strong>:</strong></span> 
     </span>
    </p>
   </div>
   <div class='ocr_carea' id='block_1_116' title="bbox 2034 5503 3669 5592">
    <p class='ocr_par' dir='ltr' id='par_1_116' title="bbox 2261 5505 3669 5592">
     <span class='ocr_line' id='line_1_116' title="bbox 2261 5505 3669 5592; baseline 0.01 -34"><span class='ocrx_word' id='word_1_607' title='bbox 2261 5505 2405 5581; x_wconf 83' lang='grc' dir='ltr'>Πρὸς</span> <span class='ocrx_word' id='word_1_608' title='bbox 2424 5505 2565 5580; x_wconf 70' lang='grc' dir='ltr'>τῷδε</span> <span class='ocrx_word' id='word_1_609' title='bbox 2597 5511 2803 5586; x_wconf 89' lang='grc' dir='ltr'>Καισαρ</span> <span class='ocrx_word' id='word_1_610' title='bbox 2835 5512 2925 5566; x_wconf 83' lang='grc' dir='ltr'><strong>καὶ</strong></span> <span class='ocrx_word' id='word_1_611' title='bbox 2958 5514 3183 5586; x_wconf 68' lang='grc' dir='ltr'>Νέστωρ</span> <span class='ocrx_word' id='word_1_612' title='bbox 3213 5535 3298 5576; x_wconf 87' lang='grc' dir='ltr'><strong>τις</strong></span> <span class='ocrx_word' id='word_1_613' title='bbox 3334 5515 3669 5592; x_wconf 86' lang='grc' dir='ltr'>βεστάρχης,</span> 
     </span>
    </p>
   </div>
   <div class='ocr_carea' id='block_1_117' title="bbox 317 5592 1952 5674">
    <p class='ocr_par' dir='ltr' id='par_1_117' title="bbox 317 5592 1574 5666">
     <span class='ocr_line' id='line_1_117' title="bbox 317 5592 1574 5666; baseline 0.001 -18"><span class='ocrx_word' id='word_1_614' title='bbox 317 5592 446 5648; x_wconf 90' lang='lat' dir='ltr'><strong>evin</strong></span> <span class='ocrx_word' id='word_1_615' title='bbox 478 5593 844 5665; x_wconf 87' lang='lat' dir='ltr'><strong>Nicephorus</strong></span> <span class='ocrx_word' id='word_1_616' title='bbox 876 5592 1192 5665; x_wconf 86' lang='lat' dir='ltr'><strong>agnomine</strong></span> <span class='ocrx_word' id='word_1_617' title='bbox 1225 5593 1574 5666; x_wconf 82' lang='lat' dir='ltr'><strong>Bryennius,</strong></span> 
     </span>
    </p>
   </div>
   <div class='ocr_carea' id='block_1_118' title="bbox 1679 5592 3314 5674">
    <p class='ocr_par' dir='ltr' id='par_1_118' title="bbox 2258 5596 3314 5674">
     <span class='ocr_line' id='line_1_118' title="bbox 2258 5596 3314 5674; baseline 0.006 -23"><span class='ocrx_word' id='word_1_618' title='bbox 2258 5596 2577 5674; x_wconf 81' lang='grc' dir='ltr'>Νικηφόρος</span> <span class='ocrx_word' id='word_1_619' title='bbox 2598 5619 2657 5653; x_wconf 80' lang='grc' dir='ltr'><strong>τε</strong></span> <span class='ocrx_word' id='word_1_620' title='bbox 2683 5601 2968 5674; x_wconf 73' lang='grc' dir='ltr'>Βρυέννιος</span> <span class='ocrx_word' id='word_1_621' title='bbox 3008 5601 3314 5674; x_wconf 82' lang='grc' dir='ltr'>τούπίκλην</span> 
     </span>
    </p>
   </div>
   <div class='ocr_carea' id='block_1_119' title="bbox 314 5680 1949 5767">
    <p class='ocr_par' dir='ltr' id='par_1_119' title="bbox 314 5680 1500 5755">
     <span class='ocr_line' id='line_1_119' title="bbox 314 5680 1500 5755; baseline 0.003 -18"><span class='ocrx_word' id='word_1_622' title='bbox 314 5681 415 5755; x_wconf 89' lang='lat' dir='ltr'><strong>qui</strong></span> <span class='ocrx_word' id='word_1_623' title='bbox 445 5697 514 5738; x_wconf 84' lang='lat' dir='ltr'><strong>ex</strong></span> <span class='ocrx_word' id='word_1_624' title='bbox 540 5680 879 5739; x_wconf 88' lang='lat' dir='ltr'><strong>illustribus</strong></span> <span class='ocrx_word' id='word_1_625' title='bbox 909 5686 1033 5741; x_wconf 87' lang='lat' dir='ltr'><strong>erat</strong></span> <span class='ocrx_word' id='word_1_626' title='bbox 1068 5682 1452 5755; x_wconf 88' lang='lat' dir='ltr'><strong>optimatibus</strong></span> <span class='ocrx_word' id='word_1_627' title='bbox 1486 5700 1500 5741; x_wconf 89' lang='lat'><strong>:</strong></span> 
     </span>
    </p>
   </div>
   <div class='ocr_carea' id='block_1_120' title="bbox 1781 5680 3416 5767">
    <p class='ocr_par' dir='ltr' id='par_1_120' title="bbox 2256 5684 3416 5767">
     <span class='ocr_line' id='line_1_120' title="bbox 2256 5684 3416 5767; baseline 0.006 -25"><span class='ocrx_word' id='word_1_628' title='bbox 2256 5684 2354 5748; x_wconf 91' lang='grc' dir='ltr'>Ὃς</span> <span class='ocrx_word' id='word_1_629' title='bbox 2386 5689 2736 5763; x_wconf 77' lang='grc' dir='ltr'>παρασήμοις</span> <span class='ocrx_word' id='word_1_630' title='bbox 2767 5688 3005 5767; x_wconf 82' lang='grc' dir='ltr'>ὡράϊστο</span> <span class='ocrx_word' id='word_1_631' title='bbox 3036 5696 3133 5747; x_wconf 90' lang='grc' dir='ltr'><strong>τοῦ</strong></span> <span class='ocrx_word' id='word_1_632' title='bbox 3164 5691 3416 5767; x_wconf 88' lang='grc' dir='ltr'>κράτους·</span> 
     </span>
    </p>
   </div>
  </div>
