4140 6408
333 377 440 434 137

327 505 478 562 3420
513 504 719 570 ’Ἄλλος
751 512 1069 587 Νικηφόρος
1099 534 1183 575 τις
1216 516 1598 588 Βοτανειάτης,

513 597 610 661 Ὃς
636 599 725 652 καὶ
754 602 990 676 κατῆρξε
1019 607 1113 656 τοῦ
1143 602 1373 678 κράτους
1401 611 1508 661 τῶν
1544 607 1788 663 Αὐσόνων
1828 630 1839 642 '

513 685 617 740 Σὺν
652 691 734 750 οἷς
757 688 925 761 λιμός
954 713 1012 746 τε
1041 693 1128 746 καὶ
1167 695 1378 769 βροτῶν
1408 697 1586 774 φθίσις

507 783 704 849 Βαρεῖα
731 781 1032 856 κατέτρυχε
1058 783 1186 844 τοὺς
1221 785 1518 856 ὑπηκόους,

512 867 610 921 Καί
636 889 721 931 τις
742 869 924 946 φόρων
953 868 1229 946 εἷ’σπραξις
1264 871 1593 947 ἀδικωτάτη.

318 957 469 1013 3425
505 960 681 1011 Ταῦτα
713 960 807 1030 μὲν
841 958 984 1014 οὕτω
1018 956 1381 1034 συμϐέϐηκεν,
1415 964 1488 1027 ὡς
1517 965 1671 1038 ἔφην,

501 1047 916 1104 ΝΙΚΗΦΟΡΟΣ
957 1049 1000 1105 0
1040 1051 1523 1110 ΒΟΤΑΝΕΙΑΤΗΣ
1575 1058 1682 1112 ET.
1725 1059 1796 1114 1".

506 1136 814 1207 Φημίζιται
848 1135 906 1192 δὲ
936 1142 1296 1211 Βοτανειάτης
1329 1144 1564 1217 κράτωρ,

503 1225 609 1279 Καὶ
643 1222 905 1280 διαδεῖται
942 1226 1201 1303 βασιλικῇ
1231 1231 1411 1303 ταινίᾳ
1444 1253 1456 1265 ·

503 1313 601 1367 Καὶ
629 1320 930 1382 τηνικαῦτα
961 1317 1278 1392 φιλοτιμίαν
1313 1321 1466 1392 ξένην

501 1403 610 1470 Τήν
644 1407 750 1457 τῶν
784 1410 963 1478 χρεῶν
997 1408 1190 1462 ἅπασιν
1217 1407 1456 1481 ἐκτομήν
1489 1414 1640 1486 νέμει

309 1493 462 1548 3430
503 1494 857 1566 Χρεωκοπίαν
894 1492 1160 1565 δημόσιον
1191 1500 1446 1565 θεσπίσας
1479 1518 1492 1532 ⁵

502 1584 670 1657 Ἀνήρ
701 1583 914 1655 ἱλαρὸς,
948 1587 1176 1660 ἁπαλὸς,
1209 1593 1450 1664 χρηστὸς
1478 1596 1732 1670 τρόπους,

500 1671 724 1733 Ἄλλως
757 1671 813 1728 δὲ
837 1678 1043 1744 νωθὴς.
1073 1683 1297 1752 χαῦνος,
1330 1680 1716 1756 ἐκλελυμένος,

499 1762 640 1836 Πρὸς
671 1766 1012 1838 πραγμάτιον
1041 1769 1295 1841 πρόνοιαν
1330 1772 1429 1826 οὐκ
1459 1774 1514 1827 εὖ
1547 1796 1664 1838 πως
1698 1775 1842 1851 ἔχων
1882 1799 1897 1814 ⁶

549 1849 868 1874 ξεινντνη
1010 1839 1091 1874 ι’
1289 1859 1406 1874 κ,
1602 1864 1612 1874 .
1728 1839 1764 1852 ’⁸³

493 1854 571 1907 Τὸ
604 1854 650 1905 δ’
680 1854 745 1906 αὖ
778 1854 911 1909 ἐτῶν
948 1857 1111 1928 μήκει
1135 1879 1191 1912 τε
1215 1859 1302 1913 καὶ
1335 1863 1524 1934 γήρως
1553 1864 1737 1928 νόσοις
1772 1888 1784 1900 ·

307 1941 452 1996 3435
489 1942 648 2004 ’Όθεν
680 1941 958 2018 παραδοὺς
988 1946 1146 2014 ἡνίας
1175 1945 1372 2012 ἄλλοις
1401 1952 1655 2025 κράτους,

487 2031 670 2092 Αὐτὸς
698 2040 926 2110 τρυφαῖς
954 2033 1144 2110 ἔχαιρε
1172 2039 1259 2092 καὶ
1291 2043 1605 2114 συσσιτίοις,

486 2126 754 2195 Λουτροῖς
779 2126 1119 2198 πανημέροις
1150 2148 1207 2181 τε
1232 2128 1321 2182 καὶ
1351 2128 1709 2198 πανδαισίαις.

487 2209 549 2264 Ὁ
579 2209 810 2284 Μιχαὴλ
844 2209 900 2267 δὲ
927 2217 1130 2290 γίνεται
1167 2216 1547 2295 μελαμφόρος,

486 2299 598 2354 Εἶτ’
627 2301 932 2374 ἀρχιθότης
959 2304 1049 2358 καὶ
1080 2305 1347 2381 πρόεδρός
1375 2311 1422 2383 γ’
1457 2310 1682 2387 Ἐφέσου
1714 2332 1727 2345 ·

300 2387 446 2442 3440
484 2388 696 2443 Τούτου
729 2391 968 2464 συνεύνῳ
994 2394 1130 2468 πρὸς
1161 2395 1338 2468 γάμου
1365 2400 1651 2455 κοινωνίαν

481 2478 848 2549 Βοτανε·άτης
880 2481 945 2535 οὗ
974 2484 1157 2545 καλῶς
1187 2488 1472 2561 συνεζύγη.

483 2567 840 2630 Ἀποστασίας
874 2567 920 2624 δ’
951 2570 1113 2627 εἰσέτι
1145 2578 1455 2648 Βρυεννίου,

480 2655 810 2730 Τυραννίδος
840 2663 886 2713 τ’
918 2661 982 2714 αὗ
1014 2661 1078 2716 οὐ
1109 2662 1294 2726 καλῶς
1326 2664 1656 2741 ἐξημμένου,

481 2745 580 2798 Καὶ
616 2747 691 2818 μή
721 2752 889 2810 θεῖναι
923 2747 1150 2824 δωρεαῖς
1176 2757 1561 2826 πεπεισμένου,

288 2835 445 2889 3445
484 2834 711 2890 Στέλλει
743 2843 857 2890 κατ’
887 2839 1054 2892 αὐτοῦ
1088 2841 1343 2916 βασιλεὺς
1373 2845 1469 2906 τὰς
1499 2843 1774 2920 δυνάμεις,

483 2922 710 2996 Ἀλεξίῳ
740 2923 866 2988 δοὺς
897 2934 1175 3002 Κομνηνῷ
1203 2931 1400 2994 ταύτας
1431 2935 1574 3009 ἄγειν
1609 2957 1620 2969 ·

479 3014 578 3076 ⁵ος
605 3016 946 3086 συμπλακεὶς
974 3016 1179 3089 ἥττησε
1206 3021 1461 3093 τύραννον
1495 3027 1675 3100 μάχῃ,

484 3102 585 3156 Καὶ
617 3104 795 3180 φωτὸς
830 3103 1112 3180 ἐπέρησεν
1145 3109 1302 3164 αὐτὸν
1332 3111 1619 3184 ὀμμάτων.

485 3193 625 3266 Πρὸς
658 3191 706 3248 δ’
737 3193 802 3248 αὗ
829 3199 1234 3269 τυραννήσαντα
1262 3202 1350 3255 καὶ
1379 3203 1691 3273 Βασιλάκην

1861 396 2222 451 ΟΛΕΒΑΒΕὸ.

2016 523 2071 588 Α
2100 522 2352 595 denique
2381 525 2742 598 Nicephorus
2774 529 2926 585 alius
2957 530 3279 601 Botaniata,

2103 612 2201 682 qui
2232 617 2288 668 et
2318 609 2635 686 imperium
2663 618 2989 674 Romanum
3019 619 3297 675 obtinuit.

2101 701 2291 757 Pestis
2323 709 2602 774 praeterea
2631 707 3064 779 hominumque
3086 707 3214 764 lues

2097 792 2292 861 gravis
2323 792 2508 848 afﬂxit
2538 797 2786 866 populos
2820 797 3074 868 imperii,

2097 882 2153 933 et
2180 879 2576 950 injustissima
2605 885 2981 956 vectigalium
3014 887 3258 942 exactio.

2092 968 2184 1024 Sic
2211 986 2345 1042 ergo
2378 987 2469 1027 res
2503 972 2775 1029 humanae
2806 979 2946 1030 tunc
2977 991 3038 1029 se
3071 976 3385 1030 habebant.

2315 1060 2763 1120 NICEPHORUS
2805 1063 3216 1118 BOTANIATA
3253 1063 3369 1118 AN.
3413 1063 3512 1120 ΙΙΙ.

2090 1146 2238 1218 Ergo
2269 1148 2598 1220 appellatur
2631 1167 2727 1207 rex
2752 1152 3058 1207 Botaniata

2086 1241 2262 1306 atque
2294 1237 2538 1293 solemni
2573 1245 2884 1295 stemmate
2914 1245 3233 1296 exornatur
3261 1258 3275 1294 :

2089 1327 2186 1396 qui
2218 1328 2309 1382 sui
2342 1329 2598 1384 nominis
2628 1329 2959 1385 celebrandi
2991 1331 3244 1401 cupidus

2083 1421 2356 1472 cunctam
2391 1420 2592 1472 aerario
2623 1420 2882 1474 debitam
2916 1420 3227 1489 pecuniam

2081 1508 2331 1578 remisit,
2363 1527 2538 1565 novas
2568 1511 2800 1565 tabulas
2825 1512 3141 1566 instituens
3171 1529 3182 1565 :

2079 1595 2166 1650 vir
2195 1596 2361 1652 laetus
2393 1598 2581 1654 facilis
2607 1601 2988 1670 moribusque
3020 1599 3364 1668 commodis,

2078 1694 2348 1742 caeterum
2383 1689 2602 1759 segnis,
2640 1691 2801 1754 levis,
2837 1689 3186 1754 dissolutus,

2076 1792 2263 1846 neque
2295 1779 2364 1832 ad
2392 1777 2532 1848 reip.
2569 1795 2766 1832 curam
2801 1778 3080 1844 idoneus;

1995 1895 2040 1958 Β
2079 1881 2211 1919 nam
2234 1869 2290 1920 et
2315 1872 2551 1921 senecta
2582 1871 2638 1921 et
2666 1867 2886 1922 morbis
2919 1866 3296 1938 premebatur
3330 1883 3342 1920 :

2075 1956 2454 2022 quamobrem
2485 1956 2632 2010 alios
2661 1956 2800 2027 reip.
2835 1973 3203 2027 praeponens,

2072 2042 2198 2114 ipse
2229 2043 2455 2098 deliciis
2476 2044 2663 2115 epulis
2695 2061 2759 2100 ac
2791 2045 3016 2100 balneis

2072 2131 2566 2188 comissabundus
2598 2133 2861 2203 quotidie
2892 2131 3256 2205 indulgebat.

2072 2219 2318 2276 Michael
2351 2227 2547 2278 autem
2581 2222 2831 2278 clericus
2862 2223 3161 2289 tondetur,

2069 2309 2198 2364 exin
2233 2310 2299 2365 ﬁt
2320 2311 2545 2382 primas
2575 2311 2788 2383 Ephesi
2832 2311 3144 2382 episcopus
3180 2327 3192 2364 :

2067 2401 2238 2469 cujus
2266 2415 2504 2454 uxorem
2538 2400 2649 2456 sibi
2684 2400 3043 2456 consociavit

2067 2487 2225 2543 haud
2259 2487 2636 2544 laudabiliter
2665 2490 2994 2544 Botaniata.

2065 2576 2196 2631 Jam
2230 2576 2548 2633 rebellante
2580 2583 2784 2649 postea
2811 2577 3101 2649 Bryennio

2065 2667 2551 2737 tyrannidemque
2574 2666 2792 2738 perﬁde
2812 2666 3138 2734 affectante,

2064 2771 2253 2825 neque
2282 2772 2345 2810 se
2375 2754 2547 2810 donis
2573 2754 2865 2827 placidum
2900 2755 3212 2825 praebente.

2066 2827 2249 2899 r'r'i'ittit
2277 2845 2336 2899 in
2361 2845 2556 2916 ipsum
2588 2844 2784 2916 cepias
2816 2844 3132 2913 imperator

2064 2933 2324 3004 bellique
2357 2935 2563 2988 ducem
2588 2932 2948 2987 Comnenum
2982 2929 3269 2995 Alexium,

2064 3025 2162 3096 qui
2197 3041 2393 3096 pugna
2422 3029 2737 3095 tyrannum
2774 3027 3003 3094 patrata
3034 3021 3203 3087 vicit,

2063 3119 2236 3185 atque
2267 3113 2567 3169 oculorum
2597 3113 2822 3168 lumine
2853 3111 3146 3182 spoliavit.

2065 3205 2204 3258 ltem
2233 3203 2516 3258 adversus
2547 3201 2854 3256 Basilicem
2886 3199 3163 3255 rebellem

292 3282 446 3336 3450
483 3261 757 3359 Πεμφθεὶς
789 3261 1096 3356 Κομνηνὸς,
1132 3289 1471 3360 συμπλακείς
1503 3295 1552 3346 οἱ
1585 3261 1719 3368 πρὸς
1767 3297 1919 3372 μάχη

1663 3295 1719 3357 ὸς
1767 3297 1951 3372 μάχην
1985 3261 2028 3327 C
2069 3293 2290 3349 missus
2317 3277 2672 3358 Comnenus,
2699 3290 2984 3346 consertis
3018 3288 3291 3344 manibus

481 3371 646 3442 Ἤττᾷ
673 3378 947 3448 κραταιῶς
978 3377 1066 3429 καὶ
1102 3377 1361 3452 στερίσκςι
1392 3385 1488 3434 τοῦ
1521 3384 1688 3460 φάους
1724 3403 1736 3415 ·
1839 3402 1843 3406 ·

479 3463 578 3516 Καὶ
613 3464 910 3538 Βαράγγων
936 3467 1191 3540 σύστημα
1218 3473 1313 3522 τοῦ
1347 3474 1690 3549 στεφηφόρου

479 3551 875 3621 Κατεξαναστὰν
910 3554 1237 3630 ηὐτρέπιστο
1269 3560 1406 3632 πρὸς
1443 3562 1629 3636 μάχην
1667 3582 1679 3594 ·

474 3640 912 3716 Ἀντιπαρατάξει
943 3641 1000 3698 δὲ
1029 3645 1217 3720 χειρὸς
1251 3644 1537 3724 δυσμάχου

270 3731 428 3786 3455
472 3731 859 3802 Καθυπεκλίθη
893 3733 982 3788 καὶ
1016 3736 1374 3811 συνέγνωσται
1407 3738 1595 3798 πάλιν,

462 3821 727 3874 ’Ύστατον
756 3822 994 3897 ἀνταίρει
1029 3821 1086 3878 δὲ
1121 3827 1450 3901 Βοτανειάτῃ

464 3909 756 3981 Κομνηνὸς
790 3911 1029 3983 Ἀλέξιος
1055 3916 1480 3986 τυραννοκτόνος
1515 3937 1527 3948 ·

461 3999 562 4059 ’⁵ος
591 3996 916 4056 καταλαϐὼν
942 3999 1229 4079 Ἀδριανοῦ
1263 4007 1362 4074 τήν
1405 4006 1586 4076 πόλιν,

466 4088 705 4160 Στρατόθ
736 4091 784 4142 τ’
814 4089 1060 4165 ἀγείρας,
1090 4090 1456 4148 ἀναδείκνυται
1487 4098 1726 4173 κράτωρ,

271 4183 426 4238 3460
467 4179 565 4234 Καὶ
604 4177 912 4253 βασιλικοῖς
941 4178 1209 4236 ἀναδεῖται
1245 4178 1569 4254 συμϐόλοις.

465 4272 599 4335 Μεθ’
621 4272 693 4325 ὧν
726 4271 934 4344 ἀπάρας
958 4272 1056 4338 τήν
1093 4271 1492 4326 Κωνσταντίνου
1526 4273 1732 4351 φθάνει,

465 4361 569 4418 Καὶ
599 4357 752 4430 τήνδ’
787 4359 924 4415 ἑλὼν
964 4359 1117 4435 μάχῃ
1141 4381 1199 4414 τε
1227 4362 1315 4416 καὶ
1352 4364 1648 4440 στρατηγίᾳ

391 4444 393 4446 ’
457 4449 696 4506 Εἵσεισιν
725 4447 875 4510 ἐντὸς
902 4453 1011 4503 τῶν
1048 4447 1338 4515 βασιλείων
1368 4448 1577 4523 δόμων.

456 4543 679 4596 Ἀπεισι
713 4538 760 4594 δ’
789 4541 965 4595 αὐτῶν
1001 4542 1364 4612 Βοτανειάτης
1395 4541 1589 4617 τάχος,

259 4637 416 4691 3465
458 4631 565 4687 Καὶ
590 4629 761 4706 τρίχα
790 4629 972 4703 καρεὶς
1002 4629 1356 4707 ἀμφιέννυται
1390 4631 1551 4707 ῥάκος

456 4724 540 4777 Ἐν
576 4717 1008 4795 Μητρανάνδρου
1036 4724 1103 4793 τῇ
1141 4724 1281 4792 μονῆ
1314 4717 1702 4796 περιϐλέπτου,

449 4813 619 4873 Ἔνθα
650 4810 819 4870 θανὼν
853 4806 1014 4884 ἔτυχε
1041 4830 1210 4880 τιμης
1242 4807 1487 4880 ἐντίμου.

564 4901 864 4956 ΑΛΕΞῘΟΣ
906 4901 949 4957 0
989 4903 1372 4954 ΚΟΜΝΗΝΟΣ
1415 4901 1524 4956 ET.
1560 4904 1677 4958 AZ’.

453 4988 616 5048 Οὕτω
651 4990 743 5061 μὲν
774 4989 1018 5062 Ἀλέξιος
1048 4987 1241 5064 εὕρατο
1273 4990 1491 5063 κράτος,

451 5081 552 5139 ⁸ος
580 5078 669 5133 καὶ
698 5077 1019 5132 τεταινίωυο
1051 5077 1179 5151 παρ’
1211 5075 1511 5151 ἀρχιθύτου
1546 5095 1560 5111 ο

258 5173 414 5229 3470
452 5167 682 5244 Κράτωρ
713 5167 908 5241 ἀγαθὸς
935 5167 1023 5220 καὶ
1061 5166 1365 5240 στρατηγὸς
1400 5165 1678 5240 γεννάδας,

449 5256 692 5330 Φρικτὸς
725 5257 820 5328 μὲν
853 5255 1099 5329 ἐχθροῖς,
1135 5253 1365 5326 εὐμενὴς
1400 5253 1445 5310 δ’
1481 5255 1768 5328 ὑπηκόοις,

443 5347 617 5422 Ἀνὴρ
649 5342 973 5419 περιδέξιος,
1007 5341 1128 5416 ὀξὺς
1161 5343 1212 5398 ἐν
1250 5345 1475 5419 μάχαις,

445 5432 616 5498 Εἶδος
646 5431 971 5509 προδεικνὺς
997 5433 1143 5505 ἄξιον
1167 5430 1512 5504 τυραννίδος,

437 5524 544 5582 Καὶ
577 5528 749 5599 πρᾶον
783 5524 915 5591 ἦθος
944 5523 1032 5577 καὶ
1069 5521 1410 5597 φιλαγάθους
1440 5523 1698 5597 τρόπους.

251 5621 408 5677 3475
446 5614 642 5676 Γένους
673 5611 818 5688 ἔχων
859 5611 939 5682 εὖ,
973 5611 1226 5683 σώματός
1255 5613 1301 5665 τ’
1335 5611 1650 5686 εὐρυθμίας,

444 5708 667 5780 Ἔργων
698 5701 1032 5776 στρατηγίας
1059 5721 1117 5755 τε
1146 5701 1236 5755 καὶ
1273 5703 1458 5776 μάχης
1488 5699 1646 5776 ἴδρις,

598 5825 863 5886 Ριτειοι.
915 5825 1026 5883 Gn.-
1077 5820 1336 5882 CXLIII.

2063 3385 2292 3440 t'ortiter
2319 3384 2456 3438 vicit
2486 3382 2774 3454 illumque
2806 3379 3135 3436 excaecavit.

2060 3475 2208 3538 Quin
2241 3481 2296 3528 et
2323 3472 2576 3543 Varangi
2613 3469 2903 3542 conjurati
2935 3470 2993 3523 in
3023 3471 3305 3523 Caesarem

2060 3563 2295 3635 publice
2324 3563 2394 3616 ad
2427 3578 2593 3616 arma
2623 3561 2901 3616 seditiosa
2930 3558 3166 3614 iverunt
3199 3573 3210 3610 :

2058 3655 2156 3708 sed
2191 3669 2369 3707 manu
2399 3651 2533 3707 forti
2567 3649 2835 3721 protinus
2861 3645 3196 3720 perdomiti,

2054 3742 2284 3798 veniam
2319 3739 2645 3795 moliminis
2679 3756 2811 3793 mox
2845 3739 3256 3809 impetrarunt.

2052 3835 2251 3902 Ipsum
2286 3832 2584 3901 postremo
2617 3828 2984 3882 Botaniatam
3021 3824 3364 3896 aggreditur

2051 3918 2421 3993 tyrannicida
2451 3917 2786 3972 Comuenus
2819 3914 3045 3968 Alexius
3079 3931 3092 3968 :

2051 4015 2226 4082 atque
2257 4011 2542 4078 occupata
2571 4005 2849 4060 Hadriani
2876 4003 3021 4058 urbe

2050 4098 2428 4168 collectisque
2459 4094 2662 4166 copiis,
2698 4095 2764 4148 ﬁt
2794 4094 3136 4164 imperator,

2048 4195 2224 4261 atque
2255 4185 2553 4257 regalibus
2584 4187 2824 4238 ornatur
2855 4180 3214 4253 insignibus.

2047 4279 2140 4335 Sic
2173 4293 2308 4347 ergo
2339 4273 2620 4329 accedens
2653 4272 2722 4326 ad
2757 4268 3127 4326 Constantini
3159 4267 3388 4335 urbem,

2045 4367 2199 4440 cepit
2230 4366 2383 4421 hanc
2411 4363 2610 4436 praelio
2643 4369 2699 4416 el
2729 4359 2938 4432 peritia
2967 4358 3198 4426 bellica,

2044 4463 2100 4514 et
2125 4456 2342 4521 regiam
2376 4454 2565 4524 ipsam
2600 4449 2906 4521 occupavit
2935 4449 3216 4512 domum;

2044 4564 2159 4618 qua
2188 4543 2534 4600 festinanter
2563 4542 2763 4596 exiens
2794 4538 3118 4603 Botaniata,

1966 4621 2012 4685 Ῑ)
2045 4633 2318 4692 monachi
2350 4631 2635 4699 tunicam,
2668 4634 2839 4684 tonsa
2865 4644 3034 4683 coma
3065 4624 3259 4680 induit

2041 4727 2102 4782 in
2133 4721 2495 4780 monasterio
2525 4720 2870 4775 venerandae
2900 4715 3192 4788 Virginis,

2037 4815 2237 4886 ibique
2259 4811 2515 4866 moriens
2545 4807 2826 4879 sepelitur
2858 4805 3190 4877 magnifice.

2255 4899 2549 4957 ALEXIUS
2589 4895 2984 4953 COMNENUS
3026 4893 3143 4948 AN.
3186 4890 3472 4946 XXXVII.

2039 4994 2128 5048 Sic
2160 5007 2297 5062 ergo
2329 4988 2564 5044 Alexius
2594 4991 2804 5042 nactus
2827 4989 2918 5040 est
2939 4981 3277 5053 imperium,

2041 5081 2184 5154 quin
2216 5083 2272 5135 et
2301 5096 2332 5132 a
2362 5092 2573 5134 sumno
2605 5073 2857 5147 prasule
2883 5074 3198 5128 coronatus
3231 5087 3244 5125 :

2042 5173 2231 5226 bonus
2262 5167 2580 5238 imperator
2609 5169 2666 5219 et
2695 5163 2813 5218 dux
2843 5166 3143 5226 strenuus,

2042 5258 2230 5314 hostis
2260 5253 2625 5318 tremendus,
2653 5251 2880 5306 civibus
2911 5247 3238 5316 benivolus,

2042 5347 2315 5420 egregius
2337 5345 2445 5412 vir,
2481 5341 2732 5414 impiger
2759 5339 2820 5394 in
2853 5337 3094 5410 praeliis,

2040 5437 2269 5492 vultum
2303 5449 2418 5507 prae
2451 5449 2513 5488 se
2542 5433 2734 5486 ferens
2764 5428 3013 5501 imperio
3043 5427 3312 5500 dignum,

2041 5527 2240 5582 mitem
2274 5520 2761 5579 consuetudinem
2795 5519 3195 5588 honestosque
3227 5531 3442 5571 mores.

2041 5617 2236 5686 Stirpe
2267 5617 2392 5671 erat
2421 5611 2627 5678 nobili,
2655 5625 2895 5680 corpore
2927 5607 3179 5674 decenti,

2048 5706 2240 5779 operis
2271 5701 2468 5760 bellici
2502 5700 2752 5756 maxime
2783 5698 3009 5771 peritus

3653 405 3757 460 138
