4140 6408
339 359 444 415 139
1559 343 1923 398 ΕΡΗΒᾸζΜΠ
1972 358 1974 372 ι

1559 343 1923 398 EPHRJEMI!
1972 339 2413 397 CHRONOGRA
2432 342 2544 392 PH!

340 497 450 538 nec
480 494 615 535 vero
647 475 775 533 auri
804 471 1071 549 cupidini
1102 469 1416 535 obnoxius,

346 585 454 628 nec
484 581 696 624 rursus
726 565 826 620 ira:
859 560 1172 635 sanguinis
1198 557 1461 625 sitienti;

347 674 537 731 neque
567 652 842 726 superbis
875 651 1186 707 fastosisve
1213 646 1500 711 moribus,

356 748 448 805 vel
478 760 743 817 unquam
776 741 1033 797 subditis
1066 738 1227 794 aditu
1264 734 1570 800 difﬁciliis,

336 837 427 894 vel
463 850 643 908 poene
673 834 911 888 exactor
937 825 1318 883 inexorabilis
1344 842 1356 891 ;

346 926 449 983 sed
481 924 541 978 in
574 918 1001 992 benignitatem
1035 930 1364 988 propensus
1398 910 1606 982 magis,

346 1014 567 1080 suavis,
600 1010 961 1074 moderatus,
996 1004 1311 1077 gratiosus,
1344 1000 1556 1064 facilis,

345 1104 613 1177 prompto
644 1102 701 1154 et
727 1101 895 1153 acuto
928 1092 1163 1165 ingenio
1199 1105 1530 1160 arcanoque
1562 1085 1763 1155 simul,

347 1190 608 1262 optimus
638 1186 971 1243 orthodoxae
1004 1183 1279 1237 defensor
1313 1177 1469 1245 ﬁdei,

347 1295 455 1337 nec
485 1276 883 1333 conviviorum
911 1288 1121 1328 amans
1148 1284 1338 1342 neque
1368 1266 1541 1322 luxus
1575 1281 1589 1320 :

339 1374 468 1424 tum
505 1370 561 1422 et
589 1365 825 1421 virtutis
853 1361 1249 1431 doctrinaeque
1270 1356 1572 1413 studiosos

340 1458 500 1514 viros
529 1455 828 1511 honorans
861 1455 919 1506 et
945 1448 1155 1505 ofﬁciis
1186 1446 1405 1502 colens.

342 1545 486 1602 Huic
506 1543 568 1599 in
601 1540 834 1614 imperii
861 1540 1000 1595 sede
1033 1535 1316 1593 collocato

342 1633 594 1691 nuntius
626 1629 884 1698 advenit,
916 1626 1127 1683 Italum
1161 1624 1482 1680 ltobertum

343 1720 649 1781 Dalmatiae
678 1718 886 1775 urbem
917 1716 1279 1787 Epidaurum

343 1812 527 1869 armis
556 1808 785 1882 cepisse
814 1812 872 1864 et
902 1804 1176 1879 plurimis
1209 1801 1480 1875 navigiis.

342 1903 496 1973 Ergo
529 1898 827 1971 profectus
857 1896 1048 1952 Caesar
1078 1909 1210 1949 cum
1243 1892 1497 1947 exercitu

344 1989 509 2058 illuc,
540 1991 599 2043 et
627 2000 827 2059 pugna
856 1999 992 2040 cum
1018 1982 1183 2036 hoste
1213 1984 1460 2052 patrata,

344 2082 544 2134 noster
575 2073 835 2148 prolugit
868 2070 1065 2145 pra‘lio
1092 2069 1401 2125 infeciliter

346 2165 575 2223 cladem
607 2164 871 2219 Romano
903 2162 1188 2217 referente
1219 2158 1495 2224 exercitu,

351 2260 529 2327 atque
560 2252 903 2326 Byzantium
927 2253 1120 2305 Cit-sar
1151 2254 1241 2304 est
1272 2262 1565 2302 reversus.

348 2343 591 2400 Barbari
622 2346 819 2398 autem
852 2356 985 2395 cum
1021 2338 1271 2392 Roberto
1305 2338 1454 2390 duce

344 2431 785 2505 populabantur
815 2428 1030 2501 Oppida
1062 2427 1350 2490 Romana,

339 2521 529 2593 captis
560 2518 792 2574 Larissa
822 2516 1205 2586 Castoriaque
1239 2512 1507 2569 urbibus.

338 2612 552 2667 Contra
582 2607 896 2663 Robertum
931 2621 1138 2660 rursus
1169 2608 1259 2658 est
1289 2619 1565 2674 egressus

335 2698 593 2769 inclytus
623 2698 813 2753 Caesar
845 2710 980 2750 cum
1018 2692 1243 2765 ingenti
1278 2691 1563 2757 exercitu,

338 2794 517 2859 atque
541 2785 867 2842 Castoriam
902 2782 1290 2855 recuperavit.

337 2877 656 2933 Robertum
686 2878 882 2929 autem
916 2877 1045 2928 astu
1078 2878 1167 2926 est
1189 2886 1527 2943 aggressus.

334 2964 506 3035 cujus
539 2962 823 3018 rationem
855 2962 1099 3014 interest
1124 2975 1384 3014 narrare.

336 3056 527 3110 Caesar.
550 3057 820 3107 ornatum
851 3047 1075 3120 regium
1106 3047 1530 3117 circumposuit

340 3156 616 3211 germano
652 3138 910 3211 proprio,
943 3137 1259 3208 cepiasque
1289 3136 1572 3199 tradidit;

335 3245 595 3299 eumque
618 3227 801 3297 jussit
824 3225 1120 3297 expositas
1153 3225 1409 3296 praebere

339 3317 401 3373 in
432 3317 576 3381 acie,
610 3332 805 3371 coram
841 3314 1076 3387 agmine
1107 3312 1345 3368 Roberti
1374 3329 1388 3380 ;

336 3406 436 3478 qui
469 3405 517 3461 si
551 3404 749 3477 copias
780 3421 918 3459 suas
944 3407 1146 3458 contra
1176 3402 1611 3466 commovisset,

338 3500 649 3550 monuerat
680 3495 920 3549 fratrem
951 3493 1155 3547 cedere
1186 3491 1367 3546 effusa
1398 3492 1556 3562 fuga.

334 3584 574 3640 Interim
597 3585 789 3640 Caesar
822 3581 1063 3636 modico
1085 3597 1217 3636 cum
1253 3580 1441 3635 milite

331 3689 434 3743 per
463 3689 612 3728 caeca
643 3676 881 3743 reptans
908 3668 1180 3724 difﬁcilia
1202 3669 1329 3724 loca

331 3766 454 3817 tota
484 3760 731 3834 diripuit
764 3758 1152 3815 Barbarorum
1186 3763 1400 3826 castra,

330 3849 731 3921 quotquotibi
764 3849 980 3920 reperit
1010 3848 1139 3902 cassi
1174 3847 1390 3920 gladio.

331 3939 580 4011 Cognita
611 3954 674 3993 re
706 3938 1008 4004 barbarus,
1044 3940 1198 3992 metu
1231 3935 1520 3992 attonitus

329 4028 529 4083 animo
561 4027 738 4084 simul
772 4027 1114 4098 viribusque
1144 4025 1420 4096 concidit,

327 4117 641 4189 cunctique
673 4120 815 4172 sunt
846 4115 1065 4171 reversi
1093 4116 1151 4170 in
1184 4114 1437 4187 patriam
1474 4130 1641 4169 suam

328 4208 515 4263 risum
551 4204 783 4273 lucrati,
817 4205 935 4260 imo
967 4208 1024 4260 et
1055 4203 1465 4273 ignominiam.

328 4297 532 4353 Postea
558 4295 771 4364 Turca,
796 4294 886 4350 cui
923 4310 1134 4349 nomen
1165 4294 1445 4360 Tzachas,

323 4384 451 4442 Chii
478 4385 596 4454 jam
630 4384 928 4452 dominus,
965 4384 1249 4439 adornata
1279 4383 1489 4451 classe,

323 4479 567 4530 Samum
597 4480 651 4529 et
683 4473 936 4528 Lesbum
965 4477 1143 4545 atque
1177 4471 1445 4526 Rhodum
1492 4470 1668 4541 capit,

321 4563 585 4634 aliasque
619 4562 1032 4635 praefecturas;
1068 4561 1170 4616 sed
1207 4560 1345 4615 inde
1385 4558 1592 4630 pulsus

324 4650 540 4724 praeliis
574 4650 888 4707 maritimis
919 4670 950 4706 ιι
983 4649 1266 4705 Romanis
1299 4648 1430 4703 fuit.

319 4742 485 4797 Tunc
515 4740 691 4797 etiam
726 4742 951 4813 Cyprus
978 4739 1189 4795 defecit
1221 4739 1293 4793 ab
1340 4737 1586 4811 imperio

319 4835 606 4904 occupata
636 4830 907 4886 videlicet
938 4846 970 4884 a
1004 4828 1488 4900 Rhapson‘mato.

320 4921 595 4976 Fertiiem
632 4921 941 4991 insupater
970 4916 1333 4973 Cretensium
1358 4916 1612 4973 insulam

317 5010 565 5066 rabidus
596 5009 835 5081 quidam
869 5007 1115 5079 Caryces
1150 5005 1383 5061 rebellis

312 5099 366 5154 vi
397 5104 650 5169 captam,
685 5097 965 5153 dominus
996 5094 1175 5150 veluti
1210 5095 1527 5151 insidebat.

312 5187 633 5259 Utramque
666 5191 861 5242 tamen
895 5184 1152 5240 insulam
1184 5184 1432 5255 imperio

310 5276 517 5332 classis
551 5277 816 5332 Romana
847 5275 1041 5328 denuo
1074 5273 1355 5329 restituit.

308 5365 426 5421 Hoc
458 5366 814 5437 impetrante
845 5368 1088 5429 Caesare,
1121 5369 1289 5418 terra:
1324 5368 1519 5418 motus

306 5454 630 5509 admodum
664 5453 982 5511 vehemens
1015 5457 1188 5518 atque
1220 5453 1515 5507 terriﬁcus

306 5542 604 5612 speciosus
634 5544 838 5597 domos
866 5539 1207 5612 templaque
1240 5542 1553 5613 magniﬁca

307 5630 492 5686 diruit
520 5631 765 5701 passim,
791 5631 964 5702 vique
998 5647 1106 5685 sua
1138 5630 1428 5703 contrivit.

2028 461 2083 528 Α

2013 4559 2061 4621 D

2291 462 2368 518 Οὐ
2403 462 2709 537 χρημάτων
2740 460 2946 533 ἥττητο
2976 462 3064 516 καὶ
3096 459 3506 537 χρυσαργύρου,

2288 548 2413 605 Οὕτ⁹
2445 549 2507 605 αὖ
2541 554 2717 624 θυμοῦ
2747 564 2806 606 τε
2828 551 2917 605 καὶ
2951 547 3133 625 χόλου
3165 545 3548 628 φθισιϐρότου,

2288 639 2408 714 Οὐχ
2442 639 2753 711 ὑπερόπτης
2781 638 2870 694 καὶ
2903 634 3134 712 σοϐαρός
3164 660 3248 701 τις
3278 638 3545 713 τρόπους·

2109 728 2251 784 3480
2289 731 2354 785 Ἠ
2387 726 2750 805 δυσπρόσιτος
2775 730 2841 799 ἧν
2881 728 3145 800 ὑπηκόοις
3176 726 3342 799 ὅλως,

2289 819 2358 874 “Η
2388 818 2523 892 πρὸς
2554 818 2780 873 κόλασιν
2814 819 3199 892 ἀπαραιτήτως
3228 813 3374 892 ἔχων
3412 836 3425 850 ’

2291 905 2613 975 Ἐπικλινὴς
2643 905 2700 961 δὲ
2729 906 2864 982 πρὸς
2894 905 3318 984 φιλανθρώπους
3348 907 3612 982 τρόπους,

2290 998 2548 1072 Μέτριος,
2582 994 2739 1067 ἡδὺς,
2772 996 3115 1069 εὐπρόσιτος,
3150 996 3392 1071 χαρίεις,

2288 1089 2501 1158 Πτηνὸς
2529 1088 2814 1165 φρόνησιν,
2847 1087 3107 1162 ἀγχίνους
3139 1086 3175 1156 ἢ
3206 1086 3516 1162 κρυψίνους,

2108 1177 2252 1235 3485
2287 1178 2635 1253 Ὑπέρμαχος
2666 1175 2963 1239 κάλλιστος
2997 1174 3337 1253 όρθοδοξίας,

2288 1264 2503 1321 Δίαιταν
2532 1267 2700 1342 ἁορὰν
2733 1267 2797 1321 οὐ
2828 1271 3003 1344 φιλῶν
3037 1263 3154 1321 οὐδ’
3179 1263 3245 1321 αὖ
3274 1266 3477 1329 πότους
3512 1285 3524 1299 ’

2287 1354 2524 1432 ’Ἃνδρας
2557 1354 2783 1432 λογίους
2813 1355 3008 1431 ἀρετήν
3034 1357 3083 1408 τ’
3112 1354 3425 1426 ἠσκηκότας

2290 1440 2472 1499 Σέϐων
2505 1466 2564 1500 τε
2590 1449 2767 1517 τιμῶν
2800 1444 2888 1499 καὶ
2922 1443 3279 1520 προσανέχων
3315 1444 3514 1523 σφίσιν,

2288 1533 2559 1609 ’Ήγγελτο
2584 1532 2724 1604 τῷδε
2752 1538 2849 1588 τοῦ
2879 1534 3109 1609 κράτους
3143 1531 3496 1610 δεδραγμένῳ

2109 1627 2251 1680 3490
2286 1626 2379 1686 Ὣς
2403 1645 2486 1685 τις
2515 1622 2723 1687 Ἵταλὸς
2755 1625 3085 1699 Ῥομπέρτος
3115 1624 3453 1697 κεκλημένος

2286 1713 2381 1775 Εἰς
2411 1711 2724 1786 Δαλματίας
2754 1714 2852 1782 τήν
2886 1710 3221 1786 Ἐπίδαμνον
3255 1711 3417 1768 πόλιν

2287 1801 2392 1857 Σὺν
2419 1806 2642 1877 στρατιᾷ
2668 1809 2872 1876 κατῆρε
2891 1801 2980 1857 καὶ
3018 1803 3173 1878 βαρεῖ
3203 1800 3403 1876 στόλῳ.

2285 1892 2487 1962 ’Ἑξεισι
2516 1894 2697 1946 τοίνυν
2731 1890 3114 1967 ἐκστρατεύσας
3149 1892 3176 1946 ὁ
3207 1893 3447 1964 κράτωρ,

2289 1981 2386 2035 Καὶ
2418 1979 2538 2055 τῇδ’
2565 1980 2786 2045 ἐπιστὰς
2817 1978 3153 2053 συμπλακείς
3182 1982 3232 2034 τ’
3260 1979 3565 2054 ἀντιπάλῳ,

2107 2073 2248 2127 3495
2287 2072 2551 2148 Πέφευγεν
2586 2071 2741 2127 οὗτος
2775 2067 3054 2133 δυσκλεῶς
3084 2068 3141 2124 ἐκ
3168 2076 3269 2139 τῆς
3302 2071 3511 2144 μάχης,

2285 2163 2398 2228 Τῆς
2426 2162 2741 2232 Ῥωμαϊκῆς
2774 2165 3025 2232 στρατιᾶς
3058 2160 3376 2233 ἡττημένης
3404 2177 3416 2189 °

2284 2249 2383 2303 Καὶ
2419 2247 2673 2325 βασιλεὺς
2704 2249 2797 2321 μὲν
2826 2250 2925 2316 τὴν
2960 2249 3370 2304 Κωνσταντίνου
3410 2246 3597 2322 φθάνει
3632 2266 3644 2278 “

2282 2336 2349 2393 Οἱ
2381 2332 2655 2411 Βάρϐαροι
2691 2334 2746 2390 δὲ
2780 2336 2870 2390 σὺν
2906 2337 3217 2412 στρατάρχῃ
3245 2336 3570 2409 Ἱόμπέρτῳ

2281 2423 2685 2495 Λεηλατοῦντες
2718 2426 3004 2497 Ῥωμαϊκᾶ
3033 2425 3217 2499 χωρία

2104 2517 2245 2570 3500
2284 2516 2553 2587 Λάρισσαν
2584 2513 2734 2570 εἶλον
2766 2514 2857 2569 καὶ
2891 2513 3193 2589 Καστορίαν
3223 2511 3418 2576 πόλεις
3456 2534 3468 2546 ·

2282 2604 2480 2676 Ἕξεισι
2513 2602 2706 2659 λοιπὸν
2742 2604 2876 2658 κατὰ
2900 2604 3239 2675 Ῥομπέρτου
3271 2600 3437 2657 πάλιν

2278 2692 2440 2762 ’Άναξ
2466 2693 2494 2746 ὁ
2523 2690 2738 2753 κλεινὸς
2768 2690 2860 2745 σὺν
2896 2695 3119 2765 στρατιᾷ
3152 2690 3340 2764 μυρίᾳ,

2281 2779 2378 2835 Καὶ
2409 2778 2704 2855 Καστορίαν
2738 2775 3110 2853 ἀναλαμϐάνει
3141 2778 3330 2849 πάλιν,

2280 2869 2379 2924 Καὶ
2405 2871 2741 2944 Ῥομπέρτον
2774 2870 2980 2942 μέτεισι
3010 2866 3421 2944 δραματουργίᾳ
3452 2888 3465 2901 ’

2100 2961 2243 3015 3505
2280 2960 2471 3019 ’Όπως
2495 2979 2553 3013 τε
2585 2956 2765 3033 δρᾶμα
2798 2957 3216 3030 συμπέπλασται
3253 2955 3444 3033 ῥητέον
3482 2976 3494 2988 ·

2281 3053 2489 3123 Σχῆμα
2516 3047 2860 3120 περιτίθησιν
2888 3046 3115 3121 ἀρχικὸν
3148 3047 3365 3122 κράτωρ

2280 3136 2460 3191 Λύτοῦ
2489 3137 2536 3190 τ’
2570 3132 2790 3212 ἀδελφῷ
2819 3135 2907 3188 καὶ
2939 3135 3190 3208 στρατιὰν
3220 3132 3518 3209 προσνέμει

2283 3223 2384 3280 Καί
2415 3224 2466 3278 oi.
2496 3225 2633 3279 κατά
2663 3225 2911 3299 φάλαγγα
2940 3219 3105 3293 τήνδε
3132 3221 3474 3298 Ῥομπέρτου

2280 3316 2488 3378 Στῆσαι
2518 3310 2903 3386 παρηγγύησεν
2939 3306 3293 3382 εὐεπηϐόλως
3328 3331 3339 3343 ⁸

2105 3404 2247 3459 3510
2286 3399 2389 3456 Κᾶν
2428 3402 2521 3474 μὲν
2553 3403 2668 3455 κατ’
2700 3401 2862 3455 αὐτοῦ
2896 3405 3123 3475 συγκινῇ
3154 3402 3248 3463 τὰς
3285 3398 3571 3473 δυνάμεις,

2282 3489 2591 3565 Στρέψαντα
2621 3494 2763 3544 νῶτα
2790 3486 3179 3563 προτροπάδην
3215 3489 3509 3565 φυγγάνειν
3557 3507 3569 3522 ·

2280 3581 2358 3634 Δι’
2390 3581 2606 3658 ἀφανῶν
2640 3577 2697 3634 δὲ
2729 3574 3015 3634 δυσϐάτων
3046 3599 3104 3635 τε
3137 3577 3361 3653 χωρίων

2277 3671 2439 3742 Ἀναξ
2473 3666 2685 3731 διεκδὺς
2720 3667 2812 3723 σὺν
2846 3665 3100 3729 ὁπλίταις
3134 3669 3386 3743 βραχέσι,

2274 3758 2534 3831 Ληΐζεται
2566 3760 2784 3835 χάρακα
2811 3758 2980 3812 πάντα
3014 3752 3355 3832 βαρϐάρων,ἐ

2096 3849 2239 3904 3515
2277 3849 2382 3904 Καὶ
2410 3848 2539 3910 τοὺς
2571 3848 2622 3903 ἐν
2658 3847 2802 3920 αύτῷ
2830 3844 3169 3923 παραδίδωσι
3201 3845 3338 3923 ξίφει
3375 3866 3386 3878 ·

2272 3938 2338 3995 ’Ὀ
2366 3932 2648 4010 Βάρϐαρος
2681 3935 2843 4011 γνοὺς
2877 3934 3155 4010 συσχεθεὶς
3189 3935 3395 4008 ἀθυμίᾳ

2273 4032 2505 4103 Παρεῖτο
2539 4032 2728 4102 χεῖρας
2760 4025 2850 4080 καὶ
2884 4022 3049 4098 δέμας
3079 4024 3169 4079 καὶ
3198 4022 3443 4101 καρδίαν,

2274 4116 2378 4172 Καὶ
2405 4117 2601 4179 πάντες
2628 4115 2921 4190 ἀπῲχοντο
2956 4115 3092 4187 πρὸς
3122 4118 3268 4193 σφῶν
3302 4111 3535 4188 πατρίδα

2273 4204 2606 4282 Ὠφληκότες
2637 4203 2873 4279 γέλωτα,
2908 4205 3044 4279 πρὸς
3078 4200 3124 4258 δ’
3157 4202 3221 4257 αὖ
3245 4201 3523 4278 αῗσχύνηνν
3554 4223 3563 4231 ·

2095 4297 2235 4350 3520
2274 4294 2378 4350 Καὶ
2409 4296 2659 4369 Τοῦρκος
2692 4292 2843 4356 αὖθις
2878 4297 3101 4369 Τζαχᾶς
3126 4314 3209 4355 τις
3238 4290 3582 4365 κεκλημένος

2271 4383 2404 4439 Χίον
2431 4382 2721 4460 κατασχὼν
2757 4383 2843 4438 καὶ
2872 4382 3067 4438 στόλον
3099 4381 3422 4456 καταρτίσας

2271 4475 2427 4550 Αἱρεῖ
2461 4474 2648 4547 Σάμον
2681 4467 2885 4528 Λέσϐον
2918 4494 2977 4527 τε
3000 4473 3199 4543 νήσους
3231 4470 3320 4525 καὶ
3350 4468 3565 4540 Ῥόδον,

2266 4561 2478 4623 ’Ἃλλας
2510 4584 2566 4617 τε
2600 4560 2932 4633 δεσποτείας,
2965 4558 3288 4634 ἐξελήλαται
3320 4556 3484 4613 πάλιν

2268 4656 2565 4724 Ῥωμαϊκῷ
2596 4649 2778 4725 στόλῳ
2808 4650 2898 4706 καὶ
2928 4651 3231 4726 ναυμαχίᾳ.

2090 4742 2232 4796 3525
2270 4741 2594 4795 Ἀποστατεῖ
2624 4738 2680 4796 δὲ
2709 4741 3006 4812 τηνικαῦτα
3034 4740 3126 4795 καὶ
3160 4740 3383 4815 Κύπρος

2262 4834 2371 4887 Τοῦ
2402 4831 2797 4903 Ῥαψομμάτου
2827 4827 2992 4900 τήνδε
3019 4830 3453 4905 κατεσχηκότος.

2266 4918 2369 4975 Καὶ
2400 4917 2564 4973 πάλιν
2596 4918 2935 4994 ἀμφίῤῥυτον
2970 4914 3198 4995 εὔφορον
3233 4919 3455 4988 Κρήτην

2261 5008 2425 5082 Ἀνὴρ
2460 5008 2711 5083 Καρύκης
2746 5003 3024 5077 δυσμενὴς
3055 5006 3373 5075 ἀποστάτης

2260 5097 2357 5168 Bia;
2386 5095 2701 5172 κατασχὼν,
2739 5097 2856 5171 εἶχε
2885 5096 3021 5171 πρὸς
3052 5096 3334 5151 κατοικίαν
3366 5113 3380 5126 ·

2078 5188 2220 5242 3530
2260 5185 2607 5255 Ἐπανεσώθη
2643 5182 2690 5238 δ’
2722 5183 2875 5249 αὖθις
2908 5180 3162 5239 Αὐσόνων
3195 5185 3379 5259 κράτει

2254 5277 2455 5345 Νήσων
2492 5271 2619 5338 δυὰς
2650 5275 2783 5345 αὕτη
2816 5296 2875 5350 γε
2907 5273 3197 5347 Ῥωμαίων
3229 5273 3428 5347 στόλῳ.

2252 5363 2455 5418 Τούτου
2486 5368 2809 5438 κρατοῦντος
2841 5364 2930 5419 καὶ
2962 5362 3161 5427 κλόνος
3193 5368 3299 5439 γῆς
3334 5357 3556 5433 συνέϐη,

2255 5454 2488 5527 Σεισμός
2520 5475 2578 5509 τε
2609 5451 2784 5516 δεινὸς
2816 5455 2907 5509 καὶ
2940 5452 3062 5509 λίαν
3097 5454 3410 5531 φρικαλέος.

2249 5543 2359 5620 Ὑφ’
2391 5543 2453 5597 οὗ
2485 5540 2650 5598 καλοὶ
2685 5540 2849 5615 δόμοι
2871 5564 2930 5598 τε
2961 5544 3050 5598 καὶ
3085 5543 3204 5598 ναοὶ
3240 5542 3381 5614 ξένοι

2072 5636 2213 5691 3535
2252 5632 2654 5695 Καταπεσόντες
2687 5628 3072 5708 συνετρίϐησαν
3111 5633 3204 5707 βίᾳ
3234 5651 3247 5663 ο

3662 343 3682 393 t
3698 338 3766 393 i0
