4140 6406
316 375 418 430 141

502 505 840 578 Συνηρεφεῖς
867 521 928 556 τε
954 501 1046 556 καὶ
1079 505 1279 580 μακραὶ
1310 507 1464 560 στοαί
1497 508 1661 560 πάλιν

503 601 714 651 Πτῶσιν
747 603 1013 661 παθοῦσαι
1046 599 1356 676 συνέχωσαν
1392 602 1678 665 ἀπλέτους,

500 687 605 741 Καὶ
641 688 974 755 Πατζινάκαι
1007 692 1270 753 Σκυθικὸν
1298 692 1462 746 πάλιν
1498 692 1646 757 ἔθνος

494 775 710 849 Θρᾴκης
743 775 923 850 ἐπῄει,
953 777 1288 842 Μακεδονίας
1320 781 1499 854 ὅρους,

305 865 458 920 3540
499 863 686 918 Αὐτῶν
721 866 892 937 νομάς
923 888 981 920 τε
1009 870 1099 922 καί
1129 870 1330 932 τόπους
1360 869 1704 933 λελοιπότες.

492 950 670 1009 Ἀλλᾶ
699 955 818 1008 κατ’
848 955 1022 1010 αὐτῶν
1058 956 1442 1028 ἐκστρατεύσας
1473 961 1500 1013 ὁ
1541 964 1756 1034 κράτωρ

495 1041 596 1098 Καὶ
629 1041 994 1115 συμπλακεὶς,
1026 1045 1232 1117 ἥττητο
1263 1049 1446 1103 τοῖσδε
1479 1045 1800 1124 Βαρϐαἱροις,

488 1132 576 1192 ’.Ως
609 1138 954 1207 στρατιωτῶν
981 1140 1097 1196 τοῖς
1127 1136 1321 1198 ὅπλοις
1353 1139 1717 1205 πεποιθότων,

491 1221 589 1274 Καὶ
627 1223 702 1293 μὴ
734 1225 937 1294 νικητῇ
963 1228 1040 1296 τῷ
1072 1230 1190 1296 Θεῷ
1219 1226 1404 1282 καλῶν
1441 1227 1590 1302 δότῃ.

298 1309 689 1363 351σ-’κι
959 1312 968 1328 ν
1158 1314 1646 1352 .-ν’-’νηρ-

381 1329 450 1364 ιω
492 1315 585 1362 Καί
619 1310 786 1365 παλιν
816 1311 1130 1386 ἐστρατευσε
1161 1335 1256 1368 και
1309 1337 1486 1370 αυτων
1520 1338 1669 1387 αιας,

489 1399 585 1454 Καὶ
620 1401 898 1474 σώφρονός
930 1424 988 1476 γε
1022 1409 1271 1478 στρατιᾶς
1300 1404 1650 1482 δεδειγμένης

486 1488 687 1558 Ῥοπῆς
718 1511 775 1544 τε
801 1491 948 1553 θείας
980 1491 1204 1555 ἐλπίδας
1235 1493 1521 1568 ἐξαψάσης,

487 1578 774 1650 Συμμίξας
808 1580 993 1642 αὐτοῖς
1026 1581 1209 1653 ἐκνικᾷ
1237 1585 1373 1638 κατὰ
1401 1585 1618 1658 κράτος,

485 1666 581 1719 Καὶ
616 1672 760 1743 σφῶν
794 1669 854 1722 τὸ
889 1668 1103 1739 πλῆθος
1133 1671 1465 1745 ἐκΟερίζουσι
1491 1675 1628 1747 ξίφει
1663 1695 1674 1707 ⁸

287 1759 441 1812 3550
481 1755 720 1820 Ἄλλους
752 1753 799 1810 δ’
830 1759 1045 1821 ἑλόντες
1075 1761 1473 1836 αἰχμαλώτους
1503 1763 1554 1817 ἐν
1591 1763 1742 1839 μάχῃ

471 1844 800 1918 ’ῌρημένοις
831 1854 967 1925 σφᾶς
995 1848 1244 1905 ἀπέδοντ’
1276 1853 1560 1926 ἀργυρίου.

478 1934 541 1990 Ὀ
572 1930 620 1988 δ’
652 1934 1002 2012 αὐτοκράτωρ
1035 1938 1094 1992 ἐκ
1127 1942 1350 1994 Σκυθῶν
1385 1940 1681 2016 ἀποκρίνας

473 2025 638 2085 Νέους
671 2031 1005 2101 σφριγῶντας
1037 2027 1300 2094 εὐσθενεῖς
1324 2031 1413 2084 καὶ
1449 2031 1732 2106 μαχίμους

475 2112 560 2165 Ἐν
591 2112 882 2188 Μογλένων
916 2113 1082 2187 ᾤκισε
1106 2119 1320 2181 τούτοις
1354 2119 1607 2195 χωρίοις,

284 2200 435 2253 3555
475 2199 691 2254 Οἷκεῖόν
727 2203 778 2255 οἱ
804 2202 1081 2278 σύνταγμα
1111 2207 1334 2268 τούτους
1367 2206 1620 2276 καλέσας,

468 2291 532 2342 Οἳ
564 2291 650 2344 καὶ
690 2291 856 2366 μέχρι
890 2291 980 2347 νὺν
1015 2295 1120 2349 ἀπὸ
1154 2295 1438 2371 Μογλένου
1467 2299 1638 2351 τόπου

465 2384 602 2433 Ilio:
637 2378 925 2436 καλοῦνται
951 2383 1524 2458 Μογλενοπατζινάκαι
1536 2433 1548 2444 .

466 2469 563 2522 Καὶ
596 2471 819 2544 στρατιά
845 2493 932 2534 τις
962 2473 1185 2528 Ἰταλῶν
1223 2475 1271 2548 ἐξ
1301 2477 1526 2550 ἑσπέρας

459 2557 664 2612 ’Λνεισι
701 2557 964 2633 βαδίσασα
992 2562 1130 2636 πρὸς
1160 2563 1480 2633 Βυζαντίδα,

276 2646 430 2699 3560
469 2647 717 2720 ’Έχουσα
745 2647 808 2702 τὸ
834 2653 1118 2724 πρόθυμον
1154 2653 1227 2714 ὡς
1260 2655 1394 2730 πρὸς
1423 2657 1520 2722 τήν
1552 2652 1624 2709 ἕω
1659 2672 1670 2686 ⁸

461 2736 562 2796 Ἠς
594 2737 904 2810 συγκίνησιν
940 2739 1192 2816 ἐμφανῶς
1223 2743 1530 2817 προμηνύει

458 2822 682 2891 Πληθὺς
711 2824 949 2899 ἀκρίδων
983 2828 1208 2903 ἑσπέρας
1236 2833 1372 2904 πρὸς
1401 2834 1500 2901 τήν
1533 2829 1628 2901 ἕω,

459 2911 557 2966 Διά
585 2934 643 2968 τε
674 2915 910 2989 Θρᾴκης,
942 2916 1272 2981 Μακεδονίας
1306 2921 1447 2996 ὅρων

458 3005 571 3072 Τὴν
602 3003 778 3080 ἀέριον
814 3014 1010 3076 πτῆσιν
1038 3009 1454 3086 ἐξεργασαίιένη.

269 3093 419 3148 3565
459 3094 726 3168 Φράγγων
755 3095 908 3168 ὅμως
939 3099 1247 3171 στράτευμα
1275 3103 1521 3174 πορθμὸν
1553 3097 1729 3172 διέϐη,

463 3181 776 3258 Έφίσταται
810 3181 867 3238 δὶ
895 3189 964 3258 τῇ
992 3187 1236 3242 Νικαέων
1268 3188 1427 3243 πόλει

457 3271 621 3343 Χερσὶ
655 3271 914 3343 Τούρκων
949 3271 1203 3349 αἶ’σχιστα
1230 3279 1632 3354 τυραννουμένῃ
1671 3299 1684 3311 ·

457 3359 562 3414 Καὶ
595 3359 684 3414 σὺν
719 3363 909 3437 χρόνῳ
942 3361 999 3416 δὲ
1029 3365 1117 3418 καὶ
1157 3368 1310 3442 μάχῃ
1345 3367 1612 3443 φρικκλέᾳ

459 3454 647 3524 Φθορᾷ
676 3471 734 3504 τε
763 3450 952 3526 πολλῇ
984 3453 1122 3528 πρὸς
1159 3460 1336 3526 μερῶν
1369 3457 1631 3532 ἑκατέρων

300 3540 373 3560 ..ο-η
602 3543 627 3552 «-
822 3541 832 3560 ν
1040 3543 1053 3560 ε
1179 3541 1216 3562 νε
1426 3546 1439 3562 \
1559 3546 1569 3564 ι

300 3541 413 3593 010
455 3539 688 3612 Αἱρουσι
718 3545 964 3615 Φραγγοι
995 3563 1093 3608 την
1123 3557 1285 3597 πολιν
1313 3566 1449 3599 κατα
1473 3567 1690 3620 κρατος,

457 3628 554 3681 Καὶ
588 3633 668 3699 τῷ
702 3628 917 3704 βασιλεῖ
945 3628 1110 3701 τήνδε
1139 3635 1370 3688 πολλῶν
1405 3655 1513 3709 χρη
1529 3636 1710 3707 μάτων

454 3716 876 3789 Ἀπεμπολοῦσι
905 3720 993 3774 καὶ
1027 3727 1386 3796 προχωροῦσι
1417 3724 1606 3798 πρόσω
1631 3745 1643 3756 ⁸

453 3805 559 3861 Καὲ
591 3802 997 3881 προσϐαλόντες
1028 3811 1318 3886 Ἀντιόχου
1347 3817 1415 3886 τῇ
1449 3813 1610 3868 πόλει

456 3895 718 3970 Αἱροῦσιν
755 3896 923 3966 αὐτὴν
950 3906 1230 3973 μηχαναῖς
1259 3923 1315 3955 τε
1345 3903 1433 3955 καὶ
1470 3903 1624 3980 μάχῃ
1657 3925 1668 3937 ο

251 3987 413 4042 3575
450 3985 588 4040 Μεθ’
613 3986 673 4052 ἣν
707 3985 908 4058 ἀγῶσιν
942 3986 1191 4062 ἰσχυροῖς
1225 4010 1279 4043 τε
1308 3991 1396 4045 καὶ
1431 3993 1584 4067 μάχῃ

457 4073 556 4128 Καὶ
590 4075 686 4141 τήν
722 4074 865 4128 Σιὼν
897 4077 1107 4150 αἱροῦσι
1139 4079 1238 4147 τήν
1271 4085 1403 4133 Θεοῦ
1434 4081 1594 4136 πόλιν
1632 4103 1645 4115 ο

455 4171 495 4218 Κ
539 4163 552 4182 \
584 4165 598 4180 ο
676 4175 700 4184 ,ο
779 4169 806 4180 η
851 4162 875 4182 ’κ
1028 4166 1053 4200 :7
1207 4169 1218 4186 ἱ
1562 4173 1579 4202 ί

502 4185 556 4218 αι
603 4169 962 4236 Ραιμουνοος,
993 4188 1054 4220 ου
1085 4188 1264 4240 πατηρ
1296 4170 1360 4238 ἦν
1399 4177 1732 4247 Ρομπιρτος,

452 4251 576 4307 Τῶν
609 4254 734 4326 παρ’
761 4253 997 4316 Ἰταλοῖς
1033 4257 1107 4319 εἷς
1137 4254 1422 4329 ἐπισήμων
1451 4259 1652 4332 πέλων,

455 4341 666 4404 Πίστεις
689 4341 952 4414 ἐνόρκους
981 4339 1110 4419 ἔδρα
1139 4347 1274 4420 πρὸς
1311 4347 1537 4422 βασιλέα

253 4435 412 4489 3530
454 4432 570 4498 Τὴν
603 4429 668 4499 δὴ
697 4432 833 4506 πρὸς
866 4433 1026 4488 αὐτὸν
1061 4433 1399 4506 έμπεδούσας
1433 4438 1617 4513 φιλίαν

454 4520 560 4576 Καὶ
590 4517 854 4591 δουλικὴν
890 4519 1102 4578 εὔνοιαν
1133 4524 1216 4578 ἀεί
1240 4527 1328 4580 καὶ
1363 4528 1569 4602 σχέσιν.

450 4611 614 4664 ’Ὁθεν
650 4606 834 4665 λαϐὼν
863 4613 1127 4686 χρήματα
1157 4615 1294 4688 πρὸς
1331 4617 1625 4684 βασιλέως,

453 4696 552 4754 Καὶ
587 4695 795 4772 δωρεὰς
826 4701 890 4753 αὖ
921 4700 1241 4778 φιλοτιμίας
1275 4704 1441 4774 ξένας,

451 4786 603 4860 Ηρὸς
637 4787 835 4862 Συρίαν
871 4789 1128 4863 ὥρμησεν
1161 4792 1250 4845 καί
1285 4791 1534 4848 Κιλικίαν
1572 4817 1584 4828 ·

256 4878 411 4932 3585
449 4877 566 4943 Τῆς
602 4872 649 4929 δ’
679 4877 974 4952 Ἀντιόχου
1005 4884 1422 4954 κατακρατήσας
1459 4884 1634 4960 μάχῃ,

449 4961 555 5025 Οὓς
589 4965 738 5039 εἶχεν
772 4967 969 5042 ὅρκους
1001 4966 1139 5043 πρὸς
1177 4969 1450 5045 βασιλέας,
1487 4971 1685 5047 δράσας

456 5052 708 5117 Σπονδάς
736 5078 794 5112 τε
826 5058 1052 5133 φρικτᾶς
1084 5061 1370 5132 ἡθετηκὼς
1403 5063 1614 5136 αὐτίκα,

449 5143 760 5207 Ἀσπονδος
792 5147 995 5222 ἐχθρὸς
1028 5149 1216 5225 εὑρέθη
1249 5152 1577 5226 Ῥωμαίδος.

451 5233 550 5287 Ἐκ
577 5236 684 5286 τῶν
716 5234 867 5305 έῴων
896 5241 1182 5312 τοιγαροῦν
1211 5240 1346 5313 πρὸς
1374 5241 1598 5318 ἑσπέραν

248 5323 409 5379 3590
449 5318 693 5377 Μέλλων
720 5323 966 5398 ἀπαίρειν
994 5327 1028 5394 ἡ
1066 5321 1304 5397 βέϐηλος
1329 5327 1542 5404 καρδία,

446 5409 632 5466 Αὐτοῦ
659 5412 1029 5484 κατεψεύσανο
1060 5415 1288 5470 θάνατον
1321 5414 1501 5492 φόϐῳ.

446 5498 539 5559 Ὠς
570 5500 762 5576 νεκρὸς
795 5499 886 5554 οὖν
921 5499 1151 5565 ἐντεθεὶς
1189 5504 1515 5579 ἐψευσμένος

445 5589 515 5644 Ἠ
548 5589 740 5666 νεκρὸς
773 5587 1013 5662 ἔμπνους
1045 5589 1385 5667 λαρνακιδίῳ
1420 5595 1551 5652 τότε

442 5678 698 5748 Ἀπῆκτο
735 5681 925 5755 χερσὶν
961 5681 1186 5736 οἰκετῶν
1220 5684 1355 5759 πρὸς
1385 5683 1618 5760 πατρίδα

1897 382 2147 439 CAESAR
2157 388 2255 440 ES.

2007 511 2062 573 Α
2093 508 2240 564 Τυιη
2273 527 2405 565 vero
2437 529 2628 584 opaca:
2661 515 3017 587 prolixaeque
3053 517 3315 587 porticus

2087 602 2284 653 stratae
2316 601 2588 658 mortales
2621 609 3042 675 oppresserunt
3064 606 3374 676 plurimos.

2084 688 2156 741 At
2185 687 2502 744 Palzinacaz
2536 691 2804 760 Scythica
2837 709 2982 763 gens
3011 694 3203 748 denuo

2083 777 2388 847 Thraciam
2425 780 2736 835 vastabant
2768 786 2945 851 atque
2971 782 3369 837 Micedoniam

2084 867 2210 921 suis
2242 868 2464 924 relictis
2492 871 2701 941 patriis
2731 877 2908 943 atque
2938 874 3198 943 pascuis.

2081 960 2296 1012 Contra
2327 958 2433 1014 hos
2461 960 2743 1031 correptis
2775 961 2956 1016 armis
2985 962 3324 1032 imperator,

2083 1061 2258 1100 manu
2285 1054 2575 1110 conserta,
2607 1050 2795 1104 victus
2827 1055 2915 1104 est
2947 1068 2979 1104 a
3012 1052 3301 1117 Barbarie,

2081 1135 2219 1204 quia
2247 1136 2430 1190 nostri
2465 1137 2702 1192 millites
2733 1140 3105 1194 conﬁdebant
3135 1142 3337 1208 armis,

2079 1239 2194 1278 non
2226 1229 2342 1280 Deo
2383 1226 2600 1281 victore
2625 1229 3032 1299 bonorumque
3061 1234 3312 1286 auctore.

2079 1313 2305 1368 Rursus
2339 1315 2631 1385 profectus
2661 1323 2865 1372 contra
2890 1319 3126 1372 eosdem
3159 1321 3350 1374 Cresar

2077 1403 2341 1457 modesto
2374 1421 2503 1458 cum
2540 1407 2796 1460 exercitu
2839 1411 3016 1477 atque
3052 1408 3143 1477 pio

2074 1495 2130 1540 et
2159 1489 2254 1558 qui
2287 1488 2587 1545 victoriam
2622 1492 2849 1545 rcelitus
2879 1494 3172 1563 sperabat,

2071 1575 2216 1632 inito
2251 1579 2447 1648 praelio
2481 1581 2793 1644 debellavit
2827 1581 3047 1649 hostes,

2072 1683 2505 1739 numerumque
2550 1671 2871 1740 plurimum
2907 1671 3100 1741 gladio
3127 1672 3417 1727 messuit:

2070 1753 2356 1826 reliquam
2392 1763 2621 1828 captam
2653 1758 2787 1812 belli
2815 1760 2951 1829 jure
2982 1761 3218 1814 turbam

1990 1875 2036 1937 Β
2066 1843 2250 1899 victor
2279 1845 2567 1900 exercitus
2601 1849 2710 1901 sub
2744 1865 2958 1903 corona
2991 1849 3270 1905 vendidit.

2064 1935 2135 1987 At
2165 1933 2485 2005 imperator
2512 1937 2620 1990 sibi
2657 1937 2727 1990 de
2759 1938 2992 2008 Scythis
3025 1938 3168 2009 legit

2058 2021 2300 2077 eximios
2328 2025 2576 2093 juvenes
2609 2026 2857 2093 validos,
2891 2044 3190 2097 pugnaces

2057 2129 2201 2182 quos
2227 2113 2283 2166 in
2320 2114 2551 2186 regione
2586 2117 2782 2184 posuit
2806 2115 2961 2170 dicta
2995 2117 3279 2188 Mogleno,

2055 2219 2224 2256 suam
2257 2203 2411 2257 hanc
2442 2203 2746 2275 appellans
2788 2205 3171 2276 perculiarem
3208 2223 3490 2278 manum;

2052 2293 2147 2348 hic
2183 2311 2337 2348 nunc
2369 2295 2542 2349 etiam
2577 2315 2610 2350 a
2641 2296 2893 2351 statione
2925 2298 3170 2369 Mogleni

2050 2381 2218 2451 vulgo
2251 2381 2626 2454 appellantur
2656 2385 3290 2457 Moglenopatizinacis.

2048 2472 2128 2525 En
2162 2476 2358 2526 autem
2383 2471 2561 2528 Italus
2591 2490 2660 2527 ex
2689 2476 2991 2530 occidente
3018 2475 3306 2531 exercitus

2049 2561 2351 2630 processit,
2388 2562 2592 2616 urbem
2628 2564 2697 2616 ad
2739 2564 3123 2634 Byzantinam
3157 2567 3423 2631 tendens,

2044 2650 2145 2703 sed
2179 2650 2490 2704 orientales
2520 2667 2731 2705 cursus
2769 2657 2970 2720 petens
2997 2653 3223 2724 plagas.

2043 2739 2230 2809 Hujus
2264 2739 2559 2810 portendit
2585 2740 2893 2796 manifeste
2927 2748 3155 2797 motum

2039 2829 2127 2883 vis
2158 2827 2518 2883 locustarum
2555 2829 2763 2900 ingens
2793 2847 2860 2884 ex
2892 2831 3177 2901 hesperiis

2040 2934 2176 2972 eoos
2208 2925 2408 2988 petens
2438 2917 2618 2984 locos,
2653 2936 2718 2973 ac
2751 2918 3008 2974 volatum

2041 3024 2142 3078 per
2167 3006 2564 3062 Macedoniam
2598 3007 3027 3078 Thraciamqne
3058 3009 3339 3081 dirigens.

2036 3100 2392 3149 Francorum
2428 3112 2661 3166 quoque
2693 3096 3018 3150 excercitus
3051 3097 3263 3153 fretum
3295 3101 3534 3155 transiit

2047 3191 2214 3255 atque
2247 3185 2541 3239 Niczsnam
2577 3186 2779 3239 urbem
2812 3186 3193 3241 circumsedit

1963 3243 2010 3308 ϐ
2047 3275 2367 3329 Turcarum
2403 3273 2676 3328 manibus
2709 3275 2956 3345 turpiter
2985 3292 3328 3347 oppressam
3356 3295 3370 3344 ;

2047 3380 2221 3436 quam
2254 3363 2552 3417 diuturnis
2586 3363 2958 3435 horridisque
2991 3365 3208 3436 pugnis

2046 3453 2350 3523 multoque
2381 3451 2658 3522 utrinque
2687 3452 2942 3506 militum
2986 3454 3210 3509 excidio

2042 3548 2435 3615 expugnatam
2480 3541 2683 3597 Franci
2711 3560 2811 3613 per
2840 3542 2956 3597 vim
2988 3561 3305 3615 summam,

2040 3633 2248 3688 Caesari
2281 3649 2462 3700 graeco
2487 3633 2673 3688 multo
2707 3649 2953 3703 repenso
2985 3634 3172 3705 pretio

2043 3722 2518 3788 divendidcrunt,
2557 3727 3054 3794 perrexeruntque
3087 3723 3336 3780 ulterius
3365 3743 3378 3779 :

2043 3811 2336 3882 delatique
2377 3810 2447 3863 ad
2485 3810 2689 3864 urbem
2722 3810 3115 3880 Antiochiam,

2042 3901 2194 3956 hanc
2226 3898 2474 3953 artiﬁcio
2508 3903 2563 3952 et
2595 3898 2811 3968 praeliis
2841 3901 3242 3958 obtinuerunt.

2041 3989 2314 4045 Posthinc
2345 3987 2726 4043 certaminum
2767 3988 3191 4060 magnolabore

2040 4080 2272 4134 Sionem
2299 4091 2527 4146 quoque
2559 4081 2841 4147 ceperunt
2872 4077 3071 4131 urbem
3111 4079 3232 4133 Dci.

2040 4171 2185 4224 Tum
2215 4172 2272 4222 et
2303 4165 2669 4222 Raimundus
2698 4165 2854 4218 ﬁlius
2887 4166 3143 4232 Roberti,

2042 4257 2256 4314 nobilis
2289 4255 2469 4312 Italus
2492 4253 2703 4310 Caesari
2736 4259 2936 4310 nostro
2958 4254 3135 4310 ﬁdem

2033 4351 2298 4421 juratam
2331 4345 2492 4400 dedit
2519 4345 2638 4399 fore
2673 4348 2737 4398 ut
2759 4344 3080 4400 amicitiam

2041 4442 2386 4511 perpetuam
2421 4451 2618 4490 secum
2653 4433 2884 4500 coleret,
2909 4437 2968 4490 et
2998 4435 3348 4508 obsequium

2042 4527 2233 4584 devoti
2266 4525 2445 4581 animi
2479 4523 2982 4594 reverentiamque
3012 4523 3275 4582 haberet.

1969 4613 2011 4676 D
2045 4616 2128 4671 Ob
2159 4614 2215 4667 id
2248 4616 2484 4683 accepta
2514 4627 2546 4664 a
2575 4615 2798 4665 Caesare
2829 4611 3098 4682 pecunia,

2045 4703 2214 4760 donis
2246 4702 2487 4756 affectus
2510 4699 2884 4771 insolitisque
2915 4700 3262 4771 honoribus,

2045 4792 2308 4867 perrexit
2336 4791 2396 4845 in
2429 4788 2692 4845 Ciciliam
2727 4806 2982 4860 moxque
3018 4790 3075 4844 in
3107 4792 3359 4864 Syriam.

2047 4888 2145 4939 Ast
2174 4879 2483 4936 Antiochia
2513 4878 2742 4933 fortiter
2771 4878 3013 4949 potitus.

2046 4989 2224 5046 quam
2267 4968 2388 5041 regi
2421 4967 2997 5038 obtuleratjuratam
3035 4969 3207 5026 ﬁdem

2047 5076 2400 5130 sacrumque
2432 5057 2620 5112 fcedus
2652 5056 2804 5111 illico
2835 5055 3060 5122 fefellit,

2049 5153 2336 5225 perﬁdum
2371 5149 2594 5202 hostem
2629 5153 2812 5200 semet
2835 5145 3079 5216 imperio
3112 5149 3414 5209 exhibens.

2048 5249 2177 5298 Mox
2207 5241 2280 5294 ab
2310 5238 2532 5292 oriente
2565 5251 2770 5289 rursus
2799 5234 2858 5288 in
2891 5235 3230 5307 Hesperiam

2049 5333 2224 5388 homo
2248 5327 2530 5383 scelestus
2565 5341 2696 5378 cum
2728 5323 3024 5380 rediturus
3057 5337 3231 5396 esset,

2053 5425 2322 5477 metuens
2345 5415 2478 5482 sibi,
2515 5417 2763 5468 mortem
2797 5413 3116 5470 simulavit.

2053 5511 2202 5579 Ergo
2227 5502 2441 5570 fallaci,
2477 5504 2755 5570 tanquam
2791 5508 3080 5573 mortuus,
3113 5505 3244 5562 dolo

2055 5599 2143 5656 vel
2178 5590 2573 5650 moribundus
2605 5591 2879 5646 conditur
2908 5593 2964 5646 in
3001 5610 3177 5666 capsa

2057 5696 2233 5762 atque
2266 5685 2347 5740 ita
2379 5699 2411 5736 ει
2445 5680 2685 5736 famulis
2719 5682 2979 5740 defertur
3010 5685 3067 5738 in
3112 5687 3363 5756 patriam

3639 395 3749 452 142
