4140 6448
358 388 462 443 143
1566 388 1939 442 ΕΡΗΒΕΜΙΙ
1978 388 1993 436 ι

1566 388 1939 442 ΕΡΗΒΕΜΙΙ
1978 383 2552 439 CHRONOGRAPHI

357 512 507 570 falso
538 512 870 571 dicentibus
902 515 1203 569 mortuum
1237 511 1396 568 hunc
1426 528 1577 569 esse.

358 603 507 661 Cum
538 603 623 659 sic
655 602 715 658 in
746 602 1000 674 patriam
1032 601 1323 658 evasisset
1358 606 1515 670 astu,

357 691 573 749 Caesari
596 690 850 748 multum
881 690 1230 747 obtrectavit
1258 695 1498 760 temere,

361 785 829 854 congregatoque
859 781 1115 836 exercitu
1150 778 1358 835 Latino

361 872 432 927 ad
465 870 826 943 Epidaurum
859 870 1068 926 urbem
1100 868 1342 924 classem
1376 867 1625 940 appulit,

359 960 659 1032 hujusque
691 958 906 1014 mmnia
938 956 1227 1013 machinis
1258 956 1554 1029 pulsabat.

359 1049 470 1106 Sed
495 1065 599 1121 spe
629 1048 947 1104 frustratus
972 1063 1105 1102 cum
1139 1045 1288 1102 nihil
1320 1046 1651 1118 proﬁceret,

358 1139 578 1195 omisso
608 1137 781 1208 bello,
806 1136 990 1191 mittit
1015 1135 1390 1208 legationem,

368 1232 425 1284 et
447 1228 762 1299 impetrato
792 1224 1033 1281 Caesaris
1064 1223 1384 1295 colloquio,

361 1318 550 1373 foedus
575 1332 708 1372 cum
742 1315 871 1387 ipso
902 1314 1095 1370 denuo
1136 1328 1465 1385 pacemque
1498 1312 1653 1368 facit.

359 1404 791 1479 Bogomilarum
821 1404 931 1460 sub
965 1403 1166 1459 Alexio
1199 1402 1439 1458 haeresis

358 1495 550 1551 invisa
579 1494 696 1551 Deo
726 1492 965 1550 emersit
993 1498 1052 1547 et
1081 1490 1485 1560 exsecrabilis,

359 1585 529 1655 cujus
557 1582 813 1639 Basilius
845 1582 1082 1654 quidam
1117 1586 1321 1637 auctor
1352 1585 1498 1652 erat,

357 1674 623 1729 medicus
644 1670 820 1744 vulgo
853 1669 1070 1737 dictus,
1105 1668 1375 1725 minister
1405 1671 1652 1734 Satanae,

359 1760 458 1833 qui
489 1759 641 1816 clam
675 1758 989 1831 permultis
1024 1762 1245 1829 pestem
1281 1774 1450 1814 suam
1484 1759 1748 1826 afflabat,

360 1855 537 1923 atque
567 1848 880 1905 animabus
909 1848 1188 1919 dogmata
1215 1848 1479 1904 exitiosa.

360 1940 463 1997 Hic
494 1938 715 1995 multos
736 1953 921 1994 annos
948 1936 1058 1992 hac
1085 1936 1333 2008 illacque
1364 1954 1631 2006 cursans,

361 2030 523 2086 orbis
549 2026 878 2102 provincias
909 2041 1085 2097 atque
1110 2026 1283 2081 urbes
1327 2042 1667 2099 peragrans,

365 2117 521 2175 tristi
555 2120 919 2189 postremum
954 2115 1156 2191 omine
1184 2115 1520 2171 adventavit

364 2207 425 2263 in
456 2203 860 2277 hancimperii
893 2203 1213 2260 maximam
1247 2203 1633 2277 metropolim.

364 2297 476 2353 Sed
507 2297 827 2367 imperator
856 2293 1214 2350 orthodoxiae
1245 2298 1419 2349 tenax

360 2385 622 2444 hominis
648 2384 913 2440 fraudem
944 2386 1115 2439 cauto
1145 2383 1393 2438 artiﬁcio
1426 2382 1781 2454 aggreditur.

359 2476 506 2532 Nam
537 2471 819 2530 simulata
845 2471 1056 2528 callide
1088 2488 1345 2544 persona

357 2562 667 2622 credulum
703 2579 765 2618 se
798 2562 1259 2633 benivolumque
1289 2560 1481 2632 ﬁnxit,

356 2669 508 2726 saepe
537 2668 605 2709 ac
636 2650 881 2721 benigne
909 2667 1044 2706 eum
1078 2649 1323 2706 scelesto
1355 2667 1619 2719 versans,

356 2761 423 2801 ac
452 2740 725 2798 familiari
758 2739 1104 2796 demulcens
1135 2739 1452 2810 colloquio,

354 2835 829 2901 servatoremque
858 2827 1182 2884 errantium
1216 2827 1542 2899 appellans.

357 2920 461 2979 His
490 2921 664 2976 homo
695 2918 917 2991 impius
949 2916 1240 2972 delenitus
1268 2916 1464 2972 verbis

358 3010 671 3066 exitiosum
703 3008 927 3064 vomuit
952 3021 1264 3076 venenum,

361 3099 632 3173 pessimae
663 3112 959 3169 exponens
992 3095 1270 3168 dogmata
1300 3095 1597 3151 doctrinm.

361 3193 497 3256 Quae
531 3188 665 3260 pius
694 3186 886 3243 Caesar
916 3184 1095 3241 simul
1128 3201 1192 3240 ac
1224 3184 1479 3254 agnovit,

359 3276 589 3336 scelesti
620 3291 830 3346 nempe
860 3274 1034 3330 eﬁ‘ata
1056 3273 1407 3345 magisterii,

357 3369 629 3441 protinus
659 3363 833 3436 vulgo
865 3360 1127 3435 pateﬁeri
1158 3360 1363 3429 voluit,

352 3458 855 3529 impostoremque
886 3450 1187 3506 hominem
1218 3451 1438 3507 Christi
1470 3451 1699 3509 hostem

354 3547 600 3603 tradidit
629 3543 885 3601 ﬂammis
916 3544 1216 3599 communi
1248 3543 1531 3615 suffragio

355 3635 573 3692 Multos
602 3638 885 3706 praeterea
911 3632 1261 3688 Manichaeos
1291 3632 1482 3688 Caesar

356 3731 483 3781 tum
516 3723 854 3795 magisterio
885 3726 1013 3777 tum
1045 3721 1192 3777 catis
1222 3720 1600 3777 suasionibus

358 3814 431 3870 ad
462 3811 803 3884 religionem
836 3827 1031 3867 veram
1063 3811 1372 3867 revocavit.

358 3900 652 3974 Orphanis
684 3915 918 3972 quoque
951 3899 1145 3970 pueris
1169 3899 1440 3956 attribuit

361 3991 604 4048 domum
639 3993 696 4046 et
726 3990 945 4045 vietum
978 3988 1299 4059 assignavit
1329 3990 1568 4045 uberem

356 4080 451 4137 his
482 4085 541 4136 et
569 4078 800 4136 alendis
830 4083 888 4134 et
918 4077 1161 4133 curandi
1194 4078 1415 4134 sedulo.

354 4169 506 4236 Quin
535 4173 596 4225 et
624 4166 1021 4241 grammaticae
1056 4165 1260 4222 ludum
1293 4168 1524 4238 aperuit

356 4257 520 4315 orbis
553 4255 1049 4324 adolescentibus,
1081 4256 1175 4312 vel
1206 4257 1278 4312 de
1309 4272 1565 4328 paupere

356 4347 541 4419 stirpe
572 4346 916 4420 progenitis,
953 4344 1287 4417 multosque
1319 4346 1588 4402 redditus

347 4441 405 4494 et
434 4435 629 4508 largos
660 4441 938 4508 sumptus
969 4434 1373 4508 suppeditavit

346 4523 522 4580 simul
553 4524 867 4597 discipulis
892 4529 1074 4597 atque
1107 4523 1429 4594 magistris.

345 4614 644 4671 Comneno
672 4614 873 4675 Alexio
905 4614 1251 4669 moderante
1282 4613 1621 4683 imperium,

344 4703 620 4759 incendia
648 4720 885 4776 quoque
912 4703 971 4757 in
1010 4706 1152 4757 urbe
1183 4701 1545 4768 acciderunt,

345 4792 563 4864 quibus
593 4794 921 4864 absumptae
953 4790 1154 4846 multa:
1186 4795 1382 4861 partes
1413 4796 1573 4847 sunt.

342 4881 674 4938 Vehemens
706 4896 939 4953 quoque
968 4884 1233 4950 tempore
1261 4881 1372 4935 sub
1404 4897 1581 4935 verno

341 4972 589 5041 spiritus
621 4970 810 5026 multa
838 4969 1193 5024 detrimenta
1225 4967 1359 5023 fecit

342 5060 509 5117 humi
541 5060 787 5131 dejectis
821 5057 1043 5130 passim
1077 5057 1339 5113 aediﬁciis
1374 5074 1388 5113 :

337 5149 827 5221 quibuscumque,
850 5145 1070 5201 decidit
1102 5147 1449 5204 admiranda
1479 5152 1679 5205 statua

334 5238 613 5309 imposito
645 5235 933 5292 columnae
967 5236 1394 5307 porphyreticae

333 5327 504 5395 cujus
537 5329 597 5381 in
630 5323 866 5379 Placoto
899 5322 1063 5376 basis
1094 5329 1220 5379 erat
1250 5324 1446 5394 posita
1478 5341 1491 5380 :

331 5413 434 5470 illa
462 5430 598 5469 cum
629 5412 885 5477 caderet,
921 5411 1067 5466 forte
1102 5418 1420 5482 praesentes
1453 5413 1533 5468 ibi

332 5501 555 5558 mu‘tos
588 5498 868 5556 mortales
901 5498 1054 5555 mole
1087 5517 1196 5555 sua
1225 5500 1517 5558 contrivit.

337 5590 620 5645 lmbrium
656 5604 884 5659 quoque
916 5587 1102 5643 nimia
1124 5590 1213 5645 vis
1243 5588 1385 5645 coelo

339 5676 607 5732 conchim
637 5676 824 5732 eﬁ'usa
869 5678 1206 5750 passimque
1235 5678 1535 5737 inundans

2034 513 2089 579 Α
2117 508 2259 565 3595
2298 506 2490 577 Μάτην
2523 504 2874 581 θρυλούντων
2905 505 3061 563 τόνδε
3090 507 3278 582 νεκρὸν
3309 504 3622 585 τυγχάνειν.

2297 597 2445 651 Ἐπεὶ
2482 594 2540 650 δὲ
2571 595 2752 660 λαθὼν
2784 597 3039 667 ἀπεσώθη
3072 594 3324 673 πατρίδι,

2297 683 2490 741 Πολλὰ
2517 684 2792 740 κατειπὼν
2821 689 2918 740 τοῦ
2942 689 3271 761 κρατοῦντος
3304 685 3525 762 ἀλόγως

2300 776 2395 830 Καὶ
2430 772 2717 836 συναλίσας
2750 774 2999 850 στρατιὰν
3028 773 3088 830 ἐκ
3114 774 3359 831 Λατίνων

2297 861 2665 937 Ἐπιδαμνίων
2699 864 3089 941 προσκαταίρει
3117 866 3189 937 τῇ
3229 862 3416 939 πόλει,

2117 955 2259 1011 3600
2299 952 2398 1011 Καὶ
2426 950 2580 1023 τήνδ’
2610 951 2751 1008 ἑλεῖν
2785 951 3008 1009 ἔσπευδε
3034 956 3446 1031 τειχομαχίαις.

2296 1040 2452 1098 Ἀλλ’
2481 1039 2720 1097 ἐλπίδων
2754 1040 2980 1116 ἔψευστο
3017 1041 3188 1118 μηδὲν
3222 1045 3418 1108 ἀνύσας
3451 1065 3465 1078 ”

2299 1126 2659 1205 Πρεσϐρύεται
2687 1136 2815 1208 γοῦν
2849 1132 3123 1208 ἀπογνοὺς
3152 1137 3261 1189 τῶν
3294 1131 3556 1206 ἐλπίδων,

2294 1220 2392 1275 Καὶ
2421 1224 2500 1293 τῷ
2528 1225 2815 1296 κρατοῦντι
2846 1223 2980 1296 πρὸς
3013 1221 3209 1298 Λόγους
3241 1223 3564 1301 ἀφιγμένος,

2299 1306 2546 1372 Σπονδὰς
2578 1311 2713 1385 πρὸς
2745 1310 2905 1365 αὐτὸν
2937 1309 3147 1366 έκτελεῖ
3170 1312 3259 1367 καὶ
3290 1308 3607 1386 συμϐάσεις.

2117 1400 2259 1455 3605
2297 1398 2509 1456 Τούτου
2542 1403 2872 1475 κρατοῦντος
2901 1398 3102 1477 α’ίρεσις
3137 1400 3463 1476 Βογομίλων

2297 1490 2598 1563 Θεοστυγὴς
2627 1488 2836 1566 πέφηνε
2865 1489 2953 1544 καὶ
2990 1487 3306 1564 βδελυκτέα,

2294 1579 2395 1639 Ἥς
2430 1578 2790 1653 μυσταγωγὸς
2823 1577 3008 1654 ἰατρός
3035 1600 3119 1642 τις
3149 1580 3453 1651 τούπίκλην

2297 1666 2503 1737 Κλῆσιν
2537 1664 2594 1721 δὲ
2625 1668 2929 1739 Βασίλειος,
2962 1669 3134 1724 Σατὰν
3167 1668 3397 1745 ἐργάτης
3432 1691 3445 1704 ’

2292 1758 2388 1819 Ὃς
2420 1755 2594 1833 λάθρα
2622 1755 2869 1819 πολλοὺς
2902 1757 3218 1831 ἀνεπίμπλα
3242 1767 3339 1830 τῆς
3372 1759 3556 1835 λύμης

2038 1881 2088 1946 Β
2117 1847 2258 1903 3610
2296 1845 2398 1902 Καὶ
2428 1850 2535 1899 τῶν
2563 1850 2691 1946 παρ’
2718 1845 2882 1946 αὐτοῦ
2913 1845 3200 1922 δογμάτων
3241 1849 3609 1928 ψυχοφθόρων
3643 1872 3657 1885 -

2295 1940 2531 1990 Πολλῶν
2565 1935 2696 1991 ἐτῶν
2730 1934 2959 2012 δρόμοις
2986 1959 3046 1993 τε
3073 1940 3164 1993 καὶ
3192 1938 3553 2016 περιδρόμοις

2296 2025 2490 2099 Χώρας
2519 2024 2685 2079 ἐπιὼν
2715 2025 2802 2079 καὶ
2834 2025 3026 2089 πόλεις
3058 2027 3409 2100 οἰκουμένης,

2298 2111 2652 2182 Ἐπιπολάζει
2684 2114 2772 2169 καὶ
2803 2112 3117 2170 τελευταῖον
3145 2116 3316 2181 τάλας

2297 2201 2462 2257 Πόλει
2499 2203 2729 2278 μεγίστῃ
2759 2202 2895 2278 τῇδε
2921 2206 3010 2260 καὶ
3038 2203 3305 2281 βασιλίδι.

2115 2294 2259 2349 3615
2298 2289 2457 2347 Ἀλλ’
2487 2293 2515 2347 ὁ
2544 2294 2862 2368 κρατάρχης
2889 2291 3200 2369 όρθοδοξίας
3221 2294 3380 2372 φίλος

2294 2383 2540 2437 Μέτεισιν
2573 2383 2739 2438 αὐτοῦ
2768 2383 3029 2461 πανσόφῳ
3055 2383 3223 2460 τέχνῃ
3254 2385 3467 2457 πλάνην
3504 2406 3516 2418 ·

2296 2468 2649 2545 Πλασάμενος
2679 2472 2779 2548 γὰρ
2809 2473 3121 2548 ὑποκριθείς
3146 2475 3193 2528 τ’
3226 2473 3493 2551 ἐντέχνως

2299 2560 2487 2616 Πίστιν
2525 2557 2766 2637 βεϐαίαν,
2800 2561 3074 2635 εὐμένειάν
3110 2564 3163 2618 οἱ
3190 2563 3428 2642 τρέφειν,

2298 2651 2456 2725 Θαμὰ
2483 2651 2708 2727 πρεσῄει
2737 2652 2817 2723 τῷ
2847 2649 3266 2727 τρισαλιτηρίῳ,

2117 2743 2259 2797 3620
2296 2742 2465 2815 Ἀγαν
2496 2744 2789 2815 προσηνῶς
2821 2739 3138 2813 καθομιλῶν
3172 2738 3454 2817 συχνάκις,

2297 2836 2533 2905 Σωτῆρα
2562 2828 2745 2884 καλῶν
2776 2826 2933 2884 τόνδε
2960 2827 3408 2903 πεπλανημένων.

2295 2914 2481 2975 Τοῖσδ’
2514 2919 2541 2972 ὁ
2576 2916 2841 2993 βδελυρὸς
2874 2917 3267 2994 καταθελχθεὶς
3296 2925 3410 2983 τοῖς
3442 2919 3630 2996 λόγοις

2297 3008 2398 3064 Ἰὸν
2430 3007 2617 3068 κακίας
2654 3006 2831 3081 ἐξεμεῖ
2860 3007 3233 3084 ψυχοφθόρον.

2296 3102 2575 3152 ’Έκπυστα
2604 3096 2771 3160 τιθεὶς
2804 3093 3049 3170 δόγματα
3072 3098 3343 3173 πονηρίας
3364 3117 3377 3131 ’

2120 3189 2262 3243 3625
2298 3193 2369 3241 Ἀ
2399 3184 2565 3261 γνοὺς
2595 3186 2622 3239 ὁ
2653 3189 2864 3261 κρατῶν
2898 3185 3260 3263 φιλόχριστος
3290 3184 3488 3261 καρδία

2293 3272 2555 3350 Ὀλέθρια
2586 3269 2831 3349 δόγματα
2860 3270 3211 3336 διδασκαλίας

2294 3363 2502 3435 Γόητος
2534 3360 2748 3437 ἀνδρὸς,
2785 3364 3148 3439 μισοχρίστου
3178 3364 3269 3418 καὶ
3299 3361 3510 3419 πλάνου

2295 3453 2399 3509 Καὶ
2432 3452 2740 3524 στηλιτεύει
2769 3455 2856 3508 καὶ
2893 3448 3211 3529 θριαμϐεύει
3241 3454 3525 3529 πρόφρων,

2296 3544 2477 3619 Ψήφῳ
2506 3563 2565 3597 τε
2594 3546 2754 3616 κοινῇ
2782 3547 2863 3614 τῷ
2892 3542 3025 3617 πυρὶ
3054 3539 3209 3597 τόνδε
3234 3541 3444 3617 φλέγει.

2113 3634 2256 3688 3630
2294 3631 2463 3694 Οὗτος
2500 3630 2752 3706 βασιλεὺς
2784 3631 2873 3685 καὶ
2903 3633 3230 3707 Μανιχαίων
3262 3631 3428 3687 πάλιν

2293 3719 2549 3786 Πολλοὺς
2575 3722 2709 3797 πρὸς
2739 3716 3011 3777 εὐσέϐειαν
3042 3722 3108 3791 ἦν
3142 3720 3460 3799 ἐφελκύσας.

2296 3808 2690 3873 Διδασκαλίαις
2721 3810 2811 3866 καὶ
2840 3817 3030 3887 σοφαῖς
3061 3807 3448 3884 συμϐουλίαις.

2296 3901 2396 3956 Καὶ
2429 3901 2582 3956 παισί
2614 3898 2662 3956 δ’
2691 3902 2975 3977 ἀνήγειρεν
3010 3900 3268 3979 ὀρφανοῖς
3301 3899 3496 3975 δόμον,

2295 3990 2467 4065 Τάξας
2499 3993 2737 4062 σιτήσεις
2769 3988 3015 4065 δαψιλεῖς
3044 3989 3094 4047 ἐν
3126 3996 3205 4063 τῷ
3237 3988 3394 4064 δόμῳ

2116 4082 2258 4136 3635
2297 4082 2651 4154 Ἐπιμελείας
2682 4080 2771 4135 καὶ
2801 4087 3013 4157 τροφῆς
3045 4082 3250 4135 τούτων
3283 4080 3443 4155 χάριν
3480 4099 3492 4112 ·

2294 4169 2394 4224 Καὶ
2421 4174 2823 4247 γραμματικῶν
2853 4170 3105 4241 ἀπέταξεν
3140 4167 3205 4225 αὖ
3237 4170 3404 4226 πάλιν

2293 4265 2561 4315 Μουσεῖον
2596 4259 2672 4324 εἷς
2701 4256 2976 4314 παίδευσιν
3008 4260 3257 4338 ὀρφανῶν
3286 4259 3420 4315 νέων

2294 4348 2405 4407 Οὐκ
2429 4349 2672 4422 εὐπόρων
2705 4371 2763 4404 τε
2791 4350 3036 4425 πατέρων
3069 4350 3413 4428 πεφηνότων,

2294 4438 2503 4513 Νείμας
2540 4441 2808 4512 μαθηταῖς
2838 4440 2927 4495 καὶ
2961 4436 3309 4501 διδασκάλοις
3341 4440 3471 4495 νέων

2114 4530 2255 4585 3640
2291 4527 2559 4591 Πλείστας
2594 4531 2854 4599 σιτήσεις,
2890 4527 3148 4601 δαπάνας,
3181 4529 3473 4604 χορηγίας.

2038 4609 2084 4672 Ι)
2291 4618 2416 4676 Ἐπὶ
2449 4617 2664 4694 χρόνων
2697 4620 2893 4673 τούτου
2922 4616 2979 4674 δὲ
3006 4625 3107 4689 τῆς
3130 4618 3466 4694 κραταρχίας

2287 4708 2384 4764 Καὶ
2416 4710 2679 4785 πυρκαϊαὶ
2710 4703 3007 4779 συνέϐησαν
3042 4712 3109 4783 τῇ
3145 4707 3328 4781 πόλει,

2287 4800 2391 4854 Καὶ
2418 4798 2651 4855 πλεῖστα
2674 4797 2842 4869 τῆσδε
2871 4798 3263 4870 κατανήλωσαν
3305 4799 3441 4876 μέρη
3480 4818 3492 4831 ⁸

2284 4887 2545 4942 ’Έπνευσε
2576 4884 2620 4942 δ’
2652 4888 2789 4962 ἦρος
2819 4887 3022 4960 ἀνέμου
3051 4909 3134 4952 τις
3164 4886 3471 4965 σφοδρότης

2106 4977 2249 5034 3645
2288 4976 2637 5047 Βιαιοτάτου,
2668 4973 2935 5049 προξένου
2968 4997 3030 5050 γε
3055 4974 3342 5049 κινδύνων,

2283 5070 2347 5144 ᾪ
2373 5062 2562 5120 πολλὰ
2588 5067 2883 5141 κατήρειπε
2912 5069 3017 5120 τῶν
3052 5063 3391 5141 δομημάτων
3423 5086 3435 5099 ·

2284 5155 2415 5218 Μεθ’
2442 5152 2515 5209 ὧν
2550 5155 2728 5229 χαμαὶ
2754 5154 3033 5211 πέπτωκεν
3062 5156 3283 5233 ἄγαλμα
3320 5156 3490 5229 ξένον,

2283 5245 2524 5309 ’Δνωθεν
2554 5245 2746 5316 ἑστὼς,
2776 5243 2960 5307 κίονος
2994 5246 3307 5323 πορφυρέου

2283 5338 2389 5387 Τοῦ
2420 5334 2557 5409 πρὸς
2589 5333 2873 5408 Πλακωτῷ
2905 5337 3003 5404 τὴν
3042 5336 3193 5412 βάσιν
3227 5334 3522 5411 ἱδρυμένου
3556 5354 3569 5368 ⁸

2105 5424 2246 5479 3650
2283 5424 2344 5476 Ὃ
2375 5423 2696 5497 κατενεχθὶν
2725 5425 3155 5500 παρατυχόντων
3190 5425 3344 5498 τόπῳ

2282 5509 2537 5574 Πολλοὺς
2568 5511 2752 5568 ἀνεῖλε
2781 5515 3132 5592 συντετριφὸς
3162 5514 3432 5591 ἐσχάτως.

2281 5600 2603 5677 Κατερέάγη
2640 5599 2685 5656 δ’
2720 5603 2921 5667 ἄνωθεν
2959 5604 3111 5666 ὑετὸς
3142 5602 3306 5681 μέγας

2276 5686 2458 5759 Χύδην
2490 5692 2693 5745 κατιὼν
2725 5692 2819 5746 καὶ
2849 5691 3201 5762 κατακλύζων
3238 5695 3396 5769 μέγα,

3668 385 3779 440 144
