4140 6414
383 423 485 479 147

381 546 486 620 qui
514 544 806 603 talentum
839 543 1073 618 imperii
1101 544 1270 602 valde
1296 545 1487 613 auxit;

380 651 621 708 semper
648 634 711 691 in
737 635 921 691 armis
951 652 1054 706 pro
1086 634 1275 691 salute
1302 634 1558 707 publica,

381 725 607 782 alienas
633 725 810 780 urbes
838 724 1143 780 vindicans
1176 725 1440 796 imperio,

381 814 649 884 consilio,
681 814 899 882 verbis,
931 829 1109 887 opera
1137 818 1193 869 et
1220 820 1342 869 arte
1370 812 1594 883 bellica,

378 904 567 960 victor
596 902 925 975 saepissime
956 903 1214 958 hostium
1248 902 1670 973 plurimorum,

381 1010 487 1050 ceu
522 993 823 1065 quondam
851 991 1030 1047 David
1068 991 1264 1047 hostes
1292 989 1673 1062 propulsabat

380 1099 550 1154 prece
578 1082 694 1154 pia,
726 1081 856 1137 {orti
893 1097 1095 1147 manu,
1125 1079 1337 1152 peritia
1356 1079 1547 1135 ducis.

384 1172 576 1245 Hujus
606 1169 886 1226 victorias
917 1170 1113 1225 dicere
1142 1167 1230 1225 vel
1254 1168 1452 1240 praelia

383 1260 791 1330 virtutumque
822 1275 1133 1315 numerum
1168 1264 1225 1314 et
1253 1264 1545 1323 ornatum,

385 1349 605 1405 rhetori
639 1365 875 1421 quoque
906 1364 1142 1403 summo
1173 1362 1489 1419 operosum
1522 1347 1620 1402 sit.

381 1443 503 1495 Nos
529 1455 599 1494 ex
628 1437 858 1510 ingenti
888 1453 1094 1493 acervo
1126 1452 1312 1506 pauca
1342 1436 1656 1491 sumimus.

382 1528 489 1584 Hic
519 1531 809 1598 occupato
840 1526 1085 1597 pacifice
1114 1525 1364 1596 imperio

383 1617 635 1689 largitus
663 1621 757 1672 est
784 1615 1039 1670 honores
1062 1620 1309 1687 cognato
1339 1614 1539 1687 generi

386 1705 734 1777 cunctisque
766 1704 972 1760 tribuit
1003 1720 1106 1776 pro
1139 1703 1423 1775 dignitate
1455 1719 1702 1759 munera
1735 1720 1748 1757 :

388 1812 601 1868 nempe
631 1795 904 1868 gerendis
935 1796 1076 1867 reip.
1113 1794 1324 1850 officiis

387 1884 756 1958 propinquos
782 1883 891 1940 sibi
924 1884 1212 1957 sanguine
1245 1883 1581 1956 praeposuit.

389 1974 459 2030 Hi
486 1991 619 2029 vero
649 1974 763 2046 ipsi
797 1974 1086 2045 conjurati
1119 1976 1176 2029 in
1209 1988 1409 2045 regem

394 2064 671 2120 exitiosus
704 2062 1031 2118 moliuntur
1059 2062 1308 2119 insidias

388 2152 565 2224 paulo
599 2156 731 2223 post
761 2152 976 2207 initum
1009 2152 1080 2207 ab
1113 2150 1213 2206 illo
1244 2150 1577 2222 imperium.

390 2244 582 2313 Atque
613 2240 705 2296 his
736 2242 855 2296 dux
884 2245 1011 2296 erat
1039 2232 1369 2313 peragenda
1401 2241 1560 2311 operi

396 2330 553 2403 regis
582 2346 867 2402 germana
896 2346 1063 2385 soror
1084 2329 1360 2401 princeps
1391 2332 1574 2384 Anna.

388 2420 648 2484 Quorum
682 2436 819 2475 cum
852 2424 1055 2475 essent
1086 2423 1333 2474 detectae
1366 2418 1616 2487 insidias,

390 2507 615 2565 nullius
645 2525 860 2580 corpus
888 2508 1174 2565 violatum
1210 2508 1340 2571 fuit,

387 2598 492 2654 sed
525 2597 884 2669 patrimonia
918 2601 1147 2653 tantum
1183 2602 1325 2653 sunt
1353 2601 1557 2668 erepta
1585 2614 1598 2652 :

385 2692 562 2759 atque
594 2686 715 2742 haec
746 2687 877 2758 ipsa
913 2686 1090 2759 paulo
1123 2690 1256 2759 post
1288 2685 1521 2743 restitui

387 2777 540 2833 mira
568 2776 885 2848 imperavit
915 2777 1105 2832 Caesar
1138 2774 1471 2831 clementia.

381 2866 617 2922 cunctis
646 2865 959 2921 remittens
988 2865 1257 2920 criminis
1287 2869 1521 2920 reatum
1557 2882 1571 2933 ;

382 2970 635 3027 parcens
665 2954 725 3008 in
756 2952 966 3025 primis
998 2953 1250 3024 principi
1284 2954 1493 3019 sorori,

383 3044 631 3116 ipsique
656 3058 798 3114 opes
831 3059 935 3115 pro
966 3042 1251 3114 dignitate
1283 3043 1557 3099 reddens.

388 3132 451 3188 Id
480 3132 775 3202 quomodo
807 3131 883 3187 sit
914 3140 1166 3202 gestum,
1197 3131 1361 3186 lubet
1392 3132 1609 3187 dicere.

390 3222 533 3277 Auri
564 3226 743 3293 atque
774 3221 996 3292 argenti
1029 3237 1169 3277 vasa
1197 3236 1587 3292 gemmasque
1621 3220 1838 3276 nitidas

387 3319 444 3367 et
472 3310 647 3367 multi
680 3309 912 3382 generis
942 3313 1162 3365 vestem
1192 3314 1369 3381 atque
1395 3309 1713 3381 insignem,

391 3399 636 3455 maximi
669 3398 839 3471 pretii
871 3414 1013 3471 opes
1042 3398 1103 3453 in
1135 3399 1391 3470 quadam
1426 3399 1602 3454 domo

391 3489 614 3546 sororis
645 3505 765 3545 sua:
799 3488 1083 3559 principis
1107 3487 1398 3560 repositas

394 3582 587 3634 Caesar
617 3576 926 3649 spectabat
955 3592 1086 3631 cum
1117 3579 1346 3631 Joanne
1385 3575 1590 3630 Axuch
1617 3594 1631 3644 ;

387 3667 541 3730 Quin
561 3664 740 3722 etiam
770 3670 913 3720 tunc
943 3665 1028 3719 sic
1056 3665 1254 3720 ferunt
1279 3665 1540 3720 locutum
1575 3682 1589 3720 :

386 3759 530 3811 Hom
566 3760 629 3810 ut
658 3754 893 3827 generis
925 3753 1039 3809 mei
1072 3769 1199 3809 sors
1230 3759 1321 3810 est
1359 3754 1678 3809 conversa!

391 3849 573 3916 utque
605 3842 845 3899 inimica
876 3843 1021 3899 milii
1049 3859 1205 3901 nunc
1230 3847 1320 3899 est
1349 3844 1642 3915 cognatio,

387 3937 447 3990 et
478 3933 580 4006 qui
611 3932 865 3989 benivoli
895 3931 1056 4000 olim,
1093 3949 1248 3989 nunc
1280 3937 1420 3989 sunt
1452 3931 1748 3989 malivoli!

387 4023 780 4090 Quamobrem
805 4023 985 4094 jubeo
1017 4027 1334 4095 praesentes
1363 4039 1503 4094 opes

387 4119 453 4169 ut
481 4114 591 4168 tibi
620 4129 847 4178 sumas,
883 4113 1080 4168 Axuch
1111 4113 1480 4171 dulcissime.

384 4204 442 4258 Is
473 4202 704 4258 liberali
734 4203 857 4274 regi
886 4208 1081 4272 grates
1111 4203 1232 4271 agit
1265 4223 1280 4272 ;

385 4292 487 4348 sed
514 4291 671 4361 licet,
705 4292 921 4362 inquit,
955 4307 1168 4347 sensus
1203 4307 1364 4347 meos
1395 4290 1627 4346 dicere!

387 4381 543 4452 Rege
574 4386 892 4441 annuente.
927 4379 1010 4435 sic
1044 4396 1217 4435 orsus
1242 4387 1332 4436 est
1360 4378 1523 4450 loqui
1559 4396 1572 4433 :

387 4471 738 4540 Quanquam
768 4468 1056 4538 injustam
1086 4468 1205 4523 vim
1240 4473 1297 4524 et
1325 4468 1575 4524 insidias

389 4561 595 4614 contra
623 4563 703 4625 te,
735 4558 947 4621 Caesar,
978 4573 1146 4613 soror
1175 4561 1265 4612 est
1288 4557 1513 4625 molita,

388 4650 447 4701 et
472 4645 766 4701 abdicavit
795 4644 967 4700 factis
997 4644 1448 4714 fraternitatem,

390 4739 605 4791 natura
634 4739 833 4790 tamen
865 4733 1005 4789 facit
1035 4734 1553 4805 consanguineam.

387 4824 655 4880 Vincesis
684 4822 865 4896 igitur
895 4822 1230 4879 Christiana
1260 4824 1574 4880 clementia

389 4913 614 4969 malum
648 4913 867 4968 sororis
892 4912 1163 4967 animum
1195 4918 1252 4968 et
1281 4912 1604 4986 injurium;

386 5002 591 5074 illique
621 5002 742 5057 haec
773 5001 973 5058 omnia
1003 5002 1215 5074 largire
1245 5003 1511 5060 benivole

385 5092 456 5148 ad
491 5107 671 5161 quam
704 5096 944 5163 paterno
978 5091 1168 5163 magis
1191 5094 1327 5163 jure
1357 5093 1677 5165 pertinent.

385 5180 494 5236 His
528 5196 751 5237 morem
785 5196 998 5252 gerens
1020 5181 1261 5238 monitis
1289 5184 1485 5239 Caesar

383 5272 595 5324 cuncta
624 5267 874 5325 libenter
901 5269 1110 5325 tribuit
1147 5272 1352 5327 sorori.

381 5356 643 5427 Etenim,
665 5358 877 5430 inquit,
908 5374 1087 5431 regno
1119 5360 1232 5415 sim
1265 5360 1568 5433 indignus,

382 5446 430 5503 si
463 5463 593 5503 meo
624 5448 822 5519 generi
856 5448 1058 5504 minus
1090 5451 1205 5504 sim
1237 5449 1567 5518 benivolus,
1638 5506 1641 5509 .

383 5553 561 5609 quam
594 5541 682 5608 tu,
716 5538 816 5611 qui
849 5538 999 5594 lucri
1028 5538 1314 5610 prodigus
1343 5543 1713 5612 contemptor

457 5670 565 5743 (49)
1022 5688 1193 5727 suam
1251 5673 1534 5729 adversus
1568 5673 1831 5743 fratrem,
1865 5673 2025 5730 dolo-

381 5740 683 5815 loremque
712 5744 871 5815 quod
903 5743 954 5798 is
983 5742 1298 5814 imperium
1331 5744 1603 5802 exstincti
1632 5740 2020 5818 parentisoc-

2012 419 2451 475 CHRONOGRA
2462 422 2582 473 PH!

2144 539 2287 596 3710
3265 544 3425 616 ,

2458 634 2839 705 ,
3351 630 3614 705 ,

3239 718 3447 795 ,

2308 808 2529 879 ,
2563 805 2739 881 ,
2774 808 3074 882 ,
3425 807 3635 884 ,

3023 894 3389 973 ,

2136 986 2278 1043 3715

2313 1077 2525 1143 ,

3126 1164 3472 1239 ,

3235 1253 3543 1328 ,

3184 1342 3387 1418 .

2142 1434 2283 1488 3720

3289 1613 3504 1688 ,

3106 1698 3440 1774 ,

2145 1880 2287 1935 3725

3321 2147 3551 2222 ,

2148 2328 2290 2383 3730
3591 2329 3703 2400 (49)

3387 2413 3587 2491 ,

3348 2525 3426 2572 ,

3194 2592 3379 2664 ,

2152 2773 2295 2829 3735
3220 2768 3436 2840 ,

2888 2858 3373 2935 ,

2149 3219 2291 3273 3740

2320 3574 2485 3644 "Aves

2143 3661 2285 3717 3745

3333 3844 3620 3918 ,

2142 4111 2285 4166 3750
3271 4112 3546 4187 .

2971 4198 3410 4275 .

2143 4559 2285 4613 3755
2323 4558 2611 4630 ,
2646 4553 2792 4629 ,
3291 4557 3477 4632 ,

3025 4644 3409 4725 ,

2862 4911 3126 4986 ,
3157 4918 3497 4991 ,

2143 5005 2287 5060 3760
3323 5004 3512 5082 ,

3136 5095 3418 5171 .

2484 5356 2563 5427 ,
2593 5357 2783 5430 ,

2141 5449 2283 5503 3765
2639 5446 2874 5518 ,

3353 5560 3434 5613 ,

2065 3271 2109 3338 C

2066 4657 2113 4721 D

2138 5671 2496 5746 cupavisset,
2530 5669 2675 5725 satis
2705 5670 3083 5746 demonstrat
3121 5673 3252 5746 ipsa
3286 5680 3459 5732 Anna
3496 5674 3800 5734 Comnena

2135 5740 2518 5800 inIAlexiadis
2549 5756 2669 5799 sua
2697 5741 2875 5799 calce.

3692 417 3799 474 118
