4140 6398
407 438 509 491 149

568 557 866 632 Ἀνώτερος
896 552 1121 630 κὲρδους
1151 576 1210 610 τε
1236 559 1482 626 κτήσεως
1509 557 1698 628 τόσης.

571 645 759 707 Οὕτως
795 642 1171 716 ἀμνησίκακος
1205 646 1271 714 ἦν
1306 643 1431 715 ἅναξ
1464 643 1576 716 ὅδε,

571 741 667 806 Θερ
680 733 780 807 μός
811 735 861 787 τ’
888 732 1124 806 ἐραστὴς
1156 737 1616 808 χριστομιμητων
1657 735 1873 811 τρόπων
1902 739 1912 793 ί

379 826 531 883 3770
573 825 777 898 Μήτηρ
812 820 870 876 δὲ
897 819 1057 876 τοῦδε
1082 821 1172 875 καὶ
1208 821 1426 896 βασιλὶς
1461 823 1698 896 Εἰρήνη,

571 912 632 966 Εἰ
663 912 753 965 καὶ
785 911 910 985 πρὶν
948 911 1243 985 ἀπέστεργε
1272 907 1417 965 τόνδ’
1449 912 1548 965 οὐκ
1581 910 1808 976 ἐνδίκως

570 1001 685 1058 Οὐκ
716 998 863 1070 ἄξιον
895 999 1157 1074 κρίνουσα
1187 1002 1322 1075 πρὸς
1351 1001 1715 1077 κραταρχίαν,

568 1092 655 1151 Ὠς
689 1094 757 1162 τῇ
792 1088 1015 1164 θυγατρί
1055 1087 1311 1162 μνωμὲνη
1339 1091 1407 1144 τὰ
1435 1095 1532 1144 τοῦ
1561 1093 1816 1166 κράτους,

567 1174 804 1253 Γαμϐρῷ
831 1199 890 1232 τε
917 1182 996 1249 τῷ
1030 1176 1354 1253 Καίσαριτῷ
1390 1181 1694 1252 Βρυεννίῳ,

383 1272 529 1326 3775
571 1269 756 1341 Λόχου
788 1271 1064 1341 φονῶντος
1093 1266 1159 1320 οὐ
1192 1267 1458 1343 συνίστωρ
1493 1269 1711 1342 εὑρέθη·

566 1356 794 1412 Μᾶλλον
830 1354 886 1410 δὲ
913 1361 1118 1428 γνοῦσα
1148 1356 1222 1418 εἷς
1251 1355 1437 1411 ἔπειτα
1466 1358 1526 1410 τὸ
1552 1354 1731 1431 δρᾶμα

563 1441 881 1514 Ἐπήϐολον
918 1443 1106 1518 λόγιον
1138 1445 1362 1514 ἐξειπεῖν
1398 1445 1580 1520 λόγος,

572 1536 806 1606 Γνώμην
833 1555 891 1589 τε
921 1531 1136 1602 κεδνὴν,
1168 1535 1391 1602 συνετὴν
1424 1534 1555 1606 μάλ’
1587 1534 1888 1609 εὐστόχως,

530 1655 545 1666 .
567 1627 655 1686 Ὡς
690 1623 797 1698 οὐχ
828 1624 1033 1678 ὑπόντα
1065 1625 1176 1698 χρὴ
1211 1623 1366 1697 διφᾷν
1401 1623 1652 1699 βασιλέα,

381 1718 530 1771 3780
570 1715 819 1787 Παρὸντα
852 1711 910 1767 δὲ
935 1713 1176 1787 στέργειν
1202 1734 1260 1767 τε
1289 1718 1482 1767 τοῦτον
1508 1713 1596 1768 καὶ
1630 1709 1828 1769 σέϐειν.

563 1803 738 1864 Οὗτος
769 1822 1094 1875 στρατευσας
1123 1802 1258 1856 κατὰ
1288 1806 1505 1877 Περσῶν
1543 1797 1831 1877 βαρϐάρων

562 1893 667 1954 Τὰς
695 1891 830 1965 πρὸς
867 1889 1224 1962 Κομνηνάκτα
1250 1892 1520 1960 συνθήκας
1551 1888 1721 1944 πάλαι

560 1981 965 2051 Διαλυσάντων,
997 1981 1088 2033 καὶ
1120 1978 1312 2041 πόλεις
1336 1977 1651 2052 Ῥωμαίδος

557 2070 668 2133 Τὰς
697 2070 836 2144 πρὸς
868 2068 1085 2144 Φρυγίᾳ
1113 2068 1202 2122 καὶ
1236 2066 1536 2142 Μαιάνδρῳ
1568 2071 1818 2141 κειμένας

373 2162 522 2216 3785
560 2158 1019 2233 Κατατρεχόντων
1049 2159 1139 2212 καὶ
1171 2163 1351 2220 κακῶς
1386 2155 1640 2232 δρώντων
1675 2155 1892 2220 ὅπλοις·

557 2248 655 2302 Καὶ
689 2243 989 2320 συμϐαλὼν
1023 2247 1254 2317 ἥττησεν
1289 2246 1482 2308 αὐτοὺς
1511 2245 1806 2315 πολλάκις,

553 2337 901 2412 Τρεψάμενος
925 2343 1060 2414 σφᾶς
1091 2335 1328 2398 εὐκλεῶς
1359 2336 1410 2391 ἐν
1441 2342 1560 2398 ταῖς
1594 2338 1822 2411 μάχαις.

553 2425 650 2481 Καὶ
683 2423 991 2480 Λαοδικέων
1030 2423 1086 2479 δε
1117 2420 1386 2491 λαμϐάνει
1421 2427 1608 2497 πόλιν,

560 2515 656 2572 Καὶ
685 2513 847 2584 τήνδε
877 2518 1078 2589 τειχῶν
1101 2516 1494 2589 κατοχυρώσας
1524 2516 1731 2588 κράτει,

367 2604 755 2661 3790a"
893 2604 968 2656 e=
1056 2602 1203 2637 τυ
1309 2605 1479 2658 θην
1575 2627 1583 2642 ο
1695 2606 1713 2636 ι

601 2627 655 2658 αι
687 2625 862 2658 παντα
927 2624 1003 2664 ε.ς
1029 2625 1084 2658 εδ
1120 2625 1206 2658 και
1239 2625 1304 2658 κα
1341 2626 1414 2668 ω,
1443 2627 1508 2672 ην
1542 2625 1838 2680 συμφερον,

557 2694 695 2765 Πρὸς
730 2689 985 2768 βασιλίδα
1009 2695 1439 2771 καθυποστρὲιρει
1471 2692 1659 2761 πόλιν,

553 2786 660 2837 Οἷα
695 2781 948 2857 βασιλεὺς
983 2781 1204 2855 ἀγαθὸς,
1235 2782 1535 2859 νικηφόρος

549 2875 680 2933 Τοῖς
717 2871 1027 2946 βασιλ.κοῖς
1061 2868 1428 2943 ἀναδούμενος
1461 2870 1701 2943 κρότοις,

551 2961 702 3018 Μετὰ
727 2958 785 3015 δὲ
819 2962 1010 3035 μικρὸν
1045 2960 1396 3015 ἀπανίσταται
1428 2960 1617 3026 πάλιν,

363 3054 511 3108 3795
551 3053 648 3106 Καὶ
674 3051 878 3125 γίνεται
913 3048 979 3118 δὴ
1013 3051 1148 3105 κατὰ
1175 3051 1274 3119 τήν
1308 3050 1659 3125 Παμφυλίαν,

548 3143 702 3216 Αἱρεῖ
729 3161 787 3195 τε
820 3138 1146 3210 Σωζόπολιν
1183 3141 1571 3216 μηχανουργίᾳ

550 3228 718 3284 Πόλιν
754 3228 992 3303 ἐρυμνὴν
1025 3228 1114 3283 καὶ
1145 3229 1688 3306 κατησφαλισμὲνην,

543 3319 729 3375 Ἀλλα
757 3341 817 3373 τε
842 3318 1074 3374 πλεῖστα
1102 3323 1208 3372 τῶν
1243 3319 1354 3373 ἐκεῖ
1392 3317 1701 3394 πολιχνίων

539 3413 937 3485 Στρατηγικαῖς
967 3408 1187 3483 τὲχναις
1216 3429 1273 3462 τε
1301 3409 1391 3463 καὶ
1419 3407 1604 3482 μάχης
1636 3407 1814 3481 νόμῳ·

354 3501 505 3555 3800
544 3499 630 3554 Ἐν
664 3501 748 3559 οἷς
777 3517 875 3571 περ
907 3497 1190 3572 ἠρίθμητο
1219 3497 1310 3551 καὶ
1340 3495 1682 3570 κεκλημένον

545 3585 866 3657 Δόσληπτον
899 3583 1073 3641 ὅντων
1098 3586 1557 3664 Ἱερακορυφίτου,

537 3678 754 3751 Ἔρυμα
784 3674 1043 3751 τειχῆρές
1074 3698 1126 3731 τι
1160 3674 1444 3750 δύσμαχον
1477 3676 1635 3730 πάνυ.

536 3763 711 3818 Πάλαι
749 3764 843 3838 μὲν
875 3761 1004 3820 ὄντα
1031 3769 1112 3838 τῖρ
1139 3764 1323 3840 κράτει
1352 3762 1660 3836 Ῥωμαίδος

534 3852 778 3922 Ὑπήκοά
805 3874 864 3907 τε
892 3853 982 3907 καὶ
1015 3875 1146 3923 συνη
1157 3856 1240 3929 ριθ
1251 3875 1325 3925 μη
1339 3852 1491 3926 μένα,

339 3945 494 3999 3805
531 3946 685 4015 Ζυγῷ
719 3941 776 3996 δὲ
808 3947 1025 4018 Περσῶν
1058 3944 1452 3997 καθυπείκοντα
1487 3941 1630 3996 τότεο

532 4028 706 4092 Οὗτος
739 4030 862 4106 περὶ
892 4032 1141 4103 πέμπτον
1169 4053 1230 4106 γε
1257 4039 1355 4101 τῆς
1385 4032 1566 4106 ἀρχῆς
1597 4032 1798 4106 χρόνον

532 4121 756 4182 Ἐθνους
790 4125 1060 4184 Σκυθικοῦ
1090 4120 1502 4196 κατακείροντος
1535 4120 1748 4194 Θρᾴκην

535 4207 635 4262 Καὶ
668 4210 838 4263 πάντα
862 4209 1064 4278 ταύτῆς
1100 4211 1372 4279 Σκυθικήν
1398 4209 1649 4286 ἐρημίαν,

530 4298 598 4354 ’Ὀ
630 4318 778 4374 φασι,
811 4296 1047 4374 δρῶντος
1078 4297 1370 4373 ἐκδρομαῖς
1405 4297 1770 4374 πανημὲροις,

339 4390 491 4444 3810
531 4391 683 4440 Κινεῖ
712 4388 828 4441 κατ’
860 4389 1037 4442 αὐτῶν
1065 4389 1380 4460 Ῥωμαϊκὰς
1413 4386 1690 4460 δυνάμεις,

528 4476 628 4529 Καὶ
662 4476 1004 4548 συμπλακείς
1037 4477 1184 4551 σφίσι
1215 4499 1275 4552 γε
1301 4481 1382 4548 τῷ
1411 4481 1547 4532 θεοῦ
1591 4479 1761 4531 σθένει

531 4566 979 4640 Κατατροποῦται
1003 4567 1272 4629 Σκυθικὰς
1296 4565 1467 4627 πάσας
1492 4563 1645 4637 τίλας,

531 4650 632 4705 Καὶ
663 4653 1038 4728 τρισαριστεὺς
1070 4650 1438 4708 ἀναδείκνυται
1471 4655 1688 4728 κράτωρ

528 4739 767 4804 Βουλαῖς
799 4742 1148 4818 στρατηγίαις
1177 4763 1257 4809 τε,
1293 4741 1471 4802 λιταῖς
1503 4740 1722 4804 ἐνθέοις·

337 4831 490 4886 3815
529 4829 608 4886 Οὔ
637 4829 739 4906 γὰρ
773 4828 898 4903 ἄναξ
929 4825 1246 4904 σύμϐουλος
1278 4829 1344 4900 ἦν
1379 4831 1621 4904 χρηστὸς
1657 4832 1821 4903 μόνον

529 4915 633 4973 Καί
662 4939 722 4992 γε
752 4919 1057 4995 στρατηγὸς
1080 4918 1133 4974 ἐν
1168 4918 1372 4994 μάχαις
1405 4918 1716 4995 ρωμολὲος,

532 5003 715 5063 Ἀλλά
743 5007 879 5072 καθά
905 5031 991 5071 τις
1021 5009 1109 5063 καὶ
1145 5015 1349 5078 Μωσῆς
1380 5004 1553 5071 ἄλλος
1587 5009 1705 5071 νὲος

528 5096 722 5170 Χεῖρας
753 5098 967 5172 ἀνυψῶν
1003 5098 1167 5153 εἰκόνι
1201 5094 1470 5171 σεϐασμίᾳ

523 5188 634 5252 Τῆς
670 5185 1092 5262 μητρανανδρου
1123 5187 1212 5242 καὶ
1245 5188 1600 5259 πανυμνήτου
1630 5186 1816 5261 Κόρης

330 5275 485 5330 3820
527 5275 650 5349 Σχή
665 5295 825 5346 μασιν
859 5276 1102 5349 οἰκτροῖς
1131 5276 1221 5330 καὶ
1254 5275 1593 5350 σταλαγμοῖς
1627 5273 1872 5350 δακρύων

523 5357 887 5436 Ηαρεμῦολὰς
917 5363 1096 5440 ἔκρινε
1121 5364 1216 5426 τὰς
1240 5369 1349 5419 τῶν
1381 5359 1669 5440 βαρϐάρων

517 5453 654 5505 Θεοῦ
682 5450 930 5517 διδόντος
963 5456 1062 5524 τήν
1094 5454 1248 5524 νίκην
1286 5454 1580 5531 οὐρανόθεν

520 5541 800 5618 Περιφανῆ
826 5564 884 5598 τε
911 5543 1004 5598 καὶ
1036 5541 1366 5617 περίπυστον
1400 5542 1542 5601 λίαν.

520 5629 626 5684 Καὶ
659 5631 762 5708 γὰρ
794 5637 1052 5688 τοσοῦτον
1093 5631 1458 5708 μυριάριθμον
1492 5633 1682 5710 στίφος

327 5718 479 5773 3825
521 5717 903 5794 Δορυαλώτων
937 5718 1252 5798 συνελήφθη
1292 5715 1605 5796 βαρϐαρων,

1928 437 2295 495 CESARES.

2085 566 2137 630 Α
2171 579 2328 619 nunc
2359 569 2443 620 tot
2474 565 2704 623 oblatas
2736 569 3017 639 respuisti
3049 585 3211 642 opes.

2167 653 2324 708 Adeo
2355 653 2640 711 clemente
2672 673 2771 712 rex
2803 657 2897 711 hic
2926 663 3051 714 erat
3081 660 3301 726 animo,

2169 745 2346 813 atque
2367 743 2635 801 imitator
2663 747 2877 802 Christi
2912 748 3218 804 studiosus
3245 749 3256 803 l

2166 833 2447 888 Caeterum
2472 839 2662 890 mater
2693 853 2757 891 ac
2787 837 2986 908 regina
3022 839 3183 893 [rene

2165 937 2502 992 quanquam
2531 923 2745 978 Joanni
2779 927 3115 981 immerenti
3149 928 3398 996 infensa,

2163 1025 2335 1080 quem
2371 1011 2524 1066 baud
2563 1013 2806 1083 imperio
2838 1014 3084 1086 dignum
3119 1018 3452 1088 reputabat,

2163 1099 2336 1169 idque
2364 1102 2669 1156 studuerat
2703 1103 2841 1157 olim
2875 1105 3246 1159 committere

2164 1186 2291 1241 ﬁlia:
2325 1193 2496 1258 atque
2525 1207 2734 1258 genero
2767 1192 2974 1246 Caesari
3011 1194 3324 1263 Brycnnio,

2161 1293 2317 1330 nunc
2348 1275 2697 1333 insidiarum
2733 1285 2930 1334 tamen
2964 1281 3169 1352 ignara
3200 1282 3329 1338 fuit.

2158 1364 2305 1427 Quin
2343 1367 2555 1420 certior
2589 1375 2791 1439 postea
2825 1369 3148 1425 moliminis
3189 1369 3344 1426 facta

2159 1456 2346 1508 fertur
2379 1455 2597 1510 dixisse
2628 1458 3004 1512 commodum
3039 1459 3304 1527 effatum,

2158 1549 2331 1616 atque
2364 1550 2712 1617 prudentem
2738 1549 3058 1604 admodum
3093 1550 3464 1616 sententiam,

2156 1651 2268 1688 non
2303 1652 2431 1690 esse
2463 1637 2870 1707 vestigandum
2906 1637 3176 1693 latentem
3212 1655 3426 1709 regem,

2154 1724 2253 1777 sed
2287 1723 2423 1778 huic
2448 1727 2718 1796 praasenti
2754 1732 3020 1782 amanter
3051 1729 3514 1798 obsequendum.

2152 1811 2314 1866 Idem
2347 1813 2610 1884 suscepit
2631 1819 2835 1868 contra
2866 1819 3072 1870 Persas
3101 1815 3343 1879 bellum,

2153 1901 2410 1971 quicum
2443 1904 2740 1958 Comneno
2776 1905 2964 1959 foedus
2995 1905 3133 1960 olim
3170 1905 3378 1961 initum

2153 1990 2465 2061 fregerant,
2502 1995 2672 2062 atque
2707 1992 2952 2048 urbibus
2986 1993 3268 2048 Romanis

2151 2077 2207 2131 in
2246 2076 2494 2151 Phrygia
2522 2085 2579 2135 et
2600 2081 2727 2152 ripa
2758 2081 3035 2136 Maeandri
3070 2082 3274 2152 positis

2150 2167 2394 2222 armatis
2419 2167 2860 2225 incursionibus
2892 2169 3126 2225 molesti
3158 2174 3342 2225 erant.

2148 2256 2296 2326 Ergo
2328 2273 2442 2312 non
2468 2257 2649 2312 semel
2681 2258 2959 2313 manibus
2992 2259 3309 2326 consertis,

2149 2345 2515 2416 proﬂigando
2542 2345 2709 2401 hoste
2739 2347 2989 2418 gloriam
3026 2347 3244 2402 retulit.

2147 2433 2359 2488 Urbem
2389 2434 2530 2505 quin
2565 2436 2709 2490 adeo
2743 2437 2898 2507 cepit
2937 2437 3302 2500 Laodiceam,

2145 2538 2322 2592 quam
2356 2539 2490 2577 mox
2524 2523 2774 2578 munivit
2807 2525 3092 2579 mcenium
3128 2523 3422 2594 praesidio,

2144 2611 2495 2681 cunctisque
2523 2611 2672 2667 bene
2703 2616 2768 2666 ut
2795 2628 2943 2683 Opus
2977 2613 3088 2666 fuit
3121 2612 3451 2682 dispositis,

2145 2699 2215 2753 ad
2249 2700 2453 2754 urbem
2485 2699 2705 2772 regiam
2740 2701 2927 2755 reditu
2954 2717 3016 2755 se
3043 2703 3299 2770 recepit;

2144 2787 2345 2859 ibique
2369 2787 2545 2842 veluti
2578 2805 2675 2844 rex
2706 2790 3055 2844 victoriosus

2143 2875 2350 2947 plausu
2387 2876 2637 2932 solemni
2673 2879 2870 2950 pepuli
2906 2883 2994 2933 est
3026 2882 3314 2946 receptus.

2143 2965 2308 3019 Brevi
2342 2966 2667 3034 intervallo,
2703 2967 2975 3022 discessit
3005 2967 3198 3021 denuo

2144 3057 2201 3108 et
2231 3069 2362 3108 cum
2397 3055 2651 3110 exercitu
2688 3071 2936 3128 pergens
2971 3057 3029 3110 in
3062 3056 3469 3129 Pamphyliam

2143 3142 2197 3195 vi
2232 3145 2668 3215 strategematis
2695 3145 2850 3216 cepit
2881 3146 3212 3216 Sozopolim

2142 3233 2346 3287 urbem
2376 3233 2663 3289 excelsam
2699 3234 2964 3306 undique
2997 3235 3310 3290 munitam.

2059 3308 2101 3372 C
2137 3319 2297 3375 Alias
2330 3338 2564 3393 quoque
2597 3321 2885 3394 plurimas
2920 3323 3232 3378 urbeculas

2136 3410 2349 3481 partim
2385 3412 2604 3466 astutia
2637 3410 2848 3482 partim
2880 3412 2933 3465 vi
2969 3411 3179 3466 bellica

2133 3499 2306 3570 cepit,
2341 3516 2490 3571 quas
2518 3499 2672 3555 inter
2702 3500 2862 3555 aditu
2899 3500 3140 3556 difﬁcile

2130 3591 2415 3656 castrum,
2448 3588 2537 3643 cui
2572 3605 2788 3644 nomen
2825 3588 3352 3660 Hieracoryphites,

2131 3677 2422 3734 mmnibus
2451 3678 2672 3734 celsum
2707 3684 2764 3734 et
2793 3678 3274 3752 inexpugnabile.

2126 3769 2264 3830 Qum
2295 3771 2518 3822 cunctae
2549 3785 2712 3823 arces
2743 3769 2802 3823 in
2837 3769 3081 3824 Romani
3112 3768 3344 3840 imperii

2127 3855 2344 3912 finibus
2374 3857 2576 3927 posita
2610 3857 2921 3928 eidemque
2953 3858 3214 3912 obnoxiae

2125 3949 2430 4000 Persarum
2455 3945 2669 4018 jugum
2714 3949 2918 4016 postea
2950 3945 3276 4002 subierunt.

2123 4035 2291 4088 Anno
2322 4033 2569 4088 Joannis
2603 4035 2954 4104 imperantis
2983 4034 3214 4104 quinto,

2121 4121 2391 4194 Scythica
2423 4139 2557 4178 cum
2588 4138 2731 4192 gens
2763 4121 3072 4177 Thraciam
3108 4125 3383 4187 vastaret,

2121 4218 2179 4267 et
2208 4211 2615 4280 solitudinem,
2649 4216 2710 4266 ut
2743 4216 2833 4265 est
2863 4211 2923 4265 in
2953 4211 3284 4282 proverbio,

2120 4301 2452 4373 Scythicam
2487 4302 2700 4356 faceret
2731 4301 3032 4371 perpetuis
3077 4300 3458 4366 incursibus;

2122 4390 2418 4446 Romanas
2444 4394 2644 4461 capias
2674 4391 2864 4445 Caesar
2891 4393 3093 4444 contra
3123 4389 3324 4444 eduxit
3349 4405 3361 4441 :

2121 4479 2340 4550 Deique
2371 4495 2478 4551 ope
2510 4478 2706 4550 praelio
2739 4478 3060 4534 commisso

2118 4567 2418 4639 Scythicas
2448 4571 2690 4622 cunctas
2723 4566 2956 4637 disjecit
2985 4565 3331 4638 phalanges,

2119 4660 2178 4712 et
2206 4656 2556 4712 victoriosus
2585 4657 2907 4728 imperator
2939 4655 3167 4711 exstitit

2122 4744 2392 4815 consilio,
2425 4763 2628 4809 manu,
2666 4745 2936 4816 precibus
2969 4745 3038 4799 ad
3071 4745 3278 4799 Deum.

2121 4833 2248 4888 Non
2281 4833 2436 4889 enim
2470 4839 2703 4889 tantum
2730 4849 2828 4888 rex
2858 4831 3214 4888 consiliosus
3246 4836 3372 4887 erat

2123 4926 2299 4993 atque
2331 4938 2435 4993 per
2465 4939 2696 4995 pugnas
2726 4922 2894 4976 fortis
2927 4922 3273 4992 imperator,

2122 5011 2224 5066 sed
2249 5011 2407 5066 velut
2430 5011 2577 5067 alter
2607 5016 2836 5082 Moyses
2868 5009 3133 5064 novellus

2122 5116 2335 5156 manus
2369 5100 2642 5156 attollens
2674 5103 2742 5155 ad
2777 5102 3094 5170 augustam
3129 5098 3450 5170 imaginem

2119 5187 2544 5245 laudatissima
2573 5188 2830 5260 Virginis
2862 5187 3121 5258 Deipara:

2119 5277 2373 5350 supplici
2407 5285 2577 5351 gestu
2606 5278 2984 5351 profusisque
3014 5275 3295 5350 lacrymis

2119 5370 2461 5427 barbaricos
2495 5370 2783 5427 exercitus
2818 5369 3141 5440 superavit,

2119 5459 2421 5516 victoriam
2455 5459 2685 5516 caelitus
2715 5461 2975 5516 donante
3003 5459 3147 5528 Deo,

2120 5547 2493 5619 splendidam
2530 5567 2770 5622 prorsus
2800 5552 2859 5605 et
2887 5547 3355 5606 celeberrimam.

2121 5636 2350 5691 Etenim
2383 5642 2585 5694 tantus
2616 5639 3009 5694 Barbarorum
3046 5653 3332 5694 numerus

2119 5724 2180 5780 in
2215 5731 2566 5797 potestatem
2598 5728 2817 5784 decidit
2847 5725 3103 5792 victoris,

3720 445 3824 500 150
