  <div class='ocr_page' id='page_1' title='image "/cluster/home/n/w/nwhite01/storage/ocr_20150623/143:no.1/coo.31924054870484/083.png"; bbox 0 0 4140 6398; ppageno 0'>
   <div class='ocr_carea' id='block_1_1' title="bbox 387 402 3806 478">
    <p class='ocr_par' dir='ltr' id='par_1_1' title="bbox 387 402 3806 478">
     <span class='ocr_line' id='line_1_1' title="bbox 387 402 3806 478; baseline -0.011 -1"><span class='ocrx_word' id='word_1_1' title='bbox 387 424 483 478; x_wconf 82' lang='grc'>151</span> <span class='ocrx_word' id='word_1_2' title='bbox 1599 408 1970 464; x_wconf 71' lang='lat' dir='ltr'>EPHREMII</span> <span class='ocrx_word' id='word_1_3' title='bbox 2008 402 2579 460; x_wconf 81' lang='lat' dir='ltr'>CHRONOGRAPHI</span> <span class='ocrx_word' id='word_1_4' title='bbox 3702 406 3806 459; x_wconf 62' lang='lat'>152</span> 
     </span>
    </p>
   </div>
   <div class='ocr_carea' id='block_1_2' title="bbox 380 535 1339 600">
    <p class='ocr_par' dir='ltr' id='par_1_2' title="bbox 380 535 1339 600">
     <span class='ocr_line' id='line_1_2' title="bbox 380 535 1339 600; baseline -0.011 0"><span class='ocrx_word' id='word_1_5' title='bbox 380 544 525 600; x_wconf 88' lang='lat' dir='ltr'>utin</span> <span class='ocrx_word' id='word_1_6' title='bbox 560 541 839 598; x_wconf 81' lang='lat' dir='ltr'>Romanis</span> <span class='ocrx_word' id='word_1_7' title='bbox 872 539 1044 595; x_wconf 89' lang='lat' dir='ltr'>terris</span> <span class='ocrx_word' id='word_1_8' title='bbox 1078 535 1339 592; x_wconf 85' lang='lat' dir='ltr'>occiduis</span> 
     </span>
    </p>
   </div>
   <div class='ocr_carea' id='block_1_3' title="bbox 381 622 1584 707">
    <p class='ocr_par' dir='ltr' id='par_1_3' title="bbox 381 622 1584 707">
     <span class='ocr_line' id='line_1_3' title="bbox 381 622 1584 707; baseline -0.01 -18"><span class='ocrx_word' id='word_1_9' title='bbox 381 633 517 707; x_wconf 90' lang='lat' dir='ltr'>pagi</span> <span class='ocrx_word' id='word_1_10' title='bbox 548 637 606 687; x_wconf 86' lang='lat' dir='ltr'>et</span> <span class='ocrx_word' id='word_1_11' title='bbox 635 630 875 686; x_wconf 67' lang='lat' dir='ltr'>coloniae</span> <span class='ocrx_word' id='word_1_12' title='bbox 900 635 1040 683; x_wconf 92' lang='lat' dir='ltr'>tunc</span> <span class='ocrx_word' id='word_1_13' title='bbox 1072 627 1143 681; x_wconf 91' lang='lat' dir='ltr'>de</span> <span class='ocrx_word' id='word_1_14' title='bbox 1179 625 1266 679; x_wconf 90' lang='lat' dir='ltr'>his</span> <span class='ocrx_word' id='word_1_15' title='bbox 1312 622 1584 678; x_wconf 89' lang='lat' dir='ltr'>Barbaris</span> 
     </span>
    </p>
   </div>
   <div class='ocr_carea' id='block_1_4' title="bbox 386 714 1751 779">
    <p class='ocr_par' dir='ltr' id='par_1_4' title="bbox 386 714 1751 779">
     <span class='ocr_line' id='line_1_4' title="bbox 386 714 1751 779; baseline -0.012 0"><span class='ocrx_word' id='word_1_16' title='bbox 386 722 650 779; x_wconf 64' lang='lat' dir='ltr'>conﬂata</span> <span class='ocrx_word' id='word_1_17' title='bbox 683 721 923 775; x_wconf 84' lang='lat' dir='ltr'>fuerunt</span> <span class='ocrx_word' id='word_1_18' title='bbox 952 723 1009 772; x_wconf 90' lang='lat' dir='ltr'>et</span> <span class='ocrx_word' id='word_1_19' title='bbox 1041 732 1196 771; x_wconf 91' lang='lat' dir='ltr'>nunc</span> <span class='ocrx_word' id='word_1_20' title='bbox 1228 714 1420 770; x_wconf 88' lang='lat' dir='ltr'>adhuc</span> <span class='ocrx_word' id='word_1_21' title='bbox 1452 714 1751 778; x_wconf 84' lang='lat' dir='ltr'>maneant,</span> 
     </span>
    </p>
   </div>
   <div class='ocr_carea' id='block_1_5' title="bbox 386 806 1586 884">
    <p class='ocr_par' dir='ltr' id='par_1_5' title="bbox 386 806 1586 884">
     <span class='ocr_line' id='line_1_5' title="bbox 386 806 1586 884; baseline -0.01 -16"><span class='ocrx_word' id='word_1_22' title='bbox 386 812 605 884; x_wconf 87' lang='lat' dir='ltr'>quibus</span> <span class='ocrx_word' id='word_1_23' title='bbox 637 814 694 865; x_wconf 89' lang='lat' dir='ltr'>et</span> <span class='ocrx_word' id='word_1_24' title='bbox 723 808 915 880; x_wconf 87' lang='lat' dir='ltr'>gentis</span> <span class='ocrx_word' id='word_1_25' title='bbox 947 806 1202 862; x_wconf 90' lang='lat' dir='ltr'>inditum</span> <span class='ocrx_word' id='word_1_26' title='bbox 1235 809 1325 859; x_wconf 90' lang='lat' dir='ltr'>est</span> <span class='ocrx_word' id='word_1_27' title='bbox 1350 819 1586 858; x_wconf 84' lang='lat' dir='ltr'>nomen.</span> 
     </span>
    </p>
   </div>
   <div class='ocr_carea' id='block_1_6' title="bbox 389 894 1352 969">
    <p class='ocr_par' dir='ltr' id='par_1_6' title="bbox 389 894 1352 969">
     <span class='ocr_line' id='line_1_6' title="bbox 389 894 1352 969; baseline -0.01 -12"><span class='ocrx_word' id='word_1_28' title='bbox 389 900 501 956; x_wconf 89' lang='lat' dir='ltr'>Alii</span> <span class='ocrx_word' id='word_1_29' title='bbox 533 898 849 969; x_wconf 85' lang='lat' dir='ltr'>conscripti</span> <span class='ocrx_word' id='word_1_30' title='bbox 882 901 1022 952; x_wconf 88' lang='lat' dir='ltr'>sunt</span> <span class='ocrx_word' id='word_1_31' title='bbox 1043 894 1352 950; x_wconf 81' lang='lat' dir='ltr'>auxiliares</span> 
     </span>
    </p>
   </div>
   <div class='ocr_carea' id='block_1_7' title="bbox 395 981 1558 1062">
    <p class='ocr_par' dir='ltr' id='par_1_7' title="bbox 395 981 1558 1062">
     <span class='ocr_line' id='line_1_7' title="bbox 395 981 1558 1062; baseline -0.009 -15"><span class='ocrx_word' id='word_1_32' title='bbox 395 998 571 1062; x_wconf 86' lang='lat' dir='ltr'>atque</span> <span class='ocrx_word' id='word_1_33' title='bbox 604 988 881 1044; x_wconf 79' lang='lat' dir='ltr'>Romanis</span> <span class='ocrx_word' id='word_1_34' title='bbox 914 985 1151 1041; x_wconf 82' lang='lat' dir='ltr'>admisti</span> <span class='ocrx_word' id='word_1_35' title='bbox 1184 981 1558 1038; x_wconf 81' lang='lat' dir='ltr'>exercitibus.</span> 
     </span>
    </p>
   </div>
   <div class='ocr_carea' id='block_1_8' title="bbox 389 1066 1769 1151">
    <p class='ocr_par' dir='ltr' id='par_1_8' title="bbox 389 1066 1769 1151">
     <span class='ocr_line' id='line_1_8' title="bbox 389 1066 1769 1151; baseline -0.012 -16"><span class='ocrx_word' id='word_1_36' title='bbox 389 1080 665 1151; x_wconf 82' lang='lat' dir='ltr'>Magnam</span> <span class='ocrx_word' id='word_1_37' title='bbox 696 1077 812 1133; x_wconf 87' lang='lat' dir='ltr'>vim</span> <span class='ocrx_word' id='word_1_38' title='bbox 844 1091 1077 1147; x_wconf 91' lang='lat' dir='ltr'>quoque</span> <span class='ocrx_word' id='word_1_39' title='bbox 1100 1074 1211 1128; x_wconf 88' lang='lat' dir='ltr'>sub</span> <span class='ocrx_word' id='word_1_40' title='bbox 1242 1088 1457 1127; x_wconf 79' lang='lat' dir='ltr'>corona</span> <span class='ocrx_word' id='word_1_41' title='bbox 1486 1066 1769 1124; x_wconf 86' lang='lat' dir='ltr'>vendidit.</span> 
     </span>
    </p>
   </div>
   <div class='ocr_carea' id='block_1_9' title="bbox 388 1160 1483 1223">
    <p class='ocr_par' dir='ltr' id='par_1_9' title="bbox 388 1160 1483 1223">
     <span class='ocr_line' id='line_1_9' title="bbox 388 1160 1483 1223; baseline -0.009 0"><span class='ocrx_word' id='word_1_42' title='bbox 388 1168 576 1223; x_wconf 92' lang='lat' dir='ltr'>victor</span> <span class='ocrx_word' id='word_1_43' title='bbox 606 1166 897 1223; x_wconf 85' lang='lat' dir='ltr'>exercitus</span> <span class='ocrx_word' id='word_1_44' title='bbox 924 1180 1067 1218; x_wconf 88' lang='lat' dir='ltr'>auro</span> <span class='ocrx_word' id='word_1_45' title='bbox 1098 1160 1483 1217; x_wconf 90' lang='lat' dir='ltr'>licitantibus.</span> 
     </span>
    </p>
   </div>
   <div class='ocr_carea' id='block_1_10' title="bbox 390 1246 1616 1327">
    <p class='ocr_par' dir='ltr' id='par_1_10' title="bbox 390 1246 1616 1327">
     <span class='ocr_line' id='line_1_10' title="bbox 390 1246 1616 1327; baseline -0.008 -16"><span class='ocrx_word' id='word_1_46' title='bbox 390 1256 571 1311; x_wconf 88' lang='lat' dir='ltr'>Paulo</span> <span class='ocrx_word' id='word_1_47' title='bbox 599 1260 730 1327; x_wconf 88' lang='lat' dir='ltr'>post</span> <span class='ocrx_word' id='word_1_48' title='bbox 759 1254 953 1309; x_wconf 66' lang='lat' dir='ltr'>Caesar</span> <span class='ocrx_word' id='word_1_49' title='bbox 984 1252 1166 1307; x_wconf 88' lang='lat' dir='ltr'>armis</span> <span class='ocrx_word' id='word_1_50' title='bbox 1196 1266 1406 1304; x_wconf 87' lang='lat' dir='ltr'>rursus</span> <span class='ocrx_word' id='word_1_51' title='bbox 1440 1246 1616 1301; x_wconf 91' lang='lat' dir='ltr'>motis</span> 
     </span>
    </p>
   </div>
   <div class='ocr_carea' id='block_1_11' title="bbox 392 1338 1691 1408">
    <p class='ocr_par' dir='ltr' id='par_1_11' title="bbox 392 1338 1691 1408">
     <span class='ocr_line' id='line_1_11' title="bbox 392 1338 1691 1408; baseline -0.008 -8"><span class='ocrx_word' id='word_1_52' title='bbox 392 1349 595 1401; x_wconf 86' lang='lat' dir='ltr'>contra</span> <span class='ocrx_word' id='word_1_53' title='bbox 623 1343 910 1399; x_wconf 85' lang='lat' dir='ltr'>Triballos</span> <span class='ocrx_word' id='word_1_54' title='bbox 943 1342 1224 1396; x_wconf 88' lang='lat' dir='ltr'>barbaros</span> <span class='ocrx_word' id='word_1_55' title='bbox 1252 1344 1341 1393; x_wconf 88' lang='lat' dir='ltr'>est</span> <span class='ocrx_word' id='word_1_56' title='bbox 1371 1338 1691 1408; x_wconf 81' lang='lat' dir='ltr'>profectus,</span> 
     </span>
    </p>
   </div>
   <div class='ocr_carea' id='block_1_12' title="bbox 392 1429 1445 1504">
    <p class='ocr_par' dir='ltr' id='par_1_12' title="bbox 392 1429 1445 1504">
     <span class='ocr_line' id='line_1_12' title="bbox 392 1429 1445 1504; baseline -0.009 -14"><span class='ocrx_word' id='word_1_57' title='bbox 392 1436 567 1490; x_wconf 84' lang='lat' dir='ltr'>ﬁdem</span> <span class='ocrx_word' id='word_1_58' title='bbox 591 1435 856 1504; x_wconf 83' lang='lat' dir='ltr'>juratam</span> <span class='ocrx_word' id='word_1_59' title='bbox 892 1432 1113 1502; x_wconf 83' lang='lat' dir='ltr'>perﬁde</span> <span class='ocrx_word' id='word_1_60' title='bbox 1145 1429 1445 1493; x_wconf 86' lang='lat' dir='ltr'>lallentes;</span> 
     </span>
    </p>
   </div>
   <div class='ocr_carea' id='block_1_13' title="bbox 389 1520 1399 1595">
    <p class='ocr_par' dir='ltr' id='par_1_13' title="bbox 389 1520 1399 1595">
     <span class='ocr_line' id='line_1_13' title="bbox 389 1520 1399 1595; baseline -0.011 -14"><span class='ocrx_word' id='word_1_61' title='bbox 389 1541 539 1595; x_wconf 92' lang='lat' dir='ltr'>quos</span> <span class='ocrx_word' id='word_1_62' title='bbox 572 1521 896 1579; x_wconf 84' lang='lat' dir='ltr'>debellatus</span> <span class='ocrx_word' id='word_1_63' title='bbox 924 1520 1182 1574; x_wconf 90' lang='lat' dir='ltr'>violento</span> <span class='ocrx_word' id='word_1_64' title='bbox 1215 1522 1399 1571; x_wconf 88' lang='lat' dir='ltr'>marte</span> 
     </span>
    </p>
   </div>
   <div class='ocr_carea' id='block_1_14' title="bbox 388 1607 1307 1682">
    <p class='ocr_par' dir='ltr' id='par_1_14' title="bbox 388 1607 1307 1682">
     <span class='ocr_line' id='line_1_14' title="bbox 388 1607 1307 1682; baseline -0.005 -15"><span class='ocrx_word' id='word_1_65' title='bbox 388 1614 581 1668; x_wconf 88' lang='lat' dir='ltr'>denuo</span> <span class='ocrx_word' id='word_1_66' title='bbox 614 1627 819 1682; x_wconf 90' lang='lat' dir='ltr'>pacem</span> <span class='ocrx_word' id='word_1_67' title='bbox 851 1613 1041 1666; x_wconf 84' lang='lat' dir='ltr'>tacere</span> <span class='ocrx_word' id='word_1_68' title='bbox 1074 1607 1261 1678; x_wconf 83' lang='lat' dir='ltr'>coegit</span> <span class='ocrx_word' id='word_1_69' title='bbox 1295 1624 1307 1662; x_wconf 93' lang='lat'><strong>:</strong></span> 
     </span>
    </p>
   </div>
   <div class='ocr_carea' id='block_1_15' title="bbox 390 1694 1542 1771">
    <p class='ocr_par' dir='ltr' id='par_1_15' title="bbox 390 1694 1542 1771">
     <span class='ocr_line' id='line_1_15' title="bbox 390 1694 1542 1771; baseline -0.008 -15"><span class='ocrx_word' id='word_1_70' title='bbox 390 1716 646 1771; x_wconf 89' lang='lat' dir='ltr'>cumque</span> <span class='ocrx_word' id='word_1_71' title='bbox 696 1699 1007 1755; x_wconf 84' lang='lat' dir='ltr'>manubias</span> <span class='ocrx_word' id='word_1_72' title='bbox 1039 1697 1201 1752; x_wconf 89' lang='lat' dir='ltr'>illinc</span> <span class='ocrx_word' id='word_1_73' title='bbox 1232 1694 1542 1767; x_wconf 83' lang='lat' dir='ltr'>abegisset,</span> 
     </span>
    </p>
   </div>
   <div class='ocr_carea' id='block_1_16' title="bbox 395 1782 1503 1860">
    <p class='ocr_par' dir='ltr' id='par_1_16' title="bbox 395 1782 1503 1860">
     <span class='ocr_line' id='line_1_16' title="bbox 395 1782 1503 1860; baseline -0.009 -16"><span class='ocrx_word' id='word_1_74' title='bbox 395 1788 646 1845; x_wconf 88' lang='lat' dir='ltr'>militem</span> <span class='ocrx_word' id='word_1_75' title='bbox 679 1787 981 1860; x_wconf 90' lang='lat' dir='ltr'>pr0prium</span> <span class='ocrx_word' id='word_1_76' title='bbox 1017 1786 1211 1857; x_wconf 70' lang='lat' dir='ltr'>praeda</span> <span class='ocrx_word' id='word_1_77' title='bbox 1241 1782 1503 1854; x_wconf 80' lang='lat' dir='ltr'>replevit,</span> 
     </span>
    </p>
   </div>
   <div class='ocr_carea' id='block_1_17' title="bbox 394 1870 1534 1947">
    <p class='ocr_par' dir='ltr' id='par_1_17' title="bbox 394 1870 1534 1947">
     <span class='ocr_line' id='line_1_17' title="bbox 394 1870 1534 1947; baseline -0.006 -16"><span class='ocrx_word' id='word_1_78' title='bbox 394 1875 600 1947; x_wconf 89' lang='lat' dir='ltr'>spoliis</span> <span class='ocrx_word' id='word_1_79' title='bbox 636 1873 981 1935; x_wconf 85' lang='lat' dir='ltr'>innumeris,</span> <span class='ocrx_word' id='word_1_80' title='bbox 1016 1874 1227 1945; x_wconf 86' lang='lat' dir='ltr'>Opibus</span> <span class='ocrx_word' id='word_1_81' title='bbox 1260 1870 1534 1942; x_wconf 83' lang='lat' dir='ltr'>copiosis.</span> 
     </span>
    </p>
   </div>
   <div class='ocr_carea' id='block_1_18' title="bbox 394 1960 1604 2037">
    <p class='ocr_par' dir='ltr' id='par_1_18' title="bbox 394 1960 1604 2037">
     <span class='ocr_line' id='line_1_18' title="bbox 394 1960 1604 2037; baseline -0.007 -16"><span class='ocrx_word' id='word_1_82' title='bbox 394 1965 703 2037; x_wconf 89' lang='lat' dir='ltr'>Captivum</span> <span class='ocrx_word' id='word_1_83' title='bbox 737 1969 929 2019; x_wconf 90' lang='lat' dir='ltr'>autem</span> <span class='ocrx_word' id='word_1_84' title='bbox 960 1963 1169 2034; x_wconf 86' lang='lat' dir='ltr'>vulgus</span> <span class='ocrx_word' id='word_1_85' title='bbox 1207 1962 1359 2016; x_wconf 87' lang='lat' dir='ltr'>ultra</span> <span class='ocrx_word' id='word_1_86' title='bbox 1390 1960 1604 2015; x_wconf 88' lang='lat' dir='ltr'>fretum</span> 
     </span>
    </p>
   </div>
   <div class='ocr_carea' id='block_1_19' title="bbox 397 2050 1593 2125">
    <p class='ocr_par' dir='ltr' id='par_1_19' title="bbox 397 2050 1593 2125">
     <span class='ocr_line' id='line_1_19' title="bbox 397 2050 1593 2125; baseline -0.005 -16"><span class='ocrx_word' id='word_1_87' title='bbox 397 2053 702 2109; x_wconf 89' lang='lat' dir='ltr'>transtulit</span> <span class='ocrx_word' id='word_1_88' title='bbox 734 2053 793 2108; x_wconf 92' lang='lat' dir='ltr'>in</span> <span class='ocrx_word' id='word_1_89' title='bbox 827 2052 1187 2125; x_wconf 82' lang='lat' dir='ltr'>Bythiniam,</span> <span class='ocrx_word' id='word_1_90' title='bbox 1222 2051 1395 2121; x_wconf 88' lang='lat' dir='ltr'>eique</span> <span class='ocrx_word' id='word_1_91' title='bbox 1424 2050 1593 2104; x_wconf 90' lang='lat' dir='ltr'>sedes</span> 
     </span>
    </p>
   </div>
   <div class='ocr_carea' id='block_1_20' title="bbox 394 2138 1669 2214">
    <p class='ocr_par' dir='ltr' id='par_1_20' title="bbox 394 2138 1669 2214">
     <span class='ocr_line' id='line_1_20' title="bbox 394 2138 1669 2214; baseline -0.004 -16"><span class='ocrx_word' id='word_1_92' title='bbox 394 2142 554 2198; x_wconf 89' lang='lat' dir='ltr'>haud</span> <span class='ocrx_word' id='word_1_93' title='bbox 586 2142 787 2214; x_wconf 91' lang='lat' dir='ltr'>procul</span> <span class='ocrx_word' id='word_1_94' title='bbox 824 2144 964 2197; x_wconf 87' lang='lat' dir='ltr'>urbe</span> <span class='ocrx_word' id='word_1_95' title='bbox 994 2140 1332 2196; x_wconf 90' lang='lat' dir='ltr'>Nicomedia</span> <span class='ocrx_word' id='word_1_96' title='bbox 1380 2138 1669 2193; x_wconf 89' lang='lat' dir='ltr'>attribuit.</span> 
     </span>
    </p>
   </div>
   <div class='ocr_carea' id='block_1_21' title="bbox 397 2224 1765 2301">
    <p class='ocr_par' dir='ltr' id='par_1_21' title="bbox 397 2224 1765 2301">
     <span class='ocr_line' id='line_1_21' title="bbox 397 2224 1765 2301; baseline -0.006 -14"><span class='ocrx_word' id='word_1_97' title='bbox 397 2233 681 2301; x_wconf 87' lang='lat' dir='ltr'>Idemque</span> <span class='ocrx_word' id='word_1_98' title='bbox 712 2232 924 2301; x_wconf 87' lang='lat' dir='ltr'>partim</span> <span class='ocrx_word' id='word_1_99' title='bbox 957 2229 1173 2285; x_wconf 89' lang='lat' dir='ltr'>milites</span> <span class='ocrx_word' id='word_1_100' title='bbox 1207 2227 1579 2298; x_wconf 82' lang='lat' dir='ltr'>conscripsit,</span> <span class='ocrx_word' id='word_1_101' title='bbox 1761 2224 1765 2227; x_wconf 60' lang='grc'>“</span> 
     </span>
    </p>
   </div>
   <div class='ocr_carea' id='block_1_22' title="bbox 395 2319 1320 2393">
    <p class='ocr_par' dir='ltr' id='par_1_22' title="bbox 395 2319 1320 2393">
     <span class='ocr_line' id='line_1_22' title="bbox 395 2319 1320 2393; baseline -0.004 -17"><span class='ocrx_word' id='word_1_102' title='bbox 395 2321 615 2393; x_wconf 87' lang='lat' dir='ltr'>partim</span> <span class='ocrx_word' id='word_1_103' title='bbox 648 2322 793 2392; x_wconf 92' lang='lat' dir='ltr'>reip.</span> <span class='ocrx_word' id='word_1_104' title='bbox 820 2320 955 2375; x_wconf 76' lang='lat' dir='ltr'>fecit</span> <span class='ocrx_word' id='word_1_105' title='bbox 984 2319 1320 2389; x_wconf 86' lang='lat' dir='ltr'>vectigales.</span> 
     </span>
    </p>
   </div>
   <div class='ocr_carea' id='block_1_23' title="bbox 395 2408 1542 2481">
    <p class='ocr_par' dir='ltr' id='par_1_23' title="bbox 395 2408 1542 2481">
     <span class='ocr_line' id='line_1_23' title="bbox 395 2408 1542 2481; baseline -0.006 -14"><span class='ocrx_word' id='word_1_106' title='bbox 395 2414 615 2467; x_wconf 84' lang='lat' dir='ltr'>Istrum</span> <span class='ocrx_word' id='word_1_107' title='bbox 646 2412 847 2467; x_wconf 68' lang='lat' dir='ltr'>aestivo</span> <span class='ocrx_word' id='word_1_108' title='bbox 878 2416 1144 2481; x_wconf 87' lang='lat' dir='ltr'>tempore</span> <span class='ocrx_word' id='word_1_109' title='bbox 1189 2408 1542 2479; x_wconf 81' lang='lat' dir='ltr'>transgressi</span> 
     </span>
    </p>
   </div>
   <div class='ocr_carea' id='block_1_24' title="bbox 394 2497 1583 2571">
    <p class='ocr_par' dir='ltr' id='par_1_24' title="bbox 394 2497 1583 2571">
     <span class='ocr_line' id='line_1_24' title="bbox 394 2497 1583 2571; baseline -0.004 -16"><span class='ocrx_word' id='word_1_110' title='bbox 394 2500 592 2556; x_wconf 89' lang='lat' dir='ltr'>Hunni</span> <span class='ocrx_word' id='word_1_111' title='bbox 624 2505 907 2571; x_wconf 91' lang='lat' dir='ltr'>ceperunt</span> <span class='ocrx_word' id='word_1_112' title='bbox 937 2501 1143 2555; x_wconf 90' lang='lat' dir='ltr'>urbem</span> <span class='ocrx_word' id='word_1_113' title='bbox 1175 2497 1583 2567; x_wconf 89' lang='lat' dir='ltr'>Branitzoben,</span> 
     </span>
    </p>
   </div>
   <div class='ocr_carea' id='block_1_25' title="bbox 395 2588 1413 2660">
    <p class='ocr_par' dir='ltr' id='par_1_25' title="bbox 395 2588 1413 2660">
     <span class='ocr_line' id='line_1_25' title="bbox 395 2588 1413 2660; baseline -0.005 -15"><span class='ocrx_word' id='word_1_114' title='bbox 395 2590 567 2660; x_wconf 87' lang='lat' dir='ltr'>cujus</span> <span class='ocrx_word' id='word_1_115' title='bbox 598 2589 843 2660; x_wconf 88' lang='lat' dir='ltr'>dejectis</span> <span class='ocrx_word' id='word_1_116' title='bbox 870 2589 1099 2644; x_wconf 86' lang='lat' dir='ltr'>cunctis</span> <span class='ocrx_word' id='word_1_117' title='bbox 1132 2588 1413 2655; x_wconf 66' lang='lat' dir='ltr'>aediﬁciis,</span> 
     </span>
    </p>
   </div>
   <div class='ocr_carea' id='block_1_26' title="bbox 393 2676 1521 2750">
    <p class='ocr_par' dir='ltr' id='par_1_26' title="bbox 393 2676 1521 2750">
     <span class='ocr_line' id='line_1_26' title="bbox 393 2676 1521 2750; baseline -0.003 -17"><span class='ocrx_word' id='word_1_118' title='bbox 393 2677 620 2750; x_wconf 84' lang='lat' dir='ltr'>lapides</span> <span class='ocrx_word' id='word_1_119' title='bbox 650 2680 830 2734; x_wconf 91' lang='lat' dir='ltr'>etiam</span> <span class='ocrx_word' id='word_1_120' title='bbox 859 2677 1175 2749; x_wconf 90' lang='lat' dir='ltr'>Zeugmion</span> <span class='ocrx_word' id='word_1_121' title='bbox 1207 2676 1475 2733; x_wconf 89' lang='lat' dir='ltr'>tulerunt</span> <span class='ocrx_word' id='word_1_122' title='bbox 1508 2692 1521 2730; x_wconf 92' lang='lat'>:</span> 
     </span>
    </p>
   </div>
   <div class='ocr_carea' id='block_1_27' title="bbox 395 2853 1683 2927">
    <p class='ocr_par' dir='ltr' id='par_1_27' title="bbox 395 2853 1683 2927">
     <span class='ocr_line' id='line_1_27' title="bbox 395 2853 1683 2927; baseline -0.003 -16"><span class='ocrx_word' id='word_1_123' title='bbox 395 2860 524 2911; x_wconf 90' lang='lat' dir='ltr'>tum</span> <span class='ocrx_word' id='word_1_124' title='bbox 556 2856 733 2912; x_wconf 90' lang='lat' dir='ltr'>etiam</span> <span class='ocrx_word' id='word_1_125' title='bbox 765 2873 969 2927; x_wconf 86' lang='lat' dir='ltr'>agrum</span> <span class='ocrx_word' id='word_1_126' title='bbox 1002 2858 1385 2911; x_wconf 89' lang='lat' dir='ltr'>incursarunt</span> <span class='ocrx_word' id='word_1_127' title='bbox 1413 2853 1683 2911; x_wconf 58' lang='lat' dir='ltr'>Serdicae.</span> 
     </span>
    </p>
   </div>
   <div class='ocr_carea' id='block_1_28' title="bbox 401 2944 1415 3017">
    <p class='ocr_par' dir='ltr' id='par_1_28' title="bbox 401 2944 1415 3017">
     <span class='ocr_line' id='line_1_28' title="bbox 401 2944 1415 3017; baseline -0.001 -17"><span class='ocrx_word' id='word_1_128' title='bbox 401 2944 589 3017; x_wconf 91' lang='lat' dir='ltr'>Igitur</span> <span class='ocrx_word' id='word_1_129' title='bbox 618 2945 712 3001; x_wconf 89' lang='lat' dir='ltr'>his</span> <span class='ocrx_word' id='word_1_130' title='bbox 746 2962 1063 3002; x_wconf 92' lang='lat' dir='ltr'>occurrens</span> <span class='ocrx_word' id='word_1_131' title='bbox 1093 2945 1415 3016; x_wconf 87' lang='lat' dir='ltr'>imperator</span> 
     </span>
    </p>
   </div>
   <div class='ocr_carea' id='block_1_29' title="bbox 398 3032 1429 3105">
    <p class='ocr_par' dir='ltr' id='par_1_29' title="bbox 398 3032 1429 3105">
     <span class='ocr_line' id='line_1_29' title="bbox 398 3032 1429 3105; baseline -0.002 -17"><span class='ocrx_word' id='word_1_132' title='bbox 398 3034 553 3089; x_wconf 91' lang='lat' dir='ltr'>inter</span> <span class='ocrx_word' id='word_1_133' title='bbox 582 3034 829 3105; x_wconf 89' lang='lat' dir='ltr'>paludes</span> <span class='ocrx_word' id='word_1_134' title='bbox 861 3035 1047 3089; x_wconf 87' lang='lat' dir='ltr'>valido</span> <span class='ocrx_word' id='word_1_135' title='bbox 1078 3050 1212 3089; x_wconf 90' lang='lat' dir='ltr'>cum</span> <span class='ocrx_word' id='word_1_136' title='bbox 1245 3032 1429 3088; x_wconf 88' lang='lat' dir='ltr'>milite</span> 
     </span>
    </p>
   </div>
   <div class='ocr_carea' id='block_1_30' title="bbox 395 3123 1655 3196">
    <p class='ocr_par' dir='ltr' id='par_1_30' title="bbox 395 3123 1655 3196">
     <span class='ocr_line' id='line_1_30' title="bbox 395 3123 1655 3196; baseline -0.001 -18"><span class='ocrx_word' id='word_1_137' title='bbox 395 3123 554 3179; x_wconf 90' lang='lat' dir='ltr'>haud</span> <span class='ocrx_word' id='word_1_138' title='bbox 584 3124 789 3196; x_wconf 92' lang='lat' dir='ltr'>procul</span> <span class='ocrx_word' id='word_1_139' title='bbox 822 3125 969 3180; x_wconf 88' lang='lat' dir='ltr'>Istro</span> <span class='ocrx_word' id='word_1_140' title='bbox 1000 3124 1270 3180; x_wconf 89' lang='lat' dir='ltr'>hostibus</span> <span class='ocrx_word' id='word_1_141' title='bbox 1301 3139 1655 3195; x_wconf 90' lang='lat' dir='ltr'>congressus</span> 
     </span>
    </p>
   </div>
   <div class='ocr_carea' id='block_1_31' title="bbox 396 3212 1620 3281">
    <p class='ocr_par' dir='ltr' id='par_1_31' title="bbox 396 3212 1620 3281">
     <span class='ocr_line' id='line_1_31' title="bbox 396 3212 1620 3281; baseline -0.002 -14"><span class='ocrx_word' id='word_1_142' title='bbox 396 3212 615 3268; x_wconf 89' lang='lat' dir='ltr'>claram</span> <span class='ocrx_word' id='word_1_143' title='bbox 644 3214 713 3268; x_wconf 93' lang='lat' dir='ltr'>de</span> <span class='ocrx_word' id='word_1_144' title='bbox 742 3213 1015 3270; x_wconf 88' lang='lat' dir='ltr'>Barbaris</span> <span class='ocrx_word' id='word_1_145' title='bbox 1048 3212 1249 3269; x_wconf 86' lang='lat' dir='ltr'>retulit</span> <span class='ocrx_word' id='word_1_146' title='bbox 1278 3213 1620 3281; x_wconf 88' lang='lat' dir='ltr'>victoriam;</span> 
     </span>
    </p>
   </div>
   <div class='ocr_carea' id='block_1_32' title="bbox 392 3301 1666 3374">
    <p class='ocr_par' dir='ltr' id='par_1_32' title="bbox 392 3301 1666 3374">
     <span class='ocr_line' id='line_1_32' title="bbox 392 3301 1666 3374; baseline 0.001 -18"><span class='ocrx_word' id='word_1_147' title='bbox 392 3306 451 3357; x_wconf 90' lang='lat' dir='ltr'>et</span> <span class='ocrx_word' id='word_1_148' title='bbox 480 3301 834 3358; x_wconf 86' lang='lat' dir='ltr'>Chrasmum</span> <span class='ocrx_word' id='word_1_149' title='bbox 866 3304 1019 3374; x_wconf 90' lang='lat' dir='ltr'>cepit</span> <span class='ocrx_word' id='word_1_150' title='bbox 1048 3320 1183 3359; x_wconf 91' lang='lat' dir='ltr'>cum</span> <span class='ocrx_word' id='word_1_151' title='bbox 1220 3302 1666 3369; x_wconf 86' lang='lat' dir='ltr'>Francochorio,</span> 
     </span>
    </p>
   </div>
   <div class='ocr_carea' id='block_1_33' title="bbox 395 3394 1515 3466">
    <p class='ocr_par' dir='ltr' id='par_1_33' title="bbox 395 3394 1515 3466">
     <span class='ocr_line' id='line_1_33' title="bbox 395 3394 1515 3466; baseline 0 -20"><span class='ocrx_word' id='word_1_152' title='bbox 395 3408 510 3462; x_wconf 90' lang='lat' dir='ltr'>que</span> <span class='ocrx_word' id='word_1_153' title='bbox 543 3408 679 3463; x_wconf 84' lang='lat' dir='ltr'>pars</span> <span class='ocrx_word' id='word_1_154' title='bbox 710 3394 953 3448; x_wconf 60' lang='lat' dir='ltr'>Paoniae</span> <span class='ocrx_word' id='word_1_155' title='bbox 986 3394 1344 3466; x_wconf 88' lang='lat' dir='ltr'>prestantior</span> <span class='ocrx_word' id='word_1_156' title='bbox 1372 3398 1515 3448; x_wconf 88' lang='lat' dir='ltr'>erat.</span> 
     </span>
    </p>
   </div>
   <div class='ocr_carea' id='block_1_34' title="bbox 394 3481 1704 3555">
    <p class='ocr_par' dir='ltr' id='par_1_34' title="bbox 394 3481 1704 3555">
     <span class='ocr_line' id='line_1_34' title="bbox 394 3481 1704 3555; baseline 0.004 -20"><span class='ocrx_word' id='word_1_157' title='bbox 394 3481 544 3535; x_wconf 92' lang='lat' dir='ltr'>Tum</span> <span class='ocrx_word' id='word_1_158' title='bbox 576 3482 753 3537; x_wconf 89' lang='lat' dir='ltr'>etiam</span> <span class='ocrx_word' id='word_1_159' title='bbox 785 3482 1050 3554; x_wconf 88' lang='lat' dir='ltr'>Zeugmii</span> <span class='ocrx_word' id='word_1_160' title='bbox 1082 3482 1299 3537; x_wconf 73' lang='lat' dir='ltr'>mmnia</span> <span class='ocrx_word' id='word_1_161' title='bbox 1329 3485 1704 3555; x_wconf 84' lang='lat' dir='ltr'>expugnavit.</span> 
     </span>
    </p>
   </div>
   <div class='ocr_carea' id='block_1_35' title="bbox 395 3568 1675 3641">
    <p class='ocr_par' dir='ltr' id='par_1_35' title="bbox 395 3568 1675 3641">
     <span class='ocr_line' id='line_1_35' title="bbox 395 3568 1675 3641; baseline 0.004 -18"><span class='ocrx_word' id='word_1_162' title='bbox 395 3568 681 3641; x_wconf 83' lang='lat' dir='ltr'>illincque</span> <span class='ocrx_word' id='word_1_163' title='bbox 712 3572 970 3641; x_wconf 69' lang='lat' dir='ltr'>praedam</span> <span class='ocrx_word' id='word_1_164' title='bbox 1004 3572 1251 3627; x_wconf 84' lang='lat' dir='ltr'>abstulit</span> <span class='ocrx_word' id='word_1_165' title='bbox 1279 3572 1675 3641; x_wconf 88' lang='lat' dir='ltr'>innumeram,</span> 
     </span>
    </p>
   </div>
   <div class='ocr_carea' id='block_1_36' title="bbox 398 3659 1403 3731">
    <p class='ocr_par' dir='ltr' id='par_1_36' title="bbox 398 3659 1403 3731">
     <span class='ocr_line' id='line_1_36' title="bbox 398 3659 1403 3731; baseline 0.005 -19"><span class='ocrx_word' id='word_1_166' title='bbox 398 3659 697 3715; x_wconf 89' lang='lat' dir='ltr'>manubiis</span> <span class='ocrx_word' id='word_1_167' title='bbox 729 3660 855 3731; x_wconf 90' lang='lat' dir='ltr'>ipse</span> <span class='ocrx_word' id='word_1_168' title='bbox 881 3660 1150 3731; x_wconf 90' lang='lat' dir='ltr'>plurimis</span> <span class='ocrx_word' id='word_1_169' title='bbox 1182 3663 1403 3717; x_wconf 88' lang='lat' dir='ltr'>ditatus</span> 
     </span>
    </p>
   </div>
   <div class='ocr_carea' id='block_1_37' title="bbox 400 3746 1589 3819">
    <p class='ocr_par' dir='ltr' id='par_1_37' title="bbox 400 3746 1589 3819">
     <span class='ocr_line' id='line_1_37' title="bbox 400 3746 1589 3819; baseline 0.002 -16"><span class='ocrx_word' id='word_1_170' title='bbox 400 3746 701 3819; x_wconf 88' lang='lat' dir='ltr'>simulque</span> <span class='ocrx_word' id='word_1_171' title='bbox 731 3750 925 3805; x_wconf 89' lang='lat' dir='ltr'>omnis</span> <span class='ocrx_word' id='word_1_172' title='bbox 950 3750 1249 3806; x_wconf 82' lang='lat' dir='ltr'>Romanus</span> <span class='ocrx_word' id='word_1_173' title='bbox 1280 3752 1589 3807; x_wconf 88' lang='lat' dir='ltr'>exercitus.</span> 
     </span>
    </p>
   </div>
   <div class='ocr_carea' id='block_1_38' title="bbox 402 3836 1651 3912">
    <p class='ocr_par' dir='ltr' id='par_1_38' title="bbox 402 3836 1651 3912">
     <span class='ocr_line' id='line_1_38' title="bbox 402 3836 1651 3912; baseline 0.004 -21"><span class='ocrx_word' id='word_1_174' title='bbox 402 3836 547 3893; x_wconf 88' lang='lat' dir='ltr'>Pace</span> <span class='ocrx_word' id='word_1_175' title='bbox 573 3854 706 3893; x_wconf 93' lang='lat' dir='ltr'>cum</span> <span class='ocrx_word' id='word_1_176' title='bbox 740 3839 969 3895; x_wconf 91' lang='lat' dir='ltr'>Hunnis</span> <span class='ocrx_word' id='word_1_177' title='bbox 1012 3839 1278 3895; x_wconf 89' lang='lat' dir='ltr'>barbaris</span> <span class='ocrx_word' id='word_1_178' title='bbox 1309 3842 1651 3912; x_wconf 88' lang='lat' dir='ltr'>composita,</span> 
     </span>
    </p>
   </div>
   <div class='ocr_carea' id='block_1_39' title="bbox 400 3924 1501 4000">
    <p class='ocr_par' dir='ltr' id='par_1_39' title="bbox 400 3924 1501 4000">
     <span class='ocr_line' id='line_1_39' title="bbox 400 3924 1501 4000; baseline 0.005 -20"><span class='ocrx_word' id='word_1_179' title='bbox 400 3924 462 3980; x_wconf 90' lang='lat' dir='ltr'>in</span> <span class='ocrx_word' id='word_1_180' title='bbox 493 3926 774 3984; x_wconf 88' lang='lat' dir='ltr'>orientem</span> <span class='ocrx_word' id='word_1_181' title='bbox 806 3929 1111 3985; x_wconf 84' lang='lat' dir='ltr'>transtulit</span> <span class='ocrx_word' id='word_1_182' title='bbox 1139 3930 1457 3985; x_wconf 83' lang='lat' dir='ltr'>exercitum</span> <span class='ocrx_word' id='word_1_183' title='bbox 1486 3949 1501 4000; x_wconf 90' lang='lat'><strong>;</strong></span> 
     </span>
    </p>
   </div>
   <div class='ocr_carea' id='block_1_40' title="bbox 398 4018 1784 4092">
    <p class='ocr_par' dir='ltr' id='par_1_40' title="bbox 398 4018 1784 4092">
     <span class='ocr_line' id='line_1_40' title="bbox 398 4018 1784 4092; baseline 0.006 -23"><span class='ocrx_word' id='word_1_184' title='bbox 398 4030 621 4087; x_wconf 87' lang='lat' dir='ltr'>perque</span> <span class='ocrx_word' id='word_1_185' title='bbox 654 4018 932 4090; x_wconf 81' lang='lat' dir='ltr'>Bithynos</span> <span class='ocrx_word' id='word_1_186' title='bbox 965 4019 1259 4075; x_wconf 90' lang='lat' dir='ltr'>transiens</span> <span class='ocrx_word' id='word_1_187' title='bbox 1291 4024 1348 4075; x_wconf 88' lang='lat' dir='ltr'>et</span> <span class='ocrx_word' id='word_1_188' title='bbox 1376 4020 1784 4092; x_wconf 86' lang='lat' dir='ltr'>Paphaglonas</span> 
     </span>
    </p>
   </div>
   <div class='ocr_carea' id='block_1_41' title="bbox 400 4102 1545 4179">
    <p class='ocr_par' dir='ltr' id='par_1_41' title="bbox 400 4102 1545 4179">
     <span class='ocr_line' id='line_1_41' title="bbox 400 4102 1545 4179; baseline 0.004 -21"><span class='ocrx_word' id='word_1_189' title='bbox 400 4102 571 4161; x_wconf 87' lang='lat' dir='ltr'>celeri</span> <span class='ocrx_word' id='word_1_190' title='bbox 604 4122 779 4162; x_wconf 89' lang='lat' dir='ltr'>cursu</span> <span class='ocrx_word' id='word_1_191' title='bbox 814 4108 1077 4179; x_wconf 87' lang='lat' dir='ltr'>pervenit</span> <span class='ocrx_word' id='word_1_192' title='bbox 1108 4112 1545 4177; x_wconf 87' lang='lat' dir='ltr'>Castamonem,</span> 
     </span>
    </p>
   </div>
   <div class='ocr_carea' id='block_1_42' title="bbox 399 4193 1598 4270">
    <p class='ocr_par' dir='ltr' id='par_1_42' title="bbox 399 4193 1598 4270">
     <span class='ocr_line' id='line_1_42' title="bbox 399 4193 1598 4270; baseline 0.004 -22"><span class='ocrx_word' id='word_1_193' title='bbox 399 4193 669 4267; x_wconf 90' lang='lat' dir='ltr'>hancque</span> <span class='ocrx_word' id='word_1_194' title='bbox 698 4199 961 4253; x_wconf 83' lang='lat' dir='ltr'>Romano</span> <span class='ocrx_word' id='word_1_195' title='bbox 993 4199 1310 4253; x_wconf 89' lang='lat' dir='ltr'>vindicavit</span> <span class='ocrx_word' id='word_1_196' title='bbox 1341 4203 1598 4270; x_wconf 87' lang='lat' dir='ltr'>sceptro,</span> 
     </span>
    </p>
   </div>
   <div class='ocr_carea' id='block_1_43' title="bbox 398 4282 1723 4359">
    <p class='ocr_par' dir='ltr' id='par_1_43' title="bbox 398 4282 1723 4359">
     <span class='ocr_line' id='line_1_43' title="bbox 398 4282 1723 4359; baseline 0.004 -22"><span class='ocrx_word' id='word_1_197' title='bbox 398 4282 602 4354; x_wconf 87' lang='lat' dir='ltr'>(quam</span> <span class='ocrx_word' id='word_1_198' title='bbox 619 4287 1014 4342; x_wconf 89' lang='lat' dir='ltr'>Persarmenii</span> <span class='ocrx_word' id='word_1_199' title='bbox 1033 4286 1392 4357; x_wconf 88' lang='lat' dir='ltr'>jampridem</span> <span class='ocrx_word' id='word_1_200' title='bbox 1423 4287 1723 4359; x_wconf 85' lang='lat' dir='ltr'>tenebant)</span> 
     </span>
    </p>
   </div>
   <div class='ocr_carea' id='block_1_44' title="bbox 399 4371 1405 4431">
    <p class='ocr_par' dir='ltr' id='par_1_44' title="bbox 399 4371 1405 4431">
     <span class='ocr_line' id='line_1_44' title="bbox 399 4371 1405 4431; baseline 0.004 -5"><span class='ocrx_word' id='word_1_201' title='bbox 399 4371 574 4427; x_wconf 88' lang='lat' dir='ltr'>scalis</span> <span class='ocrx_word' id='word_1_202' title='bbox 606 4377 665 4427; x_wconf 89' lang='lat' dir='ltr'>et</span> <span class='ocrx_word' id='word_1_203' title='bbox 694 4375 984 4429; x_wconf 88' lang='lat' dir='ltr'>machinis</span> <span class='ocrx_word' id='word_1_204' title='bbox 1016 4374 1405 4431; x_wconf 89' lang='lat' dir='ltr'>arietantibus</span> 
     </span>
    </p>
   </div>
   <div class='ocr_carea' id='block_1_45' title="bbox 402 4460 1492 4533">
    <p class='ocr_par' dir='ltr' id='par_1_45' title="bbox 402 4460 1492 4533">
     <span class='ocr_line' id='line_1_45' title="bbox 402 4460 1492 4533; baseline 0.006 -19"><span class='ocrx_word' id='word_1_205' title='bbox 402 4461 475 4515; x_wconf 90' lang='lat' dir='ltr'>ad</span> <span class='ocrx_word' id='word_1_206' title='bbox 499 4460 651 4516; x_wconf 93' lang='lat' dir='ltr'>hanc</span> <span class='ocrx_word' id='word_1_207' title='bbox 690 4463 1036 4533; x_wconf 86' lang='lat' dir='ltr'>capiendam</span> <span class='ocrx_word' id='word_1_208' title='bbox 1070 4464 1295 4518; x_wconf 88' lang='lat' dir='ltr'>naviter</span> <span class='ocrx_word' id='word_1_209' title='bbox 1328 4481 1492 4520; x_wconf 86' lang='lat' dir='ltr'>usus.</span> 
     </span>
    </p>
   </div>
   <div class='ocr_carea' id='block_1_46' title="bbox 404 4550 1593 4623">
    <p class='ocr_par' dir='ltr' id='par_1_46' title="bbox 404 4550 1593 4623">
     <span class='ocr_line' id='line_1_46' title="bbox 404 4550 1593 4623; baseline 0.003 -18"><span class='ocrx_word' id='word_1_210' title='bbox 404 4554 543 4605; x_wconf 90' lang='lat' dir='ltr'>Post</span> <span class='ocrx_word' id='word_1_211' title='bbox 572 4550 715 4621; x_wconf 67' lang='lat' dir='ltr'>haec,</span> <span class='ocrx_word' id='word_1_212' title='bbox 750 4554 1008 4623; x_wconf 87' lang='lat' dir='ltr'>captivos</span> <span class='ocrx_word' id='word_1_213' title='bbox 1042 4552 1328 4623; x_wconf 90' lang='lat' dir='ltr'>plurimos</span> <span class='ocrx_word' id='word_1_214' title='bbox 1372 4555 1593 4609; x_wconf 89' lang='lat' dir='ltr'>ducens</span> 
     </span>
    </p>
   </div>
   <div class='ocr_carea' id='block_1_47' title="bbox 406 4643 1554 4713">
    <p class='ocr_par' dir='ltr' id='par_1_47' title="bbox 406 4643 1554 4713">
     <span class='ocr_line' id='line_1_47' title="bbox 406 4643 1554 4713; baseline 0.004 -19"><span class='ocrx_word' id='word_1_215' title='bbox 406 4655 505 4695; x_wconf 88' lang='lat' dir='ltr'>rex</span> <span class='ocrx_word' id='word_1_216' title='bbox 536 4645 715 4712; x_wconf 88' lang='lat' dir='ltr'>atque</span> <span class='ocrx_word' id='word_1_217' title='bbox 747 4643 1005 4713; x_wconf 73' lang='lat' dir='ltr'>praedam</span> <span class='ocrx_word' id='word_1_218' title='bbox 1040 4643 1554 4713; x_wconf 87' lang='lat' dir='ltr'>innumerabilem,</span> 
     </span>
    </p>
   </div>
   <div class='ocr_carea' id='block_1_48' title="bbox 406 4730 1443 4804">
    <p class='ocr_par' dir='ltr' id='par_1_48' title="bbox 406 4730 1443 4804">
     <span class='ocr_line' id='line_1_48' title="bbox 406 4730 1443 4804; baseline 0.003 -20"><span class='ocrx_word' id='word_1_219' title='bbox 406 4730 630 4801; x_wconf 86' lang='lat' dir='ltr'>regiam</span> <span class='ocrx_word' id='word_1_220' title='bbox 664 4731 734 4786; x_wconf 88' lang='lat' dir='ltr'>ad</span> <span class='ocrx_word' id='word_1_221' title='bbox 770 4731 974 4785; x_wconf 87' lang='lat' dir='ltr'>urbem</span> <span class='ocrx_word' id='word_1_222' title='bbox 1008 4730 1207 4786; x_wconf 89' lang='lat' dir='ltr'>retulit</span> <span class='ocrx_word' id='word_1_223' title='bbox 1239 4734 1443 4804; x_wconf 90' lang='lat' dir='ltr'>pedem</span> 
     </span>
    </p>
   </div>
   <div class='ocr_carea' id='block_1_49' title="bbox 404 4819 1743 4892">
    <p class='ocr_par' dir='ltr' id='par_1_49' title="bbox 404 4819 1743 4892">
     <span class='ocr_line' id='line_1_49' title="bbox 404 4819 1743 4892; baseline 0.002 -19"><span class='ocrx_word' id='word_1_224' title='bbox 404 4822 683 4891; x_wconf 84' lang='lat' dir='ltr'>exceptus</span> <span class='ocrx_word' id='word_1_225' title='bbox 712 4819 1015 4892; x_wconf 89' lang='lat' dir='ltr'>plausibus</span> <span class='ocrx_word' id='word_1_226' title='bbox 1045 4820 1147 4892; x_wconf 92' lang='lat' dir='ltr'>qui</span> <span class='ocrx_word' id='word_1_227' title='bbox 1178 4822 1385 4877; x_wconf 89' lang='lat' dir='ltr'>decent</span> <span class='ocrx_word' id='word_1_228' title='bbox 1414 4822 1694 4878; x_wconf 88' lang='lat' dir='ltr'>victorem</span> <span class='ocrx_word' id='word_1_229' title='bbox 1730 4839 1743 4876; x_wconf 93' lang='lat'><strong>:</strong></span> 
     </span>
    </p>
   </div>
   <div class='ocr_carea' id='block_1_50' title="bbox 405 4910 1548 4979">
    <p class='ocr_par' dir='ltr' id='par_1_50' title="bbox 405 4910 1548 4979">
     <span class='ocr_line' id='line_1_50' title="bbox 405 4910 1548 4979; baseline 0.003 -17"><span class='ocrx_word' id='word_1_230' title='bbox 405 4912 582 4979; x_wconf 90' lang='lat' dir='ltr'>atque</span> <span class='ocrx_word' id='word_1_231' title='bbox 613 4910 686 4963; x_wconf 94' lang='lat' dir='ltr'>ob</span> <span class='ocrx_word' id='word_1_232' title='bbox 719 4912 1011 4965; x_wconf 84' lang='lat' dir='ltr'>recentem</span> <span class='ocrx_word' id='word_1_233' title='bbox 1045 4927 1213 4965; x_wconf 86' lang='lat' dir='ltr'>suam</span> <span class='ocrx_word' id='word_1_234' title='bbox 1244 4912 1548 4967; x_wconf 88' lang='lat' dir='ltr'>victoriam</span> 
     </span>
    </p>
   </div>
   <div class='ocr_carea' id='block_1_51' title="bbox 406 4998 1465 5073">
    <p class='ocr_par' dir='ltr' id='par_1_51' title="bbox 406 4998 1465 5073">
     <span class='ocr_line' id='line_1_51' title="bbox 406 4998 1465 5073; baseline 0.003 -21"><span class='ocrx_word' id='word_1_235' title='bbox 406 4999 598 5054; x_wconf 90' lang='lat' dir='ltr'>media</span> <span class='ocrx_word' id='word_1_236' title='bbox 629 4998 871 5055; x_wconf 86' lang='lat' dir='ltr'>deduxit</span> <span class='ocrx_word' id='word_1_237' title='bbox 899 5000 1041 5055; x_wconf 90' lang='lat' dir='ltr'>urbe</span> <span class='ocrx_word' id='word_1_238' title='bbox 1068 5000 1465 5073; x_wconf 89' lang='lat' dir='ltr'>triumphum.</span> 
     </span>
    </p>
   </div>
   <div class='ocr_carea' id='block_1_52' title="bbox 401 5089 1437 5147">
    <p class='ocr_par' dir='ltr' id='par_1_52' title="bbox 401 5089 1437 5147">
     <span class='ocr_line' id='line_1_52' title="bbox 401 5089 1437 5147; baseline 0.003 -5"><span class='ocrx_word' id='word_1_239' title='bbox 401 5089 709 5144; x_wconf 86' lang='lat' dir='ltr'>Adornans</span> <span class='ocrx_word' id='word_1_240' title='bbox 736 5090 888 5145; x_wconf 90' lang='lat' dir='ltr'>enim</span> <span class='ocrx_word' id='word_1_241' title='bbox 921 5090 1165 5147; x_wconf 84' lang='lat' dir='ltr'>artiﬁcio</span> <span class='ocrx_word' id='word_1_242' title='bbox 1198 5091 1437 5146; x_wconf 90' lang='lat' dir='ltr'>insolito</span> 
     </span>
    </p>
   </div>
   <div class='ocr_carea' id='block_1_53' title="bbox 402 5180 1554 5252">
    <p class='ocr_par' dir='ltr' id='par_1_53' title="bbox 402 5180 1554 5252">
     <span class='ocr_line' id='line_1_53' title="bbox 402 5180 1554 5252; baseline 0.001 -20"><span class='ocrx_word' id='word_1_243' title='bbox 402 5194 643 5233; x_wconf 89' lang='lat' dir='ltr'>currum</span> <span class='ocrx_word' id='word_1_244' title='bbox 676 5184 917 5251; x_wconf 89' lang='lat' dir='ltr'>argento</span> <span class='ocrx_word' id='word_1_245' title='bbox 949 5197 1210 5252; x_wconf 90' lang='lat' dir='ltr'>auroque</span> <span class='ocrx_word' id='word_1_246' title='bbox 1243 5180 1554 5250; x_wconf 87' lang='lat' dir='ltr'>fulgidum,</span> 
     </span>
    </p>
   </div>
   <div class='ocr_carea' id='block_1_54' title="bbox 408 5269 1555 5341">
    <p class='ocr_par' dir='ltr' id='par_1_54' title="bbox 408 5269 1555 5341">
     <span class='ocr_line' id='line_1_54' title="bbox 408 5269 1555 5341; baseline 0 -19"><span class='ocrx_word' id='word_1_247' title='bbox 408 5284 583 5339; x_wconf 88' lang='lat' dir='ltr'>quem</span> <span class='ocrx_word' id='word_1_248' title='bbox 619 5269 917 5325; x_wconf 91' lang='lat' dir='ltr'>niveorum</span> <span class='ocrx_word' id='word_1_249' title='bbox 949 5270 1243 5341; x_wconf 89' lang='lat' dir='ltr'>quadriga</span> <span class='ocrx_word' id='word_1_250' title='bbox 1265 5284 1555 5340; x_wconf 90' lang='lat' dir='ltr'>equorum</span> 
     </span>
    </p>
   </div>
   <div class='ocr_carea' id='block_1_55' title="bbox 404 5358 1617 5430">
    <p class='ocr_par' dir='ltr' id='par_1_55' title="bbox 404 5358 1617 5430">
     <span class='ocr_line' id='line_1_55' title="bbox 404 5358 1617 5430; baseline 0.002 -20"><span class='ocrx_word' id='word_1_251' title='bbox 404 5362 538 5428; x_wconf 89' lang='lat' dir='ltr'>apte</span> <span class='ocrx_word' id='word_1_252' title='bbox 569 5361 625 5412; x_wconf 91' lang='lat' dir='ltr'>et</span> <span class='ocrx_word' id='word_1_253' title='bbox 655 5359 927 5415; x_wconf 88' lang='lat' dir='ltr'>decenter</span> <span class='ocrx_word' id='word_1_254' title='bbox 951 5361 1291 5430; x_wconf 89' lang='lat' dir='ltr'>junctorum</span> <span class='ocrx_word' id='word_1_255' title='bbox 1325 5358 1617 5426; x_wconf 88' lang='lat' dir='ltr'>trahebat,</span> 
     </span>
    </p>
   </div>
   <div class='ocr_carea' id='block_1_56' title="bbox 404 5446 1515 5519">
    <p class='ocr_par' dir='ltr' id='par_1_56' title="bbox 404 5446 1515 5519">
     <span class='ocr_line' id='line_1_56' title="bbox 404 5446 1515 5519; baseline 0.003 -19"><span class='ocrx_word' id='word_1_256' title='bbox 404 5446 542 5501; x_wconf 89' lang='lat' dir='ltr'>huic</span> <span class='ocrx_word' id='word_1_257' title='bbox 572 5450 966 5504; x_wconf 87' lang='lat' dir='ltr'>venerandam</span> <span class='ocrx_word' id='word_1_258' title='bbox 1008 5448 1295 5519; x_wconf 89' lang='lat' dir='ltr'>imposuit</span> <span class='ocrx_word' id='word_1_259' title='bbox 1323 5447 1515 5503; x_wconf 68' lang='lat' dir='ltr'>Caesar</span> 
     </span>
    </p>
   </div>
   <div class='ocr_carea' id='block_1_57' title="bbox 405 5534 1377 5609">
    <p class='ocr_par' dir='ltr' id='par_1_57' title="bbox 405 5534 1377 5609">
     <span class='ocr_line' id='line_1_57' title="bbox 405 5534 1377 5609; baseline 0.003 -21"><span class='ocrx_word' id='word_1_260' title='bbox 405 5534 695 5593; x_wconf 64' lang='lat' dir='ltr'>inviolata</span> <span class='ocrx_word' id='word_1_261' title='bbox 724 5537 990 5609; x_wconf 67' lang='lat' dir='ltr'>Deiparaa</span> <span class='ocrx_word' id='word_1_262' title='bbox 1020 5536 1377 5608; x_wconf 88' lang='lat' dir='ltr'>imaginem;</span> 
     </span>
    </p>
   </div>
   <div class='ocr_carea' id='block_1_58' title="bbox 482 5713 1678 5793">
    <p class='ocr_par' dir='ltr' id='par_1_58' title="bbox 482 5713 1678 5793">
     <span class='ocr_line' id='line_1_58' title="bbox 482 5713 1678 5793; baseline 0.002 -21"><span class='ocrx_word' id='word_1_263' title='bbox 482 5716 595 5788; x_wconf 85' lang='lat'>(50)</span> <span class='ocrx_word' id='word_1_264' title='bbox 630 5718 692 5774; x_wconf 86' lang='lat' dir='ltr'>In</span> <span class='ocrx_word' id='word_1_265' title='bbox 723 5715 943 5774; x_wconf 87' lang='lat' dir='ltr'>codicis</span> <span class='ocrx_word' id='word_1_266' title='bbox 977 5715 1241 5789; x_wconf 88' lang='lat' dir='ltr'>margine</span> <span class='ocrx_word' id='word_1_267' title='bbox 1272 5736 1357 5791; x_wconf 89' lang='grc' dir='ltr'>γρ.</span> <span class='ocrx_word' id='word_1_268' title='bbox 1392 5713 1678 5793; x_wconf 80' lang='grc' dir='ltr'>Ζεύγμιον.</span> 
     </span>
    </p>
   </div>
   <div class='ocr_carea' id='block_1_59' title="bbox 2063 522 3502 599">
    <p class='ocr_par' dir='ltr' id='par_1_59' title="bbox 2063 522 3502 599">
     <span class='ocr_line' id='line_1_59' title="bbox 2063 522 3502 599; baseline 0.005 -24"><span class='ocrx_word' id='word_1_269' title='bbox 2063 529 2115 590; x_wconf 80' lang='grc' dir='ltr'>Α</span> <span class='ocrx_word' id='word_1_270' title='bbox 2324 524 2412 585; x_wconf 78' lang='grc' dir='ltr'>Ὡς</span> <span class='ocrx_word' id='word_1_271' title='bbox 2443 525 2578 579; x_wconf 85' lang='grc' dir='ltr'>κατά</span> <span class='ocrx_word' id='word_1_272' title='bbox 2618 522 2829 599; x_wconf 81' lang='grc' dir='ltr'>δυσμήν</span> <span class='ocrx_word' id='word_1_273' title='bbox 2858 527 3196 599; x_wconf 81' lang='grc' dir='ltr'>Ῥωμαϊκοῖς</span> <span class='ocrx_word' id='word_1_274' title='bbox 3225 526 3279 581; x_wconf 88' lang='grc' dir='ltr'>ἐν</span> <span class='ocrx_word' id='word_1_275' title='bbox 3310 528 3502 590; x_wconf 85' lang='grc' dir='ltr'>τόποις</span> 
     </span>
    </p>
   </div>
   <div class='ocr_carea' id='block_1_60' title="bbox 2322 612 3418 686">
    <p class='ocr_par' dir='ltr' id='par_1_60' title="bbox 2322 612 3418 686">
     <span class='ocr_line' id='line_1_60' title="bbox 2322 612 3418 686; baseline 0.004 -20"><span class='ocrx_word' id='word_1_276' title='bbox 2322 613 2415 666; x_wconf 85' lang='grc' dir='ltr'>Ἐκ</span> <span class='ocrx_word' id='word_1_277' title='bbox 2442 612 2611 668; x_wconf 82' lang='grc' dir='ltr'>τῶνδε</span> <span class='ocrx_word' id='word_1_278' title='bbox 2640 616 2833 686; x_wconf 85' lang='grc' dir='ltr'>κώμας</span> <span class='ocrx_word' id='word_1_279' title='bbox 2863 615 2951 669; x_wconf 78' lang='grc' dir='ltr'>καὶ</span> <span class='ocrx_word' id='word_1_280' title='bbox 2984 615 3253 677; x_wconf 79' lang='grc' dir='ltr'>συνοικίας</span> <span class='ocrx_word' id='word_1_281' title='bbox 3286 614 3418 678; x_wconf 76' lang='grc' dir='ltr'>ὅλας</span> 
     </span>
    </p>
   </div>
   <div class='ocr_carea' id='block_1_61' title="bbox 2323 700 3400 777">
    <p class='ocr_par' dir='ltr' id='par_1_61' title="bbox 2323 700 3400 777">
     <span class='ocr_line' id='line_1_61' title="bbox 2323 700 3400 777; baseline 0.001 -21"><span class='ocrx_word' id='word_1_282' title='bbox 2323 701 2424 756; x_wconf 81' lang='grc' dir='ltr'>Καὶ</span> <span class='ocrx_word' id='word_1_283' title='bbox 2457 705 2785 772; x_wconf 78' lang='grc' dir='ltr'>συσταθῆναι</span> <span class='ocrx_word' id='word_1_284' title='bbox 2818 704 2907 758; x_wconf 78' lang='grc' dir='ltr'>καὶ</span> <span class='ocrx_word' id='word_1_285' title='bbox 2938 706 3266 777; x_wconf 75' lang='grc' dir='ltr'>παραμένειν</span> <span class='ocrx_word' id='word_1_286' title='bbox 3299 700 3400 773; x_wconf 78' lang='grc' dir='ltr'>ἔτι,</span> 
     </span>
    </p>
   </div>
   <div class='ocr_carea' id='block_1_62' title="bbox 2322 791 3363 866">
    <p class='ocr_par' dir='ltr' id='par_1_62' title="bbox 2322 791 3363 866">
     <span class='ocr_line' id='line_1_62' title="bbox 2322 791 3363 866; baseline 0.003 -21"><span class='ocrx_word' id='word_1_287' title='bbox 2322 791 2666 863; x_wconf 82' lang='grc' dir='ltr'>Ἐπωνυμίαν</span> <span class='ocrx_word' id='word_1_288' title='bbox 2702 792 2752 864; x_wconf 79' lang='grc' dir='ltr'>ἐξ</span> <span class='ocrx_word' id='word_1_289' title='bbox 2785 791 2970 856; x_wconf 81' lang='grc' dir='ltr'>ἔθνους</span> <span class='ocrx_word' id='word_1_290' title='bbox 3001 796 3363 866; x_wconf 69' lang='grc' dir='ltr'>κεκτημένοις.</span> 
     </span>
    </p>
   </div>
   <div class='ocr_carea' id='block_1_63' title="bbox 2142 878 3734 959">
    <p class='ocr_par' dir='ltr' id='par_1_63' title="bbox 2142 878 3734 959">
     <span class='ocr_line' id='line_1_63' title="bbox 2142 878 3734 959; baseline 0.004 -27"><span class='ocrx_word' id='word_1_291' title='bbox 2142 878 2283 934; x_wconf 88' lang='grc'>3830</span> <span class='ocrx_word' id='word_1_292' title='bbox 2323 881 2580 953; x_wconf 81' lang='grc' dir='ltr'>Τάγμασι</span> <span class='ocrx_word' id='word_1_293' title='bbox 2610 878 2655 934; x_wconf 81' lang='grc' dir='ltr'>δ’</span> <span class='ocrx_word' id='word_1_294' title='bbox 2686 880 2894 946; x_wconf 80' lang='grc' dir='ltr'>ἄλλους</span> <span class='ocrx_word' id='word_1_295' title='bbox 2925 881 3256 958; x_wconf 74' lang='grc' dir='ltr'>συμμάχους</span> <span class='ocrx_word' id='word_1_296' title='bbox 3292 883 3342 938; x_wconf 87' lang='grc' dir='ltr'>ἐν</span> <span class='ocrx_word' id='word_1_297' title='bbox 3374 888 3492 945; x_wconf 85' lang='grc' dir='ltr'>ταῖς</span> <span class='ocrx_word' id='word_1_298' title='bbox 3526 883 3734 959; x_wconf 82' lang='grc' dir='ltr'>μάχαις</span> 
     </span>
    </p>
   </div>
   <div class='ocr_carea' id='block_1_64' title="bbox 2322 968 3442 1048">
    <p class='ocr_par' dir='ltr' id='par_1_64' title="bbox 2322 968 3442 1048">
     <span class='ocr_line' id='line_1_64' title="bbox 2322 968 3442 1048; baseline 0.005 -27"><span class='ocrx_word' id='word_1_299' title='bbox 2322 968 2699 1044; x_wconf 78' lang='grc' dir='ltr'>Καταλεγῆναι</span> <span class='ocrx_word' id='word_1_300' title='bbox 2727 972 3056 1045; x_wconf 81' lang='grc' dir='ltr'>Ῥωμαϊκοῖς</span> <span class='ocrx_word' id='word_1_301' title='bbox 3084 972 3174 1027; x_wconf 88' lang='grc' dir='ltr'>καὶ</span> <span class='ocrx_word' id='word_1_302' title='bbox 3208 973 3442 1048; x_wconf 88' lang='grc' dir='ltr'>στίχαις·</span> 
     </span>
    </p>
   </div>
   <div class='ocr_carea' id='block_1_65' title="bbox 2322 1055 3464 1136">
    <p class='ocr_par' dir='ltr' id='par_1_65' title="bbox 2322 1055 3464 1136">
     <span class='ocr_line' id='line_1_65' title="bbox 2322 1055 3464 1136; baseline 0.004 -24"><span class='ocrx_word' id='word_1_303' title='bbox 2322 1058 2534 1130; x_wconf 86' lang='grc' dir='ltr'>Μοιρας</span> <span class='ocrx_word' id='word_1_304' title='bbox 2568 1055 2625 1112; x_wconf 77' lang='grc' dir='ltr'>δὲ</span> <span class='ocrx_word' id='word_1_305' title='bbox 2655 1058 2871 1122; x_wconf 82' lang='grc' dir='ltr'>πολλὰς</span> <span class='ocrx_word' id='word_1_306' title='bbox 2902 1060 3204 1125; x_wconf 78' lang='grc' dir='ltr'>ἀποδόσθαι</span> <span class='ocrx_word' id='word_1_307' title='bbox 3230 1061 3464 1136; x_wconf 77' lang='grc' dir='ltr'>χρυσίου</span> 
     </span>
    </p>
   </div>
   <div class='ocr_carea' id='block_1_66' title="bbox 2322 1146 3471 1227">
    <p class='ocr_par' dir='ltr' id='par_1_66' title="bbox 2322 1146 3471 1227">
     <span class='ocr_line' id='line_1_66' title="bbox 2322 1146 3471 1227; baseline 0.009 -29"><span class='ocrx_word' id='word_1_308' title='bbox 2322 1146 2451 1200; x_wconf 85' lang='grc' dir='ltr'>Ὑπὸ</span> <span class='ocrx_word' id='word_1_309' title='bbox 2480 1155 2731 1221; x_wconf 82' lang='grc' dir='ltr'>στρατιᾶς</span> <span class='ocrx_word' id='word_1_310' title='bbox 2765 1151 2913 1226; x_wconf 77' lang='grc' dir='ltr'>σφῶν</span> <span class='ocrx_word' id='word_1_311' title='bbox 2945 1150 3110 1206; x_wconf 87' lang='grc' dir='ltr'>πάλιν</span> <span class='ocrx_word' id='word_1_312' title='bbox 3144 1151 3471 1227; x_wconf 68' lang='grc' dir='ltr'>ᾑρημένοις.</span> 
     </span>
    </p>
   </div>
   <div class='ocr_carea' id='block_1_67' title="bbox 2322 1233 3393 1313">
    <p class='ocr_par' dir='ltr' id='par_1_67' title="bbox 2322 1233 3393 1313">
     <span class='ocr_line' id='line_1_67' title="bbox 2322 1233 3393 1313; baseline 0.007 -26"><span class='ocrx_word' id='word_1_313' title='bbox 2322 1235 2471 1288; x_wconf 80' lang='grc' dir='ltr'>Μετὰ</span> <span class='ocrx_word' id='word_1_314' title='bbox 2502 1233 2558 1291; x_wconf 76' lang='grc' dir='ltr'>δὶ</span> <span class='ocrx_word' id='word_1_315' title='bbox 2592 1239 2786 1312; x_wconf 86' lang='grc' dir='ltr'>μικρὸν</span> <span class='ocrx_word' id='word_1_316' title='bbox 2822 1238 3041 1313; x_wconf 82' lang='grc' dir='ltr'>ὕστερον</span> <span class='ocrx_word' id='word_1_317' title='bbox 3074 1240 3240 1295; x_wconf 88' lang='grc' dir='ltr'>πάλιν</span> <span class='ocrx_word' id='word_1_318' title='bbox 3269 1242 3393 1311; x_wconf 82' lang='grc' dir='ltr'>ἄναξ</span> 
     </span>
    </p>
   </div>
   <div class='ocr_carea' id='block_1_68' title="bbox 2146 1323 3577 1407">
    <p class='ocr_par' dir='ltr' id='par_1_68' title="bbox 2146 1323 3577 1407">
     <span class='ocr_line' id='line_1_68' title="bbox 2146 1323 3577 1407; baseline 0.006 -31"><span class='ocrx_word' id='word_1_319' title='bbox 2146 1324 2287 1377; x_wconf 88' lang='lat'>3835</span> <span class='ocrx_word' id='word_1_320' title='bbox 2327 1323 2776 1397; x_wconf 87' lang='grc' dir='ltr'>Ἐπιστρατεύσας</span> <span class='ocrx_word' id='word_1_321' title='bbox 2809 1335 2927 1392; x_wconf 82' lang='grc' dir='ltr'>τοῖς</span> <span class='ocrx_word' id='word_1_322' title='bbox 2956 1324 3250 1404; x_wconf 85' lang='grc' dir='ltr'>Τριϐαλοῖς</span> <span class='ocrx_word' id='word_1_323' title='bbox 3280 1326 3577 1407; x_wconf 90' lang='grc' dir='ltr'>βαρϐάροις</span> 
     </span>
    </p>
   </div>
   <div class='ocr_carea' id='block_1_69' title="bbox 2322 1413 3317 1495">
    <p class='ocr_par' dir='ltr' id='par_1_69' title="bbox 2322 1413 3317 1495">
     <span class='ocr_line' id='line_1_69' title="bbox 2322 1413 3317 1495; baseline 0.005 -27"><span class='ocrx_word' id='word_1_324' title='bbox 2322 1413 2517 1487; x_wconf 69' lang='grc' dir='ltr'>⁶Ορκια</span> <span class='ocrx_word' id='word_1_325' title='bbox 2549 1416 2873 1490; x_wconf 73' lang='grc' dir='ltr'>συγχέουσιν</span> <span class='ocrx_word' id='word_1_326' title='bbox 2907 1418 2965 1472; x_wconf 86' lang='grc' dir='ltr'>ἐκ</span> <span class='ocrx_word' id='word_1_327' title='bbox 2993 1419 3317 1495; x_wconf 80' lang='grc' dir='ltr'>κακουργίας</span> 
     </span>
    </p>
   </div>
   <div class='ocr_carea' id='block_1_70' title="bbox 2326 1501 3454 1581">
    <p class='ocr_par' dir='ltr' id='par_1_70' title="bbox 2326 1501 3454 1581">
     <span class='ocr_line' id='line_1_70' title="bbox 2326 1501 3454 1581; baseline 0.009 -27"><span class='ocrx_word' id='word_1_328' title='bbox 2326 1507 2473 1578; x_wconf 74' lang='grc' dir='ltr'>Σιρᾶς</span> <span class='ocrx_word' id='word_1_329' title='bbox 2502 1501 2789 1574; x_wconf 76' lang='grc' dir='ltr'>ἐκνικήσας</span> <span class='ocrx_word' id='word_1_330' title='bbox 2824 1505 2874 1559; x_wconf 84' lang='grc' dir='ltr'>ἐν</span> <span class='ocrx_word' id='word_1_331' title='bbox 2913 1508 3064 1580; x_wconf 79' lang='grc' dir='ltr'>μάχῃ</span> <span class='ocrx_word' id='word_1_332' title='bbox 3092 1508 3229 1562; x_wconf 80' lang='grc' dir='ltr'>κατᾶ</span> <span class='ocrx_word' id='word_1_333' title='bbox 3257 1509 3454 1581; x_wconf 86' lang='grc' dir='ltr'>κράτος</span> 
     </span>
    </p>
   </div>
   <div class='ocr_carea' id='block_1_71' title="bbox 2322 1586 3490 1665">
    <p class='ocr_par' dir='ltr' id='par_1_71' title="bbox 2322 1586 3490 1665">
     <span class='ocr_line' id='line_1_71' title="bbox 2322 1586 3490 1665; baseline 0.009 -23"><span class='ocrx_word' id='word_1_334' title='bbox 2322 1589 2390 1643; x_wconf 89' lang='grc' dir='ltr'>Τὸ</span> <span class='ocrx_word' id='word_1_335' title='bbox 2428 1586 2701 1665; x_wconf 86' lang='grc' dir='ltr'>βάρϐαρον</span> <span class='ocrx_word' id='word_1_336' title='bbox 2734 1594 2949 1663; x_wconf 83' lang='grc' dir='ltr'>τίθησιν</span> <span class='ocrx_word' id='word_1_337' title='bbox 2981 1593 3270 1651; x_wconf 80' lang='grc' dir='ltr'>ἔνσπονδον</span> <span class='ocrx_word' id='word_1_338' title='bbox 3304 1597 3490 1653; x_wconf 86' lang='grc' dir='ltr'>πάλιν·</span> 
     </span>
    </p>
   </div>
   <div class='ocr_carea' id='block_1_72' title="bbox 2326 1677 3328 1760">
    <p class='ocr_par' dir='ltr' id='par_1_72' title="bbox 2326 1677 3328 1760">
     <span class='ocr_line' id='line_1_72' title="bbox 2326 1677 3328 1760; baseline 0.008 -29"><span class='ocrx_word' id='word_1_339' title='bbox 2326 1678 2485 1732; x_wconf 88' lang='grc' dir='ltr'>Λείαν</span> <span class='ocrx_word' id='word_1_340' title='bbox 2520 1677 2566 1733; x_wconf 89' lang='grc' dir='ltr'>δ’</span> <span class='ocrx_word' id='word_1_341' title='bbox 2596 1679 2796 1745; x_wconf 75' lang='grc' dir='ltr'>ἐκεῖθεν</span> <span class='ocrx_word' id='word_1_342' title='bbox 2830 1684 3101 1745; x_wconf 81' lang='grc' dir='ltr'>ἀπελάσας</span> <span class='ocrx_word' id='word_1_343' title='bbox 3137 1685 3328 1760; x_wconf 85' lang='grc' dir='ltr'>μυρίαν</span> 
     </span>
    </p>
   </div>
   <div class='ocr_carea' id='block_1_73' title="bbox 2147 1767 3623 1848">
    <p class='ocr_par' dir='ltr' id='par_1_73' title="bbox 2147 1767 3623 1848">
     <span class='ocr_line' id='line_1_73' title="bbox 2147 1767 3623 1848; baseline 0.007 -27"><span class='ocrx_word' id='word_1_344' title='bbox 2147 1768 2289 1822; x_wconf 79' lang='grc'>3840</span> <span class='ocrx_word' id='word_1_345' title='bbox 2327 1767 2549 1838; x_wconf 87' lang='grc' dir='ltr'>Πλήσας</span> <span class='ocrx_word' id='word_1_346' title='bbox 2580 1792 2637 1825; x_wconf 90' lang='grc' dir='ltr'>τε</span> <span class='ocrx_word' id='word_1_347' title='bbox 2664 1771 2727 1825; x_wconf 88' lang='grc' dir='ltr'>τὸ</span> <span class='ocrx_word' id='word_1_348' title='bbox 2757 1772 3063 1847; x_wconf 84' lang='grc' dir='ltr'>στράτευμα</span> <span class='ocrx_word' id='word_1_349' title='bbox 3091 1779 3197 1829; x_wconf 78' lang='grc' dir='ltr'>τῶν</span> <span class='ocrx_word' id='word_1_350' title='bbox 3233 1775 3623 1848; x_wconf 78' lang='grc' dir='ltr'>σκυλευμάτων</span> 
     </span>
    </p>
   </div>
   <div class='ocr_carea' id='block_1_74' title="bbox 2074 1854 3553 1959">
    <p class='ocr_par' dir='ltr' id='par_1_74' title="bbox 2074 1854 3553 1959">
     <span class='ocr_line' id='line_1_74' title="bbox 2074 1854 3553 1959; baseline 0.005 -45"><span class='ocrx_word' id='word_1_351' title='bbox 2074 1893 2123 1959; x_wconf 82' lang='grc' dir='ltr'>Β</span> <span class='ocrx_word' id='word_1_352' title='bbox 2326 1854 2535 1915; x_wconf 85' lang='grc' dir='ltr'>Ὅλϐου</span> <span class='ocrx_word' id='word_1_353' title='bbox 2564 1881 2621 1915; x_wconf 87' lang='grc' dir='ltr'>τε</span> <span class='ocrx_word' id='word_1_354' title='bbox 2654 1860 2869 1916; x_wconf 77' lang='grc' dir='ltr'>πολλοῦ</span> <span class='ocrx_word' id='word_1_355' title='bbox 2901 1863 2989 1917; x_wconf 85' lang='grc' dir='ltr'>καὶ</span> <span class='ocrx_word' id='word_1_356' title='bbox 3021 1862 3279 1941; x_wconf 71' lang='grc' dir='ltr'>λαφύρων</span> <span class='ocrx_word' id='word_1_357' title='bbox 3325 1866 3553 1940; x_wconf 73' lang='grc' dir='ltr'>μυρίων*</span> 
     </span>
    </p>
   </div>
   <div class='ocr_carea' id='block_1_75' title="bbox 2334 1946 3344 2029">
    <p class='ocr_par' dir='ltr' id='par_1_75' title="bbox 2334 1946 3344 2029">
     <span class='ocr_line' id='line_1_75' title="bbox 2334 1946 3344 2029; baseline 0.006 -28"><span class='ocrx_word' id='word_1_358' title='bbox 2334 1946 2558 2017; x_wconf 84' lang='grc' dir='ltr'>Πλῆθος</span> <span class='ocrx_word' id='word_1_359' title='bbox 2588 1947 2937 2024; x_wconf 84' lang='grc' dir='ltr'>δορυάλωτον</span> <span class='ocrx_word' id='word_1_360' title='bbox 2973 1952 3049 2016; x_wconf 77' lang='grc' dir='ltr'>εἰς</span> <span class='ocrx_word' id='word_1_361' title='bbox 3079 1952 3344 2029; x_wconf 84' lang='grc' dir='ltr'>ἐπαρχίαν</span> 
     </span>
    </p>
   </div>
   <div class='ocr_carea' id='block_1_76' title="bbox 2330 2038 3530 2117">
    <p class='ocr_par' dir='ltr' id='par_1_76' title="bbox 2330 2038 3530 2117">
     <span class='ocr_line' id='line_1_76' title="bbox 2330 2038 3530 2117; baseline 0.009 -28"><span class='ocrx_word' id='word_1_362' title='bbox 2330 2038 2437 2105; x_wconf 75' lang='grc' dir='ltr'>Τὴν</span> <span class='ocrx_word' id='word_1_363' title='bbox 2468 2042 2575 2092; x_wconf 82' lang='grc' dir='ltr'>τῶν</span> <span class='ocrx_word' id='word_1_364' title='bbox 2611 2042 2851 2095; x_wconf 81' lang='grc' dir='ltr'>Βιθυνῶν</span> <span class='ocrx_word' id='word_1_365' title='bbox 2879 2042 3015 2096; x_wconf 88' lang='grc' dir='ltr'>κατὰ</span> <span class='ocrx_word' id='word_1_366' title='bbox 3042 2044 3140 2111; x_wconf 77' lang='grc' dir='ltr'>τὴν</span> <span class='ocrx_word' id='word_1_367' title='bbox 3172 2042 3530 2117; x_wconf 81' lang='grc' dir='ltr'>Νικομήδους</span> 
     </span>
    </p>
   </div>
   <div class='ocr_carea' id='block_1_77' title="bbox 2332 2121 3273 2207">
    <p class='ocr_par' dir='ltr' id='par_1_77' title="bbox 2332 2121 3273 2207">
     <span class='ocr_line' id='line_1_77' title="bbox 2332 2121 3273 2207; baseline 0.012 -29"><span class='ocrx_word' id='word_1_368' title='bbox 2332 2121 2657 2190; x_wconf 86' lang='grc' dir='ltr'>Διαϐιϐάσας</span> <span class='ocrx_word' id='word_1_369' title='bbox 2687 2128 3041 2204; x_wconf 85' lang='grc' dir='ltr'>ἐγκατοικίζει</span> <span class='ocrx_word' id='word_1_370' title='bbox 3076 2132 3273 2207; x_wconf 72' lang='grc' dir='ltr'>φέρων.</span> 
     </span>
    </p>
   </div>
   <div class='ocr_carea' id='block_1_78' title="bbox 2152 2215 3504 2297">
    <p class='ocr_par' dir='ltr' id='par_1_78' title="bbox 2152 2215 3504 2297">
     <span class='ocr_line' id='line_1_78' title="bbox 2152 2215 3504 2297; baseline 0.006 -28"><span class='ocrx_word' id='word_1_371' title='bbox 2152 2216 2295 2271; x_wconf 81' lang='grc'>3845</span> <span class='ocrx_word' id='word_1_372' title='bbox 2334 2215 2436 2270; x_wconf 83' lang='grc' dir='ltr'>Καὶ</span> <span class='ocrx_word' id='word_1_373' title='bbox 2464 2215 2638 2272; x_wconf 80' lang='grc' dir='ltr'>τῶνδε</span> <span class='ocrx_word' id='word_1_374' title='bbox 2660 2218 2785 2280; x_wconf 75' lang='grc' dir='ltr'>τοὺς</span> <span class='ocrx_word' id='word_1_375' title='bbox 2821 2221 2914 2293; x_wconf 74' lang='grc' dir='ltr'>μὶν</span> <span class='ocrx_word' id='word_1_376' title='bbox 2944 2227 3167 2294; x_wconf 84' lang='grc' dir='ltr'>στρατιᾷ</span> <span class='ocrx_word' id='word_1_377' title='bbox 3194 2218 3504 2297; x_wconf 75' lang='grc' dir='ltr'>καταλέγει,</span> 
     </span>
    </p>
   </div>
   <div class='ocr_carea' id='block_1_79' title="bbox 2331 2303 3647 2389">
    <p class='ocr_par' dir='ltr' id='par_1_79' title="bbox 2331 2303 3647 2389">
     <span class='ocr_line' id='line_1_79' title="bbox 2331 2303 3647 2389; baseline 0.007 -28"><span class='ocrx_word' id='word_1_378' title='bbox 2331 2308 2475 2367; x_wconf 86' lang='grc' dir='ltr'>Τοὺς</span> <span class='ocrx_word' id='word_1_379' title='bbox 2507 2303 2554 2360; x_wconf 80' lang='grc' dir='ltr'>δ’</span> <span class='ocrx_word' id='word_1_380' title='bbox 2584 2309 2649 2361; x_wconf 82' lang='grc' dir='ltr'>αὗ</span> <span class='ocrx_word' id='word_1_381' title='bbox 2680 2316 2893 2383; x_wconf 82' lang='grc' dir='ltr'>παρῆκε</span> <span class='ocrx_word' id='word_1_382' title='bbox 2924 2312 3197 2366; x_wconf 79' lang='grc' dir='ltr'>συντελεῖν</span> <span class='ocrx_word' id='word_1_383' title='bbox 3226 2318 3395 2385; x_wconf 83' lang='grc' dir='ltr'>κοινῷ</span> <span class='ocrx_word' id='word_1_384' title='bbox 3426 2309 3647 2389; x_wconf 79' lang='grc' dir='ltr'>φόρους.</span> 
     </span>
    </p>
   </div>
   <div class='ocr_carea' id='block_1_80' title="bbox 2329 2394 3523 2479">
    <p class='ocr_par' dir='ltr' id='par_1_80' title="bbox 2329 2394 3523 2479">
     <span class='ocr_line' id='line_1_80' title="bbox 2329 2394 3523 2479; baseline 0.007 -29"><span class='ocrx_word' id='word_1_385' title='bbox 2329 2394 2524 2450; x_wconf 77' lang='grc' dir='ltr'>Οὖννοι</span> <span class='ocrx_word' id='word_1_386' title='bbox 2556 2397 2647 2451; x_wconf 85' lang='grc' dir='ltr'>τὸν</span> <span class='ocrx_word' id='word_1_387' title='bbox 2681 2399 2887 2471; x_wconf 82' lang='grc' dir='ltr'>Ἵστρον</span> <span class='ocrx_word' id='word_1_388' title='bbox 2918 2400 3302 2473; x_wconf 85' lang='grc' dir='ltr'>ἐκπεράσαντες</span> <span class='ocrx_word' id='word_1_389' title='bbox 3335 2404 3523 2479; x_wconf 83' lang='grc' dir='ltr'>θέρους</span> 
     </span>
    </p>
   </div>
   <div class='ocr_carea' id='block_1_81' title="bbox 2331 2486 3415 2563">
    <p class='ocr_par' dir='ltr' id='par_1_81' title="bbox 2331 2486 3415 2563">
     <span class='ocr_line' id='line_1_81' title="bbox 2331 2486 3415 2563; baseline 0.006 -24"><span class='ocrx_word' id='word_1_390' title='bbox 2331 2486 2768 2560; x_wconf 80' lang='grc' dir='ltr'>Κατακρατοῦσιν</span> <span class='ocrx_word' id='word_1_391' title='bbox 2794 2486 2996 2552; x_wconf 74' lang='grc' dir='ltr'>ἄστεως</span> <span class='ocrx_word' id='word_1_392' title='bbox 3023 2498 3158 2563; x_wconf 87' lang='grc' dir='ltr'>Βραν</span> <span class='ocrx_word' id='word_1_393' title='bbox 3170 2487 3415 2563; x_wconf 84' lang='grc' dir='ltr'>ιτζόϐης,</span> 
     </span>
    </p>
   </div>
   <div class='ocr_carea' id='block_1_82' title="bbox 2330 2574 3482 2657">
    <p class='ocr_par' dir='ltr' id='par_1_82' title="bbox 2330 2574 3482 2657">
     <span class='ocr_line' id='line_1_82' title="bbox 2330 2574 3482 2657; baseline 0.008 -32"><span class='ocrx_word' id='word_1_394' title='bbox 2330 2575 2428 2627; x_wconf 81' lang='grc' dir='ltr'>Καὶ</span> <span class='ocrx_word' id='word_1_395' title='bbox 2458 2574 2623 2643; x_wconf 76' lang='grc' dir='ltr'>τῆσδε</span> <span class='ocrx_word' id='word_1_396' title='bbox 2652 2579 2825 2641; x_wconf 84' lang='grc' dir='ltr'>πάσας</span> <span class='ocrx_word' id='word_1_397' title='bbox 2854 2580 3262 2654; x_wconf 83' lang='grc' dir='ltr'>κατερείψαντες</span> <span class='ocrx_word' id='word_1_398' title='bbox 3300 2581 3482 2657; x_wconf 84' lang='grc' dir='ltr'>βάρεις</span> 
     </span>
    </p>
   </div>
   <div class='ocr_carea' id='block_1_83' title="bbox 2154 2664 3814 2744">
    <p class='ocr_par' dir='ltr' id='par_1_83' title="bbox 2154 2664 3814 2744">
     <span class='ocr_line' id='line_1_83' title="bbox 2154 2664 3814 2744; baseline 0.008 -27"><span class='ocrx_word' id='word_1_399' title='bbox 2154 2664 2294 2719; x_wconf 82' lang='grc'>3850</span> <span class='ocrx_word' id='word_1_400' title='bbox 2331 2666 2654 2741; x_wconf 82' lang='grc' dir='ltr'>Μετήγαγον</span> <span class='ocrx_word' id='word_1_401' title='bbox 2703 2668 2839 2737; x_wconf 86' lang='grc' dir='ltr'>πρὸς</span> <span class='ocrx_word' id='word_1_402' title='bbox 2890 2669 3177 2742; x_wconf 83' lang='grc' dir='ltr'>Ζεύγμινον</span> <span class='ocrx_word' id='word_1_403' title='bbox 3222 2674 3333 2744; x_wconf 78' lang='grc'>(50)</span> <span class='ocrx_word' id='word_1_404' title='bbox 3392 2673 3478 2727; x_wconf 89' lang='grc' dir='ltr'>καὶ</span> <span class='ocrx_word' id='word_1_405' title='bbox 3538 2672 3667 2736; x_wconf 79' lang='grc' dir='ltr'>τοὺς</span> <span class='ocrx_word' id='word_1_406' title='bbox 3727 2673 3814 2730; x_wconf 84' lang='grc' dir='ltr'>λί-</span> 
     </span>
    </p>
   </div>
   <div class='ocr_carea' id='block_1_84' title="bbox 3635 2766 3815 2837">
    <p class='ocr_par' dir='ltr' id='par_1_84' title="bbox 3635 2766 3815 2837">
     <span class='ocr_line' id='line_1_84' title="bbox 3635 2766 3815 2837; baseline -0.011 0"><span class='ocrx_word' id='word_1_407' title='bbox 3635 2766 3815 2837; x_wconf 76' lang='grc' dir='ltr'>[θους,</span> 
     </span>
    </p>
   </div>
   <div class='ocr_carea' id='block_1_85' title="bbox 2332 2838 3437 2924">
    <p class='ocr_par' dir='ltr' id='par_1_85' title="bbox 2332 2838 3437 2924">
     <span class='ocr_line' id='line_1_85' title="bbox 2332 2838 3437 2924; baseline 0.008 -28"><span class='ocrx_word' id='word_1_408' title='bbox 2332 2838 2762 2917; x_wconf 84' lang='grc' dir='ltr'>Ἐπιδραμόντες</span> <span class='ocrx_word' id='word_1_409' title='bbox 2795 2845 2883 2899; x_wconf 83' lang='grc' dir='ltr'>καὶ</span> <span class='ocrx_word' id='word_1_410' title='bbox 2918 2844 3193 2921; x_wconf 82' lang='grc' dir='ltr'>Σαρδικῆς</span> <span class='ocrx_word' id='word_1_411' title='bbox 3235 2850 3437 2924; x_wconf 85' lang='grc' dir='ltr'>χωρία.</span> 
     </span>
    </p>
   </div>
   <div class='ocr_carea' id='block_1_86' title="bbox 2334 2932 3558 3015">
    <p class='ocr_par' dir='ltr' id='par_1_86' title="bbox 2334 2932 3558 3015">
     <span class='ocr_line' id='line_1_86' title="bbox 2334 2932 3558 3015; baseline 0.007 -28"><span class='ocrx_word' id='word_1_412' title='bbox 2334 2932 2549 2987; x_wconf 78' lang='grc' dir='ltr'>Οὐκοῦν</span> <span class='ocrx_word' id='word_1_413' title='bbox 2577 2932 2663 2987; x_wconf 84' lang='grc' dir='ltr'>ἐπὶ</span> <span class='ocrx_word' id='word_1_414' title='bbox 2696 2941 2828 3009; x_wconf 73' lang='grc' dir='ltr'>σφᾶς</span> <span class='ocrx_word' id='word_1_415' title='bbox 2858 2935 3246 3011; x_wconf 79' lang='grc' dir='ltr'>ἐκστρατεύσας</span> <span class='ocrx_word' id='word_1_416' title='bbox 3287 2940 3313 2991; x_wconf 75' lang='grc' dir='ltr'>ὁ</span> <span class='ocrx_word' id='word_1_417' title='bbox 3345 2941 3558 3015; x_wconf 84' lang='grc' dir='ltr'>κράτωρ</span> 
     </span>
    </p>
   </div>
   <div class='ocr_carea' id='block_1_87' title="bbox 2333 3020 3562 3103">
    <p class='ocr_par' dir='ltr' id='par_1_87' title="bbox 2333 3020 3562 3103">
     <span class='ocr_line' id='line_1_87' title="bbox 2333 3020 3562 3103; baseline 0.007 -28"><span class='ocrx_word' id='word_1_418' title='bbox 2333 3020 2422 3076; x_wconf 86' lang='grc' dir='ltr'>Ἐν</span> <span class='ocrx_word' id='word_1_419' title='bbox 2462 3023 2784 3097; x_wconf 81' lang='grc' dir='ltr'>ύγροχέρσῳ</span> <span class='ocrx_word' id='word_1_420' title='bbox 2814 3028 2927 3096; x_wconf 86' lang='grc'>(51)</span> <span class='ocrx_word' id='word_1_421' title='bbox 2959 3028 3049 3079; x_wconf 77' lang='grc' dir='ltr'>καὶ</span> <span class='ocrx_word' id='word_1_422' title='bbox 3082 3028 3308 3102; x_wconf 86' lang='grc' dir='ltr'>σθεναρᾷ</span> <span class='ocrx_word' id='word_1_423' title='bbox 3339 3026 3562 3103; x_wconf 76' lang='grc' dir='ltr'>δυνάμει</span> 
     </span>
    </p>
   </div>
   <div class='ocr_carea' id='block_1_88' title="bbox 2334 3111 3576 3188">
    <p class='ocr_par' dir='ltr' id='par_1_88' title="bbox 2334 3111 3576 3188">
     <span class='ocr_line' id='line_1_88' title="bbox 2334 3111 3576 3188; baseline 0.007 -23"><span class='ocrx_word' id='word_1_424' title='bbox 2334 3111 2483 3165; x_wconf 86' lang='grc' dir='ltr'>Κατὰ</span> <span class='ocrx_word' id='word_1_425' title='bbox 2512 3112 2603 3165; x_wconf 90' lang='grc' dir='ltr'>τὸν</span> <span class='ocrx_word' id='word_1_426' title='bbox 2636 3114 2844 3188; x_wconf 86' lang='grc' dir='ltr'>Ἳστρον</span> <span class='ocrx_word' id='word_1_427' title='bbox 2878 3115 3219 3187; x_wconf 81' lang='grc' dir='ltr'>συμπλακεὶς</span> <span class='ocrx_word' id='word_1_428' title='bbox 3250 3118 3576 3182; x_wconf 81' lang='grc' dir='ltr'>ἀντιπάλοις</span> 
     </span>
    </p>
   </div>
   <div class='ocr_carea' id='block_1_89' title="bbox 2153 3200 3530 3283">
    <p class='ocr_par' dir='ltr' id='par_1_89' title="bbox 2153 3200 3530 3283">
     <span class='ocr_line' id='line_1_89' title="bbox 2153 3200 3530 3283; baseline 0.009 -32"><span class='ocrx_word' id='word_1_429' title='bbox 2153 3200 2295 3254; x_wconf 82' lang='grc'>2855</span> <span class='ocrx_word' id='word_1_430' title='bbox 2332 3200 2544 3269; x_wconf 81' lang='grc' dir='ltr'>Ἵστησι</span> <span class='ocrx_word' id='word_1_431' title='bbox 2578 3201 2831 3277; x_wconf 78' lang='grc' dir='ltr'>λαμπρὰν</span> <span class='ocrx_word' id='word_1_432' title='bbox 2865 3205 2999 3259; x_wconf 83' lang='grc' dir='ltr'>κατὰ</span> <span class='ocrx_word' id='word_1_433' title='bbox 3033 3202 3320 3283; x_wconf 86' lang='grc' dir='ltr'>βαρϐάρων</span> <span class='ocrx_word' id='word_1_434' title='bbox 3352 3208 3530 3279; x_wconf 87' lang='grc' dir='ltr'>νίκην·</span> 
     </span>
    </p>
   </div>
   <div class='ocr_carea' id='block_1_90' title="bbox 2333 3290 3578 3373">
    <p class='ocr_par' dir='ltr' id='par_1_90' title="bbox 2333 3290 3578 3373">
     <span class='ocr_line' id='line_1_90' title="bbox 2333 3290 3578 3373; baseline 0.008 -31"><span class='ocrx_word' id='word_1_435' title='bbox 2333 3290 2431 3343; x_wconf 83' lang='grc' dir='ltr'>Καὶ</span> <span class='ocrx_word' id='word_1_436' title='bbox 2464 3292 2726 3365; x_wconf 87' lang='grc' dir='ltr'>Χράσμον</span> <span class='ocrx_word' id='word_1_437' title='bbox 2757 3291 2867 3348; x_wconf 76' lang='grc' dir='ltr'>εἷλε</span> <span class='ocrx_word' id='word_1_438' title='bbox 2898 3293 2989 3348; x_wconf 80' lang='grc' dir='ltr'>σὺν</span> <span class='ocrx_word' id='word_1_439' title='bbox 3020 3300 3102 3367; x_wconf 82' lang='grc' dir='ltr'>τῷ</span> <span class='ocrx_word' id='word_1_440' title='bbox 3133 3299 3578 3373; x_wconf 84' lang='grc' dir='ltr'>Φραγγοχωρίῳ,</span> 
     </span>
    </p>
   </div>
   <div class='ocr_carea' id='block_1_91' title="bbox 2330 3381 3545 3463">
    <p class='ocr_par' dir='ltr' id='par_1_91' title="bbox 2330 3381 3545 3463">
     <span class='ocr_line' id='line_1_91' title="bbox 2330 3381 3545 3463; baseline 0.008 -31"><span class='ocrx_word' id='word_1_441' title='bbox 2330 3384 2438 3447; x_wconf 87' lang='grc' dir='ltr'>Γῆς</span> <span class='ocrx_word' id='word_1_442' title='bbox 2473 3381 2717 3435; x_wconf 82' lang='grc' dir='ltr'>Παιόνων</span> <span class='ocrx_word' id='word_1_443' title='bbox 2750 3383 3036 3455; x_wconf 82' lang='grc' dir='ltr'>κράτισσον</span> <span class='ocrx_word' id='word_1_444' title='bbox 3076 3386 3322 3461; x_wconf 74' lang='grc' dir='ltr'>ὑπάρχον</span> <span class='ocrx_word' id='word_1_445' title='bbox 3360 3388 3545 3463; x_wconf 78' lang='grc' dir='ltr'>μέρος³</span> 
     </span>
    </p>
   </div>
   <div class='ocr_carea' id='block_1_92' title="bbox 2333 3466 3618 3551">
    <p class='ocr_par' dir='ltr' id='par_1_92' title="bbox 2333 3466 3618 3551">
     <span class='ocr_line' id='line_1_92' title="bbox 2333 3466 3618 3551; baseline 0.009 -31"><span class='ocrx_word' id='word_1_446' title='bbox 2333 3468 2477 3539; x_wconf 87' lang='grc' dir='ltr'>Πρὸς</span> <span class='ocrx_word' id='word_1_447' title='bbox 2507 3466 2552 3522; x_wconf 85' lang='grc' dir='ltr'>δ’</span> <span class='ocrx_word' id='word_1_448' title='bbox 2582 3471 2646 3523; x_wconf 78' lang='grc' dir='ltr'>αὖ</span> <span class='ocrx_word' id='word_1_449' title='bbox 2678 3474 3053 3545; x_wconf 74' lang='grc' dir='ltr'>παρεστήσατο</span> <span class='ocrx_word' id='word_1_450' title='bbox 3083 3479 3270 3550; x_wconf 84' lang='grc' dir='ltr'>τεῖχος</span> <span class='ocrx_word' id='word_1_451' title='bbox 3299 3477 3618 3551; x_wconf 87' lang='grc' dir='ltr'>Ζευγμίνου,</span> 
     </span>
    </p>
   </div>
   <div class='ocr_carea' id='block_1_93' title="bbox 2334 3557 3351 3638">
    <p class='ocr_par' dir='ltr' id='par_1_93' title="bbox 2334 3557 3351 3638">
     <span class='ocr_line' id='line_1_93' title="bbox 2334 3557 3351 3638; baseline 0.006 -25"><span class='ocrx_word' id='word_1_452' title='bbox 2334 3560 2453 3613; x_wconf 81' lang='grc' dir='ltr'>Κάκ</span> <span class='ocrx_word' id='word_1_453' title='bbox 2482 3557 2641 3614; x_wconf 77' lang='grc' dir='ltr'>τοῦδε</span> <span class='ocrx_word' id='word_1_454' title='bbox 2671 3560 2820 3616; x_wconf 90' lang='grc' dir='ltr'>λείαν</span> <span class='ocrx_word' id='word_1_455' title='bbox 2856 3562 3102 3633; x_wconf 85' lang='grc' dir='ltr'>ἀπήλασι</span> <span class='ocrx_word' id='word_1_456' title='bbox 3138 3566 3351 3638; x_wconf 78' lang='grc' dir='ltr'>μυρίαν,</span> 
     </span>
    </p>
   </div>
   <div class='ocr_carea' id='block_1_94' title="bbox 2154 3646 3566 3728">
    <p class='ocr_par' dir='ltr' id='par_1_94' title="bbox 2154 3646 3566 3728">
     <span class='ocr_line' id='line_1_94' title="bbox 2154 3646 3566 3728; baseline 0.007 -27"><span class='ocrx_word' id='word_1_457' title='bbox 2154 3648 2296 3702; x_wconf 87' lang='grc'>3860</span> <span class='ocrx_word' id='word_1_458' title='bbox 2336 3649 2437 3704; x_wconf 84' lang='grc' dir='ltr'>Καὶ</span> <span class='ocrx_word' id='word_1_459' title='bbox 2472 3646 2666 3726; x_wconf 78' lang='grc' dir='ltr'>λάφυρ’</span> <span class='ocrx_word' id='word_1_460' title='bbox 2697 3650 2959 3721; x_wconf 78' lang='grc' dir='ltr'>ἐκτήσατο</span> <span class='ocrx_word' id='word_1_461' title='bbox 2991 3654 3079 3707; x_wconf 79' lang='grc' dir='ltr'>καὶ</span> <span class='ocrx_word' id='word_1_462' title='bbox 3111 3653 3341 3709; x_wconf 83' lang='grc' dir='ltr'>πλεῖστα</span> <span class='ocrx_word' id='word_1_463' title='bbox 3372 3655 3566 3728; x_wconf 84' lang='grc' dir='ltr'>σκύλα,</span> 
     </span>
    </p>
   </div>
   <div class='ocr_carea' id='block_1_95' title="bbox 2332 3737 3535 3816">
    <p class='ocr_par' dir='ltr' id='par_1_95' title="bbox 2332 3737 3535 3816">
     <span class='ocr_line' id='line_1_95' title="bbox 2332 3737 3535 3816; baseline 0.006 -23"><span class='ocrx_word' id='word_1_464' title='bbox 2332 3737 2510 3799; x_wconf 81' lang='grc' dir='ltr'>Αὐτός</span> <span class='ocrx_word' id='word_1_465' title='bbox 2537 3759 2595 3793; x_wconf 90' lang='grc' dir='ltr'>τε</span> <span class='ocrx_word' id='word_1_466' title='bbox 2622 3740 2710 3793; x_wconf 82' lang='grc' dir='ltr'>καὶ</span> <span class='ocrx_word' id='word_1_467' title='bbox 2743 3742 3052 3814; x_wconf 81' lang='grc' dir='ltr'>στράτευμα</span> <span class='ocrx_word' id='word_1_468' title='bbox 3079 3744 3365 3816; x_wconf 84' lang='grc' dir='ltr'>Ῥωμαίων</span> <span class='ocrx_word' id='word_1_469' title='bbox 3400 3745 3535 3800; x_wconf 84' lang='grc' dir='ltr'>όίπαν</span> 
     </span>
    </p>
   </div>
   <div class='ocr_carea' id='block_1_96' title="bbox 2338 3827 3581 3908">
    <p class='ocr_par' dir='ltr' id='par_1_96' title="bbox 2338 3827 3581 3908">
     <span class='ocr_line' id='line_1_96' title="bbox 2338 3827 3581 3908; baseline 0.007 -27"><span class='ocrx_word' id='word_1_470' title='bbox 2338 3828 2709 3901; x_wconf 87' lang='grc' dir='ltr'>Σπεισάμενος</span> <span class='ocrx_word' id='word_1_471' title='bbox 2735 3827 2781 3883; x_wconf 87' lang='grc' dir='ltr'>δ’</span> <span class='ocrx_word' id='word_1_472' title='bbox 2811 3828 2994 3885; x_wconf 76' lang='grc' dir='ltr'>ἔπειτα</span> <span class='ocrx_word' id='word_1_473' title='bbox 3030 3828 3322 3908; x_wconf 85' lang='grc' dir='ltr'>βαρϐάροις</span> <span class='ocrx_word' id='word_1_474' title='bbox 3353 3832 3581 3897; x_wconf 72' lang='grc' dir='ltr'>Ούννοις</span> 
     </span>
    </p>
   </div>
   <div class='ocr_carea' id='block_1_97' title="bbox 2340 3916 3415 3995">
    <p class='ocr_par' dir='ltr' id='par_1_97' title="bbox 2340 3916 3415 3995">
     <span class='ocr_line' id='line_1_97' title="bbox 2340 3916 3415 3995; baseline 0.007 -24"><span class='ocrx_word' id='word_1_475' title='bbox 2340 3918 2481 3990; x_wconf 86' lang='grc' dir='ltr'>Πρὸς</span> <span class='ocrx_word' id='word_1_476' title='bbox 2512 3920 2611 3986; x_wconf 74' lang='grc' dir='ltr'>τὴν</span> <span class='ocrx_word' id='word_1_477' title='bbox 2643 3916 2716 3973; x_wconf 69' lang='grc' dir='ltr'>ἕω</span> <span class='ocrx_word' id='word_1_478' title='bbox 2748 3921 3054 3995; x_wconf 82' lang='grc' dir='ltr'>στράτευμα</span> <span class='ocrx_word' id='word_1_479' title='bbox 3077 3918 3415 3992; x_wconf 80' lang='grc' dir='ltr'>διαϐιϐάσας,</span> 
     </span>
    </p>
   </div>
   <div class='ocr_carea' id='block_1_98' title="bbox 2338 4009 3382 4089">
    <p class='ocr_par' dir='ltr' id='par_1_98' title="bbox 2338 4009 3382 4089">
     <span class='ocr_line' id='line_1_98' title="bbox 2338 4009 3382 4089; baseline 0.007 -28"><span class='ocrx_word' id='word_1_480' title='bbox 2338 4009 2435 4061; x_wconf 81' lang='grc' dir='ltr'>Διά</span> <span class='ocrx_word' id='word_1_481' title='bbox 2468 4012 2704 4063; x_wconf 79' lang='grc' dir='ltr'>Βιθυνῶν</span> <span class='ocrx_word' id='word_1_482' title='bbox 2738 4011 2983 4085; x_wconf 85' lang='grc' dir='ltr'>χωρίων,</span> <span class='ocrx_word' id='word_1_483' title='bbox 3014 4009 3382 4089; x_wconf 77' lang='grc' dir='ltr'>Παφλαγόνων</span> 
     </span>
    </p>
   </div>
   <div class='ocr_carea' id='block_1_99' title="bbox 2156 4096 3383 4175">
    <p class='ocr_par' dir='ltr' id='par_1_99' title="bbox 2156 4096 3383 4175">
     <span class='ocr_line' id='line_1_99' title="bbox 2156 4096 3383 4175; baseline 0.004 -24"><span class='ocrx_word' id='word_1_484' title='bbox 2156 4097 2303 4152; x_wconf 88' lang='grc'>3865</span> <span class='ocrx_word' id='word_1_485' title='bbox 2341 4096 2652 4174; x_wconf 68' lang='grc' dir='ltr'>Ἐφίσταται</span> <span class='ocrx_word' id='word_1_486' title='bbox 2682 4098 2916 4174; x_wconf 88' lang='grc' dir='ltr'>τάχιστα</span> <span class='ocrx_word' id='word_1_487' title='bbox 2945 4104 3013 4174; x_wconf 79' lang='grc' dir='ltr'>τῇ</span> <span class='ocrx_word' id='word_1_488' title='bbox 3048 4100 3383 4175; x_wconf 70' lang='grc' dir='ltr'>Κασταμόνι,</span> 
     </span>
    </p>
   </div>
   <div class='ocr_carea' id='block_1_100' title="bbox 2337 4185 3349 4264">
    <p class='ocr_par' dir='ltr' id='par_1_100' title="bbox 2337 4185 3349 4264">
     <span class='ocr_line' id='line_1_100' title="bbox 2337 4185 3349 4264; baseline 0.003 -22"><span class='ocrx_word' id='word_1_489' title='bbox 2337 4186 2438 4242; x_wconf 83' lang='grc' dir='ltr'>Καὶ</span> <span class='ocrx_word' id='word_1_490' title='bbox 2467 4185 2614 4258; x_wconf 85' lang='grc' dir='ltr'>τήνδ’</span> <span class='ocrx_word' id='word_1_491' title='bbox 2649 4188 2949 4244; x_wconf 84' lang='grc' dir='ltr'>ἐπανέσωσε</span> <span class='ocrx_word' id='word_1_492' title='bbox 2985 4192 3056 4260; x_wconf 80' lang='grc' dir='ltr'>τῆ</span> <span class='ocrx_word' id='word_1_493' title='bbox 3084 4189 3349 4264; x_wconf 71' lang='grc' dir='ltr'>Ῥωμαίδι</span> 
     </span>
    </p>
   </div>
   <div class='ocr_carea' id='block_1_101' title="bbox 2334 4278 3423 4354">
    <p class='ocr_par' dir='ltr' id='par_1_101' title="bbox 2334 4278 3423 4354">
     <span class='ocr_line' id='line_1_101' title="bbox 2334 4278 3423 4354; baseline 0.006 -25"><span class='ocrx_word' id='word_1_494' title='bbox 2334 4278 2756 4351; x_wconf 88' lang='grc' dir='ltr'>Περσαρμενίοις</span> <span class='ocrx_word' id='word_1_495' title='bbox 2786 4298 3019 4351; x_wconf 79' lang='grc' dir='ltr'>κεκρατη</span> <span class='ocrx_word' id='word_1_496' title='bbox 3032 4280 3197 4351; x_wconf 78' lang='grc' dir='ltr'>μένην</span> <span class='ocrx_word' id='word_1_497' title='bbox 3230 4280 3423 4354; x_wconf 77' lang='grc' dir='ltr'>πάλαι,</span> 
     </span>
    </p>
   </div>
   <div class='ocr_carea' id='block_1_102' title="bbox 2334 4366 3395 4445">
    <p class='ocr_par' dir='ltr' id='par_1_102' title="bbox 2334 4366 3395 4445">
     <span class='ocr_line' id='line_1_102' title="bbox 2334 4366 3395 4445; baseline 0.004 -25"><span class='ocrx_word' id='word_1_498' title='bbox 2334 4366 2691 4439; x_wconf 85' lang='grc' dir='ltr'>Χρησάμενος</span> <span class='ocrx_word' id='word_1_499' title='bbox 2720 4366 2967 4440; x_wconf 78' lang='grc' dir='ltr'>κλίμαξι,</span> <span class='ocrx_word' id='word_1_500' title='bbox 3000 4370 3395 4445; x_wconf 79' lang='grc' dir='ltr'>τειχομαχίαις</span> 
     </span>
    </p>
   </div>
   <div class='ocr_carea' id='block_1_103' title="bbox 2338 4452 3488 4534">
    <p class='ocr_par' dir='ltr' id='par_1_103' title="bbox 2338 4452 3488 4534">
     <span class='ocr_line' id='line_1_103' title="bbox 2338 4452 3488 4534; baseline 0.007 -27"><span class='ocrx_word' id='word_1_501' title='bbox 2338 4456 2431 4516; x_wconf 83' lang='grc' dir='ltr'>Εἰς</span> <span class='ocrx_word' id='word_1_502' title='bbox 2463 4452 2629 4523; x_wconf 84' lang='grc' dir='ltr'>τῆσδε</span> <span class='ocrx_word' id='word_1_503' title='bbox 2652 4458 2750 4523; x_wconf 76' lang='grc' dir='ltr'>τήν</span> <span class='ocrx_word' id='word_1_504' title='bbox 2785 4456 2990 4512; x_wconf 78' lang='grc' dir='ltr'>ἅλωσιν</span> <span class='ocrx_word' id='word_1_505' title='bbox 3032 4458 3105 4519; x_wconf 85' lang='grc' dir='ltr'>ὡς</span> <span class='ocrx_word' id='word_1_506' title='bbox 3134 4459 3488 4534; x_wconf 75' lang='grc' dir='ltr'>εὐμηχάνως.</span> 
     </span>
    </p>
   </div>
   <div class='ocr_carea' id='block_1_104' title="bbox 2157 4542 3507 4627">
    <p class='ocr_par' dir='ltr' id='par_1_104' title="bbox 2157 4542 3507 4627">
     <span class='ocr_line' id='line_1_104' title="bbox 2157 4542 3507 4627; baseline 0.003 -27"><span class='ocrx_word' id='word_1_507' title='bbox 2157 4546 2299 4600; x_wconf 89' lang='lat'>3870</span> <span class='ocrx_word' id='word_1_508' title='bbox 2334 4545 2567 4599; x_wconf 75' lang='grc' dir='ltr'>Τοιαῦτα</span> <span class='ocrx_word' id='word_1_509' title='bbox 2596 4542 2792 4621; x_wconf 85' lang='grc' dir='ltr'>δράσας</span> <span class='ocrx_word' id='word_1_510' title='bbox 2823 4546 3200 4622; x_wconf 79' lang='grc' dir='ltr'>αἰχμαλώτων</span> <span class='ocrx_word' id='word_1_511' title='bbox 3231 4569 3289 4602; x_wconf 89' lang='grc' dir='ltr'>τε</span> <span class='ocrx_word' id='word_1_512' title='bbox 3320 4548 3507 4627; x_wconf 75' lang='grc' dir='ltr'>στίφος</span> 
     </span>
    </p>
   </div>
   <div class='ocr_carea' id='block_1_105' title="bbox 2076 4629 3356 4714">
    <p class='ocr_par' dir='ltr' id='par_1_105' title="bbox 2076 4629 3356 4714">
     <span class='ocr_line' id='line_1_105' title="bbox 2076 4629 3356 4714; baseline 0.003 -26"><span class='ocrx_word' id='word_1_513' title='bbox 2076 4629 2125 4695; x_wconf 86' lang='lat' dir='ltr'><strong>D</strong></span> <span class='ocrx_word' id='word_1_514' title='bbox 2335 4636 2437 4689; x_wconf 85' lang='lat' dir='ltr'>Kal</span> <span class='ocrx_word' id='word_1_515' title='bbox 2470 4632 2615 4689; x_wconf 88' lang='grc' dir='ltr'>λείαν</span> <span class='ocrx_word' id='word_1_516' title='bbox 2645 4635 2923 4707; x_wconf 80' lang='grc' dir='ltr'>ἀμύθητον</span> <span class='ocrx_word' id='word_1_517' title='bbox 2957 4637 3200 4714; x_wconf 79' lang='grc' dir='ltr'>εἰληφὼς</span> <span class='ocrx_word' id='word_1_518' title='bbox 3233 4638 3356 4709; x_wconf 82' lang='grc' dir='ltr'>ἄναξ</span> 
     </span>
    </p>
   </div>
   <div class='ocr_carea' id='block_1_106' title="bbox 2339 4723 3453 4806">
    <p class='ocr_par' dir='ltr' id='par_1_106' title="bbox 2339 4723 3453 4806">
     <span class='ocr_line' id='line_1_106' title="bbox 2339 4723 3453 4806; baseline 0.005 -29"><span class='ocrx_word' id='word_1_519' title='bbox 2339 4724 2482 4799; x_wconf 85' lang='grc' dir='ltr'>Πρὸς</span> <span class='ocrx_word' id='word_1_520' title='bbox 2516 4723 2770 4799; x_wconf 76' lang='grc' dir='ltr'>βασιλίδα</span> <span class='ocrx_word' id='word_1_521' title='bbox 2798 4728 2898 4794; x_wconf 77' lang='grc' dir='ltr'>τῆν</span> <span class='ocrx_word' id='word_1_522' title='bbox 2930 4725 3090 4781; x_wconf 88' lang='grc' dir='ltr'>πόλιν</span> <span class='ocrx_word' id='word_1_523' title='bbox 3133 4728 3453 4806; x_wconf 70' lang='grc' dir='ltr'>ὑποστρέφει</span> 
     </span>
    </p>
   </div>
   <div class='ocr_carea' id='block_1_107' title="bbox 2335 4813 3362 4890">
    <p class='ocr_par' dir='ltr' id='par_1_107' title="bbox 2335 4813 3362 4890">
     <span class='ocr_line' id='line_1_107' title="bbox 2335 4813 3362 4890; baseline 0.001 -20"><span class='ocrx_word' id='word_1_524' title='bbox 2335 4816 2440 4870; x_wconf 81' lang='grc' dir='ltr'>Οἴα</span> <span class='ocrx_word' id='word_1_525' title='bbox 2468 4816 2698 4885; x_wconf 78' lang='grc' dir='ltr'>νικητὴς</span> <span class='ocrx_word' id='word_1_526' title='bbox 2727 4813 3097 4886; x_wconf 79' lang='grc' dir='ltr'>ἀναδούμενος</span> <span class='ocrx_word' id='word_1_527' title='bbox 3125 4816 3362 4890; x_wconf 88' lang='grc' dir='ltr'>κρότοις·</span> 
     </span>
    </p>
   </div>
   <div class='ocr_carea' id='block_1_108' title="bbox 2336 4902 3451 4980">
    <p class='ocr_par' dir='ltr' id='par_1_108' title="bbox 2336 4902 3451 4980">
     <span class='ocr_line' id='line_1_108' title="bbox 2336 4902 3451 4980; baseline 0.003 -23"><span class='ocrx_word' id='word_1_528' title='bbox 2336 4902 2473 4957; x_wconf 83' lang='grc' dir='ltr'>Κάπὶ</span> <span class='ocrx_word' id='word_1_529' title='bbox 2507 4904 2754 4978; x_wconf 87' lang='grc' dir='ltr'>τροπαίῳ</span> <span class='ocrx_word' id='word_1_530' title='bbox 2783 4903 3080 4977; x_wconf 81' lang='grc' dir='ltr'>προσφάτῳ</span> <span class='ocrx_word' id='word_1_531' title='bbox 3111 4904 3201 4958; x_wconf 90' lang='grc' dir='ltr'>καὶ</span> <span class='ocrx_word' id='word_1_532' title='bbox 3229 4909 3297 4977; x_wconf 79' lang='grc' dir='ltr'>τῇ</span> <span class='ocrx_word' id='word_1_533' title='bbox 3330 4905 3451 4980; x_wconf 79' lang='grc' dir='ltr'>νίκῃ</span> 
     </span>
    </p>
   </div>
   <div class='ocr_carea' id='block_1_109' title="bbox 2157 4987 3373 5067">
    <p class='ocr_par' dir='ltr' id='par_1_109' title="bbox 2157 4987 3373 5067">
     <span class='ocr_line' id='line_1_109' title="bbox 2157 4987 3373 5067; baseline 0.002 -20"><span class='ocrx_word' id='word_1_534' title='bbox 2157 4994 2298 5047; x_wconf 87' lang='grc'>3875</span> <span class='ocrx_word' id='word_1_535' title='bbox 2336 4994 2620 5067; x_wconf 81' lang='grc' dir='ltr'>Κατήγαγε</span> <span class='ocrx_word' id='word_1_536' title='bbox 2646 4987 2914 5065; x_wconf 86' lang='grc' dir='ltr'>θρίαμϐον</span> <span class='ocrx_word' id='word_1_537' title='bbox 2948 4992 2999 5045; x_wconf 81' lang='grc' dir='ltr'>ὲν</span> <span class='ocrx_word' id='word_1_538' title='bbox 3032 4989 3165 5065; x_wconf 71' lang='grc' dir='ltr'>μέση</span> <span class='ocrx_word' id='word_1_539' title='bbox 3190 4994 3373 5051; x_wconf 84' lang='grc' dir='ltr'>πόλει.</span> 
     </span>
    </p>
   </div>
   <div class='ocr_carea' id='block_1_110' title="bbox 2336 5079 3496 5158">
    <p class='ocr_par' dir='ltr' id='par_1_110' title="bbox 2336 5079 3496 5158">
     <span class='ocr_line' id='line_1_110' title="bbox 2336 5079 3496 5158; baseline 0.002 -22"><span class='ocrx_word' id='word_1_540' title='bbox 2336 5080 2537 5150; x_wconf 82' lang='grc' dir='ltr'>Τεύξας</span> <span class='ocrx_word' id='word_1_541' title='bbox 2567 5080 2669 5155; x_wconf 82' lang='grc' dir='ltr'>γὰρ</span> <span class='ocrx_word' id='word_1_542' title='bbox 2702 5081 2849 5154; x_wconf 75' lang='grc' dir='ltr'>ἅρμα</span> <span class='ocrx_word' id='word_1_543' title='bbox 2874 5079 2964 5135; x_wconf 75' lang='grc' dir='ltr'>σὺν</span> <span class='ocrx_word' id='word_1_544' title='bbox 2997 5084 3326 5158; x_wconf 85' lang='grc' dir='ltr'>τεχνουργίᾳ</span> <span class='ocrx_word' id='word_1_545' title='bbox 3352 5082 3496 5155; x_wconf 73' lang='grc' dir='ltr'>ξένον</span> 
     </span>
    </p>
   </div>
   <div class='ocr_carea' id='block_1_111' title="bbox 2334 5168 3438 5246">
    <p class='ocr_par' dir='ltr' id='par_1_111' title="bbox 2334 5168 3438 5246">
     <span class='ocr_line' id='line_1_111' title="bbox 2334 5168 3438 5246; baseline -0.002 -18"><span class='ocrx_word' id='word_1_546' title='bbox 2334 5169 2715 5246; x_wconf 85' lang='grc' dir='ltr'>Χρυσαργύρῳ</span> <span class='ocrx_word' id='word_1_547' title='bbox 2745 5168 3015 5226; x_wconf 88' lang='grc' dir='ltr'>κάλλιστα</span> <span class='ocrx_word' id='word_1_548' title='bbox 3042 5168 3438 5245; x_wconf 70' lang='grc' dir='ltr'>διειλημμένον</span> 
     </span>
    </p>
   </div>
   <div class='ocr_carea' id='block_1_112' title="bbox 2335 5257 3365 5337">
    <p class='ocr_par' dir='ltr' id='par_1_112' title="bbox 2335 5257 3365 5337">
     <span class='ocr_line' id='line_1_112' title="bbox 2335 5257 3365 5337; baseline -0.001 -21"><span class='ocrx_word' id='word_1_549' title='bbox 2335 5262 2405 5316; x_wconf 78' lang='lat'>&quot;0</span> <span class='ocrx_word' id='word_1_550' title='bbox 2437 5257 2718 5335; x_wconf 79' lang='grc' dir='ltr'>χιονώδης</span> <span class='ocrx_word' id='word_1_551' title='bbox 2748 5259 3042 5332; x_wconf 80' lang='grc' dir='ltr'>τετρακτὺς</span> <span class='ocrx_word' id='word_1_552' title='bbox 3075 5263 3365 5337; x_wconf 86' lang='grc' dir='ltr'>συστοιχία</span> 
     </span>
    </p>
   </div>
   <div class='ocr_carea' id='block_1_113' title="bbox 2334 5348 3523 5426">
    <p class='ocr_par' dir='ltr' id='par_1_113' title="bbox 2334 5348 3523 5426">
     <span class='ocr_line' id='line_1_113' title="bbox 2334 5348 3523 5426; baseline 0.005 -25"><span class='ocrx_word' id='word_1_553' title='bbox 2334 5350 2539 5402; x_wconf 87' lang='grc' dir='ltr'>Ἳππων</span> <span class='ocrx_word' id='word_1_554' title='bbox 2570 5370 2651 5410; x_wconf 85' lang='grc' dir='ltr'>τις</span> <span class='ocrx_word' id='word_1_555' title='bbox 2682 5348 2855 5403; x_wconf 70' lang='grc' dir='ltr'>εἷλκεν</span> <span class='ocrx_word' id='word_1_556' title='bbox 2890 5348 3098 5426; x_wconf 78' lang='grc' dir='ltr'>εὐφυῶς</span> <span class='ocrx_word' id='word_1_557' title='bbox 3132 5350 3523 5425; x_wconf 73' lang='grc' dir='ltr'>ζευγνυμένων·</span> 
     </span>
    </p>
   </div>
   <div class='ocr_carea' id='block_1_114' title="bbox 2157 5432 3429 5515">
    <p class='ocr_par' dir='ltr' id='par_1_114' title="bbox 2157 5432 3429 5515">
     <span class='ocr_line' id='line_1_114' title="bbox 2157 5432 3429 5515; baseline 0.002 -23"><span class='ocrx_word' id='word_1_558' title='bbox 2157 5439 2298 5493; x_wconf 92' lang='lat'>3880</span> <span class='ocrx_word' id='word_1_559' title='bbox 2339 5438 2423 5493; x_wconf 88' lang='grc' dir='ltr'>Ἐν</span> <span class='ocrx_word' id='word_1_560' title='bbox 2456 5434 2598 5508; x_wconf 79' lang='grc' dir='ltr'>τῷδε</span> <span class='ocrx_word' id='word_1_561' title='bbox 2630 5438 2829 5505; x_wconf 80' lang='grc' dir='ltr'>σεπτὴν</span> <span class='ocrx_word' id='word_1_562' title='bbox 2864 5432 3177 5507; x_wconf 84' lang='grc' dir='ltr'>ἀναϐιϐάζει</span> <span class='ocrx_word' id='word_1_563' title='bbox 3211 5440 3429 5515; x_wconf 85' lang='grc' dir='ltr'>κράτωρ</span> 
     </span>
    </p>
   </div>
   <div class='ocr_carea' id='block_1_115' title="bbox 2332 5525 3558 5603">
    <p class='ocr_par' dir='ltr' id='par_1_115' title="bbox 2332 5525 3558 5603">
     <span class='ocr_line' id='line_1_115' title="bbox 2332 5525 3558 5603; baseline 0.005 -24"><span class='ocrx_word' id='word_1_564' title='bbox 2332 5532 2439 5595; x_wconf 84' lang='grc' dir='ltr'>Τῆς</span> <span class='ocrx_word' id='word_1_565' title='bbox 2475 5525 2888 5603; x_wconf 83' lang='grc' dir='ltr'>μητρανάνδρου</span> <span class='ocrx_word' id='word_1_566' title='bbox 2918 5527 3193 5601; x_wconf 71' lang='grc' dir='ltr'>Παρθένου</span> <span class='ocrx_word' id='word_1_567' title='bbox 3218 5529 3320 5597; x_wconf 82' lang='grc' dir='ltr'>τὴν</span> <span class='ocrx_word' id='word_1_568' title='bbox 3353 5528 3558 5601; x_wconf 79' lang='grc' dir='ltr'>εἷ’κόνα,</span> 
     </span>
    </p>
   </div>
   <div class='ocr_carea' id='block_1_116' title="bbox 2229 5710 3559 5785">
    <p class='ocr_par' dir='ltr' id='par_1_116' title="bbox 2229 5710 3559 5785">
     <span class='ocr_line' id='line_1_116' title="bbox 2229 5710 3559 5785; baseline -0.001 -15"><span class='ocrx_word' id='word_1_569' title='bbox 2229 5712 2343 5785; x_wconf 87' lang='grc'>(51)</span> <span class='ocrx_word' id='word_1_570' title='bbox 2367 5712 2449 5769; x_wconf 92' lang='lat' dir='ltr'>De</span> <span class='ocrx_word' id='word_1_571' title='bbox 2474 5713 2582 5771; x_wconf 92' lang='lat' dir='ltr'>hoc</span> <span class='ocrx_word' id='word_1_572' title='bbox 2612 5710 2893 5770; x_wconf 87' lang='lat' dir='ltr'>vocabulo</span> <span class='ocrx_word' id='word_1_573' title='bbox 2912 5710 3187 5784; x_wconf 87' lang='lat' dir='ltr'>judicent</span> <span class='ocrx_word' id='word_1_574' title='bbox 3216 5711 3559 5771; x_wconf 76' lang='lat' dir='ltr'>hellenistaa.</span> 
     </span>
    </p>
   </div>
  </div>
