4140 6408
349 368 461 425 153
1884 373 2252 426 ΟΕΒΑΒΒΒ.

535 495 623 549 Ἐν
721 494 1000 555 πεποιθὼς
1029 495 1115 548 καὶ
1148 499 1426 570 κατορθῶν
1458 497 1552 558 τὰς
1580 493 1730 555 νίκας

531 583 618 644 Ὠς
649 580 1101 659 συστρατηγέτιδι
1131 585 1248 638 κατ’
1281 585 1495 660 ἐχθρῶν
1530 583 1716 658 μάχης

537 674 785 748 Προσῆγε
808 674 910 742 τὴν
940 672 1248 748 πρέπουσαν
1284 671 1660 750 εὐχαριστίαν,

346 763 495 818 3885
532 765 632 822 Ἠς
661 760 751 815 καὶ
782 767 1003 837 προῆγε
1033 761 1125 817 σὺν
1161 761 1267 836 ὅλῃ
1299 762 1554 838 γερουσίᾳ

533 851 666 905 [loci
705 848 942 926 βαδίζων
970 851 1257 926 σταυρικὸν
1290 858 1566 926 σκῆπτρον
1602 849 1797 928 φέρων.

533 936 709 996 Ἀλλᾶ
741 939 955 1016 βραχὺς
982 937 1184 1009 ἤνυστο
1215 943 1332 996 κατ’
1363 942 1508 996 οἶκον
1542 939 1770 1016 χρόνος,

532 1030 634 1084 Καὶ
669 1029 836 1084 πάλιν
871 1029 1214 1106 ἐστράτευσεν
1248 1027 1373 1101 ἅναξ
1400 1030 1618 1106 χαρίεις

529 1118 677 1173 Μετᾶ
702 1125 956 1194 στρατιᾶς
985 1119 1206 1195 ἀρεϊκῆς
1236 1120 1562 1195 προφρόνως

346 1209 490 1263 3890
525 1208 648 1264 Ἐπὶ
677 1210 1044 1280 Τανισμάνιον
1073 1209 1148 1271 εἷς
1180 1209 1509 1282 Κασταμόνα

499 1298 811 1372 Στρατηγὸν
841 1295 1011 1371 ἄνδρα
1034 1300 1180 1374 παρά
1211 1302 1660 1372 Περσαρμενίοις,

529 1385 738 1456 Ταύτην
771 1384 967 1440 ἑλόντα
995 1387 1340 1462 τειχομαχίᾳ
1363 1385 1550 1454 πόλιν,

530 1473 628 1528 Καὶ
662 1472 909 1552 φύλακας
938 1475 1216 1530 κτείναντα
1246 1475 1555 1548 Ῥωμαίους
1588 1473 1730 1553 ξίφει

533 1563 640 1618 Καὶ
668 1559 824 1633 τήνδ’
856 1563 1162 1619 ὶπανέσωσε
1193 1567 1489 1638 Ῥωμαίων
1522 1566 1730 1639 κροὶτει⁸

343 1653 496 1708 3895
535 1652 676 1727 Πρὸς
701 1649 887 1707 τοῖσδε
918 1654 1162 1728 Γάγγροιν
1196 1661 1530 1729 καταπορθεῖ
1557 1654 1656 1722 τὴν
1690 1652 1855 1708 πόλιν

533 1742 624 1796 Ἐν
720 1762 781 1816 γε
813 1742 1086 1818 φρουροὺς
1113 1741 1382 1814 ἀποτάξας
1415 1742 1645 1806 ὁπλίτας

534 1830 633 1886 Ἐκ
663 1831 980 1904 Ῥωμαϊκῆς
1012 1838 1262 1908 στρατιᾶς
1297 1831 1614 1908 δισχιλίους

539 1919 636 1975 Καὶ
667 1920 844 1975 πάντα
876 1927 987 1984 θεῖς
1021 1922 1097 1994 εὖ,
1132 1921 1207 1984 εἷς
1236 1920 1401 1976 πόλιν
1437 1921 1781 1998 ὑποστρέφειο

533 2007 634 2062 Καὶ
663 2005 799 2081 τῇδε
832 2009 1024 2084 μικρὸν
1058 2007 1400 2086 ἐνδιατρίψας
1431 2011 1630 2086 χρόνον

350 2098 498 2153 3900
537 2101 1018 2172 Κατακρατοῦντος
1044 2098 1334 2173 Ἀρμενίας
1364 2094 1644 2154 Λεϐοὐνου

535 2186 939 2259 Ἑπιστρατεύει
972 2189 1224 2261 στρατιὰν
1256 2187 1520 2259 πλείστην
1556 2185 1726 2262 ἄγων,

535 2276 865 2346 Κατηκόους
893 2275 1137 2339 σίνοντος
1170 2277 1425 2333 Αὐσόνων
1459 2276 1672 2351 πόλεις,

533 2363 744 2420 Οὐκοῦν
775 2361 971 2428 ἐπιϐὰς
1000 2367 1091 2441 Ἀρ
1105 2365 1324 2440 μενοκιλ
1336 2367 1499 2436 ικίας,

528 2454 732 2525 Ταρσὸν
758 2455 1137 2528 παρεστήσατο
1170 2458 1394 2534 φαεινὴν
1429 2455 1616 2526 πόλιν,

352 2544 500 2600 3905
539 2542 637 2597 Καὶ
665 2545 766 2614 τὴν
798 2541 1036 2616 Ἀδάνην
1067 2546 1156 2600 καὶ
1186 2552 1353 2618 Βακᾶ,
1390 2544 1704 2622 στρατηγίᾳ.

533 2632 742 2688 Ἔπειτ’
773 2632 979 2708 ὀχυρὰν
1016 2629 1351 2708 Ἀναζάρϐην
1384 2634 1477 2690 σὺν
1515 2634 1606 2709 βίᾳ

529 2719 861 2795 Περικλυτόν
893 2744 952 2777 τε
980 2722 1072 2777 καὶ
1105 2722 1421 2779 Κολώνειαν
1463 2724 1650 2779 πόλινο

530 2809 634 2865 Καὶ
667 2807 733 2879 δὴ
771 2811 1047 2884 μετελθὼν
1080 2817 1176 2875 τας
1207 2811 1360 2889 πέριξ
1384 2812 1582 2874 ταύτας
1609 2811 1801 2876 πόλεις

534 2899 775 2972 Έρυμνά
803 2921 861 2954 τε
893 2900 1127 2978 φρούρια
1150 2901 1240 2956 καὶ
1281 2903 1474 2976 κώμας
1504 2900 1658 2969 ὅλας,

347 2990 496 3044 3910
536 2987 847 3066 Ἐφίσταται
881 2987 938 3045 δὲ
967 2994 1085 3052 τοῖς
1109 2990 1302 3054 τόποις
1329 2998 1428 3061 τῆς
1474 2992 1695 3067 Συρίας,

537 3075 639 3131 Καὶ
669 3078 768 3146 τὴν
797 3077 964 3132 πόλιν
998 3077 1192 3157 εἷ’φεισι
1217 3080 1317 3149 τήν
1348 3081 1665 3154 Ἀντιόχου,

534 3164 899 3238 Ῥαϊμούνδου
923 3167 1221 3243 πρίγκιπος
1255 3169 1367 3242 ἅμα
1395 3174 1510 3231 τοῖς
1542 3167 1695 3231 ὅλοις

542 3254 616 3309 Εὖ
641 3257 829 3331 χερσὶν
863 3255 1022 3311 αὐτὸν
1059 3256 1274 3320 ὑπτίαις
1309 3255 1659 3333 δεδεγμένου,

542 3344 645 3400 Καὶ
675 3350 804 3400 πᾶσι
835 3347 1172 3419 τιμήσαντος
1205 3347 1368 3402 αὐτὸν
1398 3347 1624 3405 εἷ’κόσιν.

350 3433 500 3488 3915
538 3433 655 3497 Ἐφ’
683 3434 917 3512 ήμὲραις
947 3436 1039 3491 οὖν
1072 3433 1419 3510 ἐνδιατρίψας
1449 3435 1632 3508 πόλει,

541 3523 705 3596 Αὐτῷ
733 3545 793 3579 τε
820 3526 912 3580 τὸν
945 3525 1214 3600 πρίγκιπα
1244 3524 1416 3595 λίζιον
1452 3525 1672 3604 δράσας,

546 3611 650 3666 Σὺν
682 3611 822 3686 τῷδε
852 3613 1178 3688 Τριπόλεως
1208 3621 1508 3690 κρατοῦντα
1536 3617 1680 3688 τότε,

541 3703 704 3774 ’Λναξ
730 3706 1119 3779 χαριτώνυμος
1153 3703 1310 3778 ἔξεισι
1342 3705 1530 3774 πάλιν,

539 3792 644 3847 Καὶ
678 3793 814 3868 πρὸς
846 3791 1282 3871 παρευφράτιδῖς
1317 3793 1494 3850 ἄπεισι
1519 3794 1734 3863 πόλεις,

349 3881 499 3935 3920
543 3882 670 3958 Παρ¹
701 3887 1007 3958 Αγαρηνῶν
1035 3882 1096 3937 οὐ
1130 3881 1316 3948 καλῶς
1343 3884 1715 3959 κρατουμένας

541 3970 643 4026 Καὶ
673 3969 844 4026 τῶνδε
865 3977 1062 4048 πορθεῖ
1087 3971 1485 4048 τειχομαχίαις
1513 3971 1710 4036 ὅπλοις

538 4061 702 4132 Πεζά,
733 4059 949 4132 Χάλεπ,
984 4061 1260 4139 Νίστριον,
1298 4065 1585 4140 Καρφαρᾶ,
1619 4064 1819 4138 Φέρεπο

545 4151 635 4205 Ἐκ
662 4155 768 4205 τῶν
799 4148 856 4206 δὲ
881 4149 1093 4207 λοιπῶν
1128 4151 1330 4206 ἀστέων
1365 4150 1514 4225 δῶρα
1544 4153 1663 4224 ξένα

537 4241 636 4293 Καὶ
667 4238 898 4295 πλεῖστα
923 4235 1109 4295 λαϐὼν
1142 4241 1230 4296 καὶ
1259 4240 1447 4303 λίθους
1478 4241 1567 4296 καὶ
1603 4240 1914 4318 μαργοίρους

347 4329 499 4384 3925
538 4326 718 4382 Πολύν
750 4350 806 4384 τε
838 4331 1041 4404 χρυσὸν
1073 4329 1164 4384 καὶ
1195 4329 1638 4407 λαφυραγωγίαν,

542 4417 646 4474 Καὶ
677 4416 942 4494 λυχνίτην
976 4420 1209 4494 φέροντα
1237 4424 1467 4494 σταυροῦ
1496 4417 1590 4475 τὸν
1631 4419 1799 4475 τόπον

541 4507 743 4582 Χρῆμοὶ
765 4530 816 4563 τι
849 4508 1289 4582 πανθαύμαστον,
1321 4507 1653 4581 ἔκπληκτον,
1687 4511 1856 4581 ξένονο

543 4598 690 4671 Πρὸς
725 4594 772 4652 δ’
801 4599 865 4653 αὗ
897 4619 959 4674 γε
990 4599 1078 4654 καὶ
1109 4598 1375 4675 τράπεζαν
1405 4598 1725 4676 ἔκλαμπρον
1757 4601 1896 4656 πάνυ

542 4686 631 4757 Ἐξ
662 4684 947 4761 ἀμιμήτου
979 4687 1392 4760 συντεθειμὲνην
1421 4687 1620 4764 τέχνης

349 4777 500 4832 3930
541 4773 829 4847 Πολυτελῆ
860 4798 919 4833 τε
949 4776 1372 4853 χρυσότευκτον,
1413 4777 1696 4848 ποικίληψ

537 4867 601 4922 ’Ἀ
635 4868 807 4921 πάντα
837 4865 1168 4937 συνείληπτο
1197 4870 1316 4930 τοῖς
1347 4867 1574 4941 Πέρσαις
1603 4866 1772 4923 πάλαι

544 4960 850 5030 Συσχοῦσιν
881 4957 1187 5011 αὐτάνακτα
1214 4957 1306 5010 τὸν
1336 4956 1614 5032 Διογένην·

543 5045 690 5120 Πρὸς
722 5047 821 5115 τήν
854 5044 1244 5122 βασιλεύουσαν
1283 5043 1502 5122 ἔρχεται
1534 5044 1698 5101 πόλιν

543 5138 726 5207 ’Ἁγων
759 5136 874 5207 μεθ’
903 5135 1095 5190 ἑαυτοῦ
1124 5134 1445 5211 κασίγνητον
1478 5134 1572 5190 σὺν
1600 5135 1747 5212 γόνῳ

351 5225 503 5282 3935
543 5225 652 5282 Τὸν
683 5219 1152 5302 σεϐαστοκράτορα
1178 5226 1273 5280 τὸν
1305 5227 1429 5300 πρὶν
1463 5222 1693 5303 φυγάδα,

540 5315 636 5387 Τῷ
662 5318 960 5386 τηνικαῦτα
988 5316 1326 5391 προσρυὲειτα
1353 5314 1594 5391 γνησίως

538 5405 770 5459 "Avath
796 5402 939 5478 τῷδε
968 5405 1058 5460 καὶ
1089 5407 1405 5480 κασιγνήτῳ
1436 5403 1603 5482 φίλῳ⁹

535 5496 634 5559 ’Ὀς
662 5492 905 5550 ἐκλιπὼν
938 5494 1066 5572 πρὶν
1100 5489 1380 5570 διατριϐὰς
1407 5493 1664 5551 Αὐσόνων

543 5582 745 5659 Σχὲσιν
778 5584 1048 5660 ὁμογνίου
1078 5604 1136 5639 τε
1164 5582 1252 5638 καὶ
1290 5581 1560 5658 βασιλέως

347 5675 501 5733 3940
541 5673 688 5748 Πρὸς
715 5675 1063 5750 Περσάνακτα
1088 5673 1262 5752 φυγὰς
1293 5672 1536 5745 ἐκλυπής
1573 5672 1780 5749 τρέχειο

2043 506 2095 568 Α
2126 496 2217 550 cui
2250 497 2383 567 quia
2411 497 2670 552 confisus
2700 498 2885 552 victor
2914 495 3231 551 exstiterat.

2124 600 2283 640 nunc
2312 602 2415 641 ceu
2450 585 2585 642 belli
2617 586 2785 644 sociae
2817 590 2876 642 et
2907 584 3177 642 auxiliari

2125 675 2535 732 convenientes
2565 677 2850 732 reddebat
2879 680 3115 749 grates;

2125 764 2460 833 praecedens
2492 765 2617 837 ipse
2648 783 2782 820 cum
2817 770 2934 820 toto
2969 767 3179 821 senatu

2125 853 2414 923 pedester,
2449 868 2746 927 sceptrum
2779 858 3018 926 gestans
3049 852 3426 909 cruciferum.

2124 944 2230 997 Sed
2262 943 2420 997 brevi
2448 944 2602 999 domi
2640 948 2901 1015 tempore
2933 941 3296 1014 permansit;

2127 1048 2456 1103 rursusque
2488 1033 2557 1087 ad
2593 1032 2813 1087 bellum
2847 1049 2944 1087 rex
2977 1030 3252 1087 amabilis

2125 1122 2420 1192 profectus
2452 1121 2701 1193 impigre
2733 1137 2866 1176 cum
2899 1120 3092 1175 valido
3124 1118 3379 1175 exercitu

2129 1209 2285 1264 venit
2311 1209 2722 1266 Castamonem
2753 1216 2956 1266 contra
2983 1207 3456 1278 Tanismanium,

2128 1297 2230 1369 qui
2262 1299 2380 1353 dux
2407 1299 2669 1354 delectus
2701 1317 2730 1354 a
2763 1297 3152 1354 Persameniis

2129 1387 2466 1457 praedictam
2500 1389 2704 1444 urbem
2738 1405 2802 1444 ex
2814 1390 3196 1461 pugnaverat,

2126 1475 2322 1547 gladio
2354 1476 2684 1532 Romanum
2719 1478 2946 1532 casdens
2979 1475 3344 1548 praesidium.

2126 1565 2288 1620 Hanc
2319 1583 2455 1639 ergo
2487 1568 2680 1623 Caesar
2711 1567 3095 1639 recuperavit.

2129 1655 2381 1729 Insuper
2411 1657 2643 1729 Gangra
2676 1662 2959 1729 occupata
2991 1657 3156 1725 urbe,

2127 1745 2326 1817 ibique
2357 1746 2653 1819 impositis
2685 1746 2941 1819 praesidii
2966 1763 3145 1802 causa

2127 1835 2198 1890 de
2231 1840 2432 1891 nostro
2463 1837 2718 1892 exercitu
2754 1836 2845 1891 bis
2876 1836 3035 1891 mille
3068 1834 3334 1901 armatis,

2125 1925 2354 1979 cunctis
2384 1926 2630 1996 pacatis,
2663 1924 3007 1998 Byzantium
3042 1923 3237 1979 rediit.

2124 2015 2398 2069 Attamen
2430 2014 2683 2070 breviter
2713 2015 2807 2070 hic
2839 2017 3259 2080 commoratus,

2125 2102 2421 2174 profectus
2453 2107 2541 2160 est
2572 2121 2705 2159 cum
2739 2103 2963 2178 ingenti
2993 2102 3308 2171 excercitu,

2125 2191 2498 2264 imperitante
2528 2194 2804 2250 Armenia
2836 2199 3092 2261 Levuno,

2124 2289 2473 2354 nostrasque
2506 2283 2680 2340 urbes
2714 2284 2951 2339 damnis
2983 2282 3298 2338 afficiente.

2121 2370 2272 2442 Ergo
2303 2387 2656 2444 progressus
2689 2372 2749 2428 in
2787 2370 3344 2429 Armeno-Ciliciam

2124 2459 2489 2530 Splendidam
2522 2461 2728 2517 urbem
2763 2463 3068 2534 occupavit
3097 2461 3374 2530 Tarsum,

2121 2548 2329 2603 Bacam
2361 2553 2417 2605 et
2449 2551 2704 2606 Adanem
2737 2550 2950 2622 peritia
2979 2549 3210 2605 bellica.

2120 2636 2250 2693 Mox
2274 2640 2607 2695 Anazabum
2643 2657 2876 2695 summa
2905 2640 2959 2694 vi
2991 2636 3364 2709 expugnavit,

2123 2729 2178 2781 et
2208 2725 2517 2783 Coloneum
2550 2732 2606 2785 et
2637 2727 2987 2797 Periclytum
3021 2727 3215 2782 urbes.

2122 2815 2410 2872 Proximis
2441 2833 2675 2889 quoque
2706 2817 3037 2888 subjugatis
3071 2814 3325 2887 oppidis,

2125 2921 2259 2960 cum
2295 2905 2540 2962 munitis
2572 2905 2829 2962 castellis
2860 2905 3205 2977 cunctisque
3238 2902 3423 2976 pagis,

2123 2993 2284 3049 venit
2315 2994 2374 3049 in
2407 2995 2584 3067 Syriae
2617 3013 2805 3066 usque
2837 2993 3106 3066 regiones

2127 3087 2305 3156 atque
2333 3084 2683 3140 Antochiam
2718 3085 2919 3140 urbem
2947 3082 3298 3154 ingreditur,

2131 3172 2465 3230 Raimundo
2497 3173 2763 3246 principe
2792 3189 2928 3229 cum
2956 3175 3166 3228 cuncto
3194 3169 3408 3244 populo

2133 3261 2288 3317 hunc
2321 3262 2644 3334 excipiente
2675 3263 2871 3320 studio
2903 3260 3145 3334 proclivi

2133 3350 2411 3424 omnique
2444 3345 2638 3407 debito
2671 3369 2805 3407 cum
2838 3351 3080 3407 honore.

2133 3440 2195 3495 In
2227 3439 2336 3497 hac
2369 3441 2668 3514 paulisper
2699 3442 3039 3498 demoratus
3072 3439 3216 3496 urbe

2133 3546 2267 3585 cum
2304 3531 2418 3586 sibi
2450 3531 2768 3587 obnoxium
2809 3530 3099 3587 eﬂ'ecisset
3129 3527 3456 3601 principem

2132 3635 2388 3690 cumque
2412 3637 2478 3676 eo
2509 3620 2810 3693 Tripoleos
2843 3621 3022 3677 etiam
3055 3619 3384 3686 dominum,

2133 3723 2232 3763 rex
2262 3709 2558 3781 gratiosus
2587 3727 2938 3782 progressus
2968 3708 3217 3765 ulterius

2132 3797 2203 3852 ad
2234 3798 2652 3870 Euphratesias
2683 3798 2978 3857 festinavit
3010 3799 3204 3866 urbes,

2131 3902 2282 3956 quas
2315 3888 2560 3958 Agareni
2588 3892 2792 3944 contra
2827 3889 2912 3944 fas
2946 3888 3247 3944 tenebant.

2131 3975 2212 4031 Ex
2245 3975 2334 4032 his
2366 3977 2702 4049 perdomuit
2737 3977 3029 4032 machinis
3062 3981 3117 4031 et
3148 3975 3330 4030 armis

2131 4062 2336 4133 Pezan,
2372 4064 2607 4137 Caleph,
2641 4065 2926 4130 Nistrion,
2959 4064 3321 4136 Carpharan,
3350 4062 3595 4133 Pherep.

2129 4157 2214 4208 Ex
2239 4153 2372 4209 aliis
2404 4157 2600 4210 autem
2637 4154 2883 4210 urbibus
2916 4153 3160 4209 donaria
3191 4151 3343 4206 mira

2130 4243 2436 4315 multaque
2468 4243 2688 4312 retulit,
2723 4259 3011 4316 gemmas,
3045 4240 3417 4313 margaritas,

2131 4348 2404 4404 magnam
2438 4333 2558 4388 vim
2590 4333 2740 4403 auri,
2773 4333 3101 4405 primaeque
3133 4329 3460 4400 cumulum,

2129 4420 2450 4495 lychnitem
2487 4440 2721 4495 quoque
2753 4423 2844 4479 cui
2884 4439 3024 4478 crux
3056 4422 3345 4493 impressa
3379 4422 3525 4485 erat,

2129 4528 2251 4568 rem
2285 4511 2494 4568 miram
2526 4518 2583 4568 et
2613 4514 2965 4584 stu'pendam
3000 4516 3176 4583 atque
3207 4509 3506 4566 insolitam
3541 4526 3554 4564 :

2050 4596 2101 4658 D
2131 4599 2375 4674 insuper
2417 4618 2683 4658 mensam
2718 4602 2904 4659 multo
2935 4600 3484 4673 splendidissimum

2132 4689 2493 4747 elaboratam
2525 4696 2647 4747 arte
2674 4691 3039 4756 inimitabili,

2133 4780 2602 4852 pretiosissimam
2635 4797 2872 4837 auream
2905 4779 3262 4852 variegatam
3300 4795 3312 4832 :

2134 4887 2259 4940 quae
2290 4873 2497 4926 cuncta
2530 4874 2712 4926 Persae
2745 4871 3042 4941 quondam
3076 4869 3470 4939 diripuerant,

2134 4973 2266 5014 cum
2300 4959 2696 5031 captivassent
2725 4962 3009 5016 Caesarem
3042 4959 3383 5030 Diogenem.

2133 5047 2218 5103 Ad
2251 5049 2456 5104 urbem
2493 5053 2692 5105 autem
2726 5047 2900 5104 rediit
2929 5047 3186 5104 Joannes

2133 5135 2358 5194 habens
2381 5153 2728 5210 germanum
2761 5153 2893 5193 cum
2929 5139 3141 5208 nepote
3174 5149 3393 5190 secum.

2137 5228 2728 5294 sebastocratoreum,
2763 5227 2915 5295 dico,
2949 5225 3177 5298 pridem
3210 5224 3551 5298 profugum,

2135 5322 2276 5374 tunc
2305 5334 2438 5374 vero
2471 5320 2740 5374 amanter
2769 5320 2957 5372 semet
2987 5314 3423 5388 permiltentem

2136 5406 2258 5478 regi
2288 5405 2502 5463 Joanni
2534 5405 2862 5479 peramanti
2895 5405 3083 5462 fratri.

2136 5495 2239 5551 Hic
2272 5495 2567 5552 derelictis
2599 5495 2882 5553 Romanis
2913 5495 3156 5563 finibus,

2135 5588 2448 5658 spretoque
2481 5585 2691 5642 affectu
2725 5585 2923 5642 fratris
2953 5587 3128 5656 atque
3160 5583 3416 5649 caesaris,

2134 5676 2206 5732 ad
2237 5678 2473 5733 Persam
2508 5693 2702 5748 regem
2738 5679 2928 5732 tactus
2957 5673 3156 5734 dolore
3187 5674 3416 5746 fugerat
3449 5690 3462 5727 :

3672 361 3776 416 154
