4140 6418
414 398 519 453 155
1628 382 1996 449 arearum!
2040 378 2612 450 CBRONOGRAPHI

414 524 519 579 sed
551 539 682 579 sero
712 523 952 578 tandem
987 521 1126 577 mali
1158 522 1249 577 sui
1282 520 1554 577 conscius

415 611 663 668 consilio
690 611 924 684 egregio
953 611 1127 665 rediit
1151 610 1220 665 ad
1253 612 1538 665 Caesarem

414 702 647 773 tutique
678 701 852 757 ﬁdem
887 701 1112 756 reditus
1138 698 1490 770 impetravit.

412 791 680 862 Namque
714 806 1013 846 reversum
1047 805 1292 845 cernens
1318 788 1637 859 imperator

414 879 656 936 Numini
688 879 909 952 gratias
932 879 1187 935 reddidit
1213 893 1489 949 supremo

415 986 580 1042 aeque
612 986 675 1025 re
705 970 971 1041 gaudens
1004 972 1067 1022 ut
1096 966 1369 1037 trophaeis
1403 965 1577 1021 mille.

418 1061 567 1132 Ergo
598 1058 935 1132 complexus
966 1057 1156 1113 ofﬁcio
1188 1056 1382 1113 debito

421 1155 756 1219 utrumque,
789 1154 855 1203 ut
879 1147 1041 1215 olim,
1073 1146 1284 1201 habuit
1314 1143 1755 1200 cbarissimum.

415 1236 581 1292 Brevi
616 1241 879 1292 moratus
912 1236 1068 1308 apud
1092 1236 1295 1291 urbem
1330 1240 1618 1305 tempore,

416 1331 482 1381 ut
511 1341 642 1382 sese
673 1326 948 1393 habebat,
982 1325 1223 1380 transiit
1253 1323 1312 1377 in
1345 1318 1705 1394 Bithyniam,

414 1420 755 1487 contempta
785 1415 1050 1487 corporis
1088 1414 1243 1469 mala
1271 1412 1608 1468 valetudine
1634 1432 1649 1479 ;

414 1504 622 1561 Turcis
654 1506 954 1561 Romanas
983 1509 1171 1559 terras
1205 1502 1654 1569 infestantibus;

414 1610 565 1664 quos
595 1594 695 1648 ubi
730 1593 855 1649 sola
884 1593 1097 1648 terruit
1129 1591 1461 1663 prementia,

416 1698 606 1755 usque
633 1684 703 1737 ad
739 1681 1064 1753 Lopadium
1099 1682 1255 1736 venit
1284 1680 1580 1735 civitatem
1620 1696 1633 1733 :

416 1771 521 1827 ubi
552 1773 691 1827 dum
720 1776 985 1827 moratur
1017 1771 1335 1842 copiasque
1361 1768 1676 1835 contrahit,

420 1861 613 1934 gravis
634 1865 725 1917 est
752 1860 917 1916 visus
949 1861 1120 1916 militi
1151 1861 1313 1916 mitis
1345 1861 1560 1928 Caesar,

416 1950 697 2023 quoniam
730 1952 801 2005 ad
837 1951 1014 2006 fortes
1045 1949 1427 2005 extimulabat
1464 1964 1713 2021 pugnas,

415 2039 673 2111 bellique
694 2039 901 2113 longas
928 2041 1079 2095 ferre
1110 2041 1355 2112 cogebat
1379 2054 1595 2093 moras.

418 2129 603 2202 igitur
633 2134 826 2186 castra
855 2146 1226 2185 commovens
1257 2128 1511 2199 Lopadio

420 2235 521 2274 rex
542 2234 674 2275 cum
705 2218 1018 2276 innumero
1050 2218 1287 2274 transiit
1317 2217 1571 2272 exercitu

417 2311 621 2363 contra
650 2312 946 2380 Agarenos
975 2308 1257 2362 barbaros
1279 2306 1444 2361 Ponti
1475 2303 1723 2372 incolas,

408 2397 554 2468 jugo
587 2401 924 2469 prementes
954 2397 1388 2453 Neoczesaream
1426 2412 1438 2450 :

417 2486 631 2558 punire
660 2501 895 2559 quoque
926 2486 1177 2542 studens
1204 2484 1651 2542 Constantinum

415 2665 669 2724 Gabram
700 2671 1016 2738 tyrannum
1049 2666 1597 2740 Trapezuntiorum.

415 2756 561 2829 Ergo
614 2757 985 2830 progreditur
1013 2761 1448 2813 Neocaesaream

415 2862 591 2917 quam
625 2846 981 2902 circumfuso
1012 2845 1244 2902 obsidet
1272 2845 1549 2900 exercitu.

414 2937 604 3007 Atque
638 2935 788 2991 banc
813 2940 1098 3006 capturus
1126 2935 1448 3006 imperator
1476 2938 1619 3003 erat,

414 3024 528 3080 nisi
561 3024 879 3095 improvisa
907 3023 1178 3079 incidens
1208 3022 1515 3078 calamitas

412 3116 691 3185 suscepto
721 3111 973 3168 militem
1006 3112 1157 3168 bello
1191 3113 1565 3167 retardasset.

411 3202 561 3257 Nam
585 3218 720 3258 cum
752 3202 1001 3258 instaret
1028 3218 1226 3275 pugna
1257 3205 1456 3258 contra
1489 3201 1779 3258 Barbaros

417 3290 717 3364 egregium
751 3292 1068 3363 quemdam
1101 3308 1171 3347 ex
1203 3290 1369 3347 Italia
1398 3290 1656 3362 equitem

417 3397 570 3453 equo
601 3385 896 3438 carentem
930 3396 1176 3437 cernens
1209 3380 1553 3452 imperator,

416 3470 617 3527 fratris
649 3470 741 3526 sui
772 3470 894 3527 ﬁlio
918 3472 1090 3542 juxta
1121 3469 1503 3542 adequitanti

416 3576 637 3633 equum
669 3558 972 3615 mandavit
1001 3560 1206 3615 cedere
1238 3559 1463 3615 Latino.

415 3648 520 3705 Ille
550 3647 853 3706 enimvero
884 3649 1179 3705 facturum
1206 3649 1464 3720 negavit,

411 3737 626 3808 vixque
649 3742 885 3793 coactus
914 3738 1099 3810 equiti
1132 3738 1311 3793 cessit
1340 3753 1579 3809 equum.

415 3825 500 3883 0b
531 3826 591 3881 id
623 3826 824 3883 dolore
849 3826 1106 3882 maximo
1138 3826 1469 3898 perculsus,

415 3915 710 3987 praecipito
740 3916 961 3989 exiguae
985 3916 1198 3972 mentis
1230 3915 1475 3972 consilio

415 4004 658 4061 Caesaris
687 4004 784 4060 hic
817 4021 1016 4081 nepos,
1048 4004 1247 4077 praelio
1282 4006 1557 4071 fervente,

410 4114 482 4153 ex
510 4098 832 4170 improviso
863 4098 1122 4170 perfugit
1151 4098 1223 4152 ad
1252 4097 1561 4164 Barbaros,

412 4203 447 4243 a
484 4187 701 4258 quibus
732 4186 1150 4243 lubentissime
1181 4190 1461 4258 exceptus
1493 4185 1714 4254 animo,

411 4275 588 4347 paulo
620 4280 754 4349 post
781 4276 961 4332 etiam
996 4275 1179 4332 cultui
1209 4275 1544 4333 Christiano

410 4365 683 4420 nuntium
710 4365 824 4422 heu
848 4366 1117 4434 remittit,
1152 4381 1218 4421 ac
1241 4363 1622 4421 matrimonio

406 4453 683 4526 jungitur
713 4452 844 4510 ﬁliae
875 4455 1161 4526 principis
1194 4454 1400 4510 Iconii.

410 4540 634 4596 Exinde
663 4541 855 4598 Caesar
882 4542 1054 4599 valde
1082 4547 1366 4598 mcerente
1404 4541 1602 4597 animo

411 4629 582 4702 coepit
608 4631 815 4687 reverti
847 4631 1137 4705 gradatim
1170 4630 1538 4704 Byzantium,

406 4720 662 4775 reditum
693 4720 1083 4777 dissimulans
1113 4729 1167 4776 et
1198 4718 1430 4776 consilii
1460 4720 1652 4792 inops.

406 4808 672 4864 Tandem
702 4808 763 4865 in
794 4809 1001 4865 urbem
1028 4809 1245 4881 regiam
1275 4807 1528 4863 delatus.

407 4898 606 4969 ibique
636 4899 792 4955 brevi
826 4903 1089 4970 tempore
1125 4897 1458 4954 subsistens
1488 4915 1500 4951 :

405 5002 542 5043 mox
569 4988 762 5044 denuo
791 5004 1065 5060 egressus
1096 5003 1230 5044 cum
1261 4987 1484 5060 ingenti
1516 4986 1768 5043 exercitu

405 5077 722 5150 Phrygiam
755 5079 1097 5149 praeteriens
1129 5081 1305 5149 atque
1332 5077 1590 5149 Lyciam,

409 5166 481 5221 ad
514 5166 771 5222 nobilem
805 5167 1069 5238 pervenit
1098 5166 1301 5221 urbem
1334 5166 1538 5234 Attali,

407 5272 581 5328 quam
608 5256 708 5311 ubi
740 5271 873 5310 cum
908 5254 1176 5312 finitimis
1209 5257 1520 5327 ordinavit,

408 5345 624 5416 palude
655 5360 890 5416 quoque
922 5348 1089 5415 capta
1122 5345 1453 5417 Pasguscea,

404 5433 567 5489 venit
596 5434 656 5489 in
686 5433 925 5490 Isauriae
956 5434 1104 5489 ﬁnes
1135 5439 1193 5489 et
1222 5435 1283 5490 in
1314 5435 1538 5508 Syriam

405 5525 583 5593 atque
611 5521 964 5578 Antochiam
994 5539 1200 5579 versus
1230 5522 1663 5596 propinquavit,

407 5610 648 5667 ardente
677 5608 876 5666 studio
907 5611 1155 5669 moliens
1185 5611 1337 5669 hanc
1367 5613 1572 5669 urbem

405 5699 566 5770 gravi
598 5698 844 5772 depulso
875 5701 1214 5758 Latinorum
1237 5702 1385 5776 jugo

2086 516 2141 583 Α
2347 516 2529 581 Μόλις
2562 515 2621 574 δὲ
2647 520 2824 585 συνεὶς
2854 518 2916 576 οὗ
2946 543 3007 598 γε
3032 526 3202 577 κακοῦ
3230 524 3513 600 τυγχάνει,

2350 606 2738 684 Μαλινδρομεῖ
2766 609 3037 667 κάλλιστα
3067 613 3204 687 πρὸς
3242 611 3490 689 βασιλέα,

2350 697 2446 752 Καὶ
2480 695 2653 769 δεξιὰς
2684 695 2846 777 ἔτυχε
2875 708 2976 772 τῆς
3009 699 3304 759 ἐπανόδου.

2346 788 2672 844 Ἐπανιόντα
2700 792 2791 845 καὶ
2823 790 2928 867 γὰρ
2961 789 3094 846 ἲδὼν
3127 793 3155 847 ὁ
3184 791 3405 869 κράτωρ

2170 874 2312 929 3945
2351 879 2469 948 Θεῷ
2498 881 2835 953 χαριστήρια
2862 884 2970 935 τῶν
3005 879 3152 936 ὅλων
3180 880 3295 936 θύει

2349 964 2474 1041 Οὐχ
2492 966 2663 1035 ἦττον
2694 969 2879 1037 ἡσθεὶς
2910 968 2945 1039 ἢ
2978 971 3155 1032 νίκαις
3187 976 3309 1032 ταῖς
3343 968 3582 1044 μυρίαιςν

2349 1056 2454 1110 Καὶ
2485 1057 2788 1133 χαριέντως
2818 1060 3189 1135 προσ-πλακεὶς
3221 1061 3355 1115 κατά
3382 1058 3505 1116 δέον

2348 1145 2419 1199 Τὸ
2451 1144 2682 1222 φίλτρον
2715 1148 2999 1223 ἀπένειμεν
3030 1150 3234 1229 ἀμφοῖν
3267 1150 3342 1212 ὡς
3374 1149 3567 1207 πάλαι.

2350 1231 2553 1308 Χρόνον
2589 1234 2646 1291 δὲ
2681 1237 2888 1315 βραχὺν
2918 1237 3265 1314 ἐνδιατρίψας
3295 1239 3456 1295 πόλει

2167 1324 2311 1379 3950
2348 1324 2435 1386 Ὠς
2469 1325 2612 1401 εἶχεν
2647 1325 2931 1404 ἐξώρμησε
2958 1329 3098 1404 πρὸς
3126 1328 3396 1399 Βιθυνίαν,

2348 1418 2779 1491 Καταφρονήσας
2813 1419 3068 1490 σώματος
3098 1417 3378 1494 καχεξίας,

2346 1501 2601 1577 Τούρκων
2626 1505 2935 1560 κακούντων
2964 1507 3249 1580 Ῥωμαϊκᾶ
3278 1507 3481 1583 χωρία,

2349 1591 2455 1653 Οῧς
2488 1592 2786 1668 ἐκθροήσας
2816 1596 2905 1650 καὶ
2939 1597 3080 1672 μόνῃ
3113 1596 3386 1671 παρουσίᾳ

2348 1681 2488 1751 Πρὸς
2521 1681 2795 1738 Λοπάδιον
2828 1684 3132 1761 ἀφικνεῖται
3159 1687 3259 1754 τήν
3291 1685 3475 1741 πόλιν

2168 1769 2312 1824 2955
2348 1773 2516 1826 Ἑνθα
2551 1769 2832 1846 βραδύνων
2864 1773 3104 1849 συνάγων
3134 1795 3193 1829 τε
3218 1771 3474 1846 δυνάμεις

2092 1883 2138 1944 Β
2350 1863 2574 1933 Στρατῷ
2607 1860 2774 1935 βαρὺς
2805 1859 2981 1933 ἔδοξεν
3011 1863 3033 1905 θ
3071 1863 3243 1936 πραῢς
3273 1862 3400 1934 ἅναξ

2346 1947 2437 2009 Ὦς
2470 1945 2757 2003 διανιστῶν
2787 1950 3005 2026 ἀρεϊκᾶς
3037 1951 3174 2025 πρὸς
3210 1952 3418 2025 μάχας,

2348 2036 2448 2091 Καὶ
2478 2032 2824 2113 προσϐιάζων
2854 2045 3132 2113 καρτερεῖν
3160 2039 3212 2094 ἐν
3239 2044 3308 2113 τῇ
3339 2042 3514 2114 μάχῃ.

2348 2125 2536 2180 Τοίνυν
2566 2126 2776 2203 ἀπάρας
2809 2127 3064 2204 βασιλεὺς
3096 2124 3380 2183 Λοπαδίου

2173 2215 2317 2270 3960
2358 2216 2760 2292 Ἐπιστρατεύει
2793 2216 2885 2272 σὺν
2920 2223 3142 2295 στρατιᾷ
3176 2217 3341 2293 μυρίᾳ

2350 2306 2484 2367 Τοῖς
2513 2306 2649 2361 κατά
2678 2308 2870 2361 πόντον
2897 2308 3229 2383 ’Λγαρηνοῖς
3264 2299 3563 2383 βαρϐάροις

2352 2396 2786 2469 Κατακρατοῦσιν
2817 2399 2886 2465 τῆ
2894 2420 2917 2460 ς
2946 2404 2989 2452 Ν
2998 2394 3379 2472 εοκαισαρέων·

3726 378 3841 457 156

2352 2482 2609 2540 Σπεύδων
2692 2485 2971 2558 μετελθεῖν
3046 2485 3137 2541 καὶ
3215 2482 3422 2561 Γαϐρᾶν
3490 2489 3843 2539 Κωνσταντῖ-

2350 2662 2895 2738 Κατατυραννεύοντα
2923 2664 3390 2740 Τραπεζουντίων.

2170 2752 2313 2808 3965
2349 2752 2657 2830 Ἐφίσταται
2688 2756 2814 2827 γοῦν
2846 2756 2913 2827 τῇ
2947 2752 3377 2827 Νεοκαισαρέων,

2353 2842 2452 2897 Καὶ
2483 2840 2602 2916 τῇδ’
2631 2840 2822 2918 ἐφιστῇ
2850 2842 2944 2903 τὰς
2976 2839 3229 2915 δυνάμεις
3261 2838 3547 2904 κυκλόθεν.

2350 2933 2448 2986 Καὶ
2476 2932 2601 3008 τάχ’
2631 2932 2690 2988 ἂν
2717 2931 2829 2988 εἷλε
2858 2931 3020 3003 τήνδε
3046 2932 3365 3008 κρατάρχης
3390 2931 3514 2987 τότε

2351 3021 2414 3079 Εἰ
2451 3024 2524 3095 μή
2556 3044 2609 3078 τι
2639 3018 2851 3097 συμϐὰν
2883 3023 3192 3096 ἀπρόοπτόν
3221 3044 3275 3078 τι
3305 3025 3477 3085 πάθος

2351 3111 2602 3185 Ἀπεῖρξε
2624 3112 2686 3166 τὸ
2717 3112 3027 3187 στράτευμα
3053 3119 3152 3182 τῆς
3179 3111 3484 3187 διαμάχης·

2089 3255 2136 3319 C
2347 3255 2437 3360 ’ἐξ
2470 3255 2905 3364 Ἰταλίαςιδεξιόν
2938 3255 3034 3346 τιν’
3066 3255 3306 3362 ἱππότην

2348 3380 2619 3435 Ἀνιππον
2648 3378 2780 3435 ἰδὼν
2811 3379 3151 3455 ἐγκελεύεται
3182 3381 3399 3456 κρὲίτωρ

2348 3470 2557 3544 Ἀγχοῦ
2593 3470 2986 3525 συνιππεύοντα
3011 3467 3286 3545 τάδελφοῦ
3315 3470 3472 3545 γόνον

2346 3558 2538 3615 Ἵππον
2571 3564 2874 3634 παρασχεῖν
2907 3555 3187 3614 ἀποϐάντα
3218 3558 3450 3631 Λατίνῳ.

2169 3648 2311 3702 3975
2348 3648 2409 3704 Ὁ
2440 3644 2486 3701 δ’
2517 3647 2578 3702 ού
2608 3654 2791 3721 νεμεῖν
2825 3645 3021 3723 ἔφασκε
3054 3648 3184 3722 μάλ’
3215 3644 3536 3723 ἀντιλέγων,

2347 3734 2527 3799 Μόλις
2559 3735 2606 3792 δ’
2636 3741 2777 3793 ἄκων
2808 3735 3029 3793 δίδωσιν
3061 3737 3269 3812 ἱππότῃ

2348 3825 2468 3881 Κάκ
2494 3824 2655 3881 τοῦδε
2682 3825 2950 3897 πλησθεὶς
2983 3826 3044 3882 οὐ
3078 3831 3275 3900 μικρᾶς
3302 3824 3537 3900 ἀθυμίας

2344 3918 2782 3992 Μικροψυχήσας
2817 3916 2876 3972 ἐκ
2906 3921 3112 3994 φρενῶν
3146 3910 3410 3991 ἀϐλεψίας

2349 4001 2710 4080 Ἀδελφόπαις
2739 4006 2899 4067 οὗτος
2926 4027 2985 4079 γε
3014 4009 3189 4080 καιρῷ
3218 4013 3318 4075 τῆς
3351 4004 3537 4081 μάχης

2168 4094 2310 4150 3980
2350 4094 2435 4166 Ἐξ
2471 4095 2737 4170 ὑπογυίου
2768 4096 3097 4171 προστρέχει
3126 4099 3243 4157 τοῖς
3276 4088 3572 4170 βαρϐάροις

2347 4184 2451 4241 Καὶ
2473 4182 2655 4239 τοῖσδε
2688 4182 2900 4260 δεχθεὶς
2924 4183 3304 4258 ἀσμενεστάτῳ
3334 4183 3511 4256 πόθῳ,

2346 4272 2497 4329 Μετά
2525 4294 2586 4348 γε
2622 4273 2802 4349 βραχὺ
2828 4273 2919 4329 καὶ
2946 4274 3330 4349 χριστώνυμον
3364 4267 3524 4334 σέϐας

2323 4349 2667 4436 ’Ἒξόμνυται
2700 4364 2825 4440 φεῦί
2859 4364 2948 4417 καὶ
2981 4361 3240 4436 συνεζύγη
3272 4360 3441 4423 τάλας

2324 4451 2583 4528 ’Θυγατρὶ
2615 4452 2989 4530 Περσάνακτος
3022 4454 3314 4515 Ἰκονιὲως.

2165 4543 2308 4598 3785
2344 4542 2621 4598 Ἐντεῦθεν
2652 4542 2778 4614 ἄναξ
2810 4543 3093 4619 συσχεθεὶς
3122 4541 3327 4617 ἀγωνίᾳ

2089 4630 2135 4691 Ι)
2340 4631 2721 4709 Ὑποστρέφειν
2750 4631 2951 4708 ἤρξατο
2977 4630 3114 4705 πρὸς
3145 4629 3309 4685 πόλιν
3345 4627 3515 4705 βάδην

2342 4723 2601 4777 Κλέπτων
2628 4722 2986 4799 ἀναχώρησιν
3014 4720 3063 4795 ἐξ
3097 4715 3379 4780 ἀϐουλίας.

2340 4812 2530 4884 Ὅμως
2559 4812 2848 4890 πεφθακὼς
2877 4813 2976 4881 τὴν
3015 4806 3270 4886 βασιλίδα
3297 4806 3486 4876 πόλιν,

2340 4901 2430 4955 Ἐν
2459 4898 2593 4975 τῇδε
2626 4901 2819 4976 μικρὸν
2850 4898 3197 4974 ἐνδιατρίψας
3235 4897 3461 4974 χρόνον,

2164 4991 2307 5047 3990
2352 4990 2555 5060 Ἔξεισι
2586 4987 2752 5044 πάλιν
2785 4987 2879 5044 σὺν
2913 4993 3137 5063 στρατιᾷ
3172 4988 3356 5064 μυρίᾷ.

2341 5078 2441 5135 Καὶ
2475 5075 2850 5153 παραδραμὼν
2883 5077 3128 5153 Φρυγίαν
3159 5075 3246 5131 καὶ
3282 5073 3501 5143 Λυκίαν,

2339 5168 2449 5236 Τὴν
2483 5163 2751 5223 Ἀττάλου
2779 5166 3048 5241 πέφθακεν
3080 5163 3278 5220 εὐκλεᾶ
3302 5162 3466 5220 πόλιν

2338 5257 2436 5311 Καὶ
2469 5254 2636 5325 τῆσδε
2667 5256 2778 5320 θεὶς
2809 5256 2864 5310 εὗ
2895 5256 2970 5317 ὡς
3001 5261 3280 5327 προσῆκον
3311 5252 3379 5307 τὰ
3402 5251 3556 5327 πέριξ

2340 5344 2517 5400 Ἑλών
2549 5367 2608 5401 τε
2639 5343 2847 5419 λίμνην
2880 5344 3174 5421 Πασ-γούση
3207 5342 3584 5415 κεκλημένην,

2159 5436 2302 5492 3995
2341 5436 2486 5511 Πρὸς
2518 5436 2785 5513 Ἰσαυρίας
2813 5436 3117 5515 ἀφικνεῖται
3147 5431 3210 5488 τὸ
3240 5430 3436 5506 κλίμα,

2339 5524 2440 5579 Καὶ
2470 5524 2611 5601 πρὸς
2641 5526 2841 5601 Συρίαν
2874 5525 2965 5581 καὶ
2995 5522 3163 5579 πόλιν
3185 5522 3482 5598 Ἀντιόχου

2334 5612 2631 5688 Ἐπίμελὲς
2659 5613 2987 5689 σπούδασμα
3012 5612 3182 5676 τιθεὶς
3212 5612 3303 5667 καὶ
3344 5611 3531 5687 λόγον,

2334 5701 2732 5777 Ἐλευθερῶσαι
2756 5704 2856 5774 τὴν
2887 5701 3184 5776 Ἀντιόχου
3212 5698 3379 5757 πόλιν

2174 3200 2314 3256 3970
2354 3200 2497 3275 Πρὸς
2532 3196 2838 3277 βαρϐάρους
2866 3202 2968 3278 γὰρ
3000 3201 3253 3272 ἐνστάσης
3286 3203 3473 3278 μάχης
3504 3200 3646 3273 τότε,

3716 2576 3840 2647 [νον
