4140 6424
366 425 476 480 157

541 555 648 618 Τῆς
672 558 978 622 Λατινικῆς
1008 551 1313 628 δυσαχθοῦς
1343 554 1689 632 τυραννίδος,

359 641 510 695 4000
551 638 646 692 Καὶ
675 635 830 709 τήνδ’
865 641 1061 695 ἕνῶσαι
1091 645 1160 715 τῇ
1192 642 1354 698 πόλει
1388 644 1822 718 Κωνσταντίνου,

543 729 768 783 Ἔπειτα
800 729 944 783 Σιὼν
975 730 1260 804 ἀφικέσθαι
1295 734 1432 808 πρὸς
1466 731 1654 806 πόλιν,

543 823 582 871 Κ
621 818 635 837 ‘
736 815 770 872 λ
846 819 860 871 ί
1040 819 1054 837 ⁵
1136 817 1198 838 ’⁸⁸
1328 844 1340 854 ·
1404 823 1418 843 ‘
1488 824 1497 840 '

586 839 637 872 αι
673 838 731 895 φι
777 839 838 872 οτ
870 841 998 892 μοις
1029 835 1294 890 αναοησαι
1331 844 1419 876 και
1452 825 1623 895 ξενοις

546 909 778 980 Δώροις,
811 908 1122 981 ἀναθήμασι
1154 912 1428 966 Δεσπότου
1461 913 1649 989 τάφον,

544 998 619 1055 Τὸ
652 995 698 1052 δ’
728 997 780 1052 ἐν
813 997 1006 1070 κύκλῳ
1036 1005 1141 1054 πᾶν
1171 999 1505 1077 βαρϐαρικὸν
1532 1008 1784 1078 καθᾶραι.

359 1089 501 1142 4005
545 1087 752 1142 Οὐκοῦν
783 1085 1013 1149 ἐπιστὰς
1049 1091 1379 1165 Ἀντιοχέων
1413 1090 1572 1146 πόλει

541 1178 750 1248 Ταύτης
779 1175 971 1252 ἐδῄου,
997 1179 1274 1256 κατέκειρε
1301 1182 1371 1236 τὰ
1400 1183 1552 1257 πέριξ
1583 1199 1596 1211 ⁸

544 1269 693 1323 Ἐπεὶ
723 1267 780 1323 δέ
813 1269 865 1322 οἱ
896 1269 1180 1344 πρόθυμον
1211 1272 1275 1326 οὐ
1306 1273 1426 1326 κατ’
1460 1270 1687 1334 ἐλπίδας

547 1353 856 1430 Συμϐαῖνον
891 1357 1193 1430 έσκόπησεν
1227 1361 1494 1434 ἀγχίνους
1529 1363 1648 1434 ἅναξ

541 1447 688 1521 Ἠρὸς
722 1447 966 1504 Κιλίκων
1004 1448 1184 1504 ἄπεισι
1216 1451 1513 1526 πανστρατί
1551 1459 1688 1524 μέρη
1725 1471 1738 1484 ο

354 1537 507 1592 4010
553 1532 972 1606 Ἐνσκηνοϐατεῖ
1003 1535 1047 1591 δ’
1080 1537 1130 1592 ἐν
1165 1538 1510 1615 φαραγγώδει
1541 1540 1713 1612 τόπῳ,

547 1625 713 1679 Ἔνθα
742 1627 1012 1699 Κοράκων
1045 1626 1253 1704 φωλεοὶ
1283 1627 1482 1697 κλῆσις
1513 1628 1686 1701 τόπῳ,

550 1714 653 1770 Καὶ
683 1715 818 1788 πρὸς
849 1715 1175 1790 κυνηγέσιον
1206 1717 1351 1790 ὁρμᾷ
1389 1719 1506 1771 κατ’
1538 1715 1658 1781 ἔθος
1691 1739 1703 1750 ·

549 1804 651 1858 Ecl”
681 1800 730 1857 δ’
763 1803 972 1874 ὑπαντᾷ
1002 1805 1139 1859 κατᾶ
1171 1803 1399 1880 λόχμην
1433 1806 1628 1882 ἀγρίῳ,

545 1894 651 1948 Καὶ
681 1890 838 1948 τόνδε
866 1899 947 1965 τῷ
978 1891 1164 1969 δόρατι
1197 1895 1429 1964 πλήττει
1461 1896 1674 1971 καιρίαν
1713 1917 1725 1929 ο

357 1986 510 2039 4015
547 1986 631 2056 Τῇ
660 1979 708 2036 δ“
735 1983 1030 2059 ἀντερείσει
1060 1989 1159 2039 τοῦ
1192 1986 1318 2046 συὸς
1349 1985 1601 2058 καμοῦσά
1630 2008 1746 2050 πως

536 2071 852 2148 Δορυφόρος
884 2073 1011 2148 χεὶρ
1039 2071 1370 2136 αὐτάνακτος
1404 2071 1688 2135 δεσπότου.

537 2161 638 2219 Καὶ
669 2163 1069 2236 παρενεχθεῖσα
1097 2183 1151 2216 τι
1186 2164 1379 2238 μικρὸν
1409 2164 1606 2226 εὐθέως
1637 2166 1750 2238 (51)

536 2253 649 2320 Τῆς
679 2251 827 2325 παρά
863 2249 1096 2326 πλευρὸν
1126 2252 1432 2325 παραψαύει
1465 2253 1754 2328 φαρέτρας,

537 2341 788 2417 Ἰοτρόφα
816 2339 1056 2414 βέλεμνα
1088 2345 1270 2415 θηρῶν
1305 2340 1379 2403 εἷς
1411 2342 1574 2419 φόνον

348 2431 502 2485 4020
541 2427 733 2484 Ἔνδον
769 2428 1042 2505 φερούσης
1077 2449 1090 2461 ’
1119 2429 1210 2484 καὶ
1241 2431 1521 2506 χυθέντων
1550 2432 1852 2507 ἀτράκτων,

537 2521 628 2579 Εἷς
656 2515 832 2572 τῶνδε
861 2518 993 2594 φεῦί
1027 2515 1231 2591 ἔπληξε
1257 2519 1527 2594 κράτορος
1561 2521 1699 2595 χέρα

536 2608 638 2662 Καὶ
661 2607 931 2683 φθαρτική
968 2606 1196 2680 δύναμις
1228 2610 1263 2677 ἡ
1293 2613 1390 2662 τοῦ
1431 2610 1722 2686 φαρμάκου

533 2695 676 2751 Κατά
703 2717 764 2771 γε
799 2698 994 2771 μικρὸν
1029 2697 1324 2774 ἀπονεκροῖ
1352 2699 1443 2753 καὶ
1476 2699 1648 2776 φθίνει

533 2788 772 2842 Ἄνακτα
803 2787 970 2852 Θεῖον,
999 2786 1345 2861 τρισαριστέα
1381 2789 1570 2863 μέγαν,

324 2879 487 2934 4025
527 2875 630 2931 Καὶ
661 2874 972 2930 συνελαύνει
1003 2875 1140 2949 πρὸς
1168 2877 1230 2930 τὸ
1259 2881 1356 2930 τοῦ
1392 2876 1514 2952 βίου
1539 2879 1725 2945 πέρας.

567 2967 912 3022 ΜΑΝΟῙἨΛ
953 2967 996 3022 Ο
1036 2966 1442 3023 ΚΟΜΝΗΝΟΣ
1483 2970 1596 3024 ET.
1642 2974 1769 3025 AH'.

526 3054 656 3128 Πρὶν
689 3055 724 3124 ἢ
753 3051 812 3108 δὲ
843 3055 1016 3107 θανεῖν
1051 3055 1315 3125 Μανουήλ
1353 3055 1581 3132 βασιλέα

526 3146 786 3197 Ὕστατον
817 3143 932 3197 υἱὸν
963 3149 1408 3219 συνομαρτοῦντα
1436 3145 1637 3220 στέφει,

530 3232 631 3289 Καὶ
660 3233 906 3306 κράτορα
937 3228 1173 3287 δείκνυσι
1197 3241 1298 3302 τῆς
1328 3233 1656 3308 Ῥωμαίδος.

530 3321 828 3396 Στράτευμ’
861 3321 949 3376 ἐπῖ
977 3321 1197 3384 τούτοις
1233 3321 1289 3378 δὲ
1319 3324 1608 3397 Ῥωμαίων
1644 3327 1778 3381 ἅπαν

334 3413 490 3468 l1030
532 3410 635 3465 Σὺν
660 3416 779 3473 τοῖς
812 3417 1102 3487 στατηγοῖς
1133 3411 1222 3466 καὶ
1247 3413 1516 3488 λοχαγοῖς
1545 3416 1840 3489 ταγμάτων

533 3502 779 3558 Ἀνεῖπον
813 3499 972 3554 αὐτὸν
1007 3499 1371 3577 Αὐσονάρχην
1406 3504 1679 3575 ἀσμένως.

523 3591 729 3644 Ἕπειτ⁹
759 3588 1072 3662 ἐπανέζευξε
1101 3592 1238 3664 πρὸς
1269 3590 1583 3660 Βυζαντίδα

523 3678 671 3732 Μετᾶ
697 3683 953 3751 στρατιᾶς
981 3676 1244 3745 Μανουήλ
1275 3675 1398 3751 ἄναξ
1433 3681 1575 3749 νέος,

526 3765 904 3839 Ἀνακομίζων
937 3765 1026 3819 καὶ
1059 3767 1260 3841 πατρὸς
1286 3768 1437 3822 ναυσὶ
1468 3767 1643 3825 νέκυν.

335 3860 487 3914 4035
532 3855 632 3911 Καὶ
661 3850 987 3912 καταλαϐὼν
1017 3856 1118 3923 τὴν
1153 3855 1409 3930 βασιλίδα
1434 3854 1598 3913 πόλιν

527 3943 826 4013 Βασιλικῆς
856 3938 1018 4019 ἔτυχε
1046 3951 1146 4012 τῆς
1179 3943 1470 4022 εὐφημίας,

524 4038 750 4109 Πρῶτον
786 4032 1093 4088 σταλέντων
1127 4034 1216 4088 καὶ
1248 4038 1770 4109 προηυτρεπικότων

521 4125 637 4192 Τὴν
672 4119 884 4177 εἷ’σοδον
906 4121 1180 4178 κάλλιστα
1207 4125 1306 4192 τήν
1336 4124 1412 4186 εἰς
1442 4127 1540 4195 τήν
1573 4127 1736 4183 πόλιν

517 4211 720 4287 Ἀξοὺχ
753 4210 992 4285 μεγάλου
1021 4213 1118 4280 τὴν
1151 4213 1319 4285 τιμὴν
1353 4211 1702 4286 δομεστίκου,

334 4306 481 4359 4040
522 4302 623 4358 Καὶ
663 4301 946 4376 βασιιιείου
975 4300 1345 4373 Τζιτζιλούκη
1374 4303 1681 4376 τούπίκλην
1715 4325 1728 4340 '

519 4389 676 4460 Ηλὴν
707 4391 781 4452 ὡς
810 4388 944 4466 ἔφην
973 4393 1088 4462 (5‘2)
1110 4391 1244 4468 φθὰς
1277 4393 1542 4464 Μανουήλ
1573 4393 1740 4452 πόλιν
1769 4395 1998 4474 κράτους

519 4481 655 4554 Παρ’
687 4479 990 4554 ἀρχιθύτου
1019 4485 1317 4535 ταινιοῦται
1348 4483 1464 4537 κατ’
1496 4480 1640 4554 ἔθος,

516 4568 622 4625 Καὶ
655 4574 816 4623 πᾶσιν
843 4568 1028 4631 ἀστοῖς
1061 4567 1423 4645 προσδέδεκτο
1455 4573 1783 4651 προφρόνως

518 4658 896 4734 Διαγορευθεὶς
931 4657 1191 4732 βασιλεὺς
1222 4659 1575 4736 αὐτοκράτωρ
1612 4683 1622 4694 ·

329 4752 476 4806 4045
515 4747 746 4810 Νεανίας
777 4743 849 4800 ὢν
883 4748 1102 4813 ἀρεϊκὸς
1133 4747 1184 4802 ἐν
1223 4751 1455 4824 μάχαις,
1533 4748 1538 4752 ’

513 4834 839 4907 Κάλλιστος,
871 4832 1028 4904 ἡδὺς,
1061 4836 1300 4909 εὐμενὴς
1335 4837 1623 4907 ὑπηκόοις,

513 4929 648 4988 Τοῖς
677 4930 838 4980 πᾶσιν
866 4923 1130 4986 ἀσπάσιος
1161 4926 1234 4987 ὡς
1264 4926 1625 5004 μεγαλόφρων
1656 4946 1669 4959 ·

513 5015 659 5088 Ηρὸς
693 5011 740 5068 δ’
764 5012 827 5068 αὖ
859 5016 1160 5092 φρενήρης,
1194 5015 1428 5091 χαρίεις,
1455 5015 1793 5091 πεφιλμένος

508 5106 632 5160 Τῶν
668 5099 987 5175 δημοτικῶν
1019 5099 1274 5179 ἐντριϐής
1305 5127 1366 5181 γε
1392 5108 1758 5181 πραγμάτων,

323 5197 472 5252 4050
508 5197 586 5266 Τῇ
616 5197 714 5246 τοῦ
743 5193 1043 5268 προσώπου
1075 5193 1323 5268 καλλονῇ
1355 5195 1706 5268 κεκασμένος,

510 5281 618 5338 Καὶ
649 5286 780 5336 πᾶσι
810 5279 1008 5345 καλοῖς
1035 5280 1332 5356 ἐμπρέπων
1368 5281 1646 5349 Θεοδότοις
1675 5288 1810 5360 (53),

505 5370 702 5446 Ῥώμῃ
728 5391 789 5426 τε
815 5374 913 5426 τοῦ
945 5370 1225 5444 σώματος,
1260 5370 1415 5443 εἷ’δει,
1447 5375 1676 5447 συνέσει,

508 5463 713 5537 Ψυχῆς
741 5462 1134 5536 παραστήματι
1160 5459 1554 5539 φιλοκινδύνῳ,

508 5553 762 5615 Ἰθυτενεῖ
786 5551 1036 5624 σχήματι
1057 5557 1158 5622 τῆς
1190 5550 1439 5625 ἡλικίας,

422 5679 522 5748 51)
549 5676 690 5734 Cod.
724 5674 932 5748 εὐθέος.

422 5679 522 5748 51)
549 5679 690 5734 Cod.
724 5679 912 5738 εὐθέος

401 5679 518 5823 ἱ52)
549 5749 691 5807 Cod.
726 5745 916 5824 ἔφθην.

1900 436 2100 487 CESA
2111 436 2269 488 RES.

2054 559 2106 623 Α
2141 562 2413 627 ρτωεῐεινθ
2443 560 2711 632 liberam,
2747 565 2924 634 atque
2949 559 3319 616 Constantini

2142 646 2272 701 urbi
2303 649 2570 704 devotam
2596 667 2804 706 rursus
2837 650 3167 706 restituere.

2139 735 2277 790 Dein
2321 737 2552 793 Sionem
2587 740 2883 811 cogitabat
2915 739 3188 794 accedere

2136 827 2201 876 ut
2231 825 2505 893 pretiosis
2530 845 2773 898 prorsus
2796 832 2851 881 et
2883 827 3137 882 insolitis

2134 912 2348 969 Christi
2381 916 2715 986 sepulcrum
2743 917 2912 972 donis
2944 919 3272 982 cxornaret,

2134 1008 2494 1076 cunctosque
2513 1005 2797 1060 Barbaros
2829 1005 3056 1060 accolas
3088 1005 3324 1059 deleret.

2137 1090 2338 1162 itaque
2368 1109 2680 1166 aggressus
2710 1093 3080 1149 Antiochiam
3113 1094 3318 1148 urbem

2138 1182 2314 1250 hujus
2342 1184 2612 1238 vastabat
2642 1183 2827 1238 milite
2856 1183 3128 1238 viciniam
3162 1201 3174 1238 :

2135 1273 2332 1326 tamen
2367 1289 2501 1328 cum
2531 1277 2731 1328 votum
2754 1273 2864 1328 sibi
2899 1289 3012 1327 non
3047 1273 3360 1328 succedere

2134 1379 2234 1417 rex
2265 1363 2524 1433 prudens
2557 1362 2762 1428 sensit,
2796 1366 2952 1417 moto
2983 1361 3120 1416 hinc
3146 1363 3403 1418 exercitu

2135 1451 2439 1510 transtulit
2454 1467 2583 1506 sese
2603 1451 2846 1506 Cilicum
2878 1451 2937 1504 in
2970 1455 3178 1505 terras.

2135 1541 2220 1596 Ibi
2249 1541 2305 1594 in
2336 1540 2552 1596 silvoso
2581 1544 2990 1612 praeruptoque
3023 1538 3171 1605 loco,

2133 1631 2286 1699 quod
2317 1630 2492 1701 vulgo
2524 1631 2740 1686 dicitur
2770 1631 3083 1685 Corvorum
3116 1628 3458 1701 latibulum,

2133 1720 2326 1775 Caesar
2354 1723 2630 1775 venatum
2663 1721 2732 1775 de
2757 1735 2916 1774 more
2947 1719 3243 1790 profectus

2132 1811 2367 1866 obvium
2393 1807 2600 1864 habuit
2629 1809 2688 1863 in
2721 1809 2960 1864 dumeto
2990 1825 3222 1881 aprum,

2053 1927 2101 1992 Β
2133 1914 2308 1970 quem
2340 1897 2510 1992 hasta
2543 1897 2741 1992 statim
2777 1898 3027 1992 perculit
3059 1896 3387 1953 lethaliter:

2133 2001 2333 2040 verum
2367 1983 2597 2054 objectu
2631 1983 2960 2040 resistentis
2990 1985 3116 2056 apri

2132 2077 2360 2128 armata
2381 2089 2593 2127 manus
2617 2071 2861 2127 Caesaris
2895 2088 3186 2145 repressa,

2129 2166 2400 2232 retroque
2423 2161 2536 2216 cito
2568 2163 2770 2215 cedere
2801 2165 3000 2216 coacta

2127 2251 2446 2307 haerentem
2480 2250 2648 2307 lateri
2679 2250 2868 2322 tetigit
2912 2250 3274 2322 pharetram,

2126 2355 2254 2411 quae
2287 2345 2570 2396 venenata
2597 2339 2657 2394 in
2691 2340 2942 2396 ferarum
2978 2341 3295 2412 perniciem

2135 2428 2248 2484 tela
2273 2430 2548 2502 gestabat
2577 2429 2708 2484 :his
2741 2434 2976 2496 repente
3007 2430 3230 2495 effusis,

2122 2534 2309 2572 unum
2343 2518 2487 2589 prob
2520 2517 2722 2572 dolori
2759 2517 3003 2572 Caesaris
3034 2518 3157 2573 ﬁxit
3189 2535 3466 2587 manum;

2123 2623 2375 2678 moxque
2406 2605 2614 2662 veneni
2643 2606 2730 2661 vis
2761 2605 3076 2662 exitiabilis

2121 2699 2340 2754 sensim
2369 2699 2681 2753 dimanans
2714 2697 3094 2770 membraque
3123 2714 3529 2770 corrumpens,

2121 2802 2316 2857 regem
2345 2785 2610 2841 divinum
2639 2784 3025 2841 victoriosum
3060 2801 3344 2856 magnum

2119 2874 2249 2929 vitae
2282 2875 2547 2930 mortalis
2578 2873 2763 2945 adigit
2795 2874 2862 2928 ad
2898 2874 3244 2928 terminum.

2263 2961 2560 3018 MANUEL
2589 2961 2976 3017 COMNENUS
3009 2962 3122 3019 AN.
3155 2962 3460 3018 XXXVIII.

2118 3051 2449 3107 Manuelem
2482 3051 2737 3107 moriens
2768 3057 2933 3122 pater
2963 3051 3150 3105 edixit
3181 3067 3376 3123 regem

2119 3139 2433 3196 minimum
2475 3145 2616 3195 natu
2649 3140 2835 3196 lilium
2865 3145 3213 3212 praesentem
3246 3140 3377 3206 sibi,

2119 3234 2295 3301 atque
2327 3229 2464 3286 huic
2485 3234 2816 3286 Romanum
2849 3230 3093 3285 tradidit
3119 3231 3455 3302 imperium.

2037 3297 2080 3363 Ο
2118 3327 2278 3378 Tunc
2308 3323 2482 3379 etiam
2510 3326 2759 3379 cunctus
2789 3324 3083 3378 Romanus
3128 3324 3416 3379 exercitus

2117 3429 2252 3468 cum
2285 3413 2537 3468 ducibus
2566 3421 2621 3468 et
2649 3412 2927 3468 ordinum
2960 3412 3403 3467 centurionibus

2117 3503 2313 3572 ipsum
2345 3502 2599 3558 libenter
2627 3502 2910 3558 salutavit
2956 3519 3172 3575 regem.

2116 3590 2260 3646 Dein
2290 3591 2541 3663 perrexit
2569 3592 2651 3647 ire
2683 3591 3021 3663 Byzantium

2115 3680 2347 3737 Manuel
2379 3698 2515 3736 cum
2548 3680 2733 3753 copiis
2763 3681 3087 3752 imperator
3118 3697 3321 3752 novus,

2116 3771 2301 3842 patris
2333 3772 2634 3826 adducens
2666 3787 2810 3826 nave
2841 3771 3108 3826 cadaver.

2115 3860 2380 3931 Cumque
2410 3861 2481 3916 ad
2515 3859 2768 3930 regalem
2789 3861 3150 3931 pervenisset
3178 3861 3408 3932 urbem,

2114 3947 2346 4018 plausu,
2380 3947 2482 4018 qui
2514 3948 2679 4003 decet
2710 3963 2925 4019 regem,
2958 3953 3048 4002 est
3079 3953 3353 4019 exceptus
3390 3968 3404 4016 ;

2114 4037 2435 4109 praemissis
2485 4037 2706 4092 scilicet
2727 4038 2827 4107 qui
2860 4041 3016 4092 recto
3045 4037 3250 4092 ordine,

2113 4126 2277 4182 urbis
2306 4127 2636 4196 ingressum
2670 4125 2790 4196 regi
2814 4131 3186 4196 appararent,

2114 4214 2340 4270 Azucho
2370 4231 2583 4284 magno
2607 4213 2666 4268 in
2698 4212 2836 4268 aula
2867 4212 3190 4268 domestico

2112 4309 2169 4360 et
2196 4302 2412 4360 Basilio
2441 4302 2596 4358 dicto
2625 4301 2955 4358 Tzitziluca.

2111 4399 2419 4466 Ingressus
2450 4396 2648 4448 autem
2679 4391 2912 4447 Manuel
2947 4390 3318 4462 metropolim

2111 4499 2146 4537 a
2167 4481 2500 4555 patriarcha
2532 4481 2640 4536 rite
2664 4485 3001 4548 coronatur,

2110 4569 2456 4642 cunctisque
2486 4587 2519 4625 a
2547 4569 2773 4624 civibus
2806 4569 3035 4625 volente
3093 4570 3291 4626 animo

2026 4675 2074 4736 ι)
2106 4677 2205 4716 rex
2235 4658 2528 4717 salutatur
2553 4661 2729 4729 atque
2759 4657 3100 4730 imperator.

2107 4751 2241 4806 Erat
2271 4750 2367 4804 hic
2394 4747 2626 4819 juvenis
2658 4752 2938 4804 strenuus
2968 4747 3030 4804 in
3061 4749 3299 4821 praeliis,

2105 4840 2388 4912 Egregius
2413 4853 2866 4910 usquequaque,
2904 4838 3086 4904 mitis,
3119 4838 3291 4903 lenis,

2104 4932 2332 4987 cunctis
2362 4933 2658 5001 acceptus,
2696 4933 2898 5000 utpote
2949 4929 3388 5001 magnanimus,

2103 5021 2379 5076 cordatus
2400 5019 2662 5090 insuper,
2696 5015 2954 5090 elegans,
2978 5017 3272 5086 amabilis,

2101 5113 2158 5166 et
2187 5109 2550 5182 publicorum
2574 5108 2835 5180 prudens
2866 5108 3257 5179 negotiorum,

2099 5199 2301 5255 vultus
2332 5197 2554 5273 insigni
2585 5201 2888 5252 venuslate
2913 5197 3215 5269 praeditus,

2102 5292 2275 5359 atque
2305 5287 2520 5344 divinis
2547 5283 2716 5340 donis
2747 5285 3226 5357 ﬂorentissimus,

2101 5378 2362 5450 corporis
2397 5377 2623 5442 robore,
2650 5375 2856 5442 forma,
2891 5375 3197 5447 sapientia,

2100 5469 2369 5539 prompto
2398 5465 2469 5520 ad
2502 5464 2762 5536 pericula
2792 5465 3101 5522 subeunda
3145 5468 3362 5537 animo,

2097 5563 2334 5615 artuum
2357 5573 2594 5629 procero
2630 5573 2735 5629 pro
2765 5560 2934 5613 aetate
2966 5557 3193 5631 habitu,

2168 5686 2280 5757 (53)
2314 5684 2452 5741 Cod.
2485 5679 2815 5751 θεοσδότοις,
2851 5688 2915 5738 ut
2936 5699 2987 5740 ν.
3033 5685 3194 5742 3721.

3690 434 3791 487 158
