4140 6404
394 398 498 451 159
1612 404 1977 457 EPHREMII
2026 400 2464 457 CHRONOGRA
2479 407 2592 456 Plll

392 522 584 591 laetus,
611 527 939 595 jucundus,
966 528 1241 583 comitate
1273 527 1463 582 obvia.

393 628 594 669 verum
625 616 905 685 patientia
929 619 1184 673 maxime
1218 618 1558 685 excellebat,

392 706 449 756 et
481 701 597 757 leni
629 704 826 760 animo
850 722 964 777 praa
998 708 1223 763 caeteris
1255 708 1531 779 regibus;

395 789 569 846 heros
601 794 923 851 Herculeus
949 796 1386 868 insuperabilis,

395 882 603 954 suique
630 885 795 957 regni
826 886 1055 943 validus
1088 888 1375 955 defensor,

396 978 596 1043 pastor
630 976 836 1047 bonus,
869 977 1003 1049 vigil
1038 978 1207 1034 ovilis
1232 982 1452 1045 custos,

396 1062 670 1133 luporum
702 1066 923 1122 rabiem
953 1085 984 1122 a
1006 1084 1179 1141 grege
1210 1068 1532 1141 depellens,

396 1158 569 1224 atque
590 1155 726 1212 huic
756 1156 939 1213 libera
968 1176 1186 1230 pascua
1220 1175 1539 1230 procurans
1566 1176 1577 1211 :

395 1245 580 1299 comis
613 1252 905 1319 regnator,
938 1248 1169 1305 validus
1202 1249 1471 1315 bellator,

392 1337 557 1407 Ajax,
590 1337 864 1408 Achilles,
900 1339 1109 1395 Nestor
1139 1340 1517 1409 consiliosus,

390 1439 567 1494 eques
588 1424 674 1479 vel
710 1426 837 1495 ipso
872 1425 1096 1481 Priamo
1126 1426 1387 1498 peritior,

394 1516 608 1567 Hector
630 1513 951 1584 phalangas
982 1520 1250 1570 sternens
1275 1516 1572 1587 adversas,

399 1603 663 1658 moribus
690 1604 994 1675 jucundis,
1030 1612 1197 1662 acuto
1225 1608 1483 1679 ingenio,

397 1691 671 1748 hostibus
712 1693 1143 1764 formidandus,
1178 1696 1366 1750 bonus
1399 1694 1676 1762 subditis,

396 1779 618 1851 hilaris,
651 1799 890 1838 accessu
915 1783 1121 1851 facilis,
1146 1785 1634 1856 gratiosissimus,

397 1869 559 1925 mille
592 1872 791 1927 relatis
823 1888 920 1927 rex
948 1873 1204 1943 inclytus
1238 1873 1469 1945 palmis,

397 1965 453 2015 et
484 1960 660 2015 simul
705 1963 898 2017 omnis
946 1963 1295 2019 eruditionis
1353 1980 1579 2030 amans,

396 2048 639 2104 Mavorti
679 2068 783 2122 par
814 2052 1117 2108 decertans
1151 2054 1207 2107 in
1234 2051 1471 2124 praliis,

399 2139 590 2196 alacer
620 2142 689 2196 ad
714 2158 942 2215 pugnas
973 2148 1151 2214 atque
1178 2142 1454 2215 pericula,

398 2244 633 2300 semper
655 2229 1004 2303 belligerans
1034 2231 1323 2303 hastaque
1354 2232 1556 2287 hostes
1587 2247 1882 2303 premens,

403 2334 585 2390 seque
616 2318 957 2375 victricibus
976 2320 1194 2376 laureis
1216 2338 1524 2375 exornans.

394 2407 498 2463 Hic
524 2408 675 2465 bello
698 2415 854 2465 moto
886 2415 1091 2466 contra
1114 2412 1196 2466 Tu
1209 2428 1335 2465 reas
1382 2412 1692 2479 Barbaros,

397 2499 520 2554 eois
550 2498 695 2554 locis
718 2500 933 2571 quibus
958 2517 1205 2555 nomcen
1229 2501 1542 2570 melangia,

394 2588 979 2647 hostiumincursum
1012 2591 1193 2647 armis
1226 2592 1568 2664 conpescuit
1600 2607 1613 2658 ;

394 2680 789 2752 impositoque
819 2681 1066 2738 urbibus
1091 2681 1380 2752 praesidio,

394 2770 613 2842 regiam
641 2771 711 2826 ad
747 2774 1117 2844 metropolim
1143 2775 1324 2828 redux
1355 2791 1415 2829 se
1448 2773 1685 2844 recepit.

393 2858 614 2913 Deinde
646 2859 850 2915 Persas
884 2863 1323 2932 persequendos
1356 2861 1605 2925 censuit,

398 2947 498 3016 qui
524 2948 592 3001 ad
626 2948 923 3003 Pithecam
955 2949 1173 3020 oppida
1204 2950 1609 3015 incursabant,

393 3036 707 3108 themaque
734 3038 1107 3094 Thracesium
1142 3039 1518 3111 diripiebant.

396 3125 543 3197 Ergo
576 3130 952 3198 trangressus
982 3128 1219 3199 Lydiam
1254 3132 1429 3200 atque
1469 3127 1803 3199 Phrygiam,

394 3216 650 3272 castellis
680 3217 871 3273 adfuit
891 3218 1080 3274 Caesar
1108 3218 1533 3289 laborantibus,

389 3309 565 3377 atque
595 3306 687 3362 his
720 3308 957 3363 ﬁrmum
981 3307 1180 3363 attulit
1211 3308 1567 3374 subsidium,

393 3396 805 3470 submovitque
837 3404 1040 3455 Persas
1073 3416 1249 3470 quam
1282 3398 1647 3470 longissime.

394 3487 481 3543 Ad
516 3488 932 3547 Philomelium
961 3496 1163 3562 postea
1193 3505 1562 3562 progressus,

393 3578 663 3635 barbaris
695 3580 904 3636 Turcis
932 3580 1012 3636 ibi
1046 3597 1276 3652 quoque
1303 3580 1577 3649 occurrit,

390 3668 628 3739 imoque
660 3669 719 3724 in
748 3671 891 3741 pede
915 3670 1115 3741 jaculo
1150 3670 1535 3742 transﬁgitur,

393 3756 465 3811 ab
490 3759 748 3828 Agareno
779 3758 877 3830 qui
900 3758 1104 3815 lancea
1135 3764 1462 3832 prostratus

391 3846 579 3902 telum
610 3846 858 3903 inferius
884 3847 942 3903 in
967 3848 1185 3905 soleam
1221 3850 1487 3921 conjecit.

393 3935 663 3993 Indidem
690 3942 885 3994 autem
920 3956 1022 3994 ceu
1046 3940 1247 4011 pernix
1277 3939 1475 4011 aquila

393 4030 464 4084 ad
492 4029 853 4086 Iconiensem
888 4031 1091 4086 urbem
1124 4031 1525 4097 transvolavit,

396 4117 692 4190 hujusque
725 4118 882 4175 omni
914 4121 1213 4176 devastato
1238 4138 1377 4193 agro

392 4224 660 4264 reversus
692 4213 780 4265 est
810 4209 880 4265 ad
906 4210 980 4265 im
990 4210 1133 4282 perii
1156 4210 1550 4283 metrOpolim.

393 4298 525 4353 Jam
555 4299 789 4369 qualem
813 4305 973 4370 pater
1003 4300 1141 4355 olim
1180 4318 1294 4372 pra:
1320 4319 1379 4357 se
1402 4298 1618 4355 tulerat

398 4402 601 4440 curam
634 4386 989 4457 reipublicze,
1025 4389 1198 4445 talem
1228 4389 1409 4458 gessit
1432 4387 1611 4442 filius.

399 4476 558 4531 Idem
593 4476 853 4549 conjugii
876 4478 1079 4548 junxit
1131 4478 1241 4533 sibi
1278 4478 1489 4532 foedere

400 4584 468 4622 ex
497 4566 840 4623 Alamannis
874 4568 1132 4641 puellam
1161 4568 1619 4636 nobilissimam,

398 4658 683 4711 virtutum
713 4658 1079 4714 ornamentis
1100 4657 1257 4713 haud
1294 4658 1488 4712 minus
1521 4656 1732 4711 miram

400 4762 579 4818 quam
609 4747 867 4819 corporis
901 4764 1178 4819 compage
1208 4752 1265 4802 et
1293 4746 1749 4819 pulchritudine.

400 4835 703 4906 Regnante
733 4836 1019 4903 Manuele,
1053 4853 1117 4890 ex
1151 4836 1290 4891 orbe
1320 4836 1559 4892 occiduo

400 4925 775 4996 germanicus
808 4926 995 4981 instar
1025 4925 1279 4981 turbinis
1314 4925 1605 4981 exercitus

401 5015 594 5087 gravis
624 5018 682 5070 et
711 5013 942 5071 cunctis
965 5014 1139 5070 rebus
1169 5015 1454 5071 exitiosus

402 5105 666 5160 Romano
693 5102 939 5173 imperio
971 5104 1280 5176 derepente
1312 5104 1599 5169 incubuit,

402 5193 699 5250 Sionicam
733 5193 1102 5262 praetendens
1134 5195 1586 5266 expeditionem.

405 5283 597 5351 Hujus
629 5280 926 5336 Corradus
949 5282 1066 5337 dux
1097 5287 1221 5339 erat
1270 5284 1583 5350 exercitus,

408 5387 506 5424 rex
543 5369 676 5441 pius
708 5374 766 5425 et
794 5369 1026 5426 Christo
1061 5372 1309 5428 maxime
1340 5372 1616 5438 devotus;

405 5459 507 5531 qui
540 5459 678 5515 data
706 5460 916 5515 Caesari
941 5461 1144 5531 jurata
1175 5461 1289 5517 ﬁde

406 5567 507 5621 per
536 5550 683 5607 fines
709 5555 941 5607 nostros
965 5552 1151 5608 amice
1183 5552 1598 5620 transiturum,

407 5657 513 5697 nec
545 5657 607 5696 se
638 5655 745 5699 nec
769 5640 983 5697 milites
1018 5642 1141 5698 fore
1170 5641 1341 5698 nobis
1373 5658 1617 5709 nocuos,

409 5730 481 5785 ad
513 5727 706 5801 ipsam
736 5730 1107 5788 Constantini
1136 5730 1365 5789 devenit
1395 5732 1600 5788 urbem

2076 531 2129 592 Α
2161 524 2301 580 4055
2340 525 2493 589 Ἥθει
2525 529 2811 599 προσηνεῖ,
2846 527 3104 599 χαροπῷ,
3127 523 3451 602 πεφιλμένῳ
3476 546 3488 559 ³

2330 614 2661 685 Ἀνεξικακίᾳ
2692 612 2750 669 δὲ
2785 612 3001 687 μάλιστ’
3035 613 3247 687 ἐκράτει

2330 704 2430 757 Καὶ
2464 702 2862 778 πραότητιτῶν
2896 705 3009 757 κατ’
3037 701 3197 756 αὐτὸν
3232 704 3474 759 ἀνάκτων
3510 724 3524 739 ⁸

2328 793 2512 865 Ἥρως
2545 791 2826 867 Ἡρακλῆς
2856 790 3249 867 ἀπαράμιλλος
3275 793 3454 870 φύσει,

2329 880 2689 956 Ὑπερμαχῶν
2718 880 2993 937 κάλλιστα
3020 887 3121 950 τῆς
3158 878 3525 957 κληρουχίας,

2152 969 2292 1023 4060
2331 972 2545 1042 Ποιμήν
2580 972 2801 1045 ἀγαθὸς,
2836 967 3109 1046 ἄγρυπνος
3141 968 3381 1043 ποίμνης
3414 970 3610 1049 φύλαξ,

2328 1059 2541 1121 Λόκους
2573 1057 2787 1114 διώκων
2822 1058 3105 1133 δυσμενεῖς
3135 1063 3232 1114 τοῦ
3262 1061 3544 1133 ποιμνίου,

2331 1150 2429 1203 Καὶ
2458 1148 2597 1222 τῷδε
2630 1149 2813 1212 διδοὺς
2836 1152 2935 1219 τὴν
2968 1151 3145 1223 νομήν
3180 1148 3496 1223 ἐλευθέραν⁹

2310 1240 2491 1315 δἈναξ
2524 1242 2811 1316 προσηνὴς
2843 1240 2933 1294 καὶ
2970 1241 3229 1313 μαχητὴς
3255 1237 3539 1313 γεννάδας,

2333 1327 2488 1397 Ανας,
2523 1328 2843 1405 Ἀχιλλεὺς,
2877 1330 2966 1383 καὶ
2996 1330 3221 1403 Νέστωρ
3258 1328 3632 1407 βουληφόρος,

2154 1418 2295 1473 4065
2333 1419 2489 1493 Ὑπὲρ
2526 1419 2772 1494 Πρίαμον
2816 1417 3072 1491 εὐμέλιος
3098 1417 3364 1487 ἱππότης·

2334 1510 2550 1584 Ἕκτωρ
2586 1508 2871 1585 φάλαγγας
2905 1507 3151 1583 ρηγνύων
3185 1505 3443 1561 ἐναντίων
3481 1526 3493 1539 ·

2330 1598 2625 1672 Ἐπίχαρις
2656 1598 2790 1666 ἦθός
2821 1618 2896 1669 τε,
2929 1597 3132 1666 πτηνὸς
3162 1596 3260 1664 τήν
3295 1596 3483 1672 φρένα,

2336 1688 2572 1759 Φρικτὸς
2610 1687 2703 1759 μὲν
2738 1686 2985 1761 ἐχθροῖς,
3022 1684 3254 1757 εὐμενὴς
3289 1682 3335 1737 δ’
3370 1684 3661 1755 ὑπηκόοις,

2333 1774 2568 1849 Ἱλαρὸς,
2602 1776 2962 1843 εὐέντευκτος,
2995 1771 3155 1843 ἡδεῖα
3182 1773 3364 1848 χάρις,

2076 1892 2122 1956 Β
2150 1852 2294 1921 4070
2336 1865 2669 1940 Μυριόνικος
2698 1862 3075 1939 τρισαριστιὺς
3104 1862 3357 1931 αὑτάναξ,

2332 1954 2541 2027 Ἑρμοῦ
2571 1976 2629 2009 τε
2660 1952 2908 2015 παιδείας
2936 1974 2995 2007 τε
3022 1953 3284 2012 παντοίας
3318 1950 3507 2026 φίλος,

2331 2045 2619 2119 Ἀντικρυς
2652 2050 2715 2098 "A
2730 2064 2829 2117 ρης
2866 2042 2915 2097 έν
2954 2044 3158 2117 μάχαις
3190 2039 3529 2109 ἀντιπάλων,

2334 2133 2666 2209 Ὀξύῤῥοπός
2698 2154 2780 2194 τις
2810 2134 2947 2206 πρὸς
2983 2131 3163 2206 μάχας
3193 2130 3278 2184 καὶ
3309 2126 3617 2199 κινδύνους,

2333 2225 2441 2280 Ἀεὶ
2472 2228 2851 2299 πράταρχῶν,
2885 2223 3002 2276 κατ’
3034 2219 3246 2295 ἐχθρῶν
3279 2222 3442 2273 κινῶν
3478 2215 3637 2297 δόρυ,

2154 2316 2297 2369 4075
2338 2312 2434 2367 Καὶ
2465 2319 2583 2373 ταῖς
2612 2314 2749 2367 κατά
2782 2316 2928 2389 σφῶν
2961 2308 3332 2381 ἀναδούμενος
3360 2307 3559 2369 νίκαις.

2333 2403 2503 2464 Οὗτος
2538 2403 2860 2477 στρατεύσας
2892 2401 3029 2454 κατά
3059 2398 3319 2473 Τούρκων
3354 2391 3643 2470 βαρϐάρων

2334 2492 2477 2546 Κατὰ
2506 2491 2570 2546 τά
2604 2491 2908 2565 μιλάγγεια
2936 2495 3036 2556 τῆς
3064 2484 3137 2541 ἕω
3167 2486 3371 2547 τόπους

2332 2582 2607 2657 Τούρκους
2643 2578 2909 2653 μετῆλθεν
2943 2575 3294 2651 ἀναχαιτίσας
3328 2574 3523 2636 ὅπλοις

2334 2672 2439 2726 Καὶ
2470 2679 2569 2741 τῆς
2604 2669 2854 2747 φυλακῆς
2888 2665 3177 2744 φροντίσας
3211 2669 3315 2719 τῶν
3351 2664 3581 2736 ἀστέων,

2155 2763 2295 2817 4080
2334 2762 2427 2822 Εἷς
2460 2763 2557 2829 τὴν
2596 2757 2987 2835 βασιλεύουσαν
3012 2751 3462 2829 ἀνθυποστρέφει.

2334 2853 2447 2908 Εἶτ’
2479 2848 2817 2925 έκστρατεῦει
2846 2845 2980 2901 κατὰ
3011 2848 3231 2919 Περσῶν
3264 2842 3353 2897 καὶ
3385 2841 3549 2896 πάλιν

2336 2941 2447 3001 Τάς
2479 2939 2613 3014 πρὸς
2644 2942 2883 3007 Πιθηκᾶν
2915 2932 3355 3009 κατατρεχόντων
3393 2930 3608 3001 πόλεις,

2336 3028 2763 3099 Λεηλατοῦντων
2793 3027 2879 3080 καὶ
2910 3022 3229 3095 Θρᾳκησίων
3261 3021 3417 3093 θέμα.

2337 3120 2532 3177 Τοίνυν
2570 3112 2805 3192 ὑπερϐάς
2841 3113 3037 3169 Δυδιαν
3069 3113 3159 3167 καὶ
3192 3111 3432 3186 Φρυγίαν

2159 3214 2299 3268 4085
2337 3210 2495 3279 ’Άναξ
2528 3206 2720 3276 ἐπέστη
2757 3204 3036 3283 φρουρίοις
3069 3202 3453 3273 κακουμένοις,

2333 3301 2435 3357 Καὶ
2470 3296 2697 3365 δυνατὴν
2731 3296 2980 3370 σόναρσιν
3012 3292 3195 3353 αὐτοῖς
3230 3290 3462 3366 εἰσφέρει

2325 3388 2423 3445 Καῖ
2456 3388 2660 3463 Πέρσας
2696 3384 2977 3455 ἀπήλασεν
3008 3382 3080 3443 ὡς
3114 3378 3455 3455 πορρωτάτω
3484 3396 3497 3409 °

2326 3479 2427 3535 Καὶ
2455 3476 2592 3551 πρὸς
2618 3473 2951 3546 Φιλομίλιον
2986 3470 3237 3532 ἀπελθὼν
3268 3466 3451 3534 πόλιν,

2325 3567 2555 3623 Κάκεῖσε
2587 3563 2860 3636 Τούρκοις
2900 3555 3195 3635 βαρϐάροις
3230 3557 3550 3631 ἐντυγχάνει
3596 3574 3605 3584 ·

2148 3660 2287 3715 4090
2329 3656 2427 3714 Καὶ
2454 3655 2693 3730 πείρεται
2720 3651 2786 3721 δὴ
2814 3652 2904 3706 τὸν
2930 3647 3096 3709 ποδὸς
3124 3647 3319 3722 ταρσὸν
3352 3644 3499 3721 βέλει

2325 3748 2438 3800 Ὑπ⁷
2473 3746 2777 3819 Ἀγαρηνοῦ
2809 3739 3203 3815 λογχοτρώτου
3234 3735 3485 3809 κειμένου

2325 3839 2473 3892 ’Άνω
2505 3835 2641 3889 κατά
2666 3830 2946 3904 πέλματος
2984 3827 3207 3905 ἀφέντος
3247 3825 3408 3901 βέλος
3436 3842 3446 3853 ·

2327 3926 2584 3986 Κάκεῖθεν
2622 3920 2694 3982 ὥς
2727 3941 2808 3981 τις
2842 3918 2993 3977 ἀετὸς
3022 3915 3365 3990 ταχυπτέρυξ

2327 4016 2503 4082 ’Έπτη
2538 4012 2672 4085 πρὸς
2708 4008 2872 4075 αὐτὴν
2906 4007 3178 4061 Ἰκονιέων
3204 4002 3390 4072 πόλιν,

2152 4106 2292 4162 4095
2330 4104 2435 4158 Καὶ
2467 4098 2631 4170 τῆσδε
2657 4099 2829 4153 πάντα
2859 4095 3191 4169 κατακείρων
3224 4093 3290 4146 τά
3314 4090 3495 4165 πέριξ,

2333 4193 2475 4268 Πρὸς
2509 4184 2766 4265 βασιλίδα
2791 4187 2886 4253 τήν
2922 4184 3083 4239 πόλιν
3117 4182 3439 4257 ὑποστρέφει

2330 4266 2556 4355 Ὑπῆρξε
2587 4277 2827 4356 φροντὶς,
2862 4276 2935 4337 ὡς
2967 4273 3130 4349 πατρὶ
3164 4270 3360 4325 τούτου
3391 4266 3587 4338 πάλαι,

2334 4372 2437 4427 Καὶ
2468 4366 2610 4442 τῷδε
2638 4370 2835 4421 κοινῶν
2871 4364 3113 4438 πράξεων
3149 4359 3500 4435 στεφηφόρῳ,

2331 4462 2428 4521 ’Ὸς
2460 4458 2549 4513 καὶ
2578 4456 2819 4532 συνήφθη
2853 4454 2990 4527 πρὸς
3022 4449 3203 4525 γάμου
3235 4444 3521 4503 κοινωνίαν

2160 4554 2300 4609 4100
2339 4551 2425 4619 Ἐξ
2460 4548 2786 4619 Ἀλαμανῶν
2818 4540 3162 4619 εὐγενεστάτη
3192 4537 3387 4613 κόρῃς,

2087 4628 2130 4691 Ῐ)
2339 4641 2473 4698 Ταῖς
2508 4637 2710 4711 ἀρετῶν
2747 4634 2966 4708 χάρισιν
2997 4628 3307 4704 ὡραϊσμένῃ

2344 4728 2468 4803 Οὐχ
2495 4730 2659 4795 ἧττον
2691 4725 2725 4793 ἢ
2779 4723 3032 4794 σώματος
3066 4717 3182 4794 ὥρᾳ
3209 4715 3298 4770 καὶ
3330 4712 3550 4769 πλάσει.

2341 4818 2545 4873 Τούτου
2576 4812 2923 4888 κρατοῦντος,
2958 4810 3017 4864 ἐκ
3045 4806 3331 4880 κλιμάτων
3362 4804 3590 4877 ἑσπέρας

2344 4906 2673 4980 Ἀλαμανῶν
2698 4903 3004 4976 στράτευμα
3032 4898 3272 4968 καθάπερ
3304 4894 3466 4967 νέφος

2167 5002 2307 5059 4105
2347 4997 2527 5053 Δεινὸν
2558 4991 2801 5068 τετριγὸς
2835 4989 3126 5067 φθαρτικόν
3158 5006 3216 5039 τε
3245 4981 3484 5051 καθάπαξ

2343 5085 2763 5160 Ἐπεισέφρησεν
2796 5078 2992 5151 ἀθρόον
3026 5071 3319 5148 Ῥωμαίδι,

2342 5179 2450 5247 Τὴν
2481 5176 2619 5251 πρὸς
2656 5173 2794 5226 Σιὼν
2830 5168 3003 5245 ἄφιξιν
3037 5168 3246 5241 αὐχοῦν
3272 5161 3444 5218 αἶ’τίαν
3475 5180 3488 5191 ·

2345 5270 2440 5321 Ὧν
2606 5257 2889 5338 Κορῥάδος
2916 5258 2982 5326 ἦν
3017 5253 3321 5330 στρατηγὸς
3349 5248 3667 5342 ταγμάτων,

2347 5338 2690 5423 Φιλευσεϐἠς
2850 5346 2939 5403 καὶ
2975 5345 3338 5423 φιλόχριστος
3372 5338 3565 5409 πλέον,

2170 5451 2309 5507 4110
2345 5448 2444 5509 ⁸³ος
2478 5444 2637 5519 ὅρκια
2668 5441 2778 5506 θεὶς
2809 5438 2994 5494 ἄνακτι
3027 5433 3334 5503 πιστευτέα,

2347 5538 2418 5593 ,Η
2453 5518 2560 5610 μὴν
2594 5530 2883 5608 παρελθεῖν
2916 5524 3115 5606 φιλίως
3142 5518 3426 5610 Ῥωμαίδα

2351 5603 2524 5683 Αὐτόν
2555 5644 2614 5679 τε
2642 5603 2733 5677 καὶ
2761 5603 3067 5693 στράτευμα
3096 5614 3187 5669 καὶ
3223 5604 3439 5687 βλάϐης
3475 5603 3630 5681 δίχα,

2352 5714 2457 5771 Καὶ
2489 5714 2686 5788 μέχρις
2716 5708 2880 5778 αὐτῆς
2910 5709 3008 5775 τῆς
3039 5698 3451 5763 Κωνσταντίνου
3481 5693 3666 5773 φθάνει

2074 3259 2115 3323 C

3709 408 3816 462 160
