4140 6410
343 386 450 442 161

521 504 627 561 Σὺν
659 507 730 578 τῇ
765 504 990 578 στρατιᾷ
1019 498 1112 555 καὶ
1142 497 1254 570 λεῲ
1283 495 1542 568 κατηκόῳ

338 598 486 654 4115
526 591 714 664 Μηδὲν
748 590 1076 665 νεοχμώσας
1105 609 1156 642 τι
1187 587 1295 642 τῶν
1332 585 1699 660 συγκειμένων
1731 604 1743 618 ·

524 687 645 761 Ἀφ’
679 684 741 738 οὗ
769 703 833 757 γε
863 679 1114 755 πορθμὸν
1149 676 1540 752 ἐκπεράσαντες
1571 674 1742 749 τάχος

523 777 755 830 ’Ήνυτον
778 771 954 825 αὐτῶν
987 767 1078 822 τὸν
1113 765 1470 842 προκείμενον
1500 763 1728 838 δρόμον.

526 866 588 920 Ὀ
621 860 668 917 δ’
695 860 1072 933 αὐτοκράτωρ.
1104 855 1374 931 κεκρικὼς
1408 855 1540 909 εἶναι
1575 851 1691 908 δέον

533 953 613 1008 Δι’
645 950 986 1026 ὑγροχέρσου
1021 948 1130 1018 (54)
1164 950 1417 1020 στρατιᾶς
1451 941 1742 1020 ῥωμαλέας

351 1047 496 1102 4120
535 1042 984 1115 Ἐπιστρατεῦσαι
1013 1039 1080 1109 τῇ
1114 1032 1465 1108 Κερκυραίων
1496 1033 1652 1108 ἄκρᾳ,

529 1134 623 1185 Ἐκ
659 1126 896 1192 Σικελῆς
924 1125 1254 1201 προσφάτως
1283 1121 1584 1195 ναυαρχίας

532 1218 840 1290 Ύποστάσῃ
873 1213 1144 1290 πόρθησιν
1176 1211 1227 1282 ἐξ
1259 1205 1544 1282 ἀϐουλίας,

525 1309 670 1382 Πρὸς
698 1307 847 1361 τοῦτ’
876 1301 1241 1378 ἀπησχόλητο
1271 1300 1464 1362 νυκτὸς
1498 1298 1709 1374 ἡμέρας
1744 1317 1756 1331 ’

527 1397 631 1454 Καὶ
663 1393 957 1455 συναλίσας
989 1391 1241 1465 στρατιὰν
1275 1388 1612 1463 πανταχόθεν

341 1492 490 1546 4123
534 1486 881 1560 Φρίσσουσαν
915 1481 1149 1556 αἰχμαῖς
1183 1479 1547 1552 μυριάριθμον
1583 1476 1759 1546 ξένην,

531 1573 830 1631 Χιλιὸναυν
861 1569 1055 1626 στόλον
1087 1589 1147 1624 τε
1177 1568 1312 1642 πρὸς
1338 1572 1461 1630 τοῖς
1490 1565 1536 1620 δ’
1567 1563 1795 1628 ὁπλίτας

531 1663 675 1737 Πρὸς
706 1667 870 1730 νῆσον
906 1657 1219 1732 ἐστράτευσε
1245 1657 1344 1724 τήν
1376 1659 1484 1709 τῶν
1517 1655 1794 1720 Φαιάκων,

537 1753 634 1806 Καὶ
665 1747 787 1823 τῇδ’
821 1749 1009 1826 ἐφιστᾷ
1039 1749 1136 1809 τὰς
1163 1743 1420 1818 δυνάμεις
1447 1741 1732 1815 κυκλόθεν,

533 1841 635 1898 Καὶ
671 1841 998 1913 κατακρατεῖ
1025 1833 1189 1904 τῆσδε
1215 1834 1369 1907 λιμῷ
1397 1833 1484 1887 γαὶ
1517 1831 1608 1908 βίᾳ
1640 1852 1653 1864 ·

350 1933 497 1988 4130
536 1930 647 1985 Καὶ
669 1924 1041 2002 τρισαριστεὺς
1064 1923 1399 1998 Πελαγονίαν
1432 1923 1616 1998 φθάνει
1655 1941 1666 1953 ·

538 2019 656 2094 Ἀφ’
687 2018 751 2084 ἧς
783 2012 1025 2070 ἆπελθὼν
1059 2007 1357 2087 Τριϐαλοῖς
1387 2013 1566 2080 ὥσπερ
1601 2009 1739 2065 λέων

511 2103 780 2166 ’Σπονδας
813 2101 1099 2157 διαλύσασι
1127 2103 1220 2163 τὰς
1255 2099 1622 2176 συγκειμένας,

536 2195 635 2251 Καὶ
666 2191 980 2266 Ῥωμαϊκὰς
1011 2188 1337 2264 καταδῃοῦσι
1369 2185 1580 2250 πόλεις.

539 2285 868 2358 Βρυχήματι
903 2285 1036 2358 σφᾶς
1067 2277 1373 2350 κατέπληξε
1401 2279 1490 2333 καὶ
1528 2278 1677 2351 μόνῳ
1710 2297 1720 2308 ·

353 2378 500 2434 4135
545 2373 700 2428 Λείαν
737 2374 780 2435 θ’
815 2369 1011 2432 ἐλάσας
1039 2369 1126 2423 καὶ
1154 2367 1574 2446 λαφυραγωγίαν

545 2466 779 2525 Ἐκεῖθεν
815 2458 1097 2532 ἀμύθητον
1133 2458 1227 2530 ἅμ’
1258 2454 1634 2533 ἀνδραπόδοις,

543 2550 686 2623 Πρὸς
704 2551 803 2618 τήν
841 2546 1232 2623 βασιλεύουσαν
1265 2545 1686 2621 ἀνθυποστρέιβει
1717 2567 1727 2577 ·

544 2640 690 2698 Κάπὶ
719 2636 966 2713 τροπαίῳ
996 2636 1295 2712 προσφάτῳ
1325 2635 1412 2689 καὶ
1444 2640 1512 2709 τῇ
1543 2634 1664 2709 νίκῃ

547 2730 834 2802 Κατήγαγε
867 2720 1138 2799 θρίαμϐον
1167 2724 1219 2778 έν
1249 2723 1386 2798 μέσῃ
1417 2725 1600 2782 πόλει.

357 2823 507 2879 4140
546 2822 704 2894 ’Ἄρτι
738 2813 782 2870 δ’
813 2813 1270 2886 ὑπεκλάμποντος
1300 2814 1435 2888 ἦρος
1468 2814 1556 2868 καὶ
1589 2813 1772 2882 πάλιν,

549 2907 711 2976 Ἀναξ
743 2903 940 2975 ἐπέστη
977 2901 1312 2978 Πελαγονίας
1344 2904 1562 2973 τόποις,

544 2998 642 3051 Καὶ
678 2989 1119 3071 Τριϐαλλάρχην
1153 2989 1378 3068 Οῧρεσιν
1411 2994 1748 3068 κακεργάτην

548 3087 804 3142 Μέτεισεν
837 3080 986 3146 αὖθις
1018 3081 1458 3154 κατᾶῬωμαίων
1492 3080 1637 3136 ὅπλα

551 3179 820 3230 Κινοῦντα
850 3176 1030 3233 κακῶς
1067 3167 1314 3225 Παιόνων
1348 3170 1640 3246 συμμαχίᾳ
1674 3192 1685 3204 ·

361 3268 508 3324 4145
544 3265 694 3319 “Ωστ’
719 3263 1167 3337 ἀναθαρσήσαντα
1196 3261 1330 3314 κατά
1363 3258 1630 3329 συστάδην

545 3355 654 3421 Τὴν
686 3351 822 3425 πρὸς
851 3354 1154 3425 κρατοῦντα
1188 3349 1264 3422 μὴ
1297 3356 1628 3417 κατοκνῆσαι
1667 3351 1874 3424 μάχην.

551 3441 702 3502 Τέως
739 3437 998 3515 βασιλεὺς
1037 3435 1376 3510 συμπλακείς
1405 3459 1552 3516 σφισι
1590 3439 1742 3513 μάχῃ

554 3531 828 3605 Τρόπαιον
862 3530 984 3598 ἱστᾷ
1010 3527 1146 3581 κατά
1179 3522 1467 3602 βαρϐάρων
1503 3526 1657 3603 μέγα.

552 3622 622 3677 ’Ὁ
649 3620 696 3673 τ’
729 3617 1165 3694 Ἀρχιζουπάνος
1199 3637 1262 3692 γε
1289 3615 1485 3685 κλῆσιν
1523 3619 1800 3692 Βακχῖνος

371 3712 521 3768 4150
559 3707 726 3780 Μόνῳ
761 3707 978 3782 βασιλεῖ
1006 3707 1121 3760 κατ’
1154 3703 1445 3782 έπιλέγδην
1483 3705 1648 3778 μόνος

554 3797 736 3871 Μέγας
762 3817 817 3851 τε
849 3797 987 3872 φυὴν
1020 3795 1108 3849 καὶ
1145 3794 1476 3869 Βριαρόχειρ
1507 3795 1683 3870 γίγας,

555 3883 763 3946 ’Ἄλλος
797 3882 996 3938 Γολιᾶθ
1030 3883 1336 3961 ὑπέροφρυς
1365 3881 1494 3945 τδὺς
1523 3883 1758 3958 τρόπους

549 3977 773 4030 ’Ἀνακτι
805 3968 971 4027 Δαϐὶδ
1002 3973 1138 4045 πρὸς
1176 3974 1361 4047 μάχην
1396 3973 1705 4043 συνεπΛόίκη
1729 3991 1741 4004 ·

551 4062 651 4118 Καὶ
685 4061 789 4133 θλᾷ
819 4062 1216 4137 παραπέτασμα
1247 4059 1505 4134 σιδηροῦν
1537 4063 1768 4137 κράνους

372 4155 516 4210 4155
555 4153 633 4208 Τὸ
663 4151 768 4224 πρὸ
799 4151 1099 4226 προσώπου
1134 4145 1407 4225 βάρϐαρος
1433 4149 1647 4223 πλήξας
1672 4151 1811 4230 ξίφει
1839 4173 1850 4184 ·

557 4243 721 4314 Ἀναξ
753 4238 811 4295 δὲ
842 4238 1084 4314 διέπειρε
1117 4234 1396 4314 βαρϐάρου
1427 4241 1562 4316 χέρα

553 4334 774 4405 Τριχῶν
806 4351 865 4385 τε
888 4333 1082 4384 τοῦτον
1116 4329 1327 4406 εὐφυῶς
1361 4326 1743 4404 δεδραγμένος,

557 4423 742 4473 Ζῶντα
772 4422 996 4491 στρατιᾷ
1025 4416 1240 4492 ταχέως
1271 4417 1587 4493 παριστάνει
1623 4439 1635 4450 ·

554 4508 651 4562 Καὶ
691 4502 1026 4583 βαρϐαρικοῦ
1057 4505 1404 4569 διαλυθέντος
1437 4506 1682 4584 στίφους,

367 4601 518 4656 4160
556 4598 734 4667 Νίκην
762 4599 1140 4672 ἀπηνέγκαντο
1173 4601 1436 4670 Ῥωμαῖοι
1468 4598 1652 4656 πάλιν.

561 4689 681 4744 Ἔτι
717 4685 760 4741 δ’
793 4685 1030 4762 ἱδρῶτας
1067 4686 1336 4755 Μανουὴλ
1372 4685 1558 4761 μάχης
1589 4688 1763 4765 φέρων

558 4773 688 4834 Οὐδ’
721 4775 996 4849 ὲκτινάξας
1026 4780 1121 4830 τοῦ
1153 4777 1453 4850 προσώπου
1484 4779 1580 4845 τὴν
1613 4773 1786 4847 κόνιν,

565 4866 800 4926 Ἐκεῖθεν
835 4864 1120 4940 ἐξώρμησε
1148 4864 1284 4919 κατὰ
1316 4865 1580 4933 Παιόνων,

555 4950 827 5030 ”Εγκλημ’
855 4951 1072 5027 ἐπάγων
1107 4952 1253 5024 σφίσι
1284 4953 1384 5021 τὴν
1416 4952 1736 5028 συμμαχίαν

369 5045 518 5100 4165
555 5043 670 5111 Τὴν
699 5042 837 5116 πρὸς
864 5037 1175 5117 Τριϐαλοὺς
1205 5043 1526 5114 Ῥωμαϊκῶν
1565 5045 1686 5106 καθ’
1707 5043 1848 5119 ὅρων
1880 5061 1892 5076 ·

559 5125 804 5185 Σάουϐον
841 5130 1045 5185 οὐκοῦκ
1073 5129 1369 5205 ἐκπερασας
1402 5131 1476 5193 ὡς
1510 5128 1629 5186 δέον

559 5218 994 5294 Φραγγοχωρίῳ
1020 5216 1110 5273 καί
1143 5219 1427 5294 Ζευγμίνῳ
1452 5223 1522 5294 τῇ
1557 5219 1719 5276 πόλει

563 5309 930 5362 Ἐπεισπεσὼν
964 5304 1140 5383 ἔκειρε
1164 5309 1338 5364 πάντα
1362 5309 1428 5363 τά
1456 5309 1632 5384 πέριξ,

560 5397 816 5460 Κάκεῖθεν
850 5394 1134 5466 ἀπήλασεν
1167 5396 1316 5453 λείαν
1355 5397 1575 5474 μυρίαν,

362 5487 517 5543 4170
558 5485 663 5542 Καὶ
695 5483 938 5540 πλοῦτον
974 5484 1089 5540 εἷλε
1117 5486 1206 5539 καὶ
1235 5484 1450 5563 λάφυρα
1481 5487 1570 5542 καὶ
1605 5487 1780 5543 σκόλι
1811 5510 1822 5523 ·

447 5614 563 5683 (54)
596 5613 674 5669 De
707 5613 889 5690 bujus
921 5613 1189 5668 vocabuli
1224 5617 1490 5690 novitate
1514 5688 1520 5690 _
1543 5621 1599 5690 et
1660 5617 2044 5690 ambiguitate

357 5687 496 5758 jam
531 5686 738 5742 monui
773 5688 1050 5740 lectorem
1100 5701 1156 5738 v.
1219 5687 1412 5754 3875;.
1471 5688 1567 5742 ubi
1625 5686 2040 5762 etymologiam

1873 377 2238 430 casaass.
2323 450 2328 454 Ι

2035 503 2086 567 Α
2121 511 2257 552 cum
2291 495 2417 552 suis
2446 496 2629 570 copiis
2652 498 2988 572 populoque
3021 502 3284 574 subdito,

2113 601 2220 640 nec
2253 589 2460 656 praeter
2491 586 2679 643 foedus
2710 589 3034 662 quidquam
3059 598 3148 648 est
3177 595 3436 652 molitus.

2113 675 2303 745 Atque
2330 673 2466 728 hinc
2499 676 2746 746 trajecto
2779 679 2904 734 sine
2938 696 3102 736 mora
3131 681 3302 752 freto,

2114 767 2459 834 susceptum
2492 781 2664 836 porro
2696 768 3119 825 continuarunt
3151 772 3283 828 iter.

2111 851 2247 907 Jam
2280 851 2601 923 imperator
2631 858 3032 913 necessarium
3060 861 3341 930 judicans

2116 957 2249 997 cum
2279 947 2635 1014 praepotente
2665 944 2975 1017 validoque
3005 951 3262 1006 exercitu

2115 1033 2266 1086 ferre
2296 1031 2601 1103 suppetias
2628 1034 2744 1088 arci
2768 1035 3100 1108 Corcyrzeae,

2115 1136 2248 1191 quae
2275 1136 2463 1191 nuper
2493 1121 2722 1176 cladem
2756 1141 2789 1178 a
2821 1124 3018 1182 Sicula
3047 1127 3238 1185 classe

2116 1209 2187 1265 ob
2216 1208 2447 1264 consilii
2477 1210 2938 1282 imprudentiam
2972 1232 3144 1286 passa
3171 1219 3361 1274 fuerat
3393 1241 3407 1289 ;

2116 1297 2254 1353 huic
2287 1315 2442 1354 curas
2472 1300 2573 1355 diu
2604 1305 2900 1373 noctuque
2930 1306 3194 1364 intentus
3226 1315 3350 1364 erat
3384 1328 3396 1364 :

2117 1393 2176 1443 et
2206 1393 2558 1460 congregato
2591 1391 2982 1464 undecunque
3013 1397 3268 1453 exercitu

2118 1476 2299 1532 armis
2330 1476 2604 1533 horrifico
2637 1477 2952 1538 innumero
2985 1485 3132 1541 miro

2097 1569 2174 1621 -et
2200 1565 2362 1621 mille
2392 1566 2634 1622 navium
2668 1568 2854 1625 classe
2885 1572 3060 1643 plena
3090 1575 3309 1646 milite;

2118 1670 2250 1710 cum
2273 1655 2366 1710 his
2401 1657 2649 1712 accessit
2679 1659 2750 1712 ad
2781 1658 3090 1717 Phaeacum
3118 1664 3373 1722 insulam

2117 1761 2367 1817 eamque
2399 1747 2620 1803 viribus
2642 1749 2902 1821 undique
2930 1752 3343 1826 circumdedit,

2119 1840 2176 1890 et
2203 1835 2356 1890 fame
2386 1836 2625 1892 demum
2659 1838 2830 1910 vique
2857 1841 3186 1898 debellavit.

2119 1924 2244 1979 Mox
2272 1925 2454 1980 victor
2487 1926 2642 1981 venit
2674 1927 2729 1981 in
2765 1928 3166 2002 Pelagoniam,

2121 2013 2275 2067 unde
2305 2012 2592 2070 Triballos
2620 2015 2836 2071 invasit
2867 2033 2971 2074 ceu
3005 2020 3116 2090 leo,

2120 2101 2220 2172 qui
2254 2101 2444 2158 fmdus
2474 2108 2607 2159 ante
2638 2104 2850 2161 initum
2878 2106 3269 2178 irritaverant,

2121 2195 2297 2262 atque
2329 2191 2606 2248 Romanis
2639 2194 2886 2252 urbibus
2921 2198 3152 2254 molesti
3185 2207 3374 2258 erant.

2125 2281 2238 2335 Hos
2260 2295 2396 2352 ergo
2427 2284 2635 2338 terruit
2665 2283 2751 2338 vel
2784 2283 2906 2342 solo
2939 2288 3134 2360 rugitu
3163 2306 3176 2356 ;

2124 2376 2178 2424 et
2210 2370 2460 2439 praedam
2494 2371 2628 2426 inde
2655 2373 2910 2430 referens
2935 2393 3000 2431 ac
3034 2379 3349 2436 manubias

2126 2458 2589 2516 innumerabiles
2619 2477 2754 2516 cum
2789 2465 3124 2538 mancipiis,

2128 2564 2335 2602 rursus
2367 2549 2440 2602 ad
2471 2549 2687 2618 regiam
2721 2552 2927 2608 urbem
2961 2555 3167 2625 pedem
3200 2559 3400 2613 retulit
3434 2578 3447 2628 ;

2131 2641 2304 2707 atque
2336 2638 2407 2692 ob
2441 2641 2731 2694 recentem
2769 2640 3024 2698 nobilem
3057 2644 3364 2703 victoriam

2132 2726 2243 2780 rite
2276 2724 2646 2798 triumphum
2683 2730 2877 2785 media
2907 2731 3051 2787 urbe
3082 2734 3218 2805 egit.

2134 2815 2283 2870 Tum
2318 2832 2544 2882 rursus,
2581 2833 2712 2871 vere
2743 2818 2834 2873 vix
2865 2836 2927 2874 se
2959 2823 3273 2895 aperiente,

2135 2904 2324 2960 adfuit
2349 2905 2542 2960 Caesar
2571 2905 2895 2978 Pelagoniae
2930 2911 3102 2966 terris

2135 2999 2192 3049 et
2219 2992 2611 3050 Triballorum
2645 2995 2973 3070 principem
3006 2999 3289 3071 injurium

2139 3082 2362 3138 Uresim
2396 3082 2648 3154 impetit,
2681 3085 2779 3155 qui
2805 3104 2992 3158 nuper
3022 3106 3187 3145 arma

2137 3171 2311 3228 sociis
2342 3173 2652 3229 Paeonibus
2676 3174 2733 3230 in
2768 3175 3063 3233 Romanos
3096 3187 3389 3237 moverat:

2137 3277 2317 3332 quare
2347 3267 2405 3316 et
2434 3262 2689 3317 audebat
2721 3265 3032 3320 manifesto
3067 3273 3251 3324 marte

2138 3367 2272 3404 cum
2301 3353 2501 3406 nostro
2531 3352 2756 3406 Caesare
2792 3369 3047 3424 pugnam
3083 3373 3199 3411 non
3234 3374 3530 3427 respuere.

2136 3438 2349 3494 Verum
2383 3445 2613 3510 patrato
2645 3456 2777 3495 cum
2815 3443 3090 3500 Barbaris
3123 3446 3345 3517 praelia,

2137 3529 2461 3600 tropbaaum
2495 3529 2705 3600 ingens
2734 3536 2937 3586 Cessaer
2969 3537 3306 3604 reportavit.

2139 3618 2248 3672 Sed
2271 3617 2740 3690 Archizupanus,
2778 3621 2949 3694 vulgo
2985 3625 3338 3692 Baccbinus,

2137 3707 2439 3779 singulare
2471 3725 2606 3764 cum
2637 3713 2860 3766 Caesare
2894 3719 3190 3770 certamen

2138 3797 2417 3868 suscepit,
2454 3813 2666 3870 magna
2696 3801 2976 3870 praeditus
3014 3805 3412 3860 membrorum

2139 3884 2310 3955 mole,
2338 3890 2395 3941 et
2425 3887 2659 3943 Briareo
2693 3906 2798 3959 par
2829 3891 3182 3964 centimano,

2138 3974 2226 4030 vel
2253 3976 2420 4047 gigas
2447 3976 2678 4032 Goliath
2713 3979 3061 4048 superbiens
3091 3987 3151 4037 in
3183 3985 3486 4041 Davidem.

2139 4064 2430 4120 Barbarus
2460 4082 2597 4137 ergo
2630 4067 3064 4124 munimentum
3097 4075 3297 4143 galeae.

2138 4154 2222 4209 ori
2256 4158 2603 4225 praetentum
2637 4156 2902 4226 Caesaris,
2936 4175 3075 4215 ense
3108 4162 3326 4234 frangit
3354 4180 3367 4230 ;

2138 4247 2198 4298 at
2228 4259 2468 4298 manum
2501 4244 2736 4300 barbari
2769 4245 2962 4302 Cessar
2990 4250 3254 4321 contigit,

2137 4348 2392 4403 eumque
2424 4349 2593 4388 coma
2625 4334 2850 4390 fortiter
2880 4344 3238 4408 correptum,

2139 4422 2424 4493 perlrabit
2470 4422 2665 4478 vivum
2699 4425 2768 4478 ad
2802 4430 3072 4482 nostrum
3104 4429 3449 4484 exercitum.

2139 4512 2326 4576 Quare
2363 4512 2666 4568 barbarico
2697 4513 2986 4571 dissoluto
3015 4518 3270 4589 agmine,

2066 4611 2114 4677 D
2146 4600 2390 4656 Romani
2424 4602 2616 4658 denuo
2640 4603 2902 4660 referunt
2933 4604 3259 4664 victoriam.

2148 4689 2381 4745 Manuel
2412 4690 2606 4745 adhuc
2639 4709 2849 4764 pugnae
2881 4695 3153 4751 sudorem
3190 4713 3420 4769 gerens,

2148 4779 2398 4834 necdum
2431 4780 2502 4835 de
2533 4780 2676 4837 facie
2710 4783 2950 4852 pulvere
2983 4785 3236 4852 deterso,

2148 4867 2309 4923 illinc
2343 4869 2400 4922 in
2434 4868 2673 4924 Paeonas
2709 4872 3013 4928 transtulit
3044 4875 3363 4931 exercitum

2145 4960 2367 5014 crimen
2403 4964 2636 5014 ulturus
2663 4960 2959 5017 societatis
2995 4963 3215 5018 bellicas

2149 5064 2328 5118 quam
2361 5065 2495 5102 cum
2527 5048 2802 5105 Triballis
2827 5057 3030 5106 conlra
3063 5068 3166 5108 nos
3201 5053 3478 5110 inierant.

2147 5137 2298 5208 Ergo
2331 5137 2573 5206 trajecto
2604 5155 2736 5194 cum
2773 5139 2959 5210 copiis
2989 5141 3162 5206 Savo,

2151 5231 2208 5280 et
2242 5225 2727 5282 Francochorium
2750 5227 3214 5302 Zegminumque
3248 5233 3453 5287 urbem

2151 5330 2467 5386 occupans,
2499 5331 2670 5386 agros
2703 5333 3152 5388 quaquaversus
3182 5325 3446 5388 vastans,

2151 5403 2434 5476 illincque
2464 5403 2737 5461 abductis
2771 5405 3043 5478 plurimis
3078 5410 3402 5481 manubiis,

2152 5495 2364 5564 opibus
2397 5497 2605 5548 auctus
2638 5496 2950 5567 praedaque
2981 5502 3255 5566 onustus,

3664 389 3767 444 162

2153 5622 2388 5673 secutus
2421 5617 2482 5690 iu
2535 5617 2976 5690 interpretando
3007 5639 3140 5678 sum
3170 5640 3183 5676 :
3219 5640 3376 5680 nunc
3416 5626 3613 5679 tamen
3663 5623 3809 5680 mihi

2154 5705 2396 5761 prorsus
2429 5689 2659 5746 videtur
2681 5689 3008 5763 epithetum
3044 5694 3398 5763 adjectivum
3421 5696 3806 5752 fortitudinis.
