4140 6404
377 348 480 403 163
1583 341 1955 398 EPHRIEMII
1993 337 2433 397 CHRONOGRA
2447 345 2567 397 P111

373 489 643 531 reversus
671 478 728 527 et
755 470 827 527 ad
856 468 1083 542 imperii
1113 467 1506 539 metropolim,

374 562 629 620 nobilem
662 575 840 634 agens
872 575 974 632 per
1003 558 1210 613 urbem
1242 558 1637 629 triumphum,

372 658 575 726 captos
606 650 888 707 Triballos
920 652 1278 718 Uunnosque
1303 647 1526 703 ducens

370 740 695 814 splendidis
724 739 878 811 togis
910 739 1182 794 decenter
1212 736 1474 807 indutos,

370 829 622 903 insignis
644 846 869 901 pompa
897 828 1114 884 mirum
1147 831 1585 882 ornamentum.

370 919 533 975 Brevi
563 917 866 973 intervallo
896 917 956 972 in
989 917 1131 971 urbe
1152 916 1514 984 demoratus,

370 1024 577 1064 rursus
608 1005 897 1079 pmonium
933 1004 1152 1060 bellum
1185 1009 1275 1059 est
1305 1018 1585 1075 egressus

370 1097 581 1163 Caesar,
607 1100 664 1150 et
685 1094 981 1150 Serdicam
1019 1094 1222 1148 urbem
1256 1108 1446 1163 usque
1476 1089 1659 1157 venit,

368 1187 565 1258 ibique
596 1200 795 1256 pacem
828 1182 1102 1238 hostibus
1130 1187 1220 1237 est
1251 1180 1520 1252 largitus.

367 1275 536 1331 Illinc
567 1273 863 1346 profectus
890 1278 1093 1328 contra
1122 1270 1446 1326 Triballum
1472 1272 1785 1341 satrapam,

362 1364 516 1419 hunc
547 1364 605 1419 in
638 1363 846 1417 itinere
872 1366 1177 1433 tantopere
1208 1359 1512 1426 exterruit,

366 1458 429 1509 ut
457 1453 823 1509 obedientem
856 1452 1057 1507 fecerit
1084 1450 1369 1521 imperio;

365 1549 423 1600 et
455 1543 540 1599 sic
570 1542 913 1614 Byzantium
938 1541 1120 1595 redux
1149 1541 1308 1593 venit
1337 1539 1547 1593 Caesar.

362 1634 472 1691 Sed
505 1649 637 1688 vere
667 1636 886 1699 exorto,
917 1630 1130 1686 iterum
1155 1644 1430 1700 egressus

367 1724 438 1777 ad
469 1720 791 1793 Pelagoniae
823 1726 1010 1775 terras
1036 1723 1224 1774 semet
1254 1715 1598 1772 transtulit:

363 1811 564 1883 ibique
592 1808 929 1882 intelligens
959 1807 1150 1864 moliri
1179 1806 1571 1879 tyrannidem,

362 1902 723 1970 Hunnosque
753 1900 825 1954 ad
856 1898 1075 1953 bellum
1106 1895 1486 1951 exstimulare

359 1990 723 2045 Comnenum
759 1986 1157 2041 Andronicum
1194 1991 1334 2039 tunc
1358 1986 1653 2054 regentem

360 2076 714 2134 Brenitzobaa
745 2076 947 2132 tbema
969 2080 1025 2130 ct
1057 2072 1406 2145 Bellegradi,

360 2167 552 2223 officio
583 2166 817 2238 spoliat,
853 2163 1197 2235 catenisque
1227 2165 1509 2217 onustum

359 2256 543 2311 mittit
572 2254 941 2325 Byzantium,
975 2253 1176 2323 ibique
1210 2250 1454 2306 mandat

354 2362 532 2417 quam
561 2344 861 2401 tutissimo
894 2358 1124 2397 carcere
1155 2338 1463 2396 custodiri.

356 2433 593 2489 Interim
617 2432 889 2505 princeps
920 2435 1221 2498 Paeonum,
1256 2427 1467 2483 violato

353 2523 586 2593 foedere,
621 2528 807 2578 terras
828 2520 1170 2575 incursabat
1199 2532 1406 2574 omnes

357 2612 708 2669 Branitzobw
732 2616 907 2683 atque
938 2608 1260 2680 Bellegradi
1298 2624 1310 2661 :

355 2703 454 2757 sed
484 2702 675 2757 Caesar
707 2716 965 2772 praesens
997 2700 1282 2754 damnum
1311 2695 1609 2768 perpessis

350 2790 485 2846 tulit
514 2790 818 2862 suppetias
843 2805 976 2844 cum
1009 2786 1280 2843 vindiciis
1307 2802 1320 2839 :

352 2897 486 2936 mox
518 2881 587 2935 ad
622 2879 992 2950 metropolim
1026 2877 1233 2948 pedem
1267 2874 1571 2940 referebat,

351 2968 697 3042 compositis
729 2967 956 3023 cunctis
983 2967 1042 3020 in
1075 2964 1375 3020 occidente
1406 2962 1603 3017 rebus.

351 3061 558 3116 Postea
586 3055 886 3113 transtulit
919 3053 1133 3110 bellum
1167 3053 1227 3108 in
1252 3050 1516 3109 Ciliciam
1548 3068 1562 3118 ;

349 3151 769 3221 pervectusque
798 3145 1059 3200 Adanam
1093 3147 1269 3215 atque
1291 3142 1565 3208 Tarsum,

350 3238 558 3294 barum
592 3233 828 3291 castella
854 3232 1206 3289 instauravit
1235 3231 1364 3296 rite,

348 3344 477 3400 quze
503 3326 765 3381 Romano
796 3322 1043 3395 imperio
1066 3321 1318 3378 obnoxia
1339 3321 1528 3387 erant,

347 3417 449 3472 sed
484 3431 671 3487 nuper
699 3431 733 3467 a
761 3415 981 3469 Toruse
1012 3415 1215 3467 vexata
1246 3410 1518 3475 fuerant;

346 3511 405 3562 et
432 3502 801 3561 Antiochiam
835 3517 1022 3573 usque
1052 3514 1401 3573 progressus
1430 3501 1539 3566 est,

347 3594 405 3649 in
440 3610 619 3665 quam
652 3608 787 3647 cum
816 3591 940 3645 suis
971 3588 1319 3645 custodibus
1344 3590 1434 3641 est
1464 3588 1733 3655 receptus

346 3687 405 3738 et
435 3698 569 3737 cum
600 3680 827 3737 vexillis
852 3679 1028 3751 regiis
1058 3683 1123 3733 ut
1152 3678 1494 3748 imperator,

345 3772 551 3828 effusis
581 3770 811 3825 obviam
844 3773 1007 3825 extra
1034 3771 1236 3840 portas
1266 3766 1515 3833 civibus,

344 3861 515 3932 eique
534 3859 699 3917 valde
730 3858 1043 3931 gloriosam
1069 3856 1415 3912 curantibus

342 3951 646 4023 ingressus
680 3965 954 4021 pompam
978 3964 1112 4003 cum
1147 3946 1429 4002 secundis
1465 3943 1794 4017 plausibus.

347 4045 608 4111 Dumque
641 4038 722 4093 ibi
755 4041 953 4093 manet
982 4036 1212 4093 Manuel
1249 4035 1570 4107 imperator

340 4129 399 4183 in
434 4127 704 4184 ludorum
739 4141 925 4199 agone
958 4125 1218 4183 ostendit
1247 4124 1475 4180 civibus

340 4217 547 4273 validae
579 4234 793 4273 manus
821 4233 999 4287 opera
1028 4215 1222 4271 virilia

342 4308 591 4363 heroicae
622 4305 798 4378 digna
830 4320 1244 4377 generosaque
1274 4302 1513 4367 indolis,

340 4400 649 4451 contorum
676 4393 1109 4449 certaminibus
1136 4393 1377 4446 vincens
1408 4390 1646 4461 equites

341 4482 576 4539 Italicos
602 4482 911 4538 hastarum
948 4481 1120 4536 laude
1144 4478 1415 4550 inclytos.

340 4574 436 4629 Sic
469 4570 834 4628 fortitudinis
866 4568 1110 4625 indiciis
1141 4567 1316 4624 editis

341 4666 519 4734 atque
542 4659 849 4734 prudentis
878 4658 935 4713 in
970 4657 1185 4731 praliis
1216 4655 1456 4728 peritiae,

342 4752 554 4823 suique
586 4749 980 4806 admiratione
1009 4747 1322 4814 concitata,

342 4842 413 4896 ad
447 4839 815 4897 Constantini
850 4836 1244 4893 rediiturbem
1280 4835 1553 4908 patriam.

343 4930 502 4984 Idem
535 4932 866 4985 consortem
901 4927 1014 4981 tori
1047 4924 1477 4996 atqueimperii

343 5018 375 5072 d
389 5020 590 5073 uxerat
623 5017 809 5072 forma
832 5014 1110 5087 inclytam
1145 5014 1403 5087 puellam

345 5106 663 5162 Antiochia:
702 5111 940 5177 satrapa
972 5109 1319 5177 prognatam

345 5196 620 5251 Pctebiuo
653 5196 849 5267 equite
880 5210 948 5249 ex
978 5192 1150 5249 Italia
1182 5211 1195 5248 :

346 5300 555 5355 nempo
587 5284 724 5357 quia
759 5283 1006 5355 primum
1041 5284 1352 5355 conjugem
1385 5282 1665 5339 amiserat

343 5390 413 5427 ex
446 5373 789 5430 Alamannis
821 5372 1080 5444 genitam
1107 5371 1495 5443 principibus.

343 5463 534 5533 Atque
561 5462 682 5517 bzec
708 5462 1047 5533 hujusmodi
1083 5461 1294 5517 sortita
1326 5465 1468 5516 sunt
1498 5461 1746 5516 exitum.

2031 4565 2079 4627 ll

3247 465 3436 539 ,

2730 640 3072 719 ,
3378 646 3548 720 ,

2126 820 2268 876 4175

3184 999 3332 1073 ,

3249 1089 3438 1159 ,

3271 1178 3474 1253 .

2124 1271 2263 1327 4180
3323 1269 3620 1341 ,

3382 1354 3598 1430 ,

3449 1551 3463 1566 '

3216 1622 3406 1691 ,

2121 1718 2259 1771 4185

3078 2065 3504 2143 ,

2115 2164 2255 2217 4190
2585 2160 2788 2235 ,

2978 2244 3283 2316 ,

2932 2335 3339 2412 .

2110 2610 2251 2665 4195

3005 2692 3390 2764 ,

2962 2781 3252 2856 ,

3006 2867 3456 2943 ,

2105 3056 2246 3109 4200
3433 3065 3447 3079 '

3273 3407 3381 3479 (55)

2102 3504 2242 3559 4205
3265 3494 3471 3569 ,

2103 3951 2242 4005 4210
3241 3939 3482 4016 .

3052 4205 3366 4284 ,

2105 4399 2201 4452 421

3149 4473 3301 4549 .

2103 4842 2244 4895 4220
2999 4827 3432 4886 .

2109 5289 2250 5343 4225

3245 5364 3458 5442 .

2770 5456 3106 5532 ,
3399 5472 3412 5487 '

415 5686 529 5764 (55)
554 5686 634 5748 De
663 5687 884 5743 Toruse
912 5684 1188 5741 Armenio
1227 5682 1462 5738 Nicetes
1483 5681 1765 5740 Cboniata
1793 5687 1943 5746 Hist.
1977 5708 2065 5762 ,
2098 5693 2150 5748 1.

3688 347 3789 400 161
