4140 6406
382 391 483 449 167
1606 379 1983 459 nmmum:

1606 379 1983 459 nmmum:
2019 377 2586 438 CHRONOGRAPHI

374 520 432 573 et
460 530 593 572 cum
625 510 909 570 Paaonicis
937 523 1292 581 congressus
1322 505 1675 576 legionibus,

378 602 755 677 splendidum
786 617 855 657 ex
884 601 1053 656 hoste
1084 596 1412 668 trophaeum
1445 592 1674 662 retulit;

376 699 554 766 atque
583 692 750 747 illinc
776 690 938 745 venit
975 689 1220 743 ornatus
1254 684 1468 741 adorea

389 784 461 839 ad
494 783 776 839 Caesarem
806 778 908 851 qui
941 777 1109 832 laetus
1140 790 1274 831 eum
1307 772 1549 844 excepit.

385 870 564 928 Paulo
596 873 728 944 post
758 867 934 939 igitur
965 869 1034 921 ad
1067 862 1321 936 regalem
1354 862 1563 918 urbem

383 965 574 1017 Caesar
604 974 872 1015 reversus
904 972 1036 1011 cum
1068 953 1321 1010 victorias
1355 954 1591 1007 auctore

385 1051 553 1107 duxit
583 1047 955 1119 triumphum
988 1044 1255 1116 apprime
1287 1040 1689 1113 magniﬁcum,

386 1138 662 1196 confertis
693 1136 931 1209 plenum
963 1137 1363 1205 spectatorum
1394 1128 1585 1185 turbis

387 1228 677 1284 militibus
708 1224 949 1298 caplivis
978 1239 1045 1279 ac
1071 1220 1393 1278 manubiis.

383 1318 529 1373 Nam
561 1314 913 1388 procedebat
943 1311 1162 1366 aﬂ‘abre
1192 1304 1537 1379 composita,

384 1406 673 1478 quadriga
702 1406 944 1475 argento
981 1414 1242 1470 auroque
1272 1399 1573 1462 exornata,

383 1493 536 1550 nivei
566 1508 744 1565 quam
780 1490 1077 1545 ducebant
1105 1487 1382 1542 candoris
1409 1486 1564 1554 equi.

383 1583 470 1639 Ibi
500 1582 678 1638 locari
705 1581 965 1651 jusserat
997 1578 1317 1649 imperator

381 1671 643 1744 Virginis
677 1671 988 1740 augustam
1024 1666 1286 1737 Deiparze
1317 1663 1664 1736 imaginem,

382 1759 520 1816 belli
551 1758 713 1814 velut
744 1756 913 1813 sociae
944 1754 1275 1825 tutelaeque.

381 1855 545 1905 Hanc
577 1847 977 1918 sequebantur
1010 1842 1149 1916 regii
1185 1842 1418 1915 cognati

380 1937 777 2012 pulcherrime
806 1934 1066 1990 exornati
1102 1932 1227 1987 suis
1256 1930 1616 2003 insignibus.

380 2027 603 2083 Deinde
634 2025 820 2081 Caesar
852 2029 915 2077 ut
945 2023 1109 2095 gigas
1140 2020 1524 2088 fortissimus,

380 2112 700 2188 vel'potius
733 2130 837 2170 ceu
870 2128 1123 2185 sponsus
1154 2110 1470 2166 adveniens
1499 2107 1784 2175 thalamo,

382 2206 675 2261 maximus
702 2202 1084 2258 admirandus
1117 2203 1243 2255 luce
1274 2198 1525 2254 rutilans

379 2295 656 2367 equitans
688 2291 1040 2365 procedebat
1069 2290 1340 2345 decenter
1367 2287 1687 2343 admodum
1723 2302 1737 2340 :

382 2389 518 2456 post
546 2398 723 2454 quem
755 2378 1270 2450 Contostepbanus
1302 2376 1652 2433 vicloriosus

381 2472 618 2549 hymnis
649 2488 682 2526 a
711 2474 921 2527 cuncto
952 2467 1205 2524 exercitu
1240 2466 1591 2523 celebratus.

383 2567 701 2634 Postquam
735 2560 806 2615 ad
836 2558 1124 2631 templum
1158 2558 1521 2613 devenerunt
1550 2554 1898 2622 maximum,

379 2653 499 2709 illic
536 2654 841 2723 ingressus
872 2646 1064 2703 Caesar
1093 2645 1223 2702 laeto
1252 2645 1451 2701 animo

379 2741 601 2815 gratias
633 2738 748 2809 egit
778 2736 1030 2792 victoriae
1062 2734 1285 2791 auctori
1320 2736 1454 2805 Deo,

378 2832 627 2901 ejusque
655 2827 860 2883 laudes
891 2824 1068 2881 divite
1099 2824 1304 2896 lingua
1333 2822 1509 2891 dixit;

381 2925 504 2975 tum
537 2934 601 2974 se
633 2916 703 2972 ad
738 2915 966 2987 regium
998 2912 1251 2969 contulit
1275 2911 1585 2985 palatium.

382 3007 488 3066 llic
515 3005 751 3062 Manuel
784 3021 882 3059 rex
914 3007 1089 3073 atque
1119 3001 1653 3074 porphyrogenitus

385 3111 664 3169 supremo
693 3092 935 3149 Numini
967 3091 1187 3163 gratias
1218 3088 1517 3162 persolvit,

386 3187 663 3256 suscepto
693 3181 814 3238 filio
845 3181 917 3236 de
948 3180 1224 3236 secundis
1255 3178 1478 3249 nuptiis
1511 3195 1524 3233 :

386 3276 460 3332 ob
491 3289 666 3346 quem
698 3269 901 3326 laetitia
931 3268 1147 3341 publici
1181 3267 1431 3323 convivii

387 3365 544 3420 cives
576 3361 883 3417 universos
913 3357 1154 3430 opipare
1186 3356 1440 3428 excepit;

386 3453 754 3522 cbarumque
784 3448 971 3503 ﬁlium
1005 3446 1322 3519 appellavit
1348 3444 1637 3501 Alexium.

388 3543 694 3613 Regnante
722 3535 1014 3602 Manuele,
1048 3534 1239 3607 gentis
1271 3538 1509 3590 Venetae

385 3629 616 3686 colonia
644 3626 908 3699 quaedam
941 3624 1156 3680 civium
1188 3624 1469 3679 Italorum

384 3717 648 3773 Venetiis
680 3714 839 3771 venit
868 3715 941 3771 ad
975 3713 1197 3785 regiam
1232 3713 1604 3786 metropolim
1640 3731 1655 3769 :

386 3807 589 3878 ibique
618 3804 894 3878 genuinis
932 3802 1229 3875 adscripta
1259 3803 1505 3871 civibus,

386 3896 521 3952 exin
552 3893 613 3949 in
646 3909 852 3950 omnes
884 3908 1094 3964 sparsa
1122 3897 1210 3948 est
1237 3892 1567 3964 provincias

385 3983 634 4041 Romani
665 3981 922 4055 imperii,
955 3981 1263 4054 lautosque
1293 3982 1604 4039 thesauros

380 4089 563 4147 opum
595 4071 893 4143 congessit
922 4075 980 4126 et
1009 4072 1327 4142 potentiam
1363 4071 1646 4145 amplam,

387 4164 696 4234 multoque
729 4160 920 4233 magis
951 4160 1205 4217 intendit
1228 4161 1563 4218 audaciam.

383 4253 500 4309 Nec
530 4251 724 4307 solum
757 4255 956 4307 nostro
989 4248 1204 4321 populo
1231 4249 1581 4305 difﬁdebant

383 4340 615 4408 Veneti,
648 4341 746 4397 sed
781 4340 976 4395 edicta
1006 4339 1364 4409 spernebant
1396 4337 1577 4410 regia,

384 4445 577 4502 neque
609 4429 902 4486 minarum
933 4426 1327 4498 tangebantur
1356 4431 1537 4482 metu.

386 4518 604 4574 Horum
638 4517 977 4591 superbiam
1009 4514 1167 4570 haud
1202 4514 1428 4571 diutius
1458 4515 1650 4572 Caesar

385 4612 553 4663 ratus
583 4607 886 4662 ferendam
922 4607 1123 4675 utpote
1153 4603 1565 4671 insanabilem,

383 4696 612 4752 litteras
641 4695 834 4768 regias
866 4710 969 4766 pcr
1001 4690 1332 4763 provincias
1365 4708 1571 4749 omnes

388 4784 638 4842 Romani
668 4782 902 4855 imperii
934 4778 1271 4836 clanculum
1304 4781 1553 4852 dimisit,

388 4891 517 4947 quae
549 4878 615 4929 ut
644 4876 1000 4945 caperentur
1023 4870 1228 4925 Veneti
1263 4871 1648 4943 mandabant,

386 4970 445 5023 et
473 4962 555 5019 rei
587 4961 856 5034 gerendas
887 4963 1122 5031 tempus
1153 4959 1632 5031 prmscribebant.

388 5057 538 5125 Ergo
570 5049 843 5106 condicta
872 5052 1029 5105 certa
1061 5048 1187 5104 dies
1220 5049 1352 5116 fuit,

388 5160 506 5215 qua
534 5143 676 5196 sunt
707 5154 912 5209 reapse
945 5138 1097 5208 capti
1132 5138 1325 5194 Latini
1356 5155 1586 5210 omnes,

387 5228 643 5302 improbi
679 5227 863 5283 moris
896 5243 1096 5298 poenas
1128 5228 1213 5283 uti
1239 5227 1488 5285 luerent.

389 5321 611 5375 Tamen
646 5317 746 5388 qui
777 5316 984 5373 Veneti
1010 5318 1216 5373 urbem
1248 5319 1617 5375 Constantini

389 5414 532 5463 tunc
564 5405 920 5473 incolebant,
956 5406 1301 5463 festinanter
1329 5425 1534 5464 omnes

391 5512 715 5554 conscensa
748 5513 889 5552 nave
922 5497 1251 5569 vespertino
1285 5502 1570 5568 tempore,

390 5585 629 5655 velaque
658 5584 847 5641 ventis
877 5588 1104 5643 naviter
1135 5586 1460 5658 pandentes

394 5677 456 5731 in
487 5690 657 5731 suam
686 5675 937 5747 patriam
969 5676 1107 5748 fuga
1137 5675 1499 5731 devenerunt
1532 5691 1544 5730 :

2053 499 2109 567 Α
2323 501 2422 555 Καὶ
2455 506 2770 568 Παιοινκαῖς
2803 507 3147 580 συμπλακεὶς
3175 510 3488 590 ἱλαρχίαις,

2322 592 2614 668 Περιφανές
2643 595 2905 669 τρόπαιον
2935 599 3057 669 ἱστᾷ
3079 599 3170 654 καὶ
3201 601 3354 667 νίκην
3390 622 3404 636 ⁸

2318 680 2573 735 Κάκεῖθεν
2607 681 2876 755 ἀνέζευξεν
2911 686 2985 749 ὡς
3016 689 3342 767 νικηφόρος,
3390 730 3399 737 .

2145 768 2285 823 4290
2323 768 2424 824 Καὶ
2461 769 2676 844 βασιλεῖ
2706 769 2920 829 δέδεκτο
2953 774 3072 831 λίαν
3105 777 3372 852 ἀσμένως.

2322 860 2452 922 Μεθ’
2483 860 2694 935 ἡμέρας
2727 861 2819 917 οὗν
2849 865 2950 934 τήν
2986 864 3263 941 βασίλειον
3297 867 3459 925 πόλιν

2326 951 2488 1022 "Avens
2522 952 2812 1029 πεφθακὼς
2847 952 2940 1009 σὺν
2972 955 3125 1026 νίκης
3153 958 3429 1034 παραιτίῳ

2324 1040 2618 1114 Κατήγαγε
2650 1037 2919 1115 θρίαμϐον
2954 1042 3273 1121 ἔκλαμπρον
3305 1049 3469 1117 πάνυ,

2325 1129 2693 1204 Στενούμενον
2722 1130 2923 1203 πλήθει
2953 1155 3013 1189 τε
3039 1139 3146 1190 τῶν
3181 1136 3471 1211 θεωμένων

3700 395 3808 451 168

2147 1218 2285 1275 4295
2324 1222 2441 1272 Τῶν
2474 1220 2521 1271 τ’
2551 1218 2928 1295 αἰχμαλώτων
2955 1225 3043 1279 καὶ
3079 1224 3295 1281 σκύλων
3328 1227 3418 1282 καὶ
3450 1224 3732 1306 λαφύρων.

2323 1308 2540 1381 Ἥγεῖτο
2567 1309 2671 1383 γὰρ
2701 1308 2970 1385 τέτρωρον
3005 1310 3061 1366 εὖ
3092 1313 3443 1389 ἡρμοσμένον

2320 1396 2617 1474 Ἀργύρεόν
2637 1419 2779 1469 πως,
2817 1400 3129 1475 ὑπόχρυσον
3166 1403 3428 1477 μετρίως,

2321 1492 2387 1543 *Ο
2416 1484 2710 1561 χιονώδεις
2744 1487 2930 1544 εἷλκον
2957 1488 3123 1544 ’ίπποι
3148 1492 3248 1561 τὴν
3274 1492 3397 1546 θέαν
3432 1514 3445 1527 ·

2326 1576 2338 1596 ν
2431 1576 2442 1595 ,
2506 1575 2534 1595 ν.
2797 1578 2811 1595 .
2894 1576 2908 1595 ς
3101 1583 3109 1598 .
3316 1580 3326 1599 ι

2342 1577 2423 1651 Εφ
2474 1595 2535 1629 ου
2560 1596 2620 1651 γε
2650 1597 2852 1646 σεπτην
2884 1573 3197 1649 αναϐιϐαζει
3230 1601 3446 1656 κρατωρ

2145 1667 2286 1721 4300
2323 1666 2437 1734 Τῆς
2473 1663 2889 1741 μητρανάνδρου
2916 1670 3191 1743 Παρθένου
3219 1671 3319 1739 τὴν
3353 1669 3557 1742 εἰκόνα,

2320 1754 2410 1816 Ὧς
2442 1756 2814 1831 συστρατήγου
2847 1758 3148 1831 συμμάχου
3178 1758 3226 1811 τ’
3257 1757 3624 1835 ἀπροσμάχου
3656 1778 3670 1791 ·

2070 1864 2114 1927 Β
2322 1842 2476 1900 Μετὰ
2505 1840 2563 1897 δὲ
2594 1842 2843 1919 λαμπροὶ
2875 1845 2962 1900 καὶ
3001 1844 3264 1921 βασιλείῳ
3293 1845 3431 1921 γὲνει

2320 1930 2690 2009 Κυδρούμενοι
2720 1931 2993 1990 κάλλιστα
3021 1936 3111 1989 καὶ
3141 1942 3263 1998 ταῖς
3293 1936 3464 2010 ἀξίαις
3498 1956 3514 1971 ’

2322 2023 2531 2077 Ἔπειθ’
2558 2022 2585 2077 ὁ
2608 2027 2819 2098 κρατῶν
2853 2024 2927 2086 ὠς
2955 2024 3113 2099 γίγας
3145 2024 3477 2101 Βριαρόχειρ

2143 2114 2285 2169 4305
2322 2113 2392 2169 Ἢ
2424 2111 2638 2186 μᾶλλον
2668 2112 2835 2167 εἰπεῖν
2865 2113 3097 2192 νυμφίος
3125 2116 3175 2191 γ’
3206 2113 3265 2169 έκ
3290 2111 3565 2177 παστάδος

2321 2198 2589 2264 Κύδιστος
2621 2202 2655 2271 ἢ
2694 2200 2943 2278 μέγιστος
2975 2202 3294 2277 ἀστράπτων
3327 2202 3449 2279 φάει

2323 2290 2662 2367 Ὀχούμενος
2689 2290 2966 2367 προῆλθεν
3001 2292 3283 2368 εὐπρεπῶς
3311 2289 3440 2369 ἄγαν
3478 2310 3492 2325 ’

2321 2380 2451 2445 Μεθ’
2476 2381 2533 2435 ’ὸν
2563 2380 2999 2457 Κοντοστέφανος
3034 2378 3208 2443 αἶ’τιος
3238 2383 3415 2452 νίκης,

2317 2469 2683 2544 Ὑμνούμενος
2716 2469 2955 2543 ξύμπασι
2985 2476 3086 2539 τῆς
3116 2470 3444 2546 στρατηγίας
3475 2489 3489 2503 ο

2143 2562 2283 2617 4310
2320 2561 2501 2633 Μέγαν
2537 2556 2594 2613 δὲ
2622 2559 2746 2612 ναὸν
2779 2559 3070 2635 πεφθακὼς
3096 2559 3473 2636 αὐτοκράτωρ,

2321 2648 2423 2707 Καὶ
2448 2644 2593 2702 τόνδ’
2630 2644 2883 2709 ὑπεισδὺς
2917 2648 3232 2723 εὐχαριστεῖ
3259 2648 3584 2727 προφρόνως

2322 2741 2416 2810 Τῷ
2443 2741 2711 2809 νικοποιῷ
2741 2737 3065 2792 παντάνακτι
3098 2736 3366 2813 Δεσπότῃ,

2321 2827 2428 2884 Καὶ
2456 2823 2615 2882 τοῦδε
2641 2824 2914 2901 λαμπρῶς
2942 2826 3143 2882 αἶ’νεσιν
3166 2825 3391 2902 γλώσσῃ
3428 2826 3630 2905 φράσας

2320 2917 2555 2972 Ἐκεῖθεν
2585 2915 2708 2985 ἥκει
2737 2916 2874 2992 πρὸς
2909 2914 3221 2992 βασιλείους
3251 2913 3480 2990 δόμους.

2145 3012 2285 3068 4315
2322 3008 2496 3068 Οὗτος
2529 3004 2790 3075 Μανουὴλ
2819 3008 3205 3084 πορφυρανθής
3235 3005 3463 3077 αὐτάναξ

2322 3101 2438 3169 θεῷ
2468 3097 2803 3171 χαριστήρια
2821 3100 2929 3151 τῶν
2962 3094 3107 3152 ὅλων
3142 3096 3255 3151 θύει

2324 3187 2591 3256 Γιννήσας
2620 3185 2735 3239 υἱὸν
2771 3184 2829 3239 έκ
2856 3185 3049 3260 γάμων
3076 3189 3183 3240 τῶν
3224 3182 3510 3259 δευτέρων,

2321 3276 2440 3352 Ἐφ’
2469 3296 2514 3347 ῳ
2544 3272 2758 3335 θαλίαις
2790 3274 2881 3328 καὶ
2912 3271 3107 3335 καλαῖς
3138 3269 3479 3335 πανδαισίαις

2324 3362 2717 3424 Ἀστυπολίνας
2749 3363 3033 3427 εἰστιακὼς
3062 3361 3372 3435 πλουσίως,

2147 3458 2287 3513 4320
2326 3454 2599 3523 ΚέκΛηκεν
2637 3448 2880 3525 Ἀλέξιον
2910 3452 3029 3507 υἱέα
3059 3450 3242 3528 φίλον.

2322 3541 2534 3601 Τούτου
2562 3545 2892 3615 κρατοῦντος
2920 3541 3009 3595 καὶ
3045 3538 3337 3598 Βενετίκων
3365 3537 3519 3615 γένος

2326 3627 2569 3704 Ἀνδρῶν
2603 3628 2836 3704 ὑπῆρξεν
2867 3627 3092 3684 ’[ταλῶν
3122 3627 3348 3683 ἀποικία

2326 3721 2422 3777 Ἐκ
2449 3716 2698 3782 Βενετίας
2728 3717 2803 3779 εἷς
2838 3713 3100 3794 βασιλίδα
3130 3714 3318 3789 πόλιν,

2325 3809 2424 3865 Καὶ
2455 3805 2611 3873 τῆσδ’
2642 3806 3007 3885 ἐνεργάφησαν
3040 3807 3226 3869 ἀστοῖς
3254 3802 3526 3880 γνησίοις,

2147 3903 2289 3958 4325
2325 3899 2433 3954 Κάν
2461 3894 2616 3962 τῆσδ’
2649 3895 3061 3972 έφηπλώθησαν
3094 3894 3170 3958 εἷς
3200 3899 3370 3949 πᾶσαν
3404 3893 3579 3968 χθόνα

2326 3986 2718 4060 Διασπαρέντες
2753 3983 3002 4041 Αὐσόνων
3044 3979 3407 4058 κραταρχίας,

2327 4072 2665 4149 Ἐνημμένοι
2697 4070 2940 4129 πλοῦτον
2976 4069 3033 4126 δὲ
3068 4070 3230 4145 βαθὺν
3261 4069 3623 4145 πραγμάτων,

2323 4164 2501 4237 Αῧξην
2529 4184 2589 4218 τε
2620 4162 2849 4239 μακρὰν,
2884 4159 3169 4225 αὐθάδειάν
3201 4180 3259 4213 τε
3284 4158 3472 4227 πλέον,

2324 4254 2439 4312 Οὐκ
2464 4249 2707 4313 Αύσονας
2732 4248 2946 4326 ἥγηντο
2980 4247 3261 4322 δυσμενεῖς
3298 4246 3485 4322 μόνον,

2147 4347 2288 4403 4330
2326 4341 2507 4402 Ἀλλὰ
2541 4338 2833 4417 βασιλείων
2860 4360 2921 4417 γε
2950 4339 3038 4394 καὶ
3066 4336 3502 4411 προσταγμάτων

2326 4431 2433 4490 Καὶ
2460 4435 2568 4487 τῶν
2602 4429 2843 4486 ἀπειλῶν
2876 4430 3027 4504 εἶχον
3062 4424 3471 4503 ἀνεπιστρόφως

2324 4524 2435 4591 Τῆν
2471 4524 2618 4596 σφῶν
2651 4520 2917 4576 τολοιπὸν
2951 4516 3245 4594 ὑπεροψίαν
3276 4511 3401 4588 ἅναξ

2077 4605 2117 4666 [δ
2328 4607 2539 4670 Οὔκουν
2570 4610 2818 4688 φορητὴν
2853 4604 2967 4663 οὐδ’
3001 4606 3221 4680 ῗάσιμον
3253 4604 3476 4680 κρίνων,

2328 4702 2631 4778 Γράμματα
2666 4698 2917 4775 βασίλεια
2945 4697 3065 4752 κατ’
3097 4691 3366 4770 ἐπαρχίαν

2150 4794 2291 4850 4335
2326 4790 2640 4862 Ῥωμαϊκὴν
2671 4786 2956 4860 πέπομφεν
2989 4781 3195 4839 ἅπασαν
3225 4780 3401 4857 λάθρα

2329 4878 2669 4952 Κατάσχεσιν
2701 4873 2977 4947 δηλοῦντα
3000 4876 3108 4927 τῶν
3142 4867 3457 4939 Βενετίκων,

2327 4967 2531 5042 Χρόνον
2559 4986 2619 5021 τε
2647 4965 2767 5028 καθ’
2795 4963 2854 5018 ’ὸν
2886 4965 3053 5017 ταῦτα
3083 4965 3399 5036 πραχθῆναι
3429 4954 3565 5013 δέον.

2329 5060 2558 5134 Ὤριστο
2588 5052 2770 5109 τοίνυν
2803 5052 2987 5127 ἡμέρα
3017 5047 3377 5125 προθεσμίας,

2328 5148 2431 5209 Ἦς
2464 5145 2724 5215 ένστασης
2756 5147 2859 5204 πᾶς
2891 5139 3204 5218 συνελήφθη
3240 5136 3482 5193 Λατίνων

2152 5239 2292 5296 4340
2330 5237 2445 5305 Τῆς
2480 5232 2813 5308 δύστροπίας
2845 5227 3262 5307 εἰσπραχθέντες
3295 5224 3537 5287 εὐθύνας.

2330 5324 2622 5383 Βενετίκων
2653 5323 2773 5378 ὅσοι
2805 5319 2864 5377 δὲ
2890 5320 2989 5390 τὴν
3019 5314 3432 5376 Κωνσταντίνου

2330 5410 2499 5470 Πόλιν
2528 5413 2808 5485 κατῴκουν
2837 5407 3240 5485 ἀποδράσαντες
3270 5404 3443 5482 τάχος

2328 5499 2757 5574 Ἐπιϐεόηκὸτες
2783 5522 2841 5557 τε
2870 5499 3003 5570 νηὸς
3032 5496 3260 5571 ἑσπέρας

2330 5597 2462 5652 Τοῖς
2496 5592 2718 5665 ἀνέμοις
2752 5589 2925 5668 λαίφη
2958 5609 3015 5644 τε
3049 5585 3234 5648 δόντες
3269 5583 3345 5647 ὠς
3375 5583 3495 5638 δέον

2153 5686 2298 5742 3445
2336 5683 2608 5757 ’Λπῄεσαν
2642 5680 2923 5758 φεύγοντες
2957 5678 3188 5754 ὲςυσφῶν
3220 5670 3455 5747 πατρίδα
3491 5689 3503 5704 ⁸

2070 3233 2111 3297 C

2174 4481 2195 4511 ι
