4140 6450
322 453 430 509 169

504 573 611 631 Καὶ
644 576 779 649 σφᾶς
816 571 910 644 μὲν
944 570 1088 644 εἶχεν
1118 570 1153 639 ἡ
1187 565 1401 626 Βενετία
1425 565 1567 622 τότε·

510 661 664 721 Μετά
697 659 757 717 δὲ
787 660 995 736 μακρὸν
1031 657 1438 733 ηὐτρεπικότες
1467 654 1662 712 στόλον

508 754 727 823 Νήσους
758 750 987 805 ἐκάκουν
1017 745 1340 810 ἐκπλέοντες
1373 743 1679 822 εὐδρόμως·

506 838 672 899 Ἀλλ’
700 839 1048 914 ἀντίπρωρος
1081 835 1341 893 Αὐσόνων
1374 835 1591 898 σταλεὶς
1620 831 1815 894 στόλος

322 935 469 991 4350
507 928 660 987 Πλοῦ
692 927 1083 1005 σφᾶςξάπεῖρξε
1110 930 1431 1003 πειρατικοῦ
1460 924 1549 980 καὶ
1586 922 1795 998 μάχης.

506 1019 701 1079 Τοίνυν
733 1017 1067 1079 ἀποστάντες
1099 1037 1159 1090 γε
1187 1021 1285 1071 τοῦ
1327 1013 1415 1070 διὰ
1448 1015 1638 1089 μάχης

504 1108 774 1186 Ἐχθρσὺς
800 1111 987 1170 κακῶς
1016 1103 1143 1182 δρᾷν
1180 1104 1477 1178 ἀμύνεσθαι
1507 1105 1555 1158 τ’
1584 1102 1647 1157 αὖ
1678 1098 1884 1172 στόλῳ,

501 1200 649 1274 Πρὸς
680 1197 820 1275 ῥῆγα
848 1197 1134 1260 συνέθεντο
1164 1202 1266 1264 τῆς
1298 1192 1555 1255 Σικελίας

501 1289 701 1363 Ὀρκια
728 1287 894 1341 πιστᾶ
924 1279 1223 1358 συμϐάσεις
1251 1303 1311 1338 τε
1341 1281 1547 1360 φιλίας.

320 1380 464 1435 4355
499 1378 568 1434 νΟ
594 1374 755 1451 γνοὺς
792 1372 1051 1450 βασιλεὺς
1085 1373 1113 1428 ὁ
1144 1370 1468 1448 προμηθεὺς
1500 1368 1757 1427 Αὐσόνων

508 1464 606 1521 Καὶ
635 1466 733 1526 τὰς
760 1463 849 1518 ἐπὶ
882 1460 1124 1535 λύμῃῖγε
1152 1468 1250 1530 τῆς
1294 1457 1603 1533 Ῥωμαΐδος

511 1551 845 1631 Συμφωνίας
873 1555 1021 1625 σφῶν
1058 1548 1411 1623 ἐννοούμενος
1454 1547 1614 1603 λῦσαι

507 1646 604 1707 “Ac
634 1642 763 1718 ῥηγί
795 1641 1125 1714 συνέπραξαν
1157 1639 1371 1713 ἀμύνης
1401 1639 1584 1712 χάριν,

511 1732 868 1805 ’Δνεξικάκως
880 1777 894 1800 ,
927 1730 1193 1804 εὐμενῶς,
1233 1726 1567 1802 εὐμηχάνως

318 1834 466 1889 4360
506 1832 648 1906 Πρὸς
684 1827 872 1907 φιλίαν
907 1826 1152 1884 εἵλκυσεν
1187 1824 1382 1890 αὐτοὺς
1408 1826 1509 1895 τήν
1535 1823 1729 1881 πάλαι.

506 1922 564 1976 Ἀ
579 1917 845 1993 μνηστίαν
880 1914 1008 1979 δοὺς
1037 1921 1146 1972 τῶν
1180 1914 1329 1994 σφίσι
1362 1914 1780 1990 πεπραγμένων·

511 2010 655 2085 Πρὸς
686 2005 733 2063 δ’
766 2008 831 2062 αὐ
862 2002 958 2077 ἔθη
993 2003 1212 2061 δίδωσιν
1246 2004 1432 2067 αὐτοῖς
1464 2004 1529 2059 τὰ
1559 2002 1753 2057 πάλαι*

508 2098 608 2153 Καὶ
640 2101 788 2174 σφῶν
822 2094 963 2150 ὅσων
993 2093 1190 2172 εἷ’ληφε
1216 2091 1412 2169 τοπρὶν
1455 2090 1638 2147 οὐσίαν

512 2188 609 2241 Καὶ
641 2183 809 2256 τήνδε
842 2183 1119 2261 βασίλειος
1151 2181 1402 2260 ἐφρούρει
1428 2182 1612 2258 στέγη,

328 2280 477 2335 4365
514 2279 641 2338 Τοῖς
673 2275 985 2336 Βενετίκοις
1014 2269 1260 2328 ἀπέδωκε
1279 2271 1606 2349 προφρόνως

512 2365 761 2421 Γενναίαν
791 2366 916 2437 ἄναξ
948 2362 1132 2419 οὐτοσὶ
1162 2360 1423 2417 πλουτῶν
1456 2360 1637 2429 φύσιν,

507 2454 841 2532 Ὀξύρῥοπός
871 2454 916 2508 τ’
950 2450 1024 2507 ὣν
1057 2452 1110 2507 ἐν
1148 2451 1353 2528 μάχαις
1385 2448 1722 2517 ἀντιπάλων,

507 2544 843 2620 Δραστηριός
875 2563 933 2598 τε
959 2544 1380 2618 καρτερόιιιυχος
1414 2538 1559 2609 λίαν,

513 2634 609 2689 Καὶ
646 2630 932 2708 διενεργῶν
968 2629 1014 2686 δ’
1044 2632 1239 2686 ἐαυτοῦ
1263 2631 1358 2691 τὰς
1395 2630 1603 2704 μάχας,

326 2734 473 2790 4370
513 2737 717 2800 Δεῆσαν
743 2727 915 2784 *ἱππον
948 2723 1221 2784 ἀνέϐαινεν
1253 2726 1469 2795 αὐτίκα,

511 2820 611 2874 Καὶ
640 2826 743 2889 τῆς
777 2823 1030 2894 στρατιᾶς
1061 2818 1128 2886 ἧν
1158 2818 1469 2892 προμαχῶν
1499 2812 1770 2886 εὐθύμως.

512 2910 714 2980 ’Ἐξεισι
742 2906 930 2964 τοίνυν
964 2906 1100 2962 κατὰ
1129 2903 1427 2961 σουλτάνου
1455 2901 1620 2958 πάλιν

512 3001 963 3074 Κατατρέχοντος
990 3003 1095 3052 Ῥω
1106 2997 1273 3069 μαϊκὰ
1303 3014 1344 3069 χ
1347 2998 1506 3069 ωρῖα,

515 3090 623 3146 Καὶ
649 3088 857 3165 γίνεται
889 3084 958 3157 δὴ
991 3087 1129 3162 πρὸς
1160 3084 1299 3158 θέμα
1330 3083 1624 3159 Δορυλέου,

335 3184 483 3239 4375
518 3182 683 3243 Ἔνθα
709 3177 984 3254 χρονίζων
1016 3173 1074 3231 εὗ
1101 3173 1372 3243 ἀνακτίζει
1399 3169 1527 3228 τόδε

512 3268 697 3343 Τείχει
726 3273 774 3323 τ’
807 3266 999 3343 ὀχυρῷ
1027 3264 1118 3320 καὶ
1142 3262 1441 3339 περιτείχῳ
1472 3259 1605 3334 ξένῳ

517 3352 837 3433 ιῐεριϐαλὼν
870 3353 927 3410 εὖ
956 3353 1349 3430 κατοχυρώσας
1380 3352 1427 3406 θ’
1459 3349 1593 3424 ἀμαυ

514 3447 621 3506 Καὶ
648 3444 775 3509 δοὺς
807 3442 1056 3523 φυλακήν
1090 3448 1166 3506 ὡς
1196 3442 1321 3513 ἐνῆν
1346 3438 1478 3513 τῷδ’
1509 3439 1680 3514 ἀξίαν,

514 3540 706 3611 Μερῶν
732 3533 1061 3590 ἀπανίστατο
1091 3535 1201 3588 τῶν
1234 3528 1527 3606 Δορυλέου·

326 3638 474 3694 4880
513 3633 823 3713 Ἐφίσταται
856 3629 914 3687 δε
943 3628 1188 3710 φρουρίῳ
1218 3633 1298 3702 τῷ
1330 3624 1613 3701 Σοοὸλέῳο

511 3728 729 3783 Κακεῖν’
755 3722 964 3796 ὁμοίως
997 3719 1284 3782 ἀνακτίσας
1315 3719 1389 3780 ὡς
1419 3715 1563 3789 δέον,

510 3814 617 3871 Καὶ
650 3811 819 3868 πάντα
847 3811 960 3877 θεὶς
993 3810 1072 3883 εὖ,
1104 3809 1241 3885 πρὸς
1274 3806 1436 3865 πόλιν
1474 3805 1818 3882 ὑποστρέφειο

506 3901 731 3979 Βραχὺς
763 3901 953 3980 ἐφεξῆς
982 3898 1336 3974 παρελήλυθε
1369 3896 1590 3972 χρόνος⁴

513 3993 617 4049 Καὶ
650 3993 770 4055 καθ’
798 3989 1020 4052 ἑαυτοὺς
1055 3986 1312 4063 βασιλεὺς
1340 3987 1429 4041 καὶ
1462 3986 1759 4048 σουΛτάνος

334 4085 484 4141 4385
521 4081 865 4154 Ὑπέσμυχον
897 4082 1004 4154 πῦρ
1036 4076 1088 4132 ἐν
1121 4073 1319 4146 σποδιᾷ
1345 4073 1568 4150 καρδίας

516 4173 795 4243 Ἔναυσμα
827 4169 1009 4245 βραχὺ
1054 4166 1407 4241 μνησικακίας
1440 4165 1642 4241 χόλου,

521 4260 626 4318 Καὶ
655 4260 801 4314 τοῦτ’
822 4257 1024 4331 ἀνάψαι
1051 4252 1412 4312 κατέσπευδον
1445 4255 1521 4318 εἷς
1553 4254 1754 4333 φλόγα’

520 4349 809 4423 Ἐκάτερος
837 4350 967 4422 γοῦν
1003 4342 1253 4420 ἐγκαλῶν
1285 4342 1546 4420 ἐκατέρῳ,

512 4439 760 4513 Ὑπῆρχε
791 4439 974 4513 σαφῶς
997 4433 1090 4489 καὶ
1121 4430 1396 4504 διηπείλει
1432 4433 1589 4508 μέγαν

335 4540 485 4595 4390
522 4538 588 4594 Ὀ
619 4533 675 4589 ἐν
711 4532 967 4611 βασιλεὺς
996 4530 1092 4595 τὰς
1122 4530 1363 4593 ὐπούσας
1393 4529 1650 4605 δυνάμεις

517 4625 701 4686 Πάσας
733 4623 990 4699 ἀθροίσας
1020 4621 1097 4683 ὡς
1129 4619 1253 4691 ἐνῆν
1285 4622 1626 4696 πανταχόθεν

517 4713 737 4775 Ἀλλας
762 4714 811 4767 τ’
841 4712 922 4766 ἐπ’
957 4707 1159 4771 ἄλλαις
1190 4710 1511 4785 συναγαγὼν
1543 4711 1619 4771 ὡς
1651 4707 1770 4765 δέον

520 4803 609 4874 Ἐξ
640 4799 865 4857 Ἰταλῶν
895 4820 956 4855 τε
983 4799 1076 4854 καὶ
1108 4802 1333 4862 Σκυθῶν
1364 4797 1699 4874 παριστρίων

522 4891 625 4946 Καὶ
660 4891 1041 4967 συγκροτήσας
1078 4887 1450 4964 μυριάριθμον
1469 4886 1658 4964 στίφος

344 4985 491 5041 4395
528 4981 839 5060 Ἀφανίσων
873 4974 1052 5033 ἄπεισι
1083 4976 1346 5051 Περσικὸν
1378 4980 1574 5053 φῦλον,

527 5071 627 5125 Καὶ
660 5067 994 5144 κατερείψων
1026 5066 1256 5125 Ἰκόνιον
1290 5065 1368 5129 εἰς
1386 5063 1535 5137 ἕδος,

527 5158 677 5232 Πρὸς
710 5154 757 5211 δ’
790 5158 855 5211 αὗ
883 5176 944 5233 γε
971 5155 1321 5231 Περσάνακτα
1350 5155 1589 5226 καθέξων
1624 5155 1716 5231 βίᾳ

526 5247 636 5303 Καὶ
668 5246 1068 5320 συμπατήσων,
1101 5243 1175 5306 ὡς
1207 5240 1350 5317 ἔθος,
1380 5245 1499 5300 κατ’
1532 5244 1784 5321 αὐχένος·

528 5335 772 5413 Ἀπάρας
808 5336 1013 5391 οὐκοῦν
1046 5332 1109 5389 ἐκ
1136 5334 1435 5403 Βυζαντίου
1455 5334 1625 5411 τάχος

333 5431 490 5491 4400
517 5425 673 5487 Μετᾶ
702 5429 957 5502 στρατιᾶς
988 5421 1079 5480 διὰ
1109 5423 1351 5500 Φρυγίας
1385 5423 1576 5499 μέσης,

524 5516 623 5579 Εἷς
651 5516 846 5577 Χώνας
876 5514 1047 5583 ἦλθεν
1081 5513 1137 5568 εὗ
1167 5512 1334 5569 πόλιν
1366 5513 1698 5589 ᾠκισμένην*

534 5607 791 5669 Κάκεῖθεν
821 5603 1140 5677 ἐξώρμησεν
1173 5601 1249 5665 είς
1280 5599 1455 5679 ἔρυμά
1480 5626 1534 5660 τι

540 5700 613 5777 ’ῼ
640 5692 1060 5772 Μυριοκέφαλον
1092 5696 1158 5764 ἦν
1191 5692 1389 5765 κλῆσις
1406 5694 1600 5769 πάλαι,

542 5787 671 5869 »Δφν
704 5782 870 5860 οὗπερ
904 5781 1223 5853 εἰσήλαυνεν
1253 5782 1376 5840 εὐθὺ
1408 5783 1673 5863 Περσίδος

652 5907 928 5968 Panos.
975 5903 1089 5967 Gn.
1136 5905 1400 5969 CXLIII.

1860 435 2227 491 CBSARES.

2016 557 2071 624 Α
2100 559 2312 633 Sicque
2342 564 2602 621 Venetiis
2633 564 2867 621 interim
2901 572 3266 622 manserunt.

2101 650 2286 706 Multo
2318 658 2453 724 post
2484 657 2680 711 tamen
2712 656 2985 711 ordinata
3014 655 3227 727 classe,

2101 739 2259 795 facili
2290 758 2465 797 cursu
2498 742 2857 801 infestabant
2886 745 3111 802 insulas
3145 762 3158 801 :

2101 846 2304 886 verum
2334 833 2605 904 opposita
2636 834 3036 891 Romanorum
3068 835 3278 892 classis

2102 918 2412 976 cohibebat
2441 921 2574 978 illos
2605 941 2637 978 a
2665 940 2772 979 suo
2806 924 3133 980 latrocinio.

2103 1018 2291 1082 Quare
2322 1020 2570 1077 dimisso
2601 1022 2937 1079 decertandi
2969 1024 3166 1079 studio

2103 1123 2292 1179 neque
2313 1109 2440 1179 jam
2466 1111 2629 1166 hosti
2662 1114 2907 1168 navibus
2942 1118 3240 1183 nocentes,

2102 1213 2235 1253 cum
2269 1215 2403 1271 rege
2435 1200 2630 1257 Siculo
2662 1203 3043 1259 conventione
3075 1204 3228 1258 facta

2103 1286 2279 1343 ﬁdem
2305 1289 2562 1359 juratam
2596 1298 2864 1364 pangunt
2890 1293 3181 1349 amicitiae.

2099 1377 2344 1448 Cognita
2374 1394 2456 1449 re,
2487 1383 2678 1436 Cmsar
2705 1381 2934 1453 imperii
2968 1387 3145 1450 tutor,

2101 1467 2173 1521 ad
2208 1467 2609 1525 Romanorum
2642 1472 2859 1527 damna
2885 1472 3249 1542 conjuratam

2100 1554 2443 1613 deliberavit
2468 1558 2691 1615 solvere
2719 1560 2980 1617 amicitia

2102 1661 2280 1715 quam
2314 1647 2510 1703 studio
2544 1648 2784 1705 ultionis
2817 1666 2949 1706 cum
2985 1667 3117 1719 rege
3148 1650 3511 1722 pepigerant.

2101 1733 2321 1807 Nempe
2352 1737 2658 1809 patienter,
2692 1738 2920 1808 callide,
2953 1738 3229 1795 benevole

2101 1822 2234 1880 illos
2268 1826 2336 1881 ad
2369 1832 2620 1884 veterem
2655 1828 2831 1884 traxit
2861 1829 3205 1896 amicitiam,

2101 1913 2241 1969 facti
2274 1915 2538 1987 cujusvis
2570 1917 2866 1989 impertita
2896 1919 3084 1975 venia.

2026 1982 2072 2046 Β
2106 1982 2363 2075 Insuper:
2384 2006 2573 2078 prisca
2605 1982 2907 2080 privilegia
2938 2008 3187 2064 indulsit
3219 2026 3233 2064 :

2106 2097 2163 2148 et
2192 2094 2481 2167 quidquid
2514 2096 2745 2153 Venetae
2781 2098 2861 2153 rei
2894 2102 3130 2171 captum
3165 2098 3354 2153 fuerat

2106 2186 2164 2236 et
2194 2183 2252 2237 in
2289 2186 2599 2255 quaestorio
2632 2187 2975 2243 servabatur
3004 2188 3186 2260 regio,

2107 2271 2365 2328 reddidit
2395 2271 2543 2346 ipsis
2573 2275 2771 2331 animo
2803 2276 3043 2332 libente.

2108 2369 2210 2425 llic
2241 2374 2358 2426 tam
2392 2372 2623 2445 egregio
2655 2375 2932 2446 przeditus
2964 2374 3198 2447 ingenio

2104 2461 2317 2526 Caesar,
2352 2461 2421 2515 ad
2456 2478 2683 2533 pugnas
2717 2462 2909 2519 alacer
2942 2464 3302 2535 pangendas,

2106 2547 2333 2616 efﬁcax,
2368 2550 2565 2605 animo
2598 2553 2915 2607 admodum
2950 2556 3278 2618 constante,

2106 2641 2163 2691 et
2194 2654 2297 2709 per
2326 2655 2389 2695 se
2414 2639 2539 2712 ipse
2572 2640 2724 2696 bella
2755 2641 3093 2707 conficiens,

2108 2728 2207 2784 ubi
2239 2746 2388 2801 opus
2418 2733 2561 2800 erat,
2596 2731 2797 2786 statim
2830 2748 2979 2803 equo
3012 2730 3285 2786 inscenso

2108 2820 2335 2890 primus
2368 2820 2425 2874 in
2458 2820 2581 2875 acie
2612 2825 2850 2876 strenue
2881 2821 3199 2892 perstabat.

2108 2907 2327 2965 Iterum
2360 2926 2496 2982 ergo
2528 2911 2717 2982 pergit
2746 2911 2804 2965 in
2839 2910 3138 2967 sultanum

2107 3016 2141 3054 a
2170 3015 2286 3071 quo
2319 3003 2589 3055 Romanae
2619 3001 3075 3057 incursabantur
3098 3003 3290 3069 terras,

2105 3092 2163 3145 et
2192 3105 2378 3161 usque
2409 3090 2480 3145 ad
2514 3089 2715 3146 thema
2745 3088 3008 3161 pervenit
3037 3087 3290 3161 Dorylei.

2108 3186 2193 3243 Ibi
2227 3188 2559 3245 subsistens
2587 3188 2940 3245 instauravit
2968 3188 3175 3245 urbem

2105 3276 2315 3334 validis
2348 3278 2641 3334 mcenibus
2674 3278 2942 3350 miroque
2967 3277 3116 3333 vallo

2027 3350 2072 3419 (ἶ
2110 3367 2161 3422 ei
2193 3367 2633 3440 circumposita,
2666 3384 2801 3424 cum
2834 3364 3325 3441 propugnaculis;

2100 3456 2498 3530 impositoque
2529 3457 2738 3515 idoneo
2772 3457 3043 3531 praesidio

2099 3564 2169 3604 ex
2201 3564 2341 3620 agro
2370 3548 2600 3621 Dorylei
2633 3552 2826 3604 castra
2857 3547 3064 3617 movit,

2099 3641 2274 3710 atque
2304 3637 2517 3695 Subleo
2548 3638 2737 3693 adluit
2768 3637 3009 3693 castello
3041 3652 3055 3692 :

2099 3724 2348 3797 ipsoque
2379 3725 2597 3799 pariter
2626 3731 2757 3798 apte
2789 3725 3176 3792 communito,

2099 3820 2158 3871 et
2186 3814 2430 3886 reliquis
2461 3814 2788 3888 dispositis,
2822 3816 2891 3869 ad
2926 3816 3133 3871 urbem
3167 3813 3338 3870 redit.

2101 3904 2214 3960 Sed
2247 3903 2401 3961 brevi
2434 3904 2666 3977 requies
2697 3904 3001 3960 intervallo
3035 3904 3145 3959 fuit
3177 3921 3191 3959 :

2102 3994 2351 4050 invicem
2386 3992 2606 4065 quippe
2633 3997 2827 4049 Caesar
2855 3997 2912 4048 et
2942 3992 3215 4048 sultanus

2104 4082 2301 4154 ignem
2336 4082 2607 4138 fovebant
2637 4081 2747 4137 sub
2778 4081 2972 4137 cordis
3003 4081 3323 4149 cineribus,

2105 4170 2370 4227 fomitem
2403 4174 2740 4243 promptum
2775 4170 3064 4226 meditatae
3097 4168 3361 4239 ultionis,

2108 4266 2282 4335 atque
2312 4270 2656 4333 erupturum
2690 4260 2961 4333 protinus
2991 4259 3051 4314 in
3084 4260 3409 4314 ﬂammam.

2110 4352 2362 4424 Uterque
2394 4349 2620 4407 scilicet
2648 4349 3007 4405 accusabant
3034 4348 3282 4404 invicem

2110 4440 2367 4512 querelis
2398 4439 2731 4497 manifestis
2764 4437 3060 4511 minisque
3088 4438 3390 4510 gravibus.

2110 4540 2505 4607 Quamobrem
2537 4539 2729 4595 Caesar
2757 4537 2910 4594 vires
2943 4536 3251 4593 universas

2111 4629 2377 4701 undique
2408 4628 2783 4697 contrahens,
2818 4627 3031 4698 hisque
3060 4624 3473 4698 supplementa

2033 4717 2084 4787 Β
2116 4718 2230 4775 alia
2254 4723 2434 4791 atque
2464 4717 2601 4789 alia,
2633 4722 2699 4773 ut
2728 4733 2834 4789 par
2862 4721 3013 4785 erat,
3045 4716 3270 4772 addens

2122 4825 2191 4865 ex
2221 4807 2380 4866 Italis
2413 4812 2588 4880 atque
2614 4806 2851 4879 Scythis
2881 4807 2951 4862 ad
2986 4806 3203 4862 Istrum
3235 4803 3466 4877 positis,

2124 4902 2589 4971 congregatoque
2617 4897 2931 4953 innumero
2959 4894 3240 4966 exercitu,

2124 4987 2419 5045 Persicam
2450 4986 2644 5059 pergit
2670 5002 2775 5042 ceu
2801 4986 3098 5042 deleturus
3125 4986 3382 5056 gentem,

2128 5077 2512 5149 Iconiumque
2541 5075 2710 5132 humi
2741 5078 3163 5147 prostraturus,

2129 5170 2377 5240 ejusque
2409 5182 2600 5239 regem
2634 5164 2879 5236 insuper
2902 5168 3207 5236 capturus,

2131 5262 2196 5315 ut
2227 5259 2373 5330 pede
2398 5256 2638 5323 collum,
2672 5255 2746 5311 de
2776 5269 2961 5318 more,
2992 5252 3264 5310 calcaret.

2132 5347 2322 5421 Igitur
2351 5346 2565 5419 raptim
2598 5344 2896 5418 profectus
2926 5340 3203 5415 Byzantio

2136 5453 2269 5493 cum
2303 5435 2429 5493 suis
2458 5434 2642 5507 copiis
2672 5432 2989 5506 Phrygiam
3022 5430 3448 5505 pertransien,

2135 5526 2369 5582 Chonas
2399 5523 2634 5581 devenit
2661 5522 2989 5595 elegantem
3025 5522 3255 5577 urbem.

2141 5615 2309 5672 Illinc
2336 5614 2407 5671 ad
2440 5616 2702 5669 castrum
2732 5611 3029 5683 quoddam
3063 5614 3154 5665 est
3184 5625 3558 5682 progressus,

2139 5706 2234 5763 cui
2266 5720 2483 5762 nomen
2512 5706 2682 5759 vetus
2711 5706 2838 5758 erat
2864 5698 3337 5774 Myriocephalon
3376 5715 3389 5753 :

2140 5793 2297 5852 unde
2330 5790 2587 5867 pervasit
2615 5790 2676 5848 in
2709 5789 2992 5847 ditionem
3025 5787 3322 5845 Persicam

3638 442 3751 495 170
