4140 6426
442 385 543 441 171
1693 380 2064 434 ΕΡΗΒΕΜΙΙ

1693 380 2064 434 ΕΡΗΒΕΜΙΙ
2101 375 2626 431 CHONOGRAPHI

445 510 700 567 tendens
732 508 803 566 ad
838 507 1054 565 moenia
1084 506 1284 578 inclyti
1318 505 1522 573 Iconii,

445 616 578 656 cum
614 599 867 655 exercitu
900 598 1112 667 valido,
1146 597 1468 655 fortissimo

444 695 504 747 et
533 707 669 746 cum
704 690 957 762 expertis
990 687 1293 761 praeliandi
1326 687 1598 755 ducibus,

444 780 672 836 itineris
705 781 989 837 stationes
1022 780 1341 851 prudenter
1372 777 1621 833 metiens

444 875 681 942 propter
702 870 980 941 jumenta
1012 866 1301 923 machinis
1333 872 1546 923 onusta

443 976 578 1016 cum
613 959 939 1015 artificibus
972 960 1096 1014 suis
1131 958 1455 1013 inermibus

445 1066 636 1123 neque
664 1048 903 1121 gerendi
935 1046 1071 1103 belli
1102 1047 1330 1119 peritis.

442 1146 559 1203 Nec
589 1165 723 1204 vero
754 1147 1029 1203 sultanus
1062 1163 1179 1201 non
1211 1143 1456 1217 cogebat
1488 1142 1711 1215 copias.

443 1239 563 1296 imo
594 1238 845 1310 gentiles
877 1237 1218 1293 accersebat
1249 1234 1574 1307 suppetias,

445 1335 503 1384 et
535 1327 939 1383 defensionem
973 1331 1214 1381 strenue
1245 1324 1589 1396 apparabat.

442 1423 657 1475 Tamen
694 1417 919 1489 legatos
954 1416 1119 1471 misit
1150 1415 1221 1470 ad
1253 1415 1536 1471 Cmsarem

435 1508 706 1580 juratum
741 1508 931 1562 foedus
965 1505 1066 1576 qui
1100 1509 1515 1568 memorarent,

444 1599 743 1669 ﬁdemque
774 1604 961 1653 ratam
996 1609 1126 1650 esse
1159 1593 1548 1667 postularent.

444 1688 557 1743 Sed
590 1687 749 1741 enim
782 1684 947 1740 irrita
977 1683 1197 1740 foedera
1225 1699 1472 1739 cernens

444 1775 748 1843 Sultanus,
784 1773 941 1830 locos
972 1776 1219 1845 occupat
1248 1771 1523 1829 difficiles

448 1871 625 1939 atque
658 1865 881 1921 viarum
917 1863 1147 1919 obsidet
1177 1863 1503 1935 angustias,

448 1956 786 2011 clausuram
819 1954 960 2009 olim
994 1952 1211 2008 dictam
1244 1952 1593 2021 Tzibritzen,

449 2062 555 2118 per
586 2062 766 2116 quam
799 2044 1100 2100 Romanus
1131 2058 1265 2097 cum
1299 2044 1521 2098 Caesare
1551 2042 1841 2099 exercitus

452 2152 769 2208 gressurus
800 2141 925 2190 erat
954 2132 1196 2189 veniens
1230 2132 1683 2205 Myriocepbalo.

460 2225 606 2281 Illuc
636 2223 910 2281 sultanus
944 2240 1083 2278 suas
1114 2221 1310 2293 copias
1340 2222 1581 2293 conjicit

457 2332 617 2371 more
649 2314 952 2370 barbarico
984 2312 1172 2367 latens
1206 2312 1263 2365 in
1296 2311 1551 2380 insidiis,

458 2410 523 2461 ut
554 2422 687 2459 mox
716 2405 917 2459 dolose
948 2406 1241 2459 Romanos
1273 2400 1593 2457 invaderet.

455 2504 558 2560 Est
588 2507 783 2560 autem
812 2501 978 2556 locus
1007 2502 1269 2572 undique
1299 2506 1649 2574 praeruptus,

456 2602 759 2665 Angustus
790 2591 956 2648 valde
986 2596 1043 2647 et
1074 2608 1317 2662 prorsus
1350 2592 1693 2663 impervius,

455 2686 738 2740 Taenarus
769 2682 1056 2752 infernus,
1089 2680 1399 2738 Charontis
1430 2698 1697 2753 campus,

454 2774 622 2829 vallis
653 2771 923 2828 difﬁciles
956 2772 1176 2827 ducens
1209 2770 1266 2825 in
1301 2771 1625 2830 anfractus.

453 2862 669 2935 Illapso
702 2862 885 2933 igitur
914 2861 973 2915 in
1002 2860 1306 2931 angustias
1337 2861 1615 2930 exercitu,

452 2952 658 3008 velites
690 2950 929 3022 quidem
961 2954 1017 3005 et
1046 2949 1321 3005 ordinum
1354 2952 1627 3021 praefecti,

456 3041 624 3113 queis
655 3040 1023 3112 prmoedendi
1056 3038 1278 3096 caeteris
1305 3055 1446 3096 cura
1476 3042 1633 3114 data,

455 3134 877 3204 praetereuntes
906 3130 1035 3185 sine
1066 3130 1280 3185 damno
1309 3128 1503 3186 locum

458 3221 530 3277 ad
562 3219 820 3293 spatiosa
851 3220 959 3275 tuti
992 3219 1372 3276 devenerunt.

451 3325 527 3380 At
555 3323 878 3395 imperator
905 3321 964 3378 in
999 3326 1255 3378 extremo
1288 3322 1545 3394 agmine,

455 3416 590 3486 post
612 3414 737 3485 jam
771 3418 1001 3469 exertos
1032 3411 1268 3468 insidiis
1300 3413 1589 3470 Barbaros

452 3503 687 3575 telaque
716 3503 775 3558 in
809 3503 1005 3576 ipsum
1035 3519 1288 3574 saxaque
1310 3502 1626 3573 jacientes,

453 3598 656 3667 utpote
686 3592 890 3649 acclivi
922 3609 990 3649 ex
1023 3597 1272 3664 utroque
1302 3592 1505 3663 latere,

455 3700 563 3740 nec
594 3683 705 3739 iter
735 3682 1009 3754 persequi
1040 3681 1211 3739 facile
1241 3687 1490 3754 poterat,

453 3790 562 3830 nec
591 3772 939 3845 propulsare
969 3790 1003 3828 a
1032 3776 1222 3829 semet
1253 3771 1582 3845 periculum
1617 3790 1632 3831 :

456 3880 563 3920 nec
593 3862 911 3935 quisquam
944 3862 1166 3935 aliquid
1199 3878 1370 3935 agere
1403 3862 1464 3918 in
1494 3864 1751 3922 exercitu

456 3953 645 4010 milite
675 3954 922 4025 dignum
955 3958 1385 4024 strenuumque
1413 3957 1659 4025 poterat,

454 4043 751 4111 curribus,
786 4044 995 4111 bobus,
1028 4042 1437 4114 machinisque
1468 4042 1717 4117 bellicis,

455 4133 685 4207 aggeris
716 4134 904 4190 instar
932 4132 1084 4190 viam
1119 4133 1606 4205 impedientibus.

452 4227 500 4281 A
529 4230 693 4297 tergo
725 4229 920 4281 autem
956 4224 1226 4280 Persicus
1258 4223 1551 4279 exercitus

455 4315 793 4371 nimborum
824 4316 1013 4371 instar
1034 4312 1238 4385 jacula
1267 4313 1589 4383 conjicisns

451 4405 705 4462 arduum
739 4422 980 4478 prorsus
1008 4404 1293 4460 reddebat
1323 4418 1679 4473 regressum.

450 4504 707 4560 Cadebat
737 4519 874 4576 ergo
905 4504 1011 4560 bos
1042 4517 1176 4557 cum
1209 4498 1465 4556 bubulco
1496 4518 1626 4573 suo,

450 4609 585 4650 cum
618 4610 769 4665 equo
798 4609 980 4665 eques
1011 4591 1343 4662 exspirabat
1373 4590 1587 4648 misere

448 4690 762 4744 Persarum
794 4686 927 4743 telis
957 4683 1221 4742 conﬁxus
1254 4683 1606 4756 mortiferis;

451 4782 627 4849 atque
651 4776 960 4834 turmatim
993 4774 1368 4831 caedebantur
1396 4789 1623 4844 omnes,

448 4873 732 4941 tanquam
764 4869 1077 4923 brutarum
1108 4880 1248 4937 grex
1278 4863 1633 4938 belluarum,

449 4962 508 5015 et
537 4956 911 5015 circumclusi
944 4955 1304 5012 feriebantur
1332 4955 1529 5012 cuncti

448 5047 744 5122 imperviis
775 5046 834 5102 in
866 5045 1043 5102 furcis
1074 5049 1133 5102 et
1160 5045 1290 5103 sine
1318 5046 1477 5102 exitu
1512 5060 1526 5102 :

446 5144 503 5195 et
533 5139 714 5211 plene
744 5135 923 5193 valles
950 5140 1118 5193 erant
1146 5134 1534 5193 cadaveribus

441 5231 761 5300 faucesque
793 5226 1024 5283 hiantes
1057 5226 1349 5283 montium
1376 5230 1436 5283 et
1462 5241 1720 5283 caverna)
1753 5242 1767 5284 :

440 5319 546 5375 rivi
580 5317 806 5374 cruoris
837 5316 1249 5386 decurrebant,
1282 5315 1430 5372 heul

440 5409 617 5465 misto
649 5408 957 5464 brutorum
990 5406 1422 5478 hominumque
1460 5406 1771 5478 sanguine,

439 5501 653 5553 cuncta
682 5500 850 5553 erant
880 5498 1055 5569 plena
1090 5494 1336 5551 miseriae
1366 5498 1423 5551 et
1451 5495 1804 5567 gemituum.

437 5589 623 5659 Atque
653 5587 778 5643 hac
805 5588 1025 5643 ﬂebant
1057 5586 1283 5643 Caesare
1313 5590 1614 5658 spectante

440 5677 541 5748 qui
573 5677 698 5734 suis
728 5677 954 5734 nullam
988 5678 1136 5733 ferre
1166 5690 1334 5748 opem
1368 5680 1615 5749 poterat.

440 5766 591 5830 Quin
622 5785 857 5827 summo
885 5768 1172 5841 ipseterat
1196 5767 1256 5825 in
1288 5766 1629 5827 discrimine
1659 5780 1678 5825 :

2135 503 2185 569 Α
2219 501 2359 555 4405
2398 502 2616 575 Τειχῶν
2652 499 2880 557 Ἰκονίου
2908 520 2967 556 τε
2995 504 3091 555 τοῦ
3122 500 3455 576 περικλυτοῦ

2388 590 2541 646 Μετά
2572 596 2823 666 στρατιᾶς
2857 589 3135 654 εὖσθενοῦς
3172 590 3486 667 ῥωμαλὲαςο

2389 678 2489 733 Καὶ
2516 685 2922 757 ταγματαρχῶν
2956 680 3187 756 ἀρεϊκῶν
3220 680 3271 736 ἐν
3310 683 3541 759 μάχαις,

2388 770 2671 846 Σταθμους
2702 772 2962 848 ἀπάρσεις
2995 778 3275 849 νουνεχῶς
3306 774 3395 829 καὶ
3428 772 3519 831 σὺν
3554 774 3704 854 λόγῳ

2386 861 2496 925 Τὰς
2529 864 2646 917 καθ’
2680 860 2805 917 ὁδὸν
2838 860 2977 939 δρῶν
3014 864 3174 940 χάριν
3207 863 3514 943 ὑποζυγίων

2212 950 2351 1007 4410
2390 955 2454 1006 "A
2492 953 2751 1027 μηχανὰς
2782 951 2841 1007 ἂν
2876 953 2995 1029 εἶχε
3026 953 3117 1009 καὶ
3150 959 3294 1033 σφῶν
3328 957 3579 1033 τεχνίτας

2387 1042 2585 1106 ’Όντας
2616 1039 2859 1105 ἀόπλους
2892 1040 3075 1106 ἀδαεῖς
3104 1066 3164 1100 τε
3193 1051 3292 1115 τῆς
3329 1045 3537 1123 μάχης·

2390 1128 2542 1199 Πλὴν
2577 1128 2688 1185 οὐδ’
2722 1132 2749 1187 ὁ
2784 1129 3015 1187 σουλτὰν
3040 1133 3239 1207 ἡμέλει
3274 1136 3713 1211 στρατευμάτων,

2391 1220 2759 1296 Συμμαχικὸν
2796 1218 2840 1275 δ’
2874 1220 3128 1297 ἤθροισεν
3164 1222 3222 1279 ἐκ
3251 1229 3357 1280 τῶν
3395 1226 3694 1305 συμφύλων

2390 1310 2533 1385 Πρὸς
2559 1310 2972 1386 ἀντιπαράταξιν
3006 1313 3461 1389 ηὐτρεπισμὲνον.

2214 1410 2354 1466 4415
2392 1404 2651 1485 Πρέσὸεις
2684 1408 2730 1465 δ’
2762 1410 2916 1485 ὅμως
2948 1411 3205 1492 πέπομφε
3236 1415 3372 1491 πρὸς
3409 1412 3658 1491 βασιλέα,

2390 1499 2571 1557 Αῗτῶν
2596 1500 2849 1577 ἐνόρκους
2880 1501 3065 1581 φιλίας
3099 1505 3187 1560 καὶ
3221 1501 3542 1582 συμϐάσεις,

2389 1592 2668 1664 Ἐξάνυσίν
2700 1610 2760 1648 τε
2795 1592 3013 1668 βασιλεῖ
3048 1591 3391 1669 βουλητέων.

2392 1682 2541 1739 Ἐπεί
2575 1680 2619 1737 δ’
2653 1684 2798 1760 ἑώρα
2829 1680 3128 1758 συμϐάσεις
3159 1686 3476 1762 ἀνηνύτους,

2388 1773 2551 1848 Αἱρεῖ
2579 1776 2891 1853 προφθάτας
2917 1775 3216 1840 σουλτάνος
3251 1774 3568 1854 δυσχωρίας

2136 1880 2184 1946 Β
2215 1864 2354 1919 4420
2394 1861 2493 1920 Καὶ
2524 1862 2649 1927 τοὺς
2682 1865 2990 1929 στενωποὺς
3022 1866 3275 1944 ἀτραπῶν
3308 1868 3684 1945 πορευσίμων.

2393 1951 2729 2028 Κλεισούρας
2759 1954 2793 2023 ἢ
2826 1953 3065 2026 κέκλητο
3097 1956 3395 2031 Τζιβρίτζη
3428 1957 3620 2014 πάλαιο

2393 2050 2469 2097 Δι’
2490 2043 2559 2112 ἧς
2592 2046 2815 2119 στρατιά
2843 2048 3121 2119 Ῥωμαίκή
3151 2048 3241 2101 καὶ
3262 2048 3481 2125 κράτωρ

2391 2129 2691 2187 Ἐσπευδον
2724 2132 2898 2197 ἐλθεῖν
2932 2134 2992 2190 ἐκ
3022 2135 3469 2213 Μυριοκεφάλου·

2392 2220 2464 2274 Οὗ
2496 2216 2761 2296 παραϐύει
2793 2221 3090 2289 σουλτάνος
3116 2224 3211 2287 τὰς
3245 2222 3525 2298 δυνάμεις,

2216 2314 2357 2368 4425
2389 2311 2576 2387 Λόχον
2608 2313 2832 2378 καθίσας
2861 2314 2937 2377 ὡς
2962 2312 3079 2379 ἔθος
3108 2320 3225 2378 τοῖς
3256 2312 3587 2391 Βαρϐάροις,

2392 2404 2480 2469 Ὠς
2508 2403 2570 2460 ἂν
2603 2403 2959 2461 ἐπεισπέσωσι
2992 2408 3292 2480 Ῥωμαίοις
3324 2405 3497 2481 δόλῳ.

2392 2496 2542 2552 Ἔστι
2576 2493 2622 2549 δ’
2650 2499 2676 2552 ὁ
2710 2501 2896 2573 χῶρος
2938 2498 3297 2574 ἀπόκρημνος
3332 2499 3555 2556 εἰσάπαν

2395 2588 2589 2649 Στενὸς
2618 2585 2825 2661 κομιδῆ
2862 2583 3240 2651 δυσστίϐευτός
3272 2608 3330 2644 τε
3360 2587 3555 2663 πλέον,

2393 2675 2656 2750 Ταίναρον
2690 2671 2821 2747 ᾅδου
2851 2678 2941 2732 καὶ
2970 2678 3251 2753 Χαρώνεια
3277 2677 3437 2753 πέδοι,

2216 2778 2357 2833 4430
2394 2775 2594 2833 Αὐλῶν
2622 2778 2885 2850 προήκων
2918 2774 3279 2852 δυσπόρευτον
3314 2778 3393 2842 είς
3423 2776 3635 2857 τρίϐον.

2398 2866 2713 2939 ’Λψαμὲνης
2744 2866 2835 2921 οὖν
2870 2872 3122 2943 στρατιᾶς
3157 2866 3494 2945 δυσχωρίας,

2398 2954 2787 3031 Στρατεόματα
2813 2957 2907 3030 μὶν
2938 2956 3028 3013 καὶ
3060 2956 3303 3035 λοχαγοὶ
3330 2959 3624 3036 ταγμάτων

2396 3048 2495 3107 Οἷς
2526 3045 2592 3114 ἦν
2621 3046 2878 3122 προάγειν
2907 3053 3161 3124 στρατιᾶς
3189 3049 3517 3124 τεταγμένον

2397 3133 2825 3211 Διεκδραμόντες
2856 3139 3079 3202 ἀπαθεῖς
3107 3144 3285 3195 κακῶν
3316 3139 3508 3211 τόπον,

2140 3254 2182 3321 C
2218 3229 2359 3284 4435
2395 3226 2490 3289 Εἷς
2523 3225 2731 3321 πλάξᾼυς
2759 3226 3099 3301 ηὐλίσθησαν
3138 3225 3240 3304 ἔξω
3269 3229 3552 3287 κινδύνου·

2396 3318 2602 3394 Ἀγχοῦ
2632 3315 2691 3373 δὲ
2714 3321 2932 3395 κρᾶτωρ
2964 3322 3175 3397 παριὼν
3208 3321 3469 3399 οὐραγίας

2395 3408 2857 3465 Ἐπεισπεσόντων
2891 3409 2942 3483 ἐξ
2975 3408 3222 3486 ὖνίνδρας
3256 3408 3579 3489 Βαρϐάρων,

2395 3497 2541 3570 Βὲλη
2575 3501 2620 3553 τ’
2653 3498 2735 3555 ἐπ’
2765 3499 2927 3556 αὐτὸν
2950 3501 3213 3575 ἀφιὶντων
3242 3504 3335 3557 καὶ
3368 3501 3556 3568 λίθους

2395 3590 2485 3651 Ὠς
2514 3591 2651 3645 κατὰ
2679 3595 2919 3665 πρανοῦς
2950 3590 3002 3662 ἑξ
3035 3591 3290 3668 ἑκατέρου
3324 3592 3523 3670 μέρους

2218 3689 2357 3745 4440
2398 3688 2513 3745 Οὐκ
2542 3686 2658 3764 ἔχει
2700 3688 2866 3766 ῥᾷστα
2893 3690 2992 3759 τήν
3026 3688 3152 3747 ὁδὸν
3185 3692 3454 3768 παριέναι,

2394 3780 2601 3855 Ἤγουν
2633 3778 2811 3853 ἑαυτῷ
2838 3777 3203 3839 κινδυνεύοντ’
3229 3782 3475 3855 ἀμύνειν·

2392 3866 2553 3925 Ἀλλ’
2584 3866 2708 3925 οὐδὲ
2738 3868 2903 3925 πάλιν
2937 3868 3001 3926 ἐκ
3029 3878 3281 3946 στρατιᾶς
3308 3888 3393 3937 τις
3423 3869 3615 3948 δρᾶσαι

2396 3963 2641 4014 Γενναῖον
2673 3955 2911 4029 ἠδύνατο
2949 3965 3178 4037 μαχητῇ
3210 3960 3441 4038 πρέπον,

2395 4052 2566 4118 Βοῶν,
2600 4047 2845 4122 ἁμαξῶν,
2869 4052 3235 4127 τειχομὰχων
3264 4052 3533 4129 ὀργάνων,

2216 4139 2357 4195 4445
2393 4139 2480 4200 Ὡς
2509 4137 2858 4216 ἀντίφραγμα
2885 4146 2983 4210 τῆς
3012 4139 3145 4195 ὁδοῦ
3174 4143 3572 4216 προκειμένων

2396 4226 2493 4281 Καὶ
2522 4227 2661 4282 κατὰ
2686 4228 2864 4283 νώτου
2896 4230 3133 4303 Περσικὴ
3168 4227 3381 4307 φάλαγξ
3411 4230 3577 4287 πάλιν

2393 4316 2576 4373 Βελῶν
2611 4314 2840 4395 νιφάδας
2869 4316 3089 4395 ἀφιεῖσα
3123 4319 3332 4393 μυρίων

2395 4404 2850 4484 ΙῙαλινδρόμησιν
2884 4407 3138 4483 χαλεπὴν
3172 4405 3303 4486 ἕδρα
3331 4408 3491 4467 πάνυ.

2392 4496 2625 4553 Ἕπιπτε
2650 4496 2832 4552 τοίνυν
2870 4498 2998 4573 βοῦς
3026 4498 3140 4571 ἅμα
3173 4496 3443 4574 βοηλάτῃ,

2215 4587 2355 4643 4450
2392 4585 2608 4649 Ἱππεὺς
2638 4585 2732 4643 σὺν
2760 4585 2917 4661 ’ίππῳ
2946 4590 3328 4664 συναπέψυχον
3357 4588 3450 4665 βίᾳ

2390 4677 2477 4732 Ἐν
2509 4677 2760 4753 Περσικῷ
2794 4675 3041 4751 βλήματι
3074 4678 3458 4755 θανατηφόρῳ,

2389 4764 2488 4821 Καὶ
2520 4765 2712 4829 πάντες
2744 4766 3071 4843 ἐσφάττοντο
3102 4766 3237 4823 κατὰ
3266 4766 3520 4839 «inata;

2385 4856 2475 4919 Ὠς
2505 4854 2676 4933 ἀγέλη
2706 4877 2791 4919 τις
2822 4857 3176 4931 θρεμμάτων,
3210 4860 3307 4935 φεῦ
3334 4858 3348 4915 ί
3381 4856 3620 4933 ἀλόγων,

2385 4945 2491 5004 Καὶ
2522 4946 2716 5008 πάντες
2748 4945 3061 5021 ἰφθείροντο
3102 4941 3591 5023 συγκεκλασμένοι

2207 5047 2347 5104 4455
2386 5047 2472 5103 Ἐν
2508 5042 2862 5119 δυσπορεύτῳ
2893 5039 3145 5119 δυσϐάτῳ
3168 5064 3226 5101 τε
3256 5046 3478 5121 χωρίῳ⁶

2382 5138 2504 5193 Τῶν
2536 5132 2867 5211 νεκριμαίων
2894 5134 3166 5208 σωμάτων
3195 5136 3252 5190 αἱ
3294 5126 3552 5199 κοιλάδες

2381 5223 2577 5299 Τέμπη
2609 5240 2669 5279 τε
2697 5224 2784 5278 καὶ
2818 5225 3089 5301 σήραγγες
3120 5225 3375 5302 ὑπῆρχον
3402 5224 3589 5283 πλέαι·

2381 5308 2741 5391 Προῦϐαινον,
2775 5312 2950 5387 οἷ’μοι,
2988 5312 3181 5390 ῥύακας
3216 5313 3433 5390 λύθρων
3466 5314 3593 5371 ὅλαι

2381 5405 2471 5475 Ἐξ
2502 5402 2718 5481 ἀλόγων
2752 5402 3009 5479 αἵματος,
3043 5403 3103 5459 ἐκ
3132 5394 3347 5481 βροτῶν
3381 5407 3515 5479 ἅμα,

2204 5499 2343 5556 4460
2383 5495 2482 5551 Καὶ
2514 5495 2688 5551 πάντα
2721 5494 2892 5569 μεστὰ
2922 5500 3207 5571 συμφορᾶς
3236 5493 3304 5564 ἦν
3334 5494 3426 5550 καὶ
3458 5493 3625 5571 γόων.

2378 5585 2480 5643 Καὶ
2510 5588 2658 5641 ταῦτ’
2691 5582 2886 5661 ἐδρᾶτο
2924 5586 3195 5663 κράτορος
3226 5580 3554 5661 δεδορκότος

2379 5674 2479 5730 Καὶ
2514 5675 2921 5749 συμπαρόντος,
2959 5675 3034 5749 μὴ
3074 5674 3360 5740 σθένοντος
3389 5672 3437 5729 δ’
3467 5674 3685 5749 ἀμύνειν

2376 5766 2466 5825 Ἐν
2500 5766 2625 5840 χρῷ
2655 5763 2715 5821 δὲ
2745 5761 2964 5840 μᾶλλον
2995 5762 3253 5823 κινδύνου
3283 5764 3588 5845 πεφυκότος

3772 383 3883 439 172
