4140 6454
326 418 426 477 ΠΒ

500 541 678 607 Μολις
711 536 848 615 μετᾶ
868 534 1158 615 τραύματα
1185 539 1264 607 τῷ
1295 538 1429 590 Θεοῦ
1462 534 1632 589 σῦἑνει

328 636 469 691 4165
504 635 700 706 ’Ὁμως
735 627 958 705 διαδράς
985 626 1083 688 τὰς
1116 619 1289 687 λαϐὰς
1320 629 1425 678 τῶν
1459 619 1757 697 Βαρϐάρων

506 726 643 778 Θεοῦ
674 718 921 796 συνάρσει
948 717 1037 772 καὶ
1063 719 1293 789 κραταιᾷ
1324 711 1552 787 δυνάμει

514 812 679 867 Σκιὰν
716 805 965 866 ὑπελθὼν
998 808 1024 862 ὁ
1054 803 1371 882 κρατάρχης
1394 800 1659 879 ἀχράδος,

508 900 694 978 Ἰσχῦν
717 903 998 974 καμοῦσαν
1032 896 1290 966 ἀνεκτᾶτο
1325 893 1583 970 μετρίως,

510 993 652 1069 Πρὸς
687 989 732 1048 δ’
764 991 829 1046 αὖ
860 989 1047 1045 ἑαυτὸν
1081 986 1155 1049 ὠς
1188 985 1311 1051 ἐνῆν
1347 983 1642 1059 ἀναψύχων

326 1087 469 1144 4470
507 1085 596 1155 Μὴ
632 1080 889 1157 σὼματος
918 1073 1157 1157 φύλακα,
1192 1078 1268 1151 μὴ
1304 1073 1606 1152 δορυφόρον

510 1178 698 1252 Ἔχων
729 1173 1032 1229 συνεστῶτά
1062 1191 1125 1246 γε
1154 1173 1232 1241 τῷ
1262 1164 1542 1239 τηνικάδε.

517 1263 671 1320 Οὕτω
704 1261 750 1318 δ’
780 1259 983 1338 ἔχοντα
1011 1255 1248 1315 κατιδών
1277 1278 1329 1310 τι
1359 1256 1579 1311 ἱππέων

514 1355 828 1430 Ῥωμαϊκῆς
862 1348 1143 1430 φάλαγγος
1177 1348 1396 1421 ἀσήμου
1428 1348 1617 1422 γένους

509 1449 616 1511 Τῆς
650 1447 938 1521 συμφορᾶς
967 1438 1221 1513 ᾤκτειρεν
1254 1437 1414 1493 αὐτὸν
1448 1439 1548 1502 τῆς
1578 1434 1699 1491 τότε
1734 1453 1747 1468 ’

330 1539 478 1594 4475
515 1536 672 1599 Ὀοεν
702 1532 1024 1609 προσελθὼν
1057 1528 1301 1603 ἀσμένως
1335 1525 1663 1605 στεψηφόρῳ

516 1629 794 1683 Διακονεῖν
825 1625 1017 1695 ἡρεῖτο
1044 1621 1112 1677 τὰ
1138 1618 1276 1675 κατᾶ
1306 1617 1515 1688 σθένος,

516 1716 617 1775 Καὶ
647 1718 717 1789 τῇ
742 1709 958 1790 κεφαλῇ
989 1712 1181 1782 κυνέην
1216 1708 1550 1784 συνηρμόκει

510 1811 618 1875 Τῆς
650 1804 700 1859 ἐν
732 1801 945 1881 κεφαλῇ
974 1798 1377 1877 παρακλίνασαν
1408 1791 1588 1874 ἕδρας,

515 1892 617 1949 Καὶ
652 1891 950 1966 σύμμαχος
984 1888 1030 1945 δ’
1054 1890 1120 1959 ἦν
1150 1895 1249 1958 τῆς
1281 1886 1581 1957 ἐνεστώσης
1611 1883 1807 1961 τύχης.

328 1986 476 2041 4480
511 1980 722 2038 Τούτου
756 1978 1011 2057 βασιλεὺς
1044 1974 1118 2042 είς
1142 1981 1305 2054 χεῖρα
1336 1970 1520 2032 λαϐὼν
1555 1970 1684 2047 δόρυ

516 2071 724 2145 Πέρσας
754 2068 838 2126 ἐπ’
863 2068 1025 2124 αὐτὸν
1057 2066 1364 2141 εἷ’σρέοντας
1391 2063 1661 2126 ἆπλέτους

516 2163 620 2221 Καὶ
649 2159 796 2219 τόνδ’
827 2158 971 2216 ἑλεῖν
1003 2156 1326 2221 σπεύδοντας
1356 2156 1391 2227 ἢ
1422 2156 1512 2212 καὶ
1542 2153 1815 2211 κτιννόναι

518 2254 805 2312 ’Ᾱπώσατο
837 2256 971 2330 σφᾶς
999 2254 1068 2324 τῇ
1100 2252 1233 2306 Θεοῦ
1263 2248 1577 2323 συμμαχίᾳ,

519 2344 621 2400 Καὶ
654 2339 921 2417 διαπείρει
950 2344 1057 2397 τῶν
1086 2338 1349 2394 ἐπιόντων
1369 2334 1483 2394 ἕνα.

325 2436 478 2494 4485
516 2431 721 2490 Ἀλλον
753 2453 811 2486 τε
840 2428 1009 2486 πάλιν
1037 2427 1276 2499 ἱππότης
1303 2426 1496 2483 κτείνει
1528 2424 1685 2503 ξίφει.

521 2523 652 2579 Μετ’
687 2520 747 2577 οὐ
778 2518 924 2575 πολὺ
958 2516 1015 2573 δὲ
1043 2521 1149 2574 τῶν
1185 2513 1429 2573 ὁπλιτῶν
1462 2513 1718 2571 Αὐσόνων

519 2611 651 2688 Περὶ
680 2613 980 2685 κρατοῦντα
1010 2604 1440 2663 συναλισθὲντων
1474 2600 1624 2674 δέκα,

524 2700 631 2756 Σὺν
662 2696 846 2755 τοῖσδε
875 2699 975 2767 τὴν
1006 2691 1310 2773 ἔμπροσθεν
1344 2694 1510 2765 ἤνυκε
1539 2688 1728 2769 τρίϐον

520 2793 653 2854 Τοῖς
674 2791 903 2868 φθάσασι
932 2787 1170 2866 τάγμασι
1200 2786 1463 2862 συμμίξαι
1496 2784 1669 2850 θέλων
1707 2804 1720 2818 ·
1768 2842 1771 2847 ,

333 2885 488 2941 4490
526 2880 662 2958 ΙΙρὶν
694 2879 731 2950 ἢ
763 2876 822 2934 δὲ
850 2883 1017 2934 ταῦτα
1044 2882 1362 2952 συμπεσεῖν,
1396 2876 1486 2932 ὑπ’
1517 2871 1733 2950 ἀχράδα

523 2970 746 3027 Ἑαυτὸν
777 2969 1042 3044 ἀνέψυχεν
1076 2967 1150 3030 ὡς
1184 2966 1302 3042 εἷ’χε
1323 2966 1541 3043 κράτωρ
1575 2983 1587 2998 ⁸

526 3063 738 3137 Πέρσης
769 3057 814 3114 δ’
845 3057 1089 3123 ἐπελθὼν
1122 3057 1296 3114 εἷλκεν
1332 3056 1492 3112 αὐτὸν
1526 3054 1705 3126 ἡνίας,

521 3156 581 3213 Ὀ
615 3150 663 3209 δ’
691 3151 758 3208 αὗ
787 3149 1034 3230 κεφαλῆς
1063 3151 1396 3226 κατενεγκὼν
1430 3148 1643 3224 καιρίαν

524 3242 785 3319 Δορατίου
818 3243 1070 3317 τμήματι
1100 3245 1180 3313 τῷ
1218 3240 1350 3313 μετὰ
1378 3240 1547 3316 χέρας

334 3335 488 3393 4495
527 3335 733 3390 Τοὖτον
768 3332 993 3385 θανατοῖ
1020 3322 1342 3385 καταϐαλὼν
1376 3327 1452 3390 εἰς
1484 3325 1669 3402 χθόνα.

529 3423 780 3496 "Enach
812 3415 869 3474 δὲ
895 3419 1145 3493 τάγματα
1173 3418 1442 3495 χειρόνως
1476 3415 1596 3473 λίαν

529 3512 673 3568 ⁴Ὀσα
694 3531 755 3585 γε
784 3506 1169 3585 συγκέκλειπο
1196 3508 1266 3580 τῇ
1306 3503 1614 3581 δυσχωρίᾳ,

533 3600 636 3656 Καὶ
667 3596 813 3667 πλὴν
846 3595 1053 3671 ὀλίγων
1085 3596 1257 3651 πάντα
1285 3599 1467 3658 κακῶς
1500 3593 1706 3672 ἐφθάρη
1740 3608 1758 3629 ⁸

532 3682 602 3747 El
632 3689 733 3763 γὰρ
763 3685 1046 3763 παρῆλθον
1078 3684 1167 3740 καὶ
1202 3687 1449 3763 φάραγγα
1472 3685 1575 3753 τὴν
1606 3682 1760 3757 μίαν,

343 3782 497 3841 4500
533 3775 716 3837 Ἀλλά
739 3796 802 3853 γε
826 3774 1028 3839 λοιπάς
1056 3775 1160 3831 οὐκ
1187 3774 1311 3845 ἐνῆν
1344 3771 1618 3833 διεκδόναι

537 3862 866 3929 Ἀκινδόνως
892 3864 947 3936 ἓξ
977 3865 1073 3931 τὰς
1098 3860 1401 3943 ταφρώδεις
1429 3858 1715 3928 κοιλάδας,

541 3960 757 4033 Περσῶν
790 3955 1106 4035 ἐφεστώτων
1132 3970 1194 4031 γε
1221 3958 1339 4016 ταῖς
1372 3949 1635 4024 διεξόδοις
1669 3971 1681 3985 ·

547 4048 688 4123 Πρὸς
715 4043 905 4102 τοῖσδε
932 4043 1020 4101 καὶ
1049 4043 1375 4109 πνεύσαντος
1399 4041 1603 4117 ἀνὲμου
1632 4040 1754 4098 τότε

545 4138 649 4195 Καὶ
681 4142 801 4203 θῖνα
835 4136 1053 4212 βαθεῖάν
1084 4152 1146 4211 γε
1175 4134 1577 4211 παρακειμένην

356 4230 508 4288 4505
546 4228 642 4286 Ἐκ
669 4230 774 4303 γῆς
804 4223 1151 4300 ψαμμώδους
1183 4225 1561 4287 ἀνακυκῶντος
1598 4221 1692 4299 βίᾳ

544 4320 742 4379 Δεινῶς
768 4320 816 4371 τ’
841 4314 1176 4395 ἀναφέροντα
1203 4314 1281 4378 εἰς
1314 4312 1446 4389 ὕψος
1478 4313 1620 4390 μέγα

544 4406 647 4465 Καὶ
678 4402 843 4463 νύκτα
874 4404 1113 4482 δρῶντος
1143 4404 1388 4481 ἀτεχνῶς
1418 4406 1519 4474 τήν
1550 4401 1786 4479 ἡμέραν,

546 4495 857 4571 Ῥωμαϊκαὶ
889 4493 1165 4574 φάλαγγες
1201 4496 1275 4559 ὡς
1303 4491 1362 4550 δὲ
1396 4488 1685 4570 βαρϐάρων

552 4583 773 4662 Φύρδην
804 4585 1003 4661 ἀναμὶξ
1030 4584 1438 4659 συμπλακεῖσαι
1465 4585 1602 4660 πρὸς
1634 4584 1822 4659 μάχην

368 4679 518 4737 4510
558 4679 645 4734 Ἐν
678 4676 1027 4753 νυκτομαχίᾳ
1052 4677 1193 4740 καθὰ
1219 4675 1309 4731 καὶ
1340 4678 1417 4747 τῷ
1445 4673 1647 4745 σκότει,

555 4769 837 4839 Ἔκαινον,
870 4762 1208 4845 ἀπέσφαττον
1235 4763 1525 4835 ἀλλήλους
1555 4761 1718 4841 ξίφει,

559 4849 749 4927 Μηδὲν
780 4853 1148 4933 διακρίνοντες
1182 4854 1234 4927 ἐξ
1254 4850 1521 4928 ἀϐλεψίας
1556 4874 1570 4889 ’

558 4947 763 5022 Ἐπῆγε
792 4941 951 5026 φίλος
981 4947 1045 5003 τὸ
1073 4945 1225 5026 ξίφος
1252 4943 1389 5002 κατὰ
1419 4941 1608 5019 φίλου⁹

559 5036 666 5096 Καὶ
692 5032 977 5114 Βάρϐαρος
1007 5035 1056 5092 δ’
1085 5034 1313 5114 ἔσφαττε
1339 5035 1432 5091 τὸν
1460 5032 1812 5111 συμφυλίτην

377 5131 526 5188 4515
558 5132 651 5189 Ὠς
683 5126 987 5204 ἀντίμαχον
1021 5123 1288 5201 δυσμενῆ,
1311 5125 1659 5201 κακεργάτην
1694 5140 1709 5157 ·

557 5217 711 5273 Ὧστ’
743 5217 987 5293 ἀτεχνῶς
1015 5217 1263 5296 φάραγγα
1290 5215 1603 5286 πεπλῆσθαι
1630 5214 1799 5289 τάχα,

558 5309 656 5369 ’Ὡς
678 5327 763 5371 τις
800 5305 1021 5383 βλὲπων
1052 5305 1220 5386 ἔφησε
1248 5306 1368 5363 κατ’
1397 5303 1568 5363 ἄλλον
1602 5303 1766 5379 λόγον
1793 5302 1929 5377 (56),

561 5399 692 5456 Τῶν
724 5398 1064 5475 νεκριμαίων
1095 5395 1410 5471 πτωμάτων
1439 5396 1530 5452 καὶ
1561 5393 1829 5469 σωμάτιον

568 5491 688 5544 Τῶν
722 5488 1050 5564 Ῥωμαϊκῶν
1082 5486 1280 5563 ἀναμὶξ
1308 5485 1401 5543 καὶ
1431 5480 1754 5561 Βαρϐάρων,

457 5652 575 5732 (56)
604 5650 745 5732 S_i_ne_
778 5650 958 5732 dubio
980 5649 1645 5732 designatﬁphraemius
1664 5649 1885 5732 l‘licetaa
1913 5646 2055 5732 Cibo-

387 5718 571 5809 υἱέες,δέ
618 5718 1217 5809 historiamnlibfvx,
1246 5725 1299 5808 3,
1323 5718 1465 5809 'ubin
1492 5722 1613 5809 haec
1661 5721 1801 5809 ipsa,
1839 5720 2053 5809 partim

386 5796 576 5854 verba
618 5794 921 5869 leguntur.
954 5796 1026 5853 Se
1057 5792 1256 5854 autem
1281 5792 1625 5853 interfuisse
1668 5792 1853 5851 rebus
1873 5792 2055 5866 gestis

1851 413 2213 467 CBSARES.

2004 548 2059 611 Α
2094 554 2226 593 nam
2258 543 2390 611 post
2422 546 2660 614 accepta
2693 542 2956 613 vulnera,
2989 544 3105 601 Deo
3138 545 3386 614 favente,

2092 627 2186 681 vix
2216 627 2607 686 Barbarorum
2642 632 2918 689 manibus
2949 633 3208 706 elapsus,

2092 716 2195 772 Dei
2222 719 2479 789 profecto
2510 721 2727 779 auxilio
2753 727 2812 779 et
2842 738 3058 795 magna
3084 741 3216 796 ope,

2092 806 2205 878 piri
2236 806 2521 865 silvestris
2555 812 2826 868 umbram
2860 812 3181 885 imperator

2093 896 2298 965 subiit,
2333 898 2519 955 fessas
2553 901 2871 974 refecitque
2902 903 3076 973 vires,

2093 985 2274 1058 solus,
2308 991 2372 1042 ut
2401 993 2629 1060 poterat
2660 998 2845 1048 semet
2876 994 3229 1064 refooillans,

2093 1074 2335 1131 orbatus
2367 1078 2529 1134 omni
2559 1082 2823 1152 corporis
2853 1084 3113 1151 custode,

2094 1164 2257 1222 nullo
2288 1183 2421 1222 cum
2456 1168 2638 1224 armis
2672 1171 2855 1228 milite
2886 1181 3195 1244 praesente.

2094 1253 2189 1310 Sic
2219 1255 2552 1313 solitarium
2583 1260 2961 1332 conspicatus
2987 1263 3226 1333 quidam

2093 1345 2384 1401 exercitus
2416 1346 2660 1404 Romani
2690 1350 2996 1421 gregarius
3027 1368 3231 1424 eques,

2096 1434 2288 1490 acerbi
2319 1451 2488 1492 casus
2522 1436 2927 1496 misericordia
2955 1444 3149 1498 tactus

2094 1524 2167 1580 ad
2200 1524 2484 1581 Cazsarem
2518 1528 2765 1585 accessit
2798 1536 3067 1602 prompto
3098 1533 3317 1602 animo,

2095 1630 2386 1687 opemque
2420 1617 2567 1671 ferre
2599 1634 2704 1690 pro
2735 1618 2958 1676 viribus
2989 1622 3167 1694 C(Bpit
3197 1639 3211 1678 :

2095 1708 2271 1775 atque
2304 1704 2388 1761 illi
2420 1705 2480 1761 in
2513 1708 2703 1780 capite
2734 1709 2963 1781 galeam
2995 1713 3330 1785 composuit

2095 1809 2223 1865 quae
2255 1795 2529 1866 capitalia
2554 1797 2892 1870 prohiberet
2921 1800 3186 1874 vulnera,

2098 1885 2519 1957 praesentisque
2549 1886 2746 1944 socius
2779 1888 3025 1945 fortuna“:
3058 1892 3281 1949 aderat.

2097 1973 2288 2045 Hujus
2320 1980 2588 2049 correpta
2628 1976 2946 2050 imperator
2975 1980 3179 2038 lancea

2098 2062 2387 2136 plurimos
2420 2066 2624 2123 Persas
2656 2072 2859 2125 contra
2889 2085 2951 2126 se
2988 2075 3247 2140 ruentes,

2099 2157 2165 2208 ut
2193 2154 2281 2209 vel
2312 2154 2607 2227 captivum
2642 2158 2924 2216 ducerent
2953 2161 3041 2217 vel
3073 2161 3430 2232 occiderent,

2100 2242 2316 2314 repulit
2346 2261 2549 2302 omnes
2580 2245 2855 2303 Numinis
2886 2249 3103 2305 auxilio
3137 2267 3152 2306 :

2099 2336 2275 2405 atque
2304 2351 2488 2389 unum
2521 2336 2759 2407 quidem
2792 2338 2918 2410 ipse
2946 2338 3267 2397 irruentem
3297 2341 3447 2413 ﬁdit,

2102 2420 2284 2477 alium
2321 2423 2595 2480 similiter
2623 2441 2803 2498 eques
2832 2445 2970 2484 ense
3001 2430 3234 2486 occidit.

2102 2510 2280 2567 Paulo
2314 2518 2445 2583 post
2474 2516 2625 2571 circa
2656 2516 2940 2575 Caesarem
2971 2519 3183 2575 armati

2102 2601 2305 2657 decem
2338 2602 2407 2658 de
2439 2608 2639 2659 nostro
2670 2607 2928 2663 exercitu
2961 2609 3343 2678 adstiterunt,

2105 2707 2237 2746 cum
2272 2692 2486 2763 quibus
2518 2693 2629 2749 iter
2659 2694 2955 2767 reliquum
2988 2698 3163 2768 ccepit
3193 2701 3492 2772 prosequi,

2105 2781 2336 2853 praeviis
2368 2783 2637 2855 conjungi
2669 2785 2917 2856 cupiens
2951 2786 3281 2846 ordinibus.

2104 2871 2215 2927 Sed
2250 2871 2370 2927 haec
2404 2873 2750 2946 priusquam
2783 2876 3009 2944 ﬁerent,
3034 2883 3209 2949 atque
3239 2879 3428 2936 Caesar

2107 2962 2269 3019 solus
2302 2964 2411 3019 sub
2445 2964 2570 3036 piro
2602 2965 2796 3023 adhuc
2821 2984 2884 3022 se
2916 2968 3196 3037 reﬁceret,

2108 3054 2309 3110 Perses
2342 3071 2653 3111 accurrens
2686 3056 2845 3113 hunc
2874 3057 3142 3114 trahebat
3171 3058 3323 3129 loro;

2108 3144 2209 3199 sed
2242 3143 2559 3216 imperator
2592 3145 2775 3202 Persae
2807 3152 2983 3219 caput
3011 3148 3128 3204 ictu

2112 3234 2342 3289 mortali
2376 3235 2704 3291 vulneravit
2737 3236 2915 3292 hastae
2949 3238 3256 3309 fragmine,

2030 3312 2077 3384 C
2115 3340 2370 3395 eumque
2401 3323 2801 3382 exanimatum
2833 3329 3042 3385 stravit
3072 3328 3263 3386 humi.

2115 3413 2264 3485 Ergo
2297 3413 2625 3471 miserrime
2653 3419 2796 3472 tunc
2825 3414 3111 3473 laboravit

2117 3502 2178 3558 in
2208 3502 2326 3559 illis
2358 3504 2539 3561 furcis
2572 3505 2809 3562 clausus
2840 3507 3151 3575 exercitus,

2120 3593 2440 3665 paucisque
2469 3596 2750 3667 exceptis,
2780 3595 3084 3668 perierunt
3115 3598 3334 3655 cuncti.

2119 3683 2263 3740 Nam
2298 3684 2408 3740 etsi
2441 3686 2773 3743 anfractum
2809 3704 2991 3744 unum
3018 3690 3400 3761 transierant,

2121 3773 2315 3830 adhuc
2345 3781 2692 3847 supererant
2721 3777 2792 3832 ad
2823 3778 3191 3835 evadendum

2122 3880 2295 3921 omne
2327 3864 2654 3937 periculum
2686 3883 2788 3922 sex
2816 3868 3119 3939 profunda
3149 3868 3356 3942 valles,

2125 3971 2372 4027 quarum
2407 3960 2596 4011 Persae
2625 3956 2977 4014 obsidebant
3003 3958 3215 4016 exitus.

2124 4043 2409 4100 Praeterea
2437 4044 2664 4102 validus
2692 4048 2955 4117 spirabat
2983 4053 3216 4114 ventus,

2128 4134 2229 4205 qui
2261 4133 2705 4206 circumjectum
2740 4133 3034 4207 pulverem
3068 4136 3323 4195 multum

2127 4241 2193 4280 ex
2227 4241 2471 4281 arenosa
2503 4224 2628 4281 solo
2656 4224 2978 4283 sustollens

2126 4314 2242 4371 late
2274 4315 2586 4387 spargebat
2615 4331 2749 4371 cum
2782 4314 3029 4373 molesto
3060 4316 3298 4373 turbine

2129 4405 2405 4477 diemque
2435 4404 2624 4462 noctis
2655 4404 2844 4461 instar
2873 4405 3186 4463 efﬁciebat.

2129 4495 2319 4560 Quare
2349 4498 2650 4551 Romanus
2682 4495 2852 4552 miles
2878 4511 3012 4553 cum
3041 4497 3293 4555 barbaro

2131 4584 2479 4642 tumulturio
2510 4586 2786 4642 conﬂictu
2819 4586 3035 4644 mistus

2063 4672 2109 4740 ἰ)
2142 4679 2426 4746 tanquam
2458 4674 2517 4730 in
2550 4679 2717 4732 nocte
2748 4692 3011 4749 pugnam
3047 4678 3395 4735 conserebat
3424 4691 3439 4733 :

2144 4764 2445 4822 caedebant
2473 4763 2720 4821 invicem
2752 4769 2812 4821 et
2831 4766 3208 4838 jugulabant,

2145 4853 2375 4911 nullum
2409 4854 2725 4911 discrimen
2759 4855 3018 4927 patiente
3048 4860 3327 4930 tempore.

2147 4945 2243 5001 Sic
2271 4960 2409 5017 ergo
2436 4944 2661 5001 amicus
2692 4944 2949 5002 amicum
2984 4946 3251 5017 feriebat,

2149 5035 2445 5090 Barbarus
2475 5034 2777 5091 occidebat
2803 5034 3081 5107 gentilem
3110 5053 3288 5093 suum

2151 5122 2323 5197 quasi
2351 5122 2461 5179 sibi
2489 5124 2889 5180 adversarium
2922 5127 2979 5179 et
3008 5123 3367 5184 maleﬁcum.

2153 5214 2250 5270 Sic
2280 5213 2448 5270 vallis
2480 5212 2841 5269 indiscretim
2873 5213 3300 5287 complebatur,

2157 5307 2222 5359 ut
2252 5304 2490 5377 quidam
2523 5302 2667 5360 dicit
2696 5302 2968 5360 oculatus
2997 5305 3164 5362 testis

2159 5392 2413 5465 scriptor
2441 5391 2722 5461 historiae,
2756 5392 3005 5449 mortuis
3036 5395 3383 5466 corporibus

2160 5481 2561 5537 Romanorum
2593 5480 2811 5552 pariter
2839 5498 2908 5539 ac
2932 5482 3346 5555 Barbarorum,

3644 423 3747 479 174

2163 5642 2451 5720 Manuelis
2507 5643 2775 5718 Caesaris,
2823 5644 2907 5702 ait
2959 5644 3087 5720 ipse
3142 5645 3375 5706 Nicetes
3431 5647 3494 5706 in
3543 5648 3814 5709 Historiae

2163 5716 2468 5792 prooemio.
