4076 6402
374 419 479 476 175
1600 390 1973 446 EPHREMII

1600 390 1973 446 EPHREMII
2008 384 2576 440 CHRONOGRAPHI

370 558 506 599 cum
536 533 861 594 interfectis
891 529 1071 587 variis
1102 521 1483 586 animalibus,

373 632 545 704 equis
576 645 643 684 ac
676 626 885 693 bobus,
920 619 1127 682 asinis,
1162 611 1460 679 mulabus,

376 719 546 794 quasi
578 719 636 772 in
670 709 972 771 communi
1004 704 1259 763 conditis
1290 697 1579 771 sepulcro.

382 812 504 867 [mo
537 812 663 865 erat
692 802 1000 860 hominum
1034 791 1456 855 cmmeterium,

380 902 429 957 si
463 901 549 955 fas
576 899 659 952 ita
688 893 871 965 loqui,
905 886 1173 945 admistis
1208 878 1440 937 belluis.

380 987 630 1046 Romani
662 1000 804 1040 sane
835 978 1132 1053 perierunt
1165 966 1424 1044 plurimi,

381 1104 524 1160 quos
560 1087 710 1139 inter
740 1082 945 1151 ingens
981 1074 1151 1146 regiae
1185 1067 1388 1139 stirpis
1416 1076 1716 1118 numerus.

382 1154 571 1247 Atque
600 1176 715 1229 haec
749 1170 921 1225 talem
955 1162 1290 1219 habuerunt
1321 1154 1567 1210 exitum.

387 1269 712 1338 Imperator
742 1263 937 1314 autem
971 1255 1110 1308 dum
1142 1250 1392 1304 conatur
1421 1238 1657 1311 assequi

383 1355 643 1427 legiones
676 1365 839 1412 suas,
874 1349 937 1400 ut
969 1343 1107 1405 dixi,
1145 1335 1558 1409 praecedentes,

386 1462 417 1499 a
441 1418 656 1498 7I‘urcis
687 1437 994 1493 vetabatur
1026 1426 1275 1483 ulterius
1306 1418 1600 1494 progredi,

390 1549 494 1588 nec
524 1528 807 1586 acervatis
842 1524 1040 1578 minus
1074 1512 1475 1572 cadaveribus.

388 1622 609 1675 Tamen
641 1612 917 1670 difficiles
946 1609 1237 1664 eluctatus
1271 1602 1451 1665 locos,

393 1726 497 1765 nec
530 1708 785 1764 torrente
816 1702 1090 1771 superato
1122 1692 1317 1756 ﬂuvio,

392 1799 505 1854 alio
537 1802 595 1852 et
625 1796 902 1865 adjuncto
933 1789 1329 1842 Romanorum
1363 1774 1557 1847 globo,

391 1889 569 1952 viam,
608 1890 672 1940 ut
700 1864 948 1954 poterat,
983 1872 1321 1930 absolvebat
1352 1864 1663 1936 reliquam.

393 1980 576 2041 Quem
609 1972 1015 2028 transeuntem
1049 1958 1387 2029 conspicata
1413 1952 1668 2025 phalanx

396 2066 655 2123 Arabum
688 2059 953 2131 equitum
988 2049 1293 2125 splendide
1323 2050 1686 2105 ornatorum,

400 2156 517 2212 ruit
545 2153 604 2208 in
636 2152 835 2222 ipsum
864 2143 1115 2200 violento
1148 2153 1325 2194 cursu

400 2250 466 2301 ut
497 2241 665 2316 quasi
699 2237 895 2311 praeda
926 2232 1211 2306 potiretur
1241 2224 1417 2280 illico.

400 2337 455 2390 Is
486 2348 617 2388 vero
650 2330 918 2384 hortatus
951 2322 1182 2378 animos
1213 2327 1456 2371 suorum

400 2420 774 2479 barbaricum
810 2408 1181 2482 manipulum
1213 2404 1352 2459 vicit
1378 2398 1566 2456 facile.

398 2518 691 2576 Paulatim
723 2522 919 2569 autem
951 2509 1226 2576 lenteque
1258 2495 1641 2573 progrediens

398 2609 572 2666 modo
603 2611 847 2662 cruenta
878 2614 1076 2673 pugna
1106 2596 1434 2658 decertans,

395 2700 569 2755 modo
600 2697 774 2753 etiam
809 2694 977 2748 hoste
1007 2688 1173 2753 liber,
1208 2684 1280 2739 ad
1312 2685 1641 2737 extremum

397 2805 609 2860 magno
641 2802 773 2841 cum
807 2780 1022 2855 gaudio
1054 2778 1125 2832 ad
1158 2789 1298 2829 suos
1331 2764 1598 2842 pervenit
1630 2779 1643 2817 :

396 2858 767 2949 qui—quidem
800 2870 949 2926 nihil
981 2864 1216 2939 gravius
1246 2858 1544 2920 dolebant,

401 2983 581 3039 quam
615 2964 752 3035 quia
781 2976 916 3016 cum
950 2954 1097 3028 ipsis
1129 2968 1243 3008 non
1275 2949 1510 3003 adesset
1539 2943 1749 3010 Caesar,

404 3034 759 3124 summoque
791 3052 957 3104 erant
986 3047 1143 3099 metu
1178 3034 1437 3094 solliciti.

401 3147 551 3201 Ante
580 3157 759 3213 quam
793 3142 987 3194 autem
1021 3131 1368 3188 misceretur
1397 3122 1522 3180 suis

402 3232 634 3289 Manuel
666 3230 821 3285 rivos
852 3226 1229 3281 decurrentes
1260 3219 1468 3271 nactus

404 3339 560 3395 aqua
589 3320 782 3377 levare
811 3310 1149 3386 depOposcit
1178 3306 1337 3364 sitim
1370 3319 1385 3359 :

400 3388 658 3483 cquue
688 3407 739 3462 ei
771 3403 1067 3477 quispiam
1101 3411 1313 3469 aquam
1348 3388 1680 3456 obtulisset,

407 3500 516 3556 hac
543 3497 796 3556 summis
826 3492 1010 3549 labris
1039 3488 1244 3545 leviter
1268 3485 1526 3557 gustata,

408 3590 609 3647 statim
642 3604 711 3642 ex
741 3601 838 3642 ore
869 3580 1155 3652 reliquam
1189 3572 1454 3649 proiecit,

398 3696 502 3735 ceu
539 3678 588 3734 si
623 3680 796 3749 potus
828 3671 925 3728 ille
958 3687 1073 3726 non
1109 3663 1492 3722 descenderet

410 3770 480 3825 ad
514 3743 700 3822 imdm
728 3761 1103 3821 stomachum
1140 3754 1429 3810 renitente
1461 3743 1800 3817 eesophago.

406 3859 541 3915 Mox
574 3855 671 3911 ubi
704 3851 943 3926 agnovit
971 3850 1220 3905 tinctam
1252 3856 1465 3913 aquam
1499 3834 1655 3901 tabo,

408 3943 720 4019 ingemuit,
754 3942 865 3998 sibi
896 3938 1054 3995 haud
1090 3931 1382 4008 placuisse
1413 3926 1617 3982 dicens

409 4017 626 4108 aquam
658 4030 985 4090 Christiano
1018 4024 1307 4096 sanguine
1342 4017 1638 4073 foedatam.

407 4136 559 4191 Tum
592 4132 828 4205 quidem
864 4139 1123 4200 praesens
1153 4120 1551 4189 importunus,
1581 4108 1802 4173 audax;

406 4224 725 4297 impudens
755 4219 980 4275 blatero
1011 4217 1068 4269 et
1098 4211 1301 4282 lingua
1332 4206 1759 4272 intemperans,

415 4311 608 4369 Semel
641 4307 908 4366 novellus
939 4297 1256 4359 conviciari
1288 4294 1524 4358 solitus,

410 4403 497 4459 sic
529 4399 750 4457 christo
782 4392 1015 4452 Domini
1046 4388 1224 4459 coepit
1255 4382 1606 4439 maledicere
1638 4392 1652 4431 :

408 4491 579 4549 Haud
614 4503 771 4544 nunc
802 4484 1084 4557 primum,
1117 4476 1219 4532 sed
1258 4478 1433 4529 antea
1462 4483 1636 4538 saepe,

410 4581 650 4654 plenum
683 4579 910 4631 cratera
939 4565 1411 4627 Christianorum
1446 4554 1734 4628 sanguine
1774 4598 1794 4615 ,

408 4648 629 4736 bibisti,
663 4660 931 4720 subditos
963 4658 1243 4713 divexans
1276 4648 1548 4722 populos,

414 4762 688 4813 maturus
721 4748 902 4807 veluti
935 4760 1207 4802 racemus
1237 4736 1674 4809 comprimitur,

412 4864 515 4918 per
544 4843 899 4901 tributorum
927 4832 1195 4909 gravium
1229 4827 1558 4885 exactiones

414 4940 624 5007 potans
656 4930 889 4987 illorum
921 4924 1294 4983 abundanter
1325 4915 1701 4989 sanguinem.

416 5033 577 5090 Tulit
609 5029 897 5103 patienter
925 5026 1117 5081 Caesar
1146 5021 1299 5076 hanc
1328 5013 1649 5079 vesaniam,

415 5139 520 5179 nec
552 5098 755 5177 contra
785 5117 1025 5189 quidem
1060 5111 1385 5184 quidquam
1420 5098 1759 5159 mussitavit

420 5211 580 5269 mitis
610 5207 945 5272 monarcha,
982 5218 1087 5259 nec
1128 5194 1454 5254 inl'renduit
1484 5189 1781 5247 dentibus.

415 5304 637 5359 Iterum
669 5300 861 5353 Cmsar
892 5296 1035 5350 dum
1064 5291 1288 5345 videret
1320 5281 1588 5340 sacculos

413 5389 637 5464 publici
670 5384 896 5443 nummi
932 5380 1209 5438 custodes
1240 5373 1418 5445 diripi

414 5499 448 5537 a
478 5475 956 5553 persequentium
986 5470 1380 5526 Barbarorum
1413 5459 1661 5529 impetu,

416 5575 593 5641 atque
627 5568 697 5623 ad
726 5562 971 5621 tutelam
1005 5558 1336 5615 hortaretur
1369 5564 1532 5614 suos,

416 5673 630 5730 nempe
660 5662 724 5712 ut
754 5654 951 5711 aliena
979 5648 1154 5722 pulsa
1182 5644 1241 5698 vi
1274 5638 1577 5697 servarent

416 5748 674 5803 futuram
712 5745 857 5816 ipsis
891 5739 1094 5796 utilem
1128 5730 1437 5806 pecuniam
1473 5741 1488 5780 :

2054 508 2104 574 Α
2141 503 2282 563 4520
2322 502 2423 559 Καὶ
2455 499 2795 573 θνησιμαίων
2817 493 3177 553 παντοδαπῶν
3213 495 3454 574 ἀλόγων,

2310 595 2545 662 Ἵππων,
2584 592 2751 666 βοῶν,
2786 584 2925 643 ὄνων
2954 608 3014 641 τε
3045 587 3136 641 συν
3170 586 3452 659 ἡμιόνοις,

2314 683 2497 760 Τάφον
2524 702 2582 736 τε
2608 680 2792 734 κοινὸν
2820 683 2939 740 τοῖς
2972 674 3132 740 ὅλοις
3164 677 3535 751 χρηματίσαι,

2318 770 2541 826 Μᾶλλον
2579 765 2972 843 πολυάνδριον,
3002 765 3047 820 εί
3079 766 3263 841 χρεὼν
3293 764 3477 842 φάναι,

2320 862 2415 915 Ἐκ
2444 862 2688 934 γηγενῶν
2722 857 3044 930 πάμμικτον
3073 853 3288 928 ἀλόγων
3327 856 3374 918 θ’
3404 855 3538 926 ἅμα.

2143 961 2284 1016 4525
2323 958 2645 1013 Πεπτώκασι
2677 954 2899 1015 πλείους
2923 951 2980 1007 δέ
3009 950 3299 1025 Ῥωμαίων
3335 950 3489 1026 μάχη

2320 1046 2424 1105 Καὶ
2455 1043 2628 1102 τῶνδε
2656 1044 2883 1105 πλείους
2913 1046 3011 1097 τοῦ
3048 1038 3333 1117 βασιλείου
3363 1041 3578 1116 γένους,

2326 1137 2429 1193 Kal
2460 1140 2626 1190 ταῦτα
2663 1134 2758 1207 μὲν
2787 1131 3067 1207 πέπρακτο
3092 1127 3251 1185 τόνδε
3279 1128 3372 1184 τὸν
3403 1127 3606 1205 τρόπον
3633 1146 3648 1160 ·

2324 1227 2385 1282 Ὀ
2419 1222 2464 1278 δ’
2496 1221 2871 1297 αὐτοκράτωρ,
2899 1221 2973 1282 ὡς
3006 1216 3163 1297 ἔφην,
3197 1219 3527 1293 ἀπειγμένος

2326 1311 2504 1374 ’Ἰλαις
2536 1309 2808 1374 συνελθεῖν
2841 1313 2960 1370 ταῖς
2998 1305 3511 1381 προηγησαμέναις,

2150 1405 2287 1459 4530
2328 1401 2594 1475 Τούρκοις
2622 1400 2847 1475 πορείας
2880 1395 3116 1473 εἴργεται
3146 1402 3247 1465 τῆς
3277 1394 3352 1458 εἷς
3385 1393 3598 1469 πρόσω,

2329 1488 2500 1549 Οὐδέν
2536 1487 2593 1545 δὲ
2627 1494 2781 1562 μεῖον
2811 1488 2901 1542 καὶ
2935 1484 3212 1547 Αολωνοῖς
3244 1485 3558 1558 πτωμάτων

2326 1583 2517 1653 Ὅμως
2547 1577 2779 1642 διελθὼν
2811 1575 3115 1651 δυσπόρους
3150 1572 3313 1647 μόλις
3354 1573 3558 1637 τόπους

2328 1672 2429 1727 Καὶ
2462 1670 2553 1724 τὸν
2586 1666 2963 1743 παραρῥεοντα
2987 1662 3299 1741 χειμάῤῥου
3329 1662 3455 1740 ῥόον

2330 1758 2433 1816 Kal
2466 1758 2655 1833 στίφος
2685 1755 2827 1811 ἄλλο
2857 1753 3167 1827 Ῥωμαϊκὸν
3198 1750 3392 1813 ἁλίσας

2074 1881 2121 1946 Β
2153 1852 2294 1908 4535
2329 1855 2417 1946 ἒΩς
2444 1850 2582 1924 εἶχε,
2615 1845 2834 1918 διήνυτε
2859 1846 2961 1914 τὴν
2991 1843 3360 1920 προκειμένην
3398 1861 3411 1873 ·

2330 1941 2428 1997 "Ov
2450 1936 2716 2013 παριόντα
2746 1930 3053 2011 βαρϐαρική
3086 1954 3171 1995 τις
3204 1929 3415 2009 φάλαγξ

2331 2032 2550 2091 Ἵπποις
2584 2027 2885 2100 ὁπλισμοῖς
2914 2025 3189 2099 ἐκπρεπὴς
3222 2017 3538 2100 Ἀρῤαϐίοις

2336 2116 2549 2188 Ἰδοῦσ’,
2579 2116 2661 2171 ἐπ’
2692 2116 2854 2170 αὐτὸν
2888 2114 3146 2187 έμμανῶς
3177 2132 3295 2173 πως
3325 2112 3553 2179 συνέθει,

2336 2209 2424 2271 Ὠς
2455 2209 2678 2281 θήραμα
2709 2202 3016 2259 σπεύδουσα
3044 2198 3190 2255 τόνδ’
3219 2198 3365 2255 ἑλεῖν
3398 2201 3583 2275 τάχα.

2158 2301 2300 2355 4540
2336 2299 2397 2354 Ὁ
2430 2294 2476 2351 δ’
2506 2295 2814 2372 ἀρῥενώσας
2840 2297 2948 2347 τῶν
2984 2291 3249 2346 συνόντων
3276 2289 3369 2351 τὰς
3400 2288 3599 2367 φρένας

2336 2383 2662 2447 Ὁδοστάτας
2690 2382 2893 2453 ἥττησε
2924 2381 3089 2459 ῥᾷστα
3118 2374 3456 2455 Βαρϐάρους.

2338 2474 2487 2531 Κατὰ
2520 2471 2701 2549 βραχὺ
2734 2469 2791 2526 δέ
2822 2469 3146 2543 συμπροϊὼν
3174 2467 3265 2523 καὶ
3302 2465 3472 2543 βάδην

2337 2568 2449 2621 Νῦν
2487 2564 2581 2637 μὲν
2614 2562 2771 2635 νόμῳ
2806 2560 2993 2634 μάχης
3020 2579 3079 2613 τε
3107 2559 3197 2613 καὶ
3222 2558 3340 2631 μεθ’
3372 2554 3640 2630 αἱμάτων,

2342 2654 2603 2727 Ἐνιαχοῦ
2634 2648 2691 2705 δὲ
2720 2648 2809 2704 καὶ
2847 2648 3037 2723 μάχης
3067 2646 3232 2703 πάλιν
3267 2644 3400 2721 δίχα

2164 2746 2307 2801 4545
2344 2740 2720 2816 Τρισάσμενος
2755 2739 2991 2811 μέμικτο
3020 2741 3137 2798 τοῖς
3167 2735 3551 2808 ποθουμένοις,

2342 2832 2420 2890 Οὐ
2455 2830 2669 2905 μᾶλλον
2703 2828 2879 2883 αὐτῶν
2913 2824 3333 2903 δυσχεραίνουσι
3368 2823 3530 2900 χάριν

2342 2924 2517 2995 ’Ἠπερ
2550 2916 2618 2974 δι’
2650 2918 2810 2973 αὐτὸν
2849 2918 2925 2989 μή
2958 2916 3203 2991 παρόντα
3225 2920 3347 2976 ταῖς
3382 2912 3553 2981 ἴλαις,

2344 3012 2647 3085 Ἀγωνιῶσι
2677 3007 2769 3062 καὶ
2802 3004 3072 3061 δεδοικόσι
3104 3001 3333 3081 σφόδρα.

2344 3101 2533 3170 Μήπω
2565 3095 2622 3151 δὲ
2650 3101 2767 3158 τοῖς
2797 3096 3034 3170 τάγμασι
3065 3092 3336 3167 συμμίξας
3368 3092 3609 3168 κράτωρ,

2086 3249 2130 3316 C
2168 3201 2311 3257 4550
2346 3196 2508 3254 Ἀλλ’
2535 3194 2591 3316 ἐξ
2620 3192 2985 3316 παραρρέοέτι
3017 3188 3310 3267 χειμάρρῳ
3340 3188 3525 3244 πέλων

2348 3289 2494 3316 τι.-τ..
2528 3284 2556 3316 ss
2598 3302 2675 3316 .-.η
2732 3282 2875 3316 οη...
2945 3282 3142 3316 "nam...
3176 3280 3313 3316 "sm.
3351 3297 3364 3311 ο

2348 3289 2495 3342 Πιεῖν
2528 3281 2676 3359 ὕδωρ
2705 3282 2878 3357 ᾕτησε
2908 3279 3142 3356 διψήσας
3175 3280 3315 3354 μέγα
3351 3297 3364 3311 ·

2341 3374 2444 3432 Καί
2475 3395 2557 3428 τις
2587 3370 2732 3447 ὕδωρ
2764 3370 2986 3447 ἤνεγκεν
3016 3367 3164 3441 αύτῷ
3193 3367 3331 3442 πρὸς
3362 3366 3520 3421 πόσιν
3554 3383 3571 3399 ο

2346 3464 2566 3525 Σπάσας
2598 3459 2656 3516 δὲ
2678 3457 2839 3516 τοῦδε
2867 3459 2957 3514 καὶ
2990 3455 3326 3534 περικλύσας
3356 3455 3533 3528 στόμα

2342 3553 2418 3612 Τὸ
2451 3552 2647 3609 λοιπὸν
2680 3550 2741 3606 έκ
2770 3548 3043 3623 στόματος
3075 3547 3231 3622 ἐκχεῖ
3260 3545 3355 3601 σὺν
3384 3545 3567 3621 τάχει,

2170 3647 2311 3702 4555
2346 3645 2434 3705 Ὦς
2464 3647 2563 3697 τοῦ
2596 3641 2857 3703 ποθέντος
2896 3638 2971 3712 μὴ
3003 3634 3486 3706 κατωλισθηκότος

2341 3734 2420 3788 Δι’
2453 3729 2750 3808 οἷ’σοφάγου
2775 3729 2913 3803 πρὸς
2939 3728 3006 3782 τὰ
3036 3728 3185 3781 κάτω
3210 3723 3450 3787 κοιλίας.

2346 3822 2477 3881 Εἶτα
2505 3821 2673 3877 ποτὸν
2700 3819 2862 3896 γνοὺς
2894 3816 3348 3894 συμπεφυρμένον
3377 3811 3566 3890 λύθρῳ

2344 3912 2615 3990 ’ῼμωξεν,
2648 3908 2813 3964 είπὼν
2849 3906 2911 3963 ού
2942 3905 3128 3967 καλῶς
3154 3902 3459 3981 γεγευκέναι

2343 3998 2752 4076 Ὑδατοφύρτων
2788 3999 3125 4073 Χριστιανῶν
3162 3992 3432 4066 αἱμάτων.

2168 4094 2310 4150 4560
2348 4089 2451 4148 Καί
2479 4110 2563 4152 τις
2592 4086 2872 4164 παρεστὼς
2904 4084 3100 4159 ῗταμὸς
3129 4080 3328 4158 θρασὺς
3356 4080 3500 4150 τότε,

2345 4182 2460 4250 Τήν
2492 4175 2744 4254 γλῶτταν
2778 4173 3105 4243 ἀκόλαστος,
3135 4168 3387 4241 ἀναιδὴς,
3421 4167 3620 4242 λάλος,

2348 4268 2500 4327 Κατὰ
2533 4265 2727 4339 Σεμεεὶ
2759 4263 3035 4341 λοιδορεῖν
3070 4259 3400 4334 εἰθισμένος,

2347 4362 2567 4433 Χριστῷ
2596 4354 2800 4430 Κυρίου
2830 4351 3265 4428 λοιδορούμενος
3296 4348 3446 4425 λέγει
3478 4364 3494 4380 ⁸

2348 4449 2459 4504 Οὔκ
2488 4448 2608 4522 ἄρτι
2639 4446 2895 4520 πρώτως,
2927 4440 3075 4498 ἀλλὰ
3103 4436 3402 4507 πολλάκις,
3436 4435 3585 4507 ἅναξ,

2172 4551 2314 4606 4565
2352 4545 2549 4622 Πλήρη
2582 4546 2830 4621 κρατῆρα
2860 4544 3199 4617 Χριστιανῶν
3230 4536 3477 4611 αἱμάτων

2095 4615 2141 4679 D
2351 4615 2629 4705 Ὑπήκοον
2653 4615 2773 4687 πᾶν.
2790 4615 3029 4703 καλαμώ
3038 4649 3200 4703 μενος
3232 4627 3403 4688 πίνεις
3437 4644 3452 4660 ’

2354 4727 2422 4779 Ἢ
2451 4724 2540 4779 καὶ
2571 4721 2862 4797 πεπείρους
2891 4718 3029 4774 καθᾶ
3054 4710 3360 4781 συνθλίόων
3396 4713 3593 4790 βότρυς

2356 4814 2678 4889 Εἷσπράεεσι
2704 4810 2885 4888 φόρων
2916 4829 2976 4863 τε
2995 4807 3085 4863 καὶ
3115 4804 3289 4861 τελῶν
3327 4802 3482 4883 βάρει

2357 4902 2598 4976 Α’ίματος
2627 4900 2807 4955 αὐτῶν
2839 4896 3057 4975 έμφορῇ
3089 4894 3432 4971 κατακόρως.

2179 4998 2318 5053 4570
2354 4995 2417 5051 Ὀ
2448 4990 2495 5045 δ’
2525 4990 2752 5065 ἡμέρως
2778 4985 2979 5061 ἤνεγκε
3006 4987 3106 5055 τὴν
3135 4983 3444 5059 παροινίαν,

2358 5080 2716 5150 Ἀνεξικάκως
2745 5074 3081 5151 τονθορύσας
3118 5070 3407 5146 μηδόλως,

2356 5166 2500 5241 Μηδ’
2533 5168 2622 5223 ὑπ’
2654 5164 2851 5221 ὀδόντα
2875 5164 3075 5241 γρύξας
3108 5164 3136 5218 ὁ
3166 5158 3343 5237 πραῢς
3375 5156 3525 5231 ἄναξ.

2357 5259 2460 5317 Καὶ
2493 5255 2660 5312 πάλιν
2691 5254 2856 5310 αὐτοῦ
2885 5255 3232 5327 καθορῶντος
3258 5249 3532 5313 θυλάκους

2356 5346 2497 5411 Τοὺς
2519 5349 2616 5400 τοῦ
2647 5347 2855 5420 χρυσοῦ
2886 5342 3133 5421 φύλακας
3163 5337 3603 5415 έκρηγνυμένους

2179 5443 2322 5499 4575
2359 5440 2457 5495 Ἐκ
2485 5433 2821 5510 Θρασύτητος
2852 5433 2943 5487 καὶ
2980 5431 3101 5507 βίας
3124 5435 3225 5499 τῆς
3265 5421 3594 5502 Βαρϐάρων,

2359 5526 2462 5584 Καὶ
2490 5522 2619 5587 τοὺς
2649 5523 2840 5577 ἑαυτοῦ
2873 5520 3209 5598 ῥωννύοντος
3239 5515 3315 5579 ὠς
3344 5514 3463 5571 δέον

2359 5617 2731 5673 Ἐπεισπεσεῖν
2758 5612 2815 5666 τέ
2846 5631 2993 5688 σφισι
3024 5607 3113 5663 καὶ
3143 5612 3369 5671 κτᾶσθαι
3404 5601 3534 5660 τάδε

2354 5707 2616 5778 ’Ἄμεινον
2648 5701 2847 5773 αὐτῶν,
2880 5698 3298 5778 συμφερώτερον
3330 5694 3493 5768 πάνυ,

3685 374 3801 431 176
