2038 3203
166 212 222 243 177
935 219 971 246 ΟΔ

1078 219 1118 245 [Β.
1830 228 1883 255 178

251 274 335 306 Αὖθις
349 273 457 307 ἰπιδιὰς
473 276 488 304 ὁ
503 276 602 314 θρασὺς
621 276 808 313 μωμοσκόπος

157 320 233 348 4580
251 317 444 358 Ἐλοιδορεῖτο
457 322 498 357 τῷ
512 321 656 359 κρατάρχῃ
670 321 715 349 καὶ
727 322 821 358 πάΛιν,

251 364 364 393 Ἀνακτι
379 361 466 393 Δαϐὶδ
484 365 580 402 Σεμεεὶ
596 366 665 394 καθά
679 365 775 394 πάλαι·

250 409 338 438 Ἐκὼν
350 409 416 448 πρὶν
433 409 520 448 ἐχρῆν
536 412 619 438 ταῦτα
633 410 781 448 Ῥωμαίοις
794 412 899 449 νέμειν,

251 452 357 483 Οὔκουν
369 464 401 493 γε
413 454 484 491 νυνὶ,
500 453 636 492 δυσχερής
649 457 744 489 κτῆσις
760 455 815 483 ὅτε·

248 498 281 528 Εἰ
297 496 322 526 δ’
337 498 419 530 αὐτὸς
435 498 505 536 ἀνὴρ
518 499 665 537 τυγχάνεις
682 499 720 527 ὢν
736 500 834 537 ἰσχύος

154 544 231 571 4585
249 542 420 581 Ἠρπαγμίν¹
435 543 576 571 ἆνάσωσον
592 543 694 572 Αὕσοσι
709 544 804 572 πάλιν·

247 587 279 616 Ὁ
294 585 318 615 δ’
331 586 364 615 αὖ
378 590 526 625 προσηνῶς
541 589 679 626 κερτόμου
691 590 765 627 φέρει
782 588 884 628 λόγους

245 632 291 663 Ὠς
304 632 397 671 κωφὸς
413 632 581 671 αὐτόχρημα
598 634 636 670 μὴ
653 632 744 662 κλύων
763 634 846 666 ἅλως.

246 675 322 705 Ἐπεὶ
337 675 366 704 δὲ
380 676 460 705 παύει
475 676 521 713 νὺξ
536 677 687 709 ἐπελθοῦσα
705 678 810 716 μάχην,

244 721 371 756 Καθῆστο
385 723 440 753 πᾶς
455 719 604 761 ἔμφροντις
624 722 777 760 ἀσχάλλων
795 723 864 761 μέγα

147 770 227 799 4590
243 770 288 798 Ἐν
302 771 343 807 νῷ
355 773 502 809 προαθρῶν
518 771 563 799 τὸν
578 772 756 810 προκείμενον
775 773 871 811 μόρον.

243 814 275 844 Ὁ
290 813 314 843 δ’
329 814 506 854 αὐτοκράτωρ
521 819 571 851 τῆς
588 818 685 855 φρενὸς
702 817 746 845 καῖ
762 820 810 845 τοῦ
834 819 952 857 κράτους

243 859 366 895 Ἀναξίαν
378 857 478 900 ἔφρασε
493 860 598 899 βουλὴν
611 859 639 889 ἓν
656 862 740 898 μέσῳ,

243 904 294 935 Οἱς
307 904 366 942 εἶχε
380 903 489 943 ensem
501 904 612 943 ἀνδράσι
624 905 823 945 βουληφόροις-

242 948 275 977 Ἦ
291 946 315 976 δ’
329 949 364 984 ἧν
377 947 497 988 λαθραία
511 948 646 986 δυσκλεής
663 951 735 990 φυγὴ
750 951 867 990 νύκτωρ,

148 994 224 1022 4595
242 995 348 1032 Ψυχῖῦν
364 992 394 1022 δὲ
409 993 516 1023 λοιπῶν
531 994 659 1034 ἐπαγωγὴ
677 996 745 1034 πρὸς
762 996 857 1035 μόρον,

241 1038 315 1075 Πρὸς
330 1038 525 1078 αἰχμαλωσίαν
540 1051 569 1068 τε
584 1039 813 1079 δυστυχεστάτην,

240 1084 292 1113 Ἦν
305 1085 360 1115 πᾶς
374 1082 526 1123 διωλύγιον
540 1082 639 1122 ᾦμῶξε
654 1085 758 1120 κλύων,

241 1128 295 1157 Καὶ
311 1127 419 1167 βαρὲως
432 1128 531 1167 ἤνεγκε
544 1130 578 1158 τά
594 1129 751 1168 δεδογμένα,

241 1175 487 1212 Παραφρονοῦντος
501 1174 557 1212 οὐχ
572 1175 662 1213 ὑγιοῦς
677 1174 809 1204 δεσπότου

144 1223 223 1252 4600
240 1222 276 1251 Τὸ
290 1222 401 1260 σκέμμα
414 1223 508 1261 κρίνας
522 1224 567 1252 καὶ
583 1224 746 1263 κατακρίνας
762 1225 856 1254 πλέον.

239 1267 353 1299 Τούτοις
370 1267 526 1307 μαλαχθεὶς
542 1269 675 1305 Μανουὴλ
689 1271 739 1305 τήν
753 1269 865 1308 καρδίαν

239 1311 290 1339 Καὶ
305 1311 382 1350 σχὼν
396 1311 531 1351 λογισμὸν
548 1315 682 1351 ποιμένος
697 1316 741 1342 καὶ
758 1314 922 1352 προστάτου,

236 1356 324 1396 ,Πάνΰ
353 1355 429 1385 ὧπτο
453 1357 499 1385 καὶ
531 1356 601 1397 δρῶν
630 1359 675 1386 καὶ
699 1358 788 1398 λέγων
816 1360 883 1397 πρὸς
911 1370 981 1396 συμ-

875 1405 979 1444 [φέρον.

240 1445 304 1477 Θεὸς
319 1444 343 1474 δ’
358 1446 373 1474 ὁ
387 1448 475 1474 ποιῶν
491 1446 578 1475 πάντα
592 1448 636 1475 καὶ
655 1448 842 1485 μετατρέπων,

142 1491 222 1520 4605
240 1490 272 1519 ’0
288 1492 426 1530 μαστιγῶν
440 1502 471 1520 τε
481 1491 528 1519 καὶ
543 1492 698 1531 θεραπεύων
715 1493 809 1528 πάλιν,

238 1535 268 1561 ὀ
283 1537 404 1568 θανά-τῶν
418 1546 449 1563 τε
464 1535 510 1563 καὶ
526 1537 613 1572 πνοὴν
628 1538 705 1568 αὖθις
720 1538 823 1575 νέμων,

239 1579 271 1609 ’0
285 1576 386 1618 ῥάϐδον
403 1579 480 1620 ἀφεὶς
495 1578 599 1609 ἀσεϐῶν
617 1582 669 1610 οὐκ
684 1582 721 1613 εἷς
736 1582 815 1614 τέλος

237 1621 340 1662 [λήρῳ
354 1621 480 1660 δικαίων,
495 1624 540 1653 καὶ
556 1625 637 1664 λάχει
654 1628 868 1664 Χριστωνύμων,

236 1667 269 1697 '0
280 1667 345 1706 πρὶν
360 1667 480 1697 λεόντων
495 1670 643 1708 ἡμερώσας
657 1672 689 1698 τὸ
706 1671 814 1710 θράσος,

139 1713 218 1741 4610
235 1712 287 1741 Ἵν¹
300 1711 397 1748 ἀσινὴς
406 1713 516 1751 γένοιτο
531 1713 635 1748 δίκαιος
649 1715 744 1752 πάλαι,

238 1757 370 1790 Κάκεῖνος
382 1758 465 1790 οὗτος
478 1759 583 1797 ἡμεροῖ
596 1763 645 1788 τοῦ
660 1758 803 1799 Βαρϐάρου

235 1800 292 1838 Τῆν
307 1801 432 1841 θηριώδη
448 1804 490 1831 καὶ
507 1807 632 1843 φονῶσαν
647 1805 771 1843 καρδίαν.

239 1844 388 1885 Πρεσὸείαν
403 1847 502 1876 οὐκοῦν
518 1848 703 1890 ἐκπεπομφὼς
717 1850 860 1886 σουλτάνο,

241 1890 364 1924 Σπονδάς
378 1891 488 1921 άπαιτεῖ
500 1895 620 1933 καθαρὰς
634 1896 678 1922 καὶ
694 1895 799 1933 φιλίαν·

143 1941 222 1970 4615
239 1940 293 1970 Καὶ
305 1940 446 1970 σπίνδεται
462 1941 491 1970 δὲ
508 1942 636 1981 βασιλεὺς
655 1947 695 1982 τῷ
706 1945 858 1983 σουλτάνῳ·

238 1985 296 2014 Εἶτ’
309 1986 464 2018 ἀπαναστὰς
478 1989 532 2015 τῶν
549 1991 690 2026 οτυγητῶν
705 1991 827 2028 χωρίων,

237 2030 279 2058 Δι’
292 2031 326 2066 ἧς
340 2034 460 2069 προῆκον
473 2031 597 2069 ἀσμένως
613 2034 801 2073 ὑποστρέφων,

236 2074 355 2112 Οἱκτρὸν
373 2075 469 2113 βλέπει
485 2077 573 2114 θέαμα
589 2079 686 2114 μεστὸν
703 2078 837 2118 δακρύων,

235 2118 288 2147 Καὶ
302 2120 446 2159 συμφορὰν
460 2120 597 2150 οἴκτιστον
612 2123 687 2159 ἀξίαν
702 2125 787 2162 γόων,

142 2164 220 2193 462)
235 2163 398 2202 Τραγῳδίαν
414 2166 438 2192 τ’
455 2164 575 2204 ἅρῥητον
592 2167 664 2204 ὤμοι
680 2171 728 2196 τοῦ
741 2169 843 2201 πάθους

236 2208 372 2246 Ἱερεμίου
384 2211 437 2245 τῆς
452 2209 597 2250 φιλοίκτου
612 2212 724 2250 καρδίας

235 2252 304 2290 Τῇδ*
319 2253 350 2281 ἂν
366 2253 577 2293 ἀποχρήσοντος
594 2256 632 2284 εἷς
653 2258 807 2296 θρηνῳδιαν

235 2299 285 2330 Ὁς
299 2297 403 2333 ἒξισοΰν
419 2298 531 2327 κάτοιδε
546 2300 641 2329 πάθεσι
655 2302 747 2340 γόους·

236 2342 359 2386 Ὦρῷντο
371 2343 424 2382 γὰρ
440 2345 588 2383 φάραγγες,
605 2345 691 2386 sum,
708 2347 844 2382 κοιλάδες,

145 2387 220 2416 4652
238 2384 334 2423 Πεδία,
348 2387 454 2425 τέμπη,
470 2389 516 2417 καὶ
531 2389 624 2425 νάπαι,
640 2384 683 2418 καὶ
701 2391 837 2429 χαράδραι

236 2430 299 2459 Τῶν
314 2431 479 2469 νεκριμαίων
495 2432 630 2470 σωμάτων
646 2434 837 2472 πεπλησμέναι

237 2474 284 2507 Ὠς
297 2474 337 2506 εἰς
351 2473 476 2504 κολωνὸν
493 2477 756 2516 ὑπερανῳκισμέναι,

238 2518 289 2546 Idi
304 2520 439 2557 κειμῦνων
453 2519 508 2554 πᾶς
521 2523 555 2557 ἦν
573 2524 729 2560 σεσειμένος
743 2523 821 2562 δέρας

238 2563 279 2592 Τὸ
290 2566 342 2599 τῆς
356 2569 490 2605 κορυφῆς,
505 2566 551 2594 καὶ
571 2567 674 2606 φαλοὺς
689 2569 872 2606 τετμημένος·

144 2613 218 2641 4630
235 2612 282 2644 Ὠς
295 2612 332 2648 ἢν
345 2612 453 2642 ἀκούειν
472 2615 623 2654 βαροάροις
637 2618 841 2656 πεπραγμένον,

235 2656 283 2689 Ὣς
297 2656 331 2685 ’ἀν
342 2658 377 2686 τὸ
390 2661 472 2687 νικῶν
488 2659 638 2700 ἀμφίδοξον
652 2663 788 2700 τυγχάνῃ,

235 2701 418 2739 Tituri.va
437 2704 542 2742 μυρίων
558 2707 755 2734 πεπτωκότων·

236 2746 334 2783 Ὅμως
350 2745 480 2785 βασιλεὺς
497 2747 620 2788 ἱφθακὼς
635 2750 729 2782 Χώνας
744 2751 838 2787 πόλιν,

238 2789 340 2833 Ἐκεῖσ’
351 2791 516 2827 ἐνηυλίσατο
531 2793 579 2822 σὺν
600 2795 701 2827 πάσαις
717 2794 802 2833 ἱλαις,

147 2835 221 2864 4635
241 2831 330 2864 Αὐτόν
343 2845 375 2864 τε
389 2838 503 2874 στρατὸν
519 2838 663 2867 ἀναπαύων
680 2839 710 2868 ἐκ
723 2831 826 2869 πόνων·

237 2879 297 2908 Εἶτ’
313 2878 354 2912 οἷς
370 2880 571 2923 Φιλαδελφείαν
584 2885 635 2920 ἧκε
648 2885 699 2920 τήν
712 2884 807 2921 πόλιν,

1015 283 1039 314 Α
1057 280 1153 307 denuo
1170 282 1271 308 astans
1287 280 1335 309 ille
1350 282 1445 310 audax
1462 283 1567 311 nebulo

1054 332 1127 352 novo
1143 325 1272 352 convicio
1289 333 1383 362 regem
1401 327 1583 362 verberabat,

1051 368 1131 396 velut
1147 368 1195 396 ille
1210 369 1303 396 Semei
1320 371 1470 405 quondam
1489 373 1625 401 Davidem
1644 383 1651 402 :

1051 418 1159 453 Sponte
1176 419 1328 452 oportebat
1343 419 1421 447 hunc
1438 421 1521 448 nobis
1538 424 1625 450 antea
1641 432 1798 453 nummum

1049 463 1129 495 dare,
1147 470 1203 489 non
1222 471 1299 490 nunc
1316 471 1390 499 aegre
1407 465 1621 500 recipiendum.

1048 506 1129 538 Quod
1146 507 1169 534 si
1188 509 1218 534 tu
1234 506 1350 535 validus
1365 508 1408 535 vir
1423 517 1454 536 es
1470 511 1498 537 et
1514 510 1601 548 frugi,

1048 554 1163 586 raptam
1181 560 1320 587 recupera
1336 553 1420 580 nobis
1435 555 1602 589 pecuniam.

1046 596 1143 623 Caesar
1157 596 1316 631 tranquille
1332 598 1544 627 conviciantem
1562 602 1692 637 pertulit,

1046 640 1243 676 praeteriitque
1259 642 1347 668 verba
1363 642 1461 670 surdis
1478 644 1611 673 auribus.

1044 685 1100 712 Sed
1118 687 1273 721 postquam
1290 694 1418 722 pugnam
1437 696 1494 715 nox
1509 689 1640 725 diremit,

1044 729 1164 757 sedebat
1180 730 1385 766 unusquisque
1400 732 1483 760 valde
1500 741 1639 769 moerens,

1044 776 1140 801 mente
1154 777 1328 810 praesentem
1346 776 1395 803 l'ati
1413 776 1470 803 vim
1488 778 1649 807 revolvens.

1043 818 1118 845 Tum
1134 819 1229 846 Caesar
1244 819 1343 846 animo
1358 828 1390 847 ac
1406 820 1549 856 dignitate
1565 831 1620 850 sua

1042 856 1196 898 indignam
1214 871 1335 899 prorsus
1352 865 1474 900 protulit
1488 867 1666 895 sententiam

1041 906 1119 934 inter
1132 908 1284 935 adstantes
1299 908 1377 936 viros
1394 910 1580 939 consiliarios
1594 920 1602 940 :

1003 966 1028 999 Β
1041 960 1146 987 nempe
1163 954 1313 979 nocturnae
1329 956 1432 981 auctor
1446 957 1508 983 erat
1524 955 1611 992 fugae,

1050 996 1108 1023 fato
1125 996 1270 1032 permissa
1286 997 1398 1034 reliqua
1416 999 1605 1029 multitudine

1040 1041 1273 1077 miserrimaque
1289 1043 1449 1079 captivitati
1469 1053 1476 1071 :

1039 1098 1129 1126 quam
1145 1090 1272 1126 quisque
1287 1092 1410 1120 audiens
1427 1102 1604 1131 magnopere
1621 1096 1765 1132 ingemuit

1038 1143 1173 1171 aegroque
1188 1135 1256 1163 tulit
1271 1137 1370 1164 animo
1387 1139 1564 1167 sententiam
1579 1149 1585 1174 ;

1037 1179 1128 1216 idque
1143 1180 1299 1208 consilium
1316 1181 1405 1209 veluti
1422 1183 1597 1213 insanientis

1037 1224 1159 1252 Cesaris
1171 1225 1322 1259 judicans,
1339 1226 1416 1255 ultro
1431 1229 1607 1264 reprobavit.

1038 1269 1112 1304 Ergo
1123 1269 1187 1304 jam
1202 1273 1331 1298 mentem
1347 1272 1462 1299 Manuel
1480 1274 1642 1302 immutans

1037 1321 1127 1349 seque
1143 1316 1289 1349 pastorem
1306 1317 1392 1351 atque
1408 1316 1512 1344 ducem
1533 1318 1666 1353 praebens

1037 1359 1101 1385 exin
1119 1358 1207 1386 saluti
1225 1359 1394 1387 consulebat
1411 1361 1543 1396 publicae.

1035 1448 1088 1476 Sed
1104 1448 1182 1476 Deus
1198 1451 1299 1476 auctor
1315 1450 1502 1486 mutatorque
1519 1459 1630 1485 rerum,

1036 1493 1138 1529 plagas
1154 1493 1309 1529 imponens
1325 1494 1517 1530 vicissimque
1533 1504 1652 1532 curans,

1034 1538 1211 1566 mortiﬁcans
1226 1541 1254 1566 et
1269 1538 1359 1566 vitam
1375 1548 1479 1567 rursus
1495 1540 1644 1576 tribuens;

1035 1583 1086 1618 qui
1102 1583 1213 1619 virgam
1231 1583 1312 1619 impii
1327 1592 1383 1612 non
1400 1584 1471 1612 sinit
1486 1587 1659 1621 perpetuam

1035 1628 1294 1662 contrajustorum
1311 1631 1420 1656 sortem
1435 1628 1685 1665 Christianorum;

992 1659 1014 1693 (ἶ
1032 1672 1101 1700 olim
1119 1659 1237 1700 leonum
1253 1673 1302 1708 qui
1320 1672 1450 1700 inhibuit
1464 1672 1620 1708 impetum,

1032 1718 1177 1754 utjustus
1192 1717 1241 1745 ille
1257 1719 1388 1745 maneret
1403 1717 1574 1753 incolumis;

1032 1763 1110 1790 idem
1127 1770 1205 1790 nunc
1220 1761 1338 1789 barbari
1354 1762 1477 1790 ferinam
1494 1763 1571 1799 regis

1031 1809 1060 1834 et
1074 1807 1295 1843 sanguinariam
1313 1806 1460 1843 mitigavit
1475 1807 1616 1835 indolem.

1031 1852 1130 1886 Itaque
1147 1851 1246 1879 missis
1261 1850 1398 1879 sultanus
1413 1851 1519 1887 legatis

1032 1896 1178 1924 sincerum
1195 1896 1289 1924 t'aadus
1303 1895 1440 1924 amicitiae
1455 1896 1573 1925 obtulit.

1033 1946 1080 1974 Sic
1097 1946 1174 1973 inter
1186 1946 1329 1973 Casarem
1346 1954 1401 1980 pax
1417 1945 1628 1983 sultanumque
1643 1947 1788 1975 convenit.

1035 1990 1105 2018 Inde
1120 1990 1282 2026 digressus,
1298 1998 1348 2025 per
1363 1990 1508 2018 infaustos
1524 1991 1604 2019 locos

1033 2034 1141 2070 quibus
1157 2036 1348 2070 processerat,
1366 2043 1444 2062 nunc
1459 2034 1564 2062 lubens
1580 2035 1735 2063 revertitur

1033 2079 1159 2112 Manuel,
1175 2080 1203 2106 et
1218 2078 1310 2106 cernit
1326 2078 1450 2114 lugubre
1465 2079 1678 2114 spectaculum,

1034 2125 1154 2160 dignam
1170 2123 1294 2151 infinitis
1310 2125 1437 2158 stragem
1453 2123 1601 2159 lacrymis,

1034 2169 1180 2196 malorum
1197 2167 1373 2195 ineffabilem
1391 2168 1575 2203 tragoediam,

1034 2215 1079 2241 cui
1096 2213 1315 2249 gemebundum
1331 2213 1463 2240 Jeremiae
1481 2216 1582 2247 pectus

1035 2267 1086 2294 pro
1103 2257 1205 2285 merito
1222 2257 1363 2285 dedendae
1377 2266 1451 2293 opus
1470 2258 1554 2292 foret,

1035 2306 1120 2337 atque
1136 2302 1314 2337 exsequendo
1330 2301 1467 2337 lacrymis
1483 2304 1563 2330 tanto
1578 2303 1665 2330 malo.

995 2340 1018 2372 D
1033 2347 1106 2374 Nam
1122 2347 1219 2374 videre
1234 2349 1296 2374 erat
1312 2347 1418 2381 foveas,
1435 2346 1528 2381 lucos,
1544 2347 1646 2381 valles,

1034 2400 1164 2427 campos.
1181 2391 1286 2424 saltus,
1302 2392 1465 2427 voragines,
1483 2392 1581 2420 fauces
1597 2392 1755 2425 montium,

1034 2436 1196 2464 interfectis
1211 2436 1384 2471 corporibus
1399 2436 1543 2472 oppletas,

1035 2489 1159 2517 quorum
1176 2479 1269 2508 acervi
1283 2479 1394 2516 passim
1410 2481 1638 2516 consurgebant.

1033 2529 1199 2557 Jacentium
1215 2531 1311 2556 autem
1328 2529 1402 2556 cutis
1419 2529 1549 2557 detracta
1565 2532 1628 2557 erat

1035 2573 1193 2609 capitibus,
1209 2576 1238 2601 et
1254 2573 1347 2600 virilia
1368 2582 1485 2609 quoque
1501 2576 1633 2608 exsecta;

1035 2619 1228 2646 barbarorum
1244 2626 1329 2653 opus,
1343 2625 1379 2644 ne
1395 2617 1588 2646 circumcisus
1606 2619 1695 2647 victor

1034 2664 1057 2691 A
1072 2663 1145 2691 viclo
1158 2662 1365 2690 incircumciso
1379 2662 1439 2697 jam
1457 2663 1595 2698 differret,

1036 2707 1175 2743 quoniam
1192 2706 1330 2742 utrinque
1345 2706 1493 2734 innumeri
1510 2708 1684 2735 ceciderant.

1036 2752 1166 2787 Denique
1181 2751 1277 2779 Caesar
1292 2751 1407 2779 Chonas
1420 2752 1523 2779 urbem
1540 2753 1645 2787 tenuit,

1034 2796 1135 2832 ibique
1150 2795 1293 2832 requievit
1307 2804 1374 2824 cum
1390 2797 1470 2824 omni
1483 2796 1622 2832 exercitu,

1036 2845 1127 2870 semet
1142 2843 1170 2868 et
1185 2840 1307 2869 militem
1324 2841 1458 2869 relaxans
1473 2841 1634 2869 laboribus.

1038 2885 1272 2922 Philadelphiam
1288 2887 1390 2921 postea
1404 2893 1590 2922 progressus,
