4076 6436
267 375 293 428 1
304 374 373 428 83
1481 377 1854 434 EPHREMII

2077 377 2472 432 DNOGBAPHI
3583 369 3687 426 184

262 499 406 555 item
428 500 774 556 Eustathius
807 500 1083 572 Epidauri
1117 504 1353 575 praesul,

1946 507 2001 571 Α
2208 498 2510 559 Εὐστάθιος
2542 493 2812 571 πρόεδρος
2842 491 3240 568 Ἐπιδαμνίων,

267 596 325 645 et
354 589 772 645 Thessalorum
804 590 1049 647 Michael
1085 596 1226 648 tunc
1258 595 1477 663 rhetor,

2211 589 2273 645 ’0
2302 594 2412 643 τῶν
2444 586 2731 642 Θετταλῶν
2764 584 3000 659 Μιχαὴλ
3034 584 3219 661 ῥήτωρ
3252 583 3398 652 τότε,

272 695 337 733 ac
371 677 664 734 Basilaces
695 680 1049 751 sapientium
1087 682 1246 738 Pauli

2037 681 2176 735 4750
2215 678 2314 732 Καὶ
2345 676 2661 746 Βασιλάκης
2693 679 2803 730 τῶν
2836 678 3015 752 σοφῶν
3048 672 3273 729 Ηαύλου
3295 672 3475 748 λόγων
3503 675 3619 747 (59)

273 768 566 840 interpres
598 767 926 825 litterarum
951 788 1015 825 ac
1046 770 1239 827 levita.

2216 765 2553 828 Διδάσκαλός
2585 786 2671 827 τις
2704 764 2995 839 τυγχάνων
3028 764 3121 819 καὶ
3154 761 3400 834 λευῖτης.

277 858 414 913 Post
445 874 632 913 annos
663 857 888 929 aliquot
919 859 1072 915 idem
1109 863 1430 918 monarcha

2215 856 2369 915 Μετά
2399 855 2456 911 δὲ
2483 850 2822 916 λυκάϐαντας
2854 854 3010 916 οὗτος
3036 854 3064 907 6
3094 851 3311 928 κράτωρ

278 946 438 1002 aliud
474 948 781 1018 proposuit
809 948 1219 1019 explicandum
1254 952 1458 1008 thema
1492 969 1505 1006 :

2215 946 2407 1016 Ῥητὸν
2441 944 2719 1019 προτιθεὶς
2751 943 2826 1005 εἷς
2867 942 3154 1016 ἀνάπνυξιν
3186 942 3379 1011 πάλιν,

277 1036 562 1091 Dominus
595 1036 740 1091 dixit
770 1038 1062 1109 passionis
1102 1043 1386 1111 tempore,

2215 1036 2278 1093 Ὀ
2308 1033 2586 1105 Δεσπότης
2617 1030 2805 1110 εἴρηκε
2830 1037 3006 1108 καιρῷ
3035 1036 3131 1087 τοῦ
3160 1034 3390 1105 πάθους,

278 1124 449 1195 Major
478 1141 564 1179 me
589 1129 746 1195 pater
768 1130 846 1180 est
879 1128 918 1180 ¹.
952 1126 1101 1183 Τιιω
1134 1145 1345 1199 parum
1378 1146 1595 1185 curans

2040 1128 2179 1183 4755
2209 1124 2428 1193 Μείζων
2460 1122 2595 1196 ἐμοῦ
2627 1125 2835 1201 πέφυκε
2865 1123 3054 1197 Πατήρ
3090 1143 3217 1195 μου,
3250 1121 3426 1197 λέγων

282 1213 621 1282 Caesarjam
653 1214 919 1285 cognitas
955 1214 1190 1270 Patrum
1225 1218 1570 1286 sententias,

2217 1212 2425 1289 Μικρόν
2452 1234 2511 1268 τε
2540 1212 2837 1287 προσσχὼν
2872 1211 3157 1284 ἀναπτύξει
3188 1212 3441 1288 ιιατὲρων
3473 1213 3585 1285 (61)

286 1303 583 1375 propriam
609 1304 878 1373 procudit
908 1304 1478 1376 interpretationem,

2220 1303 2436 1361 Οἱκείαν
2472 1300 2725 1377 ἐξήγησιν
2758 1301 3186 1378 ἀντεπεισφέρει,

289 1396 347 1446 et
376 1396 781 1463 tempestatem
810 1393 1129 1448 concitavit
1159 1396 1477 1451 maximam

2222 1392 2324 1450 Καὶ
2353 1392 2645 1467 τρικυμίας
2678 1389 3005 1465 ἀναπιμπλᾷ
3034 1389 3123 1445 καὶ
3160 1390 3329 1462 ζάλης

284 1480 556 1536 Ecclesiae
584 1479 761 1536 simul
785 1484 843 1536 et
872 1482 1059 1537 doctis
1091 1483 1465 1553 praesulibus,

2221 1479 2549 1552 Ἐκκλησίαν
2574 1501 2634 1536 τε
2657 1481 2748 1535 καὶ
2781 1479 2983 1554 σοφοὺς
3011 1479 3332 1556 ἀρχιθότας·

286 1572 434 1641 Ergo
465 1573 667 1624 coacta
696 1569 1057 1626 delectorum
1089 1574 1311 1644 synodo

2044 1574 2184 1629 4760
2224 1572 2532 1647 Ὀμήγυριν
2563 1570 2656 1625 οὗν
2688 1569 2746 1624 ἐκ
2776 1566 3026 1643 λογάδων
3058 1566 3246 1630 ἁλίσας

284 1658 526 1732 impulit
554 1658 765 1725 Caesar,
798 1661 852 1715 vi
884 1677 1119 1733 quoque
1150 1663 1437 1731 adhibita,

2225 1662 2445 1735 Ἐνῆγεν
2479 1657 2603 1732 ἄναξ
2634 1659 2943 1735 προστιθείς
2971 1680 3023 1713 τι
3053 1659 3145 1713 καὶ
3180 1657 3302 1734 βίας

288 1765 497 1805 omnes
532 1748 726 1804 libello
759 1754 825 1804 ut
857 1749 940 1805 ita
970 1751 1451 1810 subscriberent:

2221 1750 2581 1827 ’Υπογράφειν
2607 1746 2831 1805 ἕκαστον
2865 1746 3042 1811 οὕτως
3072 1747 3127 1803 ἐν
3155 1747 3333 1821 τόμῳ⁶

288 1839 596 1895 Assentior
620 1854 726 1911 ego
756 1843 997 1895 Patrum
1027 1842 1357 1912 sententiis,

1968 1878 2018 1944 Β
2226 1844 2418 1914 Στιχῶ
2452 1839 2546 1912 μὶν
2578 1839 2736 1901 αὐτὸς
2769 1837 2955 1914 ρήσεσι
2982 1838 3071 1891 καὶ
3104 1838 3356 1913 Πατέρων

290 1945 440 2001 quas
472 1928 744 2000 inspirati
768 1930 837 1985 de
863 1929 1051 1985 Verbo
1085 1932 1472 2004 scripserunt,

1970 1924 2018 1944 u
2226 1930 2323 1990 Ἀς
2349 1927 2500 1982 εἶπον
2531 1927 2591 1981 ἐκ
2614 1926 2929 2000 Πνεόματος
2956 1924 3132 1980 ε’ίνεκα
3161 1926 3342 2002 Λόγου

290 2017 521 2074 Christo
551 2018 835 2089 majorem
871 2017 1097 2076 scilicet
1125 2038 1254 2078 esse
1276 2026 1530 2095 Patrem,

2048 2021 2155 2075 476
2225 2022 2332 2073 Τοῦ
2366 2016 2568 2090 μείζον’
2600 2018 2729 2071 εἶναι
2760 2020 2862 2071 τοῦ
2888 2019 3130 2091 Χριστοῦ
3161 2017 3253 2071 τὸν
3286 2018 3518 2091 Πατέρα.

293 2108 354 2162 Id
383 2111 579 2162 autem
612 2106 703 2162 aio
727 2108 975 2176 dictum,
1011 2109 1150 2183 quia
1181 2117 1434 2168 creatam

2226 2108 2385 2181 Αέγω
2420 2103 2477 2160 δὲ
2502 2110 2668 2161 τοῦτο
2699 2104 2789 2159 καὶ
2817 2103 3080 2178 λελέχθαι
3112 2104 3301 2160 καθότι

288 2195 751 2268 passibilemque
781 2214 1017 2253 carnem
1048 2198 1307 2257 Verbum
1342 2204 1618 2275 sumpsit.

2229 2197 2464 2265 Κτιστὴν
2497 2197 2746 2265 παθητὴν
2780 2194 2949 2271 σάρκα
2980 2189 3251 2267 λαμϐάνει
3284 2197 3481 2272 Λόγος,

287 2286 384 2341 Sic
416 2302 589 2357 porro
617 2288 986 2358 supponebat
1016 2287 1227 2345 Filium
1264 2292 1417 2346 Patri

2227 2287 2380 2341 Ταῦθ’
2402 2286 2585 2364 ὕφεσιν
2616 2285 2765 2362 φέρει
2798 2282 2855 2339 δὲ
2884 2284 3019 2360 πρὸς
3048 2286 3140 2339 τὸν
3166 2285 3377 2359 Πατέρα

292 2380 606 2447 postquam
640 2375 827 2430 nostri
860 2377 1049 2447 gratia
1081 2395 1316 2435 carnem
1350 2386 1706 2454 sumpserat.

2195 2376 2307 2447 Γιῷ
2339 2370 2564 2429 λαϐόντι
2596 2374 2765 2449 σάρκα
2792 2378 2901 2428 τῶν
2939 2374 3149 2449 βροτῶν
3183 2373 3370 2448 χάριν.

292 2468 427 2519 Haec
460 2464 806 2535 consignata
836 2463 1045 2521 litteris
1078 2470 1389 2540 purpureis

2053 2468 2194 2523 4770
2232 2463 2729 2540 Ἐρυθροσημάντῳ
2761 2460 2819 2517 δὲ
2851 2462 2978 2524 δοὺς
3009 2466 3191 2539 γραφῇ
3224 2460 3351 2518 τάδε

294 2552 665 2624 lapideisque
691 2554 912 2609 tabulis
932 2555 1231 2629 insculpta

2236 2552 2333 2607 Καὶ
2363 2551 2524 2623 πλαξῖ
2551 2549 2739 2613 καλῶς
2771 2550 3069 2627 ἐγχαράξας
3103 2550 3336 2614 λιθίναις

296 2641 543 2713 pulchro
576 2643 841 2711 artiﬁcio,
874 2646 931 2698 in
960 2646 1184 2717 templo
1217 2647 1449 2720 Sophim

2235 2641 2360 2699 Ἐπὶ
2385 2640 2587 2719 Σοφίας
2618 2645 2715 2695 τοῦ
2744 2640 2845 2694 νεὼ
2872 2644 3007 2694 Θεοῦ
3039 2639 3216 2714 Λόγου

295 2731 485 2786 instar
512 2731 909 2804 ephigraphes
941 2736 1259 2805 spectanda
1289 2738 1579 2809 exposuit.

2235 2732 2550 2807 Ἀνάγραφα
2571 2730 2782 2799 τίθησιν
2814 2728 2889 2792 ὡς
2917 2722 3027 2783 ἔστι
3062 2727 3309 2804 βλέπειν.

296 2820 486 2876 Aliam
521 2837 731 2876 rursus
757 2825 1215 2880 controversiam
1249 2827 1450 2894 movit,

2238 2823 2356 2877 Ἔτι
2383 2825 2525 2874 κινεῖ
2552 2820 2773 2890 ζήτημα
2800 2817 2891 2872 καὶ
2922 2816 3087 2872 πάλιν
3114 2815 3260 2872 τόδε⁹

297 2926 510 2981 nempe
541 2916 604 2964 ut
634 2911 949 2966 anathema
977 2913 1371 2970 Mohamethis
1405 2920 1516 2972 Deo

2061 2913 2203 2968 4775
2242 2910 2497 2982 Ἀνάθεμ’
2528 2907 2611 2977 εἴη
2645 2912 2724 2980 τῷ
2755 2911 2872 2978 Θεῷ
2899 2911 2996 2961 τοῦ
3028 2906 3296 2979 Μωάμεθ,

300 2997 657 3053 eximeretur
677 2999 970 3070 dyptichis
992 3003 1297 3071 suadebat,

2241 2997 2369 3054 Τόδ’
2393 2995 2693 3070 ἀπαλεῖψαι
2728 2996 2966 3051 πυκτίων
3002 2996 3319 3071 παρηγγύα,

304 3104 374 3143 ne
408 3088 553 3143 forte
576 3088 932 3144 contumelia
961 3090 1125 3146 ﬁeret
1145 3091 1386 3148 Numini

2239 3094 2324 3149 Ὠς
2361 3089 2436 3159 μή
2468 3080 2877 3159 καθυϐρίζοιτο,
2912 3084 3066 3161 φησὶ,
3098 3090 3208 3139 τῶν
3239 3084 3384 3141 ὅλων

302 3178 568 3233 omnium
604 3177 847 3232 Domino
880 3183 1056 3249 atque
1087 3183 1404 3246 regnatori.

1992 3235 2028 3249 Α
2240 3182 2301 3234 'O
2329 3171 2708 3248 παμϐασιλεὺς
2738 3174 2827 3228 καὶ
2860 3176 2989 3237 Θεὸς
3019 3174 3109 3229 καὶ
3142 3175 3442 3246 Δεσπότης.

304 3265 445 3321 Rem
464 3264 853 3334 judicandam
886 3235 1102 3321 obtulit
1132 3235 1445 3343 aegesta,

1986 3235 2030 3301 δ
2244 3235 2442 3335 Τίθησι
2475 3260 2651 3332 δῆλον
2682 3265 2907 3336 ποιμέσι
2942 3235 3161 3336 σκέμμα
3187 3262 3332 3319 τόδε·

307 3353 408 3424 qui
442 3353 771 3423 rejecerunt
801 3370 1007 3411 omnes
1037 3360 1102 3411 ut
1131 3357 1584 3432 blasphemiam,

2063 3358 2204 3413 4780
2242 3351 2599 3428 Ἀπαγορεύει
2622 3358 2726 3415 πᾶς
2758 3350 2941 3407 κλύων
2979 3351 3318 3428 βλαφημίαν.

308 3444 498 3497 Iratus
528 3446 722 3499 Caesar
750 3448 989 3500 renovat
1009 3444 1275 3503 libellum

2246 3442 2444 3505 Μάνεὶς
2477 3443 2505 3496 6
2533 3446 2747 3516 κρατῶν
2778 3447 3088 3497 καινοποιεῖ
3117 3440 3184 3513 δὴ
3214 3442 3384 3516 τόμον

311 3529 468 3586 falsae
497 3531 895 3589 Mohamethis
927 3534 1215 3592 faventem
1241 3537 1396 3606 fidei,

2248 3536 2667 3607 Συνηγοροῦντα
2699 3529 3003 3604 λαοπλάνῳ
3029 3531 3295 3605 Μωάμεθ,

309 3636 375 3675 ac
408 3620 739 3692 superiores
770 3625 1153 3693 castigantem
1187 3628 1444 3684 Caesares

2249 3623 2373 3678 Τῶν
2394 3620 2520 3695 πρὶν
2556 3617 2602 3673 δ’
2632 3619 2874 3674 ἀνάκνων
2902 3620 3327 3694 καθικνούμενον
3363 3620 3510 3694 μάλα

310 3714 596 3780 tanquam
632 3709 841 3766 inscite
874 3711 1318 3771 maledixissent
1348 3717 1498 3786 Deo;

2250 3711 2340 3771 Ὠς
2374 3706 2780 3783 λοιδορούντων
2811 3709 3033 3782 ἀμαθῶς
3067 3713 3183 3781 Θεῷ
3212 3711 3396 3787 Λόγῳ·

314 3802 492 3868 atque
524 3797 683 3853 hunc
716 3797 978 3855 libellum
1014 3802 1198 3859 edidit
1226 3804 1563 3877 legendum.

2074 3803 2216 3858 4785
2254 3800 2345 3862 Εἷς
2376 3799 2631 3875 ἀκρόάσιν
2658 3796 2913 3854 ἐκδίδωσι
2944 3801 3039 3855 τὸν
3066 3800 3263 3873 τόμον.

317 3887 427 3942 Sed
455 3886 789 3958 patriarcha
820 3890 1037 3946 restitit
1068 3894 1370 3961 audacter,

2253 3892 2317 3946 Ὁ
2345 3889 2697 3964 πατριάρχης
2726 3883 2919 3959 ἀντέϐη
2957 3887 3295 3965 θαρσαλέως,

315 3981 373 4031 et
402 3991 536 4030 cum
570 3980 802 4047 pastore
828 3979 1247 4049 eonspiraruut
1278 4000 1521 4054 omnes;

2255 3979 2352 4033 Καὶ
2384 3983 2491 4041 πᾶς
2524 3980 2719 4032 συνιὼν
2754 3984 3082 4054 συνομαρτεῖ
3110 3981 3355 4052 ποιμένι,

316 4064 749 4121 Thessalonicae
790 4068 1001 4138 presul
1034 4068 1187 4125 inter
1209 4073 1434 4143 primos

2256 4067 2361 4123 Καὶ
2400 4066 2612 4139 μᾶλλον
2646 4068 2674 4121 6
2705 4065 2975 4142 πρόεδρος
3006 4065 3407 4139 Θεσσαλονίκης

313 4154 402 4209 vir
432 4154 762 4211 celebratus
786 4156 999 4213 virtute
1031 4175 1098 4214 ac
1127 4159 1339 4216 litteris
1364 4180 1378 4231 ;

2261 4152 2595 4233 [Ιεριϐόητος
2624 4155 2819 4230 ἀρετήν
2849 4176 2909 4210 τε
2938 4156 3027 4211 καὶ
3060 4154 3246 4231 λόγον,

318 4249 495 4315 atque
525 4249 829 4317 pastorum
862 4247 1050 4319 gloria
1079 4250 1428 4307 Eustathius

2081 4246 2221 4301 4790
2256 4249 2373 4299 Τῶν
2406 4248 2796 4319 ποιμεναρχῶν
2826 4243 3121 4307 Εὐστάθιος
3153 4247 3215 4301 τὸ
3244 4244 3408 4308 κλέος

319 4333 443 4389 zelo
467 4333 664 4390 divino
701 4336 929 4392 viscera
959 4344 1236 4408 perustus

2260 4335 2330 4403 Ζη
2342 4334 2424 4407 λῳ
2455 4338 2621 4405 θεϊκῷ
2650 4332 3049 4411 καταφλεχθεὶς
3078 4332 3303 4410 καρδίαν

321 4439 539 4479 novum
571 4440 637 4478 ac
666 4424 935 4496 spurium
968 4427 1321 4499 improbavit
1352 4430 1588 4501 dogma,

2257 4422 2487 4499 ’Ἢλεγξε
2516 4420 2698 4498 δόγμα
2727 4423 3043 4501 καινοφανὶς
3074 4423 3166 4478 καὶ
3195 4425 3379 4481 νόθον.

324 4511 527 4568 dicens
560 4530 573 4568 :
608 4513 913 4571 Enimvero
945 4516 1124 4571 forem
1158 4533 1265 4587 ego
1296 4518 1581 4591 indignus

2268 4510 2405 4581 Εἴην
2434 4517 2497 4566 ἂν
2529 4511 2763 4583 ἀνάξιος,
2798 4511 2987 4584 εἷ’πὼν,
3020 4515 3298 4568 παντάπαν

324 4601 639 4673 episcopali
671 4602 823 4659 stola
854 4609 1030 4675 atque
1062 4604 1234 4673 solio,

2265 4607 2377 4670 Τῆς
2406 4605 2799 4675 ποιμεναρχῶν
2829 4602 2921 4656 καὶ
2959 4600 3163 4667 στολῆς
3192 4603 3283 4658 καὶ
3312 4606 3411 4657 τοῦ
3443 4604 3664 4680 θρόνου,

325 4706 687 4762 prorsusque
717 4693 963 4749 insanus
1004 4693 1213 4749 merito
1243 4696 1588 4754 aestimat-er.

2086 4692 2228 4746 4795
2264 4687 2511 4753 Ἠλίθιος
2542 4687 2601 4744 δὲ
2628 4689 2717 4745 καὶ
2748 4690 3081 4763 νομιζοίμην
3114 4689 3321 4746 πλάνον

324 4780 375 4837 si
408 4796 443 4836 a
474 4780 796 4852 pederasta
822 4782 985 4837 vafro
1014 4782 1273 4838 mulione

2266 4779 2328 4835 El
2353 4777 2718 4852 παιδεραστὴν
2749 4780 2838 4834 καὶ
2867 4778 3182 4852 καμηλώδη
3217 4779 3424 4835 πλάνον

330 4868 616 4941 magistro
646 4869 840 4925 omnis
872 4874 1037 4926 actus
1065 4875 1407 4929 exsecrandi

2266 4867 2488 4939 Μόστην
2518 4889 2578 4922 τε
2599 4870 2779 4937 πάσης
2808 4869 3054 4943 πράξεως
3089 4867 3416 4945 βδελυκτὲας

326 4961 384 5014 et
405 4958 809 5013 doctrinarum
833 4957 1217 5015 scelestarum
1251 4968 1464 5034 mysta,

2266 4960 2370 5019 Καὶ
2406 4959 2755 5035 μυσταγωγὸν
2792 4953 2995 5012 ἀσεϐῶν
3028 4957 3377 5036 διδαγμάτων

330 5048 430 5119 qui
464 5051 796 5103 monstrum
815 5048 1112 5119 quoddam
1148 5050 1317 5107 finxit
1343 5052 1742 5128 holosphyron

2262 5051 2603 5128 Ὁλόσφυρόν
2634 5070 2687 5104 τι
2716 5049 2807 5103 καὶ
2836 5048 3219 5123 πεπλασμένον
3249 5053 3406 5128 τέρας

403 5155 419 5188 ί
449 5152 620 5208 Joan.
647 5168 765 5221 xxv,
797 5152 893 5210 28.

326 5257 563 5342 terminet
611 5256 851 5342 quidem
896 5259 1194 5342 diversi_a
1244 5263 1973 5342 Sqtericthantiocheno.
2084 5269 2460 5342 terpretando
2517 5267 2698 5342 Paulo
2737 5269 3088 5342 occupata?
3146 5270 3295 5326 Hinc
3325 5268 3595 5342 videlicet
3652 5275 3743 5327 tot

325 5329 803 5410 Allatiustamen
835 5336 1062 5410 contra
1113 5333 1355 5410 Greygh.
1409 5354 1463 5407 p.
1512 5338 1638 5407 5‘26,
1673 5339 1826 5393 ofﬁci
1871 5357 1974 5395 no-
2085 5329 2469 5399 Paulinarum
2526 5329 2919 5410 Epistolarum
2982 5340 3163 5397 Graeci
3208 5341 3620 5398 commentarii
3674 5343 3737 5397 in

328 5416 463 5489 ipsa
498 5403 751 5489 retinet:
808 5403 1115 5489 Antiochiae
1157 5403 1579 5489 hypbpscphiui,
1626 5403 1787 5489 sicut
1835 5411 1976 5489 alibi
2087 5410 2460 5489 bibliothecis
2488 5403 2632 5489 mss.
2662 5412 2833 5469 nobis
2863 5418 3197 5489 occurrunt.

327 5474 529 5558 βπατος
558 5474 808 5558 vertitur
824 5474 924 5558 .ah
957 5478 1159 5558 eodem
1195 5474 1474 5558 hypatas.
1525 5474 1728 5558 Exstat
1778 5487 1975 5558 autem
2158 5485 2491 5558 (60)_llujus
2522 5484 2618 5558 rei
2636 5501 2816 5558 causa
2835 5484 3195 5541 celebratum
3227 5485 3738 5558 concilium‘Giras-

329 5543 551 5630 ingcodJ
594 5546 726 5630 νει..
760 5546 937 5630 ⁹214⁸63
974 5566 1027 5619 p.
1066 5550 1187 5630 12/1,
1213 5543 1500 5630 scriptum
1534 5552 1813 5630 Demetrii
1864 5554 1979 5611 Ge-
2087 5543 2564 5630 cu‘mibactenus
2603 5555 2914 5630 ineditum,
2949 5572 3085 5630 ergo
3107 5557 3278 5630 prelo
3318 5560 3444 5628 jam
3482 5556 3733 5630 subjeci.

327 5614 666 5702 militi‘agwc
695 5614 722 5667 6
754 5614 1068 5702 ὑποψήιξξιος
1088 5614 1247 5702 είςτὸ
1280 5614 1435 5702 ἅγιον
1456 5620 1756 5702 εἰσέρχεται
1789 5630 1937 5702 Βῆμε

2133 5614 2272 5702 Δ(ὃί)
2308 5628 2424 5681 Has
2473 5629 2797 5702 sententias
2840 5614 3054 5699 le'gesi‘s
3101 5614 3341 5685 interim
3387 5628 3543 5701 apud
3583 5614 3736 5685 Cho-

400 5683 514 5754 (59)
544 5686 768 5759 Ergone
798 5683 1035 5748 in'u'r'be
1087 5683 1361 5761 Byzantio
1406 5683 1684 5751 cathedra
1733 5683 1976 5753 fuitnin-
2088 5683 2314 5757 niatum
2344 5714 2447 5768 vn,
2478 5700 2532 5754 5.
