2038 3201
125 205 182 234 185

121 267 196 295 4800
209 264 305 300 Ψιλῆς
321 263 445 296 ἐπινοίας
453 274 484 302 γι
498 263 543 292 καὶ
559 263 710 302 στυγητέας·

214 310 279 338 Θεὸν
295 308 412 345 καλοίην
429 309 529 347 ἀτρεκῆ
545 308 657 344 κτίστην
673 308 758 337 ὅλων.

217 355 249 383 Ὁ
265 353 288 382 δ’
303 353 342 387 ὡς
356 353 501 386 πεπονθὼς
514 353 632 391 ἐσχάτην
649 353 791 388 παροινίαν

216 398 360 427 Ὀνιίδεσιν
375 397 475 427 ἕπλυνε
488 397 552 430 τοὺς
566 397 718 436 ἀρχιθύτας

213 443 327 481 Κόσμον
341 443 376 471 τὰ
392 443 473 481 μωρά
486 441 584 471 τούσδε
598 442 690 470 καλῶν
707 442 816 481 ὰλόγως
834 452 840 459 ·

125 491 200 518 4805
219 489 293 518 Κᾶπὶ
310 487 435 526 μεγάλης
449 486 610 519 δικάσασθαι
626 486 740 515 συνόδου

216 534 287 571 Πρὸς
302 531 396 561 τούσδ’
410 532 530 560 ἀπειλῶν
547 531 675 569 έμμανῶς
691 532 828 570 ἐκεκράγει

216 578 296 606 Πάπα
310 577 445 616 παρόντος
457 579 512 604 τῶν
527 577 716 615 προκειμένων
738 577 829 615 χάριν,

215 623 312 659 Ὅμως
327 623 416 659 Θυμοῢ
432 622 578 657 λήξαντος,
595 623 608 650 ὁ
622 621 708 657 πραῢς
725 621 787 657 ἅναξ

216 666 329 704 Σπουδῇ
344 665 482 705 προέδρου
491 665 575 701 τῆσδε
589 670 638 701 τῆς
655 666 872 703 Κωνσταντίνου,

123 714 198 742 4810
216 714 262 748 Τῷ
276 711 422 742 Θετταλίας
437 710 573 749 ἀρχιθιὸτῃ
591 709 701 746 συνέϐη,

213 755 324 787 Ἐνδοὺς
337 757 373 784 τά
386 756 412 784 οἱ
428 754 541 792 δόξαντα
552 756 632 794 φάναι
648 755 822 793 προφρόνως.

214 800 300 832 Τέλος
315 800 340 828 δ’
354 800 474 828 ἐπειπὼν
490 800 534 828 καὶ
548 800 675 837 βασιλεὺς
689 800 781 828 τοιάδε

215 849 258 877 Ὡς
272 844 314 874 δεῖ
327 845 411 885 σοφόν
423 855 453 873 τε
469 845 577 873 συνετὸν
594 845 733 884 πεφυκότα

217 889 311 927 Μηδὲν
328 891 496 929 παρακαίρια
507 889 601 918 λαλεῖν
617 890 737 928 θρασέως

124 936 198 965 δ815
218 934 297 971 Μηδὲ
310 932 480 973 προϐάΛλιιν
496 934 597 973 ῥήματ’
613 934 714 972 αἰσχρὰ
727 934 861 972 καθάπαξ,

217 981 275 1009 Τοῦ
291 982 391 1017 μηνιᾷν
407 977 506 1007 ἔπαυσε
520 980 588 1017 πρὸς
602 980 649 1007 τὸν
662 981 781 1015 ποιμένα
798 988 804 995 ·

214 1024 294 1053 Οὕτω
309 1025 356 1061 μὲν
373 1024 502 1060 ἐξήνυστο
516 1023 575 1052 τάδ’
591 1024 629 1056 ὠς
644 1023 673 1051 ἂν
689 1023 756 1063 ἔφην
775 1034 781 1040 ·

214 1069 255 1097 Τὰ
270 1067 393 1107 δόγματα
410 1067 434 1096 δ’
449 1068 551 1107 ὥριστο
563 1067 630 1105 τῇδε
645 1067 749 1104 συνόδῳ

213 1114 258 1145 Ὦς
271 1115 327 1141 τῶν
346 1111 464 1151 βιϐλίων
478 1113 616 1152 ἀπαλειφῇ
633 1114 782 1147 παντάπαν,

119 1158 192 1186 4820
212 1170 226 1183 ι(
243 1157 371 1194 Ἀνάθιμ’
386 1157 429 1192 εἴη
445 1160 486 1194 τῷ
501 1160 560 1193 Θεῷ
573 1160 621 1185 τοῦ
638 1158 760 1194 Μωάμεῦ
777 1168 784 1175 ⁸
803 1171 813 1185 ι

210 1203 398 1241 ’Δντεγγραφῇ
416 1201 450 1237 δ’,
467 1214 481 1228 α
500 1202 635 1238 Ἀνάθεμα
649 1204 689 1238 τῷ
706 1203 826 1239 Μωάμεθ

211 1247 264 1275 Καὶ
277 1248 312 1284 τῇ
328 1245 431 1284 διδαχῇ
446 1245 528 1274 τοῦδε
542 1247 587 1274 καὶ
599 1248 671 1284 πάσῃ
688 1246 790 1284 πλάνῃ.
809 1260 818 1272 ι

207 1292 259 1320 Καὶ
273 1294 354 1320 τοῦτο
369 1293 542 1327 κυρώσαντες
557 1293 583 1319 οἱ
597 1296 648 1328 τῆς
661 1292 778 1320 συνόδου

209 1340 270 1367 Τῶν
288 1338 407 1366 συνόδων
424 1337 543 1376 λήγουσι
559 1339 603 1366 καὶ
618 1341 672 1366 τῶν
687 1338 841 1376 συλλόγων.

117 1381 193 1409 4825
212 1382 369 1418 Περιπεσὼν
383 1380 413 1409 δὲ
430 1381 558 1419 βασιλεὺς
574 1380 649 1419 δεινῇ
665 1381 737 1418 νόσῳ

212 1427 263 1455 Καὶ
279 1426 361 1465 γνοὺς
377 1427 472 1455 ἑαυτὸν
487 1427 674 1462 πλησιάζοντα
687 1428 775 1466 μόρῳ,

214 1475 345 1507 Σκῆπτρα
360 1471 484 1510 παριδὼν
498 1473 544 1500 καὶ
559 1473 592 1500 τὰ
608 1472 723 1512 λαμπρᾶ
737 1477 785 1501 τοῦ
803 1474 873 1512 βίου,

209 1516 313 1549 Ἐλθών
327 1528 355 1545 τε
369 1518 460 1546 κακῶν
477 1518 514 1549 εἷς
533 1518 703 1554 συναίσθησιν
721 1519 806 1553 ὅλων,

214 1560 254 1589 Τὸ
267 1561 320 1588 τῶν
339 1564 472 1599 μοναχῶν
483 1561 661 1600 ἀμφιέννυται
679 1562 761 1601 ῥάκος
778 1572 784 1578 ·

115 1605 191 1634 4830
209 1607 265 1633 Εἶτ’
281 1605 428 1634 ἀπολείπει
443 1606 488 1634 τὸν
509 1607 566 1645 βίον
582 1608 626 1635 καὶ
642 1609 674 1635 τὸ
686 1608 796 1646 κράτος,

209 1651 298 1679 Ὀκτὼ
312 1651 445 1688 κατάρξας
461 1651 506 1679 καὶ
520 1653 665 1688 τριάκοντα
680 1652 809 1690 χρόνους,

209 1696 307 1733 Tacet:
323 1697 438 1735 πατρῴᾳ
452 1698 521 1734 πρὸς
539 1699 609 1734 μονῇ
626 1695 759 1734 σεϐασμίᾳ

211 1739 316 1776 Κλῆσιν
333 1742 451 1780 φιρούσῃ
466 1743 689 1781 παντοκράτορος
705 1743 804 1781 Λόγου,

210 1784 314 1822 Ἦσπερ
329 1783 463 1824 δομήτωρ
483 1786 610 1823 βασιλεὺς
627 1786 767 1822 Ἰωάννης,

112 1829 189 1857 4835
209 1830 318 1857 Γυναικὶ
334 1829 424 1858 λιπὼν
442 1829 488 1858 σὺν
505 1831 587 1868 ἀώρῳ
602 1831 700 1867 τεκνίῳ

210 1873 385 1911 Κραταρχίαν
401 1884 431 1901 τε
445 1873 491 1901 καὶ
509 1873 644 1909 διοίκησιν
662 1874 745 1903 ὅλων.

114 1953 397 1994 Αψοξιμίρξρ
426 1955 622 1994 ιερΜΝεΝοξ
644 1955 895 1994 grassare
908 1957 949 1994 τῼ

163 1989 220 2028 ΥΙῼ
241 1989 412 2018 ΜΛΝΟΪἩΛ
431 1992 483 2018 ΕΤ.
504 1992 543 2026 A',
563 1993 622 2019 ΚΑΙ
644 1991 769 2019 ΜΟΝΟΣ
790 1992 846 2019 ET.
867 1989 905 2020 ΒΖ

208 2057 424 2098 Ἐπιὸεβηκότος
440 2059 469 2088 δὲ
482 2063 533 2094 τῆς
548 2061 699 2100 αὐταρχίας

207 2104 309 2137 Παιδὸς
326 2106 459 2142 Μανουῆλ
474 2106 521 2134 σὺν
537 2107 651 2145 τεκούσῃ
669 2107 787 2147 φιλτάτῃ

207 2147 332 2177 Ἡλικίαν
346 2147 459 2187 ἄγοντος
474 2149 583 2185 ἁπαλήν
605 2149 655 2186 ἔτι,

113 2195 188 2222 4840
209 2193 357 2230 Ἀκοσμίας
373 2194 516 2230 πέπληστο
533 2195 677 2232 Ῥωμαίων
692 2196 795 2234 πράγη,

209 2239 262 2267 Καὶ
278 2239 455 2277 πλημμελῶς
469 2238 573 2278 ἔπασχε
586 2241 632 2268 καὶ
646 2239 740 2280 σφόδρ’
756 2242 889 2280 ἀτάκτως,

209 2283 262 2311 Καὶ
276 2286 370 2321 χεῖρον
386 2283 458 2322 ἥπερ
474 2285 586 2316 Φαέθων
603 2288 666 2316 παῖς
681 2285 778 2314 Ἡλίου

211 2327 273 2355 ”Οτ’
287 2327 320 2361 ἧν
336 2325 432 2359 ἐπιϐὰς
447 2329 678 2366 χρυσοκολλήτου
695 2328 802 2368 δίφρου,

210 2372 256 2403 Ὠς
270 2374 355 2409 μῦθος
370 2374 452 2411 αἱρεῖ,
467 2375 512 2402 καὶ
528 2375 558 2402 τὸ
574 2378 625 2402 πᾶν
642 2375 807 2413 ὲφθαρκότος

118 2419 194 2447 4845
214 2417 385 2455 ’Λπαλότητι
399 2419 445 2448 καὶ
460 2419 545 2448 πλέον
561 2422 586 2458 γ’
601 2420 721 2457 ἀπειρίᾳ,

211 2463 300 2496 Οὗτος
314 2464 367 2502 γὰρ
383 2464 505 2501 Ἀλέξιος
519 2464 624 2496 ἁπαλὸς
638 2466 747 2504 κράτωρ

208 2509 387 2547 Κυνηγεσίοις
401 2511 595 2547 προστετηκὼς
607 2510 740 2543 ἐκτόπως.

208 2553 402 2590 Ἰππηλασίαιὲ
418 2555 463 2583 καὶ
482 2555 578 2593 μίμοις
592 2556 637 2583 καὶ
653 2556 789 2594 παιγνίοις

206 2600 313 2629 Κοινῶν
332 2600 415 2640 ὀλίγα
430 2601 581 2640 φροντίδων
595 2613 626 2640 γε
639 2602 780 2640 προυνόει.

111 2643 186 2671 4850
205 2643 309 2679 Μήτηρ
324 2641 355 2671 δὲ
369 2643 452 2672 πάλιν
469 2645 514 2672 καί
532 2644 640 2682 βασιλὶς
654 2645 745 2683 Μαρία

205 2683 347 2721 Φροντίδα
360 2689 462 2714 κοινῶν
479 2687 606 2714 ἀναθεῖσα
620 2689 787 2725 πραγμάτων

207 2725 433 2766 Πρωτοσεὸαστῷ
447 2727 690 2768 πρωτοϐεστιαρίῳ

209 2773 359 2812 ’Δοροντις
376 2773 484 2810 ἐξήνυεν
497 2775 567 2810 αὒτή
580 2775 627 2803 τὸν
646 2775 716 2813 βίον.

207 2815 305 2844 Τοίνυν
318 2817 503 2856 ἀπεπνίγοντο
517 2821 577 2850 τοῖς
592 2818 770 2855 τελουμένοις

117 2863 190 2892 4855
209 2863 244 2892 Ol
256 2864 307 2898 τῆς
323 2864 468 2901 γερουσίᾶς
483 2874 513 2893 τε
526 2864 572 2892 καὶ
587 2867 640 2893 τῶν
655 2865 681 2893 έν
695 2864 779 2902 τέλει,

59 3187 80 3197 κν
92 3180 155 3198 νηιῖανε

895 203 1083 232 ΟΕΘΛΒΕΒ.

969 265 997 299 Α
1011 264 1060 292 vili
1077 266 1185 295 mentis
1200 269 1284 303 partu
1302 271 1332 297 et
1346 269 1530 306 detestanda,

1786 214 1840 244 186

1010 308 1103 337 Deum
1119 310 1247 340 dicerem
1265 313 1399 342 omnium
1416 317 1589 345 creatorem.

1009 354 1046 381 Αι
1059 354 1154 382 Cesar
1169 357 1258 384 metro
1274 358 1405 393 percitus
1421 359 1525 388 insano

1009 398 1158 433 probrosis
1171 400 1268 429 verbis
1284 402 1384 431 obruit
1398 403 1563 441 episcopos,

1010 443 1113 470 mundi
1129 444 1308 480 quisquilias
1324 447 1430 476 stolide
1446 450 1616 485 appellans;

1010 495 1099 523 seque
1115 490 1297 517 (ecumenica
1312 491 1483 520 minabatur
1496 495 1608 530 synodo

1010 531 1174 568 disceptato
1180 542 1256 567 rum,
1273 535 1381 563 furiose
1398 536 1574 573 inclamans,

1012 584 1093 611 p11sz
1110 576 1282 613 interposito
1298 580 1334 607 de
1351 580 1396 608 his
1411 581 1534 616 judicio.

1011 622 1073 647 Mox
1089 620 1132 648 ira
1147 622 1269 657 omissa,
1287 628 1460 654 mansuetus
1476 627 1581 662 Caesar,

1011 665 1146 699 praesulis
1162 675 1250 701 opera
1266 669 1430 704 Byzantines
1447 671 1528 699 urbis

1010 717 1078 736 cum
1096 710 1235 739 Thessalo
1252 715 1367 747 pastore
1383 722 1483 749 pacem
1501 716 1579 751 fecit,

1010 753 1055 780 illi
1072 755 1236 784 concedens
1252 756 1375 785 liberam
1392 760 1580 788 sententiam.

1011 799 1160 827 Postremo
1176 801 1204 827 id
1221 809 1335 837 quoque
1351 803 1424 831 dixit
1440 804 1610 840 imperator,

1010 842 1087 878 frugi
1103 846 1131 871 et
1147 845 1322 879 prudentem
1336 847 1432 875 virum
1449 857 1506 876 non
1523 850 1624 878 decere

1010 896 1113 923 aspere
1128 888 1291 924 quidquam
1309 891 1558 929 inhonestumque
1573 895 1666 931 loqui,

1011 940 1063 959 nec
1078 933 1174 968 turpia
1187 934 1275 962 verba
1290 943 1412 970 prorsus
1428 937 1542 966 eii'ulire
1560 947 1566 965 :

1009 979 1096 1012 atque
1112 977 1141 1004 in
1159 980 1305 1013 pastorem
1323 980 1418 1009 furere
1435 982 1549 1010 desivit.

1009 1021 1060 1048 Hic
1077 1022 1133 1049 fuit
1148 1022 1218 1049 dicti
1235 1023 1331 1051 exitus
1348 1026 1467 1061 negotii.

1008 1065 1116 1093 Tamen
1132 1066 1162 1093 in
1180 1068 1290 1103 synodo
1304 1068 1458 1097 definitum
1475 1071 1530 1099 fuit

1008 1112 1040 1136 ut
1055 1118 1070 1137 e
1084 1110 1191 1138 libellis
1207 1120 1327 1147 prorsus
1344 1113 1512 1143 delerentur

1006 1155 1104 1187 verba,
1124 1166 1134 1179 α
1153 1156 1197 1183 Sit
1213 1157 1371 1185 anathema
1388 1159 1584 1189 Mohamethis
1601 1164 1669 1196 Deo,

1007 1199 1057 1226 sed
1075 1200 1263 1234 scriberetur,
1275 1213 1288 1225 ‹‹
1303 1202 1480 1231 Mohamethi
1498 1206 1657 1234 anathema

1006 1244 1131 1280 ejusque
1148 1246 1319 1282 magisterio
1336 1250 1364 1275 et
1377 1250 1457 1276 omni
1471 1251 1572 1278 errori.
1588 1262 1597 1275 α

1006 1289 1098 1323 Atque
1115 1289 1168 1317 hoc
1185 1291 1346 1327 perscripto
1362 1292 1478 1321 decreto
1495 1297 1593 1323 Patres

1006 1333 1136 1361 fecerunt
1151 1337 1276 1362 cmtuum
1293 1337 1454 1373 synodique
1472 1339 1570 1366 ﬁnem.

1006 1379 1109 1405 Postea
1125 1379 1220 1406 Cesar
1235 1381 1313 1415 gravi
1328 1382 1429 1409 morbo
1446 1382 1607 1418 implicitus

1005 1430 1095 1458 seque
1107 1424 1169 1458 jam
1188 1425 1273 1451 morti
1294 1426 1460 1460 proximum
1477 1435 1669 1463 cognoscens,

1006 1469 1153 1503 sceptrum
1171 1471 1361 1497 contemnens
1377 1471 1624 1508 splendoremque
1641 1473 1743 1501 mundi

1005 1512 1218 1548 praeteritisque
1233 1513 1296 1541 vitae
1309 1514 1372 1549 jam
1388 1516 1545 1551 pcenitens,

1006 1564 1164 1592 pauperem
1179 1557 1276 1585 induit
1290 1560 1425 1586 monachi
1438 1560 1616 1596 tuniculam;

1007 1609 1132 1637 moxque
1149 1610 1215 1629 cum
1232 1606 1345 1638 sceptro
1361 1604 1451 1632 vitam
1468 1605 1600 1633 deseruit

1006 1648 1072 1681 post
1087 1654 1180 1674 annos
1197 1649 1278 1682 regni
1294 1650 1357 1675 octo
1374 1650 1402 1675 et
1415 1649 1545 1685 triginta,

1005 1690 1138 1726 sepultus
1154 1699 1237 1719 sacro
1254 1692 1346 1727 patris
1363 1694 1554 1729 monasterio,

1005 1734 1206 1770 omnipotente
1222 1736 1268 1763 cui
1285 1745 1389 1764 nomen
1407 1746 1423 1765 a
1439 1738 1543 1774 Verbo,

1003 1779 1115 1807 Caesare
1131 1782 1249 1808 auctore
1265 1781 1380 1809 aediﬁcii
1394 1782 1516 1811 Joanne.

1005 1823 1132 1859 Reliquit
1148 1827 1246 1852 autem
1260 1826 1376 1854 Manuel
1395 1827 1552 1863 imperium

1004 1868 1087 1895 uxori
1103 1871 1131 1896 et
1147 1870 1196 1896 aevi
1211 1870 1302 1898 teneri
1320 1871 1420 1899 filiolo.

1069 1954 1298 1983 ANDRONICUS
1318 1956 1514 1986 COMNENUS
1539 1958 1613 1986 CUM
1633 1959 1764 1988 ALEXlO

1022 1989 1210 2018 MANUELIS
1240 1991 1334 2019 FILIO
1361 1993 1419 2020 AN.
1440 1993 1462 2026 Ι,
1485 1993 1528 2021 ΕΤ
1552 1994 1665 2022 SOLUS
1692 1995 1750 2023 AN.
1772 1996 1809 2023 ΙΙ.

1003 2067 1074 2094 Cum
1091 2067 1233 2095 Manuelis
1246 2068 1326 2095 ﬁlius
1341 2069 1375 2096 ad
1391 2069 1550 2105 imperium

1003 2119 1070 2138 cum
1087 2120 1140 2139 sua
1155 2112 1261 2140 dilecta
1277 2115 1370 2141 matre
1385 2114 1566 2149 pervenisset

1002 2158 1134 2184 teneram
1150 2157 1246 2184 adhuc
1262 2157 1381 2193 exigens
1398 2161 1523 2192 aetatem,

1004 2200 1136 2229 Romana
1151 2210 1197 2229 res
1213 2211 1264 2230 sus
1280 2203 1374 2238 deque
1390 2203 1559 2238 perturbata

1003 2245 1130 2281 pessime
1146 2246 1272 2274 habebat
1288 2247 1429 2284 valdeque
1446 2248 1653 2284 incomposite,

1004 2290 1098 2325 magis
1114 2298 1202 2326 quam
1220 2300 1286 2319 cum
1300 2292 1449 2320 Phaethon
1466 2293 1537 2321 solis
1554 2293 1632 2322 filius

1005 2343 1127 2362 aureum
1144 2343 1259 2371 regens,
1274 2335 1363 2364 veluti
1379 2340 1424 2364 est
1438 2337 1467 2365 in
1483 2338 1603 2373 fabulis,

1005 2387 1124 2406 currum
1142 2380 1292 2408 mundana
1307 2384 1413 2409 cuncta
1425 2383 1574 2416 exurebat,

1005 2423 1040 2451 ob
1058 2423 1199 2459 puerilem
1217 2433 1301 2452 suam
1319 2425 1509 2462 imperitiam.

1003 2467 1122 2496 Alexius
1138 2468 1186 2496 hic
1202 2471 1284 2497 tener
1298 2470 1457 2506 imperator

1005 2512 1134 2540 assiduis
1149 2521 1256 2541 vacans
1274 2514 1386 2549 perdite
1402 2515 1567 2549 venatibus,

1005 2556 1189 2592 equitationi,
1207 2558 1316 2590 mimis,
1332 2561 1361 2586 et
1375 2559 1441 2587 aliis
1456 2559 1589 2596 ludicris,

1004 2603 1121 2629 tenuem
1139 2602 1306 2638 reipublicae
1322 2612 1424 2631 curam
1440 2605 1570 2640 gerebat.

1005 2646 1096 2673 Maria
1112 2647 1178 2674 item
1196 2647 1320 2682 genitrix
1338 2649 1438 2684 regina

1005 2690 1190 2726 negotiorum
1207 2700 1269 2719 com
1276 2692 1364 2720 misso
1381 2694 1438 2728 rogi
1445 2693 1522 2721 mine

1004 2735 1206 2769 protosebasto
1222 2738 1454 2772 protovestiario,

1004 2781 1152 2815 expertem
1169 2780 1248 2808 curis
1263 2780 1351 2809 vitam
1369 2782 1507 2818 agitabat.

1004 2824 1231 2852 Sutl‘ocubantur
1247 2824 1362 2853 interim
1381 2826 1500 2855 tributis

1004 2870 1101 2896 cuncti
1118 2870 1274 2905 optimates
1290 2879 1323 2899 ac
1338 2874 1506 2907 senatores;
