4076 6396
359 388 463 450 18⁸7
1567 391 1942 447 ΕΡΗΒΕΜΠ

1567 391 1942 447 ΕΡΗΒΕΜΠ
1975 387 2554 446 CERONOGRAPHI

357 519 534 588 atque
561 518 906 586 suspectum
938 530 1293 588 magnopere
1323 515 1619 572 habebant

360 605 835 679 protosebastum
863 604 1049 661 veluti
1077 610 1421 678 tyrannum.

360 707 692 760 Comnenus
725 708 923 759 autem
957 705 1329 761 Andronicus
1360 705 1636 761 habitans

361 797 537 868 longa
557 795 682 866 jam
714 813 879 852 mora
908 796 967 851 in
1003 796 1211 853 0Ean
1239 797 1474 870 oppido,

360 891 674 960 postquam
708 887 943 943 rescivit
972 887 1042 942 de
1075 888 1406 944 monarchte
1437 886 1624 953 obitu,

359 976 523 1032 illinc
554 977 894 1050 Byzantium
927 976 1096 1049 coepit
1127 977 1422 1045 accedere,

361 1082 566 1124 omnes
592 1067 887 1140 decipiens
918 1067 1246 1140 fallensque
1277 1067 1673 1135 sermonibus,

363 1162 678 1230 praesentes
708 1158 920 1224 verbis,
954 1158 1164 1215 litteris
1195 1158 1571 1232 longinquos,

362 1264 544 1320 seque
575 1266 676 1321 pro
709 1249 950 1305 Caesaris
982 1249 1174 1305 salute
1210 1251 1439 1318 adesse,

361 1345 536 1412 atque
568 1345 633 1395 ut
663 1339 990 1411 periculum
1022 1340 1212 1397 latens
1243 1342 1523 1413 etl‘ugeret

361 1446 545 1486 novus
579 1429 896 1486 monarcha
928 1447 1031 1501 per
1061 1447 1236 1485 suum
1272 1431 1558 1487 auxilium
1596 1448 1609 1486 :

361 1519 616 1592 denique
647 1523 713 1575 ut
746 1519 919 1575 fidem
950 1523 1214 1575 tueretur
1245 1521 1439 1575 datam

359 1609 532 1681 regiae
566 1609 788 1676 domui,
823 1615 1191 1666 sacramento
1222 1610 1506 1678 adhibito,

361 1715 497 1756 cum
528 1715 558 1755 e
589 1697 846 1756 Chaldea
873 1700 1054 1755 redux
1085 1701 1156 1756 ad
1191 1699 1386 1756 aulam
1419 1701 1595 1756 venit.

359 1790 529 1846 Hunc
561 1788 953 1845 Andronicum
987 1789 1138 1846 enim
1175 1791 1276 1862 qui
1307 1791 1468 1846 exsul
1501 1792 1692 1848 fuerat

363 1878 704 1951 multasque
733 1879 998 1952 gentium
1037 1881 1204 1937 sedes
1236 1885 1687 1956 permutaverat,

359 1974 538 2042 atque
567 1970 724 2042 apud
755 1969 1071 2027 Altuchum
1103 1971 1386 2028 Chaldaeae
1419 1971 1742 2047 principem
1785 1977 1788 1980 ’

359 2064 659 2132 postremo
689 2061 1057 2132 versabatur,
1091 2061 1285 2132 ibique
1317 2062 1552 2122 demum

361 2150 537 2204 finem
571 2148 803 2205 molesti
835 2150 1048 2206 erroris
1081 2167 1484 2225 cursuumque
1515 2153 1750 2224 fecerat,

358 2239 587 2295 Manuel
621 2241 940 2312 imperator
969 2242 1281 2311 revocavit,

359 2327 648 2401 donisque
679 2334 988 2402 exceptum
1027 2331 1474 2403 perhumaniter

359 2417 421 2473 in
455 2417 627 2475 OEnae
658 2419 803 2475 urbe
834 2419 1120 2493 hospitari
1146 2422 1349 2493 jussit,

355 2509 622 2578 juratum
654 2511 850 2565 tamen
884 2514 1054 2566 antea
1081 2511 1440 2583 promissum
1475 2512 1713 2586 exigens

359 2595 483 2651 fore
511 2595 570 2651 in
600 2597 792 2653 ofﬁcio
825 2615 890 2654 ac
923 2600 1034 2656 ﬁde
1067 2617 1546 2672 permansurum.

363 2695 532 2752 (Eua;
564 2695 837 2753 discessit
867 2699 1160 2769 posthinc,
1195 2704 1261 2755 ut
1290 2699 1431 2766 dixi,

363 2786 695 2842 Comnenus
725 2788 1096 2844 Andronicus
1125 2790 1383 2864 Sisyphii
1416 2790 1620 2861 moris,

364 2879 541 2947 atque
570 2876 1012 2950 Paphlagonum
1047 2880 1346 2954 occupatis
1381 2879 1548 2951 locis,

365 2963 685 3018 multorum
719 2963 832 3018 sibi
869 2967 1168 3037 suppetias
1201 2967 1469 3040 adjunxit

364 3068 603 3124 suasque
635 3053 1032 3125 improbitatis
1063 3056 1252 3117 socios
1286 3056 1419 3113 fecit
1452 3075 1465 3114 :

362 3144 581 3215 quibus
613 3145 868 3216 stipatus
897 3149 1107 3204 cuncta
1145 3148 1547 3218 perturbabat,

359 3233 460 3289 illa
491 3233 816 3304 praesertim
847 3234 1098 3292 abutens
1128 3236 1352 3304 fraude,

361 3323 518 3394 quod
551 3339 614 3379 se
644 3341 746 3395 pro
780 3323 912 3380 novi
939 3323 1182 3382 Caasaris
1213 3326 1404 3383 salute

359 3418 570 3471 cuncta
599 3415 859 3488 ﬁngebat
888 3431 1060 3487 agere
1091 3421 1268 3490 atque
1299 3420 1510 3476 dicere.

356 3517 508 3570 Sane
539 3514 983 3585 protosebastus
1014 3514 1073 3575 in
1107 3516 1239 3572 odio
1271 3521 1396 3578 erat

357 3601 652 3674 vulgoque
678 3603 1045 3660 detestabilis
1076 3605 1149 3660 ob
1182 3609 1346 3663 actus
1377 3623 1538 3677 suos,

361 3692 641 3765 quoniam
676 3692 953 3748 mortales
986 3697 1232 3751 cunctos
1263 3695 1642 3768 despiciebat,

361 3782 594 3854 sibique
626 3781 728 3836 uni
761 3783 1187 3855 rempublicam
1221 3785 1557 3843 vindicabat
1591 3805 1603 3842 :

361 3870 447 3927 nil
476 3870 634 3934 enim
664 3876 789 3930 erat
818 3872 875 3928 in
910 3872 1181 3932 universo
1213 3873 1478 3946 imperio,

363 3963 520 4035 quod
555 3962 733 4035 hujus
764 3963 1035 4035 potestati
1069 3981 1186 4020 non
1221 3970 1469 4037 pareret.

366 4055 554 4119 Quare
585 4058 796 4109 cuncta
831 4053 1170 4125 metropolis
1203 4072 1366 4127 spem
1400 4056 1612 4114 salutis

364 4143 424 4199 in
459 4143 790 4199 Andronico
823 4144 1140 4216 reponebat
1171 4161 1307 4216 uno,

365 4236 540 4304 atque
569 4232 731 4288 hunc
762 4233 1092 4305 tyrannidis
1125 4234 1461 4306 appellabat
1490 4236 1802 4308 vindicem,

365 4325 422 4377 et
451 4321 834 4378 clandestinis
867 4322 1155 4378 invitabat
1185 4322 1394 4381 litteris

367 4413 432 4466 ut
463 4411 534 4465 ad
567 4411 821 4483 regalem
854 4413 1169 4467 adventare
1202 4414 1406 4470 urbem

367 4500 522 4555 omni
557 4501 808 4574 seposito
841 4501 1145 4558 festinaret
1179 4507 1372 4573 metu;

369 4608 505 4646 nam
541 4607 601 4647 se
632 4593 902 4664 prompto
934 4592 1088 4648 cives
1121 4592 1393 4654 dicebant
1424 4596 1618 4657 studio

369 4682 627 4738 urbanas
659 4681 742 4737 illi
775 4685 973 4755 portas
1005 4687 1331 4754 aperturos.

366 4786 483 4838 Hos
510 4781 608 4837 ille
638 4780 914 4837 audiebat
942 4781 1296 4852 perlibenter
1326 4784 1586 4853 nuntios,

357 4875 603 4943 jamque
635 4871 944 4928 affectabat
976 4871 1284 4929 manifeste
1313 4875 1683 4948 tyrannidem

365 4961 624 5018 castellis
656 4962 1012 5033 occupandis
1046 4979 1110 5018 ac
1143 4963 1479 5036 provinciis.

365 5050 631 5106 Accessit
660 5049 834 5106 etiam
867 5050 1118 5108 Nicaeam
1154 5052 1460 5126 Bithyniae,

367 5157 617 5212 eamque
648 5140 882 5196 blandis
913 5141 1159 5198 tentavit
1189 5143 1602 5211 sermonibus;

366 5231 469 5287 sed
500 5229 601 5286 illa
631 5231 822 5286 verbis
856 5231 1095 5288 minime
1127 5232 1309 5304 gessit
1341 5249 1588 5302 morem,

364 5322 612 5391 ejusque
647 5321 950 5376 fraudibus
981 5321 1091 5376 fuit
1124 5321 1564 5392 insuperabilis.

362 5412 471 5466 Sed
507 5427 640 5465 cum
674 5411 1082 5482 occupavisset
1113 5409 1538 5479 Nicomediam,

365 5517 613 5571 eamque
645 5501 770 5556 suis
794 5501 919 5570 jam
954 5499 1221 5570 partibus
1253 5500 1648 5571 adiunxisset;

368 5589 586 5645 missus
615 5594 702 5645 est
735 5606 870 5644 cum
893 5589 1057 5659 justo
1092 5587 1390 5659 copiarum
1425 5607 1668 5647 numero

369 5680 484 5733 dux
517 5678 886 5733 Andronicus
919 5681 1304 5748 cognomento
1334 5679 1590 5751 Angelus

370 5773 435 5823 ut
472 5768 620 5824 bello
657 5771 855 5838 aperto
891 5766 1156 5822 hostibus
1189 5767 1486 5824 resisteret
1519 5786 1531 5823 :

2029 547 2092 615 Α

2041 1895 2088 1994 a

2035 3301 2078 3370 C

2051 4685 2099 4748 ι)

2301 505 2760 588 Πρωτοσεϐαπὸν
2793 507 3143 588 ὑφορώμενοι
3176 507 3298 567 λίαν

2295 604 2389 666 Ὦς
2413 602 2651 678 ἀτεχνῶς
2680 600 2938 678 τύραννον
2966 599 3027 656 ἐκ
3054 605 3162 656 τῶν
3190 599 3550 678 πραγμάτων.

2295 691 2591 766 Κομνηνὸς
2623 689 2670 746 δ’
2702 688 3051 767 Ἀνδρόνικος
3083 689 3326 760 οἰκήσεις
3359 689 3504 768 ἔχων

2296 781 2399 838 Καὶ
2433 774 2712 854 διατριϐὰς
2743 780 2880 836 κατὰ
2910 783 3096 856 χῶρον
3127 777 3371 851 Οῒναίου,

2117 886 2258 941 4860
2298 881 2448 940 Ἐπεὶ
2475 881 2704 938 πύθοιτο
2735 885 2831 937 τοῦ
2861 885 3196 957 κρατοῦντος
3225 881 3318 938 τὸν
3356 883 3548 959 μόρον,

2294 974 2526 1029 Ἐκεῖθεν
2562 968 2647 1046 ᾔει
2674 972 2813 1048 πρὸς
2844 971 3008 1028 πόλιν
3040 970 3467 1044 Κωνσταντίνου,

2295 1066 2473 1120 Πάντα
2503 1064 2722 1119 ἀπατῶν
2751 1062 2844 1119 καὶ
2877 1062 3180 1142 φενακίζων
3211 1061 3408 1141 λόγοις

2296 1157 2393 1217 Οἷς
2427 1153 2645 1230 ἐντύχοι
2674 1155 2723 1230 γ’
2755 1150 2838 1224 ἂν,
2869 1157 2992 1214 τοῖς
3023 1151 3067 1208 δ’
3101 1155 3295 1208 ἀποῦσι
3328 1153 3416 1209 καὶ
3455 1155 3702 1235 γράφων,

2293 1243 2451 1315 Ὑπὲρ
2484 1246 2817 1313 κρατοῦντος
2845 1243 2944 1311 τὴν
2977 1237 3185 1298 ἔλευσιν
3226 1243 3451 1314 τιθέναι,

2116 1336 2256 1392 4865
2298 1334 2399 1390 Καὶ
2428 1337 2525 1389 τοῦ
2555 1337 2742 1410 φυγεῖν
2773 1329 3020 1387 κίνδυνον
3049 1330 3284 1407 ’ἐρποντα
3314 1330 3490 1388 θέλειν

2295 1425 2524 1480 Ἀνακτι
2551 1421 2692 1494 τῷδε
2716 1421 2876 1478 τοῦδε
2904 1426 2973 1496 τῇ
3007 1421 3299 1498 συμμαχίᾳ
3331 1441 3345 1456 ο

2298 1513 2396 1570 Καὶ
2425 1517 2522 1568 τοῦ
2554 1512 2786 1590 φυλάξαι
2823 1506 3045 1590 βιϐλίον
3077 1517 3188 1568 τῶν
3220 1511 3442 1588 ὁρκίων,

2293 1606 2359 1660 ⁸0
2391 1603 2528 1676 πρὸς
2561 1601 2806 1679 βασιλεῖς
2838 1602 2904 1671 ἦν
2935 1602 3250 1675 ὀμωμοκὼς
3284 1600 3478 1672 πάλαι,

2291 1696 2418 1748 Ὅτε
2448 1691 2758 1768 προσῆλθεν
2791 1689 2972 1748 ἄνακτ’
3001 1691 3059 1747 ἐκ
3089 1700 3188 1762 τῆς
3220 1690 3466 1756 Χαλδίας
3497 1711 3513 1727 ⁸

2119 1786 2259 1840 4870
2296 1787 2488 1838 τοῦτον
2519 1782 2619 1859 γὰρ
2649 1780 2999 1857 Ἀνδρόνικον
3031 1778 3162 1838 ὅντα
3192 1780 3404 1862 φυγάδα

2295 1874 2498 1930 Ἐθνῶν
2528 1892 2587 1927 τε
2615 1868 2844 1927 πολλῶν
2877 1869 3234 1946 διαμείψαντα
3263 1871 3488 1940 τόπους,

2297 1964 2449 2036 Παρὰ
2480 1959 2526 2016 δ’
2557 1961 2852 2038 Ἀλτοόχῳ
2882 1965 2960 2038 τῷ
2991 1965 3277 2037 κρατοῦντι
3310 1959 3550 2026 Χαλδίας

2296 2051 2466 2115 Τέλος
2491 2049 2868 2108 καταλύσαντα
2893 2050 2982 2107 καὶ
3015 2052 3360 2127 πεπαυμένον

2297 2142 2471 2214 ’Ἄλης
2500 2165 2557 2198 τε
2583 2147 2780 2217 πικρᾶς
2810 2140 2899 2196 καὶ
2932 2145 3152 2217 μακρῶν
3190 2139 3562 2222 περιδρομῶν,

2122 2243 2264 2299 4875
2300 2240 2700 2301 Μετακαλεῖται
2732 2241 3000 2310 Μανουὴλ
3034 2239 3386 2317 αὐτοκράτωρ

2297 2331 2396 2386 Καὶ
2430 2327 2694 2402 δεξιοῦται
2724 2327 2953 2407 δωρεαῖς
2984 2328 3361 2409 φιλοφρόνως,

2301 2423 2400 2480 Καὶ
2434 2422 2570 2497 πρὸς
2598 2420 2760 2477 πόλιν
2796 2418 2984 2478 Οἷ¹νεον
3020 2419 3234 2482 στέλλει
3267 2418 3495 2496 διάγειν,

2297 2514 2529 2585 Ὅρκους
2561 2511 2696 2586 πρὸς
2731 2509 2896 2565 αὐτοῦ
2927 2510 3049 2585 πρίν
3082 2532 3145 2588 γε
3174 2509 3642 2592 προσδεδεγμένος

2302 2603 2500 2677 Ὀρθῆς
2531 2601 2665 2674 πρὸς
2700 2599 2857 2655 αὐτὸν
2892 2601 3102 2674 ἀγάπης
3131 2600 3221 2655 καὶ
3254 2598 3440 2678 φιλίας
3475 2620 3486 2633 ·

2123 2695 2260 2750 4880
2297 2692 2506 2750 ”Επειτ’
2532 2690 2762 2765 ἀπῆρεν,
2795 2689 2868 2752 ὡς
2898 2687 3052 2766 ἔφην,
3085 2690 3135 2761 ἐξ
3163 2689 3382 2749 Οἷ’ναίου

2297 2783 2588 2854 Κομνηνὸς
2621 2777 2972 2862 ’Δνδρόνικος
3001 2779 3242 2860 Σίσυφος
3271 2781 3509 2858 τρόπους

2297 2873 2489 2945 Χώρας
2523 2870 2741 2934 ἐπιστὰς
2771 2875 2888 2932 τοῖς
2920 2868 3069 2944 ὅροις
3099 2867 3489 2952 Παφλαγόνων,

2299 2958 2552 3022 Πολλοὺς
2586 2958 2924 3020 ἐπεσπάσατο
2955 2959 3090 3036 πρὸς
3119 2962 3441 3038 συμμαχίαν

2295 3054 2394 3105 Καὶ
2426 3050 2738 3126 συνερίθους
2767 3057 2866 3119 τῆς
2898 3050 3090 3109 ἑαυτοῦ
3119 3050 3309 3113 κακίας
3345 3073 3356 3084 ·

2120 3144 2260 3199 4885
2298 3142 2431 3205 Μεθ’
2462 3142 2535 3195 ὧν
2570 3139 2736 3195 ἐπιὼν
2770 3140 2945 3200 πάντα
2973 3144 3149 3198 κυκῶν
3187 3137 3453 3218 ἰστρόὸει,

2297 3232 2396 3287 Καὶ
2431 3229 2650 3305 μᾶλλον
2685 3229 2833 3307 ᾧπερ
2867 3229 3144 3307 προύτίθει
3179 3229 3441 3312 δελητίῳ,

2292 3323 2381 3386 Ὠς
2411 3321 2542 3397 ὑπὲρ
2575 3319 2738 3383 αὑτοῦ
2767 3324 2864 3384 τοῦ
2895 3322 3017 3376 νέου
3043 3321 3311 3397 βασιλέως

2291 3415 2542 3470 ’Ἅπαντα
2570 3411 2659 3470 καὶ
2691 3407 2818 3488 δρᾷν
2856 3416 3158 3493 μηχανῷτο
3188 3412 3278 3473 καὶ
3311 3410 3514 3488 λέγειν.

2292 3496 2751 3577 Ηρωτοσεϐαστὸς
2785 3498 2831 3562 δ’
2861 3501 2927 3570 ἦν
2959 3499 3124 3563 πάλιν
3162 3503 3441 3575 μισητέος,

2118 3604 2258 3660 4890
2297 3601 2399 3659 Καὶ
2430 3606 2591 3656 πᾶσιν
2624 3601 2964 3680 ἀπόποργος
2996 3599 3056 3656 έκ
3081 3597 3432 3676 δυσπραξίας.

2293 3693 2383 3754 Ὠς
2414 3695 2520 3745 τῶν
2553 3691 2671 3755 καθ’
2696 3689 2859 3746 αὐτὸν
2896 3691 3208 3764 ὑπερόπτης
3237 3691 3526 3766 τυγχάνων

2300 3783 2401 3838 Καὶ
2438 3779 2720 3857 βασιλείας
2753 3779 2964 3856 ἀνέχων
2995 3781 3091 3843 τὰς
3122 3778 3414 3858 φροντίδας
3450 3799 3464 3814 ⁸

2294 3869 2464 3934 Οὐδὲν
2498 3871 2598 3946 γὰρ
2633 3871 2774 3941 ὑπῆν
2809 3877 2909 3940 τῆς
2941 3869 3081 3941 ὅλης
3110 3870 3450 3947 κραταρχίας

2249 4007 2255 4014 .
2297 3962 2364 4018 Ὃ
2398 3962 2474 4034 μὴ
2510 3957 2823 4034 διεξήνυστο
2852 3957 3014 4016 τοῦδε
3042 3963 3122 4032 τῷ
3153 3959 3338 4034 κράτει
3369 3979 3383 3994 '

2121 4052 2264 4108 4895
2299 4055 2387 4123 Τῷ
2416 4050 2659 4124 τοιπρὸς
2693 4045 3041 4117 Ἀνδρόνικον
3076 4049 3254 4110 ἅπασα
3285 4048 3449 4121 πόλις

2303 4136 2569 4203 Ἐλπίδας
2603 4136 2830 4192 ἀνέτεινε
2857 4140 2954 4206 τῆς
2987 4139 3284 4214 σωτηρίας,

2304 4229 2409 4286 Καὶ
2435 4225 2584 4283 τόνδ’
2615 4225 2795 4283 ἐκάλει
2826 4231 2928 4296 τῆς
2955 4225 3270 4306 τυραννίδος
3300 4226 3496 4307 λύτήν,

2306 4318 2403 4372 Καὶ
2437 4316 2733 4395 παρεκάλει
2767 4319 3058 4394 γράμμασι
3087 4315 3395 4394 λαθριδίοις

2303 4409 2410 4477 Τήν
2446 4406 2522 4468 είς
2558 4404 2949 4481 βασιλεύουσαν
2985 4403 3194 4462 εἶ’σοδον
3228 4407 3390 4464 πόλιν

2130 4499 2270 4556 4900
2304 4487 2695 4572 ’Καταταχῆσαι
2729 4493 2936 4576 μηδένα
2967 4493 3276 4566 δεδοικότα,

2309 4585 2470 4643 Ἀλλ’
2505 4584 2742 4658 ὑπτίαις,
2771 4586 2801 4641 ὅ
2832 4607 2981 4664 φασι,
3016 4588 3206 4663 χερσὶν
3236 4588 3485 4661 ἀσμένως

2310 4675 2780 4734 Ἀναπετασόντων
2807 4697 2866 4755 γε
2896 4674 3038 4750 τῷδε
3066 4676 3160 4740 τὰς
3193 4674 3392 4740 πύλας.

2307 4768 2368 4826 Ὀ
2397 4755 2452 4824 δ”
2475 4767 2724 4842 ἀσμένως
2757 4768 2851 4848 μὲν
2881 4768 2970 4822 καὶ
2999 4765 3116 4828 τάδ’
3149 4767 3212 4838 ἦν
3249 4765 3594 4848 δεδεγμένος,
3621 4821 3624 4824 ,

2310 4859 2424 4915 Ἀεὶ
2457 4856 2503 4914 δ’
2535 4857 2737 4940 ἐχώρει
2770 4857 2909 4937 πρὸς
2940 4864 3081 4935 σαφῆ
3114 4855 3425 4935 τυραννίδα,

2129 4952 2271 5008 4905
2308 4950 2527 5024 Χώραις
2557 4946 2724 5002 ἐπιὼν
2761 4945 3045 5028 φρουρίοις
3077 4968 3136 5001 τε
3172 4947 3262 5002 καὶ
3290 4947 3502 5010 τόποις.

2306 5037 2457 5097 Ἐπεὶ
2487 5036 2533 5092 δ’
2564 5037 2760 5103 ἐπέστη
2794 5037 2882 5096 καὶ
2917 5038 3159 5096 Βιθυνῶν
3194 5037 3411 5116 Νικαίᾳ,

2307 5128 2405 5185 Καὶ
2426 5124 2576 5199 τήνδ’
2609 5125 2748 5182 ἑλεῖν
2783 5121 3034 5186 ἔσπευδεν
3069 5125 3329 5207 αἱμύλοις
3363 5126 3570 5213 λόγοις,

2307 5219 2423 5277 Οὐκ
2451 5213 2608 5292 ἔσχεν
2635 5216 2796 5274 αὐτοῦ
2825 5221 2941 5279 τοῖς
2975 5205 3167 5296 λόγοι-ς
3195 5205 3501 5298 πειθηνίαν,
3609 5221 3612 5224 ’

2303 5307 2464 5368 Ἀλλ’
2495 5307 2749 5386 ἐμφανῶς
2781 5307 2846 5378 ἧν
2884 5305 3165 5368 ἆτίνακτος
3196 5304 3447 5376 ἀπάταις.

2127 5411 2270 5467 4910
2307 5407 2468 5465 Ἀλλ’
2498 5407 2573 5470 ὡς
2603 5400 2897 5478 ἐπιϐέϐηκε
2925 5412 3026 5478 τῆς
3056 5403 3434 5480 Νικομήδους,

2307 5499 2406 5553 Καὶ
2434 5495 2583 5568 τήνδ’
2615 5495 2955 5560 ἐπεσπάσατο
2985 5497 3124 5576 πρὸς
3157 5495 3504 5574 συμμαχίαν,
3577 5567 3584 5572 _

2306 5591 2437 5652 Μεθ’
2469 5588 2660 5663 ἱκανῆς
2693 5580 2922 5646 ἔσταλτο
2953 5584 3276 5661 ταξιαρχίας

2309 5677 2621 5754 Στρατηγὸς
2651 5672 3002 5755 Ἀνδρόνικος
3034 5673 3314 5754 Ἄγγελος
3345 5674 3490 5735 θέσιν

2305 5766 2449 5841 Πρὸς
2478 5765 2891 5841 ἀντιπαράταξιν
2927 5765 3041 5838 ἅμα
3059 5765 3150 5820 καὶ
3185 5767 3371 5840 μάχην
3410 5784 3422 5797 ’

3673 386 3775 444 188
