4076 6398
328 397 449 452 191-
1542 400 1917 455 ΕΡΗΒΒΜΙΙ

2146 400 2529 458 lNOGBAPHl
3647 397 3756 453 192

323 526 470 576 Tum
506 522 632 594 ipse
663 523 733 578 ad
760 523 964 578 urbem
998 523 1333 578 adventavit
1355 520 1599 594 regiam,

327 612 567 684 regique
601 612 823 667 humile
856 612 1071 667 obtulit
1103 612 1476 684 obsequium,

327 700 494 755 humi
528 704 882 772 prostratus,
920 701 1205 770 Iacrymas
1232 701 1617 772 profundens.

322 789 471 845 Exin
504 789 789 861 correptis
821 788 1157 861 reipublicae
1191 789 1460 855 habenis,

320 879 495 950 coepit
527 879 597 933 ad
626 879 937 934 arbitrium
968 884 1178 933 cuncta
1201 895 1375 933 suum
1409 893 1630 951 gerere.

321 969 390 1024 Et
413 984 605 1040 regem
640 968 875 1040 quidem
909 968 1236 1040 occupabat
1265 967 1581 1023 venatibus

325 1061 558 1113 astutus
589 1057 764 1114 horno
794 1062 850 1112 et
874 1056 1103 1112 lusibus
1135 1056 1368 1112 idoneis

2005 525 2058 590 Α

2265 523 2455 583 ’Όστις
2490 522 2667 596 ἀπῆρε
2696 521 2834 595 πρὸς
2861 519 3027 576 πόλιν
3063 518 3323 597 βασιλίδα

2260 612 2355 665 Καὶ
2389 615 2470 683 τῷ
2505 608 2723 685 βασιλεῖ
2754 610 3121 687 προσκύνησιν
3151 612 3443 685 προσνέμει

2086 701 2225 756 4975
2263 705 2510 767 Βαθεῖαν,
2545 698 2619 760 είς
2650 706 2753 774 γῆν
2789 700 3031 762 τανυθείς
3063 700 3153 753 xui
3186 696 3456 774 δακρύων·

2262 790 2471 841 Κοινῶν
2504 785 2690 841 ἔπειτα
2721 785 3059 861 πραγμάτιον
3094 783 3462 861 δεδραγμένος

2261 878 2507 952 Ἐχρῆτο
2537 874 2721 931 τοῖσδε
2749 875 2888 940 καθά
2914 877 2966 931 οἱ
2998 872 3351 951 δεδογμένον.

2261 965 2620 1040 Κυνηγεσίοις
2654 962 2875 1041 βασιλεῖ
2903 966 3265 1040 προσανέχειν

2262 1051 2483 1118 Ἐνδοὺς
2514 1054 2541 1108 ὁ
2575 1052 2749 1117 δεινὸς
2783 1050 3028 1116 παιδιαῖς
3058 1075 3118 1109 τε
3146 1050 3484 1129 προσφόροις

326 1146 594 1201 custodia
623 1154 855 1217 septum
890 1145 1049 1217 vigili
1081 1149 1137 1201 et
1171 1144 1453 1201 malevola
1485 1162 1499 1201 :

325 1236 452 1309 ipse
486 1235 722 1307 regendi
756 1235 989 1307 imperii
1021 1235 1284 1307 suscepit
1313 1252 1557 1303 curam;

323 1322 658 1379 mortalium
689 1323 817 1379 dira
846 1324 1120 1396 Erinnys,
1154 1328 1437 1379 cruentus
1470 1323 1654 1393 canis,

318 1413 621 1469 maleficus
654 1414 1051 1484 Andronicus,
1090 1414 1233 1483 proh
1270 1412 1615 1469 calamitas!

323 1519 389 1559 ac
423 1503 796 1558 manifestam
828 1502 1045 1557 invasit
1074 1502 1476 1574 tyrannidem.

323 1601 393 1656 Et
423 1599 683 1671 praemiis
715 1600 955 1671 quidem
980 1600 1206 1655 ornavit
1236 1601 1467 1657 eximiis

2086 1602 2227 1656 4985
2264 1594 2579 1671 Ἀμείϐεται
2616 1599 2709 1672 μὲν
2745 1596 2976 1674 δωρεαῖς
3008 1592 3201 1670 ἁϐραῖς
3234 1594 3373 1651 πάνυ

327 1706 463 1745 cum
488 1688 633 1744 alios
665 1688 883 1745 multos
914 1693 1039 1744 tum
1070 1688 1333 1761 apprime
1365 1688 1773 1762 Paphlagonas

2261 1688 2509 1750 ’Δλλους
2539 1709 2597 1743 τε
2626 1684 2875 1749 πολλοὺς
2907 1688 2995 1742 καὶ
3028 1685 3196 1741 πλέον
3230 1684 3592 1763 Παφλαγόνας

325 1778 424 1850 qui
456 1777 763 1834 rebellanti
796 1776 907 1833 sibi
944 1777 1226 1833 auxilium
1266 1778 1525 1833 tulerant
1558 1794 1571 1832 :

2266 1776 2384 1838 Iob:
2426 1773 2569 1848 τῷδε
2598 1777 3010 1850 συμπράξαντας
3034 1774 3386 1830 ἀποστασίαν·

324 1885 391 1923 ac
424 1867 742 1940 dignitates
772 1867 1113 1939 splendidas
1145 1867 1439 1924 sublimes

2008 1894 2056 1958 Β
2262 1868 2414 1938 Τιμᾷ
2445 1864 2503 1920 δὲ
2535 1864 2817 1940 λαμπραῖς
2847 1864 2936 1920 καὶ
2974 1864 3238 1939 μεγάλαις
3268 1861 3438 1935 ἀξίαις

2082 1154 2224 1210 4980
2264 1153 2415 1210 Μετά
2444 1151 2700 1230 φυλάκων
2733 1150 3012 1225 δυσμενῶν
3041 1150 3421 1207 κατασκόπων’

2259 1243 2465 1298 Ἐπειτ’
2496 1240 2803 1311 ἀνεζώσατο
2832 1242 3029 1297 κοινῶν
3056 1237 3317 1319 φροντίδα

2262 1334 2487 1406 Βροτῶν
2520 1331 2729 1407 ἰριννὺς
2760 1332 2851 1386 καὶ
2883 1329 3215 1408 φιλαίματος
3257 1329 3425 1399 κύων,

2260 1420 2481 1491 Ῥέκτης
2510 1442 2569 1476 τε
2598 1425 2778 1475 κακῶν
2809 1418 3180 1490 Ἀνδρόνικος,
3216 1418 3260 1472 ὦ
3291 1419 3495 1482 πάθους

2261 1511 2359 1564 Καὶ
2392 1513 2636 1587 φανερῶς
2665 1506 2845 1583 ἥψατο
2877 1516 2979 1579 τῆς
3004 1505 3337 1585 τυραννίδος.

324 1956 532 2013 amicis
563 1956 691 2013 suis
722 1957 992 2012 attribuit
1023 1964 1077 2013 et
1109 1974 1270 2013 noxae
1308 1956 1507 2013 sociis.

322 2046 593 2103 lllustres
624 2050 819 2101 autem
852 2046 1008 2102 viros
1038 2049 1095 2100 et
1121 2046 1336 2117 stirpes
1372 2045 1617 2103 nobiles.

326 2136 543 2208 partim
576 2136 802 2206 injusto
832 2151 1064 2190 carcere
1097 2134 1413 2203 conclusit,

327 2224 542 2298 partim
575 2225 772 2290 domo,
818 2223 1107 2297 cognatis,
1161 2224 1352 2297 patria
1382 2223 1583 2297 procul

327 2313 552 2370 nullius
583 2312 807 2386 pepulit
836 2313 1099 2368 criminis
1129 2314 1450 2382 convictos,

330 2402 477 2459 alios
509 2402 765 2475 denique
796 2402 983 2458 oculis
1013 2403 1279 2474 privavit.

330 2493 479 2563 Ergo
512 2492 731 2564 ubique
763 2492 1247 2564 miseria,ubique
1277 2492 1461 2563 dolor,

326 2581 583 2652 suspiria
615 2581 855 2652 ubique,
894 2581 1186 2654 lacrymaa,
1220 2582 1496 2651 ejulatus.

323 2680 467 2735 Nam
494 2680 845 2752 properabat
874 2679 1243 2735 Andronicus
1274 2680 1545 2736 homines

324 2770 598 2841 (breviter
630 2774 693 2825 ut
722 2768 936 2842 dicam)
969 2769 1174 2826 tollere
1206 2771 1276 2825 de
1310 2770 1500 2826 medio

321 2859 411 2915 vel
443 2874 654 2931 genere
684 2859 1055 2930 conspicuos,
1086 2858 1175 2914 vel
1209 2859 1476 2925 consilio,

322 2947 409 3002 vel
444 2948 575 3003 forti
611 2965 787 3002 manu
824 2948 1098 3018 praeditos
1129 2948 1216 3003 vel
1246 2947 1556 3019 prudentia
1585 2967 1600 3017 ;

327 3036 598 3092 videlicet
630 3041 695 3091 ut
724 3040 867 3101 tute,
904 3044 1125 3090 remoto
1158 3036 1343 3103 obice,

332 3125 556 3198 regium
589 3142 773 3197 genus
807 3124 1072 3181 funditus
1103 3129 1407 3180 extereret.

320 3220 394 3270 At
417 3214 703 3271 Mauuelis
735 3215 1009 3271 sultanus
1043 3219 1229 3270 morte
1261 3214 1520 3287 cognita,

2265 1955 2372 2017 Οὓς
2403 1954 2520 2030 εἶχε
2549 1954 2778 2016 πιστοὺς
2810 1955 2899 2009 καὶ
2934 1952 3218 2029 συνεργοὺς
3250 1951 3459 2013 κακίας·

2086 2046 2229 2101 4990
2266 2041 2501 2119 Ἀνδρῶν
2531 2042 2795 2116 ἐπιτίμων
2827 2040 2883 2097 δὲ
2909 2042 2998 2097 καὶ
3031 2039 3303 2115 λαμπρῶν
3332 2040 3496 2117 γένει,

2264 2135 2332 2191 Οἱ
2368 2135 2461 2205 μὶν
2496 2132 2762 2211 φυλακαῖς
2788 2131 3185 2208 έγκαθείργυντ’
3214 2130 3459 2205 ἀλόγως,

2264 2224 2327 2277 Οἱ
2362 2221 2409 2277 δ’
2438 2223 2615 2285 οῗκίας
2642 2243 2699 2277 τε
2726 2226 2994 2299 συγγενῶν
3024 2220 3113 2276 καὶ
3144 2217 3409 2295 πατρίδος

2267 2311 2490 2388 Μακράν
2522 2310 2906 2381 ἀπηλαύνοντο
2936 2309 3113 2387 χωρὶς
3138 2307 3337 2379 αίτίας,

2265 2399 2468 2459 ’Ἄλλοι
2503 2398 2549 2454 δ’
2581 2394 2973 2455 ἀπεσϐέννυντο
3004 2397 3244 2474 λύχνους
3276 2393 3568 2471 ὀμμάτων,

2089 2500 2229 2555 4995
2269 2498 2370 2555 Καὶ
2401 2498 2573 2552 πάντα
2605 2498 2774 2571 μεστά
2804 2502 3088 2575 συμφορᾶς
3119 2496 3185 2564 ἦν
3217 2494 3307 2549 καὶ
3339 2495 3545 2555 πάθους

2266 2589 2462 2665 Πλήρη
2499 2588 2747 2666 δακρύων
2780 2589 2869 2645 καὶ
2901 2593 3209 2666 στεναγμῶν
3242 2588 3333 2643 καὶ
3361 2586 3528 2664 γύων·

2264 2677 2529 2737 Ἕσπευδε
2557 2680 2646 2734 καὶ
2677 2679 2780 2755 γὰρ
2816 2676 3161 2752 Ἀνδρόνικος
3192 2676 3253 2732 ἐκ
3284 2677 3473 2750 μέσου,

2264 2770 2351 2831 Ὠς
2382 2766 2621 2823 συνελὼν
2652 2766 2887 2842 εἴποιμι,
2922 2771 3093 2823 θεῖναι
3124 2768 3343 2841 ταχέως

2267 2856 2619 2934 Προίῖχοντας
2648 2854 2844 2930 ἄνδρας
2884 2856 3143 2932 εὐγενεῖς,
3179 2852 3591 2933 βουληφόρους,

2083 2950 2227 3005 5000
2263 2947 2453 3022 Ῥώμῃ
2489 2944 2840 3025 διαφέροντας
2861 2945 2897 3014 ἢ
2928 2944 3017 3001 καὶ
3050 2943 3277 3013 συνέσει,

2260 3037 2350 3098 Ὠς
2381 3034 2428 3092 δ’
2460 3033 2631 3097 ἆδεως
2659 3056 2718 3090 τε
2746 3030 3021 3107 κωλύμης
3053 3034 3229 3104 πάσης
3262 3029 3391 3108 δίχα

2262 3122 2469 3199 ’Άρδην
2501 3124 2564 3179 τὸ
2599 3120 2872 3192 βασίλειον
2906 3120 3133 3197 ἐκτρίψῃ
3163 3121 3341 3198 γένος.

2259 3215 2321 3271 Ὀ
2354 3211 2401 3268 δ’
2429 3214 2493 3270 αὗ
2525 3210 2846 3281 σουλτάνος,
2880 3210 3150 3281 Μανουῆλ
3180 3208 3341 3285 γνοὺς
3365 3210 3456 3264 τὸν
3495 3209 3690 3285 μόρον.

1999 3263 2044 3330 C

320 3305 646 3377 Sozopolim
680 3303 981 3376 occupavit
1008 3302 1271 3376 aliasque
1304 3304 1503 3373 urbes,

322 3400 378 3451 et
408 3395 697 3467 Cotymam
730 3410 926 3449 arcem
960 3397 1188 3449 armata
1212 3410 1392 3448 manu
1429 3411 1446 3448 :

2261 3304 2505 3378 Κατέσχε
2536 3300 2883 3372 Σωζόπολιν,
2917 3299 3090 3363 ἄλλας
3117 3301 3163 3355 τ’
3196 3298 3261 3354 αὗ
3290 3298 3502 3368 πόλεις,

2081 3395 2226 3450 5005
2265 3392 2365 3448 Καὶ
2394 3393 2456 3448 τὸ
2488 3392 2778 3447 Κοτυάειον
2807 3388 2937 3446 ἄστυ
2965 3394 3034 3465 τῇ
3070 3391 3244 3465 μάχῃ⁸

322 3482 570 3556 insuper
603 3487 788 3539 terras
820 3483 1221 3538 Romanorum
1254 3481 1553 3552 proximas

324 3574 612 3648 plurimas
643 3573 756 3629 sibi
786 3573 1105 3628 vindicavit
1133 3571 1384 3627 bellans.

323 3665 440 3721 Nec
470 3680 603 3719 vero
631 3664 855 3719 interea
888 3663 1087 3718 minus
1107 3662 1458 3717 laborabant

325 3771 429 3827 per
460 3753 657 3809 Asiam
692 3752 826 3824 pagi
860 3752 1066 3807 rustici
1100 3749 1415 3821 multaeque
1449 3751 1620 3805 urbes

327 3842 479 3899 civili
511 3841 799 3898 seditione
830 3858 964 3896 cum
1000 3841 1177 3896 variis
1209 3840 1492 3895 caedibus.

327 3942 401 3996 At
430 3939 587 3995 enirn
620 3938 866 3995 callidus
896 3937 1270 3994 Andronicus
1296 3938 1497 3992 volens

332 4028 637 4085 studiosus
671 4028 825 4100 regis
859 4045 924 4083 ac
958 4044 1264 4100 peramans
1295 4027 1499 4098 videri,

329 4136 363 4174 ει
394 4117 726 4190 patriarcha
756 4134 888 4174 mox
920 4117 1185 4173 coronari
1209 4116 1392 4189 jussit

329 4207 746 4279 imperatorem
777 4212 1177 4263 Romanorum
1211 4205 1499 4273 Alexium,

332 4313 511 4368 quem
544 4296 670 4368 ipse
698 4296 954 4369 propriis
986 4294 1250 4351 humeris
1284 4299 1346 4349 ut
1368 4308 1563 4365 regem
1597 4292 1807 4347 extulit

328 4385 648 4441 sublimem
680 4384 741 4439 in
773 4389 1119 4457 suggestum
1141 4400 1277 4439 cum
1314 4383 1464 4438 fictis
1500 4381 1777 4451 lacrymis
1810 4399 1822 4436 :

328 4473 717 4545 quamobrem
745 4472 918 4543 vulgo
951 4484 1036 4527 est
1069 4471 1330 4527 creditus
1366 4475 1527 4542 patre
1561 4470 1788 4539 melior,

330 4562 605 4634 regisque
635 4558 1023 4617 adolescentis
1053 4565 1336 4631 tanquam
1372 4564 1530 4616 tutor
1563 4576 1576 4617 :

333 4652 434 4709 scd
466 4651 624 4707 enim
656 4649 816 4705 hunc
850 4649 1091 4721 projecit
1123 4664 1257 4704 mox
1280 4649 1337 4703 in
1373 4649 1742 4715 barathrum,

335 4745 398 4796 ut
429 4740 606 4796 David
640 4738 723 4795 ait
752 4738 971 4794 alicubi
1005 4754 1101 4793 rex
1128 4738 1424 4794 fatidicus.

331 4839 465 4894 Jam
499 4842 812 4909 postquam
845 4853 1049 4892 omnes
1082 4836 1328 4892 sustulit
1358 4853 1387 4891 e
1421 4836 1634 4905 medio,

334 4932 531 4983 mente
562 4926 825 4999 agitabat
854 4924 1059 4981 sedula
1088 4926 1351 4996 quotidie

2016 4616 2063 4681 D

2262 3482 2546 3555 Ῥωμαϊκά
2572 3477 2629 3536 δὲ
2653 3480 2742 3536 καὶ
2774 3481 3046 3557 πρόσοικα
3076 3478 3259 3555 χωρία

2262 3570 2502 3628 ΙΙλεῖστα
2532 3573 2909 3645 παρεστήσατο
2938 3574 3017 3641 τῷ
3052 3569 3239 3643 μάχης
3270 3566 3448 3640 νόμῳ.

2260 3662 2541 3736 Ἐπασχον
2575 3660 2686 3735 οὐχ
2715 3661 2881 3729 ἧττον
2914 3656 2972 3714 δὲ
3002 3656 3447 3734 δυστυχεστάτως

2265 3750 2509 3807 Ἀσιαναὶ
2539 3749 2725 3823 κῶμαί
2750 3770 2809 3804 τε
2833 3749 2923 3804 καὶ
2955 3745 3163 3804 πολλαὶ
3194 3744 3407 3815 πόλεις,

2084 3852 2227 3907 5010
2268 3850 2354 3920 Ἐξ
2386 3848 2657 3928 ἐμφυλίου
2690 3850 2924 3911 στάσεως
2957 3841 3336 3926 φθισιϐρότου’

2268 3935 2472 4001 Εὔνους
2509 3938 2725 4015 βασιλεῖ
2753 3939 2839 3993 xui
2875 3935 3241 4013 φιλόστοργος
3272 3932 3446 3999 θέλων

2267 4034 2454 4083 Δοκεῖν
2487 4032 2792 4102 πανοῦργος
2825 4023 3175 4103 Ἀνδρόνικος
3206 4024 3524 4099 τυγχάνειν,

2267 4116 2430 4193 Χερσί
2458 4118 2749 4194 στεφθῆναι
2780 4116 3045 4189 ποιμένος
3078 4110 3295 4169 σπεύδει
3324 4111 3469 4189 τάχα

2266 4208 2373 4265 Τὸν
2405 4205 2647 4279 Ἀλέξιον
2681 4204 3034 4281 αὐτοκράτορ’
3060 4203 3333 4271 Αὐσόνων,

2090 4300 2233 4357 5015
2268 4296 2474 4354 ’Ὃν-τιν’
2505 4295 2587 4350 ἐπ’
2619 4291 2787 4368 ὤμων
2822 4294 2895 4356 ὡς
2929 4291 3129 4348 ἄνακτα
3165 4291 3433 4368 βαστάσας

2271 4386 2388 4441 Ἐπ’
2420 4377 2738 4458 ὀκρίϐαντος
2771 4381 2954 4457 ἀνάγει
2981 4379 3324 4457 δακρυχέων

2269 4475 2431 4536 ’Ὸθεν
2462 4470 2603 4526 τισὶν
2638 4466 2785 4543 ἔδοξε
2815 4471 3019 4546 πατρὸς
3057 4468 3315 4545 βελτίων,

2273 4563 2370 4616 Καὶ
2402 4557 2661 4634 κηδεμὼν
2696 4558 2828 4614 εἷναί
2855 4581 2940 4621 τις
2969 4560 3198 4621 ἄνακτος
3231 4558 3373 4612 νέου·

2270 4654 2443 4728 ’Ἄρας
2469 4647 2526 4705 δε
2554 4646 2711 4705 τόνδε
2739 4647 3058 4725 κατέρῥαξεν
3093 4648 3169 4711 εἷς
3202 4646 3361 4725 χάος,

2088 4745 2232 4801 5020
2268 4744 2363 4803 ’Ὡς
2393 4761 2498 4796 που
2533 4738 2773 4813 μελῳδεῖ
2799 4733 2965 4793 Δαϐὶδ
2997 4739 3024 4793 ὁ
3058 4736 3430 4817 προφητάναξ,

2270 4829 2423 4889 Μετά
2451 4826 2508 4885 δὲ
2537 4829 2598 4884 τὸ
2629 4828 2940 4903 ξύμπαντας
2973 4826 3033 4882 ἐκ
3067 4826 3234 4901 μέσου
3266 4824 3479 4902 δρᾶσαι,

2270 4921 2359 4981 Ὧς
2394 4917 2659 4994 κυριεύων
2689 4923 2790 4986 τῆς
2823 4914 2962 4985 ὅλης
2985 4916 3324 4992 κραταρχίας

2270 5009 2370 5063 Καὶ
2394 5005 2559 5078 τήνδε
2597 5004 2774 5068 καθὼς
2808 5004 3023 5060 έσκόπει
3058 5002 3340 5081 διεξάγων,

2271 5093 2591 5153 ’Δναπολῶν
2626 5094 2690 5164 ἦν
2719 5095 2855 5149 κατά
2882 5098 3007 5149 νοῦν
3040 5094 3333 5169 ὁσημέραι,

334 5034 451 5089 quo
483 5020 652 5088 pacto
683 5019 869 5070 totum
904 5020 1134 5087 raperet
1159 5015 1469 5087 imperium

333 5122 559 5178 proque
591 5120 697 5160 suo
730 5109 860 5160 voto
892 5109 1119 5177 gereret
1149 5122 1215 5161 ac
1248 5106 1434 5160 libito.

338 5200 401 5251 In
438 5194 641 5266 primis
672 5193 874 5265 igitur,
903 5210 935 5248 o
967 5193 1153 5249 diram
1202 5194 1553 5250 sententiam
1583 5209 1595 5247 :

336 5288 525 5339 morte
556 5283 819 5354 reginam
855 5284 1098 5338 damnat
1128 5283 1523 5353 injustissima

334 5372 688 5428 criminibus
720 5372 1007 5442 confictis,
1040 5388 1290 5443 eamque
1311 5370 1522 5442 laqueo

336 5461 557 5516 crudeli
593 5462 960 5525 sutl‘ocatam,
985 5462 1104 5515 vita
1135 5458 1346 5529 spoliat
1380 5476 1393 5513 :

337 5556 532 5621 atque,
561 5568 593 5605 o
628 5552 993 5623 patientiam,
1026 5550 1255 5604 Christe
1287 5549 1437 5604 bone
1469 5554 1627 5604 tuam
1655 5549 1667 5605 l

2091 5197 2235 5252 5025
2275 5195 2372 5249 Καὶ
2403 5197 2594 5267 πρῶτα
2629 5191 2747 5265 μὲν,
2781 5197 2878 5271 φεῦ
2906 5194 3005 5260 τῆς
3037 5192 3403 5265 ἀπανθρώπου
3444 5186 3599 5261 δίκης
3630 5190 3643 5245 l

2222 5314 2225 5315 ν
2272 5282 2455 5357 Μόραν
2483 5283 2864 5357 κατακέκρικεν
2899 5278 3084 5336 ἄδικον
3124 5281 3264 5335 πάνυ

2274 5376 2390 5444 Τῆς
2422 5371 2750 5447 βασιλίσσης
2778 5369 2953 5433 αίτίας
2982 5367 3319 5435 ἀναπλάσας,

2270 5465 2375 5518 Ἠν
2406 5461 2701 5536 ἀπαγαγὼν
2734 5466 3010 5535 πνιγμονῆ
3044 5464 3212 5533 πικρᾷ
3248 5458 3389 5532 βίου,

2279 5557 2390 5620 Σῆς
2420 5550 2655 5625 ἀνοχῆς,
2693 5547 3039 5623 εὔσπλαγχνε
3069 5549 3260 5622 Χριστέ
3294 5568 3399 5620 μου
3436 5546 3609 5621 Δόγεί

2096 5642 2240 5698 5030
2278 5639 2509 5711 Ψάμμῳ
2538 5633 2808 5713 κρυϐῆναι
2833 5634 2999 5705 τῆσδε
3026 5636 3218 5710 νεκρὸν
3250 5635 3458 5708 ἀτίμως

2276 5728 2495 5789 Ἀκταῖς
2526 5724 2738 5782 κελεύει
2764 5732 2863 5795 τῆς
2891 5725 3166 5795 θαλάσσης
3204 5724 3281 5787 ὡς
3309 5723 3474 5799 τύχοι

340 5641 702 5711 arenajubet
732 5640 897 5695 obrui
932 5638 1176 5693 cadaver

336 5728 565 5783 marino
597 5730 890 5800 abjectum
926 5726 1121 5781 littore
1143 5726 1271 5782 sine
1298 5726 1540 5784 honore.
