2038 3210
142 194 199 223 193

239 253 355 287 Σπουδῆ
370 252 395 281 δ’
409 252 504 281 ἒπειτα
518 252 650 293 φρατρίας
666 252 856 291 Ἀνδρονίκου,

239 296 458 337 Συμόασιλεύιιν
475 296 649 335 Ἀνδρόνικος
664 296 816 335 προύκρίθη
833 315 835 317 ›

237 344 302 382 Νέῳ
319 341 430 382 βασιλεῖ
445 342 492 371 καὶ
507 342 609 381 κρὸἰτος
623 340 774 371 συνδέπειν.

142 391 219 420 5035
239 390 288 417 Καὶ
305 385 471 416 καταλαϐὼν
482 387 528 415 τὸν
544 388 612 415 Θεοῦ
628 386 711 424 μέγαν
726 385 811 423 δόμον

238 433 288 462 Καὶ
303 432 472 468 ταινιωθεὶς,
487 432 526 463 ὡς
542 430 602 463 ἔθος
620 431 814 470 στειοηφόροις,

238 480 338 516 Ἀρτον
350 476 450 512 δεῆσαν
466 476 592 515 οὐράνιον
608 474 753 513 λαμϐάνει·

240 524 291 553 Καὶ
307 523 377 551 κατὰ
391 524 512 562 φρικτῶν
525 521 620 559 ὀμνύει
639 521 796 559 μυστηρίων

240 570 277 597 Ἦ
295 568 350 605 μὴν
367 566 495 606 φυλάξειν
508 567 548 603 τῷ
561 567 614 602 νέῳ
629 563 795 605 στεφηφόρῳ

149 614 223 642 5040
241 611 336 640 His-rw
351 610 498 649 ἀκραιφνῆ,
515 610 561 637 καὶ
577 612 669 647 νεμεῖν
686 608 767 637 τοῦδε
782 609 874 647 κράτει

240 657 290 692 τὴν
308 655 425 690 δυνατήν
441 654 580 692 σύναρσιν,
597 655 634 685 ὡς
649 655 739 690 πατὴρ
757 653 848 691 φίλος.

243 700 319 730 Ἐπεὶ
334 699 360 728 δ’
373 697 427 727 ἔσω
439 698 546 737 γένοιτο
560 701 614 727 τῶν
630 699 786 736 ἀνακτόρων

242 743 447 783 ’Λναγορευθεὶς
465 743 592 782 βασιλεὺς
609 743 785 781 αύτοκρατωρ

243 790 380 827 Ἔφορκος
398 787 570 825 Ἀνδρόνικος
588 786 708 823 αἱμύλος
723 788 811 822 φύσει,

148 835 226 864 5045
244 834 365 870 Μνήμην
381 831 471 872 φέρων
487 832 600 860 ἔναυλον
613 833 714 870 ὁρκίων
728 831 781 867 ἔτι,

244 879 289 909 Ὦς
303 879 355 915 θὴρ
371 877 480 916 ἐφορμᾷ
493 879 533 913 τῷ
548 878 599 913 νέῳ
616 877 791 916 στεφηιρόρῳ,

245 923 298 951 Καὶ
312 920 387 950 τόνδ’
401 921 574 957 έθοινήσατο,
588 923 637 960 φεῦ
654 921 765 959 οἰκτροῦ
779 921 883 953 πάθους
902 922 908 949 l

245 967 333 1004 Τόξου
348 967 401 1004 γὰρ
416 966 496 993 αὐτὸν
510 968 646 1004 πνιγμονῆ
657 968 753 1002 νευρᾶς
768 965 875 1003 νύκτωρ

245 1011 311 1040 Βίου
327 1011 460 1049 παρόντος
475 1009 617 1048 δυστυχῶς
633 1010 771 1048 ὑπεζάγεὶ,

152 1058 228 1086 5050
247 1056 481 1085 Ἐπεισπεσόντων
495 1054 566 1090 τῷδέ
578 1066 659 1083 τινων
676 1054 787 1087 ἀδίκως.

247 1101 296 1130 Καὶ
314 1101 395 1137 σῶμα
412 1100 459 1137 μὶν
475 1098 570 1127 δίδωσι
588 1099 724 1136 θαλάττης
741 1100 828 1138 βάθει,

246 1145 303 1180 Τὴν
320 1143 344 1172 δ’
361 1144 392 1172 αὖ
407 1144 529 1184 κεφαλήν
547 1145 675 1181 σώματος
690 1145 865 1181 τετμημένην

248 1190 292 1219 Ἐν
307 1187 476 1228 παραϐύστῳ
492 1189 680 1224 καταποντίζει
697 1190 755 1226 (62)
771 1187 858 1226 τόπῳ.

246 1234 341 1266 Οὕτως
359 1234 487 1270 Ἀλεξίου
503 1233 531 1261 δέ
545 1234 674 1265 λιπόντος
693 1234 750 1272 βίον

154 1281 231 1308 5055
250 1276 423 1317 ’Δνδρόνικος
446 1279 587 1317 μόναρχος
603 1277 681 1318 ὤφθη
697 1281 747 1306 τοῦ
762 1279 888 1316 κρὸίτους,

250 1323 352 1355 Πολιὸς
368 1323 446 1361 ἀνὴρ,
463 1323 586 1362 ἀποφρὰς
601 1326 691 1351 κακῶν
707 1323 816 1361 {lix-rm,

250 1367 369 1405 Ἀνδρῶν
387 1367 490 1407 ἒριννὺς
503 1368 548 1395 καὶ
564 1367 730 1407 φιλαίματος
746 1368 844 1405 κύων,θ

250 1413 360 1451 Δράκων
378 1411 518 1452 δαφοινὸς,
533 1413 664 1451 σκορπίος
681 1413 870 1451 βροτοκτόνος,

250 1457 337 1486 Κακόν
353 1469 378 1486 τι
394 1458 550 1496 τερμέριον,
565 1455 633 1493 ᾅδης
648 1457 806 1495 παμφάγος,

156 1504 232 1531 5060
253 1502 321 1539 Στὺξ
338 1505 487 1541 συμφορῶν
502 1502 624 1540 γέμουσα
639 1501 775 1540 δακρύων⁷
795 1503 878 1540 γόων,

251 1547 348 1584 Φέναε,
365 1544 493 1583 σοϐαρὸς,
507 1547 653 1585 ἀγέρωχος
667 1546 713 1574 τὸν
729 1546 840 1584 τρόπον,

250 1591 400 1627 ’Δπατεὼν,
416 1592 487 1628 θὼψ,
502 1591 641 1627 ποικίλος,
657 1590 833 1629 χαμαιλέων,

246 1631 310 1665 Τῶν
325 1639 386 1668 καθ’
401 1635 496 1663 tau-rev
516 1633 702 1674 ὀργιλώτατος
717 1636 816 1673 γέρων,

250 1680 304 1708 Καὶ
322 1681 473 1720 μισοφαὴς,
491 1679 628 1718 δυσμενής
646 1680 791 1716 ὑπηκόοις,

159 1726 234 1754 m
253 1727 359 1762 Δήμιοθ
375 1724 480 1763 ἀνδρῶν
498 1724 611 1763 εὐγενῶν
628 1724 772 1763 ἀριστέων,

254 1770 307 1798 Καὶ
326 1768 466 1808 βασιλείου
481 1771 530 1797 τοῦ
543 1770 640 1808 γένους
655 1769 800 1807 ἀναιρέτης

253 1815 301 1847 ’ος
317 1812 485 1853 ¹παραλαϐὼν
501 1815 550 1849 τήν
571 1814 643 1842 ὅλων
661 1814 824 1852 αὐταρχίαν,

252 1861 368 1896 Μνηστῇ
384 1859 507 1900 συνήφθη
524 1859 593 1896 πρὸς
606 1858 712 1896 γάμους
724 1859 848 1894 Ἀλεξίου

256 1905 323 1931 Δίαν
339 1903 465 1940 ἀθέσμως
480 1902 648 1942 φιλόπορνος
662 1906 698 1931 ῶν
715 1904 811 1941 γέρων.

161 1949 237 1978 5070
255 1948 419 1986 Ἐκλιπαρεῖ
433 1947 463 1976 δὲ
477 1949 650 1987 πατριάρχῃν
666 1947 799 1984 ποιμένας

254 1994 310 2022 Τοῦ
325 1992 395 2031 πρὺς
409 1992 545 2027 Μανουὴλ
562 1993 655 2030 ὁρκίου
672 1990 767 2020 λαϐεῖν
784 1992 871 2020 λύσιν·

252 2037 287 2066 οἶ
303 2035 380 2072 δ’κὼς
394 2037 428 2065 τὰ
442 2037 528 2065 πάντα
545 2037 614 2075 πρὸς
631 2038 712 2075 χάριν
729 2037 772 2064 καὶ
791 2036 883 2076 φιλίαν

252 2083 365 2118 Δεσμιῖν
380 2092 409 2109 τε
424 2080 499 2109 λύειν
514 2082 582 2120 πρὸς
598 2084 665 2109 Θεοῦ
687 2080 855 2119 δεδεγμένοι,

252 2126 421 2163 Ἀμνηστίαν
437 2125 548 2163 ἔνειμαν
562 2125 762 2163 ἠνομημένων,

159 2172 234 2200 5075
253 2171 302 2199 Καὶ
319 2169 398 2198 λύσιν
412 2170 500 2209 ὅρκων
519 2169 659 2199 ’δυσλύτων
675 2173 715 2208 τῷ
730 2170 874 2208 πεμπέλῳ·

252 2215 307 2244 Καὶ
320 2215 423 2254 φαῦλον
441 2215 523 2253 ἔσχον
540 2215 710 2252 ἀντιμισθίαν
727 2215 819 2254 γέρας,

254 2262 330 2300 Σφᾶς
346 2258 524 2298 συνεδρεύειν,
541 2259 564 2287 εἷ
579 2260 672 2298 τύχοι,
688 2259 848 2297 καθημένῳ.

255 2304 362 2334 Τούτου
376 2306 606 2342 τυραννήσαντος,
622 2305 660 2337 ὡς
674 2304 723 2344 ἔφη
741 2303 835 2344 λόγος,

254 2350 454 2377 ’Λποστατοῦσι
469 2351 519 2377 τοῦ
534 2350 651 2388 κράτους
665 2351 720 2377 τῶν
736 2349 874 2386 Αὐσόνων,

160 2395 237 2423 5080
255 2393 349 2423 Εἴκειν
363 2393 487 2431 τυράννῳ
505 2395 542 2431 μὴ
560 2393 688 2426 θέλουσαι
704 2394 771 2432 πρὸς
785 2393 858 2432 βίαν,

256 2439 367 2477 Προῦσά
380 2449 409 2466 τε
422 2438 469 2466 καὶ
484 2438 582 2466 Νίκαια
599 2439 719 2466 Βιθυνῶν
736 2437 841 2469 πόλεις.

257 2484 390 2522 Στρπιᾶν
407 2483 503 2511 ούκοῦν
517 2481 693 2521 Ἀνδρόνικος
709 2482 834 2519 ὁπλίσας,

257 2528 330 2556 Εὐοὺ
343 2527 460 2560 Νικαίας
473 2526 542 2556 ἵεται
558 2528 648 2564 θυμοῦ
663 2527 761 2564 πνέων,

259 2573 309 2601 Καὶ
324 2571 402 2608 τήνδ’
415 2572 488 2600 ἑλεῖν
502 2571 616 2600 ἔσπευδε
629 2572 822 2610 τειχομαχίαις

160 2618 238 2646 5085
258 2617 308 2644 Καὶ
325 2618 466 2654 μηχαναῖς
479 2627 510 2655 γε
524 2616 569 2644 καὶ
588 2616 690 2654 μάχαις
705 2616 904 2655 πολυτρόποις.

259 2660 346 2691 Οὐδὲν
362 2661 449 2689 πλέον
466 2659 490 2688 δ’
504 2659 585 2696 ἤνυεν
601 2661 678 2693 ἱστὰς
691 2662 741 2696 τὴν
760 2662 866 2699 μάχην,

257 2704 338 2735 Ἀλλ’
351 2705 387 2741 ἢν
402 2705 497 2740 ἀσινὴς
511 2705 651 2737 ἆτίνακτος
665 2707 683 2740 ἡ
698 2705 790 2742 πόλις,

258 2753 328 2782 Ταῖς
345 2752 485 2790 μηχαναῖς
497 2759 527 2778 τι
541 2750 586 2777 καὶ
600 2747 690 2778 ϐελῶν
704 2753 764 2782 ταῖς
776 2750 896 2789 νιφάσιν.

993 255 1017 288 Β

997 945 1021 977 Β

1001 1631 1022 1664 C

185 2860 245 2898 (62)
259 2857 332 2895 Cod,
345 2859 547 2893 κατακοντιζει.

911 191 1011 236 CRBA
1014 192 1093 220 RES.

1802 192 1855 221 194

1032 258 1097 284 Mox
1112 256 1272 292 conjuratas
1288 265 1349 286 suae
1364 256 1500 285 factionis
1517 256 1616 285 studio

1033 301 1132 329 socius
1148 301 1265 338 imperii
1280 302 1472 330 Andronicus
1486 301 1608 336 dicitur,

1033 347 1066 373 ut
1075 345 1185 381 juvene
1199 354 1267 374 cum
1282 355 1350 383 rege
1366 355 1427 374 rem
1445 354 1594 374 summam
1610 347 1734 382 gereret.

1032 388 1126 425 Igitur
1140 391 1332 427 progrediens
1347 391 1376 418 in
1392 390 1536 426 templum
1555 389 1730 424 maximum,

1033 441 1114 462 more
1126 434 1262 470 solemni,
1280 435 1447 463 redimittur
1457 436 1625 470 stemmate,

1033 481 1120 515 atque
1133 479 1242 507 ccelesti
1259 480 1314 508 rite
1329 488 1404 516 pane
1419 480 1550 508 vescitur

1032 523 1133 559 ibique
1150 524 1346 552 formidandis
1363 525 1392 551 in
1409 524 1558 560 mysteriis

1031 568 1113 603 jurat
1129 577 1159 596 se
1177 569 1265 596 ﬁdem
1282 568 1461 597 adolescenti
1478 568 1537 603 regi

1035 612 1188 640 immotam
1206 616 1404 646 servaturum,
1422 613 1547 648 ejusque
1562 612 1687 648 imperio

1035 665 1086 692 pro
1102 657 1214 684 viribus
1230 657 1380 684 fauturum
1397 660 1429 684 ut
1444 659 1558 693 patrem
1576 657 1669 684 decet.

1036 701 1144 729 Deinde
1160 702 1274 737 regium
1290 702 1447 737 ingressus
1464 701 1608 737 palatium

1036 747 1274 782 acclamatusque
1290 754 1339 773 rex
1353 749 1382 773 et
1395 746 1556 781 imperator

1036 790 1157 827 perﬁdis
1173 791 1359 819 Andronicus
1377 790 1529 818 blanditiis
1545 798 1628 822 usus,

1036 838 1181 863 recentem
1198 835 1374 863 sacramenti
1392 835 1566 863 memoriam
1583 842 1699 870 gerens,

1036 879 1115 908 illico
1132 888 1229 916 regem
1241 881 1381 915 juvenem
1397 880 1576 916 aggreditur,

1036 932 1163 960 eumque
1177 927 1296 959 mactat,
1313 924 1384 960 proh
1401 925 1526 960 lugubre
1540 924 1654 951 facinus
1668 924 1673 950 Ι

1039 970 1153 997 Etenim
1169 978 1254 997 arcus
1271 977 1359 999 nervo
1376 971 1462 996 noctu
1480 968 1658 1004 strangulat,

1039 1014 1140 1049 sicque
1157 1014 1304 1041 infelicem
1320 1014 1385 1041 vita;
1403 1012 1528 1049 imponit
1539 1013 1639 1046 ﬁnem,

1040 1067 1111 1086 usus
1128 1059 1162 1086 ad
1181 1059 1209 1086 id
1226 1058 1423 1094 quorumdam
1441 1058 1543 1093 iniquo
1559 1057 1666 1085 olﬁcio.

1040 1103 1074 1130 Et
1091 1112 1198 1139 corpus
1212 1103 1331 1139 quidem
1349 1103 1455 1138 mergit
1471 1102 1617 1138 profundo
1634 1101 1720 1136 mari,

1040 1148 1175 1175 avulsum
1194 1150 1290 1176 autem
1306 1148 1468 1175 cervicibus
1481 1149 1570 1182 caput

1041 1196 1152 1220 secreto
1169 1193 1231 1220 loco
1248 1193 1451 1228 sepeliendum
1468 1194 1562 1219 curat.

1042 1238 1090 1264 Sic
1106 1246 1174 1273 ergo
1190 1237 1289 1265 Alexio
1306 1238 1460 1265 deserente
1475 1237 1577 1269 vitam,

1042 1282 1124 1312 solus
1141 1282 1298 1318 imperium
1315 1281 1616 1315 tenuitAndronicus,

1040 1327 1084 1354 vir
1099 1335 1201 1361 canus,
1217 1327 1410 1354 detestandus
1426 1328 1455 1352 et
1466 1324 1629 1357 maleﬁcus,

1041 1372 1148 1398 civium
1167 1371 1302 1407 Erinnys,
1319 1371 1447 1406 caedique
1463 1368 1607 1397 anhelans
1622 1368 1713 1400 canis.

1041 1416 1128 1443 draco
1145 1418 1295 1448 cruentus,
1313 1414 1506 1450 scorpiusque
1521 1413 1650 1445 lethil‘er,

1041 1460 1222 1488 horrendum
1238 1462 1416 1493 monstrum,
1429 1467 1514 1486 orcus
1530 1457 1720 1490 insatiabilis,

1042 1507 1110 1541 Styx
1127 1505 1213 1540 plena
1229 1504 1367 1539 miseriis,
1384 1503 1557 1540 gemitibus,
1573 1502 1723 1538 lacrymis,

1042 1549 1174 1583 dolosas,
1192 1549 1327 1582 tetricus,
1346 1548 1478 1576 moribus
1494 1547 1642 1583 superbis,

1041 1594 1187 1630 deceptor,
1204 1596 1382 1628 assentator,
1397 1592 1570 1628 versipellis,
1587 1591 1698 1625 varius,

1043 1647 1131 1666 senex
1147 1646 1267 1666 suorum
1284 1640 1451 1674 temporum
1469 1636 1697 1670 furiosissimus,

1043 1679 1204 1715 lucifugus,
1221 1681 1250 1706 et
1264 1678 1293 1705 in
1311 1678 1447 1705 subditos
1462 1677 1506 1704 ira
1522 1676 1636 1712 plenus,

1044 1726 1179 1751 natorum
1195 1723 1259 1750 loco
1275 1722 1366 1750 nobili
1383 1723 1512 1749 virorum
1531 1720 1672 1754 carnifex,

1045 1767 1172 1804 denique
1188 1768 1273 1804 regite
1290 1767 1451 1795 exstinctor
1466 1765 1620 1803 prosapie.

1045 1813 1100 1845 Qui
1117 1806 1234 1840 summo
1250 1820 1347 1840 rerum
1366 1813 1506 1847 occupato
1523 1809 1646 1846 imperio

1044 1857 1135 1885 Alexii
1153 1866 1292 1893 sponsam
1309 1856 1364 1884 sibi
1381 1856 1493 1893 nuptiis
1505 1855 1616 1891 junxit,

1046 1902 1155 1930 scelere
1171 1902 1328 1930 manifesto
1345 1903 1489 1929 scortator
1504 1908 1602 1928 senex.

1045 1947 1122 1978 Quin
1139 1946 1319 1974 sacramenti
1335 1945 1461 1974 Manueli
1477 1944 1601 1981 μεωεῐίιί

1047 2000 1063 2019 a
1079 1991 1246 2027 patriarcha
1262 1990 1345 2026 petiit
1360 1992 1446 2025 atque
1462 1988 1609 2025 episcopis

1047 2034 1261 2062 absolutionem
1280 2042 1286 2061 :
1305 2034 1354 2069 qui
1372 2032 1529 2061 servientes
1545 2031 1645 2068 gratiae

1047 2088 1098 2116 pro
1116 2088 1169 2107 suo
1185 2078 1296 2115 ligandi
1313 2077 1502 2113 solvendique
1518 2076 1639 2104 arbitrio

1048 2124 1190 2152 divinitus
1206 2131 1355 2157 concesso,
1374 2123 1517 2150 dederunt
1532 2121 1658 2154 veniam,

1049 2172 1109 2197 tam
1126 2169 1207 2205 gravi
1224 2171 1409 2196 sacramento
1425 2166 1571 2195 solventes
1587 2173 1686 2193 senem
1704 2173 1710 2192 :

1051 2214 1267 2249 ridiculumque
1284 2213 1448 2240 retulerunt
1463 2211 1628 2248 praemium.

1049 2267 1153 2293 nempe
1169 2261 1202 2286 ut
1217 2266 1284 2286 eum
1301 2257 1366 2294 ipso
1380 2257 1528 2285 interdum
1545 2255 1743 2283 considerent.

1049 2303 1107 2331 Hoc
1122 2305 1284 2335 exercente,
1301 2305 1334 2330 ut
1349 2302 1489 2335 diximus,
1504 2300 1701 2337 tyrannidem,

1050 2356 1066 2375 a
1081 2349 1280 2375 Romanorum
1297 2346 1427 2374 defecere
1443 2345 1578 2381 imperio,

1050 2394 1200 2427 propterea
1217 2391 1294 2427 quod
1311 2393 1435 2427 tyranno
1454 2398 1555 2426 parere
1572 2389 1694 2422 nollent,

1050 2437 1138 2464 urbes
1154 2436 1296 2473 Bythiniae
1313 2436 1405 2463 Prusa
1419 2437 1447 2462 et
1461 2434 1567 2462 Nicaa.

1049 2481 1144 2516 Igitur
1159 2480 1344 2508 Andronicus
1360 2480 1505 2507 instructo
1521 2478 1649 2506 exercitu

1050 2526 1151 2553 statim
1167 2525 1291 2552 Nicaeam
1309 2524 1402 2561 pergit
1416 2524 1489 2551 iram
1506 2523 1634 2558 spirans,

1052 2578 1141 2606 quam
1162 2570 1312 2598 nitebatur
1326 2577 1427 2604 capere
1444 2568 1549 2596 moenia
1565 2567 1716 2602 quatiens,

1052 2618 1081 2642 et
1097 2613 1243 2642 machinis
1259 2616 1287 2640 et
1302 2614 1381 2640 vario
1398 2620 1502 2648 pugnae
1519 2619 1633 2647 genere.

1050 2659 1108 2687 Nec
1123 2661 1223 2686 tamen
1240 2658 1313 2686 bene
1329 2657 1424 2686 evenit
1439 2656 1620 2693 oppugnatio

1052 2704 1103 2731 sed
1120 2703 1206 2731 ﬁrma
1221 2702 1291 2730 urbs
1307 2702 1458 2738 perstabat
1472 2705 1559 2737 atque
1574 2699 1732 2728 incolumis

1053 2747 1206 2776 machinas
1221 2749 1324 2776 contra
1338 2746 1524 2782 telorumque
1541 2745 1668 2773 nimbos.
