4076 6414
388 356 495 413 195
1606 355 1978 409 ΕΡΗΒΛΕΜΠ

1606 355 1978 409 ΕΡΗΒΛΕΜΠ
2014 352 2589 415 WOGBAPHI

380 481 494 538 Sed
527 479 649 552 regi
683 480 950 548 demum,
980 478 1238 551 acceptis
1269 478 1735 549 conditionibus,

380 571 562 627 cessit
591 570 662 625 ad
696 569 1017 642 pristinum
1042 568 1311 625 ordinem
1343 572 1638 625 revertens

378 661 571 717 Nicaea
601 659 867 732 pulchris
898 660 1174 716 domibus
1207 660 1585 730 turribusque
1617 660 1928 715 instructa.

377 752 542 807 Tunc
572 751 818 807 Prusam
852 749 1223 806 Andronicus
1253 753 1447 805 castra
1479 746 1788 804 transtulit

380 841 639 897 exercitu
671 856 807 897 cum
838 840 1052 907 valido,
1081 839 1438 909 structisque
1469 838 1676 905 vineis,

378 936 436 986 ct
464 930 617 987 vallo
649 931 1052 1001 circumjecto,
1087 928 1382 1000 variisque
1414 928 1731 997 machinis,

374 1022 581 1077 urbem
614 1021 868 1077 summis
897 1020 1123 1075 viribus
1154 1019 1482 1075 conabatur
1509 1035 1738 1091 capere.

372 1111 483 1166 Sed
517 1114 711 1165 tamen
749 1109 848 1165 illa
873 1108 1186 1166 resistebat
1217 1108 1467 1176 fortiter,

370 1199 875 1272 propulsabatque
907 1199 1216 1255 machinas
1248 1203 1308 1255 et
1338 1196 1772 1269 aggressiones.

372 1299 465 1356 Sic
498 1301 877 1372 pugnabatur
905 1300 979 1356 ab
1010 1304 1260 1371 utroque
1291 1298 1549 1354 exercitu

370 1406 523 1461 saepe
549 1390 810 1461 repetitis
836 1406 940 1462 per
969 1390 1125 1445 diem
1154 1387 1396 1459 prasiiis,

371 1478 714 1551 bellumque
742 1479 917 1551 longo
948 1479 1295 1535 trahebatur
1323 1482 1606 1549 tempore.

371 1568 672 1625 Postremo
702 1568 1031 1626 laborasset
1050 1584 1186 1624 cum
1210 1584 1421 1623 murus
1442 1566 1665 1637 leviter,

369 1659 687 1714 subrutum
718 1657 873 1715 cives
904 1672 1148 1731 prorsus
1178 1657 1577 1727 crediderunt,

368 1752 426 1803 et
456 1764 589 1804 mox
621 1747 858 1804 ruinam
890 1752 1220 1804 tracturum
1245 1751 1567 1803 extremam
1603 1761 1618 1803 :

368 1853 496 1908 quae
522 1854 614 1894 res
648 1834 996 1893 bellantium
1026 1837 1191 1893 intus
1220 1835 1462 1893 resolvit
1494 1850 1735 1904 manus,

370 1927 726 1999 mortalique
754 1922 991 1983 animos
1019 1926 1280 2000 pulsavit
1306 1930 1493 1984 metu.

367 2016 532 2073 Tunc
562 2018 889 2088 obessores,
923 2022 1290 2089 repugnante
1318 2015 1577 2084 nemine,

368 2105 430 2162 in
462 2108 669 2163 urbem
701 2107 1106 2178 irrumpebant
1130 2107 1328 2162 studio
1359 2105 1535 2161 alacri

369 2199 848 2268 superabantque
876 2197 1167 2269 appositis
1199 2196 1414 2253 moenia
1444 2194 1641 2251 scalis.

368 2291 547 2343 Porro
572 2286 944 2343 Andronicus
980 2287 1107 2359 ipse
1138 2288 1196 2343 in
1224 2288 1429 2342 urbem
1464 2286 1638 2341 irruit

368 2393 473 2433 ceu
504 2377 754 2433 violenta
785 2378 904 2433 fera
931 2376 1138 2448 leoque
1179 2377 1441 2447 rugiens,

370 2483 611 2538 suisque
645 2466 742 2521 irae
775 2470 832 2521 et
860 2466 1078 2539 gladio,
1113 2465 1256 2538 proh
1289 2464 1493 2521 dolorl
1528 2464 1686 2520 cives

364 2560 608 2610 cunctos
639 2555 1067 2626 propemodum
1100 2555 1533 2611 consumendos
1562 2550 1836 2609 tradidit.

364 2658 553 2726 Atque
585 2653 731 2709 alios
763 2653 1001 2726 quidem
1034 2652 1160 2709 diro
1192 2653 1482 2727 supplicio
1512 2652 1771 2719 enecuit,

368 2743 498 2800 aliis
532 2742 811 2799 exstinxit
840 2745 1040 2798 lumen
1070 2742 1402 2812 oculorum,

360 2833 495 2889 aliis
527 2838 846 2905 utrumque
878 2834 1085 2904 pedem
1113 2832 1338 2888 abscidi
1362 2832 1574 2902 jussit,

361 2927 421 2978 at
452 2936 665 2979 manus
697 2920 851 2989 aliis,
884 2920 996 2978 heu
1029 2922 1477 2994 sanguinarium
1510 2918 1812 2976 animuml

362 3011 481 3067 Hos
509 3010 694 3067 oculis
725 3009 1047 3084 digitisque
1078 3012 1331 3083 privavit
1358 3010 1565 3079 simul,

362 3100 497 3157 illos
526 3101 788 3157 vicissim
824 3101 1074 3172 pedibus
1105 3106 1281 3173 atque
1310 3100 1517 3169 oculis,

359 3193 433 3247 At
460 3192 832 3247 Theodorum
864 3190 1180 3263 Angelum,
1214 3191 1327 3247 heu
1359 3188 1549 3247 diram
1584 3190 1850 3261 poenam)

361 3279 793 3337 adolescentem
819 3280 1077 3337 nobilem
1108 3286 1163 3337 et
1194 3278 1659 3353 pulcherrimum

361 3371 591 3427 effossis
622 3370 810 3427 oculis
842 3387 1022 3427 senex
1051 3371 1506 3427 crudelissimus

360 3459 527 3515 asino
559 3459 660 3515 vili
694 3460 978 3531 imposuit
1008 3459 1233 3531 absque
1260 3460 1429 3527 duce,

368 3549 769 3622 Romanisque
804 3550 1024 3605 finibus
1056 3549 1259 3620 procul
1290 3550 1512 3622 expulit
1542 3564 1557 3605 ξ

364 3655 541 3710 quem
572 3640 978 3695 errabundum
1007 3639 1370 3695 invenientes
1402 3639 1605 3696 Turcaa

362 3728 489 3784 suis
512 3734 860 3801 receperunt
891 3729 1167 3786 domibus
1201 3733 1258 3785 et
1288 3728 1567 3802 hospitio,

361 3822 421 3874 et
450 3834 569 3890 qua
599 3836 705 3892 par
733 3824 858 3875 erat
886 3820 1268 3876 confoverunt
1300 3836 1461 3876 cura.

362 3916 616 3973 Leonem
648 3918 791 3974 item
823 3919 1169 3990 cognomine
1197 3918 1506 3992 Synesium

358 4011 416 4063 et
447 4006 777 4065 Manuelem
809 4007 1141 4066 Lachanam
1173 4010 1440 4083 egregios
1480 4008 1659 4078 viros,

357 4113 491 4152 cum
520 4098 913 4170 quadraginta
942 4099 1171 4155 circiter
1201 4098 1599 4157 ornatissimis

354 4187 546 4258 deque
577 4187 859 4259 primaria
890 4190 1194 4246 nobilitate
1221 4187 1588 4259 hominibus,

356 4277 779 4336 miserabiliter
809 4280 991 4336 ramis
1022 4274 1337 4353 suspendit
1369 4278 1647 4335 arborum

353 4382 482 4438 quas
514 4368 669 4423 circa
695 4367 901 4425 urbem
932 4373 1183 4425 Prusam
1215 4367 1654 4440 germinabant.

349 4456 443 4511 Sic
474 4461 609 4529 post
635 4456 892 4515 inﬂictas
919 4457 1377 4530 quamplurimis
1404 4474 1629 4529 pcenas,

351 4543 516 4602 illinc
548 4546 620 4603 ad
655 4546 860 4604 urbem
892 4546 1130 4603 transiit
1163 4546 1510 4618 LOpadium,

349 4634 551 4709 ibique
585 4634 712 4709 pari
748 4641 1059 4709 grassatus
1090 4633 1332 4702 saevitia,

349 4730 752 4799 exceecatoque
781 4724 960 4781 etiam
996 4740 1112 4806 uno
1145 4722 1440 4796 episcopo,

350 4831 465 4871 non
493 4815 665 4886 quasi
696 4820 939 4881 temere,
970 4814 1072 4869 sed
1107 4813 1356 4870 conﬁcta
1389 4830 1605 4883 causa;

349 4905 420 4960 ad
455 4902 844 4977 principalem
876 4903 1079 4959 urbem
1107 4903 1317 4976 pedem
1352 4902 1572 4975 retulit,

349 4994 616 5067 gaudens
650 4992 903 5050 Cadmea
936 4992 1151 5050 misere
1181 4992 1448 5063 victoria,

351 5086 529 5155 atque
561 5081 719 5138 civili
746 5085 1034 5156 sanguine
1066 5084 1201 5139 fuso
1232 5083 1507 5154 gestiens.

348 5180 616 5238 Habebat
650 5181 1025 5239 Andronicus
1058 5183 1342 5240 audacem
1378 5181 1671 5239 famulum

350 5268 608 5327 similem
641 5287 906 5343 prorsus,
940 5276 1006 5328 ut
1038 5271 1222 5343 aiunt,
1257 5289 1363 5329 suo
1393 5272 1598 5344 simili,

351 5374 570 5430 acrem,
603 5361 912 5428 audacem,
942 5365 1197 5433 turpem,
1231 5361 1659 5434 sanguinarim,

349 5464 530 5519 seque
562 5451 825 5507 studiose
850 5451 1317 5508 contormantem
1350 5452 1610 5525 domino,

348 5538 640 5595 malorum
675 5541 1158 5609 instrumentum,
1193 5546 1492 5597 eruentem
1522 5542 1711 5599 virum

346 5624 589 5698 plenum
624 5630 852 5686 malitia
878 5629 1213 5699 acerbitate,
1248 5628 1386 5700 bile,

342 5714 560 5774 immiti
595 5719 903 5792 rigidaque
934 5724 1150 5777 natura
1178 5719 1485 5791 praeditum

2060 478 2119 546 Α
2326 478 2515 549 Ὅμως
2550 472 2755 531 ὑπείκει
2793 475 3008 550 βασιλεῖ
3039 474 3350 555 συμφωνίᾳ,

2140 566 2285 622 5090
2325 566 2424 621 Καὶ
2455 566 2556 635 τὴν
2587 565 2715 642 πρὶν
2749 561 2994 622 ἀπέλαϐε
3021 566 3166 638 τάξιν
3200 565 3468 640 ἐννόμως,

2315 656 2513 712 Νίκαια
2544 654 2929 733 καλλίπυργος
2962 657 3019 713 εὗ
3059 657 3365 731 ᾠκισμένη.

2314 744 2607 823 Ἐφίστατο
2641 743 2698 802 δὶ
2727 746 2821 804 καὶ
2854 750 3175 822 Προυσαόων
3207 747 3367 804 πόλει

2312 836 2464 891 Μετὰ
2493 842 2747 912 στρατιᾶς
2781 835 3036 912 βασιλεὺς
3072 836 3387 912 ῥωμαλὲας·

2311 925 2416 981 Καὶ
2448 926 2663 1001 χάρακα
2694 926 2805 991 θεὶς
2833 929 3227 1005 τειχομαχίαις
3257 927 3417 991 δλαις

2130 1023 2273 1080 5055
2312 1024 2411 1079 Καὶ
2455 1030 2733 1100 μηχαναῖς
2756 1021 2989 1081 ἔσπευδε
3018 1027 3264 1083 καθελεῖν
3296 1026 3482 1083 πόλιν·

2312 1112 2465 1170 Ἀλλ’
2494 1117 2529 1184 ἡ
2562 1114 2729 1177 πόλις
2761 1114 2828 1184 ἦν
2856 1114 3140 1192 ἀντέχουσ’
3172 1114 3529 1193 ἰρρωμινως,

2311 1203 2410 1257 Καὶ
2443 1208 2695 1279 μηχανὰς
2728 1204 2933 1259 λύουσα
2964 1205 3131 1280 ῥᾷστα
3161 1205 3251 1260 καὶ
3287 1206 3495 1282 μάχας·

2308 1291 2405 1345 Καὶ
2438 1292 2754 1366 συμπλοκαὶ
2786 1291 2832 1348 δ’
2862 1291 2928 1348 αὖ
2959 1292 3009 1366 ἐξ
3044 1294 3298 1369 ἐκατέρου
3332 1301 3539 1369 μέρους

2306 1380 2589 1445 Πολλάκις
2615 1386 2755 1452 ἦσαν
2783 1380 2995 1460 ἡμέρας
3022 1381 3425 1460 πεπραγμέναν

2128 1471 2271 1526 5100
2311 1471 2409 1525 Καὶ
2440 1473 2586 1537 τοῦτ’
2617 1469 2707 1527 ἐπὶ
2744 1468 3000 1548 μᾶγιστον
3029 1470 3223 1549 ἐδρᾶτο
3253 1474 3479 1550 χρόνου.

2304 1560 2478 1623 Τέλος
2512 1562 2860 1626 λεπισθὲντος
2893 1561 2951 1618 δὲ
2978 1563 3203 1638 τείχους
3234 1563 3417 1640 βραχύ
3444 1581 3498 1620 τι

2310 1650 2409 1705 Καὶ
2438 1655 2534 1705 τοῦ
2559 1657 2829 1717 σεσεῖσθαι
2861 1649 3018 1724 δόξαν
3051 1653 3237 1717 ἀστοῖς
3268 1653 3493 1710 electum

2306 1739 2502 1797 Κλὲσιν
2533 1758 2593 1798 τε
2623 1745 2816 1799 παθεῖν
2850 1739 3188 1816 ἐμϐαλόντος
3220 1743 3481 1820 ἕσχάτην,

2048 1862 2097 1933 Β
2301 1835 2421 1894 Hac
2446 1848 2533 1895 τις
2568 1834 2836 1908 μαχητὴς
2864 1828 3019 1889 ἔνδον
3052 1832 3239 1903 ἀνείθη
3275 1832 3465 1910 χέρας,

2128 1930 2273 1987 5105
2312 1930 2692 1986 Ἑναποθανὼν
2732 1931 2881 2008 παρὰ
2913 1931 3092 2008 βραχὺ
3122 1935 3204 2005 τῷ
3235 1929 3341 1987 δὲει

2310 2021 2583 2085 Ἐντεῦθεν
2612 2020 2912 2094 είσῆλασαν
2945 2018 3100 2079 ἔνδον
3130 2022 3207 2085 εἰς
3237 2021 3402 2079 πόλιν

2305 2110 2371 2167 Οἱ
2401 2108 2555 2178 τὴνδ’
2586 2108 2729 2165 ἑλεῖν
2764 2109 3085 2175 σπεύδοντες
3119 2110 3243 2167 ἄνευ
3274 2111 3566 2186 κωλύμης,

2304 2200 2657 2275 Χρησάμενοι
2687 2198 2912 2275 κλίμαξι
2946 2203 3083 2279 πρὸς
3114 2202 3419 2280 συνεργίαν.

2302 2290 2361 2345 Ὀ
2393 2286 2439 2344 δ’
2472 2288 2822 2366 Ἀνδρόνικος
2853 2291 3219 2355 εἰσπεπαικὼς
3248 2291 3325 2355 είς
3358 2289 3520 2348 πόλιν

2123 2378 2268 2434 5110
2309 2380 2395 2441 Ὠς
2416 2381 2604 2456 ἄγριος
2633 2383 2760 2456 θὴρ,
2796 2383 2869 2443 ὡς
2899 2382 3040 2437 λὲων
3077 2381 3406 2459 βρυχητίας,

2300 2470 2513 2533 Πάντας
2548 2472 2935 2545 παρανάλωμα
2966 2475 3144 2545 θυμοῦ
3173 2473 3264 2527 καὶ
3296 2471 3483 2549 ξίφους

2300 2560 2518 2633 Μικροῦ
2549 2560 2972 2637 κατειργάσατο,
3005 2564 3101 2641 φεῦ
3127 2566 3225 2616 τοῦ
3253 2560 3462 2625 πάθους
3488 2562 3503 2618 ί

2301 2648 2445 2712 Τοὺς
2480 2650 2574 2723 μὶν
2602 2648 2878 2727 παραδοὺς
2907 2652 3223 2727 πικροτάτῳ
3250 2649 3486 2724 Θανάτῳ,

2298 2738 2435 2802 Τοὺς
2464 2738 2524 2794 δὲ
2548 2742 2815 2817 στερήσας
2843 2743 2940 2796 τοῦ
2974 2742 3141 2816 φάους
3174 2744 3282 2795 τῶν
3317 2740 3607 2814 ὀμμάτων·

2120 2829 2263 2885 5115
2300 2831 2395 2884 Ὧν
2430 2826 2478 2884 δ’
2506 2827 2571 2884 αὖ
2601 2828 2773 2895 πόδας
2810 2831 3080 2907 τὲτμηκεν
3113 2829 3278 2908 ἄμφω
3308 2831 3446 2907 πρὸς
3479 2831 3626 2906 βίαν,

2299 2919 2401 2975 Καὶ
2439 2924 2628 2997 χεῖρας
2658 2919 2869 2995 ἄλλων,
2903 2923 3223 2997 αἱμοχαρής
3251 2918 3471 2997 καρδίαι

2299 3005 2406 3070 Οὓς
2436 3006 2494 3064 δὲ
2522 3016 2699 3087 στερεῖ
2727 3012 2896 3089 φάους
2924 3028 2983 3067 τε
3011 3011 3103 3066 καὶ
3130 3012 3239 3066 τῶν
3272 3005 3581 3083 δακτύλων,

2300 3095 2493 3154 Ποδῶν
2521 3098 2688 3155 πάλιν
2719 3099 2925 3165 ἄλλους
2955 3118 3013 3157 τε
3040 3099 3132 3157 καὶ
3162 3102 3270 3156 τῶν
3306 3098 3596 3175 ὀμμάτων.

2305 3185 2587 3264 Θεόδωρον
2623 3187 2669 3244 δ’
2698 3190 2989 3267 ”Λγγελον,
3024 3189 3297 3246 οἶκτίστου
3327 3188 3535 3256 πάθους
3560 3193 3574 3250 Ι

2125 3285 2268 3342 5120
2306 3283 2539 3359 ’11’ίθεον,
2570 3285 2894 3359 κάλλιστον,
2925 3282 3094 3364 ἄνδρα
3124 3286 3381 3367 γεννάδαν

2303 3376 2388 3448 Ἐξ
2417 3376 2682 3450 ὀμμάτων
2716 3376 2827 3441 θεὶς
2858 3376 3269 3455 δυσανάλγητος
3297 3377 3491 3457 γῑρων,

2300 3468 2451 3539 ’Όνῳ
2480 3462 2750 3532 τ’ἒπιθείς
2781 3466 2989 3525 εὐτελεῖ
3011 3471 3237 3543 πομποῦ
3271 3465 3423 3546 δίχα⁸

2299 3556 2410 3623 Γῆς
2441 3555 2761 3631 Ῥωμαῖκῆς
2794 3556 3084 3615 ἀπελαύνει
3124 3558 3412 3636 μακρόθεν.

2301 3645 2619 3721 Ἀλώμενον
2649 3650 2896 3725 Τοὖρκοι
2932 3646 2989 3704 δὲ
3016 3645 3163 3705 τόνδ’
3194 3647 3485 3727 εὑρηκότες

2116 3736 2260 3793 5125
2299 3735 2701 3814 Ἀπαγαγόντες
2733 3736 2809 3802 εἲς
2841 3739 3043 3795 ἑαυτῶν
3072 3736 3248 3804 οἰκίας

2298 3826 2649 3901 Ἐπιμελείας
2679 3826 2916 3901 ἀξιοῦσιν
2950 3829 3121 3900 ἀξίας.

2296 3915 2500 3972 Λέοντα
2532 3912 2579 3972 δ’
2610 3916 2761 3981 αὖθις
2796 3920 3048 3975 Συνὲσιον
3082 3911 3413 3991 τοῦπίκλην,

2291 4004 2391 4061 Καὶ
2421 4008 2515 4063 τὸν
2542 4008 2801 4085 Ααχανᾶν
2832 4004 3105 4080 Μανουῆλ
3136 4002 3331 4086 ἄνδρας
3364 4008 3547 4081 ξὲνους

2292 4095 2441 4152 Μετὰ
2466 4094 2690 4162 δεκάδος
2716 4098 3032 4175 τετραπλῆς
3055 4099 3405 4174 ποσουμένης

2111 4185 2255 4243 5130
2294 4182 2537 4263 Ἀνδρῶν
2568 4186 2827 4265 ἀρίστων,
2861 4190 3118 4267 εὐγενῶς,
3144 4188 3430 4265 ἀριστέων,

2290 4276 2538 4353 Οίκτρῶς
2569 4277 2867 4354 ἀπῃώρησε
2901 4276 3134 4356 δένδρων
3165 4285 3283 4341 τοῖς
3312 4272 3543 4344 κλαδοις

2290 4362 2766 4446 Παραπεφυκότων
2798 4386 2861 4445 γε
2893 4368 3213 4443 ΙΙρουσαίων
3243 4366 3430 4442 πόλει,

2290 4456 2514 4519 Ποιναῖς
2546 4452 2593 4511 δ’
2618 4458 2849 4538 ᾴπηνῶς
2884 4454 3180 4514 ὑποϐαλὼν
3217 4457 3469 4535 μυρίους,

2294 4541 2531 4609 Ἐκεῖθεν
2563 4541 2665 4616 ἧκε
2696 4546 2834 4623 πρὸς
2866 4544 3142 4602 Λοπάδιον
3175 4544 3366 4621 πόλιν,

2044 3234 2089 3303 C

2032 4613 2079 4680 θ
2108 4644 2257 4702 5135
2296 4644 2463 4699 Κάκεῖ
2491 4613 2851 4722 παραπλγίσια
2879 4652 2994 4711 τοῖς
3026 4650 3221 4725 πρώην
3255 4613 3475 4724 δροίσας.

2292 4730 2637 4793 Ἐπισκόπων
2669 4728 2763 4794 ἕνα
2791 4736 2963 4804 τεθεὶς
2988 4737 3038 4811 ἐξ
3071 4728 3338 4812 ὀμμάτων

2291 4820 2407 4881 Οὐκ
2439 4818 2787 4904 εδαφορμως,
2816 4823 2964 4884 ἀλλᾶ
2992 4825 3202 4891 συνθεὶς
3236 4824 3436 4896 αἰτίαν,

2294 4913 2433 4988 Πρὸς
2461 4916 2561 4984 τὴν
2596 4914 2992 4994 βασιλεύουσαν
3021 4910 3241 4992 ἔρχεται
3273 4912 3461 4988 πόλιν,

2294 5003 2670 5079 Γαυροόμενος
2704 4998 2948 5081 Καδμείᾳ
2985 5003 3261 5071 δυσκλεῶς
3301 5006 3450 5081 νίκῃ,

2113 5096 2259 5155 5140
2294 5094 2629 5169 Γαννόμενός
2659 5097 2705 5161 θ’
2733 5093 2925 5172 αθίμασι
2955 5101 3074 5163 τοῖς
3104 5096 3420 5176 ἰμφυλίοις.

2288 5187 2390 5245 ἾΙν
2424 5183 2761 5263 Ἀνδρονίκῳ
2792 5189 2883 5245 καὶ
2914 5188 3110 5267 θρασὺς
3148 5189 3436 5266 ὑπθρέτης,

2289 5282 2527 5355 Ὅμοιος
2558 5282 2596 5352 ἦ
2628 5280 2851 5357 λέγουσι
2882 5280 3281 5358 παραπλησιῳ,

2299 5370 2672 5449 Θερμουργὸς,
2694 5371 2947 5450 αἰσχρὸς,
2982 5373 3255 5447 ἀποφρὰς,
3292 5366 3606 5449 μιαιφόνος,

2288 5463 2610 5538 Προαιρὲσει
2630 5463 2957 5543 σύμμορφος
2988 5459 3152 5518 αὐτοῦ
3186 5459 3441 5535 δεσπότῃ,

2108 5552 2251 5608 5145
2286 5553 2409 5607 Τῶν
2446 5557 2744 5629 συμφορῶν
2795 5549 3044 5628 ὄργανον,
3076 5552 3212 5625 ἀνὴρ
3248 5550 3518 5625 αἱματων,

2291 5640 2521 5717 Πλήρης
2552 5642 2741 5704 κακίας
2769 5641 2859 5698 καὶ
2890 5639 3070 5717 χόλου
3098 5641 3188 5697 καὶ
3214 5641 3459 5717 πικρίας,

2287 5733 2595 5808 Ἀκαμπές,
2617 5732 2941 5809 ἀμείλικτον
2971 5734 3105 5803 ἦθος
3140 5724 3424 5810 εἶσθέρων,

3697 358 3801 414 196
