4076 6400
402 374 504 428 199

398 496 610 570 reliqui
643 496 808 555 bonis
840 498 1217 555 nudabanlur
1248 497 1484 565 misere,

401 590 680 642 matronae
711 587 1087 659 virginesque
1119 586 1662 643 dehonestabantur
1695 601 1709 640 :

410 675 606 731 omnia
637 676 859 749 templa
891 681 949 732 et
978 676 1395 748 parthenopma

396 764 885 836 despoliabantur
913 765 1170 821 violenta
1200 781 1380 820 manu
1414 780 1428 819 :

402 856 605 924 plateae
628 872 856 926 omnes,
888 856 1254 927 angiportus,
1287 853 1414 919 vite,

396 944 729 1002 morticinis
760 944 1111 1016 corporibus
1143 942 1328 1015 plenas
1360 944 1549 1007 erant,

400 1036 746 1107 cruentique
771 1035 889 1089 tabi
924 1034 1063 1089 rivis
1095 1032 1529 1087 redundabant.

399 1126 545 1197 Ergo
576 1124 844 1195 lacrymza
877 1122 1116 1193 ubique,
1143 1120 1364 1187 luctus,
1412 1119 1654 1186 clamor,

404 1215 686 1282 ululatus,
719 1217 774 1268 et
804 1210 1109 1268 horribilis
1141 1209 1429 1282 tragoedia
1462 1225 1475 1262 :

394 1305 475 1360 sic
507 1303 661 1359 enim
697 1302 900 1374 paucis
933 1300 1124 1356 dicere
1154 1316 1277 1355 rem
1309 1298 1504 1353 verbis
1529 1297 1739 1368 juvat;

405 1392 740 1463 mistusque
771 1391 1071 1447 ferebatur
1098 1389 1169 1444 ad
1202 1387 1414 1443 caelum
1444 1387 1685 1443 clamor.

397 1484 588 1553 Atque
618 1480 713 1535 his
737 1479 944 1534 civitas
976 1477 1334 1533 atterebatur
1364 1475 1555 1531 malis.

395 1580 468 1633 At
500 1576 865 1633 Andronicus
898 1574 1186 1630 malitiam
1220 1591 1391 1629 suam
1434 1590 1548 1628 non
1581 1573 1877 1642 desinens,

397 1666 541 1739 quin
574 1667 718 1723 adeo
752 1681 858 1721 ceu
891 1664 1177 1719 furiarum
1201 1663 1443 1735 quidam
1477 1661 1761 1725 famulus,

398 1759 457 1810 et
484 1755 923 1827 lymphatorum
957 1753 1285 1807 demonum
1331 1750 1618 1818 minister,

392 2467 579 2523 oculis
610 2484 844 2523 cassum
877 2468 1010 2522 iecit
1040 2466 1329 2523 sententia
1360 2465 1586 2536 iniqua,

390 2558 639 2629 ejusque
668 2557 925 2629 potiores
955 2556 1214 2613 asseclas
1251 2554 1578 2612 exceecavit.

388 2647 653 2703 Scribam
687 2651 881 2703 autem
914 2646 1231 2718 quemdam
1264 2645 1493 2700 dictum
1531 2643 1853 2700 Mamalum

392 2735 652 2791 ﬂammis
681 2736 1049 2791 exurendum
1082 2733 1141 2788 in
1175 2733 1365 2789 stadio
1397 2732 1661 2787 tradidit.

394 2834 788 2907 Tripsycbum
817 2850 1076 2908 quoque,
1107 2851 1139 2890 o
1166 2836 1397 2904 justum
1430 2833 1531 2888 Dei
1560 2832 1853 2903 judicium
1882 2833 1893 2887 l

392 2920 593 2993 inique
625 2920 826 2976 multis
855 2921 1114 2992 pessima
1143 2920 1242 2991 qui
1275 2920 1514 2988 fecerat,

391 3026 610 3065 circum
643 3008 905 3081 solisque
937 3010 1120 3066 radiis
1152 3014 1448 3065 carentem
1487 3008 1645 3064 fecit.

390 3104 582 3170 Atque
613 3103 680 3153 ut
708 3098 1054 3155 summatim
1084 3099 1458 3170 breviterque
1489 3098 1705 3167 dicam,

390 3188 573 3259 hujus
605 3187 817 3243 novelli
848 3192 1112 3259 tempore
1143 3187 1422 3256 Timonis,

393 3294 597 3350 poenae,
630 3277 895 3346 tristitia,
929 3277 1274 3334 catamitum
1302 3277 1575 3333 cumulus

397 3370 643 3422 cunctos
675 3366 970 3437 tenebant,
1004 3366 1392 3440 lacrymaeque
1416 3367 1613 3439 juges,

394 3460 452 3512 et
483 3456 774 3511 malorum
807 3455 1049 3526 quidam
1080 3461 1306 3513 torrens
1334 3473 1401 3511 ac
1430 3459 1771 3528 tempestas.

393 3558 518 3619 Qua
543 3554 638 3611 die
667 3553 823 3610 enim
855 3554 1078 3611 nemini
1105 3556 1259 3612 male
1290 3556 1524 3626 fecerat,

398 3643 684 3699 nobilium
718 3660 930 3715 nempe
960 3644 1272 3702 hominum
1304 3650 1482 3718 atque
1514 3661 1843 3718 procerum,

394 3732 504 3788 hac
533 3750 597 3789 se
626 3732 837 3789 vixisse
868 3751 983 3790 non
1016 3736 1261 3807 putabat
1292 3736 1406 3792 die.

403 3822 657 3879 Feminae
688 3840 821 3893 ergo
853 3828 911 3879 et
934 3824 1042 3879 viri
1076 3826 1227 3897 rapti
1259 3825 1535 3882 domibus

390 3911 624 3976 vinclis,
654 3913 823 3981 fame,
859 3914 1172 3983 mortibus,
1203 3915 1632 3971 vexationibns.

396 3992 699 4048 oculorum
732 3993 981 4050 orbitate
1011 3998 1070 4050 et
1089 3996 1471 4064 cruciatibus,

399 4082 650 4155 aliisque
680 4083 869 4155 poenis
898 4083 1305 4155 plectebantur
1332 4084 1593 4142 innocui.

391 4171 495 4226 His
526 4188 589 4227 se
620 4172 949 4228 oblectabat
976 4173 1206 4230 actibus
1236 4174 1575 4246 imperator.

389 4260 500 4316 Sed
532 4261 669 4316 boni
703 4261 981 4333 quiddam
1015 4262 1282 4335 aequique
1315 4263 1492 4319 simul
1528 4262 1716 4319 inerat
1750 4281 1762 4317 :

394 4366 531 4405 nam
562 4350 869 4407 beneficiis
899 4353 1200 4407 recreabat
1230 4352 1505 4423 plurimis

394 4456 685 4512 pauperes
717 4440 986 4497 subditos
1019 4449 1359 4512 tenuesque,
1392 4440 1690 4513 siquidem

387 4543 521 4584 vere
551 4527 664 4583 sibi
694 4529 1005 4587 benevolos
1036 4531 1388 4601 comperiret
1420 4547 1436 4586 :

1612 368 1984 425 EPHBEMII
2022 368 2119 423 CH
2127 366 2597 423 RONOGRAPHI

2076 495 2132 563 Α
2339 487 2543 548 ’Ἄλλοι
2578 486 2636 544 δὶ
2660 488 2826 544 πάλιν
2860 487 3208 544 έσκυλεόοντ⁹
3239 486 3464 551 ἀθλίως·

2339 584 2598 641 Γυναῖκες
2630 572 2919 653 ὑϐρίζοντο
2949 576 3239 653 παρθένοις
3271 576 3409 650 ἅμα.

2340 667 2439 723 Καὶ
2469 673 2574 730 πᾶς
2616 668 2751 731 νεώς
2777 688 2860 730 τις
2890 666 3172 741 παρθένων
3204 687 3264 721 τε
3292 665 3384 721 καὶ
3417 663 3590 739 δόμος

2341 760 2466 815 Τῶν
2499 753 2653 811 ἔνδον
2676 757 2950 830 ἠρήμωτο
2982 758 3199 811 πάντων
3228 755 3366 833 πρὸς
3403 754 3546 832 βίαν·

2157 855 2303 910 5210
2341 858 2491 909 Πᾶσα
2521 850 2568 907 δ’
2598 852 2765 927 ἀγυιά
2792 854 2880 909 καὶ
2915 854 3193 916 στενωπὸς
3219 852 3309 909 καὶ
3337 847 3528 928 τρίϐος

2338 941 2784 1019 Δίματοφύρτοις
2813 942 2881 1010 ἦν
2912 942 3229 1018 κεχραμένη
3275 941 3521 1017 λόθροις,

2337 1030 2440 1088 Καὶ
2472 1031 2808 1107 νεκριμαίων
2840 1031 3108 1105 σωμάτων
3140 1031 3531 1104 πεπλησμένη·

2339 1120 2688 1195 Πανταχόθεν
2716 1125 2847 1196 γοῦν
2882 1119 3106 1196 δάκρυα,
3140 1122 3362 1196 θρῆνος,
3388 1115 3541 1196 γόος,

2337 1210 2435 1264 Καὶ
2465 1209 2712 1272 κώκυτός
2742 1230 2850 1282 τις,
2881 1210 2970 1265 καὶ
2999 1206 3274 1286 τραγῳδία
3319 1206 3465 1283 ξένῃ,

2156 1302 2301 1355 5215
2336 1300 2451 1354 Ἲνα
2479 1298 2722 1369 καθάπαξ
2755 1297 2994 1354 συνελὼν
3024 1300 3087 1353 τὸ
3116 1302 3219 1352 πᾶν
3252 1299 3463 1375 φράσω,

2335 1387 2434 1443 Καὶ
2466 1389 2754 1463 συμμιγὴς
2789 1390 2956 1461 θροῦς
2980 1387 3308 1461 ἀνεπέμπετ⁹
3340 1386 3558 1461 ἀθρόον.

2335 1475 2572 1532 Τοιοῖσδ¹
2604 1476 2949 1552 έτετρόχωτο
2978 1482 3171 1539 κακοῖς
3199 1479 3234 1546 ἡ
3266 1475 3455 1538 πόλις.

2334 1567 2396 1624 Ὀ
2430 1563 2477 1621 δ’
2507 1563 2858 1641 Ἀνδρόνικος
2887 1571 2994 1621 τῶν
3026 1570 3207 1620 κακῶν
3232 1566 3330 1620 οὐκ
3357 1566 3578 1639 ἡμέλει·

2336 1653 2498 1710 Ἀλλ’
2525 1657 2615 1710 οἷα
2648 1652 2847 1718 δοῦλος
2877 1654 3123 1730 ἀτεχνῶς
3152 1653 3409 1731 έριννύων

2154 1746 2296 1801 5220
2333 1746 2405 1799 ’Ἡ
2433 1742 2703 1819 τελχίνων
2739 1741 2813 1798 ὢν
2843 1742 3121 1818 δαιμόνων
3165 1746 3463 1819 ὑπηρέτης,

396 1844 652 1900 crudelis
684 1858 897 1915 nempe
932 1842 1181 1897 Ecbetus
1211 1840 1299 1897 vel
1330 1841 1675 1912 Cambyses,

2076 1860 2126 1925 Β
2334 1835 2541 1925 Ἠγουν
2568 1834 2784 1925 amvi]:
2809 1835 3043 1908 Ἔχετος
3075 1836 3109 1905 ἢ
3144 1831 3463 1907 Καμϐύσης,

390 1932 479 1989 vel
513 1932 776 1989 Phalaris
809 1933 1033 1989 ferinus
1065 1931 1154 1986 vel
1199 1930 1415 2002 Scytha
1445 1928 1736 1985 Tauricus

391 2023 658 2078 subditos
686 2026 928 2078 cunctos
962 2020 1138 2076 miser
1168 2020 1506 2076 devorabat.

391 2110 619 2168 Etenim
655 2112 867 2167 fratres
898 2111 1280 2166 Sebastianos
1310 2111 1459 2165 duos

394 2200 521 2256 diro
554 2216 876 2271 suspensos
894 2199 1189 2255 interfecit
1218 2198 1399 2271 ligno.

395 2289 664 2346 Alexium
700 2289 992 2345 Manuelis
1025 2288 1272 2344 nothum
1305 2286 1520 2357 filium,

394 2379 488 2434 cui
523 2378 786 2451 spuriam
820 2378 999 2433 ﬁliam
1033 2394 1201 2433 suam
1228 2377 1471 2448 jugarat
1505 2375 1748 2447 nuptiis,

2337 2012 2581 2082 ὑπήκοον
2613 2015 2717 2066 πᾶν
2747 2010 3064 2085 ἐκρεανόμει
3094 2012 3288 2076 τάλας·

2332 2100 2675 2174 Ὁμαίμονας
2712 2101 2805 2174 μὶν
2840 2096 3239 2163 Σεϐαστιανοὺς
3272 2098 3370 2156 δύο

2152 2190 2295 2245 5225
2333 2191 2529 2254 Κακῶς
2557 2190 2761 2266 ἀναρτᾷ
2790 2190 2879 2245 καὶ
2911 2196 3140 2255 θανατοῖ
3167 2196 3248 2263 τῷ
3279 2189 3450 2263 ξύλῳ·

2330 2277 2569 2350 ’Δλέξιον
2604 2276 2661 2333 δὲ
2692 2279 2961 2349 Μανουήλ
2992 2277 3159 2335 παῖδα
3188 2279 3369 2351 νόθον,

2324 2369 2416 2425 Ὀν
2450 2371 2571 2442 εἶχε
2598 2362 2847 2444 γαμϐρὸν
2882 2367 2959 2430 είς
2995 2370 3260 2445 θυγατέρα
3287 2368 3478 2439 νόθην,

2329 2456 2417 2527 Ἐξ
2449 2455 2716 2530 ὀμμάτων
2748 2457 2961 2528 τίθησιν
2997 2455 3174 2530 ἀδίλῳ
3206 2456 3358 2532 δίκῃ,

2326 2544 2433 2602 Kal
2460 2550 2567 2600 τῶν
2599 2547 2688 2601 ὑπ’
2719 2545 2878 2601 αὐτὸν
2912 2546 3175 2627 έκτυφλοῖ
3201 2546 3329 2609 τοὺς
3372 2545 3628 2623 βελτίους

2146 2637 2290 2692 5230
2328 2636 2463 2691 Ἕνα
2493 2633 2551 2690 δὲ
2578 2636 2669 2690 τὸν
2701 2635 2972 2709 Μάμαλον
2998 2634 3359 2714 ὑπογραφέων

2326 2725 2465 2800 Πυρὶ
2499 2722 2880 2799 παραδέδωκεν
2917 2724 2968 2779 έν
2998 2730 3080 2798 τῷ
3111 2723 3334 2799 σταδίῳ·

2326 2812 2431 2868 Καὶ
2462 2813 2743 2889 Τρίψυχον
2779 2811 2824 2869 δ’
2855 2814 2944 2887 αὖ,
2975 2815 3049 2876 ὡς
3079 2812 3381 2887 ἐπαινῶ.σ⁹,
3409 2814 3454 2868 ὥ
3483 2812 3606 2886 δίκη
3635 2816 3647 2871 ί

2325 2903 2425 2963 Ὃς
2457 2898 2674 2979 ἔδρασεν
2710 2903 2963 2979 χείριστα
2991 2900 3241 2964 πολλοὺς
3272 2899 3497 2972 ἀδίκως,

2326 2991 2529 3062 Ἔθηκε
2556 2991 2761 3068 τυφλὸν
2801 2993 2876 3065 μὴ
2914 2990 3183 3067 βλέποντα
3213 2990 3523 3070 φωσφόρον.

2144 3091 2289 3147 5335
2325 3091 2414 3155 Ὠς
2443 3090 2495 3145 έν
2527 3091 2811 3170 κεφαλαίῳ
2845 3089 2902 3146 δὲ
2929 3092 3019 3146 καὶ
3058 3093 3258 3167 βραχεῖ
3287 3093 3470 3171 φάναι,

2327 3182 2446 3259 Ἐφ’
2475 3184 2700 3257 ἡμερῶν
2728 3183 2926 3237 τούτου
2953 3203 3014 3259 γε
3043 3184 3305 3257 Τίμωνος
3330 3184 3558 3260 τρόπον,

2330 3269 2555 3346 Θλίψις,
2587 3269 2777 3344 ὀδύνη,
2811 3276 3106 3351 συμφορῶν
3139 3272 3427 3349 μυρμηκία

2328 3361 2538 3423 Πάντας
2570 3366 2818 3436 κατεῖχε,
2850 3363 3059 3439 συνοχή
3088 3383 3147 3418 τε
3177 3359 3452 3438 δακρύων,

2328 3448 2431 3507 Καὶ
2465 3448 2726 3524 χαλεπῶν
2756 3449 2982 3527 σύῤῥοια
3011 3451 3100 3506 καὶ
3130 3451 3439 3527 τρικυμίας·

2147 3540 2292 3595 5240
2331 3539 2461 3595 Καθ’
2485 3541 2546 3609 ἦν
2577 3540 2679 3615 γὰρ
2711 3541 2814 3595 οὐκ
2842 3536 3033 3615 ἔδρασε
3056 3545 3239 3604 κακῶς
3279 3542 3488 3617 ἡμέραν

2326 3629 2448 3685 Τῶν
2478 3649 2600 3683 τινα
2629 3627 2899 3705 λαμπρῶν
2931 3631 3133 3701 τιμίων
3164 3634 3272 3684 τῶν
3308 3629 3360 3684 έν
3388 3628 3559 3700 τέλει,

2327 3718 2614 3772 Παντάπαν
2647 3713 2882 3773 ἀϐίωτον
2913 3719 3088 3794 ἡγεῖθ’
3117 3719 3351 3795 ἡμέραν·

2323 3807 2484 3870 Ὃθεν
2514 3813 2785 3883 γυναῖκες,
2819 3804 3009 3882 ἄνδρες
3048 3810 3283 3884 ἡγμένοι
3328 3809 3419 3886 βίᾳ

2325 3899 2548 3969 Φρουρᾷ
2576 3916 2636 3949 τε
2661 3894 2853 3968 λοιμῷ
2881 3895 2972 3949 καὶ
3001 3893 3227 3951 κολάσει
3254 3897 3344 3951 καὶ
3377 3895 3555 3971 μόρῳ,

2143 3984 2289 4039 5245
2330 3984 2509 4037 Ὠπῶν
2540 3978 2720 4038 σϐέσει
2744 4004 2803 4038 τε
2824 3989 3164 4058 σωματικαῖς
3194 3983 3418 4055 αἰκίαις,

2322 4069 2564 4136 ’Ἅλλαις
2591 4093 2649 4127 τε
2681 4079 2897 4135 ποιναῖς
2920 4071 3262 4148 παριδίδοντ’
3292 4071 3513 4138 ἀδίκως.

2320 4157 2558 4216 Τοιαῖσδ’
2589 4160 2906 4235 ἐνησμένιζε
2935 4162 3177 4234 πράξεων
3212 4157 3360 4232 ἅναξ·

2321 4252 2516 4323 ’Όμως
2551 4256 2801 4326 μετεῖχεν
2834 4251 3046 4328 ἀγαθῶν
3078 4252 3168 4306 καὶ
3205 4250 3459 4325 μετρίων·

2321 4337 2565 4395 Ἔθαλπε
2592 4339 2684 4393 καὶ
2715 4340 2815 4415 γὰρ
2850 4336 3082 4415 δωρεαῖς
3116 4339 3374 4411 ὑπηκόων

2142 4438 2284 4494 5250
2322 4435 2467 4498 Τοὺς
2499 4433 2693 4498 ἐνδεεῖς
2720 4456 2779 4491 τε
2806 4437 2899 4492 καὶ
2929 4436 3168 4508 πένητας
3197 4434 3503 4500 πλουσίως.

2322 4527 2423 4583 Ἢν
2455 4525 2776 4588 εὐνοοῦντας
2803 4523 2999 4600 ᾔσθετο
3026 4530 3160 4603 σφᾶς
3194 4522 3435 4589 ἀδόλως·

392 4623 460 4664 ac
491 4610 941 4681 prmpotentium
966 4611 1223 4682 injustas
1253 4608 1633 4681 direptiones,

2067 4607 2115 4673 Π
2326 4615 2429 4672 Καὶ
2454 4618 2561 4669 τῶν
2594 4611 2835 4676 δυνατῶς
2867 4615 3112 4691 ἀρπαγάς
3142 4616 3239 4678 τάς
3269 4612 3489 4679 ἀδίκους

390 4697 826 4771 criminumque
861 4698 1078 4756 fontem
1114 4698 1420 4754 avaritiam

390 4792 603 4843 cuncto
628 4791 884 4844 Romano
917 4789 1278 4844 submovens
1307 4786 1578 4858 imperio,

391 4874 617 4933 meliori
648 4876 972 4933 conditioni
1005 4874 1335 4948 provincias
1378 4875 1653 4931 reddidit.

387 4975 551 5031 Tunc
581 4993 877 5049 nusquam
908 4975 1196 5032 exactoris
1223 4974 1492 5031 audisses
1523 4976 1739 5043 minas,

390 5062 492 5134 qui
523 5064 856 5121 tenuiorum
891 5061 1251 5135 patrimonia
1282 5066 1552 5135 quateret

390 5153 719 5225 quamlibet
748 5154 1066 5209 ostendens
1098 5151 1335 5208 malitiae
1364 5169 1602 5209 causam
1631 5171 1645 5222 ;

390 5258 581 5314 neque
610 5242 844 5298 venatia
874 5244 1137 5314 exposita
1166 5242 1416 5298 vidisses

388 5335 529 5386 tunc
556 5330 867 5405 vectigalia
896 5331 1135 5403 publica
1169 5331 1642 5404 redemptoribus
1677 5350 1691 5388 :

386 5436 588 5476 verum
621 5421 721 5491 qui
749 5420 959 5477 Caesari
992 5437 1114 5477 rem
1150 5420 1410 5477 dedisset
1440 5421 1707 5493 Cesaris,

389 5509 460 5565 de
491 5508 721 5581 reliquo
750 5526 1017 5567 securam
1050 5510 1263 5583 agebat
1292 5509 1494 5565 vitam.

385 5596 520 5653 Jam
555 5598 653 5668 qui
683 5597 910 5656 tributa
942 5598 1181 5670 publica
1207 5596 1480 5670 exigebat

390 5685 699 5759 stipendiis
732 5687 858 5761 ipse
888 5688 1219 5745 instructus
1251 5687 1310 5743 id
1335 5687 1500 5759 juste
1533 5688 1744 5762 agebat
1777 5709 1791 5748 :

2068 3232 2113 3299 C

2326 4703 2428 4761 Kal
2459 4707 2664 4760 κακιῶν
2693 4700 2894 4759 πίδακα
2922 4702 3256 4776 πλειονεξίαν

2326 4793 2423 4850 Ἐκ
2450 4790 2762 4868 Ῥωμαΐδος
2793 4792 3066 4856 ἀπελάσας
3101 4792 3322 4869 χωρίων

2146 4884 2290 4940 5255
2328 4882 2632 4960 Ἐπαρχίας
2663 4881 2862 4959 ἤγαγεν
2896 4882 2976 4945 εἷς
3008 4880 3301 4948 ἐπιδόσεις·

2326 4970 2442 5029 Οὐκ
2469 4972 2538 5041 ἦν
2571 4970 2805 5041 ἀπειλὴν
2844 4973 3153 5048 πράκτορος
3182 4972 3374 5028 κλύειν
3405 4972 3529 5028 τότε

2328 5061 2433 5117 Καὶ
2463 5060 2532 5116 τὰ
2560 5062 2808 5131 πενήτων
2840 5062 3014 5116 πάντα
3043 5059 3472 5135 καλαμωμένου,

2326 5150 2413 5206 Ἐν
2444 5153 2525 5222 τῷ
2556 5148 2721 5222 μόνον
2752 5150 3024 5228 πρόφασιν
3057 5148 3229 5225 εὑρεῖν
3260 5150 3471 5219 κακίας,

2328 5237 2407 5295 Οὐ
2439 5234 2723 5311 δημοσίων
2753 5237 2949 5303 ὠνίους
2976 5240 3074 5302 τάς
3107 5239 3336 5305 ἐκτίσεις

2148 5338 2294 5395 5260
2331 5337 2491 5410 Ὁρᾷν
2522 5335 2858 5412 τελουμένας
2887 5359 2947 5414 γε
2975 5342 3093 5401 τοῖς
3123 5335 3454 5413 ἡρημένοις,

2330 5425 2493 5484 Ἀλλ’
2527 5424 2767 5491 ἀποδούς
2792 5449 2877 5491 τις
2906 5429 3139 5504 Καίσαρι
3167 5429 3233 5482 τὰ
3262 5427 3547 5503 Καισάρων

2328 5517 2577 5592 Ὑπῆρχε
2605 5515 2804 5572 λοιπὸν
2837 5518 3053 5586 ἀπαθὴς
3083 5520 3263 5573 κακῶν
3297 5511 3397 5572 ἔτι·

2331 5606 2420 5669 Ὧς
2447 5603 2691 5680 δημόσια
2719 5611 2822 5668 πᾶς
2852 5627 2937 5669 τις
2968 5604 3305 5681 εἴσπράττων
3335 5606 3460 5662 τότε

2329 5694 2618 5769 Ὀψωνίοις
2650 5696 2719 5766 ἡν
2752 5691 2869 5751 τάδ’
2899 5693 3141 5751 ἀπαιτῶν
3171 5695 3222 5751 ἐν
3254 5692 3403 5772 δίκῃ.

2336 1924 2405 1977 Ἦ
2437 1921 2685 1998 Φάλαρις
2708 1920 2895 1997 ἄγριος
2924 1924 2959 1994 ἢ
2994 1925 3389 1998 Ταυροσκόθης

3712 363 3825 418 200
