4076 6418
312 424 419 480 201
1854 438 1922 491 Οὶ

2134 442 2223 494 ΞΒ.
3636 460 3744 514 202

308 553 460 609 5265
498 552 901 626 Ἀρχαιρεσιῶν
934 558 1136 626 προῖκα
1167 556 1603 631 παρεσχημένων

2005 564 2056 630 Α
2092 566 2230 637 quia
2261 568 2444 639 gratis
2477 584 2685 641 nempe
2717 573 3012 629 dabantur
3043 576 3358 649 dignitates

498 644 690 696 Ιίασῶν
724 639 1042 715 ἀριστίνδην
1069 664 1127 698 τε
1147 644 1237 697 καὶ
1266 645 1386 699 κατ’
1415 646 1586 717 ἀξίαν.

502 727 669 787 Οὐδὲν
704 728 763 785 δὲ
788 729 1126 803 πλουτίνδην
1160 754 1222 808 γε
1250 739 1368 797 τοῖς
1398 732 1456 788 ἐκ
1485 731 1736 811 τριόδων.

496 824 567 891 ᾞ
597 817 765 877 Δαϐἶδ
793 822 986 877 οὐκοῦν
1021 823 1279 897 ἐμμελῶς
1314 823 1542 899 ψάλλων
1578 824 1752 900 λέγει,

497 912 880 983 Δικαιοσύνης,
913 913 1049 989 πρὸς
1082 911 1138 968 δέ
1166 915 1217 989 γ’
1250 914 1473 987 εἰρήνης
1506 915 1669 990 χάρις

306 1003 458 1057 5270
498 1000 799 1072 Συνῆλθον,
828 1003 1143 1071 ἠσπάσαντο
1177 1002 1377 1078 φιλίως
1404 1003 1551 1059 τότε.

496 1090 660 1155 ’³Εοος
690 1088 736 1146 δ’
768 1090 950 1167 ἐναγὲς
982 1092 1070 1147 καὶ
1102 1093 1423 1168 παράνομον
1457 1092 1577 1148 λίαν

497 1181 599 1237 Καὶ
627 1181 817 1254 πρᾶξιν
848 1181 1210 1257 ἀπάνθρωπον
1239 1180 1583 1255 ἀδικωτάτην

494 1272 615 1329 Τῶν
645 1276 995 1347 ναυαγουσῶν
1020 1269 1292 1349 φορτίδων
1319 1274 1456 1329 κατά
1483 1272 1688 1336 τόπους

496 1362 592 1418 Ἐκ
620 1362 946 1435 πνευμάτων
984 1362 1102 1436 βίας
1132 1383 1189 1416 τε
1219 1364 1308 1417 καὶ
1340 1360 1655 1437 καταιγίδος

304 1449 455 1505 5275
495 1446 599 1503 Καὶ
632 1444 1040 1525 συντριϐεισῶν,
1074 1451 1165 1505 εἶτ’
1196 1450 1383 1515 ἀκταῖς
1413 1450 1756 1527 ἐρριμμένων

495 1539 823 1615 Ἀγωγίμων
856 1538 1160 1611 σκύλευσιν,
1195 1542 1471 1616 ἁρπαγὴν,
1506 1539 1663 1595 λύσιν

494 1628 638 1703 Πρὸς
667 1633 779 1684 τῶν
810 1629 1120 1706 προσοίκων
1149 1625 1359 1693 ἀσεϐῶς
1388 1627 1745 1702 τελουμένας.

493 1724 754 1789 ’Έστησεν
789 1720 945 1781 οὗτος
977 1718 1326 1782 ἂντιπνεόσας
1362 1720 1436 1781 ὡς
1466 1721 1682 1795 κράτωρ

494 1805 770 1885 Σφοδραῖς
799 1807 1075 1883 ἀπειλαῖς,
1108 1814 1437 1885 προσταγαῖς
1477 1803 1786 1885 ἐμϐριθέσιν

304 1909 448 1964 5280
482 1907 855 1980 Ἀσυμπαοῶς
888 1908 1110 1972 θάνατον
1142 1905 1275 1981 ἕξειν
1313 1906 1536 1980 ζημίαν,

483 1999 668 2055 Πάντα
697 1993 1096 2073 παραϐαίνοντα
1121 1998 1581 2075 προστεταγμένα,

482 2086 900 2164 Παρεγγυώσαις
927 2089 1017 2143 καὶ
1049 2086 1337 2163 κυρούσαις
1369 2086 1590 2142 εἷ’σάπαν
1626 2105 1639 2117 ·

483 2175 558 2234 Εἴ
578 2199 664 2240 τις
694 2178 822 2254 γὰρ,
857 2179 991 2247 εἷπε,
1023 2179 1251 2254 χωρίων
1283 2174 1569 2253 παραλίων

482 2267 687 2341 Κύριός
717 2267 863 2323 ἐστιν
892 2268 1152 2342 εὐγενῶκ,
1188 2266 1470 2342 ἐριτίμων,

293 2359 444 2415 5285
480 2358 547 2414 Ἠ
577 2359 705 2432 παρ’
738 2356 873 2431 ἐμοῦ
904 2358 1135 2435 πέφυκεν
1169 2356 1347 2432 ἀρχῆν
1378 2354 1577 2411 διέπων

477 2448 745 2521 Πρώτισθ’
777 2446 989 2519 ἑαυτὸν,
1024 2445 1121 2510 εἶθ’
1153 2445 1409 2516 ὑπηκόων
1442 2444 1628 2522 στίφος

478 2534 870 2612 Καταρτισάτω
902 2536 1040 2613 πρὸς
1074 2540 1207 2591 Θεοῦ
1241 2541 1382 2599 θεῖον
1417 2529 1587 2613 φόϐον

475 2625 814 2697 Ὑποστολήν
843 2647 902 2682 τε
930 2628 1028 2695 τῆς
1060 2624 1199 2699 ἐμῆς
1230 2622 1569 2702 κραταρχίας
1604 2642 1617 2655 ·

477 2718 550 2773 Ἢ
581 2714 851 2787 δεσπότης
885 2721 985 2778 πᾶς
1015 2716 1298 2788 κτήματος
1327 2712 1601 2786 παραλίου

284 2808 440 2864 5290
479 2805 784 2882 Ἐπαρχίας
816 2803 1004 2881 ἄρχων
1038 2826 1112 2875 τε,
1144 2804 1242 2859 κᾶν
1274 2803 1311 2875 ᾖ
1342 2801 1563 2876 τιμίων,

473 2897 531 2949 '0
560 2896 707 2971 παρά
736 2899 880 2966 νηῶν
917 2897 1257 2971 ναυαγουσῶν
1292 2886 1590 2964 λαμϐάνων

474 2983 809 3059 Ἀγωγίμων
841 3004 892 3038 τι
925 2987 1169 3061 φανερῶς
1202 2980 1517 3056 γινωσκέτω

475 3075 787 3150 Πρόστιμον
814 3072 947 3145 ἕξων
976 3074 1068 3128 τὸν
1103 3074 1329 3137 θάνατον
1362 3067 1604 3131 ἐνδίκως.

477 3162 585 3223 Κᾶν
615 3165 653 3239 ᾖ
685 3165 779 3238 μέν
814 3162 971 3225 αὐτὸς
1001 3163 1236 3237 καθαρὸς
1266 3164 1333 3235 τῇ
1365 3156 1581 3234 καρδίᾳ,

283 3264 437 3320 5295
475 3264 637 3338 Χερσὶ
669 3260 717 3317 δ’
745 3264 923 3328 ἀθῶος
956 3260 1254 3335 ἀμέθυκτος
1276 3261 1324 3313 τ’
1356 3258 1604 3330 εἷσάπαν,

475 3354 541 3411 Οἱ
575 3351 620 3407 δ’
653 3353 756 3408 ὑπὸ
787 3357 952 3429 χεῖρα
981 3353 1211 3426 κάτοχοι
1242 3354 1362 3413 ταῖς
1388 3347 1586 3409 αἴτίαις
1619 3366 1631 3379 ·

474 3445 736 3517 ’Ἀρχοντι
766 3442 857 3497 καὶ
888 3442 991 3517 γὰρ
1023 3438 1324 3514 ἐξισοῦσθαι
1353 3434 1629 3510 προστάτῃ

473 3528 680 3589 Εῗωθεν
714 3533 854 3586 ἅπαν
887 3530 1209 3606 ὑποχείριον
1250 3526 1448 3583 θέλειν.

474 3620 627 3678 Τίσει
663 3618 719 3675 δὲ
750 3620 963 3694 πότμον
996 3620 1235 3674 ἐντολῶν
1264 3612 1607 3693 παραϐάτης,

276 3715 431 3770 5300
474 3712 779 3788 Φρικαλέον
810 3733 869 3767 τε
893 3711 984 3766 καὶ
1016 3708 1383 3779 δυσήκουστον
1416 3708 1581 3782 τάχα,

472 3802 664 3858 Παθὼν
696 3804 1028 3879 κρεμάθραν,
1062 3798 1310 3854 ἀνάτασίν
1340 3799 1389 3852 τ’
1420 3795 1633 3865 ἀθλίαν,

468 3894 625 3957 Νεὼς
654 3892 730 3970 ἐφ’
764 3893 917 3946 ἱστοῦ
950 3883 1325 3965 συντριϐείσης
1356 3890 1434 3958 τῷ
1466 3883 1640 3959 σάλῳ.

468 3980 685 4037 Τοιὸνδ’
716 3979 987 4041 έπισείσας
1015 4000 1074 4054 γε
1104 3977 1345 4051 σύμπασι
1380 3973 1521 4045 δέος,

468 4072 760 4147 Θεοστυγὶς
785 4070 1026 4125 πέπαυκε
1058 4072 1331 4141 κρατῆσαν
1363 4062 1482 4125 ἔθος
1513 4082 1525 4096 ⁸

278 4173 428 4229 5303
468 4168 576 4226 Καὶ
604 4169 799 4225 λοιπὸν
827 4168 924 4223 οῦκ
953 4167 1019 4236 ἦν
1047 4166 1281 4241 καθορᾷν
1309 4164 1405 4225 τάς
1436 4159 1695 4238 φορτίδας

468 4258 872 4332 Περιπεσούσας
903 4256 963 4312 ἐκ
992 4253 1163 4310 σάλου
1191 4252 1451 4327 ναυαγίῳ,

467 4347 800 4424 ’Δγωγίμὼν
830 4345 1117 4401 σκόλευσιν
1155 4343 1518 4420 ὑφισταμένας
1551 4359 1564 4371 °

467 4437 630 4494 Ἀλλ’
658 4440 723 4505 ἦν
754 4435 1001 4510 γαλήνην
1034 4433 1092 4489 ἐκ
1120 4432 1408 4508 τρικυμίας
1443 4430 1664 4507 βλέπειν

466 4524 812 4601 Διαγελῶσαν
845 4522 1201 4599 ναυαγούσαις
1232 4519 1454 4575 ὁλκάσιν
1490 4535 1505 4551 ⁸

273 4621 427 4678 5310
466 4619 568 4674 Ἦν
599 4614 690 4671 καὶ
720 4613 1000 4683 κολαστὴς
1033 4608 1370 4687 χειροδίκαις
1405 4606 1651 4685 ἀνδράσι,

463 4708 668 4776 Ποινήν
700 4725 758 4759 τε
788 4702 951 4765 τιθεὶς
983 4699 1231 4756 ἀδικοῦσι
1259 4698 1348 4753 καὶ
1380 4696 1559 4768 δίνην,

466 4796 573 4850 Κᾶν
610 4794 677 4863 ἦν
711 4790 909 4847 ἀδικῶν
945 4790 1197 4865 εὐγενῶν,
1230 4786 1500 4861 λαμπρῶν
1526 4787 1693 4861 γένει,

465 4890 553 4946 Ὠς
590 4884 666 4958 μὴ
700 4884 818 4938 κατ’
847 4877 994 4954 ὄψιν,
1027 4876 1174 4934 ἀλλά
1207 4874 1429 4938 δικαίως
1459 4875 1679 4950 κρίνων,

465 4975 563 5028 Καὶ
598 4974 734 5028 κατὰ
766 4971 959 5047 μικρὸν
1058 4988 1183 5046 φασι
1210 4964 1301 5021 καί
1327 4966 1418 5021 τὸν
1452 4967 1638 5042 μέγαν.

274 5075 427 5131 5315
466 5071 569 5127 Καὶ
600 5075 710 5127 τῶν
739 5070 1141 5143 τεσσαράκοντα
1170 5066 1406 5141 Χριστοῦ
1442 5063 1730 5139 μαρτύρων

470 5162 616 5217 Ναὸν
645 5160 993 5236 περιώνυμον
1027 5152 1400 5231 ἠγλαϊσμένον

464 5248 663 5327 Χρόνῳ
693 5247 1076 5304 παλαιωθέντα
1104 5244 1195 5300 καὶ
1224 5244 1542 5317 κεκμηκότα

465 5343 711 5396 Ἀνανεοῖ
740 5337 1013 5394 κάλλιστα
1043 5333 1328 5396 πλείσταις
1362 5330 1624 5396 δαπάναις
1657 5351 1668 5361 ·

462 5429 544 5487 Οὗ
575 5428 665 5484 καὶ
702 5425 905 5500 δόμους
937 5424 1124 5502 ἤγειρε
1154 5425 1290 5499 πρὸς
1328 5421 1629 5494 κατοικίαν,

276 5522 429 5579 5320
470 5524 677 5587 Δεῆσαν
713 5515 887 5571 ἐλθεῖν
921 5516 1059 5591 πρὸς
1088 5515 1220 5567 νεὼν
1253 5516 1360 5568 τῶν
1399 5510 1686 5585 μαρτύρων

458 5606 793 5667 Πολυτελεῖς
826 5605 916 5659 καὶ
946 5602 1237 5666 ποικίλους
1264 5603 1430 5677 τέχνῃ
1463 5601 1666 5670 ξένους.

459 5696 562 5750 Καὶ
595 5694 830 5770 πατέρας
865 5690 922 5746 δὲ
951 5696 1059 5746 τῶν
1094 5690 1273 5763 λόγων
1292 5688 1385 5744 καὶ
1414 5688 1543 5749 τοὺς
1580 5687 1781 5764 λόγους

458 5785 631 5846 Οὗτος
668 5778 924 5858 βασιλεὺς
955 5779 1137 5853 ἀξίους
1167 5779 1335 5843 τιθεὶς
1366 5777 1538 5853 λόγου

607 5904 879 5962 Ρηιιοι..
929 5902 1039 5962 Ga.
1086 5897 1343 5961 CXLIII.

2089 660 2312 711 cunctae
2345 658 2559 730 cuique
2590 659 2810 732 optimo
2843 678 2910 717 ac
2939 666 3207 736 merenti,

2087 744 2307 800 nemini
2342 746 2586 819 indigno
2617 750 2719 822 qui
2752 754 3001 823 pecunia
3031 760 3269 812 emeret.

2086 836 2256 907 Ergo,
2284 840 2349 891 ut
2380 840 2741 896 carminibus
2774 842 2993 914 psaltes
3024 844 3204 903 David
3238 849 3471 921 cecinit,

2077 924 2311 995 justitia
2342 927 2521 984 simul
2553 934 2609 986 et
2638 936 2885 989 venusta
2910 950 3023 1006 pax

2083 1017 2226 1069 tunc
2256 1018 2573 1088 conjuratze
2604 1022 2789 1077 amice
2819 1024 3262 1082 osculabantur.

2084 1113 2334 1186 Insuper
2365 1132 2586 1173 morem
2620 1118 2895 1191 impium,
2926 1121 3442 1199 scelestissimum,

2086 1199 2315 1259 facinus
2344 1203 2738 1264 inhumanum
2777 1208 3267 1281 injustissimum,

2082 1306 2292 1363 nempe
2324 1293 2411 1350 uti
2444 1312 2618 1352 naves
2652 1297 2867 1354 alicubi
2899 1302 3201 1374 naufragae

2078 1384 2386 1438 ventorum
2419 1383 2693 1443 violentia
2723 1393 2780 1442 et
2808 1391 3178 1460 tempestatis

2078 1469 2405 1539 contractae,
2439 1477 2492 1529 et
2525 1490 2660 1529 mox
2690 1476 2761 1531 ad
2794 1464 2994 1533 littora
3024 1482 3293 1550 projectaz

2078 1560 2321 1615 sarcinae
2353 1561 2742 1635 direptionem
2773 1582 2840 1620 ac
2872 1568 3193 1637 perniciem

2077 1652 2283 1704 contra
2314 1650 2401 1707 fas
2432 1668 2599 1709 omne
2629 1654 2699 1709 ab
2732 1656 2945 1711 accolis
2977 1660 3340 1728 paterentur,

2077 1737 2321 1794 sustulit
2349 1741 2724 1798 Andronicus
2757 1744 2917 1816 regio
2951 1750 3097 1801 nutu
3133 1763 3145 1801 :

2076 1825 2175 1897 qui
2208 1828 2369 1897 gravi
2391 1830 2570 1900 jussu
2605 1848 2671 1887 ac
2703 1833 2882 1889 minis
2912 1834 3360 1893 vehementibus

1997 1936 2043 2002 Β
2074 1918 2292 1971 certam
2326 1919 2632 1976 constituit
2662 1929 2911 1977 mortem
2943 1940 3009 1979 ac
3043 1924 3401 1996 supplicium

2073 2003 2167 2059 his
2198 2006 2299 2075 qui
2330 2007 2631 2063 decretum
2657 2009 2946 2065 violarent
2976 2028 3177 2083 suum,

2071 2093 2249 2165 idque
2278 2112 2413 2151 cum
2448 2113 2617 2169 poena
2646 2102 2930 2156 aeternum
2962 2105 3280 2174 ratumque
3308 2104 3511 2163 voluit.

2069 2183 2265 2255 Siquis
2296 2183 2583 2256 locorum,
2617 2188 2832 2260 inquit,
2864 2189 3301 2249 maritimorum

2068 2289 2376 2344 possessor
2406 2280 2495 2332 est
2525 2278 2596 2332 de
2624 2292 2835 2349 genere
2866 2280 3268 2352 optimatium,

2067 2379 2167 2419 seu
2200 2364 2616 2436 magistratum
2646 2368 2930 2423 traditum
2962 2385 2996 2423 a
3027 2386 3119 2426 me
3149 2386 3383 2443 gerens,

2067 2452 2256 2523 primo
2283 2470 2346 2510 se
2376 2454 2573 2526 ipsum
2606 2456 2739 2512 dein
2771 2457 3173 2528 subditorum,
3203 2461 3473 2518 ordinem

2067 2542 2138 2597 ad
2166 2542 2565 2613 Deijsanctum
2600 2544 2871 2601 timorem
2904 2546 3199 2614 instituat,

2064 2635 2240 2703 atque
2271 2633 2343 2688 ad
2376 2633 2607 2705 imperii
2642 2634 2826 2690 nostri
2858 2636 3267 2692 reverentiam.

2062 2731 2208 2784 Tum
2241 2729 2443 2801 praedii
2476 2732 2705 2802 siquem
2738 2731 3048 2789 dominum
3082 2733 3365 2790 maritimi

2062 2818 2442 2890 provinciaave
2473 2819 2805 2891 praesidem,
2842 2822 3111 2892 quamvis
3143 2822 3422 2893 nobilem,

2062 2908 2132 2963 de
2163 2907 2584 2980 naufragarum
2616 2909 2855 2965 navium
2889 2910 3197 2982 quidpiam
3233 2913 3485 2971 sarcinis

2062 2996 2392 3069 percepisse
2421 3000 2579 3053 certo
2611 2998 2906 3055 constabit
2937 2999 3180 3067 indicio,

2060 3085 2219 3141 hunc
2252 3090 2452 3141 manet
2480 3086 2676 3142 dirum
2710 3088 2917 3143 merito
2949 3087 3311 3160 supplicium
3346 3108 3361 3147 :

2060 3176 2293 3234 etiamsi
2325 3178 2474 3234 forte
2505 3178 2754 3250 ipsemet
2787 3182 2980 3236 mente
3012 3196 3197 3252 purus

1979 3292 2022 3360 ρ
2065 3281 2360 3338 manuque
2391 3284 2631 3339 prorsus
2664 3268 3164 3325 incontaminatus
3197 3269 3393 3338 fuerit,

2063 3356 2113 3410 si
2144 3359 2341 3412 tamen
2374 3356 2504 3427 ejus
2535 3357 2759 3413 subditi
2792 3374 2853 3413 se
2883 3374 3013 3414 reos
3045 3358 3323 3427 fecerint;

2058 3445 2539 3516 quandoquidem
2573 3447 2779 3501 rectori
2814 3445 3270 3519 praesidentique

2057 3532 2281 3589 subditi
2311 3534 2508 3589 cuncti
2541 3535 2897 3591 conformari
2929 3534 3139 3592 solent.

2058 3631 2489 3704 Transgressor
2519 3636 2713 3688 autem
2747 3631 2895 3704 legis
2926 3634 3289 3705 perpetietur

2056 3716 2384 3773 inauditam
2415 3717 2571 3774 illico
2602 3719 2957 3775 horrendam
2993 3724 3267 3788 mortem,

2054 3805 2219 3862 triste
2249 3822 2460 3878 nempe
2492 3808 2885 3879 suspendium
2917 3809 3439 3883 extensionemque

2053 3894 2113 3949 in
2147 3895 2303 3950 malo
2335 3895 2500 3951 navis
2530 3897 2827 3969 naufragae
2859 3898 3213 3970 experietur.

2052 3983 2198 4039 Cum
2230 3983 2407 4041 talem
2439 3984 2669 4041 cunctis
2698 3984 3049 4042 incussisset
3078 3991 3322 4058 metum,

2050 4072 2359 4129 inveterati
2390 4073 2572 4129 moris
2601 4074 2853 4130 cessavit
2883 4073 3100 4132 scelus.

2050 4161 2193 4217 Exin
2216 4161 2344 4232 jam
2378 4160 2525 4217 nulli
2556 4161 2932 4234 contingebat
2962 4164 3093 4219 navi

2052 4256 2114 4307 ut
2144 4250 2501 4324 spoliaretur
2530 4266 2705 4307 onere
2735 4267 2768 4307 a
2800 4251 3201 4323 praedonibus,

2051 4341 2103 4397 si
2135 4341 2279 4397 forte
2308 4340 2369 4395 in
2403 4341 2550 4395 mari
2583 4342 2800 4396 faceret
2831 4342 3209 4414 naufragium
3245 4359 3259 4398 :

2052 4431 2152 4487 sed
2183 4430 2522 4502 tempestati
2554 4430 2842 4486 serenitas
2874 4436 3244 4489 successerat

2051 4528 2522 4601 periclitantibus
2558 4528 2761 4584 favens
2793 4530 3100 4588 onerariis.

1974 4654 2022 4719 D
2056 4620 2302 4691 Insuper
2331 4617 2697 4674 Andronicus
2729 4618 2983 4689 injustos
3012 4619 3285 4678 homines

2055 4724 2226 4781 poena
2255 4707 2547 4764 afﬁciebat
2576 4707 2890 4781 debitaque
2920 4709 3161 4779 ultione,

2054 4796 2435 4869 quantumvis
2465 4813 2600 4853 reus
2630 4796 2850 4853 nobilis
2881 4796 3193 4870 clarusque
3223 4800 3373 4856 foret
3403 4817 3417 4856 :

2055 4886 2280 4942 scilicet
2305 4886 2462 4942 haud
2496 4903 2599 4959 pro
2633 4903 2903 4959 persona,
2937 4888 3039 4944 sed
3063 4889 3226 4959 juste
3248 4889 3549 4962 judicans,

2056 4981 2112 5033 et
2140 4981 2375 5032 tenuem
2409 4980 2583 5047 atque
2613 4991 2895 5048 magnum
2928 4976 3173 5049 perinde
3202 4977 3527 5036 aestimans.

2057 5065 2115 5122 Is
2144 5065 2319 5121 etiam
2345 5064 2558 5121 Christi
2590 5065 2982 5137 quadraginta
3023 5070 3351 5140 martyrum

2056 5154 2282 5211 celebre
2309 5153 2477 5211 valde
2507 5153 2796 5225 templum
2827 5158 2883 5209 et
2913 5155 3386 5230 ornatissimum,

2054 5249 2197 5299 tunc
2225 5242 2500 5300 laborans
2530 5242 2816 5314 temporis
2848 5242 3091 5314 injuria,

2057 5332 2411 5388 instauravit
2440 5331 2658 5402 optime
2683 5329 2956 5403 impensa
2986 5331 3244 5404 plurima
3271 5352 3284 5391 :

2057 5422 2257 5492 ibique
2286 5421 2441 5477 aedes
2473 5421 2542 5495 ad
2575 5420 2966 5476 habitandum
2998 5421 3235 5491 struxit,

2059 5512 2349 5583 siquando
2382 5511 2451 5566 ad
2484 5510 2701 5566 dictum
2735 5511 3024 5584 templum
3055 5512 3183 5585 ipse
3214 5514 3572 5585 acccederet,

2057 5600 2218 5656 vario
2252 5598 2495 5654 artificio
2529 5604 2998 5673 sumptuosoque
3030 5602 3237 5672 miras,

2059 5690 2306 5760 Insuper
2336 5687 2564 5744 litteras
2594 5705 2727 5745 cum
2762 5689 2889 5745 suis
2920 5690 3356 5762 professoribus

2060 5778 2154 5834 hic
2184 5778 2504 5851 imperator
2536 5778 2775 5850 plurimi
2812 5780 3142 5851 mstimavit,

3354 5900 3387 5953 '7
