4076 6398
358 394 467 453 203
1573 378 1945 435 ΕΡΗΒΕΜΙΙ

2180 374 2556 431 NOGBAPHI
3681 367 3788 427 208

358 515 663 589 largisque
694 511 835 567 fovit
867 508 1039 565 donis
1071 510 1246 580 prout
1278 506 1365 563 fas
1396 510 1540 561 erat.

360 607 490 664 Jam
521 618 655 659 cum
686 600 784 656 hic
815 603 969 655 esset
1000 613 1240 675 prorsus
1274 595 1468 653 lanius
1500 593 1832 658 hominum,

365 699 489 752 Imo
518 708 651 749 vero
683 690 859 749 Satan
889 692 1035 743 alter
1065 685 1384 752 homicida,

366 784 468 841 ubi
500 780 791 854 concepit,
824 784 889 835 ut
921 778 1002 834 ait
1034 776 1240 845 David,
1267 773 1552 840 dolorem,

364 872 708 945 iniquitates
742 867 994 942 peperit!
1034 866 1203 933 eheu,
1240 868 1506 921 mortem.

367 967 672 1019 Decretum
707 960 795 1029 fit,
829 956 973 1029 prob
1006 955 1399 1011 inhumanum
1431 950 1694 1011 facinus!

370 1058 434 1109 ut
463 1050 654 1108 cuncti
688 1046 899 1104 inclusi
934 1060 1163 1101 carcere
1192 1042 1281 1098 vel
1315 1041 1547 1101 exsules

370 1141 542 1213 mari,
566 1138 653 1195 vel
685 1137 900 1210 gladio,
928 1134 1017 1190 vel
1051 1132 1164 1191 alio
1196 1132 1404 1189 mortis
1435 1146 1666 1202 genere,

371 1230 607 1288 nemine
638 1233 894 1298 excepto,
926 1225 1063 1281 vitae
1094 1223 1271 1279 finem
1299 1224 1562 1286 cernant,

372 1321 483 1392 ipsi
510 1324 568 1376 et
597 1315 897 1389 conjuncti
926 1329 1129 1370 omnes
1156 1314 1291 1385 jure
1321 1308 1573 1382 generis.

374 1411 491 1467 Cur
518 1408 700 1477 enim,
733 1406 834 1475 ait,
868 1420 985 1459 uno
1022 1404 1247 1457 resecto
1280 1400 1491 1473 capite,

378 1500 494 1556 alia
524 1498 884 1567 consurgent
915 1492 1085 1565 plura
1115 1495 1171 1546 et
1203 1488 1443 1561 pejora?

378 1590 515 1644 hem
547 1584 920 1652 exsecranda,
955 1578 1255 1636 horribilis
1290 1575 1613 1633 sententia!

381 1678 515 1734 hem
545 1673 925 1731 maledictum
959 1669 1291 1725 satanicum
1325 1668 1648 1733 decretum,

381 1784 416 1821 a
447 1781 561 1837 quo
592 1766 678 1819 tot
705 1760 864 1817 letho
897 1758 1353 1817 destinabantur
1384 1752 1691 1810 homines!

384 1857 571 1926 Atque
601 1851 711 1909 hoc
741 1849 1093 1922 inscriptum
1122 1844 1336 1901 libellis
1368 1845 1669 1901 decretum

387 1944 458 2001 ab
488 1938 888 2013 iniquissimis
923 1940 1228 2011 acceptum
1253 1933 1560 2008 judicibus

387 2030 758 2089 Andronicus
789 2028 1115 2102 imperator
1144 2022 1515 2080 custodiebat
1547 2038 1560 2075 ι

389 2124 565 2194 idque
595 2120 708 2175 heu
742 2116 1093 2190 quantocius
1125 2116 1509 2169 exsecuturus
1541 2114 1686 2183 erat,

392 2212 683 2286 pecudum
714 2208 904 2263 instar
933 2209 1019 2261 tot
1048 2204 1319 2261 homines
1344 2201 1651 2275 jugulans,

399 2304 690 2374 quotquot
721 2315 825 2374 per
851 2297 1167 2369 imperium
1200 2295 1257 2348 in
1287 2292 1494 2348 vinclis
1527 2294 1693 2347 erant

399 2406 532 2447 cum
565 2386 1019 2460 consanguineis
1052 2383 1280 2439 cunctis
1312 2386 1368 2437 et
1397 2380 1696 2439 affinibus.

398 2479 513 2536 nisi
544 2480 779 2535 Creator
804 2475 1036 2548 generis
1064 2471 1308 2529 humani
1343 2486 1407 2526 ac
1439 2469 1728 2527 Dominus

395 2568 866 2640 praeoccupasset
896 2564 1137 2639 perdere
1166 2560 1592 2629 Andronicum,

394 2657 657 2729 taliaque
684 2655 745 2715 in
777 2668 1013 2711 cassum
1046 2655 1269 2707 vertere
1301 2648 1571 2705 consilia.

393 2745 638 2802 Interim
669 2743 1041 2801 Andronicus
1074 2744 1288 2796 cuncta
1318 2754 1566 2794 cernens

394 2835 639 2891 adversa
668 2833 782 2895 sibi
813 2832 939 2888 fieri
970 2834 1028 2886 et
1059 2828 1326 2885 difficilia

393 2928 633 2996 propter
660 2922 909 2977 victores
943 2918 1168 2973 Siculos
1199 2916 1511 2984 exercitus,

395 3013 497 3085 qui
524 3010 1009 3068 Thessalonicam
1041 3008 1487 3079 occupaverant.

396 3105 571 3174 prout
600 3099 871 3172 superior
900 3096 1161 3152 narravit
1191 3093 1457 3149 historia.

397 3197 455 3248 et
486 3208 644 3248 nunc
666 3190 792 3258 jam
825 3190 1027 3245 Serras
1058 3186 1446 3257 Bolerumque
1479 3183 1865 3253 advenerant;

395 3284 641 3356 insuper
669 3296 891 3353 gnarus
919 3277 1173 3335 subditis
1205 3293 1267 3332 se
1298 3276 1581 3344 invisum,

396 3372 467 3427 ad
498 3371 883 3427 divinandum
917 3365 1200 3439 temporis
1232 3364 1413 3419 futuri
1446 3378 1619 3418 casus

394 3474 498 3530 per
527 3457 799 3515 homines
830 3454 1087 3511 hariolos
1118 3452 1405 3508 convertit
1436 3450 1700 3506 animum

394 3547 794 3604 abominanda
824 3548 995 3600 utens
1027 3541 1462 3614 hydromantia.

392 3637 464 3691 Et
492 3636 777 3692 interesse
808 3632 1050 3705 quidem
1078 3646 1211 3685 cum
1245 3627 1487 3684 hariolis

393 3725 588 3781 noluit
616 3724 767 3796 ipse,
800 3720 1156 3777 derisionem
1190 3735 1428 3785 cavens;

391 3830 598 3871 verum
628 3813 751 3868 haec
785 3811 1055 3867 ministro
1087 3807 1380 3864 commisit
1404 3806 1697 3879 Stephano

393 3920 563 3960 sacra
592 3904 880 3957 nocturno
912 3902 1176 3972 tempore
1208 3912 1485 3969 peragere
1518 3914 1531 3951 :

394 3993 497 4066 qui
531 3992 602 4047 ad
635 4008 697 4047 se
725 4005 941 4047 vocans
964 3987 1210 4043 Sethnm
1244 3986 1560 4059 quemdam
1594 3984 1832 4040 nomine

393 4097 635 4151 caecum,
669 4080 771 4136 sed
802 4083 924 4135 arte
954 4076 1269 4144 hariolum,
1301 4076 1374 4131 ob
1404 4075 1583 4146 idque
1613 4074 1752 4130 olim

386 4173 554 4244 justa
584 4168 879 4226 sententia
909 4166 1095 4224 oculis
1126 4165 1421 4240 privatum

393 4278 427 4317 a
458 4258 729 4317 Manuale
760 4273 1033 4331 purpura:
1065 4255 1236 4327 regiae
1270 4253 1545 4320 flosculo;

389 4350 752 4420 interrogare
783 4346 957 4419 erepit
990 4345 1179 4401 malos
1212 4344 1509 4399 daemonas

386 4457 495 4513 per
526 4438 760 4496 nefariae
793 4438 935 4493 artis
963 4435 1421 4501 incantationes,

388 4529 667 4602 quisnam
700 4530 834 4600 post
860 4524 1263 4581 Andronicum
1296 4526 1488 4578 Caesar
1521 4521 1711 4576 foret?

384 4617 477 4674 vel
508 4618 688 4689 hujus
720 4617 997 4690 quisnam
1030 4616 1261 4683 raperet
1294 4609 1649 4681 imperium?

384 4708 625 4763 Daemon
657 4720 727 4761 ex
757 4704 907 4777 pelvi
939 4701 1140 4759 retulit
1166 4699 1464 4771 ambigua,

383 4799 442 4853 et
473 4795 827 4868 perobscure
856 4794 999 4848 dum
1031 4806 1135 4861 per
1163 4805 1375 4862 aquam
1406 4787 1673 4858 loquitur

383 4884 701 4941 delineavit
730 4880 942 4938 litteris
974 4877 1307 4946 fallacibus,

382 4976 674 5045 quantum
707 4968 993 5040 conjicere
1022 4965 1211 5033 licuit,
1244 4965 1559 5023 Isaacium.

379 5059 496 5118 Nec
524 5076 660 5117 vero
704 5056 964 5115 nominis
993 5059 1208 5112 cuncta
1238 5054 1527 5113 elementa
1558 5054 1817 5127 scripsit,

379 5151 483 5207 sed
516 5146 856 5220 semiplena;
887 5145 1103 5201 obtulit
1126 5148 1411 5216 tanquam
1448 5144 1601 5199 luna:

376 5239 624 5310 ﬁguram
654 5235 1048 5305 dimidiatam,
1079 5238 1252 5306 atque
1282 5234 1558 5306 ambigue

373 5332 433 5386 et
462 5327 613 5383 lunas
646 5326 767 5382 iota
791 5323 1045 5380 litteram
1078 5324 1419 5395 praeposuit.

2048 503 2099 575 Α
2311 502 2457 573 Σφᾶς
2490 493 2718 570 δωρεαῖς
2750 492 2946 564 ἥδυνεν
2982 489 3174 571 ἁϐραῖς
3209 493 3282 556 ὠς
3317 494 3473 565 θέμις
3508 512 3519 525 ⁸

2122 591 2264 645 5325
2300 595 2392 641 Ὠν
2428 584 2474 641 δ’
2506 586 2752 663 ἀτεχνῶς
2790 587 3049 663 μάγειρος
3074 584 3378 659 ἀνθρώπων
3410 581 3524 653 ὅδε,

2304 676 2534 735 Μᾶλλον
2568 672 2624 730 δὲ
2659 675 2830 731 Σατάν
2866 672 3039 740 ἄλλος
3074 673 3556 751 ἀνθρωποκτόνος,

2306 771 2373 838 ᾜ
2404 788 2533 849 φησι
2569 761 2758 839 Δαϐἰδ,
2791 764 3063 837 ὡδινήσας
3099 764 3165 836 δὴ
3197 764 3390 836 πόνον,

2308 857 2651 931 Παρανομίας
2684 855 2983 929 ἀποτίκτει,
3010 858 3140 932 φεῦῐ
3182 854 3351 933 μόρον
3390 874 3403 888 ⁸

2308 948 2529 1021 Ὤριστο
2560 944 2763 1014 τοίνυν,
2791 944 2834 1000 ὣ
2861 944 3257 1021 μισανθρώπου
3288 944 3522 1020 τρόπου,

2130 1039 2269 1101 5336
2310 1036 2746 1112 Καθειργμένους
2775 1034 3083 1108 ξύμπαντας
3117 1034 3223 1091 εἷ’τε
3254 1031 3494 1111 φυγάδας

2311 1123 2517 1200 "Apan
2553 1124 2701 1203 βυθῷ
2727 1146 2783 1179 τε
2815 1127 2904 1179 καὶ
2937 1125 3073 1203 ξίφει
3105 1126 3195 1179 καὶ
3229 1125 3443 1196 Θανάτῳ

2316 1212 2727 1292 Ηαραδοθέντας
2754 1214 2846 1269 τὸν
2880 1214 2995 1291 βίον
3029 1215 3441 1291 καταστρέφειν,

2317 1305 2523 1369 Αὐτούς
2551 1326 2607 1359 τε
2638 1304 2839 1368 πάντας
2868 1305 2959 1359 καὶ
2985 1306 3363 1380 προσήκοντας
3394 1301 3556 1379 γένει.

2314 1396 2375 1451 Τί
2406 1397 2508 1475 γάῥ
2540 1395 2782 1473 κεφαλῆς
2816 1395 2861 1450 εἰ
2898 1401 3027 1469 μιᾶς
3057 1393 3410 1471 τετμημένης

2140 1489 2281 1543 5335
2322 1486 2595 1557 Φυήσεται
2627 1487 2839 1559 κάρηνα
2870 1486 3046 1563 χείρω
3075 1484 3166 1540 καὶ
3197 1482 3354 1540 πλέω
3383 1504 3397 1554 ;

2320 1580 2383 1635 Ὢ
2415 1578 2742 1653 παμμιάρου
2773 1578 2861 1633 καὶ
2897 1580 3219 1653 οεοστυγοῦς
3251 1573 3431 1649 δίκης,

2321 1667 2425 1726 Καὶ
2458 1672 2746 1727 σατανικοῦ
2780 1667 3091 1742 σκέμματος
3128 1665 3416 1741 μισητέου,

2323 1761 2748 1836 Κατακρίνοντος
2781 1761 2978 1824 παντὸς
3007 1760 3298 1837 ἀνθρώπου
3333 1760 3535 1837 μόρονι

2331 1849 2561 1905 Σκέμμα
2591 1851 2833 1905 πονηρὸν
2866 1849 3122 1905 ἐγγραφὲν
3154 1848 3353 1905 τόμοις
3384 1846 3480 1903 τόδ

2070 1871 2118 1939 Β
2331 1849 2561 1923 Σκέμμα
2591 1851 2833 1923 πονηρὸν
2866 1849 3122 1926 ἐγγραφὲν
3154 1848 3353 1921 τόμοις
3384 1848 3510 1904 τόδε

2151 1943 2292 1997 5340
2332 1940 2472 2014 Πρὸς
2502 1944 2606 1993 τῶν
2639 1939 2930 2015 κρινόντων
2964 1936 3137 2017 ἄνομα
3170 1934 3573 2011 δικασπόλωνξξ

2332 2028 2572 2107 Εῗληφεν
2606 2028 2951 2105 Ἀνδρόνικος
2985 2027 3269 2107 φυλάττειν
3303 2030 3519 2104 κράτωρ
3554 2047 3567 2059 ⁶

2331 2121 2396 2176 Ὃ
2427 2120 2554 2199 τάχ’
2585 2116 2643 2173 ἃν
2679 2118 2923 2193 έξήνυτο,
2957 2118 3088 2196 φεῦί
3126 2119 3255 2196 φεῦί
3290 2118 3427 2195 πρὸς
3455 2118 3648 2194 πέρας,

2334 2209 2432 2262 Καὶ
2464 2207 2657 2271 πάντες
2691 2207 3016 2287 ἐσφάττοντο
3048 2205 3376 2285 θρεμμάτων
3413 2204 3568 2279 δίκην

2332 2300 2398 2356 Οἱ
2430 2302 2717 2374 πανταχοῦ
2747 2304 2848 2373 γῆς
2884 2295 3132 2355 Αὐσόνων
3163 2296 3549 2371 καθειργμένοι

2154 2393 2296 2448 5345
2339 2388 2442 2444 Σὺν
2474 2394 2589 2452 τοῖς
2622 2389 2741 2443 καθ’
2774 2389 2910 2463 αἷμα
2932 2388 3021 2443 καὶ
3053 2388 3393 2461 προσήκουσι
3425 2386 3591 2462 γένει,

2334 2476 2404 2535 Εἴ
2433 2479 2506 2551 μὴ
2545 2477 2878 2554 βροτουργὸς
2907 2480 3015 2532 τῶν
3050 2474 3194 2531 ὅλων
3227 2476 3314 2531 καὶ
3350 2474 3625 2546 Δεσπότης

2334 2568 2564 2638 Ἔθηκεν
2596 2563 2941 2642 Ἀνδρόνικον
2974 2562 3219 2619 ἐκποδὼν
3250 2562 3473 2642 φθάσας,

2335 2656 2633 2733 Σκέμματα
2663 2651 2710 2708 δ’
2739 2651 3011 2727 ἀπέδειξεν
3044 2651 3213 2729 ἄκυρα
3244 2649 3371 2708 τάδε
3404 2670 3417 2683 ·

2336 2746 2507 2805 Οὗτος
2538 2745 2694 2798 στενά
2726 2744 2776 2797 οἱ
2807 2746 3055 2818 καθορῶν
3088 2742 3432 2817 πανταχόθεν

2154 2838 2296 2893 5350
2335 2835 2631 2909 Πράγματα
2660 2827 3026 2907 συμϐαίνοντα
3061 2828 3300 2886 δύσκολα
3325 2832 3463 2889 πάνυ

2334 2925 2427 2979 Ἐκ
2454 2924 2719 2977 Σιλικεῶν
2752 2918 3052 3000 δυσμάχων
3085 2920 3526 2997 στρατευμάτων,

2331 3015 2505 3087 "Amp
2536 3011 2911 3085 παρεστήσατο
2945 3006 3367 3080 Θεσσαλονίκην,

2334 3104 2423 3164 Ὧς
2456 3099 2645 3156 ἀνόπιν
2671 3100 2883 3177 εἷ’ρηκεν
2917 3100 3151 3174 ἱστορεῖν
3186 3098 3413 3176 φθάσαν,

2078 3232 2121 3305 C
2158 3286 2293 3305 ’ΜΡ
2335 3194 2443 3305 liqi‘
2470 3190 2653 3305 {aiqu
2672 3189 2998 3305 ξερῥῶνικαὶ
3026 3187 3270 3301 ΒοληερΟΩῢ
3291 3189 3549 3305 πεφθάκει
3587 3209 3599 3221 ⁸

2155 3286 2298 3343 5355
2337 3282 2482 3358 Πρὸς
2514 3278 2561 3335 δ’
2592 3278 2656 3336 αὖ
2688 3282 2864 3353 δαυτῷ
2895 3278 3191 3357 δυσμενοῦς
3226 3279 3471 3350 ὑπηκόου

2334 3370 2550 3431 Ἀπεῖδε
2579 3372 2719 3449 πρὸς
2750 3370 3062 3449 πρόγνωσιν
3097 3371 3169 3425 ὧν
3209 3367 3432 3443 μέλλων
3454 3368 3644 3447 χρόνω

2329 3465 2441 3532 Τὴν
2473 3458 2685 3518 ἔκϐασιν
2720 3459 2941 3517 δίδωσιν
2973 3462 3291 3535 ἠρωτηκόσι

2332 3556 2445 3623 Τὴν
2480 3552 2567 3609 διὰ
2599 3552 2808 3609 πλυνοῦ
2843 3558 3111 3627 μαντικῆς
3138 3572 3196 3606 τε
3230 3551 3504 3631 φευκτέας.

2332 3641 2507 3699 Ἀλλά
2535 3647 2781 3719 παρεῖναι
2814 3645 2931 3704 τοῖς
2962 3639 3319 3717 τελουμένοις
3345 3640 3470 3698 τότε

2150 3737 2293 3793 5360
2330 3735 2500 3796 Αὐτὸς
2536 3734 2628 3807 μὶν
2664 3730 2949 3807 ἀπείπατο,
2982 3735 3175 3807 μῶμον
3208 3729 3470 3787 ἐκκλίνων

2328 3824 2595 3899 Ὑπηρέτῃ
2626 3821 2673 3877 δ’
2704 3820 3226 3901 ἁγιοχριστοφορίτῃ

2332 3912 2519 3986 Φέρων
2554 3913 2838 3984 ἀνατίθησι
2863 3909 3248 3987 νυκτεργασίαν
3279 3928 3293 3943 ⁸

2326 4004 2422 4064 ⁸ος
2454 3996 2788 4077 παραλαϐών
2818 4020 2937 4057 τινα
2969 4000 3084 4067 Σήθ
3112 3995 3456 4071 κεκλημένον

2328 4094 2511 4168 Πηρὸν
2547 4092 2640 4161 μὶν
2672 4088 2849 4165 ὄψεις,
2885 4090 3148 4163 μαντικὴν
3183 4085 3227 4143 δ’
3256 4087 3593 4162 ἠσκημένον,

2147 4184 2291 4239 5365
2328 4182 2404 4239 Οὗ
2439 4180 2597 4255 χάριν
2627 4179 2922 4255 έγκέκοπτο
2952 4179 3048 4245 τὰς
3072 4176 3237 4252 κόρας
3268 4174 3434 4231 πάλιν

2328 4272 2471 4343 Πρὸς
2502 4272 2918 4347 πορφυρανθοῦς
2948 4264 3215 4339 Μανουὴλ
3248 4264 3378 4339 μάλ’
3410 4262 3638 4329 ἐνδίκως
3672 4287 3686 4300 θ

2326 4360 2654 4417 Πυνθάνεται
2686 4355 2753 4427 δὴ
2784 4361 2892 4412 τῶν
2922 4360 3177 4432 πονηρῶν
3210 4356 3539 4428 πνευμάτων

2328 4449 2554 4518 ΦαύΛης
2588 4444 2808 4519 ἐπῳδῆς
2837 4450 3069 4521 μαντικῇ
3102 4447 3517 4522 πεπραγμένης,

2327 4539 2515 4599 Ὅστις
2551 4537 2666 4611 μετ’
2696 4532 3044 4613 Ἀνδρόνικον
3077 4532 3250 4608 ἄρξων
3284 4534 3563 4610 τυγχάνει,

2070 4593 2117 4658 D
2147 4630 2290 4686 5370
2326 4593 2394 4681 Ἥ
2423 4593 2752 4702 παράλόσων
2787 4593 2943 4681 τόνδε
2972 4630 3071 4694 τῆς
3102 4593 3462 4699 κέαταρχίᾶἷς.

2326 4720 2545 4790 Πνεῦμα
2575 4713 2621 4770 δ’
2652 4714 2860 4772 ἀνεῖλεν
2894 4713 2955 4769 έκ
2983 4711 3192 4769 πλυνοΰ
3228 4708 3553 4789 βεϐυσμένα,

2324 4805 2560 4864 Μᾶλλον
2596 4803 2643 4860 δ’
2672 4803 2931 4883 ἀμυδρῶς
2961 4804 3036 4867 ὠς
3072 4803 3123 4859 έν
3157 4800 3311 4859 ὕδασι
3345 4800 3506 4880 λέγον

2326 4901 2658 4975 Σκιαγραφεῖ
2686 4896 2973 4973 γράμμασι
3004 4893 3255 4963 πεπλανη
3268 4892 3452 4967 μένοις

2322 4987 2613 5058 Ἰσαάκιον,
2644 4985 2718 5051 ὡς
2747 4985 2872 5056 ἐνῆν
2905 4982 3192 5040 ἀπεικάσαι
3229 5004 3244 5020 ·

2141 5080 2283 5136 5375
2321 5076 2398 5135 Οὐ
2428 5076 2680 5147 κλήσεως
2707 5076 3006 5151 γράμματα
3035 5073 3291 5145 συντάξαν
3320 5071 3445 5146 ὅλα,

2319 5170 2521 5242 Ὥσπερ
2555 5166 2790 5236 σελήνης
2824 5162 2872 5221 δ’
2903 5165 3251 5243 ἀμφικύρτου
3282 5162 3552 5244 φαντάσαν

2316 5256 2612 5331 Ἥμίτονον
2647 5254 2841 5333 σχῆμά
2870 5277 2919 5312 τι
2952 5255 3043 5310 καὶ
3065 5253 3471 5328 πεπλασμένον,

2318 5347 2419 5403 Καὶ
2451 5344 2598 5402 τοῦδ’
2633 5346 2765 5402 ἰῶτα
2795 5345 3095 5426 προγράφει
3129 5342 3305 5417 λοξῶς
3338 5342 3506 5399 τόπον
3538 5343 3653 5418 (03)

365 5648 410 5704 C
441 5574 557 5659 (63).
589 5573 834 5658 Scilicet.
868 5574 1150 5655 antiquus
1202 5576 1375 5643 typus
1407 5572 1588 5629 Graeci
1633 5575 1908 5647 sigmatis
1938 5584 2027 5662 est
2136 5597 2261 5637 ram
2311 5580 2333 5636 Ι
2383 5598 2498 5638 non
2550 5581 2943 5654 praepositam,
2998 5581 3100 5637 sed
3154 5581 3534 5651 subjunctam
3586 5577 3779 5636 fuisse

420 5688 433 5703 .
467 5664 559 5703 cui
590 5649 901 5704 nraanosita
932 5645 953 5704 Ι
984 5649 1128 5702 satis
1157 5644 1542 5704 portendebat
1570 5663 1786 5704 nomen
1818 5651 2026 5704 Isaacii
2136 5652 2210 5704 ob
2241 5654 2572 5704 augendam
2604 5653 3074 5704 ambiguitatem.

590 5645 953 5725 ριηωρρείιαι
984 5622 1128 5725 ags
1155 5622 1542 5725 ρριῑεηςρδρι
1570 5622 2027 5725 Donatista;
2136 5622 3100 5725 grauata;emergame

372 5720 459 5777 IC.
495 5715 729 5776 Verum
753 5718 985 5775 Nicetas
1035 5716 1350 5775 Choniates
1382 5715 1519 5773 hist.
1554 5734 1617 5790 li,
1648 5720 1703 5786 9,
1738 5719 1819 5777 ait
1866 5721 2022 5779 litte-
