4076 6434
270 417 386 474 205

457 540 725 596 ’Ἡκουσεν
755 532 1105 611 ’Δνδρόνικος
1137 530 1381 592 πεύσεως
1416 529 1644 605 λόγους,

265 635 416 692 5380
454 627 565 686 Καὶ
597 625 791 700 καιρὸν
821 625 993 681 εἴπεῖν
1028 624 1171 698 ἀξιοῖ
1194 623 1310 677 καθ’
1341 622 1402 678 ὃν
1427 618 1575 680 τάδε.

457 723 656 780 Πεῦσις
686 714 951 772 τολοιπὸν
985 713 1227 788 γίγνεται
1262 708 1328 779 δὴ
1364 707 1609 786 δευτέρα,

460 809 560 864 Καὶ
590 807 787 880 πνεῦμ’
818 803 1000 860 ἀνεῖλε
1028 800 1096 858 δι’
1129 800 1455 874 ἰπασμάτων
1487 796 1615 857 τάδε
1648 819 1661 833 ·

458 901 546 960 Ὠς
578 897 790 970 ἡμέρας
824 887 1065 949 ἔντοσθεν
1101 891 1322 967 ὑπάρξει
1354 887 1502 960 τάδε,

454 989 586 1053 Καθ’
619 988 681 1055 ἣν
711 985 774 1040 τὸ
804 979 1124 1060 τρισόλϐιον
1164 980 1394 1055 ὑψοῦται
1429 977 1588 1050 ξύλον
1627 999 1638 1010 ·

263 1084 419 1142 5385
460 1077 602 1137 Μίαν
634 1074 680 1132 δ’
712 1077 740 1131 ὁ
770 1067 1147 1146 Σεπτέμϐριος
1172 1071 1271 1146 ἦγε
1299 1071 1434 1146 πρὸς
1465 1067 1614 1140 δέκα,

454 1169 620 1224 Ἐπὰν
656 1163 850 1240 ἐδρᾶτο
882 1164 1073 1238 πρᾶξις
1106 1157 1509 1237 ἀρῤητουργίας

452 1261 523 1315 Ἀ
551 1256 722 1332 λῆρον
751 1256 1002 1331 ἡγήσατο
1034 1251 1199 1327 γνοὺς
1228 1253 1393 1306 ταῦτα
1422 1247 1638 1323 κράτωρ
1673 1265 1684 1282 ’

445 1351 566 1409 Πῶς
597 1344 656 1400 ἄν
692 1346 815 1399 ποτ’
847 1342 1121 1417 ίσχύσειεν
1158 1340 1325 1394 είπὼν
1361 1336 1647 1412 Κυπρόθεν

455 1435 700 1498 Πλεῦσας
732 1434 999 1494 Ὶσαάκιος
1032 1429 1082 1485 ἐν
1121 1431 1320 1506 βραχεῖ
1352 1427 1538 1504 χρόνῳ

253 1529 409 1585 5390
451 1525 609 1586 Οὕτω
638 1524 1005 1596 καταστρέψαι
1040 1541 1104 1595 με
1133 1523 1232 1586 τῆς
1261 1517 1634 1593 κραταρχίας;

455 1618 562 1674 Τὸν
583 1614 846 1691 Κυπρίων
875 1612 1136 1688 τύραννον
1172 1607 1382 1680 οἰηθεὶς
1415 1607 1602 1662 πέλειν

447 1707 544 1761 Τὸν
577 1706 821 1762 καθεκεῖν
860 1699 1139 1776 μέλλοντα
1167 1696 1320 1755 τόνδε
1348 1701 1444 1753 τοῦ
1475 1697 1729 1771 κράτους,

441 1793 645 1871 Ἄνδρα
676 1798 980 1868 Κομνηνῶν
1015 1791 1074 1847 ἐκ
1101 1789 1288 1865 γένους
1319 1786 1688 1862 κατηγμενον,

447 1886 794 1954 Ἀποστάτην
828 1881 887 1938 δὲ
916 1885 1013 1936 τοῦ
1043 1879 1274 1956 κράτους
1309 1875 1674 1949 δεδειγμένον,

258 1979 404 2034 5395
441 1977 654 2052 Ἀρχήν
685 1994 744 2030 τε
770 1974 867 2042 τὴν
902 1970 1175 2046 ὕπαρχον,
1211 1968 1286 2031 εἷς
1318 1966 1580 2042 ἀναρχίαν

441 2061 745 2142 Τυραννίδα
772 2083 832 2119 τε
862 2060 1140 2135 δυσμενῶς
1170 2058 1469 2130 τεθεικότα,

439 2155 552 2223 Τὴν
587 2155 800 2210 Ἰσάκου
831 2150 1028 2222 κλῆσιν
1065 2147 1121 2204 δὶ
1143 2144 1569 2216 πεπλουτηκότα
1603 2163 1616 2177 °

439 2243 597 2301 Οὕτω
627 2242 857 2316 νομίσας
890 2237 1240 2314 Ἀνδρόνικος
1269 2235 1360 2291 καὶ
1392 2235 1622 2312 φράσας,

439 2332 534 2395 Είς
566 2332 770 2407 ἀρχικά
800 2328 1028 2403 δώματα
1055 2329 1123 2384 τά
1150 2328 1285 2401 πρὸς
1317 2324 1578 2396 Ἀνάπλῳ

241 2425 398 2481 5400
437 2423 581 2496 Πρὸς
611 2415 898 2496 διατριϐήν
927 2420 1014 2474 καὶ
1051 2415 1302 2493 διάχυσιν
1335 2409 1457 2484 ἔϐη.

435 2514 499 2570 Ὀ
531 2509 577 2566 δ’
609 2510 672 2568 αὗ
701 2513 1009 2586 κακοῦργος
1041 2503 1596 2581 ἀντιχριστοφορίτης

439 2600 668 2677 Τρὲχων
701 2600 896 2677 ἀφῖκτο
930 2597 1024 2652 σὺν
1050 2595 1261 2671 ὀλίγοις
1293 2594 1527 2653 οίκιταις

437 2691 583 2766 Πρὸς
615 2688 787 2745 οίκίαν
822 2686 1099 2744 εὕκτιστον
1134 2683 1424 2756 Ἰσαακίου,

438 2782 537 2835 Καὶ
565 2778 710 2835 τόνδ’
736 2779 933 2857 ἰφώνει
959 2781 1067 2833 τῶν
1101 2773 1286 2848 δόμων
1320 2771 1558 2830 κατιᾶναι
1597 2789 1610 2807 ³

241 2872 399 2928 5405
437 2870 534 2924 Καὶ
569 2865 699 2940 τῷδ’
725 2868 985 2941 ὁμαρτεῖν
1021 2863 1082 2923 οὗ
1117 2861 1266 2918 δοκεῖ
1292 2859 1600 2935 πορευτέον.

437 2960 498 3017 Ὀ
535 2959 630 3032 μὲν
662 2955 856 3020 δεδιὼς
886 2957 986 3024 τὴν
1020 2953 1269 3029 ὁμοκλὴν
1302 2949 1492 3008 αὐτίκα

435 3048 755 3107 Θεοκλυτῶν
793 3048 1013 3122 ὑπῆρχε
1045 3043 1305 3121 ῥυσθῆναι
1337 3041 1509 3114 μόρου
1544 3059 1558 3078 ο

437 3140 498 3196 Ὁ
531 3135 577 3193 δ’
608 3135 782 3214 ἀγρίῳ
815 3135 1099 3212 βλέμματι
1129 3133 1219 3189 καὶ
1257 3133 1362 3209 βοῇ
1391 3129 1558 3189 πάλιν

431 3227 605 3285 Αὐτὸν
638 3226 917 3283 κατελθεῖν
953 3222 1296 3299 ἱγκελεόεται
1326 3223 1522 3296 τάχος.

239 3319 391 3377 5410
434 3316 593 3374 ’Λλλ’
625 3315 697 3378 ὠς
735 3316 878 3391 ἑώρα
911 3309 1247 3390 βραδύνοντα
1275 3310 1367 3366 καὶ
1398 3308 1592 3380 πάλιν,

432 3410 565 3469 Τοῖς
591 3405 826 3468 οἲκὲταις
858 3403 925 3473 ἧν
953 3401 1233 3479 ἐγκραγὼν
1273 3401 1407 3475 μετὰ
1439 3397 1617 3475 χόλου

433 3497 710 3574 Σύρον-τας
739 3494 899 3550 αὐτὸν
933 3493 1182 3568 κατάγειν
1217 3490 1536 3564 οἰκημάτων
1575 3507 1589 3526 ·

433 3587 624 3650 Μόλις
655 3586 937 3644 κατελθεῖν
972 3578 1280 3646 ἇκϐιασθείς
1309 3583 1379 3654 τῇ
1415 3580 1506 3654 βίᾳ

430 3681 626 3733 Ἵππον
657 3679 706 3732 τ’
737 3671 940 3739 ἀναϐὰς
971 3671 1400 3749 ηὐτρεπισμίνον
1424 3670 1547 3726 τότε

237 3771 394 3826 5415
437 3768 525 3838 Ἐξ
559 3767 836 3843 Ἀγγᾶλων
868 3769 1082 3827 ’Ίσακος
1117 3761 1555 3838 άνδρειοφρόνως

435 3857 794 3932 Σπασάμενος
825 3858 1099 3935 φάσγανον
1128 3851 1494 3926 ἠκονημένον,

432 3945 769 4025 Ἐφάλλεται
803 3943 870 4015 δὴ
905 3940 1454 4020 ἀντιχριστοφορίτῃ,

434 4038 536 4093 Καὶ
568 4036 903 4112 κατενεγκὼν
930 4033 1090 4090 τοῦδε
1114 4033 1340 4108 πληγὴν
1368 4032 1604 4108 καιρίαν,

436 4133 582 4203 Διχῆ
612 4124 857 4204 κεφαλήν
891 4123 1111 4198 διέκοψε
1133 4126 1203 4197 τῇ
1236 4124 1414 4196 σπάθῃ
1445 4140 1459 4156 ·

243 4221 396 4276 5420
431 4219 524 4271 Ὃν
557 4217 647 4273 καὶ
677 4221 998 4292 προκεῖσθαι
1027 4218 1144 4275 τοῖς
1173 4212 1295 4268 κυσὶ
1328 4210 1507 4268 λιπὼν
1538 4208 1708 4286 ἕλωρ,

434 4311 595 4383 Ὅλῳ
631 4308 825 4384 ῥυτῆρι
855 4307 992 4383 πρὸς
1024 4306 1159 4360 νεὼν
1191 4302 1376 4380 τρέχει
1411 4304 1582 4380 μέγαν

436 4403 516 4455 Δι’
549 4401 755 4475 ἀγορᾶς
782 4419 840 4454 τε
869 4398 955 4454 καὶ
991 4393 1277 4473 λεωφόρου
1312 4393 1481 4466 μέσης
1515 4413 1528 4426 ·

438 4489 541 4546 Καὶ
577 4489 725 4565 χειρὶ
747 4488 958 4564 γυμνὸν
989 4486 1053 4541 τὸ
1084 4485 1233 4563 ξίφος
1263 4484 1441 4562 φέρων
1469 4479 1549 4539 ἔτι

437 4586 609 4638 Πᾶσιν
640 4580 802 4654 τορὸν
833 4579 1085 4654 κέκραγε,
1114 4569 1256 4646 τῷδε
1282 4574 1362 4645 τῷ
1394 4573 1532 4650 ξίφει

247 4675 400 4732 5425
437 4673 639 4743 Τεμεῖν
671 4668 916 4744 κεῳαλήν
949 4661 1525 4740 ἀντιχριστοφορίτου.

439 4760 595 4817 Ἐπεὶ
629 4757 687 4814 δὲ
716 4758 844 4814 ναὸν
877 4753 1167 4832 εἰσέδραμε
1189 4753 1280 4808 τὸν
1315 4750 1502 4827 μέγαν,

438 4851 550 4909 Τὸν
577 4853 687 4905 τῶν
721 4850 1039 4927 φονουργῶν
1072 4841 1232 4917 ἴσχεν
1259 4838 1339 4905 sic
1369 4842 1552 4896 στάσιν
1582 4843 1748 4897 τόπον
1784 4844 1916 4917 (64).

437 4938 572 4998 Εἶτα
605 4934 848 5014 συνεῤῥει
881 4933 1020 4994 κατὰ
1047 4931 1371 5009 χιλιοστύας

434 5031 671 5103 Ἀπειρα
699 5024 889 5098 πλῆοη
920 5025 1058 5100 πρὸς
1091 5025 1212 5088 θίαν
1247 5019 1536 5090 Ἰσαακίου,

253 5122 402 5179 5430
439 5118 546 5183 Οὓς
574 5119 668 5174 καί
697 5116 1043 5181 καθικετευσε
1070 5109 1203 5186 τῷδ’
1233 5112 1522 5185 ἰπαμύνειν

441 5205 546 5267 Καὶ
577 5208 678 5277 τὴν
705 5203 934 5274 δυνατὴν
964 5199 1226 5283 είσφὲρειν
1260 5199 1610 5275 συμμαχίαν,

441 5300 598 5356 Ὀντι
629 5297 768 5373 πρὸς
798 5294 986 5356 αὐταῖς
1016 5296 1115 5348 τοῦ
1141 5290 1372 5357 θανάτου
1400 5294 1520 5353 ταῖς
1551 5289 1752 5355 πύλαις
1787 5311 1800 5324 ο

327 5497 450 5571 (64)
483 5495 719 5571 Hicetas
751 5494 1067 5571 Choniatcs
1101 5491 1200 5571 lib.
1235 5506 1297 5558 ιι,
1334 5490 1402 5545 10
1427 5489 1570 5571 εητὸν
1622 5493 1765 5571 Qciov
1812 5487 1928 5571 εἲσ-

257 5630 655 5724 άνερχόμξζιοι,
700 5637 778 5724 ,τὸ
841 5635 1046 5724 οἰκεῖον
1122 5630 1655 5724 ςινακεζκαλυμμξινῶς
1713 5630 1930 5724 διάτραῖ

262 5779 520 5858 ἐξιόντων
580 5773 662 5838 τ’ὸ’
701 5773 1280 5858 ἱερ’ὦτατον’τὲμενος
1361 5773 1633 5838 αἶ’τοῦντες
1709 5777 1929 5856 συγχώ-

1816 408 2177 466 CEBARES.

1970 535 2021 604 Α
2055 532 2290 589 Oraculi
2320 535 2696 593 Andronicus
2727 537 2921 595 verbis
2954 537 3226 610 cognitis,

2054 626 2290 695 tempus
2322 626 2591 697 poposcit
2621 627 2772 686 scire
2803 643 2918 698 quo
2949 628 3070 686 haec
3097 628 3325 686 ﬁerent.

2051 712 2271 770 lterum
2304 731 2442 788 ergo
2475 721 2722 790 rogatur
2751 719 3082 774 oraculum.

2051 803 2200 858 Tum
2233 803 2317 860 sic
2349 808 2673 878 composito
2705 810 2967 864 carmine
2998 809 3226 866 daemon
3261 808 3344 866 ait
3379 826 3390 863 :

2050 895 2182 947 Haec
2212 894 2366 950 intra
2396 896 2551 952 diem
2585 898 2807 954 exitum
2841 902 2982 955 sunt
3013 898 3291 955 habitura

2049 997 2164 1053 quo
2198 987 2595 1041 venerandum
2629 986 2778 1042 solet
2808 987 3052 1043 exaltari
3084 985 3308 1058 lignum
3344 1003 3358 1042 :

2046 1087 2219 1142 porro
2247 1076 2606 1146 Septembris
2629 1077 2756 1145 jam
2789 1082 2916 1132 erat
2943 1076 3070 1132 dies
3103 1077 3418 1134 undecima

2045 1162 2187 1216 dum
2217 1162 2336 1218 haec
2365 1181 2577 1220 arcana
2609 1165 2890 1223 divinatio
2922 1166 3105 1226 ﬁeret.

2042 1255 2163 1307 Has
2193 1253 2513 1324 imperator
2544 1271 2734 1326 nugas
2766 1272 2895 1315 esse
2924 1256 3194 1315 credidit.

2044 1342 2346 1405 Quomodo
2378 1345 2560 1413 enim,
2591 1345 2803 1416 inquit,
2838 1346 3022 1416 Cypro
3055 1345 3269 1416 poterit

2041 1434 2155 1489 huc
2187 1433 2462 1505 navigare
2494 1434 2757 1490 Isaacius
2785 1439 2907 1492 tam
2939 1434 3096 1490 brevi
3124 1440 3409 1507 tempore,

2041 1539 2358 1594 meumque
2390 1524 2556 1596 regni
2588 1523 2803 1583 solium
2837 1524 3137 1581 evertere?

2037 1612 2427 1670 Existimabat
2457 1615 2616 1671 enim
2649 1617 2968 1685 tyrannum
2999 1613 3279 1685 Cyprium

2037 1706 2094 1758 et
2121 1701 2484 1758 eversionem
2518 1703 2610 1758 sui
2643 1707 2959 1760 venturum
2991 1703 3211 1771 throni,

2037 1792 2228 1847 virum
2261 1792 2560 1851 Comnena
2589 1792 2660 1848 de
2693 1797 2864 1864 gente
2893 1792 3288 1864 progenitum,

1957 1899 2004 1965 Β
2039 1881 2139 1953 qui
2172 1881 2534 1952 perduellem
2568 1886 2753 1940 semet
2779 1882 3027 1953 imperio
3059 1881 3343 1940 exhibens

2037 1971 2243 2028 insulae
2276 1972 2684 2043 praefecturam
2717 1973 2789 2028 ad
2825 1987 2886 2028 se
2919 1976 3216 2043 rapuerat,

2034 2061 2230 2132 ibique
2262 2078 2475 2118 saevam
2502 2062 2808 2119 exercebat
2841 2060 3234 2135 tyrannidem,

2031 2155 2207 2221 atque
2239 2151 2438 2207 lsacus
2473 2151 2709 2208 nomine
2737 2149 3167 2223 appellabatur,

2029 2241 2122 2295 Sic
2152 2241 2525 2298 Andronicus
2551 2241 2755 2297 dicens
2787 2244 2961 2312 atque
2992 2239 3357 2310 existimans,

2030 2330 2100 2385 ad
2133 2329 2322 2400 regias
2352 2331 2504 2389 aedes
2536 2331 2641 2386 ivit
2671 2346 2799 2401 quae
2831 2336 2971 2388 sunt
3001 2329 3061 2386 in
3094 2329 3311 2402 Anaplo

2029 2423 2092 2473 ut
2120 2436 2248 2474 sese
2276 2419 2330 2474 in
2365 2420 2464 2475 illo
2497 2419 2814 2478 oblectaret
2843 2419 3120 2491 hospitio.

2027 2509 2268 2563 Interim
2301 2513 2498 2564 tamen
2531 2508 2832 2566 maleﬁcus
2862 2508 3196 2580 Stephanus

2027 2613 2157 2653 cum
2191 2597 2393 2668 paucis
2425 2598 2639 2668 raptim
2666 2599 2824 2654 venit
2854 2597 3242 2657 familiaribus

2028 2687 2101 2742 ad
2131 2687 2412 2758 pulchras
2444 2687 2596 2742 aedes
2627 2687 2837 2746 Isaacii
2867 2687 3094 2758 Angeli,

2028 2791 2285 2848 eumque
2314 2794 2454 2836 voce
2485 2777 2666 2849 jussit
2696 2776 2932 2848 prodire
2961 2777 3159 2845 domo,

2031 2882 2206 2938 seque
2237 2867 2448 2924 ducem
2484 2866 2650 2938 sequi
2681 2883 2969 2938 quorsum
3002 2866 3287 2924 tenderet.

2031 2956 2132 3012 Ille
2165 2956 2382 3012 minaci
2414 2961 2828 3014 consternatus
2860 2971 3018 3028 voce,

2031 3051 2094 3102 ut
2128 3061 2184 3102 se
2216 3046 2391 3107 morti
2423 3047 2781 3106 subduceret
2809 3046 2996 3105 Deum
3030 3046 3298 3120 rogabat.

2027 3136 2361 3209 Stephanus
2392 3138 2576 3196 torvis
2609 3135 2796 3195 oculis
2829 3134 3160 3194 inclamans
3184 3136 3396 3196 iterum

1949 3255 1993 3324 ο
2029 3231 2093 3282 ut
2124 3227 2250 3283 sine
2277 3243 2441 3282 mora
2471 3230 2818 3297 sequeretur
2839 3225 3027 3296 jubet.

2030 3317 2246 3374 Verum
2281 3322 2345 3372 ut
2372 3318 2519 3374 vidit
2547 3319 2953 3378 demorantem
2985 3319 3199 3384 adhuc,

2031 3407 2283 3463 intendit
2311 3424 2509 3464 vocem
2542 3409 2614 3464 ad
2647 3407 2931 3465 satellites
2957 3424 3118 3479 suos,

2031 3501 2096 3552 ut
2122 3512 2256 3552 eum
2286 3501 2621 3569 correptum
2653 3497 2879 3553 aedibus
2912 3498 3338 3569 protrahet-ent.

2027 3587 2176 3641 Tum
2209 3587 2451 3642 demum
2483 3587 2587 3644 tali
2617 3587 2670 3644 vi
2702 3591 2940 3645 coactus
2971 3605 3215 3660 equum,

2031 3677 2128 3747 qui
2162 3677 2310 3732 bene
2339 3677 2671 3734 instructus
2700 3677 2922 3743 aderat,
2956 3680 3299 3736 conscendit

2029 3765 2290 3838 Angelus
2316 3767 2597 3834 Isaacius,
2630 3771 2986 3839 sumptoque
3018 3770 3217 3826 animo

2033 3862 2272 3913 acutum
2304 3856 2570 3928 gladium
2601 3858 2671 3914 de
2696 3858 2908 3929 vagina
2940 3875 3217 3928 promens

2028 3949 2256 4020 impetu
2288 3950 2493 4007 contra
2523 3946 2891 4016 Stephanum
2923 3947 3175 4019 impium
3209 3951 3346 4018 ruit,

2028 4041 2202 4109 atque
2231 4052 2360 4092 eum
2394 4035 2626 4095 mortali
2658 4041 3011 4096 consecutus
3041 4038 3184 4106 ictu,

2027 4131 2204 4199 caput
2233 4125 2506 4182 bifariam
2539 4126 2702 4182 ensis
2732 4124 2853 4184 acie
2885 4126 3099 4194 secuit;

2024 4223 2082 4274 et
2111 4218 2367 4290 praedam
2401 4216 2647 4271 canibus
2677 4215 2977 4272 hominem
3003 4216 3366 4289 relinquens,

2025 4313 2204 4369 effuso
2237 4323 2414 4365 cursu
2445 4321 2728 4376 magnum
2762 4306 2833 4362 ad
2865 4306 3151 4377 templum
3182 4309 3344 4366 venit

2025 4418 2130 4475 per
2159 4399 2311 4455 viam
2348 4394 2644 4467 publicam
2676 4410 2894 4466 perque
2926 4395 3117 4454 forum
3151 4398 3438 4468 medium;

2028 4491 2376 4559 nudumque
2405 4484 2600 4542 adhuc
2633 4501 2812 4541 manu
2847 4484 3113 4556 gladium
3151 4503 3361 4560 gerens

2027 4578 2256 4639 cunctis
2286 4574 2664 4645 inclamabat,
2687 4574 2806 4632 Hoc
2837 4591 2942 4648 ego
2975 4575 3169 4648 gladio

2030 4671 2216 4742 capite
2247 4664 2592 4724 obtruncavi
2617 4663 2937 4723 scelestum
2969 4667 3360 4738 Stephanum.

2031 4762 2101 4816 At
2130 4757 2232 4814 ubi
2262 4755 2322 4811 in
2355 4769 2635 4825 magnum
2667 4754 2930 4825 pervenit
2958 4757 3272 4828 templum,

2029 4845 2464 4904 homicidarum
2497 4841 2792 4913 pulpitum
2818 4842 3059 4902 insedit.

2031 4937 2318 5007 Deinceps
2349 4931 2680 4991 conﬂuente
2713 4933 2888 4990 turba
2917 4936 3175 4994 maxima

2033 5027 2469 5095 innumeroque
2498 5021 2713 5094 populo
2746 5023 2817 5080 ad
2852 5023 3159 5091 Isaaeium,

2033 5117 2128 5172 hic
2158 5113 2505 5175 obsecrabat
2535 5115 2600 5168 ut
2628 5111 2741 5170 sibi
2776 5113 3078 5183 suppetias

2036 5208 2255 5262 ferrent
2279 5207 2336 5258 et
2365 5201 2619 5260 validam
2651 5201 3074 5271 defensionem,

2036 5297 2096 5352 in
2126 5293 2273 5367 ipsis
2305 5306 2515 5364 nempe
2547 5290 2736 5363 posito
2769 5291 2977 5352 mortis
3001 5293 3228 5363 januis.

3601 414 3708 472 206

2039 5509 2245 5571 pnmv:
2280 5493 2543 5571 templum
2581 5493 2864 5571 ingressus
2914 5509 3035 5548 eam
3075 5493 3258 5571 sedem
3289 5491 3602 5571 conscendit
3634 5494 3697 5571 in

256 5559 358 5642 ιὼν
414 5559 566 5642 ναὸν,
637 5568 805 5642 ἄνεισι
855 5564 986 5642 τ-ὸνμ
1033 5563 1400 5642 ἀντίσταθμον,
1457 5559 1538 5642 ὃν·
1606 5561 1658 5642 οἱ
1717 5570 1929 5642 -φονεῖς

2039 5559 2154 5642 ἓμὶα
2186 5565 2480 5642 homicidae
2507 5559 2940 5642 suunigchinus
2974 5566 3208 5642 publica
3254 5568 3596 5642 conﬁtentes,
3630 5566 3698 5622 ab

2040 5633 2479 5710 ingredientibus
2516 5633 2926 5695 sanctissimum
2968 5633 3149 5694 locum
3187 5633 3704 5711 egredientibusque

257 5701 440 5802 ,33'5?
476 5701 908 5802 πλημμέλημα,
963 5708 1062 5778 τὴν
1096 5704 1178 5802 ,ἐκ
1233 5709 1340 5760 τῶν
1397 5701 1676 5802 εἰσιόντων
1726 5727 1784 5762 τε
1836 5701 1929 5802 καὶ

263 5785 277 5802 ,
356 5785 370 5802 ι
848 5793 1000 5802 ,θέην
1061 5797 1087 5802 ,
1363 5794 1633 5802 __-_______

2044 5701 2263 5770 veniam
2304 5714 2517 5782 petunt.
