4076 6420
338 440 440 500 211
1555 421 1926 485 ΕΡΗΒΕΜΙῙ

1555 421 1926 485 ΕΡΗΒΕΜΙῙ
1964 418 2533 480 CHBONOGRAPHI

344 569 561 625 Verum
594 569 659 623 ut
689 564 866 622 verba
896 563 966 621 ad
999 559 1415 635 compendium
1446 556 1767 620 conferam,

349 674 520 716 nemo
550 657 610 713 in
636 656 929 712 immenso
960 654 1059 709 illo
1092 652 1203 708 fuit
1232 644 1585 722 spcctaCuio,

353 748 500 822 quin
527 745 791 803 molestis
821 741 1036 800 ictibus
1067 746 1121 799 et
1152 739 1428 798 conviciis

351 843 496 894 tunc
527 836 821 892 infelicem
852 847 1049 890 senem
1084 849 1197 887 non
1231 829 1582 887 verberaret.

355 929 626 985 Scortum
659 923 908 995 denique
939 920 1233 994 quoddam
1268 915 1857 991 impudentissimam

356 1021 687 1089 correptam
719 1014 789 1070 de
820 1012 1017 1068 culina
1046 1010 1105 1067 in
1136 1009 1289 1065 viam
1321 1008 1589 1065 deferens

356 1105 535 1163 ollam
566 1105 820 1161 fervente
852 1100 1171 1158 admodum
1202 1115 1355 1171 aqua
1384 1095 1619 1170 plenam

354 1197 415 1253 in
447 1192 767 1251 Andronici
797 1190 1004 1248 eil'udit
1029 1186 1247 1247 furiose
1276 1204 1476 1261 genas.

357 1289 546 1357 Atque
576 1283 697 1339 haec
724 1278 1058 1355 perpetiens
1086 1277 1393 1350 multoque
1424 1273 1616 1349 plura,

355 1377 559 1430 contra
587 1376 674 1429 tot
703 1368 860 1426 mala
890 1370 1114 1424 durans
1144 1366 1232 1422 vir
1262 1365 1680 1439 magnanimus

358 1464 425 1519 In
458 1465 546 1519 tot
576 1461 842 1517 dolorum
876 1457 1155 1515 fluctibus
1186 1459 1241 1511 et
1268 1454 1563 1528 procellis,

356 1556 641 1624 tantoque
672 1547 1045 1605 miseriarum
1077 1544 1386 1603 obluctans
1418 1544 1645 1617 pelago,

362 1640 652 1697 malorum
683 1638 928 1710 inquam
963 1632 1163 1692 nimbo
1195 1635 1466 1708 quamvis
1497 1647 1759 1707 pressus,

360 1732 588 1789 fortiter
611 1735 808 1787 tamen
839 1725 1085 1787 Domino
1116 1721 1327 1800 agebat
1355 1724 1598 1799 gratias,

363 1824 734 1878 constantem
764 1819 824 1875 in
859 1814 1166 1891 suppliciis
1199 1815 1457 1872 mentem
1491 1815 1768 1873 retinens.

360 1912 454 1967 Sic
485 1928 622 1984 ergo
653 1911 713 1966 in
746 1910 998 1966 stadium
1032 1906 1244 1964 ductus
1277 1922 1410 1964 cum
1444 1906 1766 1979 ignominia

360 2015 678 2073 parumper
707 1997 900 2053 adhuc
931 1994 1165 2069 spirans
1196 1995 1268 2051 ad
1301 1989 1647 2051 columeiias

360 2092 697 2161 prostantes
731 2082 853 2143 illic
884 2086 1135 2159 pedibus
1164 2089 1255 2141 est
1285 2098 1635 2157 suspensus.

358 2173 640 2231 Furiosus
673 2177 871 2230 tamen
904 2170 1159 2245 populus
1192 2172 1441 2227 necdum
1479 2172 1645 2228 satur

358 2263 636 2320 vorandis
667 2263 794 2333 ejus
822 2258 1125 2331 carnibus,
1159 2261 1436 2333 suspensi
1470 2260 1688 2317 miseri.

362 2351 647 2409 membris
679 2351 857 2407 etiam
890 2343 1249 2422 genitalibus
1282 2348 1606 2419 lnsultavit,

360 2441 628 2498 tunicula
660 2441 923 2505 reducta,
956 2436 1088 2495 hem
1119 2439 1399 2512 pudorem
1427 2437 1438 2494 l

364 2530 611 2596 Quidam
644 2533 883 2585 acutum
911 2524 1175 2601 gladium
1204 2542 1308 2601 per
1338 2532 1544 2602 guttur
1574 2529 1713 2601 eglt,

364 2620 518 2676 alius
545 2619 790 2675 Latinus
822 2617 1088 2691 podicem
1122 2630 1261 2674 ense
1292 2614 1437 2674 fodit
1470 2635 1483 2674 :

365 2709 555 2766 Latini
586 2725 719 2765 vero
751 2709 1201 2765 circumstantes
1232 2706 1444 2780 reliqui

363 2798 578 2871 gladiis
608 2794 910 2854 credebant
940 2796 1225 2853 miserum
1257 2798 1675 2871 corpusculum

362 2884 744 2961 ingeminatis
770 2887 1135 2943 continenter
1165 2884 1404 2958 ictibus,

362 2977 681 3051 sponsione
709 2977 870 3032 velut
898 2982 1109 3033 mutua
1139 2974 1255 3032 utri
1288 2975 1516 3033 acutius

364 3068 629 3124 acinaces
659 3066 900 3122 ierirent
928 3062 1313 3138 experientes.

361 3158 453 3215 Sic
481 3156 849 3213 Andronicus
880 3154 938 3212 in
972 3154 1281 3229 suppliciis
1312 3154 1542 3214 luctans

360 3249 421 3304 in
449 3251 733 3319 tantoque
760 3244 1127 3303 cruciatuum
1161 3247 1309 3303 mari
1341 3248 1680 3323 naufragus,

364 3337 639 3410 spiritum
673 3332 782 3393 sibi
810 3332 1097 3393 violenter
1126 3342 1364 3409 raptum

365 3428 425 3484 in
458 3426 789 3484 columellis
820 3427 937 3483 illis
968 3424 1173 3483 eﬂ‘udit
1206 3427 1481 3501 turpiter.

366 3520 557 3589 Atque
588 3517 743 3573 hunc
771 3516 1003 3588 imperii
1034 3514 1282 3588 vitaque
1318 3519 1491 3575 finem
1528 3519 1732 3579 habuit

368 3606 545 3663 homo
575 3622 966 3677 aarumnosus,
1004 3610 1314 3678 postquam
1349 3604 1736 3681 imperaverat

366 3695 606 3752 biennio
639 3696 758 3751 fere
791 3699 1107 3752 stemmate
1137 3698 1453 3769 revinctus,

370 3802 487 3841 uno
518 3787 800 3857 praeterea
830 3782 1165 3843 dominatus
1197 3803 1350 3845 anno

369 3876 595 3948 absque
625 3886 859 3945 corona,
897 3877 953 3933 et
984 3889 1260 3951 purpurae
1291 3880 1516 3937 decore.

363 3966 504 4022 Erat
530 3965 591 4021 in
623 3968 857 4039 egregia
885 3968 1071 4024 forma
1102 3969 1384 4042 corporis,

367 4056 717 4128 proceritate
742 4058 1021 4128 praeditus
1052 4058 1304 4129 heroica,

369 4150 623 4219 augusta
655 4147 798 4204 facie
826 4152 883 4204 et
912 4166 1155 4220 prorsus
1187 4149 1545 4221 admirabili,

367 4234 796 4310 praevalidaque
827 4242 1001 4296 utens
1029 4238 1380 4296 valetudine.

368 4330 507 4383 Post
538 4326 766 4398 aliquot
797 4331 991 4384 autem
1023 4329 1149 4385 dies
1180 4329 1249 4385 de
1279 4328 1601 4403 suspendio

366 4415 689 4471 detractum
721 4417 847 4487 ejus
878 4414 1125 4473 cadaver
1154 4418 1211 4472 in
1245 4420 1501 4490 quodam
1535 4420 1708 4477 stadii

368 4504 586 4559 fornice
619 4504 747 4560 sine
777 4521 918 4561 cura
950 4507 1275 4577 projectum
1301 4506 1522 4579 jacuit;

371 4595 555 4650 donec
585 4595 659 4650 ad
685 4594 900 4668 Ephori
928 4596 1165 4653 tandem
1200 4600 1625 4656 monasterium

372 4690 832 4756 composuerunt
863 4685 1104 4759 quidam
1138 4686 1198 4744 in
1230 4688 1386 4745 brevi
1418 4688 1640 4759 iaculo;

372 4774 472 4831 ubi
503 4776 696 4833 adhuc
726 4788 940 4849 corpus
972 4783 1275 4850 spectatur
1304 4793 1337 4836 a
1367 4778 1616 4853 cupidis,

370 4865 768 4938 integritatem
800 4880 969 4924 suam
1004 4884 1247 4941 prorsus
1280 4870 1564 4927 retinens.

369 4956 424 5011 Is
456 4961 651 5013 autem
685 4962 805 5015 toto
839 4959 1138 5031 deperibat
1168 4956 1364 5016 animo

370 5045 620 5115 apostoli
651 5046 881 5104 divinas
910 5050 1074 5106 Pauli
1108 5050 1418 5122 epistolas;

373 5152 406 5189 a
436 5135 676 5206 quibus,
711 5138 1055 5196 admiranda
1086 5140 1243 5197 velut
1272 5143 1535 5199 scatebra

373 5225 432 5280 in
466 5227 761 5283 orationes
793 5245 931 5285 suas
961 5235 1017 5287 et
1045 5231 1263 5304 scripta
1288 5233 1540 5290 ducebat
1565 5233 1806 5305 rivulos,

373 5332 502 5386 quas
532 5314 921 5389 componebat
953 5321 1133 5376 nobili
1165 5320 1432 5379 artificio.

370 5406 520 5470 Quin
553 5424 782 5464 sacram
817 5409 977 5465 Pauli
1011 5410 1324 5483 cmiispicis
1353 5410 1673 5486 imaginem

370 5514 513 5552 auro
547 5504 908 5572 argentoque
937 5503 1230 5575 insignem
1261 5504 1630 5562 Andronicus

370 5589 430 5641 in
463 5590 850 5661 quadraginta
882 5592 1202 5664 Martyrum
1235 5594 1477 5652 delubro

371 5694 403 5732 a
429 5683 612 5734 semet
642 5679 966 5739 dedicatam
998 5682 1227 5741 colebat
1257 5686 1599 5744 admodum.

374 5768 503 5825 llzec
534 5774 729 5829 autem
761 5770 1075 5832 Andronici
1110 5774 1367 5835 instante
1400 5776 1514 5836 fato

2027 546 2082 619 Α

2044 1916 2091 1986 Β

2049 4680 2096 4746 D

2291 546 2379 608 Ὠς
2410 545 2468 599 ἂν
2503 542 2560 600 δὶ
2591 544 2758 623 φαίην
2791 544 2843 601 έν
2883 546 3084 620 βραχεῖ
3111 545 3173 601 τὸ
3214 546 3317 599 πᾶν
3348 541 3517 622 λόγῳ,

2282 633 2477 696 Οὐδεὶς
2510 635 2729 710 ὑπῆρχε
2761 632 3177 705 συναλισθείσης
3202 634 3326 697 θέας

2282 728 2377 788 ’Ός
2406 722 2467 779 οὗ
2498 727 2685 785 κακοῖς
2716 717 2918 779 ἔϐαλλε
2952 721 3060 799 βλή
3073 742 3201 797 μασι
3246 722 3448 800 λόγοις

2285 814 2392 871 Τὸν
2427 810 2671 888 δυστυχῆ
2700 811 2928 888 γέροντα
2957 814 3037 885 τῷ
3065 809 3339 883 τηνικᾶδε.

2106 905 2249 961 5555
2288 902 2399 961 Μία
2428 900 2485 957 δὲ
2514 900 2652 977 γυνή
2687 902 2921 978 πορνικὴ
2963 900 3303 977 λαγνιστάτη

2287 992 2374 1062 Ἐξ
2409 989 2696 1047 ὀπτανείου
2727 993 2915 1053 σκεῦος
2950 987 3233 1067 ἀρπάσασᾶ
3263 1010 3315 1047 τι

2291 1079 2556 1159 Σφοδρῶς
2583 1100 2643 1155 γε
2671 1077 3050 1156 καχλάζοντος
3082 1075 3276 1144 ὕδατος
3308 1080 3477 1137 πλέον

2288 1170 2492 1227 Τούτου
2522 1174 2759 1246 παρειῶν
2793 1169 3057 1244 έμμανῶς
3081 1171 3362 1246 καταχέει.

2296 1260 2444 1319 Τόσα
2474 1255 2531 1315 δὲ
2560 1261 2747 1325 παθὼν
2780 1254 2869 1315 καὶ
2899 1257 3044 1315 πολὺ
3068 1259 3277 1316 τούτων
3298 1259 3454 1317 πλέω

2112 1362 2255 1417 5560
2292 1360 2399 1416 Καὶ
2427 1357 2735 1429 τηλικαῦτα
2768 1355 3052 1434 δυσχερῶν
3088 1360 3115 1413 ὁ
3146 1355 3406 1433 γεννάδας

2293 1449 2438 1526 Πρὸς
2465 1451 2760 1527 συμφορῶν
2791 1446 3007 1522 κύματα
3034 1446 3125 1503 καὶ
3156 1445 3479 1525 καταιγίδας

2295 1539 2393 1594 Καὶ
2428 1537 2686 1614 χαλεπῶν
2719 1538 2986 1613 πέλαγος,
3016 1535 3258 1614 ἀντέχων
3288 1539 3443 1613 ὅμως

2295 1629 2394 1683 Καὶ
2424 1624 2649 1705 νιφάδας
2680 1628 2859 1703 φέρων
2887 1646 2946 1683 τε
2974 1630 3152 1683 κακῶν
3188 1627 3473 1703 εὐψύχως,

2296 1718 2384 1775 Ἐν
2416 1720 2575 1773 πᾶσιν
2608 1715 2932 1792 ιῦχάριστος
2963 1717 3028 1786 ἦν
3062 1716 3199 1791 πρὸς
3228 1716 3531 1788 Δεσπότην,

2116 1811 2259 1867 5565
2295 1806 2642 1884 Έρρωμένον
2676 1804 2934 1884 φρόνημα
2963 1806 3060 1863 κάν
3094 1804 3289 1870 δεινοῖς
3320 1804 3493 1884 ἔχων.

2298 1898 2452 1953 Οὕτω
2484 1895 2530 1953 δ’
2560 1896 2827 1973 ἀπαχθεὶς
2859 1894 3069 1971 ἀτίμως
3102 1896 3152 1953 έν
3186 1894 3390 1971 σταδίῳ

2301 1985 2492 2043 Ποδῶν
2524 1988 2823 2063 ἀπῃώρητο
2860 1985 3041 2062 βραχύ
3071 2002 3123 2041 τι
3154 1984 3331 2041 πνέων

2295 2083 2387 2136 Ἐν
2419 2078 2537 2139 τοῖς
2569 2075 2681 2132 έκεῖ
2710 2095 2815 2132 που
2846 2073 3265 2151 καθιδρυμένοι(
3299 2073 3541 2140 στόλοιςο

2296 2165 2446 2224 Μετὰ
2473 2162 2520 2220 δ’
2549 2163 2893 2242 άπαιώρησιν
2927 2162 3156 2243 ἄφρονες
3186 2163 3352 2221 πάλιν

2117 2268 2260 2322 5570
2298 2267 2387 2328 Ὠς
2424 2266 2499 2338 μή
2535 2258 2797 2326 λαϐόντες
2827 2260 2987 2319 τοῦδε
3013 2267 3119 2319 τῶν
3154 2264 3366 2340 σαρκῶν
3397 2260 3585 2339 κόρον,

2295 2350 2449 2412 Αῗδώ
2478 2370 2535 2410 τε
2566 2356 2746 2417 κακῶς
2777 2349 3065 2415 παιδικούς
3095 2370 3154 2409 τε
3185 2348 3449 2427 διδύμους

2298 2443 2499 2501 Χιτῶν⁹
2529 2438 2954 2505 ἀναστέλλοντες
2987 2438 3182 2516 ἔδρων,
3217 2438 3261 2497 ὢ
3293 2440 3498 2505 πάθους
3528 2442 3540 2498 i

2299 2533 2401 2589 Καὶ
2428 2531 2567 2589 κατὰ
2592 2534 2689 2588 τοῦ
2723 2531 3003 2609 φάρυγγος
3044 2530 3153 2588 ὦσέ
3179 2551 3263 2597 τις
3292 2529 3462 2609 ξίφοςσ

2297 2622 2396 2679 Καί
2424 2642 2511 2686 τις
2541 2616 2781 2678 Λατίνων
2814 2623 2935 2677 καθ’
2965 2618 3124 2697 ἵδρας
3158 2618 3441 2692 ἀκινάκην

2119 2717 2262 2773 5575
2302 2710 2497 2769 Δοιποῖ
2531 2708 2879 2786 περιστάντες
2910 2708 2968 2766 δὲ
2996 2707 3153 2767 τόνδε
3177 2709 3426 2769 Λατίνων

2300 2806 2435 2865 Τοῖς
2470 2799 2670 2880 ξίφεσιν
2700 2798 2890 2856 ἔπαιον
2923 2797 3087 2856 αὐτοῦ
3119 2796 3341 2875 σαρκίον

2302 2890 2491 2967 Συχνᾶ
2518 2888 2911 2969 καταφέροντες
2945 2891 3117 2946 αὐτοῦ
3150 2888 3442 2958 συντόνως,

2301 2986 2501 3056 Πεῖραν
2533 2979 2770 3053 δοκιμὴν
2800 2971 3134 3054 προσλαϐεῖν
3168 2974 3442 3054 ᾑρημένοι

2298 3070 2522 3128 Ὀποῖον
2551 3069 2724 3125 αὐτῶν
2756 3066 3174 3143 τμητικώτερον
3204 3064 3385 3125 πέλει.

2122 3170 2266 3226 5580
2306 3168 2495 3231 Οὕτως
2525 3164 2766 3222 έναθλὼν
2797 3164 2849 3220 ἐν
2871 3164 3161 3228 τοσαύταις
3196 3163 3451 3242 βασάνοις

2307 3260 2409 3315 Καὶ
2441 3255 2747 3331 τηλικαύτῃ
2784 3256 3077 3335 συμφορῶν
3110 3252 3372 3331 τρικυμίᾳ

2307 3348 2509 3422 Ψυχὴν
2542 3343 2898 3423 έναπέρῥηξεν
2931 3344 3095 3400 αὐτοῦ
3122 3338 3259 3420 πρὸς
3295 3342 3414 3420 βίαν

2304 3437 2428 3494 Ἐπὶ
2462 3431 2765 3491 στυλίσκων
2800 3432 3010 3509 ἀτίμως
3039 3430 3374 3508 ἠρτημένος’
3472 3448 3483 3457 “

2302 3528 2539 3584 Τοιοῦτο
2568 3524 2741 3601 τέρμα
2770 3526 2865 3579 τοῦ
2895 3523 3131 3599 κράτους
3160 3521 3250 3577 καὶ
3289 3522 3384 3576 τοῦ
3419 3520 3543 3597 βίου

2124 3626 2270 3682 5585
2309 3622 2599 3686 Πολύτλας
2630 3618 2984 3697 Ἀνδρόνικος
3019 3613 3168 3695 εὗρεν
3203 3617 3255 3675 έν
3293 3618 3421 3696 βίῳ,

2302 3712 2540 3788 Χρόνοις
2576 3709 2670 3785 μὲν
2704 3706 2863 3787 ἄρξας
2895 3704 3015 3764 δυσί
3045 3731 3150 3764 που
3176 3706 3547 3787 στειρηφόρος,

2304 3802 2514 3859 Κοινῶν
2542 3799 2586 3856 δ’
2614 3799 2691 3855 ένῖ
2722 3798 2911 3876 κύριος
2936 3794 3009 3853 ὣν
3040 3800 3148 3855 τῶν
3177 3797 3516 3874 πραγμάτων

2304 3896 2462 3949 ’Ἄνευ
2493 3885 2785 3968 χλαμύδος
2814 3887 2902 3945 καὶ
2935 3886 3251 3962 πολυτίμου
3285 3888 3533 3965 στέφους.

2304 3979 2403 4038 Ἦν
2436 3976 2527 4036 οὖν
2560 3980 2697 4058 φυὴν
2732 3981 2988 4053 σώματος
3022 3977 3223 4056 εὐφυὴς
3256 3978 3418 4051 πάνυ,

2123 4074 2266 4129 5590
2302 4070 2569 4145 Ἥρωΐκόν
2602 4072 2650 4125 τ’
2681 4062 2866 4145 ὄρθιον
2901 4069 2957 4124 εὗ
2989 4066 3166 4148 φέρων
3201 4061 3394 4141 δέμας,

2304 4160 2539 4236 ’Δγητὸς
2570 4154 2711 4221 εἶδος
2741 4159 2832 4213 καὶ
2862 4158 3096 4234 γεγαρὸς
3126 4154 3347 4213 εἷσάπαν

2306 4253 2480 4323 Σῶμα
2508 4242 2831 4322 προδεικνὺς
2869 4245 3016 4323 ὑγιές
3046 4250 3092 4303 τ’
3128 4242 3461 4323 έρῥωμένον.

2303 4339 2435 4395 Μεθ’
2466 4335 2677 4410 ἡμέρας
2711 4332 2769 4391 δὲ
2800 4336 3145 4411 κατενεχθεὶς
3179 4332 3374 4409 ὑψόθεν

2302 4429 2363 4485 Ὀ
2391 4424 2551 4483 τοῦδε
2579 4424 2767 4501 νεκρὸς
2799 4422 2853 4480 έν
2888 4430 2986 4499 μιᾷ
3013 4429 3121 4481 τῶν
3148 4420 3357 4498 ἀψίδων

2124 4519 2266 4574 5595
2304 4514 2707 4589 Ἀτημελήτως
2743 4512 2936 4592 ἐρρίφη
2970 4517 3065 4569 τοῦ
3098 4510 3337 4568 σταδίου⁶

2304 4607 2436 4664 Εἶτα
2464 4604 2588 4683 περί
2617 4626 2723 4660 που
2751 4606 2851 4675 τὴν
2884 4605 3057 4679 μονὴν
3089 4602 3189 4673 τὴν
3223 4602 3459 4681 Ἐφόρου

2306 4695 2397 4750 Ἕν
2430 4714 2535 4749 τινι
2566 4690 2850 4758 κατέθεντό
2880 4713 3019 4755 τινες
3048 4689 3264 4768 χωρίῳ⁹

2306 4784 2629 4840 Ὀπτᾶνεται
2663 4778 2720 4839 δέ
2749 4785 2910 4855 σῶμα
2937 4779 3085 4837 τοῦδ’
3114 4778 3421 4857 ᾑρημένοις

2308 4874 2650 4951 ’Λκραιφνὶς,
2684 4868 2974 4943 ἀλώϐητον
3000 4869 3160 4927 εἰσέτι
3192 4868 3375 4943 μένον.

2128 4970 2271 5029 5600
2311 4969 2511 5046 Ψυχὴν
2546 4966 2604 5025 δὲ
2634 4968 2971 5024 παντάπασιν
2999 4966 3065 5039 ἦν
3095 4963 3475 5041 έκλιμπάνων,

2306 5059 2401 5122 Εἷς
2430 5059 2558 5121 τοὺς
2585 5065 2825 5135 θεαυγεῖς
2853 5060 3092 5131 κήρυκος
3122 5055 3342 5113 Παύλου
3376 5055 3574 5130 λόγους

2309 5151 2431 5224 Ἀφ’
2457 5150 2530 5203 ὧν
2556 5145 2845 5203 ἆπαντλῶν
2879 5147 2939 5203 ἐκ
2968 5145 3194 5209 πίδακος
3227 5147 3301 5210 ὡς
3330 5146 3483 5218 ξένης

2311 5234 2637 5300 Ἐπιστολὰς
2668 5233 2893 5312 ἤρδευεν
2928 5236 3094 5291 αὐτοῦ
3122 5237 3208 5291 καὶ
3245 5233 3467 5310 λόγους,

2309 5331 2378 5387 "A
2409 5326 2672 5390 συντιθεὶς
2700 5329 2765 5397 ἦν
2799 5328 3009 5404 εὐφυῶς
3042 5324 3129 5381 καὶ
3162 5326 3502 5404 συγγράφων·

2134 5422 2277 5477 5605
2316 5418 2389 5474 Οὗ
2419 5419 2509 5473 καὶ
2542 5417 2773 5482 θεόπτου
2806 5411 3029 5471 Παύλου
3060 5417 3260 5485 σεπτὴν
3293 5413 3473 5470 εἰκόνα

2313 5507 2595 5569 Καλλύνας
2629 5501 2980 5582 Ἀνδρόνικος
3014 5504 3067 5560 έν
3110 5504 3473 5582 χρυσαργύρῳ

2311 5604 2430 5670 Νεῷ
2457 5597 2859 5673 τεσσαράκοντα
2889 5598 3126 5669 Χριστοῦ
3162 5592 3450 5671 μαρτύρων

2314 5686 2722 5759 Ἀνατεθεικὼς,
2756 5688 3073 5759 προσκυνῶν
3106 5685 3171 5755 ἦν
3202 5685 3290 5741 καὶ
3321 5678 3515 5741 σέϐων.

2312 5780 2470 5839 ’Ἠτις
2500 5773 2896 5832 ἀπεστάλαττεν
2933 5773 3197 5849 ὀμμάτων
3232 5772 3400 5851 δάκρυ

3660 418 3777 477 212
