4076 6410
302 346 411 401 215

310 477 749 545 unguentorum
783 487 1017 544 semper
1046 473 1221 530 odore
1254 475 1540 547 fragrans,

315 565 753 634 exornatusque
786 566 849 617 ut
878 578 1135 634 sponsus
1164 562 1253 619 vel
1286 568 1350 619 ut
1382 579 1525 636 pavo

313 651 629 725 procedere
654 651 725 706 de
753 651 931 724 regiis
962 651 1187 708 solebat
1213 652 1457 710 aedibus.

315 741 477 797 Idem
512 745 820 813 promptus
850 742 922 796 ad
954 741 1098 797 iram
1131 744 1298 813 eique
1330 741 1667 815 indulgens,

316 830 785 887 misericordiam
818 833 1015 886 tamen
1048 831 1148 886 irae
1183 832 1540 887 admiscens.

316 920 434 976 Nec
463 935 600 975 vero
634 919 947 992 imperium
979 920 1403 975 administrans
1434 919 1672 992 Optime,

318 1009 417 1065 sed
453 1007 830 1065 inconsultus
862 1008 1057 1080 potius
1088 1015 1329 1065 novator
1359 1024 1553 1064 rerum
1588 1026 1600 1063 :

319 1106 642 1170 cmnacula,
673 1106 903 1175 balnea,
934 1107 1140 1163 domos
1172 1107 1507 1178 splendidas

320 1193 599 1261 fundens,
630 1193 929 1249 aedificans
962 1199 1431 1267 sumptuoseque
1463 1194 1837 1263 instaurans;

320 1287 544 1341 statuta
572 1282 842 1339 Ecclesiae
873 1283 1184 1352 innovans,
1215 1286 1605 1357 perturbans;

1517 347 1891 403 EPHRBMII
1938 341 2512 400 CHRONOGRAPHI

1996 470 2051 537 Α

2257 464 2583 541 Ὠσφραίνετ’
2615 462 2696 518 ἀεὶ
2728 464 2815 517 καὶ
2854 464 3039 536 μύρων
3074 461 3323 536 εὐωδίας,

2252 554 2351 608 Καὶ
2386 551 2689 632 φιλόκαλος
2720 552 2795 615 ὡς
2825 552 2971 607 ταὼν
3001 552 3090 607 καὶ
3124 554 3357 630 νυμφίος

2254 644 2365 700 Ἀεὶ
2396 642 2592 717 προῄει
2623 646 2731 696 τῶν
2764 638 3057 716 βασιλείων
3093 640 3299 715 δόμων·

2075 734 2218 790 5670
2256 731 2509 807 Ὀργίλος
2536 732 2601 800 ἦν
2634 752 2715 793 τις
2748 732 2836 785 καὶ
2867 732 3024 803 θυμῷ
3050 729 3217 786 πλέον
3248 733 3449 804 νέμων·

2258 820 2410 890 Πλὴν
2441 820 2557 896 εἶχε
2579 822 2749 893 θυμὸν
2785 821 3058 893 συμπαθεῖ
3078 820 3432 897 κεκραμένον·

2256 910 2332 967 Ού
2366 908 2565 965 διέπων
2596 907 2865 964 κάλλιστα
2888 910 2985 977 τὴν
3017 910 3378 987 κραταρχίαν·

2258 1000 2594 1076 Καινουργὸς
2624 1000 2764 1069 ὑπῆν
2796 998 3131 1074 πραγμάτων
3164 998 3518 1076 παραλόγων.

2256 1089 2490 1163 Αουτρὰ,
2527 1087 2824 1160 διαιτήσεις
2853 1110 2911 1144 τε
2939 1091 3029 1143 καὶ
3060 1088 3351 1165 λαμπροὺς
3386 1086 3588 1163 δόμους

2079 1191 2223 1245 5675
2263 1187 2641 1261 Δομούμενος,
2674 1188 2870 1256 κτίζων
2901 1208 2958 1241 τε
2989 1187 3240 1256 καινίζων
3277 1187 3459 1259 ξένωςο

2257 1275 2589 1347 Ἐκκλησίας
2620 1271 2784 1350 ἔθιμα
2809 1280 3176 1351 καινουργῶν,
3211 1276 3419 1352 φύρων,

3620 336 3732 392 216

325 1379 593 1450 pastores
625 1373 771 1430 alios
802 1374 861 1429 in
890 1375 1027 1430 sede
1056 1377 1447 1446 constituens,

324 1465 473 1521 alios
503 1480 606 1535 per
635 1462 828 1520 solum
862 1464 1185 1519 deturbans
1219 1464 1552 1523 arbitrium.

323 1556 410 1612 Ad
442 1555 600 1610 hunc
630 1557 974 1625 regnantem
1001 1559 1400 1611 convenerunt
1431 1556 1691 1627 undique

329 1644 571 1701 fortium
602 1642 865 1699 virorum
894 1642 1218 1698 innumerae
1249 1648 1490 1700 catervae

329 1749 399 1789 ex
430 1732 680 1789 urbibus
712 1731 991 1788 Romanis
1018 1731 1266 1804 aliisque
1296 1735 1467 1789 terris

329 1826 458 1879 tum
489 1820 792 1879 orientalis
825 1820 983 1876 orbis
1016 1826 1143 1877 tum
1176 1822 1404 1878 occidui
1440 1838 1452 1878 :
2014 1826 2060 1890 B

329 1936 360 1977 e
390 1920 610 1992 quibus
632 1920 865 1991 justum
899 1921 1279 1976 conscribens
1309 1922 1655 1988 exercitum,

326 2008 737 2067 adnumeravit
764 2009 1046 2065 Romanis
1078 2010 1429 2081 legionibus.

326 2098 615 2155 Militibus
644 2097 787 2169 quin
818 2097 994 2153 etiam
1029 2102 1192 2153 extra
1224 2099 1625 2173 metropolim,

328 2192 395 2244 ut
426 2186 843 2261 propulsandis
874 2186 1148 2243 hostibus
1181 2194 1486 2261 promptos
1519 2191 1748 2257 faceret,

329 2278 548 2334 victum
580 2274 863 2332 submisit
891 2274 1173 2347 lautaque
1203 2278 1520 2349 stipendia,

335 2366 464 2422 auri
497 2364 780 2421 nimirum
809 2380 1110 2421 summam
1143 2367 1315 2437 cujus
1346 2369 1540 2438 pondo

336 2453 429 2528 pol
464 2454 832 2510 centenarios
863 2454 1259 2526 quadraginta
1288 2460 1664 2527 appenderet.

336 2546 467 2598 Jam
498 2558 653 2610 vero,
688 2545 753 2597 ut
781 2546 933 2598 retro
964 2542 1242 2615 diximus,
1274 2544 1445 2601 miles
1473 2545 1706 2603 Siculus

340 2632 636 2688 Romanas
664 2631 839 2687 urbes
870 2631 1114 2688 vexabat
1143 2648 1502 2690 concursans
1536 2652 1549 2691 :

338 2721 541 2777 Serras
569 2733 823 2791 orasque
854 2719 1185 2792 Strymonis
1211 2721 1614 2779 devastaverat
1648 2741 1661 2779 :

338 2810 545 2866 urbem
576 2808 1003 2881 Amphipolim,
1036 2812 1386 2883 expugnatis
1420 2814 1738 2884 moenibus,

339 2900 573 2971 ceperat
602 2912 789 2969 nuper
818 2913 952 2953 cum
988 2899 1340 2970 propinquis
1371 2900 1546 2968 locis;

298 3048 303 3053 ,
340 2987 585 3043 Boleron
616 2990 1001 3058 occupaverat
1026 3003 1161 3042 cum
1196 2987 1563 3060 Mosynopoli
1596 3007 1609 3045 :

340 3086 653 3159 ipsamque
684 3084 890 3139 urbem
924 3099 985 3140 se
1018 3088 1327 3157 capturum
1361 3088 1583 3159 regiam

342 3191 447 3231 ceu
481 3172 686 3229 nidum
716 3172 1058 3228 derelictum
1092 3176 1463 3246 autumabat,
2025 3184 2069 3253 ο

345 3262 529 3335 copiis
561 3260 689 3317 suis
720 3260 939 3316 moenia
971 3261 1369 3320 circumdans.

346 3355 594 3425 Jamque
624 3353 801 3408 etiam
834 3352 1038 3408 classis
1065 3353 1263 3410 Sicula.
1292 3356 1609 3414 stationem

346 3444 409 3500 in
441 3442 800 3499 suburbanis
830 3441 1046 3498 insulis
1078 3442 1391 3500 insederat.

349 3535 570 3588 Verum
603 3531 849 3587 Romani
884 3532 1093 3588 ductor
1118 3533 1408 3590 exercitus

347 3623 566 3678 Branas
596 3620 686 3675 vir
724 3622 1140 3692 magnanimus
1171 3626 1227 3677 et
1256 3623 1609 3682 consiliosus

348 3709 494 3768 Italo
525 3726 663 3766 cum
696 3709 867 3765 hoste
896 3710 1182 3766 consertis
1214 3712 1515 3785 manibus,

345 3797 626 3856 Numinis
656 3796 860 3871 praelia
889 3796 1235 3854 inclinantis
1267 3817 1395 3873 ope,

349 3902 634 3959 magnum
668 3887 739 3942 de
771 3886 1041 3943 Barbarie
1072 3887 1271 3944 retulit
1298 3891 1655 3964 traphszum,

348 3980 407 4032 et
437 3974 767 4033 Siculorum
800 3975 1116 4048 plurimam
1152 3982 1402 4050 stragem
1435 3981 1641 4039 edidit.

346 4066 522 4123 Vivos
553 4066 696 4139 quin
728 4066 908 4122 etiam
941 4065 1241 4138 legionum
1277 4069 1460 4127 duces

345 4155 660 4214 Ricardum
694 4153 847 4227 cepit
876 4154 1355 4230 Balduinumque
1386 4161 1691 4231 comitem,

348 4262 497 4318 quos
528 4245 586 4299 in
620 4244 993 4316 metropolim
1027 4247 1191 4302 misit
1222 4248 1294 4303 ad
1322 4247 1633 4305 Caesarem.

345 4342 655 4413 Captivum
689 4341 824 4396 fecit
854 4358 986 4397 cum
1019 4344 1310 4414 praedictis
1341 4345 1593 4401 ducibus

347 4431 594 4488 exitium
633 4429 839 4501 patriae
867 4431 1252 4486 Commcnum
1289 4432 1578 4504 Alexium,

348 4518 640 4577 malorum
672 4534 912 4609 causam
945 4524 1003 4573 et
1032 4520 1300 4609 procellae
1335 4522 1610 4591 ﬂabrnm,
1803 4534 1815 4548 ν
2035 4545 2082 4609 D

349 4612 528 4679 atque
558 4605 863 4663 oculorum
898 4606 1121 4662 lumine
1153 4608 1421 4678 privavit.

348 4699 647 4769 Quotquot
678 4699 875 4751 autem
911 4695 1036 4751 Ilali
1067 4696 1403 4769 effugerunt
1432 4702 1672 4772 credem,

349 4785 826 4843 Thessalonicam
860 4789 1241 4857 properantes
1273 4789 1503 4856 urbem,

350 4876 600 4932 navibus
631 4875 903 4932 abierunt
934 4876 991 4929 in
1024 4875 1277 4947 patriam
1311 4894 1503 4935 suam.

352 4965 463 5030 Qui
491 4982 623 5020 vero
655 4965 713 5019 in
745 4963 849 5019 illa
876 4964 1272 5021 substiterunt
1304 4967 1468 5033 urbe,

354 5053 542 5110 malos
574 5052 726 5108 male
750 5053 953 5123 juslus
981 5055 1142 5110 ensis
1177 5056 1453 5125 perdidit,

353 5141 801 5215 superveniente
831 5145 1083 5200 exercitu
1118 5144 1398 5202 Romano.

352 5236 502 5303 Ergo
532 5247 738 5287 omnes
770 5231 951 5286 Siculi
982 5233 1251 5303 peribant
1282 5235 1479 5304 gladio

353 5320 871 5393 magnanimorum
903 5321 1108 5376 domiti
1145 5322 1401 5379 virorum
1436 5325 1734 5392 manibus,

354 5409 678 5482 praesertim
714 5408 787 5464 ab
820 5408 1019 5465 Alanis
1050 5414 1190 5465 tunc
1222 5413 1630 5469 auxiliaribus.

356 5498 658 5555 Talionem
692 5496 983 5567 siquidem
1018 5499 1330 5556 reddentes
1362 5502 1603 5570 Latinis,

359 5583 715 5656 saevitiaque
746 5599 1031 5639 memores
1065 5586 1318 5642 recentis

361 5673 781 5731 Thessalonica
805 5676 976 5744 capta
1006 5690 1180 5745 quam
1214 5685 1697 5749 exprompserant

2261 1368 2358 1423 ’Ὀν
2397 1367 2493 1439 μὶν
2524 1365 2781 1429 καθιστάς
2808 1369 3199 1441 ποιμεναρχῶν
3232 1365 3310 1428 εἷς
3342 1366 3557 1439 θρόνον,

2263 1458 2355 1509 ’Όν
2390 1453 2437 1510 δ’
2468 1454 2670 1530 ἐξάγων
2704 1452 2768 1509 αὖ
2799 1454 2888 1509 καὶ
2924 1451 3066 1528 μὸνῇ
3097 1456 3431 1531 προαιρέσει.

2259 1544 2446 1617 Τούτῳ
2477 1551 2757 1619 προσῆλθε
2786 1548 2882 1598 τοῦ
2908 1546 3136 1618 κράτους
3166 1545 3444 1618 τετευχότι

2081 1637 2224 1693 5680
2265 1632 2500 1709 Ἀνδρῶν
2536 1633 2932 1708 άπειράριθμον
2964 1632 3224 1696 εύσθενῶν
3260 1654 3446 1711 στιφος

2263 1726 2359 1781 Ἐκ
2388 1725 2712 1795 Ῥωμαϊκῶν
2744 1720 2945 1776 άστέων
2978 1723 3319 1798 πανταχόθεν

2272 1814 2481 1888 Χώρων
2512 1832 2571 1866 τε
2601 1810 2811 1866 λοιπῶν
2842 1818 2941 1881 τῆς
2967 1809 3040 1866 ἕω
3065 1819 3166 1881 τῆς
3198 1812 3448 1889 ἑσπέρας,

2274 1901 2380 1964 Οὖς
2413 1900 2487 1964 εἷς
2518 1900 2765 1976 στρατιὰν
2800 1900 3066 1971 ἀποτάξας
3093 1900 3169 1963 ὡς
3197 1898 3339 1973 δὲον,

2269 1993 2603 2064 Ῥωμαϊκοῖς
2632 1991 2905 2064 τάγμασιν
2940 1988 3307 2065 ἑγκαταλὲγει·

2087 2084 2230 2139 5685
2269 2080 2367 2135 Καὶ
2396 2085 2513 2142 τοῖς
2547 2080 2768 2153 θύραθεν
2799 2100 2915 2133 ουσι
2938 2078 3231 2154 ταγμάτων
3262 2079 3429 2135 πάλιν

2270 2170 2513 2244 Ὀψώνια
2545 2170 2803 2246 πέπομφε
2832 2168 2921 2223 καὶ
2950 2167 3209 2231 πλείστας
3240 2166 3441 2240 δόσεις,

2268 2258 2415 2333 Ηρὸς
2443 2259 2541 2327 τήν
2574 2260 2690 2312 κατ’
2722 2256 2932 2332 ἐχθρῶν
2966 2256 3394 2333 παραθαρρύνων
3431 2258 3642 2333 μάχην,

2273 2349 2608 2421 Κεντηνάρια
2637 2346 2870 2422 χρυσίου
2902 2344 3114 2409 στείλας
3147 2347 3293 2425 σφίσι

2276 2437 2595 2510 Ποσούμενα
2626 2436 2906 2509 ξύμπαντα
2930 2435 3176 2509 τετράκις
3211 2434 3359 2494 δέκα.

2095 2540 2238 2593 5690
2275 2540 2378 2593 ’Ἠν
2408 2535 2475 2608 δ’,
2509 2537 2583 2597 ὡς
2614 2532 2771 2609 ἔφην,
2806 2539 3115 2609 στράτευμα
3143 2540 3386 2591 Σικελῶν
3420 2534 3531 2591 ἅνω

2276 2623 2474 2687 Πόλεις
2508 2623 2656 2679 ἐπιὸν
2676 2624 2989 2696 Ῥωμαϊκὰς
3027 2625 3116 2679 καὶ
3147 2624 3383 2699 τρύχον.

2280 2713 2483 2790 Σέῤῥας
2521 2713 2614 2785 μὶν
2646 2712 2946 2789 ἠμαύρωσε
2979 2715 3341 2789 Στρυμμόνος
3370 2715 3600 2785 τόπους,

2284 2802 2620 2881 Ἀμφίπολιν
2656 2799 2713 2857 δὲ
2741 2802 3084 2877 τειχομαχίᾳ
3113 2802 3276 2857 πόλιν

2278 2890 2419 2963 ’Ήδη
2450 2894 2858 2965 παρεστήσαντο
2886 2892 2977 2947 σὺν
3008 2897 3124 2955 τοῖς
3157 2892 3209 2947 ἐν
3239 2892 3451 2967 κύκλῳ.

2102 2985 2245 3039 5695
2281 2981 2448 3039 Εῒλον
2482 2980 2721 3055 Βολερὸν
2755 2980 3142 3038 Μοσυνόπολιν
3176 2981 3339 3037 πόλιν

2282 3073 2379 3126 Καὶ
2411 3072 2511 3139 τήν
2548 3070 2937 3147 βασιλεύουσαν
2971 3073 3215 3146 αἱρήσειν
3244 3071 3407 3128 πόλιν

2284 3162 2374 3224 Ὠς
2402 3158 2618 3215 νοσσιὰν
2651 3154 2859 3233 ἔρημον
2893 3155 3053 3232 ᾤοντ’
3083 3160 3296 3231 αὐτίκα,

2284 3248 2488 3322 Κύκλῳ
2517 3250 2936 3324 περιστήσαντες
2961 3250 3137 3303 αὑτῶν
3171 3246 3426 3322 δυνάμεις
3443 3267 3456 3285 ⁸

2286 3338 2387 3394 Καὶ
2411 3342 2559 3414 σφῶν
2589 3332 2787 3401 στὸΛος
2818 3335 2875 3392 δὲ
2904 3338 3117 3409 νησίσιν
3153 3339 3521 3416 ἆμφιῤῥύτοις

2106 3440 2247 3495 5700
2287 3435 2659 3510 Ἐλλιμενίζει
2688 3441 2807 3500 ταῖς
2837 3437 2961 3512 περὶ
2992 3435 3154 3492 πόλιν
3188 3440 3414 3512 φθάσας.

2287 3524 2468 3582 Ἀλλᾶ
2498 3527 2800 3602 στρατηγὸς
2840 3531 3093 3602 στρατιᾶς
3122 3534 3224 3596 τῆς
3253 3526 3507 3584 Αὐσόνων

2287 3620 2495 3689 Βρανᾶς
2526 3615 2662 3690 ἀνήρ
2694 3636 2778 3677 τις
2808 3614 3091 3689 γεννάδας,
3128 3615 3477 3694 βουληφόρος

2287 3706 2547 3779 Ἐχθροῖς
2579 3703 2808 3766 Ἰταλοῖς
2836 3704 3175 3777 συμπλακεὶς
3202 3706 3338 3760 κατὰ
3370 3707 3557 3782 μάχην

2288 3799 2421 3849 Θεοῦ
2453 3792 2699 3869 συνάρσει
2733 3789 3113 3869 συντρίϐοντος
3136 3794 3231 3856 τὰς
3265 3794 3472 3871 μάχας,

2108 3886 2251 3940 5705
2288 3882 2563 3960 Τρόπαιον
2597 3884 2719 3952 ἱστᾷ
2748 3883 2884 3937 κατὰ
2907 3878 3194 3957 βαρϐάρων
3228 3884 3389 3959 μέγα,

2290 3972 2390 4029 Καὶ
2420 3971 2679 4028 πλεῖστον
2712 3971 2999 4047 εἰργάσατο
3034 3970 3277 4027 Σικελῶν
3309 3973 3493 4048 φόνον⁵

2291 4067 2498 4137 Ζωγρεῖ
2525 4081 2583 4116 τε
2607 4060 2697 4116 καὶ
2730 4057 3065 4117 Βαλδουῖνον
3098 4062 3312 4133 κόντον,

2293 4152 2403 4209 Τὸν
2433 4147 2716 4225 Ῥικάρδον
2747 4170 2805 4204 τε
2833 4150 2924 4203 καὶ
2955 4148 3291 4206 Βαλδουῖνον
3323 4150 3531 4220 κόντον,

2292 4237 2399 4301 Οὖς
2436 4238 2655 4314 βασιλεῖ
2682 4240 2941 4314 πέπομφε
2970 4241 3107 4314 πρὸς
3140 4238 3300 4294 πόλιν
3328 4241 3577 4315 κράτους·

2111 4341 2253 4396 5710
2293 4342 2505 4412 Ζωγρεῖ
2530 4335 2587 4391 δὲ
2610 4336 2701 4390 σὺν
2736 4339 2819 4398 οἷς
2853 4337 3043 4412 ἐρρέθη
3079 4337 3471 4414 στρατηγὲταις

2288 4427 2576 4499 Κομνηνὸν
2611 4424 2850 4495 Ἀλέξιον
2880 4424 3140 4499 πατρίδος
3171 4428 3371 4505 φθόρον

2290 4515 2513 4585 Ῥὲκτην
2550 4535 2607 4568 τε
2636 4518 2816 4567 κακῶν
2858 4516 3103 4569 κυκεῶνά
3130 4537 3188 4569 τε
3219 4515 3412 4587 ζάλης,

2291 4605 2393 4663 Καὶ
2426 4604 2638 4682 φωντὸς
2665 4603 2948 4678 ἐστέρησεν
2981 4603 3140 4658 αὐτὸν
3178 4604 3468 4678 ὀμμάτων.

2291 4702 2443 4751 Ὅσοι
2477 4694 2524 4750 δ’
2555 4694 2780 4752 Ἰταλῶν
2813 4694 3067 4773 ἐξέφυγον
3098 4697 3188 4751 τὸν
3223 4697 3409 4774 φόνον,

2111 4789 2254 4843 5715
2292 4784 2690 4855 Θεσσαλονίκην
2723 4781 3120 4848 καταλαϐόντες
3149 4787 3334 4858 πόλιν,

2293 4874 2497 4932 Ναυσὶν
2528 4873 2945 4945 ἀπηλλάττοντο
2976 4877 3111 4950 πρὸς
3140 4878 3238 4944 τὴν
3262 4875 3517 4954 πατρίδαο

2293 4969 2449 5023 Ὅσοι
2482 4964 2528 5019 δ’
2556 4965 2870 5027 ἐναλύοντες
2900 4967 3034 5033 ἦσαν
3067 4970 3136 5040 τῇ
3162 4966 3321 5023 πόλει

2295 5055 2461 5109 Κακοὶ
2493 5059 2672 5116 κακῶς
2704 5052 2957 5110 ὥλλυντο
2990 5053 3214 5118 δικαίως
3244 5056 3403 5134 ξίφει,

2294 5142 2697 5221 Ἐπιφθασάσης
2730 5149 2979 5220 στρατιᾶς
3012 5152 3146 5223 σφᾶς
3188 5144 3464 5202 Αύσόνων’

2114 5236 2256 5291 5720
2294 5236 2497 5294 Ηάντες
2531 5230 2576 5287 δ’
2608 5234 3012 5311 ἀπεσφάττοντο
3048 5234 3266 5291 Σικελοὶ
3303 5238 3500 5310 σπάθῃ,

2290 5321 2523 5384 Ἀλλοις
2548 5344 2605 5377 τε
2634 5323 2872 5387 πολλοῖς
2905 5323 3153 5399 ἀνδράσιν
3188 5322 3518 5401 εὐκαρδίοις,

2295 5419 2420 5475 Τοῖς
2450 5411 2495 5467 δ’
2530 5413 2791 5477 Ἀλανοῖς
2826 5414 3063 5487 μάλιστα
3095 5415 3416 5490 συμμάχοις
3443 5415 3587 5470 τότε’

2294 5501 2619 5577 Ἀντίρροπα
2648 5500 2881 5576 δρῶντες
2911 5503 3013 5577 γάρ
3043 5504 3193 5558 οὗτοι
3229 5505 3490 5567 Λατίνους

2295 5598 2387 5646 Ὧν
2430 5592 2556 5666 πρὶν
2590 5592 3000 5662 καθυπὲστησαν
3029 5593 3368 5668 άσπλάγχνῳ
3398 5595 3586 5670 τροπῳ

2115 5685 2259 5740 5725
2298 5680 2421 5739 Ἐπί
2451 5683 2773 5755 κατασχέσει
2806 5703 2866 5755 γε
2899 5680 3320 5753 Θεσσαλονίκης,
