2038 3205
141 189 199 217 217

236 252 354 289 Ἐπῆγον
366 250 445 283 εὐθὺς
458 251 490 279 τὸ
505 251 583 290 ξίφος
595 252 664 279 κατᾶ
678 253 774 289 κέρας,

237 297 293 324 Ποῦ
308 296 450 334 σύγγονος,
466 296 626 335 φάσκοντες,
643 296 661 331 ἢ
677 296 871 335 συμφυλετης;

238 339 291 371 Οὓς
306 339 369 378 πρὶν
386 339 494 368 ἀνεῖλον
512 339 621 376 δηλαδὴ
638 342 706 368 κατᾶ
721 340 815 370 πόλιν.

236 384 348 414 Τούτων
363 383 392 412 δὲ
407 387 482 416 ναοῖς
492 386 733 423 προσ-πεφευγότας
748 385 831 413 πάλιν

239 429 408 469 Σφάττοντες
422 429 568 467 ἀνέγραζον
585 429 611 457 ἐν
628 430 776 469 παρρησίᾳ,

144 476 219 503 5730
239 475 306 510 Ποῦ,
320 475 373 502 ποῦ
389 477 481 505 παπῖις
496 474 612 513 πέφυκεν
625 474 814 512 ἆνῃρημένος;

239 519 293 550 Οῢς
309 518 334 546 ἰν
351 521 419 555 νεῷς
435 517 554 546 ἔκτειναν
572 520 597 546 οἱ
616 520 754 558 μιαιφόνοι
768 529 773 536 ’

240 563 323 592 Ἐπὰν
340 563 451 601 ὑπῆρχε
465 565 582 600 καθορᾷν
594 574 620 591 τι
636 564 681 591 καὶ
698 565 770 599 ξενον

240 607 313 642 Τοὺς
329 608 410 639 κύνας
425 608 456 635 οὖ
473 608 596 646 θίγοντας
612 609 699 636 ἀστῶν
716 610 849 645 σωμάτων

239 654 297 680 Τῶν
313 653 478 690 νςκριμαίων
495 652 631 691 ἀμφόδοις
648 653 818 691 ἐρριμμένων
836 664 841 669 θ

149 698 222 726 5735
240 698 305 728 Τοῖς
322 695 345 724 δ’
362 697 476 724 Ἰταλῶν
491 697 618 734 πτώμασι
634 700 673 733 τῷ
687 697 814 733 τηνικάδε

242 740 436 778 Ἐπιμανὲντας
452 740 548 768 ἐσθίειν
565 741 633 769 κατὰ
647 741 728 778 κόρον

241 786 291 813 Καὶ
305 783 504 822 τυμϐορυκτεῖν
523 786 545 813 εἰ
563 785 652 821 δεήσει
669 786 806 818 πολλάκις
823 797 828 802 ·

243 829 338 861 Οὕτως
353 828 482 865 ἀπηλάθη
497 830 543 866 μὲν
560 829 589 857 ἐκ
605 830 751 862 Θεσσαλίας

243 875 276 903 Ἡ
292 873 424 908 Σικελική
441 875 554 911 στρατιὰ
569 875 614 901 σὺν
632 874 748 912 αἰσχύνῃ
765 884 771 891 '

152 920 225 947 5740
245 919 279 947 Αἱ
296 917 324 946 δὶ
339 919 461 956 τριήρεις
475 920 503 946 αἱ
518 920 586 946 κατὰ
603 919 764 954 augmen;

245 963 429 992 Ἐκπλεύσασι
443 966 529 1004 σφῶν,
545 965 583 996 ὡς
598 963 698 1004 ἔφαμεν
715 966 822 1001 ἀνόπιν,

244 1010 345 1040 Κακῶς
359 1011 493 1041 παθοῦσαι
509 1009 576 1047 πρὸς
594 1012 719 1047 στρατιᾶς
732 1010 858 1038 Αὐσόνων

244 1052 395 1084 Πλείστους
407 1064 436 1081 τε
448 1056 552 1081 ναυτῶν
569 1051 777 1081 ἀποϐάλλουσαι
796 1054 873 1091 μόρῳ

244 1099 328 1127 Οὖσαι
346 1097 408 1135 περί
423 1109 475 1125 που
492 1097 533 1129 δὶς
550 1099 641 1126 ἑκατὸν
659 1099 703 1126 καὶ
720 1098 803 1126 πλέον

155 1144 229 1171 5745
248 1143 361 1182 ᾬχοντ¹
377 1143 504 1181 ἀγεννῶς,
517 1143 624 1174 ἀκλεῶς
640 1144 708 1180 πρὸς
724 1143 842 1181 πατρίδα
857 1154 863 1160 -

224 1189 284 1223 Ὠν,
296 1186 372 1226 φασὶ,
388 1186 493 1214 πολλαὶ
509 1186 655 1214 κατέδυσαν
669 1188 707 1218 εἷς
722 1189 803 1225 βάθος

246 1232 320 1260 Κατά
333 1241 364 1268 γι
378 1232 424 1259 τὸν
439 1230 527 1258 πλοῦν
540 1242 702 1268 πνευματων
719 1234 854 1270 καταιγίσι

246 1278 444 1313 Περιπεσοῦσαι
459 1276 503 1303 καὶ
519 1276 640 1304 κλύδωνι
653 1277 697 1304 καὶ
715 1277 791 1313 σάλῳ
809 1288 814 1293 “

242 1321 273 1348 Ὠ
288 1319 437 1352 ἀπολέσθαι
454 1322 522 1348 κατὰ
537 1320 617 1348 τάσδε
633 1322 679 1353 τὰς
698 1322 789 1359 μάχας

155 1366 229 1393 5750
249 1363 368 1400 Ἀνδρῶν
385 1364 496 1393 Ἰταλῶν
515 1365 647 1403 μαχίμων
661 1367 728 1402 πρὸς
743 1366 869 1395 Αὐσόνων

250 1409 366 1442 Ἠλείους
380 1408 478 1447 σχεδόν
495 1420 548 1437 που
561 1410 728 1447 χιλιοστύων
747 1410 823 1438 δέκα’

246 1455 297 1484 Καὶ
314 1455 480 1493 συσχεθῆναι
493 1455 561 1482 κατὰ
577 1454 677 1490 διπλῆν
693 1456 743 1489 τήν
762 1457 855 1494 μάχην

247 1498 361 1537 Ἀνδρας
379 1498 511 1530 Σικελοὺς
525 1500 653 1537 τέτταρας
670 1499 799 1537 χιλιάδας
818 1511 823 1516 ·

249 1545 282 1573 Οἳ
299 1543 447 1580 δημοσίαις
461 1543 595 1582 φυλακαῖς
610 1544 804 1582 καθειργμένοι

156 1591 230 1618 5755
248 1588 364 1616 ’Ὠλοντο
380 1588 458 1625 λιμῷ
472 1588 518 1615 καὶ
534 1588 609 1626 κρύὶι
625 1589 669 1616 καὶ
685 1592 718 1626 τῇ
735 1590 818 1627 νόσῳ.

246 1633 371 1671 Ἠγάγεθ’
387 1633 466 1664 οὗτος
481 1632 526 1660 καὶ
542 1632 667 1660 σύνευνον
688 1632 823 1671 δευτέραν,

244 1678 361 1715 Ῐῐρώτης
376 1678 523 1712 θανούσης,
538 1677 622 1704 παῖδα
639 1679 723 1716 ῥηγὸς
738 1679 873 1718 Οὐγγρίας
890 1691 896 1697 ο

245 1722 296 1752 Ἥς
313 1721 344 1748 οὗ
361 1720 480 1756 θελήσας
495 1722 633 1760 νυμῳικὴν
649 1720 726 1749 δαῖτα
742 1724 847 1760 γάμους

247 1766 294 1794 Ἐκ
304 1764 445 1802 δημοσίων
462 1765 615 1803 χρημάτων
632 1766 764 1802 ἓστιάσαι,

153 1812 230 1839 5760
250 1809 346 1838 Φειδοῖ
359 1820 389 1851 τε
400 1809 506 1838 τούτων
521 1811 566 1837 καὶ
580 1810 745 1848 φιλοχρύσῳ
759 1812 853 1850 τρόπῳ

245 1857 293 1884 Ἐκ
307 1857 362 1882 τῶν
379 1855 424 1882 ὑπ’
439 1855 520 1882 αὐτὸν
538 1855 639 1882 ἀστέων
657 1856 785 1891 ὑπηκόων

243 1900 347 1938 Χωρῶν
360 1909 390 1927 τε
406 1898 512 1927 λοιπῶν
527 1900 561 1934 ἦν
577 1899 636 1927 τάδ’
649 1901 828 1938 ἠρανισμένος
845 1911 852 1918 ⁸

246 1945 293 1971 Ὠν
309 1944 391 1982 ’χάριν
409 1945 510 1973 Μυσῶν
526 1943 690 1982 ἐκταραχθὲν
707 1956 765 1976 πως
781 1944 857 1978 ἔθνος

246 1989 310 2020 Καθ’
324 1989 414 2025 Αἷμον
429 1988 532 2022 οἰκοῦν,
550 1989 575 2015 οἳ
592 1988 787 2024 κικλήσκονται
804 1990 923 2029 Βλάχοι,

152 2035 229 2062 5765
248 2032 447 2068 Ἀπεστάτησεν
464 2032 592 2060 Αὐσόνων
608 2034 786 2072 κραταρχίας,

244 2077 399 2116 ’Διραίρεσιν
415 2080 489 2116 σφῶν
506 2078 670 2115 Θρεμμάτων
691 2080 850 2117 εὑρηκότες,

243 2123 303 2157 Τὴν
340 2122 518 2161 Πατρὸγλους
560 2124 618 2159 (65)
660 2124 819 2163 τρόιρασιλ,
905 2137 985 2164 φησιν

809 2168 912 2207 [λόγος.

244 2209 295 2239 Καῖ
310 2211 563 2250 συνεπαλείςρουσαν
579 2212 676 2243 αὐτοὺς
690 2214 758 2250 πρὸς
774 2213 836 2241 τόδε

245 2254 325 2283 Δυάδ⁷
340 2254 467 2294 ἀδελφῶν
484 2256 599 2291 Ἀσάνην
615 2268 644 2284 τε
658 2257 703 2284 καὶ
719 2258 819 2295 Πέτρον
834 2269 839 2274 ·

148 2302 226 2330 5770
244 2299 296 2329 Καὶ
311 2298 409 2328 τούσδε
424 2299 532 2331 Μυσοὺς
546 2302 590 2327 καὶ
606 2301 682 2338 γένος
698 2302 742 2329 καὶ
757 2303 802 2329 τὸν
821 2302 921 2340 τρόπον
939 2314 944 2319 ·

246 2345 278 2372 οἳ
294 2344 357 2381 πρὶν
374 2344 518 2376 ὀκνοῦντας
536 2343 689 2382 βαρϐάρους
705 2346 876 2385 συμφυλὲτας

247 2388 428 2417 Ἀποστασίαν
444 2389 490 2416 καὶ
504 2390 536 2416 τὸ
553 2390 667 2427 ῥαγῆναι
678 2390 804 2427 κράτους,

247 2435 322 2472 Σφᾶς
337 2432 573 2471 παραθαρῥύνουσι
590 2432 803 2472 δραματουργία,

244 2481 278 2505 Ἠ
296 2476 402 2514 μᾶλλον
420 2478 501 2504 sine?»
520 2476 697 2514 δαιμονιώδει
714 2478 812 2516 πλάνῃ.

149 2524 226 2551 5775
245 2524 384 2560 Περιφανῆ
399 2520 537 2556 κτίζουσιν
552 2522 623 2558 ἱερὸν
641 2521 725 2558 δόμον

248 2563 419 2604 Μυροϐλύτῃ
435 2567 493 2603 (66)
510 2567 625 2604 μάρτυρι
641 2569 681 2603 τῷ
697 2568 857 2605 Δημητρίῳ,

190 2665 246 2702 (65)
260 2664 329 2692 Cod.
347 2663 516 2702 Πάτροκλος.
534 2665 574 2692 De
590 2666 626 2693 iis
642 2666 698 2693 dici
716 2668 902 2702 proverbium
920 2668 982 2696 Dio-

152 2700 302 2737 genianus
318 2709 368 2737 vn,
385 2701 430 2737 47,
444 2701 496 2734 ait,
509 2701 638 2735 quicum
656 2700 788 2737 proprias
802 2703 983 2733 calamitates

146 2735 188 2765 ὀὶ)
204 2735 494 2775 metum_d_aplora_re
504 2745 566 2775 _non
592 2735 773 2775 apsint.:sub
796 2739 892 2767 alieno
910 2749 982 2775 prae-

147 2774 234 2799 textu
250 2779 299 2799 eas
315 2771 436 2799 deﬂent.
449 2772 488 2799 De
504 2772 635 2801 Patroclo
651 2774 855 2802 sordidissimo
871 2771 981 2804 Aristo-

149 2808 267 2844 phanes
283 2807 313 2834 in
332 2806 415 2834 Pluto
431 2816 451 2839 ι,
464 2808 509 2835 28.

189 2843 247 2879 (66)
262 2844 496 2879 Cognomentum
522 2843 576 2872 hoc
595 2846 622 2871 S.
641 2844 787 2873 Demetrio
812 2847 983 2875 attribuitur

3 3188 66 3201 ’τιε-
74 3182 165 3202 km
206 3204 209 3205 ν

914 190 1094 219 ΟΒΞΑΒΕΒ.

1803 186 1857 213 218

990 252 1017 287 Α
1032 252 1111 279 recta
1126 249 1272 286 capitibus
1285 257 1370 278 enses
1385 248 1600 286 impingebant,

1033 295 1156 323 fratrum
1170 302 1291 322 suorum
1305 293 1520 330 gentiliumque
1536 293 1664 321 vindices

1034 347 1108 375 quos
1124 338 1167 366 illi
1182 346 1288 375 nempe
1303 347 1355 374 per
1371 339 1474 366 urbem
1490 340 1688 366 mactaverant

1035 384 1115 417 Quod
1132 383 1157 411 si
1173 383 1223 419 qui
1240 383 1274 411 ad
1291 391 1373 411 sacra
1389 383 1470 419 asyla
1484 383 1702 419 confugiebant,

1034 428 1088 456 hos
1101 427 1272 463 jugulantes
1288 427 1453 455 clamabant
1468 428 1611 463 ferociter,

1037 473 1161 501 Ubinam
1179 474 1224 500 est
1237 472 1352 500 occisus
1368 481 1419 508 per
1433 481 1484 500 vos
1500 473 1657 501 sacerdos?

1036 525 1104 545 nam
1119 520 1147 544 et
1162 525 1193 544 se
1209 517 1300 544 sacris
1315 517 1442 544 caedibus
1457 517 1661 553 impiaverant.

1036 565 1110 590 Tum
1132 563 1160 589 et
1176 562 1341 589 mirandum
1356 562 1497 597 quiddam
1514 562 1610 590 videre
1624 562 1716 598 licuit,

1038 614 1124 634 canos
1140 608 1292 642 parcentes
1309 606 1413 633 civium
1430 606 1610 642 corporibus,

1038 651 1062 679 si
1079 660 1142 686 quae
1159 651 1288 687 projects
1299 651 1437 686 jacebant
1452 650 1481 678 in
1498 651 1583 684 vicis;

1039 698 1083 724 ast
1101 696 1240 723 Italorum
1255 695 1387 723 certatim
1404 697 1545 724 cadavera

1039 740 1123 768 avida
1139 740 1214 768 fame
1230 740 1338 768 ibidem
1354 741 1539 775 devorantes,

1040 785 1109 820 quin
1126 787 1154 813 et
1166 785 1309 820 sepulcris
1324 794 1399 820 saepe
1414 785 1629 820 protrahentcs.

1040 831 1085 857 sic
1101 838 1115 857 e
1130 829 1308 857 Thessalicis
1325 830 1428 865 pulsus
1441 830 1496 858 fuit
1512 830 1623 858 finibus

1041 883 1108 903 cum
1123 874 1285 910 ignominia
1301 873 1418 902 Siculus
1435 875 1591 902 exercitus.

1040 919 1184 946 Triremes
1200 921 1310 952 autem,
1325 920 1357 946 ut
1372 919 1508 955 superius
1523 919 1662 956 diximus,

1039 964 1199 998 Byzantina
1215 964 1286 991 urbe
1301 964 1445 1000 fugientes
1464 965 1577 1001 procul,

1040 1009 1117 1036 male
1131 1017 1148 1036 a
1164 1011 1293 1037 Romano
1310 1009 1403 1037 milite
1419 1012 1489 1037 sunt
1508 1009 1665 1044 mulctatos,

1040 1056 1128 1089 atque
1144 1054 1305 1082 amiserunt
1321 1054 1479 1090 plurimam
1496 1055 1611 1082 turbam
1629 1055 1779 1083 nauticum
1797 1064 1802 1082 :

1039 1106 1165 1133 cumque
1181 1099 1312 1126 ducentae
1327 1101 1425 1126 essent
1438 1099 1482 1127 vel
1498 1099 1586 1127 etiam
1603 1099 1713 1135 plures,

1039 1143 1163 1179 turpiter
1177 1143 1257 1171 victm
1275 1143 1425 1178 fugiebant
1439 1144 1468 1171 in
1487 1145 1611 1180 patriam
1630 1154 1636 1172 :

1040 1195 1164 1222 quarum
1181 1188 1342 1223 permultas
1358 1189 1436 1216 fama
1451 1191 1495 1217 est
1510 1189 1539 1216 in
1556 1197 1644 1218 cursu

1039 1234 1193 1259 ventorum
1209 1233 1266 1260 vim
1283 1241 1437 1268 perpessas
1452 1235 1481 1261 et
1495 1235 1688 1270 tempestatis,

1040 1277 1199 1311 naufragus
1216 1276 1312 1304 medio
1328 1277 1449 1313 periisse
1465 1278 1549 1306 mari.

1040 1321 1134 1352 Quare
1150 1321 1178 1348 in
1196 1320 1241 1348 his
1258 1321 1366 1356 praeliis
1382 1322 1537 1350 bellatores
1551 1323 1614 1351 Itali

1040 1367 1142 1392 contra
1157 1365 1322 1393 Romanum
1343 1366 1524 1395 decertantes
1542 1367 1665 1396 militem

1041 1409 1242 1437 occubuerunt
1258 1411 1358 1438 decem
1376 1411 1466 1439 ferme
1483 1412 1562 1440 mille
1579 1421 1584 1440 :

1040 1454 1230 1489 terrestrique
1247 1455 1335 1482 simul
1351 1459 1378 1483 et
1394 1456 1542 1484 maritimo

1040 1498 1116 1526 bello
1132 1501 1202 1526 sunt
1217 1499 1293 1534 capti
1310 1502 1414 1535 quater
1430 1500 1510 1528 mille
1525 1502 1626 1535 Siculi,

1041 1543 1091 1578 qui
1108 1543 1275 1571 carceribus
1291 1544 1417 1579 publicis
1431 1545 1562 1572 conclusi

1040 1586 1142 1622 frigori
1159 1591 1229 1615 sunt
1244 1590 1338 1616 enecti
1354 1592 1382 1617 et
1397 1590 1499 1618 morbo
1516 1593 1543 1618 et
1559 1591 1646 1619 fame.

1039 1631 1166 1660 Alteram
1183 1633 1266 1660 duxit
1280 1633 1409 1662 Isaacius
1425 1636 1591 1671 conjugem,

1039 1679 1155 1704 mortua
1169 1677 1276 1712 priore,
1293 1678 1428 1714 Ungarici
1444 1680 1520 1716 regis
1536 1680 1625 1708 ﬁliam
1641 1689 1647 1708 :

1039 1728 1163 1755 quarum
1180 1723 1350 1758 nuptiarum
1367 1724 1572 1760 sponsalisque
1588 1733 1702 1762 pompa:

1039 1765 1142 1793 nolens
1158 1766 1193 1793 de
1210 1767 1279 1794 ﬁsco
1296 1768 1374 1803 regio
1390 1769 1540 1804 impensas
1557 1770 1661 1803 facere,

1038 1810 1108 1837 dum
1127 1810 1194 1838 huic
1209 1812 1301 1846 parcit
1316 1812 1409 1841 victus
1425 1814 1556 1848 avaritia,

1039 1856 1124 1890 coepit
1138 1856 1292 1891 pecuniam
1307 1858 1435 1886 subditis
1451 1868 1485 1887 ex
1501 1860 1625 1888 urbibus

1038 1902 1066 1926 et
1082 1899 1204 1936 reliquis
1220 1901 1350 1930 castellis
1363 1911 1533 1932 coacervare
1547 1913 1553 1932 :

1037 1946 1115 1973 unde
1132 1947 1270 1974 commoti
1287 1948 1386 1983 populi
1403 1948 1572 1985 Mcesorum,

1038 1989 1139 2017 incolae
1156 1990 1258 2023 Haemi,
1275 1992 1325 2026 qui
1341 1992 1481 2020 dicuntur
1496 1993 1605 2028 Blachi,

1038 2034 1124 2061 fidem
1140 2037 1268 2062 Romano
1286 2039 1431 2071 negarunt
1446 2038 1580 2073 imperio,

1037 2083 1198 2115 propterea,
1215 2081 1290 2115 quod
1307 2081 1369 2109 suis
1385 2082 1522 2118 gregibus
1537 2084 1750 2120 spoliabantur,

1037 2124 1179 2152 Patroclis
1195 2126 1318 2159 occasio,
1337 2129 1367 2153 ut
1383 2129 1427 2154 est
1443 2127 1470 2155 in
1488 2129 1649 2163 proverbio.

1001 1614 1022 1647 C

1036 2214 1077 2240 Ad
1095 2213 1123 2240 id
1141 2217 1279 2249 praeterea
1294 2216 1407 2244 facinus
1423 2221 1490 2245 sunt
1506 2219 1650 2255 compulsi

1037 2267 1053 2285 a
1070 2258 1209 2286 fratribus
1227 2260 1343 2288 duobus
1361 2265 1456 2290 Asane
1472 2266 1500 2291 et
1516 2266 1600 2292 I‘etro

998 2294 1021 2326 Ι)
1037 2303 1136 2331 Moesis
1151 2307 1180 2331 et
1195 2304 1267 2340 ipsis
1283 2313 1388 2340 genere
1403 2308 1575 2344 etingenio.

1038 2348 1072 2375 Hi
1088 2349 1243 2384 populares
1258 2359 1338 2385 suos,
1355 2353 1405 2387 qui
1422 2353 1544 2381 deficere

1038 2402 1055 2420 ιι
1071 2394 1202 2429 partibus
1218 2394 1332 2431 imperii
1348 2398 1558 2433 subtimebanl,

1038 2442 1216 2466 cxacuerunt
1230 2440 1334 2469 callido
1349 2443 1482 2475 artiﬁcio,

1038 2491 1089 2509 seu
1105 2483 1284 2512 daemoniaca
1299 2486 1410 2520 fraude,
1427 2490 1460 2514 ut
1475 2489 1583 2517 rectius
1598 2489 1703 2518 dicam.

1039 2528 1231 2563 Splendidum
1246 2531 1292 2557 isti
1309 2531 1505 2560 condiderunt
1523 2533 1622 2562 fanum

1038 2573 1184 2601 Demetrio
1202 2575 1322 2611 martyri
1339 2577 1553 2613 unguenliﬂuo,

1038 2669 1124 2696 etiam
1141 2670 1169 2697 in
1185 2674 1323 2705 argentea
1336 2673 1441 2700 tabella
1457 2682 1523 2702 cum
1541 2675 1586 2703 his
1613 2676 1717 2705 litteris
1733 2680 1760 2705 in
1778 2679 1861 2706 Chri-

1038 2706 1142 2749 stianis
1159 2707 1409 2750 inscriptionibus.
1423 2709 1493 2750 Afir-:1
1510 2712 1527 2744 ἡ
1557 2712 1673 2748 στάμνος
1704 2713 1777 2750 φέρει
1810 2715 1860 2750 μύ-

1039 2750 1083 2782 ρον
1102 2740 1176 2777 ἅγιον
1232 2740 1282 2786 τοῦ
1299 2743 1412 2780 φρέατος
1433 2740 1641 2783 ἀντλήσασα,’ὲν
1669 2750 1691 2784 ᾦ
1710 2741 1750 2777 ’τὸ
1781 2740 1862 2786 σῶμα

1037 2778 1084 2802 τοῦ
1116 2776 1289 2814 μυροδλύτου
1304 2776 1387 2811 Ὀείου
1417 2776 1576 2820 Δημητρίου
1593 2776 1684 2812 ’τοῦτο
1708 2776 1861 2821 ἀναϐλύξον

1036 2822 1133 2840 κειται.
