2038 3204
157 205 213 237 221
929 206 1111 237 σεεΑηΕε.
1819 201 1876 231 222

250 267 400 298 Θεόσδοτον
416 267 536 308 δώρημα
551 268 642 310 φανεὶς
658 271 698 307 τῷ
712 270 774 299 τότε

252 316 367 344 ¹¹Ανακτι
381 313 455 352 res.
469 314 537 344 κατὰ
551 313 634 351 τήνδε
648 314 698 350 τὴν
715 312 818 354 μάχην·

252 361 300 391 ¹¹ος
315 369 346 388 εκ
359 358 483 388 Λατίνων
500 360 659 398 συναγείρας
673 359 792 392 ῑππότας

254 403 446 442 ’Δρειμανίους
462 403 503 436 δὶς
520 404 614 432 ἑκατὸν
631 406 676 432 καὶ
692 405 788 441 πλέον,

161 451 235 479 5840
254 449 358 485 Πεζοίις
373 449 582 488 καταφράκτους
598 447 626 477 δὲ
637 449 829 481 πεντακοσίους

253 495 364 533 Ἦγεῖτο
378 492 464 522 τῶνδε
478 494 524 522 καὶ
539 497 670 533 κατορθοῖ
683 496 733 529 τήν
747 494 835 530 νίκην¹

255 539 348 577 Παρῆν
362 538 392 567 δι
405 538 594 578 κατάφρακτος
609 538 708 571 ὅπλοις
723 541 768 567 καὶ
783 540 890 578 κράτωρ

253 582 330 614 Μετὰ
344 586 505 622 στρατηγῶν
522 583 654 616 εὖσθενῶν
670 595 698 612 τε
714 584 871 622 ταγμάτων.

254 629 321 657 Επεὶ
337 627 361 656 δ’
378 629 488 666 ὖπῖρχε
503 628 667 666 συμπλοκῆς
683 630 777 667 καιρὸς
795 628 900 666 μάχης,

163 679 235 708 5845
252 677 404 715 Εὖώνυμον
422 677 470 714 μὶν
487 679 545 716 εἶχε
560 677 732 715 Καμμύτζης
748 677 827 716 κέρας

254 722 479 760 Πρωτοστράτωρ
494 721 543 759 ὢν,
558 721 683 760 εὐγεγής,
703 721 889 761 βουληφόρος·

253 767 289 795 Τὸ
303 765 390 802 δεξιὸν
407 765 436 794 δὲ
453 765 581 804 βασιλεὺς
597 766 629 801 ῆν
652 764 763 794 διέπων·

255 810 307 839 Σὺν
323 810 440 842 Ἰταλοῖς
456 810 480 838 δ’
493 809 567 843 ianva
589 809 726 849 Κορῥάδος
743 812 835 848 μέσον.

254 855 304 884 Καὶ
321 855 421 894 βρανᾶς
437 854 460 883 δ’
475 854 601 891 ἐξήταζεν
617 854 699 883 αὑτοῦ
715 853 844 893 δυνάμεις

163 906 236 934 5850
254 905 341 933 Μέσον
361 905 408 941 μὲν
425 902 505 936 αὐτὸς
519 905 645 942 κατέχων
661 907 714 932 τῶν
731 906 876 943 ταγμάτων

253 950 291 978 Τὰ
306 948 329 978 δ’
342 947 375 977 αὖ
390 948 554 988 ἒκατέρωθεν
571 948 686 987 ίλάρχαι
702 950 797 977 πάλιν·

254 995 306 1024 Καὶ
321 993 500 1033 συῤῥαγείσης
516 993 579 1032 παρ’
594 993 728 1032 ἑκατέρων
746 993 851 1032 μάχης,

253 1039 302 1067 Ἴν¹
317 1038 355 1070 ὡς
371 1037 437 1071 ἔπος
452 1038 584 1077 φράσαιμι
602 1039 722 1066 συνελὼν
740 1037 826 1077 λόγῳ,

253 1084 350 1112 Πίπτει
367 1084 468 1120 Βρανᾶς
483 1082 610 1121 α’ίσχιστα
626 1082 766 1122 Κορῤάδου
782 1083 862 1122 ξίφει,

162 1129 235 1157 5855
253 1128 303 1156 Καὶ
317 1128 369 1163 τήν
382 1127 506 1167 κεφαλὴν
522 1127 645 1165 τέμνεται
660 1129 825 1165 παραυτίκα,

255 1174 305 1202 Καὶ
321 1173 409 1210 τέρμα
427 1172 504 1210 μάχη
519 1173 565 1201 καὶ
581 1173 706 1211 τυραννὶς
722 1171 868 1209 λαμῦἇνει.

254 1217 330 1247 Ἐπεὶ
346 1216 370 1245 δ’
384 1215 597 1256 ἐπρεσϐεύσαντο
614 1217 681 1256 πρὸς
705 1216 818 1256 βασιλέα

257 1263 305 1295 Οἷς
344 1271 394 1300 περ
439 1264 523 1299 μετῆν
567 1262 675 1295 σθένους
718 1273 747 1290 τε
786 1264 916 1300 Λαμπροῦ
951 1263 995 1290 καὶ

855 1308 961 1345 [γένους

256 1351 487 1390 Ἐκλιπαροῦντες
504 1350 582 1379 λύσιν
598 1351 683 1390 εὑρεῖν
700 1351 890 1388 πταισμάτων,

164 1397 238 1426 5860
256 1397 338 1434 νΔναξ
356 1394 482 1435 βραϐεύει
498 1398 563 1425 πᾶσι
577 1397 627 1431 τὴν
639 1396 800 1433 ἀμνηστίαν·

256 1442 306 1471 Καὶ
321 1440 550 1480 προσδραμόντας
566 1441 687 1478 εὐμενῶς
702 1440 863 1479 δεδεγμένος

254 1489 322 1514 nam
335 1489 488 1524 κεχρῆσθαι
503 1486 610 1522 γνησίῳ
626 1486 775 1523 μεταμέλῳ

253 1531 315 1560 Ἐπὶ
330 1528 482 1570 παραϐάσει
496 1542 527 1568 γε
542 1532 661 1570 φρικτῶν
680 1530 781 1568 ὁρκίων

272 1577 334 1605 Τῶν
349 1576 414 1614 πρὶν
430 1576 499 1613 πρὸς
516 1575 595 1603 αὐτὸν
612 1576 731 1603 ὑπετίθει
749 1575 795 1602 σὺν
810 1574 895 1613 λόγῳ·

162 1626 235 1654 5865
254 1624 336 1653 Λῦσιν
352 1623 376 1653 δ’
391 1623 560 1662 ἆναθέματος
576 1624 660 1653 αἰτεῖν
677 1622 709 1652 αὗ
725 1622 808 1652 πάλιν

251 1670 320 1708 Παρ¹
335 1669 487 1709 ἀρχιθύτου
502 1669 585 1703 τῆσδε
598 1671 649 1705 τῆς
665 1668 885 1705 Κωνσταντίνου,

251 1716 284 1753 ’ῼ
299 1724 366 1753 σφας
378 1711 567 1741 καθυπέϐαλον
584 1714 660 1741 ἀστοὶ
676 1713 728 1751 πρὸ
742 1714 836 1751 τρίτης

252 1759 384 1790 Ἐπώτες
399 1757 455 1786 ἄνω
470 1759 586 1797 τειχέων
603 1759 808 1797 πυργωμάτων,

256 1802 307 1832 Καὶ
323 1801 450 1841 δρώμενα
466 1802 613 1842 βλέποντες
628 1802 720 1834 αὐτοῖς
735 1803 858 1834 ἆνόιιως.

163 1850 237 1878 5870
257 1848 307 1877 Καί
319 1847 406 1877 τῶνδε
420 1848 524 1877 πολΛοί
538 1850 593 1876 τῶν
613 1850 704 1877 κακῶν
720 1849 790 1886 ᾑσοη
797 1848 884 1885 μένοι,

257 1896 370 1931 Θερμῶς
385 1894 546 1929 πηοσῆλθον
559 1895 600 1930 τῷ
617 1893 729 1931 μιγάλῳ
743 1894 865 1930 ποιμένι·

253 1942 354 1972 ’Ἄλλοι
371 1941 400 1971 δὶ
416 1942 493 1978 δόξαν
510 1940 642 1981 είσδοχῆς
660 1941 810 1974 δεδωκότες

254 1989 293 2025 Τῇ
307 1990 358 2023 τῆς
373 1987 496 2027 κεφαλῆς
512 1987 667 2016 κατανεύσει
684 1988 728 2016 καὶ
746 1986 827 2025 μόνῃ,

252 2034 296 2065 Ὦς
312 2031 398 2072 λῆρον
415 2033 554 2072 ἡγήσαντο
569 2033 619 2068 τὴν
636 2031 815 2070 συμϐουλίαν·

162 2079 238 2107 5875
257 2077 332 2107 Κατὰ
346 2078 447 2107 Μυσῶν
464 2076 559 2115 ἔξεισιν
575 2079 620 2106 καὶ
636 2077 719 2106 πάλιΛ
734 2077 809 2113 ἅναξ,

256 2122 309 2151 Καὶ
323 2123 371 2154 τὰς
385 2125 445 2150 κατ’
460 2122 558 2155 αὐτοὺς
573 2122 709 2160 ἐκδρομὰς
723 2122 770 2154 τὰς
785 2122 916 2160 ἀσχέτους

257 2165 330 2194 Πάνυ
345 2177 371 2194 τι
389 2167 486 2205 μικρὸν
504 2166 680 2205 ἀναχαιτίσας
691 2166 801 2203 ὅπλοις,

255 2211 308 2246 Τὴν
325 2207 468 2249 Ἀδριανοῦ
483 2209 688 2248 καταλαμϐάνει
707 2211 800 2239 πόλιν.

255 2255 345 2286 Μυσοὶ
362 2254 391 2284 δὲ
406 2256 502 2293 κώμας
519 2256 674 2295 κατέκειρον
690 2256 735 2284 καὶ
756 2256 838 2284 πάλιν

161 2306 238 2333 5880
254 2305 308 2338 Τὰς
322 2303 392 2344 πρὸς
405 2303 634 2333 Φιλιπποῦπολιν
646 2306 869 2343 κατοικουμένας·

256 2348 426 2389 Ἀφιγμένου
442 2348 465 2378 δ’
481 2348 594 2381 ἄνακτος
610 2349 775 2388 εἰςπάσχον
791 2352 872 2388 μέρος

256 2395 315 2433 Ἀφ’
330 2394 368 2423 ὧν
384 2394 547 2423 ἀπανίστατο
564 2395 675 2432 χωρίων
692 2393 765 2431 ἅναξ,

255 2441 355 2469 Ἑκεῖσ¹
370 2438 448 2478 ἐπῄει
464 2438 616 2478 δύστροπον
634 2440 733 2468 Μυσῶν
749 2438 836 2472 ἔθνος.

256 2484 345 2517 Οὗτος
360 2484 449 2513 θέλων
464 2483 510 2513 οὖν
525 2484 679 2522 ἀμύνασθαι
703 2482 857 2523 βαρϐάρους

161 2531 239 2559 5885
256 2526 414 2568 Ἑφίσταται
431 2527 464 2564 δὴ
479 2530 539 2561 τοῖς
555 2527 631 2567 ὅροις
648 2527 815 2568 Τριαδίτζης

257 2571 309 2603 Καὶ
327 2571 476 2612 μηδοτιοῦν
491 2573 521 2602 ὲκ
535 2573 634 2613 κρύους
649 2573 786 2610 διανύσας,

258 2618 384 2654 Εΰζωνος
399 2617 480 2650 αὐτὸς
495 2618 545 2654 τὴν
561 2619 764 2647 Κωνσταντίνου
775 2619 878 2658 φθάνει,

259 2661 381 2701 Στρατὸν
395 2662 532 2700 παρεικὼς
548 2661 640 2695 αὐτόθι
656 2664 832 2701 παραμένειν,

257 2708 363 2737 Ἵππων
380 2705 512 2744 ἁμίλλαις
529 2707 667 2747 ἐντρυφῶν
682 2708 728 2735 καὶ
749 2707 892 2746 παιγνίοις.

161 2753 239 2782 5890
257 2753 343 2790 Ἦρος
359 2750 384 2779 δ’
398 2751 507 2789 ἀπαίρει
522 2753 572 2786 τῆς
583 2752 787 2780 Κωνσταντίνου
800 2751 892 2787 πάλιν,

257 2797 310 2825 Καὶ
324 2796 389 2828 τοὺς
404 2794 514 2827 Μυσοὺς
530 2797 661 2833 μέτεισιν,
678 2796 755 2828 αὖθις
769 2798 829 2828 τοῖς
845 2794 955 2829 ὅπλοις·

260 2842 324 2879 Περὶ
342 2838 371 2869 δὲ
386 2840 554 2879 παράστασιν
572 2838 690 2878 ἶδρὼσας
706 2840 776 2868 πάνυ

261 2884 344 2917 Two:
362 2881 497 2920 Δοϐιτζοῦ
510 2885 640 2923 φρουρίου
654 2887 708 2913 τῶν
725 2885 829 2922 αὐτόθι,

1005 268 1032 305 Α
1046 278 1112 298 vere
1127 268 1244 298 caeleste
1258 276 1311 305 per
1326 268 1356 296 id
1372 269 1491 305 tempus
1507 267 1619 296 donum

1049 315 1110 351 regi
1127 322 1300 343 concessum
1317 313 1353 342 ob
1368 310 1529 342 imminens
1544 311 1714 341 discrimen.

1050 359 1161 395 Nempe
1175 359 1224 387 hic
1239 356 1350 387 Latinis
1365 357 1496 386 collectis
1511 356 1661 393 equitibus

1048 406 1169 432 Martem
1186 403 1368 440 spirantibus
1382 402 1467 439 paulo
1483 402 1550 439 plus
1566 401 1713 436 ducentis,

1049 448 1304 485 cataphractisque
1318 447 1467 484 peditibus
1483 446 1664 483 quingentis,

1049 494 1153 521 ducem
1170 501 1200 520 se
1216 491 1341 528 praebuit
1356 491 1570 527 victoriamque
1585 489 1696 519 retulit.

1048 544 1143 572 Caesar
1158 543 1229 579 quin
1246 543 1333 570 etiam
1350 541 1490 570 loricatus
1506 539 1602 569 adfuit

1048 596 1115 616 cum
1131 588 1256 616 ducibus
1272 595 1304 615 ac
1319 586 1443 614 fortibus
1460 585 1626 614 ordinibus.

1048 634 1180 668 Cumque
1191 633 1255 668 jam
1271 630 1347 659 acies
1361 632 1458 659 essent
1473 628 1502 658 in
1519 630 1682 667 procinctu,

1048 678 1168 706 sinistro
1184 685 1274 704 cornu
1292 676 1408 712 praefuit
1422 677 1604 711 Cammylzes

1047 723 1225 758 protostator
1240 723 1268 749 et
1283 720 1390 748 nobilis
1404 719 1605 753 consiliarius;

1047 767 1197 795 dexterum
1212 766 1276 802 ipse
1291 767 1385 794 Caesar
1399 773 1487 793 cornu
1504 763 1593 799 rexit;

1048 811 1178 839 medium
1195 810 1291 839 tenuit
1303 810 1450 838 Corradus
1465 809 1635 837 exercitum.

1048 856 1146 884 Aciem
1163 858 1191 883 et
1206 858 1317 883 Branas
1332 854 1477 883 ordinavit
1493 861 1590 889 suam,

1047 902 1175 929 mediam
1192 900 1256 937 ipse
1271 907 1417 935 occupans
1432 898 1623 935 phalangem,

1011 950 1034 983 Β
1050 946 1111 974 alas
1126 946 1253 973 tribunis
1269 943 1412 981 regendas
1428 942 1601 972 attribuens.

1049 993 1113 1018 Mox
1128 989 1371 1018 concurrentibus
1387 987 1526 1024 utrinque
1542 988 1670 1024 aciebus,

1050 1042 1082 1067 ut
1098 1040 1199 1075 paucis
1216 1039 1312 1067 verbis
1327 1039 1441 1066 tantum
1457 1046 1519 1066 rem
1535 1036 1722 1073 complectar,

1050 1084 1168 1112 Corradi
1184 1084 1296 1112 Branas
1312 1082 1389 1111 cadit
1404 1090 1473 1111 ense
1487 1082 1613 1118 turpiter

1051 1131 1136 1166 eique
1152 1132 1239 1164 caput
1255 1128 1355 1157 statim
1371 1128 1553 1164 amputatur,

1051 1175 1141 1210 ﬁtque
1157 1174 1246 1202 simul
1262 1182 1367 1210 pugna:
1384 1172 1451 1201 ﬁnis
1467 1177 1494 1201 et
1508 1173 1668 1210 tyrannidi,

1052 1219 1160 1248 Deinde
1176 1218 1300 1252 nobiles,
1318 1217 1368 1254 qui
1385 1217 1508 1246 rebelles
1526 1217 1652 1252 fuerant,

1052 1264 1227 1300 legationem
1243 1263 1278 1291 ad
1295 1264 1437 1291 Caesarem
1454 1263 1672 1297 submiserunt,

1052 1354 1186 1383 criminis
1202 1353 1316 1381 veniam
1333 1352 1390 1381 sibi
1406 1353 1607 1388 deposcentes.

1051 1401 1147 1427 Cresar
1161 1407 1192 1427 se
1209 1397 1333 1434 praebuit
1348 1397 1461 1425 cunctis
1476 1396 1689 1433 indulgentem,

1052 1447 1140 1480 atque
1156 1444 1326 1471 accedentes
1342 1441 1478 1470 benevole
1491 1442 1650 1478 excipiens,

1051 1489 1166 1517 cunctis
1184 1488 1341 1524 prudenter
1356 1494 1453 1514 veram
1472 1487 1673 1523 paenitentiam

1050 1534 1227 1561 violatorum
1243 1531 1385 1560 foedorum
1403 1531 1546 1559 suadebat
1565 1538 1571 1559 :

1052 1582 1140 1615 atque
1156 1581 1188 1606 ut
1204 1579 1278 1606 sacri
1295 1577 1398 1606 vinclis
1413 1577 1610 1606 anathematis

1011 1633 1032 1666 α
1052 1634 1068 1653 a
1084 1623 1248 1660 patriarcha
1266 1623 1429 1658 Byzantines
1447 1623 1529 1651 urbis

1051 1671 1184 1705 peterent
1199 1669 1282 1702 solvi,
1297 1668 1405 1704 quibus
1419 1670 1485 1696 ante
1501 1667 1632 1695 triduum

1051 1724 1067 1743 a
1082 1716 1196 1743 civibus
1212 1714 1344 1742 obstricti
1360 1715 1412 1741 rite
1427 1715 1553 1747 fuerant,

1050 1761 1119 1788 dum
1137 1760 1263 1788 summis
1279 1758 1395 1787 moeniis
1412 1761 1524 1787 stantes
1541 1760 1629 1794 atque
1644 1758 1775 1786 turribus

1050 1805 1128 1833 mala
1144 1803 1295 1832 rebellium
1312 1805 1481 1840 spectarent
1496 1803 1636 1831 facinora.

1050 1852 1145 1887 Atque
1160 1851 1189 1878 in
1206 1851 1253 1878 his
1269 1848 1355 1878 multi
1371 1848 1438 1877 tacti
1454 1848 1628 1885 poenitentia

1051 1897 1086 1923 ad
1104 1903 1242 1930 magnum
1260 1894 1414 1931 praesulem
1430 1893 1538 1922 fervide
1553 1892 1732 1921 accedebant
1749 1901 1755 1920 :

1052 1946 1097 1972 ast
1111 1944 1160 1972 alii
1176 1952 1280 1972 vanam
1296 1943 1424 1979 speciem
1441 1951 1604 1971 consensus

1052 1989 1155 2025 capitis
1171 1990 1243 2016 nutu
1261 1991 1347 2016 tenus
1364 1987 1549 2021 simulantes,

1051 2033 1282 2061 exhortationem
1298 2032 1419 2060 Caesaris
1436 2031 1580 2059 ridebant.

1052 2077 1278 2113 Ipse'profeclus
1294 2076 1400 2104 iterum
1416 2076 1445 2103 in
1459 2074 1588 2103 Mmsiam

1051 2124 1178 2152 hostium
1195 2123 1301 2151 eil'usas
1318 2123 1428 2158 passim
1443 2121 1628 2149 excursiones

1051 2177 1120 2197 sane
1136 2176 1294 2204 parumper
1309 2168 1399 2196 armis
1416 2166 1605 2203 compescuit,

1052 2221 1225 2249 progressus
1241 2221 1336 2248 usque
1351 2212 1386 2239 ad
1405 2212 1509 2239 urbem
1524 2210 1674 2238 Hadriani.

1052 2258 1172 2286 Interim
1185 2257 1264 2285 Moesi
1281 2257 1473 2285 dcvastabant
1489 2263 1592 2284 rursus

1052 2303 1129 2330 circa
1144 2302 1270 2338 Philippi
1285 2301 1433 2330 civitatem
1450 2309 1550 2338 pagos.

1054 2352 1126 2379 Dum
1143 2351 1286 2379 laboranti
1304 2359 1352 2379 rex
1368 2351 1442 2387 parti
1459 2350 1653 2385 succurreret,

1051 2396 1148 2424 locum
1165 2404 1253 2432 quem
1269 2404 1393 2424 vacuum
1409 2395 1510 2423 abiens
1527 2393 1694 2430 reliquerat,

1054 2443 1212 2469 contumax
1227 2440 1324 2469 statim
1342 2440 1432 2468 Mmsa
1447 2448 1518 2476 gens
1534 2438 1662 2467 tenebat.

1055 2486 1197 2514 Barbaros
1212 2494 1280 2521 ergo
1296 2485 1440 2513 debellare
1454 2484 1574 2512 studens

1055 2530 1091 2557 ad
1104 2529 1256 2557 Triaditza:
1273 2527 1397 2556 contulit
1412 2536 1442 2556 se
1458 2528 1531 2555 ﬁnes
1549 2535 1556 2554 :

1055 2574 1105 2601 sed
1122 2582 1188 2602 cum
1204 2574 1317 2609 rigente
1332 2573 1427 2600 hieme
1442 2572 1482 2600 nil
1499 2571 1661 2607 proﬁceret,

1055 2619 1209 2654 expeditus
1225 2618 1287 2654 ipse
1303 2617 1475 2654 Byzantium
1492 2616 1570 2644 venit
1588 2624 1594 2644 :

1056 2664 1187 2698 dumque
1202 2662 1260 2689 illic
1277 2662 1360 2689 miles
1376 2662 1476 2688 manet
1491 2660 1546 2688 sub
1561 2661 1629 2688 Jove
1644 2658 1761 2695 frigido,

1056 2707 1125 2735 circi
1141 2707 1292 2743 spectabat
1306 2705 1417 2733 ludicra
1432 2704 1601 2733 certamina.

1056 2754 1192 2779 Attamen
1209 2759 1297 2779 verno
1314 2753 1443 2786 tempore
1458 2749 1594 2786 Byzantio

1056 2805 1160 2825 rursus
1175 2796 1329 2824 discedens
1345 2797 1448 2822 illaesos
1465 2794 1555 2822 armis
1571 2792 1656 2829 petiit
1672 2801 1679 2821 ε

1056 2849 1184 2877 cumque
1200 2842 1236 2868 ob
1253 2840 1426 2875 capiendum
1443 2838 1608 2867 laborasset
1623 2836 1672 2865 diu

1058 2887 1207 2915 Lobitzum
1225 2885 1372 2921 quoddam
1390 2884 1495 2912 Mnasias
1510 2882 1675 2918 castellum,
