4076 6430
305 369 411 424 223
1524 374 1895 429 ΕΡΗΒΕΜΙΙ

1524 374 1895 429 ΕΡΗΒΕΜΙΙ
1935 372 2505 429 CHRONOGRAPHI

306 494 841 551 inconsummatum
876 510 1108 567 operam
1142 496 1441 566 omittens,

309 585 522 639 iterum
554 583 774 655 regiam
809 584 982 639 rediit
1012 585 1070 639 in
1105 587 1332 641 urbem.

309 672 538 729 Scilicet
567 672 823 745 pulchrae
851 674 1041 745 gratia
1071 676 1480 745 Pr0pontidos,

310 762 693 819 aedificiorum
727 763 1038 818 commoda
1066 768 1123 818 et
1151 767 1415 833 ornatus,

310 851 544 907 venatio
574 850 765 907 dulcis
796 855 855 906 et
885 850 1063 907 simul
1094 852 1399 923 equitatio,

314 939 571 1012 piscium
600 940 815 1011 praada,
850 956 983 995 cum
1017 939 1439 1011 bilaritatibus,

314 1030 415 1085 diu
446 1028 840 1100 longinquum
874 1045 987 1085 non
1019 1029 1293 1085 sinebant
1323 1033 1627 1101 Ctesarem,

313 1120 417 1175 sed
450 1120 519 1174 ad
553 1118 867 1174 fruendum
902 1134 1031 1175 sese
1062 1120 1513 1192 compellebant.

314 1208 526 1264 Asanis
556 1224 789 1281 quoque
822 1224 1058 1265 uxorem
1091 1211 1282 1265 Caesar
1312 1210 1466 1281 cepit

315 1298 672 1371 tertiumque
704 1316 770 1354 ex
804 1300 934 1369 ejus
967 1300 1247 1355 fratribus
1279 1299 1565 1356 Joannem

314 1387 541 1443 obsidis
572 1388 697 1444 loco
727 1388 1012 1443 traditum
1047 1389 1291 1460 accepit.

315 1476 512 1532 Nihilo
544 1476 637 1531 hic
671 1481 868 1532 tamen
901 1477 1100 1533 minus
1132 1481 1335 1549 postea
1368 1478 1567 1533 nocuit

316 1584 419 1639 pro
453 1583 564 1622 sua
594 1566 819 1622 malitia
850 1566 1109 1637 pessima
1142 1567 1725 1640 Romaniszurbibus.

314 1664 521 1719 Adhuc
551 1667 789 1720 tenente
820 1663 1135 1736 imperium
1170 1666 1390 1721 Isaacio

316 1752 525 1808 defecit
556 1753 798 1824 quidam
831 1754 1186 1824 Mancaphas
1218 1756 1568 1827 cognomine

317 1840 831 1914 Philadelphensis
862 1842 1007 1897 civis
1036 1843 1380 1899 Theodorus

318 1932 629 2004 Lydiaaque
660 1936 717 1988 et
745 1932 946 2005 patrize
982 1933 1197 1989 invasit
1228 1935 1600 2003 tyrannidem

319 2028 497 2093 atque
530 2022 706 2077 urbes
739 2021 1013 2094 plurimis
1040 2022 1313 2079 multavit
1342 2025 1577 2081 damnis

316 2127 452 2165 cum
485 2110 695 2166 barum
728 2111 915 2183 pagis,
949 2112 1170 2167 circum
1201 2128 1368 2168 arma
1398 2114 1611 2169 ferens.

318 2208 741 2280 Philadelphia:
770 2211 961 2265 Caesar
994 2210 1065 2265 ad
1100 2210 1246 2265 fines
1276 2210 1517 2267 veniens

320 2298 382 2353 in
418 2314 528 2354 sua
558 2299 748 2371 patria
777 2298 1068 2357 conclusit
1100 2299 1401 2367 rebellem,

324 2388 425 2458 qui
458 2392 598 2443 tunc
640 2388 915 2444 idoneum
948 2393 1159 2446 nactus
1192 2394 1281 2445 est
1311 2405 1599 2462 agnomen

320 2477 518 2533 dictus
550 2478 622 2533 ab
654 2479 801 2535 actis
834 2480 1035 2535 fatuus
1064 2479 1430 2537 Theodorus.

321 2567 467 2622 Cum
500 2567 869 2640 Philadelphi
902 2577 1093 2624 tamen
1126 2569 1285 2625 haud
1320 2575 1520 2641 posset
1554 2572 1755 2627 urbem

321 2673 528 2728 capere
557 2660 750 2714 Caesar
780 2658 833 2713 vi
865 2659 1193 2732 peritiaque
1225 2659 1455 2730 bellica,

319 2748 476 2819 quod
509 2748 618 2804 fuit
647 2748 966 2821 reliquum,
999 2750 1367 2807 conditiones
1399 2750 1613 2807 obtulit
1646 2768 1660 2807 :

316 2862 523 2919 nempe
554 2853 615 2902 ut
646 2847 932 2919 depositis
965 2847 1199 2919 imperii
1230 2848 1570 2921 insignibus

319 2936 605 3008 privatam
634 2937 816 2993 vitam
850 2937 1204 3010 Mancaphas
1236 2938 1525 3010 exigeret;

321 3026 464 3082 urbs
490 3030 691 3081 autem
722 3030 977 3082 veterem
1008 3027 1272 3082 ordinem
1306 3028 1609 3099 reciperet,

321 3130 499 3185 seque
529 3114 708 3186 priori
738 3115 977 3171 domino
1006 3115 1397 3173 submitteret.

320 3204 681 3277 Mancaphas
707 3210 905 3261 tamen
939 3206 1279 3277 profugiens
1309 3207 1382 3262 ad
1414 3205 1740 3275 sultanum,

316 3293 524 3349 Turcis
555 3294 879 3367 assumptis
908 3311 1110 3351 secum
1144 3294 1554 3366 auxiliaribus,

316 3472 565 3528 Romani
598 3472 831 3546 imperii
863 3474 1011 3530 ﬁnes
1042 3475 1408 3531 incursabat.

321 3562 538 3618 Missus
571 3580 705 3619 cum
740 3564 911 3620 donis
943 3564 1174 3637 legatus
1204 3565 1277 3621 ad
1311 3564 1641 3636 sultanum,

322 3653 706 3725 Mancapham
739 3658 1034 3709 annuente
1065 3654 1296 3710 reduxit
1328 3654 1561 3710 sultano

324 3740 544 3812 regiam
577 3741 647 3797 ad
684 3742 908 3810 urbem,
941 3743 1140 3815 ibique
1164 3745 1357 3800 Caesar
1382 3744 1593 3801 vinclis

325 3834 726 3903 perpetuoque
759 3831 928 3887 illum
956 3833 1180 3890 addixit
1210 3834 1449 3891 carceri.

326 3919 572 3992 Cognita
601 3937 692 3977 res
725 3920 944 3978 sultani
975 3924 1206 3980 exacuit
1240 3923 1450 3980 fratres

326 4013 397 4067 ad
434 4012 800 4069 iracundiam
827 4014 1139 4085 plurimam
1174 4022 1349 4088 atque
1378 4016 1451 4072 ad
1486 4033 1671 4083 arma,

324 4100 632 4173 perﬁdiam
667 4101 1049 4158 criminantes
1082 4105 1238 4175 quod
1274 4102 1611 4176 prodiderat

327 4209 642 4250 munerum
671 4192 858 4266 gratia
889 4194 1260 4266 transfugam
1291 4193 1405 4250 sibi
1436 4194 1784 4267 supplicem.

326 4285 576 4355 Jamque
605 4284 786 4340 armis
809 4283 1113 4340 sultanum
1144 4283 1476 4355 aggressuri
1506 4286 1695 4348 erant,

328 4376 444 4430 nisi
475 4375 569 4429 hic
600 4376 882 4446 speciosis
913 4390 1035 4429 rem
1070 4378 1382 4446 purgasset
1413 4373 1607 4427 verbis
1642 4388 1655 4428 :

331 4475 413 4530 ait
443 4474 600 4529 enim
636 4473 929 4528 hominem
965 4491 996 4527 a
1027 4490 1089 4527 se
1121 4471 1320 4543 patriae
1354 4470 1644 4527 redditum

329 4564 445 4619 ﬁde
474 4562 840 4634 interposita,
877 4576 948 4615 ne
981 4560 1066 4616 vel
1102 4564 1448 4628 moreretur,

325 4669 469 4709 neve
500 4652 637 4725 quid
675 4652 814 4707 mali
846 4654 1149 4723 pateretur
1178 4666 1441 4720 corpore.

326 4744 432 4799 Per
460 4742 607 4798 illud
640 4746 873 4815 tempus
907 4756 1001 4796 rex
1034 4756 1267 4811 quoque
1298 4737 1657 4793 Alamannis:

328 4834 492 4890 misit
520 4833 743 4906 legatos
774 4832 871 4903 qui
908 4834 1185 4903 rogarent
1216 4830 1503 4885 Caesarem

327 4928 394 4979 ut
423 4923 537 4978 sibi
568 4928 744 4995 atque
774 4920 1047 4978 exercitui
1084 4920 1391 4992 paciﬁcum

331 5015 656 5069 Romanam
690 5031 794 5085 per
825 5013 1101 5067 ditionem
1137 5014 1420 5067 annueret
1453 5011 1763 5067 transitum

327 5102 723 5175 proficiscenti
757 5104 825 5157 ad
862 5102 1165 5158 Palestina:
1198 5101 1376 5156 locos.

327 5193 411 5248 Ad
445 5209 637 5264 regem
673 5198 868 5249 autem
902 5210 1112 5247 cursus
1145 5192 1443 5262 logotheta

326 5283 516 5339 Caesar
548 5281 875 5353 preemissn,
910 5281 1128 5335 foedera
1158 5281 1511 5351 composuit.

327 5376 581 5444 Accepta
609 5371 992 5441 vicissimque
1018 5370 1212 5426 oblata
1245 5371 1355 5425 fide

330 5463 605 5519 stabilem
638 5463 760 5517 fore
792 5477 924 5515 cum
959 5475 1092 5530 rege
1125 5459 1469 5523 amicitiam,

330 5553 627 5626 logotheta
658 5552 730 5607 ad
761 5555 1044 5605 Caesarem
1077 5554 1166 5605 est
1195 5566 1485 5604 reversus.

333 5644 453 5699 Rex
480 5646 674 5698 autem
708 5641 855 5696 fines
887 5639 1116 5709 imperii
1150 5638 1454 5709 ingressus

328 5750 518 5807 usque
548 5735 619 5791 ad
650 5730 903 5803 Philippi
938 5731 1136 5786 urbem
1171 5730 1463 5801 promovit
1494 5735 1702 5786 castra.

1984 497 2039 563 Α

1996 1852 2040 1916 Β

2000 3208 2043 3275 C

2008 4573 2055 4638 D

2247 498 2349 555 Καὶ
2383 500 2610 573 τοῦργον
2645 498 2905 567 ἀνήνυτον
2932 499 3171 577 ἀφεικὼς
3204 498 3368 556 πάλιν

2060 585 2200 640 5895
2243 585 2383 660 Πρὸς
2413 587 2511 654 τήν
2550 585 2943 661 βασιλεύουσαν
2977 586 3161 643 εἴσεισι
3193 589 3382 645 πόλιν·

2240 677 2309 733 Αἱ
2342 676 2563 750 χάριτες
2591 679 2695 753 γάρ
2727 684 2827 747 τῆς
2856 675 3035 747 καλῆς
3070 678 3444 754 Κροποντίδος

2240 766 2309 819 Αἱ
2336 764 2602 821 καλλοναί
2634 787 2692 821 τε
2719 764 2886 836 τῆσδε
2915 767 3005 822 καὶ
3037 767 3222 840 κάλλη
3268 768 3477 843 δόμων,

2242 854 2460 927 Τερπνά
2491 856 2790 930 κυνηγέσια
2821 854 2912 910 σὺν
2948 856 3201 929 ἱππασίᾳ,

2247 946 2367 996 Σῶν
2402 943 2610 1018 ίχθύων
2644 941 2781 1019 ἄγρα
2809 964 2866 999 τε
2897 945 2988 999 σὺν
3035 944 3265 1021 εὐθυμία

2064 1044 2207 1098 5900
2244 1041 2460 1116 Μακρὸν
2498 1047 2718 1116 θυραῖον
2750 1045 3039 1119 τυγχάνειν
3072 1043 3170 1099 οὐκ
3198 1046 3373 1120 ἠφίει,

2247 1130 2423 1188 Ἀλλά
2446 1130 2662 1207 τρέχειν
2696 1131 2924 1208 ἤπειγον
2958 1132 3117 1189 αὐτὸν
3149 1135 3286 1209 πρὸς
3317 1133 3465 1203 τάδε,

2247 1221 2519 1295 Κατέσχεν
2553 1221 2679 1291 ἄναξ
2709 1223 2952 1297 γαμετὴν
2989 1223 3147 1280 Ἀσάν
3178 1223 3323 1295 τότε,

2248 1311 2348 1365 Καὶ
2383 1311 2605 1383 θάτερον
2637 1308 2694 1365 δὲ
2729 1310 3012 1386 συγγόνων
3041 1312 3295 1385 Ἰωάννην

2248 1396 2484 1477 Εἵληφε,
2522 1397 2726 1454 δόντων
2760 1399 2837 1463 εἷς
2880 1401 3143 1476 ὁμηρείας
3177 1401 3364 1479 λόγον·

2071 1490 2214 1547 5905
2251 1490 2349 1550 Ὃς
2377 1488 2601 1564 ὅστερύν
2635 1487 2861 1564 δέδρακε
2891 1492 3179 1564 Ῥωμαίων
3217 1490 3410 1556 πόλεις

2252 1578 2491 1635 Κάκιστα
2519 1580 2760 1647 πάντων,
2790 1583 2888 1653 φεῦ
2925 1582 3320 1655 μισανθρώπου
3348 1582 3554 1659 τρόπου
3582 1584 3593 1638 ί

2254 1666 2468 1724 Τούτου
2499 1671 2834 1742 κρατοῦντος
2864 1673 2963 1723 τοῦ
2997 1669 3280 1745 βασιλείου
3311 1672 3564 1743 κράτους,

2254 1757 2665 1827 Ἀποστατήσας
2696 1757 2786 1811 καὶ
2821 1760 3123 1836 Μαγκαφᾶς
3151 1758 3459 1830 τούπίκλην

2251 1842 2531 1919 Θεόδωρός
2554 1866 2637 1907 τις
2666 1844 3046 1921 Φιλαδελφεὺς
3076 1852 3155 1919 τῷ
3186 1852 3356 1924 γένει,

2073 1948 2215 2002 5910
2255 1948 2656 2018 Κατατυραννεῖ
2686 1943 2949 2018 πατρίδος
2977 1946 3068 2001 καί
3100 1945 3320 2017 Λυδίας,

2260 2033 2363 2091 Καὶ
2395 2034 2629 2089 πλεῖστα
2662 2032 2851 2089 δεινῶν
2887 2034 3175 2111 εἰργάσατο
3204 2039 3302 2099 τὰς
3332 2039 3543 2107 πόλεις,

2253 2124 2457 2197 Κώμας
2483 2144 2540 2178 τε
2571 2121 2768 2185 λοιπὰς
2800 2127 2885 2187 αἷς
2918 2123 3073 2197 ἐπῄει
3108 2124 3199 2181 σὺν
3234 2126 3450 2192 ὅπλοις.

2254 2214 2416 2283 Ἀναξ
2449 2209 2494 2267 δ’
2524 2210 2745 2274 ἑπιστάς
2778 2210 3179 2288 Φιλαδελφείας
3210 2216 3362 2289 ὅροις

2253 2304 2605 2379 Ἔμφρουρον
2640 2300 2798 2357 αὐτὸν
2833 2301 3121 2378 ἐγκαθιστᾷ
3150 2303 3394 2379 πατρίδι,

2075 2394 2218 2449 5915
2253 2390 2425 2448 Ἣνίκ’
2466 2388 2825 2463 ἑπωνόμαστο
2855 2392 2945 2445 καὶ
2981 2389 3111 2463 μάλ’
3154 2390 3381 2456 ἐνδίκως

2254 2483 2315 2538 Ὀ
2346 2478 2787 2553 Μωροθεόδωρος
2820 2478 2880 2534 ἐκ
2906 2485 3016 2534 τῶν
3050 2484 3411 2557 πραγμάτων.

2257 2568 2411 2639 Πλὴν
2448 2570 2524 2641 μή
2554 2566 2807 2639 δυνηθεὶς
2831 2570 2931 2638 τὴν
2963 2568 3316 2649 Φιλαδέλφου
3346 2570 3508 2628 πόλιν

2256 2659 2419 2729 ’Ἄναξ
2452 2657 2595 2713 ἑλεῖν
2628 2655 2825 2719 ὅπλοις
2854 2679 2912 2713 τε
2941 2658 3032 2713 καὶ
3066 2660 3439 2737 στρατηγίαις,

2258 2750 2405 2825 Πρὸς
2433 2742 2790 2821 συμϐιϐάσεις
2814 2744 3060 2822 δεύτερον
3093 2746 3265 2804 πλοῦν
3300 2748 3517 2826 ἐτράπη

2078 2849 2220 2903 5920
2257 2848 2345 2909 Ὠς
2378 2844 2437 2901 ἂν
2462 2848 2787 2921 Μαγκαφᾶς,
2819 2847 3122 2921 παράσημα
3148 2851 3245 2902 τοῦ
3273 2849 3505 2921 κράτους

2257 2934 2466 3009 Ῥίψας,
2497 2936 2614 2989 καθ’
2646 2934 2804 2990 αὐτὸν
2836 2936 2926 2989 τὸν
2965 2934 3080 3010 βίον
3115 2933 3356 3011 διανύτῃ,

2260 3027 2398 3094 Ἦθη
2435 3023 2492 3079 δὶ
2520 3025 2587 3079 τὰ
2615 3022 2742 3099 πρὶν
2773 3025 2808 3092 ἡ
2840 3022 3004 3086 πόλις
3036 3020 3303 3099 ἀναλάϐῃ,

2262 3116 2361 3169 Καὶ
2389 3112 2555 3168 πάλιν
2585 3112 2823 3167 ἷθύνοιτο
2854 3114 2980 3183 παρ’
3012 3113 3074 3167 οὗ
3104 3114 3189 3168 καὶ
3226 3111 3417 3169 πάλαι.

3617 381 3725 435 224

2258 3206 2557 3279 Μαγκαφᾶς
2590 3200 2747 3263 οὗτος
2775 3201 3063 3274 πάοσρυεῖς
3093 3200 3172 3274 τῷ
3204 3202 3493 3275 σουλτάνῳ

2077 3304 2219 3360 5925
2301 3301 2574 3374 Τούρκους
2648 3320 2706 3354 τε
2762 3293 2945 3354 λαϐὼν
3028 3302 3357 3377 συμμάχους
3444 3302 3561 3356 κατ’
3616 3299 3741 3357 Αὐ-

3448 3388 3671 3464 [σόνων,

2256 3480 2452 3551 Χώρας
2485 3475 2640 3550 ἐπῄει
2671 3477 2985 3549 Ῥωμαϊκὰς
3019 3471 3306 3552 ἐκτρίϐων.

2261 3565 2488 3627 Σταλεὶς
2520 3562 2579 3620 δὶ
2604 3564 2698 3619 σὺν
2729 3567 2981 3641 χρήμασι
3007 3561 3242 3640 πρέσϐυς
3278 3563 3560 3637 σουλτάνῳ

2258 3655 2361 3713 Καὶ
2393 3652 2545 3711 τόνδε
2576 3649 2760 3710 λαϐὼν
2795 3652 3100 3710 κατανεύσει
3131 3653 3454 3725 σουλτάνου,

2261 3747 2402 3822 Πρὸς
2438 3742 2695 3822 βασιλίδα
2723 3747 2825 3814 τὴν
2856 3743 3019 3800 πόλιν
3052 3743 3327 3824 ἀναφέρει,

2080 3840 2224 3896 5930
2261 3837 2364 3894 Καὶ
2396 3834 2568 3909 δεσμά
2588 3834 2680 3889 καὶ
2709 3834 2975 3906 κάθειρξιν
3007 3832 3222 3906 ἄληκτα
3252 3836 3420 3913 φέρει.

2262 3923 2363 3981 Καὶ
2394 3927 2559 3977 τοῦτο
2590 3923 2871 3998 παρώξυνε
2903 3919 3133 3976 σουλτάν
3163 3922 3463 3997 συγγόνους

2264 4012 2405 4088 Πρὸς
2433 4014 2533 4082 τὴν
2564 4016 2683 4066 κατ’
2715 4011 2886 4066 αὐτοῦ
2919 4008 3007 4065 καί
3042 4009 3230 4086 μάχην
3263 4010 3353 4065 καὶ
3388 4008 3604 4084 μανίαν.

2260 4100 2474 4177 ’Ἐγκλη
2488 4099 2563 4175 μά
2593 4102 2645 4155 οἱ
2676 4098 2938 4177 φέροντας
2969 4097 3157 4155 ἀδίκου
3191 4097 3351 4169 δίκης

2260 4188 2673 4266 Καταπροδόντι
2703 4189 2989 4267 πρόσφυγά
3021 4186 3209 4265 δώρων
3245 4189 3431 4263 χάριν.

2083 4286 2225 4342 5935
2264 4281 2365 4339 Καὶ
2394 4283 2519 4354 τάχ’
2547 4278 2608 4333 ’ἀν
2637 4277 2918 4351 ἠμύναντο
2947 4283 3136 4333 τοῦτον
3166 4282 3281 4335 τοῖς
3313 4274 3533 4348 ὅπλοις,

2261 4373 2331 4430 E?
2366 4372 2440 4444 μή
2472 4369 2639 4433 τιθεὶς
2670 4366 2939 4444 πρόφασιν
2976 4365 3205 4442 εὔλογον
3233 4365 3398 4440 τάχα⁶

2261 4464 2527 4534 ’Έφασκεν
2562 4459 2724 4511 αὐτὸν
2754 4454 3051 4510 ἀποδοῦναι
3086 4452 3310 4530 πατρίδι

2265 4553 2383 4605 Ἐπ’
2414 4545 2682 4623 ἀσφαλείᾳ
2715 4547 2853 4619 μήτε
2886 4550 3063 4609 οανεῖν
3101 4542 3389 4618 μηδόλως,

2265 4639 2412 4709 Μήτ’
2446 4637 2520 4699 εἷς
2547 4634 2713 4709 δέμας
2742 4657 2795 4690 τι
2824 4639 2931 4690 τῶν
2964 4635 3143 4689 κακῶν
3176 4632 3523 4688 πεπονθέναι.

2083 4732 2227 4786 5940
2264 4733 2351 4800 Τῷ
2378 4730 2678 4799 τηνικαῦτα
2706 4725 2797 4779 καὶ
2961 4720 3301 4795 ’Λλαμανίας

2261 4816 2513 4875 Ἔστειλε
2542 4812 2795 4891 πρέσϐεις
2827 4815 2988 4884 ἀξιῶν
3022 4810 3247 4889 βασιλέα

2267 4908 2424 4978 Αὐτῷ
2456 4909 2761 4980 παρασχεῖν
2795 4902 2888 4956 σὺν
2920 4906 3143 4976 στρατιᾷ
3173 4900 3371 4977 φιλίως

2262 5003 2371 5066 Γῆς
2400 4991 2777 5070 παραδραμεῖν
2806 4989 3112 5064 Ῥωμαίδος
3141 4988 3267 5050 τοὺς
3299 4987 3462 5063 ὅρους

2265 5086 2408 5161 Πρὸς
2440 5080 2803 5151 Παλαιστίνης
2840 5078 2967 5142 τοὺς
2998 5078 3200 5140 τόπους
3233 5078 3393 5153 ὼρμη
3408 5076 3576 5150 μένῳ.

2087 5188 2230 5243 5945
2270 5182 2413 5258 Πρὸς
2446 5181 2591 5257 ρἦα
2620 5178 2827 5247 τοίνυν,
2855 5181 2951 5232 τοῦ
2983 5175 3197 5252 δρόμου
3230 5172 3533 5249 λογοθέτην

2265 5273 2428 5342 ’Ἁναξ
2459 5269 2792 5345 πεπομφὼς,
2837 5262 3194 5340 συμϐιϐάσεις
3226 5263 3427 5339 ἀρτύει·

2269 5358 2464 5418 Δαϐών
2495 5381 2552 5414 τε
2583 5360 2792 5421 πίστεις
2821 5358 2910 5411 καὶ
2943 5353 3198 5415 δεδωκὼς
3232 5354 3297 5407 αὖ
3330 5352 3494 5408 πάλιν

2266 5459 2350 5514 Ὡς
2384 5447 2594 5524 ἔμπεδα
2622 5450 2804 5503 κέοιτο
2833 5447 2902 5501 τά
2928 5453 3028 5515 τῆς
3059 5443 3270 5522 φιλίας,

2268 5542 2432 5604 Αὖθις
2463 5536 2801 5612 ἐπανέδραμε
2832 5536 2969 5611 πρὸς
2997 5530 3245 5609 βασιλέα·

2089 5636 2229 5691 5950
2269 5630 2371 5687 Καὶ
2404 5629 2499 5706 ῥὴξ
2531 5626 2749 5687 ἐπιστὰς
2776 5630 2894 5685 τοῖς
2930 5625 3078 5699 ὅροις
3108 5617 3439 5694 Ῥωμαίδος,

2268 5720 2369 5777 Καὶ
2400 5719 2535 5792 πρὸς
2563 5715 2846 5771 Φιλίππου
2877 5715 2975 5782 τὴν
3004 5711 3167 5767 πόλιν
3198 5709 3509 5788 ἐπεφθάκει,
