4076 6406
292 382 414 444 229

487 504 668 567 Φάους
705 488 802 575 μὶν
832 500 1087 575 ἐστέρησε
1110 504 1208 559 τοῦ
1237 503 1346 559 τῶν
1379 498 1647 575 ὀμμάτων

293 596 447 652 6065
488 589 775 664 Κομνηνὸν
808 586 1164 664 ’Δνδρόνικον
1197 590 1320 645 ἄνευ
1351 586 1550 658 αἰτίας,

490 680 586 736 Καὶ
620 683 1031 735 Κωνσταντῖνον
1068 677 1354 749 Ἀσπιέτην
1395 676 1722 749 τούπίκλην.

486 767 729 835 Ἄλλους
764 766 812 824 δ’
846 766 1157 845 ἐνσπέκειρε
1196 767 1663 846 φροντιστηρίοις.

491 856 925 930 Λεηλατούντων
960 856 1051 917 σὺν
1081 860 1362 932 Κομάνοις
1392 861 1500 915 τῶν
1534 855 1767 930 Βλάχων

492 948 574 1011 Τὰ
600 948 739 1007 κατὰ
770 944 922 1005 δύσιν
955 947 1242 1020 Ῥωμαϊκὰ
1273 946 1473 1021 χωρία,

303 1049 453 1104 6070
491 1044 679 1102 Ὅπλα
707 1044 825 1101 κατ’
853 1042 1030 1103 αὐτῶν
1064 1040 1323 1118 βασιλεὺς
1355 1041 1493 1119 α’ίρει
1534 1041 1725 1099 πάλιν.

496 1131 800 1210 Ἀγχίαλον
836 1133 928 1189 οῦν
959 1134 1310 1208 παραμείψας
1340 1135 1441 1202 τὴν
1472 1130 1636 1191 πόλιν

494 1223 733 1281 Εῗσεισιν
766 1224 941 1296 Αἷμον
972 1223 1072 1291 τὴν
1108 1220 1341 1297 Βλάχων
1378 1221 1667 1297 παροικίαν

491 1314 671 1369 Πάντα
697 1309 755 1367 δὶ
783 1312 938 1368 τάκεῖ
969 1311 1269 1389 φρουρίων,
1302 1309 1618 1388 πολιχνίων

492 1403 681 1477 Εὖρών
712 1399 953 1477 ἐρυμνὴν
989 1400 1146 1475 ἰσχὺν
1180 1399 1529 1476 ἰνδεδυμὲνα,

303 1496 454 1551 6075
494 1490 591 1548 Καὶ
620 1490 827 1567 τείχεσι
858 1490 1094 1563 πύργοις
1121 1512 1180 1546 τε
1210 1488 1604 1565 διειλημμίναο

498 1581 721 1646 Μυσοὺς
756 1578 813 1639 δὶ
846 1579 1055 1657 βλέψας
1090 1580 1290 1656 ἀγρίων
1323 1579 1491 1657 αίγῶν
1528 1577 1685 1650 δίκην

492 1669 633 1733 Τοὺς
666 1670 1057 1747 ἀποκρήμνους
1087 1664 1495 1731 καταλαϐόντας
1524 1669 1725 1731 τόπους

492 1761 580 1825 Ὠς
608 1760 927 1833 Ῥωμαϊκὴν
964 1755 1291 1831 συμπλοκὴν
1326 1756 1595 1817 δεδιότας⁹

493 1850 636 1924 Πρὸς
670 1845 718 1907 δ’
749 1848 813 1905 αὗ
857 1848 1121 1908 Σκυθικὸν
1152 1847 1504 1927 ὑφορώμενος
1539 1848 1733 1925 στίφος

315 1942 455 1998 6080
492 1940 868 2014 Τποστροφῆς
897 1936 1076 2012 ἥψατο
1106 1944 1204 2007 τῆς
1234 1938 1371 2012 πρὸς
1403 1939 1501 2008 τὴν
1535 1937 1717 1996 πόλινο

494 2027 593 2086 Δια
622 2026 681 2084 δὶ
708 2030 934 2100 τεμπῶν
968 2020 1249 2087 δυσϐάτων
1278 2047 1335 2085 τε
1365 2025 1589 2102 χωρίων

491 2117 589 2175 Καὶ
618 2115 928 2191 τρυμαλιᾶς
962 2117 1078 2173 οἷον
1109 2115 1278 2177 εἰπεῖν
1304 2112 1578 2191 δυσπόρου

487 2204 703 2264 Αὐλῶνι
737 2210 923 2284 σαφῶς
958 2204 1131 2265 πάντα
1161 2206 1599 2282 παρεικασμένης

489 2297 605 2365 Τὴν
639 2294 693 2358 ἐς
725 2293 970 2371 Βερῥόην
1004 2292 1285 2369 ίκδρομήν
1314 2296 1649 2369 τεθειμένος,

307 2396 454 2451 6085
492 2390 776 2449 Ἀπώλισε
803 2389 1059 2449 πλεῖστόν
1091 2412 1150 2446 τε
1173 2396 1278 2447 τῶν
1312 2390 1750 2467 στρατευμάτων-

492 2481 745 2545 Κᾶκεῖνος
778 2480 841 2540 ἃν
870 2480 1104 2559 ἔφθαρτο
1133 2482 1279 2557 παρὰ
1324 2480 1504 2557 βραχύ
1534 2503 1611 2555 τι,

494 2571 557 2629 Εἰ
592 2572 668 2646 μὴ
704 2573 911 2647 βοηθοῦ
940 2575 1036 2630 τοῦ
1067 2576 1201 2631 Θεοῦ
1230 2568 1453 2648 τέτευχὲ
1482 2592 1623 2637 πως.

493 2662 582 2726 Ὠς
618 2661 717 2737 γὰρ
745 2662 967 2725 ἑαυτοὺς
997 2655 1303 2736 παρίϐυσαν
1340 2659 1415 2725 εἷς
1449 2663 1611 2735 μίσον

495 2751 660 2827 "Avari
687 2771 747 2811 τε
774 2750 865 2810 καὶ
897 2752 1206 2828 στράτευμα
1235 2749 1508 2825 δυσπόρου
1537 2750 1732 2827 πόρου,

310 2842 458 2899 6090
494 2840 806 2917 Ἡγοόμενα
837 2843 932 2915 μὶν
966 2836 1121 2911 διέϐη
1156 2841 1574 2917 στρατευμάτων

496 2934 684 2992 Κακῶν
718 2932 898 3001 ἀπαθῆ
930 2928 1177 2989 κινδύνιυ
1206 2951 1265 2989 τε
1294 2930 1383 2988 καὶ
1418 2931 1626 3009 μάχης’

492 3022 669 3078 Μέσον
704 3017 762 3079 δὶ
788 3026 891 3090 τῆς
922 3019 1202 3100 φάλαγγος
1228 3022 1255 3081 δ
1286 3024 1497 3097 κρατῶν
1530 3020 1700 3095 ἔχων,

492 3110 760 3167 Ἑπίθεσιν
794 3107 986 3185 είίρατο
1014 3111 1152 3184 πρὸς
1184 3115 1291 3168 τῶν
1320 3105 1607 3189 βαρϐάρων

486 3198 709 3263 Οἷστοις
743 3198 1024 3274 βαλόντων
1055 3199 1145 3259 καὶ
1180 3197 1366 3276 δόρασι
1396 3201 1485 3257 καὶ
1519 3199 1693 3266 λίθοις

307 3291 454 3353 6896
491 3290 856 3365 Ἑκατίρωθεν
885 3290 1051 3349 αὐτὸν
1084 3287 1339 3352 ὁπλίταις
1372 3289 1506 3363 ἅμα,

486 3384 572 3441 Ὠς
603 3378 950 3455 παραμικρὸν
975 3375 1134 3435 τόνδε
1165 3383 1352 3456 φυγεῖν
1383 3378 1475 3436 τὸν
1528 3377 1720 3453 μόρον,

496 3471 683 3530 Πεσεῖν
716 3466 775 3529 δὶ
805 3466 1054 3533 πολλοὺς
1087 3467 1418 3541 στρατιώτας
1438 3466 1719 3543 γεννάδας.

493 3560 685 3632 ’Ὀμως
719 3555 935 3621 διεκδὺς
967 3552 1326 3629 δυσστίϐητον
1354 3557 1565 3637 χωρίον

500 3649 599 3704 Καὶ
628 3649 765 3726 πρὸς
798 3647 1040 3724 Βεῤῥόην
1076 3648 1375 3711 ἀποσωθεὶς
1394 3646 1484 3703 σὺν
1522 3645 1613 3722 βίᾳ

309 3747 461 3803 6100
498 3747 834 3823 Ἐμφροντιν
862 3743 981 3821 εὗρε
1013 3747 1264 3820 στρατιὰν
1294 3733 1491 3801 τούτου
1523 3746 1685 3819 χάριν

496 3836 669 3910 Φήμῃ
702 3833 935 3910 δυσήχῳ
979 3833 1128 3909 μάλα
1150 3835 1526 3910 τεθροημὲνην

494 3927 590 3999 Τῷ
608 3946 693 3982 τοι
731 3923 990 4000 βασιλεὺς
1026 3926 1129 3994 τὴν
1161 3922 1567 3983 Κωνσταντίνου
1600 3923 1776 4001 φθάει,

492 4015 587 4073 Ἐκ
612 4012 773 4071 τοῦδε
803 4015 998 4089 φήμην
1029 4013 1090 4069 οὐ
1122 4012 1297 4083 καλὴν
1330 4014 1661 4089 ἀνατρίπων·

490 4105 703 4177 Μικρὸν
734 4101 782 4158 δ’
817 4102 1020 4181 ὀφρύος
1047 4105 1327 4181 καθυφῆκε
1354 4104 1443 4159 καὶ
1473 4102 1646 4180 τύφου

300 4194 449 4250 6105
488 4190 914 4270 Ἐπαναδραμὼν
948 4193 1025 4256 εἷς
1056 4191 1219 4249 πόλιν
1250 4194 1349 4263 τήν
1389 4197 1485 4250 τοῦ
1514 4193 1767 4268 κράτους,

489 4284 751 4358 Ἀθυμίας
785 4280 1006 4360 δόρασιν
1039 4282 1465 4360 ἑμπεπαρμὲνην

485 4374 603 4450 Ἐφ’
634 4378 717 4437 οἷς
744 4377 925 4439 κακῶς
955 4374 1190 4437 πέπονθε
1216 4374 1316 4442 τήν
1348 4374 1533 4448 ψυχὴν
1562 4369 1727 4451 ἔχων·

486 4463 600 4537 Πρὸ
624 4459 776 4518 τοῦδ’
805 4464 1059 4521 ἀνασπῶν
1085 4464 1182 4527 τὰς
1211 4460 1378 4541 ὀφρῦς
1409 4462 1734 4538 ἇπηρμίνως

484 4551 634 4608 Μετᾶ
663 4547 898 4630 σοϐαρᾶς
924 4552 1016 4607 καὶ
1049 4552 1242 4628 φρενὸς
1270 4552 1362 4609 καὶ
1391 4549 1641 4628 καρδίας,

296 4644 449 4699 6110
489 4642 907 4720 Ἐπεστράτευσε
935 4641 1073 4698 κατὰ
1102 4644 1298 4700 Μυσῶν
1334 4636 1623 4718 βαρϐάρων
1701 4678 1707 4683 -

487 4729 701 4809 Ὀμφὰς
733 4735 1034 4810 προφητῶν
1066 4731 1205 4791 κατὰ
1232 4735 1358 4789 νοῦν
1387 4730 1782 4808 περιστρέφων,

483 4820 573 4884 Ὠς
606 4818 788 4894 ἔξοδον
823 4821 922 4895 μὶν
952 4826 1100 4886 θεῖτο
1132 4820 1225 4876 σὺν
1256 4817 1521 4893 θυμηδίᾳ,

480 4907 777 4969 Ἐπάνοδον
810 4906 868 4967 δὶ
901 4908 1116 4984 μᾶλλον
1150 4906 1497 4983 ἀγαλλιάσει·

482 4996 681 5057 Βουνοί
709 5020 770 5056 τε
799 4997 1187 5076 προσδέξαιντο
1218 4998 1505 5082 χαίροντες
1539 4997 1689 5073 μάλα

292 5100 444 5158 6115
486 5100 590 5156 Καὶ
620 5097 794 5157 πάντα
824 5100 1164 5175 χαρήσαιντο
1192 5098 1260 5157 τὰ
1282 5095 1492 5175 δρυμοῦ
1520 5096 1675 5171 ξύλα,

479 5192 595 5244 Τοῦ
628 5185 673 5243 δ’
706 5188 971 5267 ἆξιόντος,
1000 5187 1263 5253 εἰσιόντος
1292 5186 1357 5244 αὖ
1387 5187 1576 5246 πόλιν.

479 5275 653 5341 Οὗτός
684 5298 769 5353 γε,
803 5274 984 5349 δόξαις
1012 5273 1343 5353 άπᾳδούσαις
1374 5276 1649 5351 ἰμμὲνων,

476 5366 651 5443 Χάριν
685 5366 881 5425 ἑαυτοῦ
908 5366 1276 5443 γνωματεύων
1308 5366 1375 5436 ἦν
1400 5363 1549 5423 τάδε’

479 5455 568 5518 Ὠς
600 5454 664 5510 ού
696 5453 769 5511 δι’
798 5453 834 5510 ἃ
860 5456 1143 5531 πιπρακτο
1171 5453 1683 5530 πλημμελημάτων

290 5547 447 5603 6120
486 5547 692 5603 Ἅπασι
722 5548 883 5611 κοινῆ
1014 5546 1148 5602 Θεοῦ
1178 5545 1295 5618 θείᾳ
1324 5544 1497 5621 κρίσει

476 5635 595 5707 Θεῷ
627 5633 787 5706 δίκην
817 5634 1069 5709 τίννυμεν
1103 5636 1540 5711 ἁμαρτημάτων·

477 5728 610 5798 Λαῷ
640 5721 1034 5800 παραδοθέντες
1062 5722 1255 5804 ἄφρονι
1284 5723 1420 5789 τὲως

1842 378 2206 441 ΟΜΛΒΕΒ.

1992 505 2047 579 Α
2077 500 2381 559 oculorum
2416 505 2654 577 quidem
2687 506 2905 578 eripuit
2934 506 3136 569 lumen

2078 592 2408 648 Andronico
2441 595 2734 655 Cemneno
2767 596 3123 666 immerenti,

2078 683 2134 736 et
2163 682 2543 741 Constantino
2575 691 2967 757 cognomento
3001 686 3276 761 Aepietaz.

2077 769 2238 826 Alios
2270 771 2494 833 addixit
2522 777 2726 831 tensos
2760 776 3161 835 monasteriis.

2078 858 2223 915 Cum
2258 860 2663 933 praedarentur
2692 864 2888 923 Blachi
2920 882 3049 922 cum
3086 867 3359 927 Cemanis

2078 947 2373 1006 Romanas
2404 954 2589 1007 terras
2621 952 2692 1008 ad
2727 953 3089 1015 occidentem
3122 959 3369 1029 positas,

2078 1054 2288 1095 rursus
2318 1038 2427 1098 hes
2458 1045 2662 1101 contra
2688 1042 2842 1113 capit
2872 1060 3034 1101 arma
3064 1046 3273 1103 Caesar.

2078 1126 2470 1190 Quamobrem
2506 1129 2647 1187 urbe
2679 1129 2963 1189 Anchiale
2995 1131 3312 1205 praeterita,

2077 1214 2343 1271 Haemum
2378 1217 2704 1289 ingreditur
2734 1218 3086 1279 Blachorum
3120 1222 3319 1281 sedem
3358 1239 3370 1278 :

2078 1305 2178 1360 sed
2207 1321 2339 1360 cum
2371 1305 2611 1364 castella
2643 1308 2863 1365 ibidem
2895 1314 3256 1383 cunctasque
3289 1311 3599 1371 urbeculas

2077 1394 2369 1465 praesidiis
2399 1394 2721 1457 invenisset
2752 1398 3008 1455 munitas
3033 1398 3264 1471 validis,

2078 1482 2372 1539 moenibus
2403 1488 2579 1559 atque
2616 1486 2878 1545 turribus
2910 1489 3302 1558 convestitas;

2076 1570 2287 1627 Mcescs
2318 1572 2457 1629 item
2491 1579 2776 1647 cerneret,
2806 1579 3089 1649 tanquam
3124 1594 3384 1651 capreas,

2076 1665 2372 1734 prmrupta
2401 1666 2577 1735 atque
2607 1664 2914 1725 inaccessa
2943 1670 3208 1724 tenentes
3239 1667 3389 1736 loca,

2077 1766 2148 1805 ne
2180 1765 2308 1806 cum
2344 1751 2625 1809 Romanis
2656 1770 2918 1831 pugnam
2951 1756 3259 1814 statariam
3304 1764 3573 1831 gererent
3608 1777 3619 1817 :

2002 1867 2051 1937 Β
2082 1847 2433 1919 Scytharum
2463 1866 2696 1923 quoque
2726 1851 3033 1910 incursum
3065 1856 3533 1930 pertimesceret;

2081 1937 2337 1994 reditum
2372 1939 2443 1997 ad
2477 1939 2681 1997 urbem
2712 1942 2933 2014 regiam
2968 1942 3257 2003 instruere
3289 1946 3464 2020 ccnpit

2080 2031 2362 2099 angustos
2394 2045 2497 2100 per
2526 2029 2827 2089 anfractus
2856 2031 3136 2106 locosque
3166 2033 3481 2107 impervios
3514 2054 3527 2097 :

2081 2114 2362 2171 nimirum
2394 2133 2495 2189 per
2525 2118 2847 2179 convallem
2879 2137 3121 2191 prorsus
3151 2122 3407 2185 similem

2078 2204 2377 2271 foramini,
2408 2209 2474 2261 ut
2503 2206 2585 2265 ita
2616 2207 2828 2278 dicam,
2863 2207 3317 2283 impenetrabili,

2082 2297 2328 2350 Bcrroen
2358 2311 2565 2352 versus
2596 2296 2847 2355 militum
2884 2298 3095 2361 direxit
3121 2300 3255 2370 iter,

2078 2399 2328 2453 quorum
2361 2384 2562 2447 amisit
2589 2386 2815 2447 scilicet
2846 2391 3072 2459 partem
3105 2389 3422 2451 maximam
3458 2407 3470 2449 :

2078 2476 2253 2543 atque
2284 2474 2411 2546 ipse
2443 2491 2678 2537 summo
2708 2476 2866 2538 haud
2903 2477 3103 2539 aberat
3131 2479 3329 2551 exitio,

2078 2563 2134 2617 ni
2166 2562 2481 2635 sospitator
2510 2563 2664 2625 Deus
2695 2565 2929 2625 tulisset
2958 2583 3150 2639 epam.

2074 2650 2217 2706 Nam
2248 2667 2383 2708 cum
2414 2668 2476 2712 se
2508 2652 2569 2716 in
2601 2653 2825 2715 medias
2856 2656 3244 2725 coniecissent
3272 2657 3470 2719 fauces

2074 2740 2265 2797 Casar
2294 2742 2702 2815 exercitusque
2732 2746 2854 2804 tam
2889 2744 3076 2803 stricti
3108 2747 3386 2816 tramitis,

2075 2829 2266 2901 prima
2294 2831 2535 2902 quidem
2568 2831 2805 2891 transiit
2835 2833 2996 2891 frons
3026 2837 3313 2895 exercitus

2073 2920 2200 2976 sine
2232 2921 2520 2983 molestiis
2551 2922 2732 2994 praelii
2765 2928 2940 2999 atque
2969 2925 3285 2987 incolumis
3319 2944 3331 2985 :

2072 3019 2173 3075 scd
2206 3020 2401 3081 media
2430 3020 2707 3094 phalanx,
2742 3021 2801 3081 in
2829 3038 2946 3093 qua
2974 3025 3165 3084 Caesar
3192 3029 3339 3095 erat,

2071 3108 2377 3166 incursum
2411 3110 2796 3172 barbarorum
2825 3111 3002 3185 coepit
3031 3114 3279 3189 perpeti,

1994 3230 2037 3301 ο
2076 3198 2176 3300 qui
2205 3198 2360 3301 telis,
2392 3198 2627 3267 lanceis,
2663 3199 3096 3301 saxis.utrouu_e
3125 3202 3404 3301 existere

2076 3288 2273 3359 ipsum
2305 3288 2553 3361 ejusque
2584 3304 2795 3361 agmen
2826 3290 3212 3362 impetebant.

2077 3380 2267 3442 Quare
2294 3378 2389 3433 vix
2416 3377 2468 3439 is
2497 3394 2846 3450 supremum
2876 3380 3083 3443 vitavit
3110 3382 3320 3451 fatum,

2078 3466 2284 3524 multis
2315 3467 2554 3527 amissis
2582 3469 2842 3529 strenuis
2877 3469 3185 3533 militibus.

2076 3556 2189 3612 Sed
2218 3561 2415 3613 tamen
2450 3562 2567 3619 tam
2600 3558 2901 3618 difﬁcilem
2930 3576 3209 3623 emensus
3240 3563 3459 3631 locum.

2077 3671 2289 3728 magno
2320 3659 2571 3729 cognatu
2604 3656 2922 3714 incolumis
2952 3664 3201 3718 Berroen
3232 3664 3409 3732 venit,

2076 3744 2176 3799 ubi
2207 3744 2298 3800 sui
2333 3761 2512 3802 causa
2540 3746 2763 3807 invenit
2790 3748 3031 3805 anxium
3062 3752 3312 3810 militem

2075 3833 2228 3889 tristi
2263 3851 2499 3892 rumore
2527 3835 2697 3892 valde
2728 3838 3134 3907 peturbatum.

2075 3923 2262 3994 Igitur
2291 3923 2612 3995 imperator
2641 3926 2979 3997 Byzantium
3007 3936 3284 4001 properat

2073 4012 2461 4085 expeditionis
2495 4014 2710 4073 famam
2739 4032 2852 4073 non
2885 4016 3196 4088 pulchram
3227 4022 3480 4081 referens
3515 4041 3531 4084 :

2074 4105 2132 4158 et
2162 4102 2244 4158 sic
2274 4101 2517 4158 remisso
2549 4103 2835 4174 superbiae
2866 4106 3203 4179 supercilio,

2072 4191 2377 4263 ingressus
2407 4195 2496 4252 est
2523 4191 2753 4267 imperii
2786 4194 3193 4268 metropolim;

2071 4279 2337 4337 maeroris
2368 4296 2578 4352 nempe
2607 4280 2826 4341 aculeis
2859 4286 3396 4346 transverberatum

2072 4374 2310 4443 propter
2340 4374 2636 4444 acceptam
2670 4369 2897 4429 cladem
2928 4388 3137 4444 gerens
3182 4376 3470 4439 animum.

2069 4458 2329 4515 Antehac
2362 4460 2520 4521 enim
2551 4458 2703 4516 elato
2734 4462 3071 4533 supercilio,

2073 4548 2353 4621 superbia
2383 4547 2623 4607 inﬂatus
2656 4566 2721 4607 ac
2750 4553 3018 4610 tumente
3049 4554 3249 4612 animo

2074 4639 2360 4696 adversus
2392 4642 2603 4696 Mcesos
2635 4639 2920 4699 barbaros
2951 4650 3350 4716 processerat;

2073 4727 2229 4783 dicta
2259 4726 2603 4799 prophetica
2634 4733 2829 4787 mente
2859 4731 3183 4803 revolvens,

2073 4816 2229 4889 quod
2262 4832 2396 4875 cum
2428 4816 2630 4875 laetitia
2661 4817 2885 4876 scilicet
2916 4820 3061 4878 feret
3092 4823 3304 4892 exitus.

2072 4905 2298 4961 reditus
2329 4908 2523 4960 autem
2557 4906 2747 4979 magis
2778 4907 2970 4967 adhuc
3002 4909 3171 4973 laetus
3197 4929 3210 4973 :

2071 4995 2349 5067 quodque
2378 4994 2740 5053 exsultantes
2770 4996 2948 5060 colles
2977 5015 3040 5057 se
3070 5000 3415 5075 reciperent,

2070 5093 2329 5165 ipsaeque
2360 5092 2700 5155 laetarentur
2728 5092 2919 5155 saltus
2949 5096 3213 5171 arbores,

2071 5200 2134 5239 se
2162 5182 2518 5255 procedente
2548 5198 2617 5243 ex
2648 5182 2791 5245 urbe
2818 5183 2908 5244 vel
2938 5186 3243 5245 redeunte.

2070 5272 2135 5328 In
2166 5272 2260 5328 his
2291 5288 2354 5328 se
2384 5270 2688 5334 obiectans
2718 5273 2964 5335 canticis
2993 5276 3382 5350 propheticis,

2070 5361 2301 5433 sibique
2330 5359 2640 5423 blandiens
2672 5360 2794 5423 haec
2825 5378 3027 5425 secum
3056 5369 3369 5439 reputabat
3400 5386 3416 5428 :

2069 5466 2445 5523 nequaquam
2477 5450 2551 5510 ob
2581 5452 2921 5512 communia
2950 5470 3079 5527 quze
3110 5457 3263 5517 fiunt
3292 5464 3534 5532 peccata

2070 5541 2224 5596 inter
2252 5538 2555 5607 mortales,
2587 5539 2744 5598 celse
2775 5542 2872 5599 Dei
2896 5545 3125 5615 Judicio

2070 5629 2399 5703 persolvere
2430 5646 2537 5685 nos
2569 5630 2799 5690 debitas
2831 5633 3071 5692 malitiae
3101 5652 3327 5708 pcenas,

2071 5736 2205 5776 cum
2238 5719 2531 5775 tradimur
2559 5719 2863 5781 barbarico
2894 5723 3101 5783 insano
3134 5728 3347 5799 populo
