4076 6418
359 387 461 442 231

364 510 435 565 ad
466 507 829 581 punitionem
855 506 1087 578 justam
1120 500 1681 568 correctionemque,

363 599 462 671 qui
496 598 596 654 Dei
630 594 1032 652 misericordis
1068 610 1195 648 mos
1227 606 1355 647 esse
1390 587 1567 656 solet;

362 689 463 744 sed
496 687 637 759 quia
668 687 869 741 Brants
897 683 1269 757 tyrannidem
1304 682 1543 735 secutus
1574 679 1699 731 erat

360 776 731 833 Christianus
764 774 1017 847 populus
1049 771 1296 844 imperio
1329 767 1627 832 deﬁciens,

362 866 579 921 idcirco
612 865 705 920 his
735 880 861 919 esse
894 861 1249 933 implicitum
1282 858 1473 913 aiebat
1503 853 1695 910 malis.

362 954 405 1009 Ο
439 971 621 1010 εοωνδ.
652 952 885 1025 ingenia
918 949 1217 1021 stultaque
1249 945 1496 1002 consilia

360 1044 409 1099 si
443 1044 578 1115 quis
609 1043 761 1098 hanc
794 1045 1049 1096 mentem
1084 1038 1234 1110 gerit
1264 1041 1321 1092 et
1355 1033 1731 1099 sententiam,

360 1133 594 1204 piorum
627 1147 839 1202 nempe
872 1130 1217 1184 innumeras
1250 1143 1283 1181 a
1312 1131 1429 1181 Deo
1458 1127 1719 1178 catervas

358 1222 623 1277 barbara:
654 1221 814 1293 genti
847 1220 917 1275 ad
951 1217 1253 1273 interitum
1285 1214 1437 1270 tradi

356 1309 683 1381 quamlibet
713 1312 951 1380 propter
981 1307 1199 1362 erroris
1232 1302 1552 1369 insaniam,

355 1416 473 1471 qua
504 1400 677 1455 laesus
716 1399 795 1454 sit
828 1398 1080 1452 fortasse
1114 1392 1379 1449 mortalis
1410 1390 1689 1445 dominus
1718 1388 1731 1442 l

355 1496 507 1563 Quin
538 1497 681 1551 adeo
714 1492 1109 1551 universalem
1145 1488 1554 1546 monarchiam
1589 1486 1701 1542 sibi

354 1586 689 1641 vaticinans
721 1583 1076 1655 spondebat,
1111 1586 1167 1637 et
1197 1578 1568 1636 Palaestinam

350 1674 495 1745 jugo
526 1674 893 1729 subtractam
926 1670 1291 1726 redditurum
1322 1685 1384 1724 se
1415 1664 1696 1739 imperio,

359 1767 417 1819 et
447 1779 508 1819 se
539 1762 629 1819 lac
660 1760 1015 1834 populorum
1050 1760 1433 1828 ebibiturum,

360 1852 594 1907 divitias
625 1854 988 1917 voraturum,
1023 1853 1077 1904 et
1109 1848 1528 1920 pinguedinem

361 1941 639 1998 medullis
671 1941 1115 2005 exhausturum,
1151 1941 1215 1993 ut
1247 1937 1321 1992 ait
1354 1936 1656 2009 propheta.

362 2031 625 2087 Elfutivit
654 2030 831 2086 etiam
867 2028 1061 2101 palam
1097 2030 1153 2084 in
1187 2026 1464 2083 concione

355 2120 599 2176 disertis
627 2118 843 2185 verbis,
876 2133 1118 2173 romano
1151 2114 1550 2171 Andronicum

358 2209 751 2281 praefuturum
784 2206 956 2262 annis
995 2205 1243 2277 imperio
1276 2218 1515 2269 novem;

359 2298 419 2353 ni
454 2296 780 2369 redegisset
809 2296 964 2351 Deus
996 2296 1068 2350 ad
1100 2294 1444 2356 triennium,

361 2403 430 2442 ex
460 2402 573 2457 quo
603 2385 977 2441 Andronicus
1005 2389 1234 2455 sceptro
1268 2381 1430 2436 abuti
1462 2383 1717 2451 coeperat
1749 2396 1761 2434 :

360 2474 731 2530 subtractum
766 2477 961 2529 autem
994 2470 1326 2528 Andronico
1360 2468 1727 2525 sexennium.

360 2580 463 2619 ceu
497 2580 771 2635 purpurae
802 2571 1171 2633 segmentum
1203 2561 1254 2616 vi
1290 2560 1609 2630 direptum,

359 2653 430 2707 ad
465 2651 558 2707 sui
591 2652 774 2708 fuisse
799 2651 1096 2721 adjectum
1128 2648 1291 2721 regni
1325 2647 1585 2719 spatium
1619 2662 1633 2701 :

356 2756 535 2814 seque
567 2744 877 2814 propterea
903 2756 1007 2812 per
1034 2740 1092 2794 id
1127 2738 1475 2795 sexennium

355 2831 606 2887 fortasse
636 2830 1096 2901 haudquaquam
1136 2829 1255 2883 fore
1286 2841 1526 2899 prorsus
1556 2824 1863 2896 optimum.

353 2931 573 2983 Verum
605 2946 678 2984 ne
708 2926 927 2998 elapsis
955 2926 1193 2997 quidem
1228 2923 1519 2997 praedictis
1550 2921 1723 2978 annis

352 3015 517 3071 visus
548 3020 635 3071 est
666 3030 861 3070 mores
893 3030 1034 3069 suos
1062 3015 1324 3069 conferre
1356 3013 1414 3067 in
1451 3011 1684 3067 melius.

355 3104 707 3160 Blacborum
740 3119 883 3174 gens
907 3104 1031 3173 jam
1062 3105 1187 3157 erat
1216 3099 1627 3167 intolerabilis,

352 3193 633 3249 Romanis
664 3190 868 3263 spoliis
902 3189 1318 3260 manubiisque
1347 3190 1509 3244 dives

353 3281 697 3352 eximiisque
728 3280 941 3352 opibus
972 3280 1259 3334 instructa
1292 3279 1362 3333 ad
1395 3276 1617 3333 bellum
1653 3294 1666 3332 :

358 3386 536 3442 quare
564 3370 887 3425 Romanam
926 3370 1237 3424 incursans
1268 3367 1627 3439 provinciam

356 3458 640 3532 Oppidum
672 3463 929 3515 Varnam
962 3459 1117 3529 cepit
1147 3473 1281 3513 cum
1317 3456 1621 3525 Anchialo,

362 3556 419 3605 et
446 3549 752 3604 Triaditzm
785 3563 1020 3620 quoque
1051 3546 1268 3602 invasit
1293 3562 1523 3618 agrum,

355 3638 638 3694 Naissum
673 3637 890 3693 delevit
921 3636 1174 3707 denique
1202 3652 1335 3691 cum
1366 3636 1656 3707 Stumpio,

357 3727 634 3783 abductis
665 3727 803 3781 inde
835 3725 1166 3781 innumeris
1194 3725 1513 3791 manubiis,

352 3816 496 3871 viris
530 3832 665 3870 eum
699 3814 958 3884 feminis,
991 3818 1047 3870 et
1077 3815 1357 3886 gregibus
1388 3813 1734 3887 omnigenis.

356 3913 687 3970 Conelusus
717 3928 854 3985 ergo
887 3928 1334 3985 quaquaversus
1365 3912 1638 3969 hostibus

354 4019 460 4058 nec
484 4003 611 4074 jam
644 4002 794 4058 tueri
826 4002 1009 4057 victos
1037 4002 1238 4058 valens
1268 4003 1479 4070 Caesar,

353 4093 673 4149 exercitum
704 4092 979 4149 bifariam
1011 4093 1213 4149 divisit
1242 4092 1515 4159 ducibus,

354 4183 570 4254 partim
600 4183 674 4238 ad
705 4182 865 4239 locos
888 4183 1112 4253 jubens
1144 4183 1306 4238 abire
1338 4181 1660 4253 besperios,

354 4272 569 4343 partim
602 4274 674 4328 ad
704 4276 893 4329 terras
923 4288 1147 4344 nupero
1178 4271 1429 4327 afflictas
1460 4270 1613 4325 bello
1649 4286 1661 4323 :

352 4361 727 4432 Varnamque
758 4362 1107 4417 instauravit
1138 4375 1273 4415 cum
1303 4359 1607 4426 Anchialo,

348 4448 745 4522 idoneumque
779 4449 1064 4522 imposuit
1095 4448 1189 4502 bis
1221 4448 1588 4517 praesidium.

347 4539 477 4611 Ipse
512 4540 807 4611 profectus
839 4538 1029 4594 denuo
1062 4536 1524 4608 Philippopolim

347 4627 662 4683 Moesorum
696 4644 763 4684 ac
791 4626 1142 4698 Scytharum
1179 4626 1462 4696 repressit
1499 4626 1787 4698 impetum

346 4720 403 4772 et
433 4733 543 4773 sua
573 4715 887 4788 praesentia
918 4719 975 4770 et
1005 4713 1260 4770 ducibus
1291 4714 1680 4787 pugnacibus.

349 4815 618 4888 Cumque
648 4814 948 4871 Triballos
981 4815 1254 4886 princeps
1282 4814 1626 4885 Scopiorum
1661 4815 1864 4873 urbem

351 4922 486 4961 cum
520 4904 795 4960 universo
827 4920 966 4976 agro
1008 4903 1409 4976 popularetur,

343 4994 635 5065 impetum
666 4992 803 5049 fecit
835 4994 1023 5049 Caesar
1054 5010 1187 5050 cum
1221 4994 1477 5050 exercitu

344 5082 631 5152 illumque
658 5081 1006 5155 triumphali
1044 5084 1360 5155 prostravit
1391 5083 1610 5156 praelia.

343 5172 491 5228 Exin
524 5171 865 5242 praeteriens
898 5177 1177 5229 cunctum
1214 5172 1407 5231 Naissi
1441 5189 1672 5245 agrum,

344 5276 819 5333 progressusque
850 5261 921 5316 ad
956 5261 1135 5332 ampli
1170 5262 1390 5319 ﬂuenta
1420 5263 1573 5327 Savi,

343 5350 425 5405 ibi
461 5350 520 5405 in
552 5366 934 5420 congressum
966 5350 1127 5405 venit
1157 5368 1292 5405 cum
1324 5368 1458 5407 caro
1490 5367 1713 5422 socero,

340 5440 436 5494 cui
470 5440 617 5496 Belaa
650 5456 864 5495 nomen
897 5448 1042 5507 erat,
1076 5440 1339 5508 Ungariae
1373 5456 1538 5513 rege;

341 5530 512 5599 cujus
544 5529 836 5601 colloquio
872 5528 1110 5594 fruitus,
1143 5534 1323 5599 atque
1354 5534 1418 5584 ut
1449 5530 1646 5585 decuit

342 5618 593 5675 invicem
626 5617 948 5690 impertitis
980 5619 1199 5673 amoris
1232 5618 1442 5687 signis,

345 5707 509 5764 illinc
541 5724 813 5765 reversus
839 5712 948 5775 est,
979 5712 1221 5763 vocante
1252 5708 1463 5777 ofﬁcio,

2047 498 2100 563 A

2048 1860 2094 1922 Β

2040 3218 2083 3285 C

2036 4573 2082 4637 D

1577 373 1949 429 EPHREMII
1995 373 2567 435 CHBONOGRAPHI

2310 500 2451 573 Πρὸς
2485 500 2868 577 σωφρονισμὸν
2906 504 3246 577 μαστίγωσιν
3294 502 3536 579 μετρίαν,

2304 590 2475 663 ’ῌπερ
2508 588 2818 664 φιλοίκτου,
2855 597 3175 665 συμπαθοῦς
3212 598 3347 649 Θεοῦ
3378 594 3566 667 νόμοςο

2128 677 2272 733 6125
2307 678 2427 733 Ὅτι
2463 676 2508 731 δ’
2544 679 2718 733 ὀπίσω
2748 687 2848 750 τῆς
2878 682 3058 757 Βρανᾶ
3086 682 3370 757 τυραννίος

2304 767 2533 839 Ὑπῆρξε
2564 766 2717 840 λαὸς,
2747 768 2897 824 τοῦδ’
2924 770 3164 833 ἀποστάς
3182 776 3277 825 τοῦ
3310 771 3567 847 κράτους,

2304 853 2560 908 Τοιοῖσδε
2590 862 2778 917 κακοῖς
2810 854 3122 913 ἐκδεδόσθαι
3156 854 3376 930 συνέϐη.

2303 944 2367 995 Ὤ
2391 947 2499 997 τῶν
2532 950 2775 1018 πονηροῦ
2809 947 3140 1020 σκεμμάτων
3182 948 3271 1002 καὶ
3305 948 3630 1025 σπερμάτων
3660 951 3672 1005 l

2304 1031 2367 1085 El
2398 1037 2566 1087 ταῦτά
2594 1037 2732 1096 τινές
2766 1034 2897 1089 εἰσιν
2926 1036 3314 1113 ὑπειληφότες,

2124 1121 2264 1175 6130
2303 1120 2389 1182 Ὠς
2425 1120 2689 1194 μυριάδας
2724 1120 2957 1178 εὐσεϐῶν
2987 1123 3176 1187 ἐκδοὺς
3209 1123 3327 1200 ἔχει

2302 1209 2430 1271 Θεὸς
2460 1211 2595 1284 πρὸς
2625 1210 2903 1268 ἀπώλειαν
2934 1208 3072 1278 ἔθνει
3108 1209 3388 1289 βαρϐάρῳ,

2304 1298 2634 1354 Ούτινοσοὸν
2664 1302 2964 1376 ἀντίψυχον
2993 1304 3281 1378 παροινίας

2303 1388 2495 1450 ’Όντος
2528 1390 2647 1453 καθ’
2679 1392 2827 1463 ἡμᾶς
2855 1396 2951 1445 τοῦ
2982 1396 3163 1453 κακῶς
3196 1390 3549 1454 πεπονθότος.

2304 1476 2447 1550 Ηρὸς
2478 1476 2662 1532 τοῖσδε
2692 1475 3092 1557 προύφοίϐαζεν
3128 1481 3203 1544 ὡς
3236 1480 3539 1556 μοναρχίαν

2124 1575 2266 1630 6135
2302 1570 2713 1650 Περιϐαλεῖται,
2746 1578 2835 1632 καὶ
2866 1576 3233 1649 Παλαιστίνην
3263 1578 3426 1634 πάλιν

2305 1662 2712 1737 Ἐλευθερώσας
2744 1672 3047 1741 προσνεμεῖ
3074 1668 3402 1743 κραταρχίᾳ.

2305 1752 2401 1807 Καὶ
2431 1752 2573 1829 γάλα
2607 1751 2652 1808 δ’
2684 1754 2848 1818 ἐθνῶν
2884 1754 3109 1827 θηλάσει
3136 1759 3272 1812 κατά
3309 1758 3493 1831 κόρον,

2304 1841 2401 1895 Καὶ
2432 1842 2671 1897 πλοῦτον
2697 1844 2872 1899 αὐτῶν
2907 1847 3131 1923 φάγεται
3162 1846 3252 1900 καὶ
3281 1846 3347 1901 τὰ
3376 1846 3529 1921 πάχη

2305 1931 2593 2004 Ἐκμυελεῖ
2623 1935 2759 1988 κατὰ
2787 1936 2885 2003 τὴν
2920 1936 3196 1998 θεοπτίαν.

2122 2020 2263 2074 6140
2303 2022 2403 2077 Καὶ
2435 2023 2582 2077 τοῦτ’
2612 2023 2837 2096 ἀμαθῶς
2868 2022 3159 2100 συλλόγων
3185 2024 3503 2097 ἡλισμένων

2298 2111 2532 2185 Ἔφασκε
2565 2117 2855 2183 Ααμπρῶς,
2889 2112 2965 2175 ὡς
2994 2111 3344 2189 Ἀνδρόνικος
3374 2114 3588 2188 χρόνων

2296 2197 2569 2271 ’Ἐμελλεν
2598 2198 2772 2276 ἄρξειν
2806 2199 2996 2257 ἐννάδα
3030 2200 3364 2276 Ῥωμαίδος·

2296 2287 2426 2348 Θεὸς
2459 2285 2515 2341 δὲ
2547 2288 2880 2344 συνέστειλεν
2914 2290 2991 2351 εἷς
3018 2292 3119 2359 τὴν
3149 2288 3369 2365 τριάδα,

2298 2379 2477 2430 Κακοῦ
2508 2375 2760 2450 φανέντος
2794 2376 3149 2453 Ἀνδρονίκου
3180 2383 3257 2450 τῷ
3288 2381 3496 2455 κράτει.

2118 2474 2259 2530 6145
2296 2474 2357 2530 Ἠ
2384 2471 2429 2527 δ’
2462 2472 2577 2543 ἑξὰς
2607 2474 2741 2545 αὕτη
2774 2479 2882 2529 τῶν
2923 2475 3143 2550 χρόνων
3179 2474 3533 2552 Ἀνδρονίκου

2292 2563 2379 2625 Ὠς
2412 2562 2669 2638 πορφύρᾳ
2701 2564 2865 2640 ῥάκος
2896 2586 2947 2619 τι
2982 2563 3377 2642 διεῤῥηγμένον

2294 2647 2692 2723 Ἐπιϐέϐληται
2723 2651 2882 2708 τοῦδε
2911 2657 2982 2727 τῇ
3017 2655 3349 2731 κραταρχίᾳ’

2213 2788 2224 2797 .
2294 2742 2389 2795 Καὶ
2423 2742 2559 2796 κατὰ
2588 2742 2819 2804 τούτους
2852 2742 2953 2797 οὐκ
2986 2744 3185 2818 ἀγαθὸς
3218 2743 3345 2806 τοὺς
3378 2744 3613 2818 χρόνους

2292 2832 2497 2885 Γένοιτ⁹
2530 2830 2589 2885 ἃν
2618 2829 2755 2894 ’ίσως
2787 2829 2912 2886 οὐδὲ
2947 2831 3183 2907 βελτίων
3210 2836 3370 2888 πάνυ.

2115 2922 2264 2976 6150
2303 2919 2453 2974 Ἐπεὶ
2485 2918 2542 2975 δε
2569 2918 2914 2996 παρέδραμεν
2949 2922 3066 2994 ἑξὰς
3087 2927 3194 2977 τῶν
3227 2922 3471 2998 χρόνων,

2288 3008 2463 3073 Αὐτὸς
2489 3010 2661 3065 πάλιν
2694 3013 2759 3079 ἦν
2789 3012 2901 3085 οὐχ
2932 3013 3124 3067 ἑαυτοῦ
3156 3011 3409 3088 βελτίων.

2285 3098 2521 3174 Βλάχων
2558 3100 2795 3175 ὑπῆρξεν
2840 3100 3218 3157 ἀνυπόστατον
3253 3103 3425 3178 φῦλον

2297 3185 2546 3258 Ηλησθὲν
2590 3187 2848 3265 λαφύρων
2884 3190 3218 3263 Ῥωμαϊκῶν
3248 3190 3337 3245 καὶ
3377 3191 3593 3247 σκύλων

2301 3276 2403 3332 Καὶ
2435 3275 2682 3331 πλοῦτον
2713 3272 2881 3352 ἀϐρὸν
2918 3276 3137 3343 ἐνδυθὶν
3167 3280 3306 3357 πρὸς
3335 3287 3436 3350 τῆς
3473 3280 3685 3355 μάχης·

2119 3367 2260 3422 6155
2299 3366 2490 3422 Τοίνυν
2524 3365 2679 3439 ἐπῄει
2709 3373 3041 3441 Ῥωμαϊκοῖς
3074 3369 3330 3444 χωρίοις,

2300 3454 2401 3512 Καὶ
2433 3455 2641 3529 Βάρναν
2675 3458 2792 3513 εἷλε
2826 3457 2918 3512 σὺν
2953 3458 3236 3532 Ἀγχιάλῳ
3266 3457 3461 3520 πόλεις

2305 3544 2401 3601 Καὶ
2434 3544 2765 3621 Τριαδίτζης
2792 3545 3099 3622 κατέδραμε
3129 3547 3258 3612 τοὺς
3287 3547 3470 3624 ὅρους,

2298 3634 2404 3690 Καὶ
2436 3637 2604 3691 Νίσον
2640 3637 2877 3713 ἠφάνισε
2910 3637 3002 3691 σὺν
3032 3641 3111 3708 τῷ
3137 3637 3458 3711 Στουμπίῳ,

2296 3725 2457 3778 Λείαν
2492 3724 2693 3788 ἐκεῖθεν
2722 3726 3007 3800 άπαγαγὸν
3045 3727 3242 3801 μυρίαν

2117 3824 2259 3879 6160
2298 3819 2563 3897 ’Λνδρῶν,
2594 3828 2893 3899 γυναικῶν,
2923 3822 3288 3879 παντοδαπῶν
3321 3823 3562 3899 ἀλόγων.

2296 3909 2689 3985 Κυκλούμενος
2718 3918 2849 3989 γοῦν
2882 3919 2999 3975 τοῖς
3033 3914 3256 3988 ἐχθροῖς
3288 3915 3657 3989 πανταχόθεν,

2298 4001 2401 4057 Καὶ
2439 4004 2514 4075 μὴ
2549 4003 2745 4065 σθένων
2779 4006 3083 4077 πάσχουσιν
3114 4003 3336 4077 ἀμύνειν
3381 4004 3525 4075 ἅναξ,

2294 4088 2386 4151 Εἷς
2414 4090 2540 4152 τοὺς
2572 4094 2907 4167 στρατηγοὺς
2943 4094 3196 4168 στρατιάν
3227 4091 3578 4167 κερματίσας,

2292 4181 2403 4249 Τήν
2441 4180 2536 4253 μὲν
2574 4182 2730 4255 μέρει
2764 4180 3024 4257 πέπομφε
3053 4182 3192 4257 πρὸς
3222 4181 3473 4257 ἑσπέραν,

2115 4270 2259 4326 6165
2296 4267 2481 4341 Ἀλλῃ
2514 4267 2571 4323 δὲ
2600 4267 2765 4341 τήνδε
2795 4272 2931 4345 πρὸς
2963 4275 3163 4326 πονοῦν
3192 4271 3410 4333 πάντως
3443 4270 3608 4343 μέρος

2295 4360 2398 4415 Καὶ
2430 4360 2642 4433 Βάρναν
2674 4360 2916 4415 ἀνέκτισε
2948 4360 3039 4415 σὺν
3075 4360 3382 4436 Ἀγχιάλῳ,

2295 4448 2398 4504 Καὶ
2428 4446 2614 4503 ταῖσδε
2643 4449 2882 4523 φρουράν
2916 4451 3107 4517 ἱκανὴν
3141 4449 3442 4524 ὐπεισάγειο

2294 4536 2469 4599 Αὐτὸς
2505 4535 2551 4591 δ’
2581 4536 2803 4600 ἐπιστάς
2831 4542 2899 4611 τῇ
2934 4538 3222 4594 Φιλίππου
3253 4538 3344 4593 καὶ
3375 4536 3543 4593 πάλιν

2290 4631 2487 4681 Μυσῶν
2528 4647 2584 4681 τε
2616 4628 2837 4683 Σκυθῶν
2867 4627 3175 4702 ἆνεχαίτιζε
3206 4628 3397 4702 στίχας

2116 4726 2258 4780 6170
2296 4726 2395 4780 Kal
2435 4723 2505 4779 δι’
2534 4725 2725 4781 ἐαυτοῦ
2749 4725 2839 4781 καὶ
2867 4731 3186 4802 στρατηγῶν
3215 4725 3488 4781 εὐόπλων·

2296 4815 2398 4870 Καὶ
2430 4810 2808 4891 τριϐαλάρχου
2832 4814 3233 4890 καταδῃοῦντος
3264 4816 3428 4870 πόλιν

2297 4902 2402 4957 Σὺν
2430 4910 2548 4966 τοῖς
2579 4906 2731 4980 πέριξ
2764 4906 2930 4959 ἅπασι
2960 4906 3059 4972 τὴν
3091 4909 3198 4959 τῶν
3246 4906 3523 4975 Σκοπίων,

2291 4994 2468 5067 Ὁρμᾷ
2505 4994 2620 5047 κατ’
2644 4992 2807 5048 αὐτοῦ
2843 4990 3101 5068 βασιλεὺς
3126 4993 3219 5047 σὺν
3251 4991 3496 5067 δυνάμει,

2294 5082 2651 5155 Συμπλακείς
2682 5082 2914 5154 ἥττησεν
2949 5082 3108 5138 αὐτὸν
3141 5083 3409 5160 ἐσχάτως.

2113 5175 2254 5229 6175
2293 5177 2488 5247 Χῶρον
2522 5171 2877 5247 παραλλάξας
2907 5170 2963 5228 δὲ
2992 5174 3165 5227 πάντα
3194 5177 3289 5227 τοῦ
3323 5173 3487 5227 Νίσου

2294 5261 2394 5318 Καὶ
2429 5263 2565 5337 πρὸς
2598 5257 2845 5317 Σάουϐον
2880 5263 3169 5341 πεφθακὼς
3207 5260 3500 5337 βαθυδίνην

2290 5352 2499 5407 Ἐκεῖσε
2530 5351 2778 5424 συνέμιξε
2810 5350 3047 5424 κηδεστῇ
3078 5351 3224 5429 φίλῳ

2292 5441 2563 5516 Ούγγρίας
2598 5441 2723 5517 ρηγὶ
2755 5446 2836 5513 τῷ
2864 5440 3008 5511 Βελᾷ
3035 5439 3389 5512 κεκλημένῳ,

2290 5529 2394 5585 Καί
2428 5531 2479 5584 οἱ
2510 5531 2937 5606 προσαγόρευσιν
2968 5528 3279 5585 ἀποτιννύει

2109 5620 2251 5676 6180
2291 5618 2392 5675 Καὶ
2420 5620 2518 5688 τὴν
2552 5617 2817 5693 πρεπώδη
2854 5616 3093 5690 δεξίωσιν
3127 5617 3215 5673 καὶ
3248 5618 3453 5692 σχέσιν·

2289 5709 2499 5765 Ἐπειτ’
2530 5709 2731 5775 ἐκεῖθεν
2760 5708 3063 5769 ἀπαναστὰς
3097 5708 3172 5771 ὡς
3204 5705 3345 5775 δέον,

3683 385 3793 439 232
