4076 6416
321 424 437 481 233

506 550 638 612 Μεθ’
670 549 885 623 ἡμέρας
918 546 1106 603 εἴσεισι
1140 548 1426 604 Φιλίππου
1456 544 1647 617 πόλιν,

505 638 769 701 Κάκεῖθεν
802 637 1073 708 ἀνέζευξεν
1108 636 1187 701 είς
1224 636 1659 695 Κωνσταντίνου.

506 727 659 782 Ἐπεὶ
692 724 750 781 δὲ
782 729 985 784 Μυσῶν
1012 728 1100 781 καὶ
1138 731 1356 791 Σκυθῶν
1392 724 1566 781 δεινὸν
1599 722 1772 803 φῦλον

317 820 472 875 6185
511 817 937 891 Ἐπεστράτευσε
964 817 1054 871 καὶ
1080 815 1246 871 πάλιν
1280 812 1571 889 Ῥωμαίδι,

503 909 677 980 Δῃοῦν
711 901 768 959 δὲ
799 906 985 981 φθάνει
1020 905 1188 980 μέχρι
1217 911 1317 974 τῆς
1346 903 1663 979 Ἀρκαδίου,

498 994 599 1050 Καὶ
632 994 883 1069 στρατιὰν
915 995 1149 1065 ἥττησεν
1180 993 1426 1069 αἰσχρῶς
1456 993 1713 1051 Αὐσόνων

501 1084 649 1159 Πρὸς
681 1084 1097 1159 ἀντιπαράταξιν
1132 1084 1554 1159 ἐκτεταγμένην,

500 1176 689 1249 ’Έγνω
722 1172 794 1229 δι’
822 1174 988 1230 αὐτοῦ
1020 1178 1154 1252 σφᾶς
1186 1172 1460 1246 μετελθεῖν
1498 1175 1525 1228 ὁ
1554 1174 1793 1249 κράτωρ,

319 1275 465 1331 6190
504 1274 860 1350 Ἀπογραφὴν
889 1270 1005 1345 οὖν,
1038 1271 1319 1347 συλλογὴν
1348 1284 1483 1343 καθη
1498 1273 1663 1347 μέραν

498 1364 662 1436 Ὀρᾷν
696 1363 916 1437 ὑπῆρχε
947 1363 1271 1433 Ῥῶμαῖκῶν
1301 1364 1618 1435 ταγμάτων*

501 1450 645 1526 Πρὸς
675 1448 732 1505 δὲ
763 1450 968 1521 ξενικὸν
1003 1452 1355 1525 συμμαχικὸν
1394 1450 1585 1524 μυρίον

502 1541 715 1604 Μισθοὖ
746 1542 930 1595 συνιὸν
960 1538 1013 1611 ἐξ
1045 1539 1183 1608 ὅλης
1217 1539 1531 1614 ἐθναρχίας.

501 1630 589 1690 Ὠς
622 1626 717 1684 οὖν
747 1628 1143 1705 ἀπειράριθμον
1175 1628 1442 1705 ἠθροίσθη
1474 1628 1679 1705 στίφος,

314 1718 469 1775 6195
507 1717 738 1789 Ἔξεισιν
770 1718 906 1794 ἦρος
934 1724 1035 1787 τῆς
1062 1717 1478 1773 Κωνσταντίνου
1507 1717 1745 1793 κράτωρ,

498 1811 717 1881 Χρυσοῦ
747 1809 1075 1883 κεντηνάρια
1103 1807 1262 1862 πέντε
1290 1808 1426 1882 πρὸς
1456 1804 1602 1879 δέκα,

501 1898 794 1972 Ἀργυρίου
823 1895 870 1951 δ’
900 1895 966 1952 αὗ
998 1895 1239 1969 ἑξήκοντ’
1278 1896 1611 1970 ἰπηγμένος’

498 1988 599 2041 Καὶ
628 1988 766 2062 πρὸς
798 1984 1104 2043 Ῥαιδεστὸν
1134 1988 1231 2054 την
1265 1986 1429 2041 πόλιν
1458 1985 1776 2060 ἀφιγμένος,

500 2077 651 2133 Ἐκεῖ
683 2074 853 2153 φύσας
883 2073 1051 2153 ἔφαγε
1084 2077 1343 2148 μυστικὸν
1376 2077 1592 2150 Πάσχα,

314 2177 460 2231 6200
500 2174 797 2249 Ἐορτάσας
829 2173 1041 2249 ἔγερσιν
1068 2177 1230 2247 ἡμῶν
1262 2177 1536 2229 Δεσπότου

505 2265 735 2340 Πρώτην
767 2266 1142 2338 κυριώνυμον,
1172 2265 1247 2328 ὡς
1271 2268 1488 2326 πιστοῖς
1510 2263 1649 2328 ἔθος.

496 2353 813 2428 Ευγγίνεται
846 2351 893 2407 δ’
925 2352 1153 2417 ἐνταῦθα
1185 2354 1495 2425 Βασιλακίῳ

490 2439 678 2517 Ἀνδρί
714 2442 919 2517 βιοῦντι
957 2442 1071 2517 βίον
1106 2440 1517 2517 ἐξηλλαγμένον

497 2531 596 2587 Καὶ
636 2528 913 2605 διαγωγὴν
942 2530 1185 2601 ἀσυνήθη
1216 2536 1333 2593 τοῖς
1366 2529 1540 2592 ὅλοις·

304 2622 456 2678 6205
491 2621 681 2684 ’Ὁστις
707 2622 774 2674 τὰ
803 2620 1036 2694 πρόσθεν
1068 2614 1403 2694 προϐλέπειν
1444 2622 1560 2695 εἶχε
1588 2618 1773 2693 κλέος,

494 2707 589 2770 Εἷς
621 2710 679 2763 ὅν
711 2708 956 2785 συνέρρει
992 2715 1101 2771 πᾶς
1133 2730 1219 2770 τις
1249 2710 1324 2773 ὡς
1352 2709 1427 2771 είς
1462 2709 1685 2781 Λοξίαν.

458 2795 627 2854 Οὐδὲν
662 2795 862 2871 διεξῄει
896 2796 954 2852 δὲ
984 2800 1171 2874 τρανὶς
1202 2798 1469 2865 συνόλως,

492 2883 617 2941 Οὐδ’
660 2887 804 2961 ὑγιες
835 2907 894 2941 τε
924 2888 1012 2941 καὶ
1047 2885 1531 2960 διηυκρινημένον9

494 2973 676 3030 Ἀλλὰ
703 2972 955 3051 γριφώδη
990 2975 1183 3043 πάντα,
1215 2974 1633 3048 πεπλανημένα·

309 3076 455 3131 6210
495 3075 582 3131 Ἐν
616 3071 664 3127 δ’
693 3070 758 3127 αὖ
786 3094 849 3148 γε
879 3072 1115 3135 πολλοῖς
1148 3071 1483 3150 ἀπεφλυάρει
1517 3072 1716 3147 λόγους

489 3162 875 3237 Εὐτραπελίας
905 3162 994 3217 καὶ
1024 3161 1269 3237 γέλωτος
1302 3162 1504 3233 ἀξίους,

490 3250 744 3313 Μαστοὺς
774 3255 1048 3326 γυναικῶν
1079 3249 1355 3328 ἀναδιφῶν
1389 3251 1697 3323 παλάμαις,

488 3345 802 3417 Περιαθρῶν
827 3361 888 3395 τε
918 3341 1009 3394 καὶ
1046 3341 1221 3415 σφυρὰ
1247 3340 1453 3395 τούτων
1486 3339 1674 3407 πάλιν,

483 3432 601 3507 Ἐφ’
635 3433 723 3484 οἷσ
748 3435 957 3503 συνεῖρε
982 3431 1069 3484 καὶ
1110 3431 1316 3503 μακρὰς
1347 3426 1646 3503 ληρωδίας.

304 3522 456 3577 6215
493 3520 688 3590 Ὅμως
721 3517 1086 3573 έπεισπάσατο
1120 3520 1407 3595 συρφάκων
1442 3514 1639 3592 ὄχλον,

492 3606 593 3665 Καὶ
626 3608 679 3661 οἱ
708 3612 1012 3682 προσεῖχον
1047 3609 1137 3661 οἷα
1164 3608 1251 3661 καὶ
1291 3604 1610 3681 προηγόρῳ.

497 3695 772 3750 Συνείπετ’
806 3695 955 3766 αὐτῷ
986 3697 1075 3750 καὶ
1108 3717 1229 3750 τινα
1257 3694 1518 3772 γραῖδίων

489 3784 1055 3860 υἱστρηλατουμένων
1082 3805 1141 3839 τε
1168 3786 1256 3839 καὶ
1292 3784 1625 3861 παραφόρων

489 3880 569 3929 Τα
598 3872 851 3950 δρώμενά
881 3875 939 3928 οἱ
963 3894 1137 3930 παντα
1165 3875 1253 3929 καὶ
1285 3873 1585 3948 λελεγμένα

299 3967 453 4022 6220
492 3962 933 4039 Διατρανούντων
965 3963 1381 4041 ἀφικνουμένοις
1415 3961 1589 4025 ὅλοις.

490 4055 625 4115 Τοῖς
651 4052 873 4107 πλείοσι
908 4051 953 4107 δ’
986 4050 1132 4123 ἔδοξε
1161 4050 1354 4108 τοῦτον
1385 4050 1607 4108 εἰδότων

492 4141 841 4217 Προφητικός
870 4163 955 4205 τις
981 4143 1067 4197 καὶ
1102 4146 1219 4214 Θεῷ
1249 4141 1609 4218 πεφιλμένος’

492 4233 593 4293 Οἷς
622 4231 832 4295 σύνεσις
862 4228 909 4284 δ’
935 4231 1002 4299 ἦν
1033 4233 1123 4286 καὶ
1155 4231 1340 4309 φρένες
1369 4231 1570 4307 κρίνειν
1596 4228 1739 4303 δέον,

492 4319 716 4381 Γελοῖος
749 4319 1060 4390 ὑπείληπτο
1088 4318 1352 4395 ληρώδης
1376 4322 1573 4397 γέρων·

301 4412 452 4468 6225
492 4406 685 4480 Ἔδοξε
715 4407 759 4463 δ’
783 4407 981 4471 ἄλλοις
1010 4414 1225 4483 πνεῦμα
1266 4410 1522 4472 Πύθωνος
1553 4408 1754 4487 φέρειν’

492 4499 680 4560 Ὅστις
712 4498 985 4554 έπιστάντι
1018 4520 1079 4575 γε
1106 4505 1187 4571 τῷ
1218 4500 1546 4578 στεφηφόρῳ

491 4587 599 4643 Καὶ
629 4585 774 4642 τόνδ’
813 4586 1020 4663 ἱλαρῶς
1054 4588 1414 4664 εὐλογήσαντι
1443 4591 1568 4645 τότε

495 4674 668 4735 Οὐδὲν
701 4680 964 4749 κατξίωσε
993 4684 1294 4753 προσσχεῖν
1318 4678 1583 4740 συνόλως³

490 4768 644 4822 ’Άνω
678 4764 735 4821 δέ
774 4768 921 4822 κάτω
960 4768 1247 4843 βακχικῶς
1276 4788 1396 4829 πως
1427 4766 1673 4842 ἠγμένος

309 4867 464 4921 6230
507 4860 799 4920 Ὀνείδεσιν
833 4859 1036 4920 ἔϐαλλε
1067 4864 1537 4940 συνειλεγμένους,

496 4952 640 5014 Τοὺς
676 4950 722 5007 δ’
753 4952 805 5008 έν
836 4953 983 5009 τέλει
1022 4952 1261 5027 μάλιστα
1291 4955 1380 5010 καὶ
1412 4954 1716 5028 γερουσίας·

498 5042 605 5099 Καὶ
636 5044 878 5119 κράτορα
912 5042 959 5098 δ’
991 5044 1098 5119 οὐχ
1126 5047 1288 5113 ἧττον
1320 5046 1384 5113 ἦν
1419 5049 1599 5106 κακῶς
1637 5044 1832 5119 λέγων·

500 5132 608 5189 Καὶ
640 5134 693 5187 οἱ
722 5134 920 5208 κρατὸς
955 5130 1001 5187 δ’
1034 5134 1289 5207 ὥρμησεν
1320 5132 1553 5209 ἅρπάσαι
1577 5132 1765 5190 πῖλον.

490 5218 673 5284 Μόλις
702 5218 760 5276 δὲ
799 5221 968 5293 λήξας
999 5220 1266 5278 πωλικῶν
1297 5224 1638 5295 κινημάτων,

314 5313 467 5369 6235
505 5315 584 5385 Τῇ
618 5309 707 5366 διὰ
735 5313 927 5388 χειρὸς
955 5311 1166 5367 εὐτελεῖ
1198 5312 1469 5387 βακτηρίᾳ

499 5402 748 5475 Ὄμματ⁹
768 5403 1011 5476 ἀμαυροῖ
1044 5400 1335 5477 βασιλικῆς
1365 5401 1573 5464 εἰκόνος

508 5491 619 5547 Επὶ
649 5490 875 5555 πίνακος
897 5490 1079 5554 αὐτόθ’
1112 5489 1574 5567 ἐγγεγραμμένης’

501 5580 616 5635 Τοῦ
647 5577 693 5633 δ’
725 5580 800 5642 ὡς
837 5580 1144 5653 μεμηνότος
1174 5579 1477 5653 καταγυοὺς
1520 5575 1667 5648 ἄναξ.

500 5667 740 5732 ’Δλλαις
762 5670 951 5725 ἑαυτὸν
985 5669 1259 5747 φροντίσιν
1296 5666 1613 5745 ἰνησχόλει.

311 5761 461 5817 6240
501 5760 747 5819 Ἐκεῖθεν
780 5760 855 5823 εἰς
882 5758 1149 5835 Κύψελλα
1176 5757 1435 5837 φρούριον
1470 5757 1698 5835 φθάσας,

609 5878 882 5943 Panos.
932 5878 1044 5942 Gn.
1083 5876 1347 5940 CXLIII.

1860 426 2221 480 CBSARES.

2016 577 2071 644 Α
2102 550 2380 644 brevique
2411 556 2543 622 post
2572 553 2837 644 pervenit
2868 553 3343 626 Philippopolim,

2106 644 2282 710 atque
2312 640 2451 696 hinc
2483 643 2773 698 concessit
2801 644 3388 716 Constantinopolim.

2102 728 2213 783 Sed
2247 729 2521 799 quoniam
2551 732 2712 787 Moesi
2744 738 2800 787 et
2831 733 3056 805 Scythis
3089 739 3291 805 gentes
3324 735 3509 791 effera:

2101 832 2309 873 rursus
2342 818 2607 876 molestis
2638 827 2809 878 erant
2842 822 3123 879 Romanis
3153 824 3327 879 terris

2097 908 2546 980 praedantesque
2574 921 2954 981 pervenerant
2985 913 3440 986 Arcadiopolim,

2096 997 2353 1053 exercitu
2384 1002 2647 1055 Romano
2678 1000 2827 1056 victo
2858 1002 3111 1073 turpiter

2095 1083 2197 1155 qui
2229 1090 2430 1142 contra
2459 1087 2613 1143 exire
2641 1086 2701 1142 in
2733 1090 2917 1145 aciem
2951 1107 3134 1146 ausus
3162 1094 3386 1162 fuerat;

2094 1172 2311 1229 bellum
2345 1176 2652 1238 constituit
2684 1176 2873 1233 Caesar
2902 1195 3005 1249 per
3027 1195 3088 1234 se
3114 1196 3334 1251 gerere.

2090 1261 2583 1320 Conseribebatur
2608 1266 2807 1337 itaque
2838 1267 3102 1336 quotidie
3131 1271 3438 1337 exercitus,

2092 1356 2460 1430 Romanique
2490 1360 2728 1416 ordines
2760 1362 3250 1419 centuriabantur
3285 1382 3297 1418 :

2088 1446 2384 1517 plurimus
2414 1449 2592 1504 etiam
2635 1451 2859 1506 advena
2897 1457 2954 1506 et
2982 1452 3284 1509 auxiliaris

2088 1536 2526 1593 conducebatur
2556 1539 2723 1594 miles
2757 1540 2816 1594 in
2849 1546 3059 1595 euneto
3086 1542 3353 1612 imperio.

2084 1623 2332 1696 Jamque
2356 1626 2617 1683 collectis
2648 1628 2834 1699 copiis
2862 1646 3041 1700 prope
3071 1630 3421 1700 innumeris,

2085 1730 2216 1770 vere
2246 1715 2486 1771 ineunte
2516 1716 2709 1773 Caesar
2730 1719 3006 1790 Byzantio
3038 1719 3235 1787 exivit,

2086 1802 2213 1857 auri
2245 1805 2483 1875 quidem
2516 1807 2883 1863 centenarios
2908 1807 3270 1878 quindecim,

2084 1891 2309 1960 argenti
2337 1892 2639 1963 sexaginta
2669 1910 2869 1949 secum
2904 1895 3118 1951 ferens.

2082 1976 2153 2031 Et
2182 1977 2254 2032 ad
2286 1978 2663 2037 Rhaedestum
2697 1997 2885 2052 usque
2917 1999 3269 2055 progressus
3303 1988 3510 2043 urbem

2085 2067 2395 2138 mysticum
2427 2068 2509 2124 ibi
2540 2072 2918 2127 manducavit
2958 2074 3200 2143 pascha,

2083 2160 2574 2216 resurrectionem
2597 2161 2811 2218 Christi
2843 2162 3168 2219 solemnem
3198 2181 3510 2237 peragens,

2083 2247 2337 2319 primam
2370 2266 2578 2321 nempe
2610 2249 2999 2319 Dominicam,
3032 2252 3368 2310 Christiano
3402 2272 3583 2314 more.

2084 2345 2168 2401 Ibi
2192 2347 2251 2401 in
2285 2346 2646 2419 colloquium
2671 2350 2831 2404 venit
2856 2367 2990 2406 cum
3026 2351 3309 2408 Basilacio

2082 2437 2205 2494 viro
2236 2440 2463 2494 vivente
2486 2438 2795 2495 insolitum
2827 2443 2957 2496 vitae
2988 2458 3197 2513 genus,

2081 2525 2230 2580 nulli
2265 2530 2467 2583 suetos
2498 2528 2811 2598 proﬁtente
2842 2546 3054 2596 mores,

2081 2614 2181 2684 qui
2216 2615 2415 2670 futura
2444 2617 2693 2671 canendi
2724 2616 2955 2672 cluebat
2980 2618 3182 2689 gloria,

2079 2705 2309 2761 cunctis
2336 2706 2407 2760 ad
2439 2722 2573 2761 eum
2609 2707 2979 2764 venientibus
3010 2725 3115 2765 ceu
3149 2712 3219 2765 ad
3254 2710 3512 2768 Loxiam.

2080 2794 2194 2850 Nec
2226 2796 2422 2848 tamen
2454 2792 2505 2847 is
2536 2793 2765 2848 dicebat
2809 2795 3117 2866 perspicue
3148 2796 3502 2868 quidquam,

2078 2897 2218 2936 neve
2251 2880 2351 2951 qui
2383 2897 2594 2936 sanum
2627 2881 2925 2952 probeque
2957 2883 3287 2954 deﬁnitum,

2076 2986 2277 3025 verum
2312 2969 2547 3026 fallacia
2577 2976 2786 3025 cuncta
2818 2977 2875 3027 et
2903 2973 3280 3041 perobscura.

2076 3058 2336 3114 Profecto
2369 3059 2497 3129 ejus
2528 3075 2833 3115 sermones
2860 3060 3212 3133 plerumque
3236 3069 3401 3119 erant

2074 3146 2402 3203 scurriliter
2431 3146 2600 3202 effusi
2632 3147 2873 3218 risuque
2904 3148 3090 3219 digni.

2074 3235 2327 3308 Papillas
2361 3236 2710 3291 feminarum
2746 3242 3118 3294 contrectans
3152 3242 3428 3298 manibus

1993 3307 2036 3374 C
2075 3307 2517 3397 inspiciensque
2549 3325 2767 3397 pariter
2795 3325 3031 3382 illarum
3062 3328 3235 3397 talos,

2068 3414 2274 3486 longas
2305 3419 2431 3469 tum
2460 3415 2699 3469 demum
2735 3417 3004 3472 nectebat
3036 3417 3380 3473 cantilenas.

2072 3516 2362 3572 Plebeiam
2395 3520 2593 3570 tamen
2628 3518 2862 3571 turbam
2892 3516 2940 3572 is
2974 3516 3241 3573 illexerat

2072 3606 2428 3676 praebentem
2462 3622 2635 3660 aures
2670 3606 2781 3660 sibi
2813 3610 3097 3677 tanquam
3131 3608 3268 3663 vati.

2070 3694 2514 3749 Comitabantur
2544 3692 2712 3748 illum
2749 3699 2806 3749 et
2837 3696 3107 3765 quaedam
3137 3697 3341 3751 vetulae

2068 3784 2301 3837 vecordi
2333 3786 2509 3837 oestro
2543 3782 2778 3853 percitae
2807 3788 2998 3855 atquae
3024 3785 3268 3853 insanae,

2073 3887 2200 3943 qua;
2232 3877 2433 3941 gestus
2465 3872 2594 3941 ejus
2628 3871 2847 3940 pariter
2876 3878 2933 3927 et
2961 3873 3118 3928 dicta
3143 3874 3342 3929 omnia

2072 3960 2478 4015 edisserebant
2504 3958 2703 4029 populi
2735 3976 2980 4015 coronae.

2074 4047 2357 4120 Vulgares
2385 4064 2523 4119 ergo
2554 4047 2826 4103 homines
2859 4049 2959 4119 qui
2994 4050 3151 4105 hunc
3185 4057 3491 4119 noverant,

2076 4136 2372 4208 propheta:
2404 4136 2530 4191 loco
2575 4135 2871 4191 habebant
2901 4136 3137 4208 Deoque
3170 4137 3329 4194 chari
3363 4156 3377 4192 :

2075 4245 2277 4283 verum
2312 4227 2536 4283 cordati
2568 4230 2626 4282 et
2656 4242 2799 4281 sano
2824 4226 3048 4296 judicio
3080 4227 3308 4298 praediti

2076 4316 2398 4372 ridiculum
2422 4332 2831 4387 nugacemque
2863 4317 3151 4386 putabant
3173 4332 3373 4373 senem
3403 4333 3414 4370 :

2080 4411 2177 4467 alii
2210 4414 2509 4481 postremo
2536 4405 2920 4479 pythonicum
2951 4407 3289 4462 credebant.

2080 4510 2133 4565 Is
2166 4506 2537 4563 accedentem
2572 4519 2675 4573 per
2704 4502 2761 4557 id
2797 4507 3032 4574 tempus
3066 4503 3393 4575 principem

2081 4604 2138 4655 et
2164 4596 2520 4653 salutantem
2557 4592 2802 4646 comiter
2834 4609 2899 4647 ac
2930 4593 3210 4648 benevole

2011 4677 2059 4741 D
2092 4684 2255 4743 nullo
2287 4683 2560 4752 dignatus
2590 4686 2680 4735 est
2708 4686 2999 4749 respectu,
3025 4681 3231 4736 auditu
3268 4698 3280 4734 :

2087 4776 2207 4829 imo
2239 4772 2349 4826 hac
2381 4768 2515 4824 illac
2544 4767 2855 4822 diseurens
2888 4774 3172 4839 tanquam
3209 4768 3435 4824 baccha

2087 4859 2372 4919 conviciis
2404 4859 2860 4913 circumstantes
2892 4857 3198 4923 onerabat,

2088 4952 2393 5023 praefectos
2428 4944 2753 5017 praesertim
2787 4962 2853 5000 ac
2893 4950 3196 5001 senatores
3230 4966 3243 5013 ;

2090 5059 2195 5099 nec
2228 5040 2426 5095 minus
2458 5037 2571 5109 ipsi
2598 5037 2813 5092 Caesari
2847 5036 3237 5091 maledicebat
3266 5053 3277 5089 :

2091 5132 2235 5204 quin
2268 5133 2323 5183 et
2350 5125 2656 5182 detrahere
2687 5125 2878 5196 capite
2910 5124 3157 5179 tentavit
3188 5125 3437 5196 apicem.

2091 5220 2338 5275 Demum
2369 5214 2666 5270 desistens
2699 5212 2935 5283 equinis
2968 5212 3411 5281 saltationibus,

2091 5308 2190 5365 vili
2221 5322 2397 5379 quem
2426 5305 2573 5359 forte
2615 5317 2794 5356 manu
2832 5302 3070 5373 gerebat
3100 5302 3311 5358 baculo

2093 5396 2293 5454 oculos
2320 5390 2558 5449 violavit
2588 5388 2761 5461 regiae
2796 5390 3075 5462 imaginis

2096 5504 2224 5561 qum
2259 5482 2559 5557 prostabat
2589 5479 2807 5535 ibidem
2843 5480 2999 5551 picta
3028 5481 3087 5535 in
3124 5480 3343 5538 tabula.

2095 5577 2259 5632 Tunc
2292 5569 2534 5626 homine
2568 5572 2633 5621 ut
2660 5568 2853 5623 insani
2889 5573 3227 5640 contempto
3261 5569 3493 5625 cerebri

2095 5668 2285 5723 Caesar
2317 5660 2387 5717 ad
2423 5657 2571 5713 alias
2605 5657 2870 5712 animum
2904 5658 3191 5713 convertit
3219 5674 3415 5713 curas.

2097 5754 2267 5811 Illinc
2297 5747 2585 5825 promotis
2619 5747 2690 5802 ad
2721 5745 2988 5819 Cypsella
3032 5747 3261 5813 castris,

3439 5860 3478 5919 8

3644 434 3754 496 234
