4076 6466
320 431 428 485 235
1542 428 1916 486 EPHREMII

2041 425 2524 484 [BONOGRAPHI

323 554 509 612 animi
540 568 721 609 causa
751 558 1025 609 venatum
1060 558 1150 610 est
1178 554 1496 627 profectus,

322 642 682 713 invitavique
714 642 952 697 fratrem
987 646 1051 698 ut
1080 660 1280 700 secum
1308 644 1436 699 iret.

322 733 428 788 Hic
459 736 654 788 autem
687 747 845 787 venae
883 732 1174 789 simulans
1207 734 1522 789 sectionem

323 822 690 877 venatoriam
724 838 1036 877 excursum
1070 822 1382 877 declinavit
1416 838 1427 875 :

320 928 504 983 quare
532 911 857 982 imperator
883 912 1045 967 solus
1069 916 1159 967 est
1191 911 1506 982 profectus.

319 1002 485 1058 Tunc
513 1000 805 1070 conjurati
828 999 1101 1056 idoneum
1136 1002 1289 1056 nacti
1324 1008 1554 1070 tempus

320 1107 666 1164 germanum
702 1091 828 1161 ejus
849 1091 1117 1146 Alexium
1154 1091 1365 1163 raptim
1399 1092 1625 1145 ducunt

318 1183 477 1237 intra
508 1182 825 1237 tentorium
857 1183 1086 1253 regium
1118 1183 1447 1252 thronoque
1479 1179 1789 1247 collocant,

320 1274 378 1325 et
409 1272 740 1326 Romanum
775 1270 1037 1326 salutant
1069 1271 1507 1342 imperatorem,

318 1359 652 1432 plausibus,
686 1363 750 1414 ut
780 1359 843 1414 ﬁt
873 1360 1135 1431 regibus,
1170 1361 1612 1430 concrepantes.

315 1449 537 1505 Audita
567 1463 627 1504 re
659 1448 921 1504 Isaacius
954 1453 1136 1505 Deum
1180 1447 1427 1519 rogabat

314 1544 382 1596 ut
412 1557 475 1596 se
506 1540 779 1613 praesenti
810 1539 1147 1597 discrimini
1180 1537 1453 1610 eriperet.

316 1630 465 1684 Tum
502 1630 715 1685 missos
747 1645 994 1684 cernens
1026 1627 1255 1699 equites
1284 1626 1384 1697 qui
1416 1642 1479 1680 se
1509 1630 1785 1696 caperent

317 1719 492 1777 celeri
525 1737 701 1777 cursu
746 1722 1062 1790 instantes,
1095 1719 1342 1775 habenis
1374 1717 1521 1773 laxis

319 1812 495 1884 coepit
524 1817 582 1868 et
612 1812 738 1883 ipse
763 1810 823 1865 in
857 1812 1056 1881 fugam
1089 1826 1151 1865 se
1181 1808 1471 1878 conjicere
1504 1824 1517 1862 :

330 1900 709 1973 oppositique
739 1899 901 1955 ﬂuvii
932 1899 1183 1954 tranatis
1212 1897 1512 1967 ﬂuctibus,

316 1989 645 2045 calcaribus
676 1988 924 2060 urgebat
952 2002 1193 2043 cursum
1227 1984 1382 2056 equi.

312 2079 427 2136 Sed
453 2082 651 2134 tamen
682 2082 891 2149 captus
921 2077 981 2131 in
1014 2075 1228 2147 oppido
1253 2074 1480 2145 Stagira

311 2169 555 2223 orbatus
586 2170 675 2223 est
705 2166 1011 2222 oculorum
1039 2163 1368 2220 luminibus

308 2257 371 2312 in
391 2258 722 2313 venerando
756 2255 1113 2311 monasterio
1154 2253 1331 2320 Berea,

310 2346 481 2418 cujus
513 2347 791 2402 fundator
820 2345 1013 2400 fuerat
1042 2344 1470 2399 sebastocrator

309 2434 689 2509 imperatoris
712 2434 1035 2490 Andronici
1066 2433 1317 2505 genitor.

308 2526 401 2580 Sic
434 2525 699 2582 Isaacius
728 2523 1057 2579 luminibus
1088 2538 1295 2577 cassus

307 2612 469 2685 regio
500 2613 561 2667 in
588 2610 802 2683 palatio
833 2610 1129 2666 clauditur
1159 2625 1264 2664 ceu
1289 2623 1541 2677 carcere,

304 2702 405 2756 ubi
438 2705 676 2773 propter
706 2698 922 2755 doloris
954 2696 1336 2753 acerbitatem

304 2790 535 2846 nullum
568 2806 672 2861 per
703 2789 829 2844 dies
862 2787 1193 2859 complures
1226 2785 1483 2857 gustavit
1514 2784 1730 2839 cibum.

302 2882 453 2937 Exin
485 2880 555 2935 ad
580 2880 728 2934 duas
760 2878 1069 2934 columnas
1100 2876 1206 2945 (sic
1241 2876 1403 2931 locus
1436 2874 1675 2944 dicitur)

304 2970 516 3025 domus
540 2967 653 3038 ipsi
683 2966 1026 3038 assignatur
1054 2966 1115 3020 in
1146 2964 1520 3037 Propontide.

306 3061 623 3127 postquam
658 3054 989 3109 Romanum
1026 3052 1302 3109 dominus
1333 3050 1646 3122 imperium

308 3151 539 3203 rexerat
568 3143 739 3201 annis
770 3160 979 3199 novem
1010 3159 1144 3198 cum
1177 3146 1400 3213 septem
1434 3141 1761 3206 mensibus,

438 3258 741 3317 ALEXIUS
777 3257 1101 3315 ANGELUS
1148 3256 1266 3313 AN.
1300 3255 1447 3325 VIII,
1480 3254 1691 3309 MENS.
1725 3254 1819 3309 VI.

304 3364 496 3430 Atque
525 3358 607 3413 ita
638 3356 876 3413 Alexius
904 3357 1150 3427 imperio
1183 3355 1405 3427 potitus

302 3464 621 3519 rerumque
652 3463 944 3503 summam
978 3444 1142 3501 solus
1173 3443 1617 3508 administrans,

309 3555 427 3595 non
460 3542 656 3592 tamen
690 3535 995 3591 festinavit
1022 3534 1368 3605 Byzantium
1402 3533 1627 3600 statim,

307 3627 410 3682 sed
444 3624 708 3681 occiduis
741 3624 1009 3696 partibus
1036 3621 1465 3686 laborantibus,

305 3720 546 3788 propter
576 3715 857 3770 molestos
890 3713 1186 3785 principes
1217 3713 1528 3767 Maasorum

311 3807 567 3860 Asanem
603 3808 780 3875 atque
806 3804 1045 3858 Petrum
1079 3802 1372 3857 infaustos
1405 3801 1635 3869 fratres,

307 3907 478 3964 opem
510 3906 832 3962 curamque
863 3890 1092 3945 censuit
1130 3889 1606 3961 impendendam.

307 3982 670 4054 Significavit
700 3986 895 4036 tamen
930 3980 1166 4051 conjugi
1198 3980 1549 4051 dignitatern
1580 3995 1749 4035 suam

301 4076 658 4143 senatusque
684 4071 831 4141 parti
864 4087 995 4142 quae
1026 4070 1085 4124 in
1118 4070 1263 4124 urbe
1294 4075 1437 4136 erat,

300 4161 573 4233 cleroque
594 4160 721 4231 toti,
751 4159 1097 4230 civibusque
1128 4158 1327 4214 simul.

298 4253 489 4321 Atque
519 4249 672 4303 hanc
699 4263 983 4303 novarum
1015 4245 1286 4301 notitiam
1312 4260 1507 4299 rerum

299 4353 471 4393 nemo
505 4352 621 4391 non
655 4335 903 4390 libenter
934 4334 1136 4388 hausit
1164 4333 1431 4387 auribus.

297 4431 449 4481 Dum
483 4432 680 4480 tamen
711 4424 1098 4495 Euphrosyne
1138 4424 1381 4476 ducaena

296 4517 367 4571 ad
403 4529 686 4585 magnum
721 4511 1006 4582 templum
1041 4511 1244 4581 regina
1275 4512 1633 4581 procederet,

291 4603 533 4675 plebeiae
562 4602 749 4656 turbae
780 4600 1116 4671 conspirata
1148 4616 1359 4654 manus

288 4694 481 4747 virum
506 4689 861 4761 cognomine
895 4687 1456 4759 Contostephanum,

288 4780 559 4836 Alexium
594 4784 785 4834 autem
819 4778 1079 4845 nomine,
1112 4778 1409 4832 deducens

284 4870 347 4924 in
382 4886 663 4941 magnum
696 4869 797 4924 Dei
828 4868 1227 4923 venerandum
1259 4867 1568 4938 templum,

287 4960 703 5031 imperatorem
739 4960 1068 5014 Romanum
1102 4958 1398 5014 salutavit.

282 5051 502 5105 Verum
534 5050 585 5105 is
616 5054 823 5121 captus
854 5050 1054 5105 statim
1089 5051 1161 5105 ab
1204 5049 1590 5121 Optimatibus

283 5138 555 5195 meritam
589 5140 798 5195 habuit
828 5139 1080 5195 carceris
1111 5138 1462 5194 custodiam.

280 5229 500 5286 Deinde
523 5234 772 5284 cunctus
807 5230 1061 5300 populus
1096 5231 1162 5284 ad
1198 5228 1489 5299 templum
1522 5246 1763 5286 currens

279 5319 713 5393 imperatricem
748 5319 1043 5375 salutabat
1072 5319 1514 5390 Euphrosynen.

2008 552 2062 619 Α
2271 551 2414 625 Πρὸς
2445 554 2615 626 θήραν
2650 551 2933 626 ἐξώρμησε
2960 551 3200 625 τέρψεως
3235 552 3417 629 χάριν·

2259 640 2358 694 Καὶ
2390 639 2671 696 συνεκάλει
2700 640 2788 695 καὶ
2821 640 3081 714 σύναιμον
3115 643 3251 717 πρὸς
3283 640 3432 697 τόδε·

2261 731 2610 803 Σκεψάμενος
2641 728 2696 785 δὲ
2725 733 2824 800 τήν
2859 726 3059 808 φλεϐὸς
3087 731 3279 806 σχάσιν
3314 729 3406 787 ὅδε

2259 822 2368 872 Τοῦ
2395 821 2530 894 πρὸς
2561 821 2879 895 κυνηγέσιον
2915 818 3161 893 ἐκκρούει
3192 817 3425 893 δρόμου·

2081 909 2223 964 6245
2261 908 2463 977 Ἕξεισι
2505 906 2552 962 δ’
2582 908 2754 970 οὕτως
2787 908 3136 984 αὐτοκράτωρ
3167 911 3255 964 καὶ
3294 911 3487 982 μόνος,

2266 998 2584 1071 Συνίστορες
2618 995 2675 1051 δὲ
2704 993 3111 1073 προσλαϐόντες
3143 999 3477 1073 σκεμμάτων

2263 1086 2533 1161 Σύναιμον
2570 1086 2812 1158 ἈΛέξιον
2845 1085 3032 1163 άὙουσι
3062 1089 3236 1163 τάχος

2264 1178 2448 1246 Σκηνή
2481 1177 2615 1250 πρὸς
2644 1175 2810 1245 αὐτὴν
2838 1177 2925 1232 καὶ
2963 1177 3239 1253 βασίλειον
3272 1178 3489 1252 θρόνον,

2262 1266 2361 1320 Καὶ
2393 1264 2537 1319 τόνδ’
2571 1267 2786 1320 ἀνεῖπον
2823 1266 3205 1344 αὐτοκράτορ’·
3234 1268 3491 1324 Αὐσόνων

2080 1355 2223 1411 6250
2261 1355 2395 1415 Τοῖς
2432 1352 2740 1428 βασιλικοῖς
2774 1353 3141 1423 ἀλαλάζοντες
3170 1355 3413 1431 κρότοις.

2259 1445 2359 1497 Καὶ
2388 1443 2549 1518 γνοὺς
2574 1445 2839 1505 Ἰσαάκιος
2864 1444 2931 1498 τὰ
2959 1446 3332 1520 πεπραγμένα,

2261 1530 2579 1585 Θεοκλυτῶν
2609 1532 2674 1602 ἤν
2706 1528 2953 1586 κίνδυνον
2984 1533 3328 1609 πεφευγέναι,

2260 1620 2409 1674 Ἐπεὶ
2442 1617 2499 1674 δὲ
2528 1620 2838 1690 συνέξοντας
2866 1620 3026 1675 αὐτὸν
3060 1621 3296 1683 ἱππότας

2259 1709 2440 1784 Ἐώρα
2469 1709 2864 1785 συντρέχοντας
2895 1709 3112 1785 ἀπτέρῳ
3140 1712 3321 1785 τάχει,

2082 1800 2225 1855 6255
2264 1798 2439 1859 Ἀνεὶς
2466 1798 2667 1874 χακινὰ
2694 1799 2831 1872 πρὸς
2861 1802 3038 1876 φυγὴν
3075 1798 3405 1875 μετετρᾶπη·

2262 1887 2363 1944 Καὶ
2394 1887 2518 1964 ῥοῦν
2550 1892 2803 1961 ποταμοῦ
2835 1883 3025 1951 διαϐὰς
3057 1889 3446 1963 προκειμένου,

2261 1976 2526 2034 Ἦλαυνεν
2555 1978 2726 2033 ἵππον
2760 1976 3076 2054 φυγαδεύων
3163 1981 3367 2043 σθένος.

2254 2065 2410 2135 Πλήν
2445 2068 2727 2142 συσχεθείς
2754 2088 2817 2143 γε
2845 2069 2981 2122 κατά
3008 2068 3303 2144 Στάγειραν
3325 2069 3521 2143 πόλιν,

2254 2157 2607 2214 Ἐκκόπτεται
2644 2156 2709 2226 δὴ
2742 2159 2837 2219 τὰς
2868 2157 3034 2231 κόρας
3065 2162 3173 2212 τῶν
3205 2158 3520 2233 ὀμμμάτων

2072 2248 2217 2302 6260
2255 2246 2407 2301 Κατᾶ
2434 2252 2681 2319 σεμνεῖον
2712 2246 2897 2321 εὐαγὲς
2928 2246 2990 2300 τὸ
3014 2249 3114 2315 τῆς
3147 2249 3224 2317 Βή
3236 2268 3351 2322 ρας,

2252 2335 2429 2411 Οὗπερ
2462 2333 2724 2411 δομήτωρ
2756 2330 3201 2412 σεϐαστοκράτωρ
3233 2335 3332 2411 ἔφυ

2246 2423 2403 2479 Τοῦδ⁷
2434 2423 2783 2501 Ἀνδρονίκου
2814 2427 2899 2481 καὶ
2930 2425 3119 2489 τοκεὺς
3151 2428 3523 2507 στεφηφόρου.

2250 2513 2408 2571 Οὕτω
2441 2512 2488 2569 δ’
2520 2515 2782 2578 Ἰσαάκιος
2812 2514 3060 2580 ἐκκοπεὶς
3090 2516 3275 2592 κόρας,

2248 2608 2340 2661 Ἐν
2382 2602 2685 2679 βασιλείοις
2712 2605 3146 2682 ἐγκαθείργνυται
3183 2603 3378 2679 δόμοις

2068 2695 2212 2749 6265
2250 2693 2396 2768 Οὐχὶ
2433 2696 2720 2770 μετασχὼν
2755 2696 2971 2749 οἱασοῦν
3007 2693 3258 2769 ἐδητύος,

2256 2786 2352 2837 Διά
2377 2784 2438 2837 τὸ
2466 2786 2637 2847 πάθος
2660 2786 2885 2858 ἡμερῶν
2916 2788 3134 2859 συχνῶν
3163 2786 3324 2842 πάνυ.

2247 2874 2457 2929 Ἔπη-ε’
2487 2873 2687 2938 ἐκεῖθεν
2716 2868 2872 2949 ἔσχεν
2908 2873 3065 2929 αὐτὸν
3103 2873 3251 2929 οἰκία

2247 2964 2313 3018 Ἢ
2342 2963 2478 3018 κατᾶ
2507 2960 2736 3018 διπλοῦν
2768 2964 2921 3019 κίονα
2950 2962 3345 3036 Προποντίδος,

2249 3048 2353 3103 Σὺν
2388 3049 2551 3123 μησὶν
2584 3052 2718 3105 ἑπτὰ
2748 3052 2859 3124 (69)
2891 3048 3231 3114 λυκάϐαντας
3264 3050 3416 3107 ἐννέα

2067 3141 2212 3195 6270
2248 3138 2595 3214 Κραταρχίας
2628 3140 2855 3214 ἄρξαντα
2884 3148 2983 3210 τῆς
3012 3145 3120 3196 τῶν
3151 3142 3438 3199 Αὐσόνων.

1988 3285 2031 3351 C
2330 3259 2642 3315 ΑΑΕΞΙΟΣ
2686 3260 2730 3314 0
2767 3260 3085 3315 ΑΓΓΕΛΟΣ
3125 3260 3240 3316 ET.
3282 3260 3369 3328 H',
3402 3260 3490 3323 ς”.

2246 3355 2401 3412 Οὕτω
2434 3354 2479 3411 δ’
2506 3351 2697 3419 ἐπιϐὰς
2730 3355 2971 3427 Ἀλέξιος
3001 3362 3098 3412 τοῦ
3126 3360 3361 3430 κράτους

2246 3446 2348 3504 Καὶ
2378 3451 2485 3501 τῶν
2516 3444 2662 3501 ὅλων
2696 3448 2846 3523 σχὼν
2872 3448 3124 3523 καθαρῶς
3150 3446 3470 3523 αὐταρχίαν,

2244 3536 2353 3591 Οὐκ
2384 3535 2538 3598 εὐθὺς
2569 3533 2854 3612 εἰσέδραμε
2883 3536 3019 3611 πρὸς
3052 3534 3373 3607 Βυζαντίδα,

2244 3624 2419 3681 Ἀλλά
2445 3630 2628 3689 κακῶς
2659 3626 2931 3700 πάσχουσι
2960 3628 3078 3688 τοῖς
3105 3625 3243 3679 κατὰ
3263 3624 3412 3680 δύσιν

2064 3716 2208 3771 6275
2246 3716 2399 3789 Παρὰ
2428 3717 2741 3790 Μυσαρχῶν
2766 3716 3105 3789 κασιγνήτων
3140 3712 3457 3790 δυστρόπων

2246 3804 2403 3860 Ἀσάν
2431 3823 2489 3858 τε
2520 3806 2728 3880 Πέτρου
2757 3810 2863 3873 τῆσ
2890 3806 3062 3869 κακῆς
3095 3802 3396 3878 ξυνωρίδος

2245 3892 2579 3969 Προστρέχει
2607 3895 2889 3968 πράγμασι
2920 3892 3009 3947 καὶ
3038 3889 3224 3947 τοῖσδε
3254 3892 3468 3965 ἀμύνει.

2246 3982 2419 4053 Δηλοῖ
2453 3980 2499 4037 δ’
2531 3982 2613 4037 ἐπ’
2643 3982 2790 4055 αὐτῷ
2811 3984 2874 4038 τὸ
2903 3983 3147 4057 πραχθὲν
3177 3985 3246 4055 τῇ
3283 3982 3523 4059 συζύγῳ.

2242 4073 2531 4148 Γερουσίας
2566 4070 2716 4147 μέρει
2745 4092 2803 4127 τε
2830 4076 2907 4143 τῷ
2936 4072 3071 4126 κατά
3100 4067 3287 4142 πόλιν,

2060 4164 2205 4220 6280
2242 4161 2450 4237 Κλήρῳ
2477 4184 2537 4217 τε
2566 4162 2724 4218 παντὶ
2755 4165 2845 4217 καί
2876 4162 3135 4233 πολιτείᾳ
3162 4162 3353 4219 πάλιν

2240 4252 2343 4309 Καὶ
2374 4258 2480 4315 πᾶς
2509 4274 2590 4315 τις
2623 4251 2753 4307 ὠσὶν
2785 4251 2952 4321 ἀκοὴν
2984 4252 3384 4329 πεπραγμένων

2238 4343 2408 4415 Ἀγαν
2442 4340 2651 4417 ἱλαρῶς
2680 4338 2855 4411 ἡδέως
2885 4342 3137 4412 ἠκηκόει.

2236 4434 2350 4499 Τῆς
2382 4428 2429 4485 δ’
2460 4430 2811 4507 Εὐφροσύνης
2844 4431 3143 4501 Δουκαίνης
3177 4428 3452 4506 βαςιλίδος

2236 4522 2376 4595 Ηρὸς
2410 4520 2501 4575 τὸν
2533 4521 2784 4596 μέγιστον
2817 4522 2941 4575 ναὸν
2975 4520 3429 4598 ἀφικνουμένης,ξ

1974 4653 2022 4717 D
2053 4612 2197 4667 6285
2237 4611 2438 4687 Στίφος
2475 4608 2751 4684 βαναύσων
2786 4610 3047 4685 φρατρίαν
3083 4607 3405 4685 δεδρακότε)

2236 4696 2441 4775 Ἀνδρα
2471 4697 2909 4775 Κπντοστέφανόν
2930 4720 3056 4773 τινα
3080 4696 3417 4768 τούπίκλην,

2228 4785 2472 4858 Ἀλέξιον
2503 4787 2697 4858 κλήσει
2732 4786 2812 4856 δέ,
2846 4787 3233 4863 συνειληφότες

2228 4878 2316 4933 Ἐν
2348 4881 2426 4948 τῷ
2464 4878 2705 4952 μεγίστῳ
2735 4878 2831 4931 τοῦ
2871 4881 3004 4931 Θεοῦ
3036 4878 3166 4949 θείῳ
3198 4874 3357 4950 δόμῳ

2045 4967 2187 5022 6290
2228 4967 2472 5022 Ἀνεῖπον
2508 4966 2583 5026 ὡς
2615 4963 2811 5020 ἄνακτα
2836 4972 2935 5034 τῆς
2967 4963 3300 5038 Ῥωμαΐδος.

2225 5060 2506 5129 Λαμπρων
2542 5051 2587 5108 δ’
2613 5052 2781 5115 ἐνίοις
2816 5054 3098 5128 συσχεθεὶς
3127 5054 3430 5130 παραυτίκα

2227 5144 2478 5219 Φρουρὰν
2513 5143 2715 5212 ὑπέστη
2745 5143 2833 5197 καὶ
2864 5144 3134 5218 κὰθειρξιν
3161 5141 3409 5204 ἐνδίκως.

2224 5233 2321 5288 Καὶ
2361 5232 2555 5288 λοιπὸν
2588 5229 2727 5295 ἅπας
2755 5233 3111 5307 προστρέχων
3147 5233 3274 5304 θείῳ
3308 5229 3467 5305 δόμῳ

2221 5323 2326 5391 Τήν
2362 5321 2713 5400 Εὐφροσύνην
2746 5321 2970 5396 ἀνύμνει
3008 5319 3287 5397 βασιλίδα.

2043 5489 2296 5551 constat,
2372 5485 2712 5556 praedictam
2786 5483 3313 5556 notamrliberiore
3386 5499 3591 5556 sensu__
3630 5483 3708 5538 ab

2041 5554 2389 5629 Ephraamio‘
2421 5556 2697 5629 usurpari
2744 5557 2815 5611 ad
2866 5555 3327 5629 signiﬁcandum
3369 5554 3711 5629 quemlibet

2041 5625 2180 5684 anni
2223 5625 2737 5690 excessumeuis
2786 5625 2950 5681 enini
2983 5631 3068 5682 tot
3107 5631 3361 5683 Caesares
3390 5625 3587 5682 annis
3629 5625 3701 5681 N.

2040 5717 2175 5757 cum
2207 5700 2515 5756 mensibus
2546 5699 2913 5755 adamussim
2951 5714 3050 5755 sex
3073 5699 3412 5772 regnavisse
3455 5695 3701 5755 credat!

351 5480 461 5552 (69)
494 5480 671 5562 Atqui
704 5479 1069 5563 Ephremius
1101 5479 1160 5533 in
1191 5478 1361 5563 titulo
1394 5479 1713 5563 scripserat
1731 5488 1930 5563 notam

280 5550 521 5635 ς’ςέᾳιᾶω
582 5550 1034 5635 i’nnGrzecoI-um
1090 5550 1325 5621 scriptis
1377 5550 1672 5622 signiﬁcat
1705 5560 1927 5625 partem

274 5622 609 5698 dimidiam.
653 5622 1045 5698 Quamobrem
1102 5628 1157 5676 et
1216 5638 1330 5698 ego
1380 5622 1930 5698 perpetuog'scripsi

270 5711 442 5750 mens.
477 5696 552 5758 Vl,
591 5712 718 5765 quae
750 5694 889 5748 anni
951 5711 1083 5764 pars
1144 5698 1233 5748 est
1276 5693 1542 5765 dimidia.
1587 5697 1697 5752 Sed
1731 5693 1927 5754 tamen

270 5770 399 5824 tum
431 5782 500 5823 ex
530 5763 638 5823 hoc
696 5765 849 5834 loco,
907 5763 1033 5821 tum
1091 5765 1266 5821 etiam
1302 5763 1540 5823 aliunde
1596 5771 1928 5826 necessario
