2038 3213
158 219 218 248 237

161 282 236 311 6295
254 281 320 309 Μεθ’
334 280 443 318 ἡμιρας
459 278 484 308 δ’
498 279 592 310 εἴσεισι
607 279 653 308 καὶ
667 280 777 318 κράτωρ
790 279 885 316 πόλιν,

255 325 294 356 Οὐ
310 327 392 353 πᾶσιν
406 324 538 356 ἀσπάσιος
553 324 590 351 ὧν
607 326 690 363 χάριν
705 323 770 363 ἔδρα

255 370 303 401 Εἲς
317 369 448 407 σύγγονον
462 369 544 408 φίλον
557 379 587 396 τε
600 368 645 397 καὶ
664 367 789 407 βασιλέα,

252 413 288 444 Ο’ί
302 414 348 442 καὶ
362 413 588 453 παρεφθέγγοντο
609 412 744 449 δήπουθεν
758 411 832 448 τάδε,

253 461 302 488 "Av
319 457 392 486 οἶδεν
407 457 482 496 ὕδωρ
496 458 562 490 τοὺς
576 457 740 489 πεπωκότας
754 457 874 495 πνίγειν,

163 505 238 534 6300
255 504 289 534 Τί
304 503 402 532 λοιπὸν
418 501 490 531 ἄλλο
504 503 549 531 καὶ
565 503 636 530 πιὼν
652 502 764 539 ζήσαιτό
777 512 819 533 τις
833 511 841 537 ;

253 549 283 577 Εἰ
299 548 323 576 δ’
339 548 370 576 οὗ
384 547 531 585 λυτροῦται
544 548 590 575 τὸν
607 548 737 584 σύναιμον
758 546 886 575 κινδύνου

251 595 283 623 Ὁ
299 593 379 633 φίλος
390 591 570 631 αὖτᾶδελφος,
587 592 693 631 οἷ’χεται
710 592 798 632 φύσις.

251 640 350 676 *Ομως
364 637 507 676 παρελθὼν
521 637 561 669 εἷς
576 638 643 664 νεὼν
663 639 729 665 Θεοῦ
747 638 831 675 μέγαν

253 684 305 712 Καὶ
320 682 475 714 ταινιωθεὶς
489 685 549 710 ταῖν
566 685 659 721 χεροῖν
677 682 838 720 ἀρχιθότου,

158 729 236 758 6305
253 729 368 765 Ἐξεισιν
386 726 464 759 αὖθις
479 728 516 758 ὡς
531 726 591 759 ἔθος
606 727 799 766 στεφηφόροις’

251 773 350 805 Ἵππος
363 773 512 809 προσήχθη
529 774 630 809 γαῦρος
646 771 684 802 εἷς
702 771 832 799 ἱππασίαν

253 817 404 848 Φατνιστὸς
420 814 576 855 Ἀῥράϐιος,
593 817 621 843 εὖ
634 817 803 852 ἠσκημένος·

254 863 298 893 Ὧς
314 861 360 889 οὖν
376 861 495 896 ἐπῆλθεν
510 861 684 898 ἐγκαθιζῆσαι
702 859 803 900 δίφρῳ,

253 908 352 938 Ἵππος
368 905 540 944 φριμάσσων,
556 908 675 943 γαυριῶν
691 905 723 939 ἧν
741 905 874 939 ἐκτόπως,

156 952 232 981 6310
250 950 457 988 Ἐμπροσθίους
472 949 494 977 δ’
511 949 611 982 ἄνωθεν
627 950 736 986 ἀνυψῶν
753 949 838 980 πόδας

254 995 307 1025 Καὶ
325 995 478 1033 βλοσσυρόν
493 1005 518 1021 τι
534 994 579 1021 καὶ
595 992 727 1030 μανιῶδες
744 993 864 1031 βλέπων.

253 1041 292 1069 Τὸ
308 1038 424 1068 δάπεδον
441 1040 464 1067 δ’
480 1038 551 1075 ὄνυξι
564 1040 673 1066 κόπτων
688 1039 828 1076 συχνάκις,

248 1085 303 1114 Τὸν
317 1083 454 1119 ἀναϐάτην
470 1083 601 1111 ἀπεσείετ’
617 1083 729 1121 ἐξόχως·

251 1129 327 1157 Ἐπεὶ
342 1128 372 1156 δὲ
388 1128 479 1160 λαθὼν
495 1126 642 1165 ἐμϐεϐήκει
659 1130 698 1164 τῷ
714 1126 803 1166 δίφρῳ

158 1175 232 1205 6315
250 1174 327 1204 Ἡνία
341 1171 434 1202 λαϐὼν
450 1173 477 1201 ἐν
493 1175 586 1211 χεροῖν
603 1173 791 1210 αὐτοκράτωρ,

250 1219 312 1257 Οὐχ
326 1219 409 1254 ἧτνον
422 1217 508 1249 ’ίππος
523 1217 666 1256 ἀγέρωχος
682 1218 793 1252 ὴτάκτει

253 1263 342 1296 Πόδας
356 1264 465 1300 ἀνυψῶν
481 1262 526 1290 καὶ
541 1262 672 1300 κροαίνων
687 1261 788 1299 ἀγρίως

252 1309 317 1337 Μετ’
331 1307 498 1345 δξακούστων
513 1309 730 1344 χρεμμετισμῶν
747 1307 791 1333 καὶ
807 1306 921 1343 κρότων·

251 1353 301 1381 Καὶ
315 1355 400 1380 ταῦτα
413 1354 502 1380 ποιῶν
519 1352 570 1378 οὐκ
584 1350 665 1387 ἔληξε
680 1350 818 1388 παράπαν,

156 1399 231 1428 63Ἇ)
248 1399 322 1430 "Em:
335 1396 458 1436 κεφαλῆς
471 1398 520 1423 τοῦ
535 1398 698 1433 κρατοῦντος
712 1396 743 1423 τὸ
760 1396 856 1434 στέφος

250 1442 343 1479 Χαμαί
358 1444 449 1469 πεσεῖν
462 1439 584 1477 δέδρακε,
599 1441 643 1467 καὶ
658 1440 756 1468 τούτου
775 1439 841 1477 μέρη

249 1487 364 1526 Θραῦσίν
379 1497 409 1514 τε
424 1487 530 1520 παθεῖν,
547 1484 664 1513 δυσκλεᾶ
678 1486 701 1512 τ’
717 1486 862 1521 ἀκοσμίαν,

250 1532 338 1563 Αὐτὸς
354 1530 378 1559 δ’
393 1530 588 1569 ἀπεσφαίριστο
604 1532 660 1566 (70)
678 1530 744 1566 μάλ’
759 1528 894 1567 ἑφεστρίδι

248 1578 346 1606 Ἵππον
362 1575 384 1604 δ’
400 1573 501 1608 ἀναϐὰς
514 1574 600 1604 ἄλλον
617 1576 631 1602 ὁ
648 1575 816 1614 στεφηφόρος

161 1623 236 1652 6325
254 1621 374 1659 Πομπὴν
389 1619 542 1648 ἐπεισόδιον
559 1621 629 1658 εἶχεν
642 1620 740 1650 ἀνύσας

249 1666 303 1695 Σὺν
318 1668 357 1703 τῷ
371 1665 481 1694 πεσόντι
498 1665 542 1693 καὶ
556 1665 744 1703 τεθραυσμένῳ
761 1665 861 1702 στέφετ-

249 1710 392 1741 Ἀπαίσιος
409 1709 432 1737 δ’
447 1708 536 1746 ἔδοξεν
551 1709 646 1740 οἰωνὸς
660 1707 731 1737 τόδε.

249 1756 386 1794 Ὑῆρχεν
400 1755 480 1785 οὗτος
495 1754 594 1791 ἀγαθὸς
609 1752 728 1791 τρόπους
746 1753 865 1791 κράτωρ,

249 1799 398 1838 Μείλιχος,
413 1799 542 1836 ἡούχιος,
558 1799 629 1833 ἠπία
644 1798 733 1837 φύσις,

153 1846 232 1875 8330
250 1844 368 1881 Ἰλαρὸν,
384 1843 553 1871 ιύέντιυκτον
569 1843 637 1877 ἦθος
653 1843 680 1870 εὖ
696 1843 795 1881 φέρων,

248 1887 435 1919 Μεταδοτικὺς
450 1887 496 1915 καὶ
512 1886 712 1925 φιλο’κτίρμιυν
730 1885 824 1922 πλέον,

250 1935 318 1961 nam
333 1933 475 1970 προσιτὸς,
491 1931 607 1968 εὐμενὴς
626 1931 768 1966 ὑπηκόοις,

248 1976 343 2012 Ἠδίις,
358 1976 478 2015 χαρίεις,
493 1976 630 2012 εὐπρεπὴς
648 1973 708 2012 ὄψιν
725 1974 801 2013 ἄγαν,

249 2023 373 2060 Ὀρθιος,
389 2021 486 2056 ιύῆλίξ
499 2031 539 2056 τε,
553 2020 649 2058 Νιρεύς
663 2031 705 2048 τις
721 2020 791 2052 νέος,

156 2068 232 2096 6335
250 2064 352 2095 Οὗτινα
368 2064 476 2103 βλάψας
489 2065 527 2096 είς
543 2064 636 2099 δέμας,
651 2064 688 2094 εἰς
705 2063 809 2097 οὐσίαν,

251 2109 315 2140 Οὕτ¹
330 2109 364 2138 αὖ
377 2110 539 2147 νεοχμώσας
554 2119 580 2136 τι
591 2112 641 2143 τῆς
659 2108 821 2143 Ἐκκλησίας

250 2155 291 2184 Οὐ
305 2154 428 2186 καινίσας
442 2154 524 2190 ἔθιμα
537 2157 587 2188 τῆς
604 2153 781 2190 ιιραταρχίας·

248 2201 345 2228 Μισῶν
361 2196 508 2229 διαϐόλους
523 2209 553 2225 τε
568 2200 661 2230 θῶπας
676 2198 807 2232 καθάπαξ·

251 2244 401 2280 Αἶσθητική
417 2254 460 2275 τις
475 2241 575 2280 καρδία
588 2243 637 2277 σὴς
654 2241 765 2276 ὀστέων,

153 2291 232 2320 6340
250 2291 306 2324 Τῆς
321 2288 360 2320 εἰς
375 2287 494 2325 ἀδελφὸν
510 2286 605 2314 ἀδίκου
621 2286 762 2324 παροινίας

249 2335 294 2363 ’Ev
310 2331 440 2371 συντριϐῇ
454 2332 609 2369 πνεύματος
624 2332 652 2358 εὖ
667 2331 822 2368 ᾐσθημένος

250 2378 302 2406 Καὶ
314 2378 454 2413 κατανύξει
467 2375 580 2414 καρδίας
596 2375 766 2412 δακρυχέων·
784 2387 786 2389 >

251 2423 314 2462 Ἐφ’
327 2422 359 2450 οὗ
373 2423 439 2460 γυνή
455 2433 498 2454 τις
513 2421 562 2449 οὐκ
577 2420 661 2459 ἐφάνη
677 2420 796 2457 γαμέτου

251 2469 301 2497 Ἐκ
313 2465 394 2495 τοῦδε
407 2468 499 2497 κακῶς
514 2465 554 2496 εἲς
571 2465 654 2501 δέμας
669 2464 848 2501 πεπονθότος,

157 2513 232 2542 6345
251 2511 369 2550 napus;
385 2510 559 2550 ἀμφίδρυφος
574 2511 591 2545 ἢ
604 2509 649 2537 καὶ
666 2509 798 2545 λυσίθριξ,

252 2555 320 2586 Οὐδ’
334 2555 481 2588 ἀπελαθεὶς
497 2554 573 2582 ὦπτό
586 2564 628 2585 τις
643 2552 783 2592 πατρίδος·

252 2601 333 2635 Πλὴν
347 2600 475 2638 νωχελής
490 2599 524 2634 ἦν
539 2599 585 2627 καὶ
603 2598 724 2635 μαλακὸς
738 2599 787 2632 τήν
804 2598 894 2637 φύσιν,

250 2643 319 2674 οὖδ³
335 2644 366 2673 εὖ
379 2645 506 2684 πεφυκὼς
521 2644 589 2682 πρὸς
605 2642 739 2678 διοίκησιν
756 2643 840 2677 ὅλων,

249 2691 298 2719 Ἐκ
313 2693 365 2725 τῆς
380 2699 496 2727 φυσικης
512 2687 687 2726 νωθρότητος
699 2688 850 2726 συντρόφου

156 2736 234 2766 6350
254 2735 305 2763 Καὶ
321 2735 370 2770 τῆς
383 2733 542 2773 τρυχούσης
553 2732 618 2764 τοὺς
633 2731 719 2763 πόδας
734 2732 873 2769 καχεξίας.

253 2779 342 2811 Οὗτος
358 2789 391 2818 γε
403 2778 494 2806 τοίνυν
511 2777 640 2815 ἀσφαλῶς
657 2778 732 2815 σχὼν
748 2777 779 2804 τὸ
795 2777 904 2813 κράτος,

199 2887 260 2926 (70)
274 2886 347 2916 Cod.
362 2884 565 2925 ἐπεσφαίριοτο.

931 217 1114 246 ΕΒΒΔΕΕ.

1006 281 1035 313 Α
1051 280 1119 309 Post
1134 281 1196 310 dies
1213 282 1327 319 aliquot
1341 283 1436 312 Caesar
1446 291 1563 320 quoque
1578 284 1608 312 in
1625 283 1727 313 urbem

1049 325 1128 354 haud
1146 327 1261 356 cunctis
1275 328 1357 356 venit
1371 328 1408 357 ob
1424 336 1513 356 suum
1536 328 1651 357 facinus

1049 370 1152 397 contra
1167 377 1341 406 gernanum
1358 370 1478 399 fratrem
1494 379 1644 407 suumque
1658 372 1822 401 dominum.

1049 413 1141 449 Atque
1152 414 1320 443 convicians
1340 415 1449 452 aliquis
1461 416 1504 444 sic
1519 416 1592 444 forte
1605 415 1703 444 aiebat
1719 425 1726 444 :

1049 458 1080 486 Si
1096 458 1231 488 bibentes
1247 460 1367 496 quidem
1387 462 1526 497 praefocat
1540 469 1628 497 aqua,

1049 503 1118 538 quis
1131 504 1192 539 jam
1205 504 1263 533 alio
1279 508 1348 541 potu
1362 505 1452 533 vitam
1468 505 1595 534 toleret?

1049 550 1077 575 et
1092 548 1116 575 si
1133 549 1251 577 fratrem
1268 558 1325 577 non
1343 550 1489 577 redimita
1505 550 1676 578 discrimine

1048 601 1208 629 germanus
1224 594 1318 628 frater,
1336 595 1422 630 periit
1434 597 1551 628 natura,

1048 640 1184 666 Attamen
1202 647 1377 674 progressus
1393 640 1428 667 ad
1445 639 1590 675 templum
1609 648 1761 675 magnum,

1048 685 1077 711 et
1091 684 1262 719 patriarcha:
1279 687 1437 712 coronatus
1454 685 1603 717 manibus,

1048 728 1118 755 exiit
1131 729 1167 755 ad
1185 737 1324 765 pompam
1340 728 1504 756 Caesaribus
1521 728 1635 756 solitam
1653 737 1659 756 :

1047 773 1081 800 aii
1100 781 1186 808 quem
1200 773 1348 807 sublimis,
1367 776 1398 801 ut
1412 773 1564 807 insideret,
1585 773 1702 800 ducitur

1047 826 1141 853 equus
1156 819 1250 846 Arabs
1266 819 1301 846 de
1318 818 1500 854 praesepibus
1517 820 1547 845 et
1558 819 1637 854 bene
1654 818 1800 847 exercitus
1817 828 1823 846 :

1046 870 1146 890 verum
1164 863 1234 890 dum
1251 863 1347 891 Caesar
1364 863 1393 890 in
1409 863 1583 899 ephippium
1600 862 1704 897 insilit,

1046 908 1218 936 subsultans
1234 917 1327 943 equus
1344 908 1487 944 valdeque
1505 908 1660 940 ferociens,

1005 961 1030 994 Β
1046 961 1135 988 seque
1151 953 1312 981 anteriores
1335 954 1466 988 arrigens
1482 953 1510 980 in
1527 953 1629 988 pedes,

1045 998 1135 1025 torvis
1150 999 1179 1025 in
1197 998 1350 1026 iracundia
1366 998 1488 1026 suffusis
1503 998 1608 1032 Oculis,

1045 1044 1074 1069 et
1089 1042 1288 1077 pavimentum
1305 1043 1425 1078 ungulis
1441 1050 1515 1078 saepe
1531 1042 1676 1078 quatiens,

1045 1086 1118 1113 miro
1135 1094 1281 1114 sessorem
1298 1087 1452 1114 recusabat
1468 1086 1533 1114 nisu
1554 1095 1559 1114 :

1045 1131 1096 1158 sed
1113 1139 1180 1158 cum
1196 1134 1313 1167 repente
1330 1131 1502 1168 ephippium
1519 1133 1695 1166 occupasset

1044 1175 1309 1212 prehendissetque
1326 1177 1409 1204 frenu
1416 1185 1441 1204 in
1458 1176 1630 1212 imperator,

1045 1220 1136 1248 nihilo
1153 1222 1252 1248 tamen
1269 1221 1426 1248 ferociebat
1442 1221 1541 1248 minus

1044 1273 1138 1300 equus
1154 1264 1238 1293 elutis
1255 1265 1378 1301 pedibus
1391 1267 1559 1300 terramque
1575 1265 1743 1297 verberans,

1044 1309 1219 1344 sonorisque
1235 1310 1400 1337 hinnitibus
1415 1317 1512 1337 aerem
1529 1309 1699 1344 complens;

1044 1362 1138 1389 neque
1152 1362 1169 1381 δι
1185 1354 1281 1381 furore
1296 1354 1467 1389 hujusmodi
1489 1353 1568 1389 prius
1585 1353 1708 1388 destitit,

1045 1407 1134 1433 quam
1150 1398 1246 1434 capite
1262 1407 1400 1426 coronam
1417 1398 1546 1426 excussit
1562 1398 1666 1426 Caesari

1045 1443 1127 1470 humi
1142 1444 1312 1479 projectum,
1330 1444 1413 1478 cujus
1428 1443 1514 1470 etiam
1532 1445 1626 1477 partes

1045 1488 1197 1515 confractm
1212 1491 1281 1516 sunt
1297 1488 1424 1516 iniauste
1441 1490 1528 1523 utque
1543 1487 1679 1515 indecore
1697 1495 1703 1513 :

1045 1540 1143 1560 sessor
1158 1535 1255 1560 autem
1273 1534 1362 1560 strato
1379 1532 1489 1560 corruit
1502 1540 1660 1567 purpureo.

1045 1577 1241 1610 Quamobrem
1257 1576 1314 1605 alio
1329 1577 1465 1604 inscenso
1480 1578 1575 1604 Caesar
1589 1584 1663 1612 equo

1046 1621 1292 1657 qualemcumque
1308 1622 1427 1649 domum
1443 1620 1568 1648 absolvit
1583 1629 1721 1656 pompam

1045 1675 1112 1694 cum
1129 1668 1283 1694 stemmate
1298 1667 1444 1694 contracto
1462 1668 1490 1693 et
1503 1665 1626 1693 deciduo
1641 1675 1647 1699 ;

1043 1712 1120 1746 quod
1138 1710 1240 1738 lazvum
1257 1719 1342 1738 omen
1359 1711 1453 1738 visum
1470 1711 1514 1737 est
1530 1709 1744 1745 spectantibus.

1043 1756 1110 1784 Erat
1125 1756 1172 1783 hic
1188 1756 1283 1783 Caesar
1298 1755 1396 1783 indole
1414 1755 1490 1782 bona
1506 1754 1658 1790 praeditus,

1043 1801 1145 1836 comis,
1161 1800 1353 1836 tranquillus,
1370 1803 1525 1828 mansueto
1541 1800 1672 1835 ingenio,

1042 1844 1155 1879 hilaris,
1172 1854 1277 1873 accesu
1294 1845 1445 1880 aifatuque
1459 1843 1563 1878 facilis,

1043 1889 1185 1917 clemente
1200 1889 1309 1923 animo,
1325 1897 1412 1917 manu
1429 1887 1553 1921 liberali,

1042 1936 1215 1961 cunctorum
1231 1933 1368 1970 precibus
1392 1936 1508 1969 patens,
1524 1936 1553 1960 et
1569 1932 1725 1961 benevolus
1741 1941 1747 1959 :

1042 1978 1180 2012 blandus,
1194 1978 1353 2014 gratiosus,
1370 1978 1576 2013 formosusque
1591 1977 1761 2011 admodum,

1043 2031 1193 2058 procerus,
1210 2023 1320 2051 virente
1336 2024 1430 2057 aetate,
1447 2022 1521 2050 alter
1535 2021 1650 2049 Nireus.

1043 2068 1175 2096 Neminis
1192 2067 1240 2096 hic
1256 2066 1369 2102 corpori
1385 2066 1462 2094 reive
1477 2065 1588 2099 nocuit,

1044 2121 1138 2149 neque
1151 2113 1181 2140 in
1197 2112 1324 2140 Ecclesia
1340 2112 1462 2147 quidam
1479 2111 1638 2145 innovavit,

1043 2165 1095 2185 nec
1111 2157 1263 2193 obrogavit
1277 2157 1347 2183 item
1365 2155 1480 2192 imperii
1496 2155 1612 2189 legibus
1627 2163 1633 2187 ;

1043 2201 1253 2230 assentationis
1274 2210 1354 2236 mque
1368 2204 1396 2228 et
1412 2200 1566 2228 calumnia:
1583 2208 1658 2227 osor.

1043 2246 1173 2282 Cumque
1189 2248 1269 2274 esset
1283 2248 1383 2273 tenero
1398 2245 1531 2272 imbutus
1546 2245 1646 2272 animo

1043 2291 1154 2319 crimen
1170 2291 1311 2319 adversus
1323 2291 1454 2323 fratrem,
1473 2292 1503 2317 ut
1520 2289 1627 2317 cariem
1645 2288 1769 2321 ossium,

1005 2333 1027 2365 D
1044 2337 1210 2364 exulcerata.
1236 2336 1323 2363 ﬁxum
1341 2336 1461 2371 gerebat
1477 2336 1585 2367 mente,

1046 2381 1265 2417 gemitibusque
1281 2383 1309 2408 et
1324 2380 1463 2416 iacrymis
1479 2379 1626 2414 expiabat.

1047 2427 1112 2462 Ipso
1128 2427 1269 2461 regnante
1285 2424 1367 2452 nulla
1382 2432 1512 2459 unquam
1535 2422 1642 2450 mulier

1047 2472 1165 2506 propter
1181 2469 1277 2497 mariti
1294 2468 1461 2496 mutilatum
1482 2476 1589 2503 corpus

1045 2515 1090 2542 vel
1105 2514 1243 2542 laceravit
1258 2522 1349 2549 genas
1364 2513 1407 2540 vel
1425 2512 1510 2540 solvit
1524 2520 1653 2544 comam,

1047 2566 1100 2586 nec
1116 2559 1273 2595 quisquam
1291 2558 1386 2593 patria
1402 2556 1506 2593 pulsus
1521 2556 1551 2583 in
1568 2555 1715 2583 exsilium.

1048 2605 1189 2631 Caeterum
1203 2611 1302 2630 socors
1318 2602 1502 2637 remissoque
1519 2600 1648 2636 ingenio,

1049 2656 1143 2683 neque
1159 2648 1194 2675 ad
1210 2646 1424 2683 rempublicam
1443 2645 1601 2681 regendam
1619 2645 1742 2673 idoneus

1048 2694 1166 2728 propter
1181 2694 1288 2720 natura
1304 2691 1424 2718 insitam
1442 2690 1610 2727 segnitiem,

1047 2738 1077 2765 et
1091 2737 1161 2772 quia
1172 2737 1297 2773 pedibus
1313 2735 1402 2763 etiam
1420 2735 1584 2763 laborabat.

1049 2782 1171 2814 Quietus
1186 2789 1254 2817 ergo
1271 2781 1426 2809 moderans
1441 2780 1566 2815 imperio
