4076 6454
336 421 441 475 239
1560 422 1931 477 ΕΡΗΒΕΜΙῙ

2160 420 2547 476 ’ΝΟΟΒΔΡΗΙ
3659 422 3770 479 240

2022 546 2077 612 Α
2286 544 2385 598 Καὶ
2421 543 2721 619 βασιλείοις
2749 541 3091 619 ἐνδιατρίψας
3123 541 3342 617 δόμοις,

336 550 513 616 atque
544 546 604 601 in
637 545 819 617 regali
847 546 1121 601 desidens
1154 544 1369 616 palatio

340 635 626 705 plurimos
657 635 828 691 donis
861 636 1104 707 largiter
1132 635 1357 690 ditabat

339 725 691 795 eximiisque
723 726 977 796 augebat
1015 724 1422 795 dignitatibus.

341 816 406 869 In
439 814 723 869 orientem
756 820 962 885 postea
993 832 1127 869 cum
1162 814 1345 885 copiis
1378 813 1614 869 transiit
1645 829 1658 867 :

342 904 569 959 audivit
597 904 779 974 enim,
814 905 1006 960 denuo
1040 903 1315 958 rebellem

341 992 612 1048 Alexium
643 994 955 1064 quemdam
989 993 1047 1047 in
1081 992 1377 1062 provincia
1406 991 1671 1058 Cilicum,

343 1082 527 1153 (illius
551 1082 787 1138 nomine
817 1082 1046 1139 scilicet
1076 1087 1388 1153 assumpto

340 1172 525 1227 Alexii
555 1174 778 1229 Caesare
808 1172 1073 1228 Manuele
1104 1172 1244 1241 nati)

343 1278 524 1333 pagos
556 1263 797 1318 incursu
833 1262 1127 1333 urbesque
1161 1261 1529 1333 perturbare,

342 1352 423 1406 Ad
455 1350 879 1422 Melangiorum
912 1368 1051 1423 ergo
1083 1350 1355 1421 praesidia
1387 1365 1657 1421 pergens,

338 1444 515 1511 atque
544 1440 665 1496 illic
699 1441 875 1497 etiam
910 1440 1203 1495 salutatus
1235 1440 1515 1495 dominus

336 1546 606 1585 reversus
638 1534 728 1584 est
758 1531 818 1585 in
854 1530 1059 1585 urbem
1080 1529 1420 1600 imperator.

337 1619 621 1674 Obortum
652 1624 743 1674 est
774 1619 983 1675 deinde
1012 1619 1272 1674 Romano
1314 1618 1564 1689 imperio

342 1707 655 1762 molestum
689 1712 1023 1763 monstrum
1055 1713 1229 1777 atque
1261 1706 1728 1777 inexspectatum

341 1800 629 1868 tyrannus
662 1796 758 1851 ille
788 1796 1130 1867 Cypriorum
1162 1795 1421 1859 lsacius;

343 1885 445 1955 qui
472 1885 542 1939 ad
575 1884 879 1941 sultanum
912 1889 1146 1955 repente
1178 1884 1516 1955 profugiens

342 1980 519 2045 atque
540 1974 622 2029 ibi
656 1979 865 2030 nactus
897 1974 1208 2029 auxiliares
1241 1973 1460 2044 copias,

344 2064 642 2120 Romanas
674 2068 857 2120 terras
889 2064 1184 2135 urbesque
1214 2062 1541 2117 divexabat.

340 2155 449 2209 Sed
485 2153 641 2208 enim
666 2154 872 2208 ambos
907 2170 1065 2208 mors
1098 2150 1393 2223 oppressit
1423 2150 1685 2204 demum.

340 2241 535 2297 Caesar
565 2243 635 2298 de
670 2242 841 2299 terris
874 2242 1135 2297 occiduis
1169 2240 1462 2296 sollicitus

342 2331 599 2400 peritum
632 2332 843 2387 ducem
882 2334 1271 2402 cognomento
1301 2328 1599 2401 Aspictam

344 2436 475 2473 cum
511 2435 827 2475 numeroso
858 2418 1167 2491 validoque
1197 2418 1450 2473 exercitu

343 2508 632 2565 adversus
665 2509 873 2564 Moesos
905 2508 1187 2563 barbaros
1217 2507 1417 2562 hostes
1451 2504 1614 2560 misit

339 2613 547 2652 verum
584 2596 803 2653 infelici
836 2598 1153 2653 commisso
1186 2596 1404 2668 praelio,

336 2690 546 2757 captus
577 2691 668 2742 est
694 2686 961 2742 barbaris
990 2686 1228 2757 Aspieta
1256 2686 1472 2739 Mcesis.

337 2773 666 2829 Plurimum
699 2791 904 2830 rursus
937 2775 1127 2830 Caasar
1156 2790 1365 2845 gerens
1396 2788 1599 2827 curam

335 2863 714 2918 occiduarum
750 2864 985 2918 urbium
1019 2862 1397 2931 afflictarum,

336 2950 611 3017 Isacium,
646 2952 742 3007 cui
772 2952 1093 3006 tradiderat
1123 2950 1305 3006 filiam
1339 2949 1573 3020 nuptui,

337 3040 797 3095 sebastocratem
829 3039 1137 3111 dignitate,
1171 3038 1334 3093 misit

334 3128 529 3183 denuo
562 3145 692 3183 cum
726 3129 1038 3200 praevalido
1070 3129 1306 3199 ingente
1337 3126 1592 3181 exercitu
1629 3143 1641 3180 :

332 3217 431 3271 sed
466 3218 537 3272 ab
570 3220 759 3273 Asane
787 3222 995 3289 captus
1023 3223 1080 3273 et
1109 3217 1204 3272 hic
1236 3216 1506 3282 barbaro,

331 3305 526 3360 vincla
553 3307 833 3362 diuturna
863 3313 920 3363 et
950 3322 1239 3362 carcerem
1274 3322 1608 3377 perpessus,

331 3394 552 3450 ibidem
582 3395 837 3451 violenta
871 3401 1053 3451 morte
1085 3396 1249 3451 obiit.

333 3482 542 3539 Verum
578 3489 635 3540 et
660 3486 785 3556 ipse
818 3486 1105 3541 barbarus
1137 3491 1294 3539 Asan
1326 3483 1499 3555 periit

331 3589 511 3627 manu
535 3574 849 3644 cujusdam
886 3574 1046 3629 Μωδί
1080 3573 1274 3628 Ibanci
1307 3573 1598 3639 domitus;

330 3661 642 3733 Petrtsque
677 3663 935 3719 obtinuit
965 3663 1170 3719 Musiae
1202 3662 1618 3734 principatum.

328 3837 440 3893 Sed
474 3855 607 3893 cum
641 3838 735 3894 hic
761 3837 937 3894 etiam
969 3838 1162 3911 gladio
1196 3839 1404 3894 fuisset
1433 3855 1639 3904 caesus,

318 3926 593 3999 princeps
629 3928 940 3983 Moesorum
976 3929 1199 3984 exstitit
1230 3928 1485 3983 Joannes

319 4017 473 4070 Petri
507 4018 840 4089 Asanisque
871 4018 1068 4087 frater,
1106 4019 1340 4090 ingenio
1374 4017 1652 4089 pessimo,

310 4108 367 4159 et
398 4108 797 4161 Romanarum
832 4107 1065 4163 urbium
1101 4108 1409 4179 pernicies.

314 4193 567 4250 Ibancus
601 4201 798 4251 autem
833 4198 900 4250 ad
937 4199 1221 4253 Caesarem
1255 4196 1601 4267 confugiens

313 4288 489 4354 atque
517 4285 734 4339 libente
766 4286 961 4340 animo
994 4291 1263 4357 receptus

316 4371 597 4427 Romanis
628 4374 897 4442 partibus
930 4374 1128 4428 utilem
1165 4390 1226 4429 se
1260 4373 1525 4444 praebuit,

316 4458 559 4514 ﬂoribus
596 4477 802 4531 nempe
826 4462 1083 4531 juvenis,
1119 4464 1248 4517 forti
1283 4478 1485 4525 manu,

309 4548 412 4601 sed
446 4549 517 4602 ad
550 4550 901 4604 sumendam
938 4551 1082 4604 iram
1118 4552 1551 4622 paratissimus.

304 4636 454 4691 Huic
478 4636 786 4693 collocavit
816 4638 1006 4693 Caesar
1038 4639 1095 4693 in
1130 4640 1575 4694 matrimonium

304 4724 363 4779 in
399 4726 592 4782 aulam
626 4727 957 4783 advenienti
987 4734 1218 4801 neptem
1253 4746 1442 4783 suam.

300 4820 357 4869 et
388 4817 791 4886 praefecturam
826 4818 1068 4872 tradidit
1099 4818 1592 4890 Philippopoleos.

310 4904 367 4958 Is
390 4910 585 4961 autem
623 4911 824 4963 contra
858 4908 1068 4963 Mocsos
1101 4913 1159 4963 et
1190 4915 1395 4964 contra
1426 4912 1667 4981 Scythas

302 4992 539 5048 ﬁrmum
576 4995 818 5050 Romani
852 4997 1081 5068 imperii
1116 4998 1419 5053 munimen
1451 5003 1591 5053 erat.

294 5080 427 5137 Jam
454 5099 587 5137 cum
620 5084 813 5139 Sicilia
845 5086 915 5140 ab
948 5084 1293 5141 Alamannis
1325 5087 1593 5142 barbaris

294 5171 547 5241 turpiter
576 5176 995 5242 essetdomita,
1029 5181 1170 5231 tunc
1201 5177 1257 5231 in
1298 5176 1525 5232 Italiam

290 5259 344 5314 vi
377 5263 679 5331 deportata
710 5268 798 5317 est
828 5281 928 5318 ceu
966 5266 1158 5334 przeda
1186 5264 1322 5320 belli

293 5347 413 5403 filia
445 5365 680 5422 quoque
710 5352 955 5407 Caesaris
980 5352 1187 5407 Isaacii
1214 5374 1227 5421 ;

290 5442 348 5491 et
371 5437 525 5509 regis
547 5438 904 5495 Alamanniae
934 5456 1213 5511 germano
1250 5442 1412 5497 fratri

288 5524 558 5597 Philippo
583 5528 795 5598 juncta
824 5532 917 5584 est
948 5528 1197 5598 nuptiali
1224 5530 1457 5601 foedere,

357 5739 472 5810 (71)
501 5741 643 5809 Cod.
679 5735 879 5809 λαϐήν.

2283 634 2389 688 Καὶ
2422 630 2651 708 δωρεαῖς
2680 632 2808 697 τοὺς
2836 632 3130 695 πλείστους
3160 634 3488 695 καταπιάνας

2283 718 2389 775 Καὶ
2423 718 2745 794 φιλοτίμοις
2772 721 2943 793 ἀξίοις
2971 719 3306 792 καθηδύνας,

2103 809 2248 864 6355
2286 811 2435 865 Μετὰ
2467 816 2720 884 στρατιᾶς
2754 810 2955 887 ἐκπερᾷ
2985 812 3123 887 πρὸς
3154 812 3253 879 τὴν
3285 809 3381 867 ἕω·

2281 898 2551 955 Ἧκουστο
2581 902 2669 955 καὶ
2704 901 2805 975 γάρ
2839 900 2913 963 ὡς
2942 902 3275 973 ἀποστιάτης
3306 901 3472 959 πάλιν

2283 986 2528 1058 Ἀλέξιές
2556 1010 2637 1051 τις
2670 988 2905 1045 Κιλίκων
2936 990 3203 1067 ἐπαρχίας

2282 1080 2660 1153 Προσηγορίαν
2695 1077 2897 1141 ὑποδὺς
2926 1079 3171 1153 Ἀλεξίου

2282 1166 2461 1241 Οὗπερ
2493 1168 2683 1232 τοκεὺς
2710 1170 2776 1237 ἦν
2802 1169 3068 1239 Μανουὴλ
3098 1171 3473 1246 αὐτοκράτωρ,

2103 1254 2246 1309 6360
2285 1256 2484 1327 Κώμας
2519 1255 2684 1312 ἐπιὼν
2719 1257 2920 1313 ἀνέσειε
2948 1260 3043 1323 τὰς
3072 1258 3286 1323 πόλεις.

2283 1343 2479 1400 Τοίνυν
2512 1345 2730 1410 ἐπιστὰς
2764 1350 3048 1425 φρουρίοις
3080 1347 3459 1426 Μελαγγείων,

2286 1434 2388 1490 Καὶ
2414 1441 2533 1497 τοῖς
2563 1434 2736 1491 ἐκεῖσε
2770 1437 3024 1513 βασιλεὺς
3056 1439 3411 1513 αὐτοκράτωρ

2280 1526 2700 1601 ’Δναγορευοεὶς
2730 1528 2867 1602 πρὸς
2900 1528 3064 1583 πόλιν
3096 1530 3441 1607 ὑποστρέφει·

2283 1614 2394 1667 Εἶτ’
2428 1614 2629 1691 άνεφύη
2666 1614 2976 1689 Ῥωμαίὸος
3005 1622 3084 1689 τῷ
3115 1620 3301 1693 κράτει

2102 1703 2247 1757 6365
2286 1702 2462 1758 Κακόν
2495 1724 2547 1757 τι
2578 1704 2864 1780 τερμέριον
2897 1706 3128 1761 ἄελπτον
3156 1708 3345 1764 πάλιν.

2286 1794 2324 1849 Ἰ
2377 1792 2387 1810 Ῐ
2587 1794 2599 1813 Ι
2871 1798 2883 1811 ‘
3010 1798 3022 1815 π
3264 1800 3274 1821 1

2329 1813 2515 1857 σακιος
2540 1816 2801 1868 τυραννος
2833 1818 3061 1874 αισχρος
3095 1802 3376 1874 Κυπριων,

2024 1917 2072 1982 Β
2282 1883 2377 1943 Ὃς
2408 1881 2663 1955 ἐξαπίνης
2692 1887 2983 1963 προσρυεὶς
3013 1892 3092 1960 τῷ
3123 1888 3406 1962 σουλτάνῳ

2282 1972 2540 2037 Κάκεῖθεν
2574 1975 2744 2048 εὑρὼν
2776 1979 3131 2051 συμμαχικόν
3160 2000 3211 2033 τι
3240 1979 3426 2057 στίφος

2282 2063 2479 2136 Χώρας
2513 2064 2707 2118 ἐκάκου
2740 2066 2829 2120 καὶ
2861 2065 3051 2128 πόλεις
3083 2066 3411 2140 Ῥωμαίδος.

2100 2151 2243 2205 6370
2280 2148 2553 2206 Ὤλλυντο
2586 2148 2632 2205 δ’
2665 2152 2830 2232 ἄμφω
2861 2159 3341 2234 παραπεμφθέντες
3368 2159 3543 2234 μόρῳ.

2282 2238 2556 2313 Φροντίδα
2584 2245 2754 2307 τιθεὶς
2785 2242 3014 2300 δυτικῶν
3050 2251 3252 2321 χωρῶν
3286 2246 3439 2322 ἄδαξ,

2279 2330 2438 2385 Μετά
2467 2338 2719 2405 στρατιᾶς
2750 2334 2935 2403 ἱκανῆς
2966 2334 3255 2410 εὐκαρδίου

2277 2416 2483 2493 ’Ἄνδρα
2514 2423 2813 2498 στρατηγὸν
2846 2424 3151 2495 τούπίκλην
3183 2428 3473 2498 Ἀσπιέτην

2277 2508 2422 2562 Κατὰ
2453 2510 2655 2565 Μυσῶν
2691 2513 2975 2591 πέπομφεν
3009 2514 3221 2588 ἐχθρῶν
3262 2511 3575 2592 βαρϐάρων·

2096 2596 2239 2650 6375
2276 2598 2631 2671 Χρησάμενος
2666 2597 2722 2655 δὲ
2756 2602 2832 2673 μὴ
2866 2601 3096 2665 δεόντως
3126 2608 3194 2677 τῇ
3230 2608 3409 2681 μάχῃ.

2273 2686 2473 2748 Αὐτοῖς
2503 2687 2649 2743 ἑάλω
2686 2685 2982 2764 βαρϐάροις
3016 2693 3372 2770 ἀντιμάχοις,

2278 2775 2619 2848 Ποιούμενος
2650 2777 2813 2855 λόγον
2853 2778 2911 2835 δὲ
2938 2780 3165 2837 πλείονα
3194 2782 3358 2839 πάλιν

2276 2864 2500 2941 Κράτωρ
2534 2865 2767 2923 δυτικῶν
2799 2870 2999 2925 ἀστέων
3035 2875 3415 2945 κακουμένων,

2276 2953 2541 3009 Ἰσαάκιον
2576 2952 2822 3031 γαμϐρὸν
2858 2958 2934 3021 εἰς
2967 2962 3235 3036 θυγατέρα

2095 3042 2241 3097 6380
2278 3043 2375 3096 Τὸν
2410 3038 2879 3123 σεϐαστοκράτορα
2905 3050 3108 3123 πέμπει
3143 3049 3405 3128 δευτέρως

2276 3130 2381 3185 Σὺν
2412 3130 2732 3207 δυσαρίθμῳ
2764 3143 2986 3211 στρατιᾷ
3017 3137 3302 3213 ῥωμαλέᾳ.

2272 3219 2540 3284 Κάκεῖνος
2572 3224 2728 3279 Ἀσάν
2763 3229 3045 3300 συσχεθεὶς
3074 3234 3151 3302 τῷ
3186 3225 3446 3308 βαρϐάρῳ

2016 3278 2061 3347 C
2277 3310 2481 3383 Χρόνια
2512 3278 2684 3386 δεσμά
2712 3278 3319 3392 καί

1989 4644 2037 4709 D

2278 3400 2364 3453 Ἐν
2396 3403 2476 3463 οἷς
2508 3400 2797 3477 ἐναπέψυξε
2831 3405 2995 3481 βιαίῳ
3037 3410 3215 3484 μόρῳ.

2092 3488 2233 3543 6385
2276 3488 2427 3577 Πλὴν
2457 3488 2605 3577 ἀλλᾲ
2634 3495 2723 3547 καὶ
2760 3490 3037 3571 βάρϐαρος
3065 3499 3224 3555 Ἀσὰν
3258 3498 3462 3577 ἐφθάρη

2270 3574 2484 3647 Κλῆσιν
2519 3576 2750 3657 Ἰϐαγκῳ
2777 3606 2887 3638 τινι
2915 3590 3115 3641 Μυσῶν
3149 3586 3207 3642 ἐκ
3237 3574 3445 3663 γένους·

2267 3668 2365 3723 Καὶ
2425 3671 2631 3745 Πέτρος
2690 3674 2869 3748 ἀρχὴν
2949 3676 3047 3745 τήν
3125 3680 3325 3735 Μυσῶν
3389 3675 3572 3737 λαϐὼν
3633 3686 3755 3758 (71)

3460 3791 3601 3831 εἰει.

3460 3791 3497 3824 ε.

2261 3845 2357 3900 Καὶ
2384 3846 2543 3903 τοῦδε
2572 3856 2752 3914 κακῶς
2784 3852 3211 3920 ἀποκτανθέντος
3242 3856 3404 3936 ξίφει,
3436 3772 3453 3843 [
3491 3791 3523 3846 χ

2260 3936 2516 4009 Ἰωάννης
2550 3936 2789 3996 δέδεικτο
2824 3949 3274 4020 μυσαρχηγέτης,

2080 4024 2223 4078 6390
2261 4026 2417 4080 Ἀσᾶν
2455 4028 2659 4103 Πέτρου
2689 4030 2977 4106 σύναιμος,
3010 4032 3296 4109 αἶ’σχιστος
3332 4038 3592 4113 τρόπους,

2257 4118 2371 4169 Τῶν
2404 4116 2728 4190 Ῥωμαϊκῶν
2764 4120 2963 4177 ἀστέων
2996 4126 3340 4199 καθαιρέτης.

2255 4203 2315 4259 Ὁ
2346 4200 2392 4257 δ’
2423 4205 2514 4259 οὖν
2542 4201 2786 4282 Ἰϐαγκὸς
2817 4211 3108 4284 προσρυεὶς
3136 4214 3465 4291 στεφηφόρῳ

2252 4292 2351 4346 Καὶ
2384 4296 2530 4367 παρά
2558 4293 2717 4350 τοῦδε
2748 4296 3112 4374 προσδεχθεὶς
3150 4300 3281 4374 μάλ’
3312 4303 3584 4375 ἀσμένως,

2252 4382 2537 4455 Χρήσιμος
2568 4384 2717 4439 ὧπτο
2748 4391 2827 4458 τῷ
2863 4388 3013 4463 μέρει
3043 4395 3150 4445 τῶν
3182 4391 3460 4462 Δύσὸνων,

2069 4469 2211 4525 6395
2246 4472 2515 4542 Ἀκμαῖος
2551 4470 2623 4525 ὥν
2653 4495 2737 4536 τις
2768 4476 2856 4529 καὶ
2893 4479 3060 4553 χέρας
3093 4479 3410 4556 ῥωμαλέος,

2248 4561 2582 4637 Ὀξύῤῥοπος
2616 4564 2662 4618 δ’
2691 4566 2783 4621 οὗν
2813 4570 2947 4643 πρὸς
2979 4572 3147 4643 θυμὸν
3188 4574 3280 4627 καὶ
3326 4573 3543 4646 μανίαν.

2246 4649 2432 4723 Τούτῳ
2458 4654 2805 4728 κατηγγύησε
2835 4659 2971 4732 πρὸς
3001 4660 3272 4715 συνοικίαν

2246 4738 2355 4805 Τὴν
2389 4740 2720 4816 θυγατριδῆν
2761 4745 3015 4813 βασιλεὺς
3049 4750 3357 4826 ἀφιγμένῳ.

2242 4828 2525 4903 Ὕπαρχον
2556 4830 2735 4906 ἀρχὴν
2762 4841 2861 4903 τῆς
2892 4835 3180 4893 Φιλίππου
3212 4842 3487 4916 χειρίσας,

2062 4913 2205 4969 6400
2242 4916 2336 4977 ‘Oc
2366 4917 2433 4985 ἦν
2467 4917 2826 4995 ἐπιτείχισμα
2854 4926 3064 4987 Μυσοῖς
3097 4928 3187 4983 καὶ
3217 4913 3481 4999 Σκύθαις,

2241 5006 2511 5081 Τειχῆρες
2543 5009 2797 5065 Αὐσόνων
2829 5010 2887 5066 δὲ
2914 5016 3135 5089 χωρίων
3176 5021 3351 5093 μέρει.

2240 5095 2372 5155 Τοῖς
2402 5092 2728 5168 Ἀλαμανοῖς
2766 5096 3063 5177 βαρϐάροις
3100 5092 3356 5171 Σικελίας

2238 5181 2500 5258 Αίσχρῶς
2530 5183 2795 5259 ἀλούσης,
2828 5187 2880 5244 ἐν
2914 5190 3120 5264 Ἰταλίᾳ
3146 5195 3269 5250 τότε

2238 5272 2597 5346 Δορυάλωτος
2626 5280 2952 5355 συναπήχθη
2983 5283 3118 5357 πρὸς
3155 5285 3299 5359 βίαν,

2056 5360 2199 5415 6405
2238 5360 2340 5416 Καὶ
2373 5363 2613 5438 θυγάτηρ
2648 5363 2876 5432 ἄνακτος
2908 5370 3196 5441 Ἰσαακίου,

2237 5451 2333 5503 Καὶ
2367 5455 2679 5527 κασιγνήτῳ
2711 5455 2882 5531 ῥηγὸς
2912 5457 3247 5533 Ἀλαμανίας

2236 5536 2504 5612 Φιλιππῳ
2537 5544 2852 5613 συνέζευκτο
2884 5550 3022 5623 πρὸς
3052 5550 3234 5623 γάμου
3265 5552 3477 5628 σχέσιν,
