4076 6406
284 383 393 449 2&8
1514 382 1886 440 EPHRBMII
1921 375 2497 436 CHRONOGBAPHI
3605 379 3717 437 244

2239 503 2335 556 Καὶ
2363 505 2736 578 συγκροτήσας
2769 505 3036 580 καρτερὴν
3070 505 3279 567 Μυσοῖς
3314 505 3502 580 μάχην

2056 592 2198 648 6465
2238 589 2491 661 Σπουδῆν
2526 591 2689 647 ἐτίθει
2720 597 2816 647 τοῦ
2849 592 3068 669 Χρύσου
3098 594 3450 669 κατισχύσαι,

2234 682 2413 736 ⁹Ελεῖν
2444 703 2502 736 τε
2531 682 2619 735 καὶ
2653 681 2917 757 φρούριον
2951 682 3116 737 αὐτοῦ
3144 688 3262 746 τοῖς
3296 682 3516 747 ὅπλοις.

2236 770 2383 827 Μετά
2412 770 2574 848 φόνον
2610 777 2741 846 γοῦν
2775 774 2864 826 καὶ
2894 772 3136 846 κάματον
3175 772 3368 849 μυρίον

2238 859 2332 922 Εἰς
2361 856 2656 934 συμϐάαεις
2695 859 2994 936 βλέψαντος
3023 862 3169 935 αὐτῷ
3198 866 3294 917 τοῦ
3324 863 3539 939 Χρύσου

290 508 677 582 sbnset‘taque
706 510 869 582 gravi
904 526 1035 566 cum
1064 510 1263 567 Moesis
1297 525 1516 582 pugna,
1975 505 2030 573 Α

293 600 347 655 vi
381 598 678 656 nitebatur
704 598 1001 656 debellare
1029 600 1339 673 Chrysum,

295 691 542 762 ejusque
574 707 767 745 arcem
801 690 981 746 armis
1012 708 1317 764 occupare.

292 778 435 834 Post
466 778 715 834 multam
750 782 944 834 autem
975 779 1190 835 caedem
1222 797 1285 835 ac
1314 779 1570 834 laborem

297 869 367 923 ad
402 868 565 940 pacis
592 868 961 923 conditiones
996 869 1249 941 respexit
1277 868 1556 941 Chrysus,

296 974 359 1012 se
390 956 601 1014 Caesari
634 958 917 1013 nimirum
951 960 1070 1013 fore
1101 959 1431 1029 subditum,

296 1046 346 1103 si
379 1047 629 1103 retinere
660 1047 811 1103 hanc
841 1047 952 1104 sibi
984 1047 1183 1104 liceret
1215 1066 1431 1117 arcem,

2239 961 2352 1016 Τοῦ
2382 959 2722 1022 καθυπείκειν
2761 959 2977 1035 βασιλεῖ
3008 958 3097 1014 διὰ
3131 960 3276 1035 βίου,

2059 1050 2203 1105 6470
2241 1050 2457 1122 Ἔρυμα
2485 1048 2736 1123 κατέχειν
2777 1048 2995 1124 βασιλεῖ
3028 1047 3119 1104 διὰ
3152 1049 3294 1124 βίου,

300 1142 358 1191 et
390 1137 437 1192 si
474 1137 714 1193 daretur
746 1138 905 1209 regia
936 1139 1005 1193 de
1037 1138 1219 1208 stirpe
1252 1155 1414 1194 uxor.

300 1226 390 1284 Sic
422 1242 482 1281 re
506 1227 767 1282 confecta
806 1227 998 1281 Caesar
1048 1227 1357 1282 discedens
1406 1228 1677 1293 Prosaco,

304 1331 608 1387 regressus
640 1320 728 1372 est
760 1317 831 1371 ad
867 1316 1070 1371 urbem
1102 1315 1489 1371 Constantini.

299 1404 445 1461 Exin
477 1404 742 1461 Romano
775 1405 1023 1475 imperio
1059 1405 1233 1459 ﬁdem
1268 1405 1440 1476 fregit

300 1493 545 1565 perfuga
580 1494 834 1549 Ibancus
866 1494 922 1548 in
957 1492 1211 1564 Philippi
1246 1494 1410 1561 urbe,

298 1581 793 1653 detrimentisque
827 1582 1017 1639 affecit
1058 1587 1290 1638 nostros
1323 1582 1597 1654 plurimis
1635 1600 1647 1637 :

302 1696 440 1735 nam
471 1684 527 1735 et
557 1681 678 1736 acie
705 1698 857 1752 saepe
890 1681 1161 1737 discessit
1185 1682 1385 1747 victor,

305 1770 638 1841 Gammytze
668 1786 903 1841 quoque
935 1775 1102 1842 capto
1132 1775 1577 1842 protostratore,

308 1862 367 1914 et
398 1858 721 1914 incursavit
754 1864 963 1914 nostrae
996 1859 1235 1915 ditionis
1266 1860 1442 1916 urbes

310 1962 437 2017 quae
469 1951 611 2006 sunt
641 1946 884 2003 Boleron
915 1964 1121 2005 versus
1155 1966 1341 2019 usque
1370 1949 1717 2019 Xanthiam,

315 2036 514 2091 omnia
542 2036 656 2092 late
686 2037 990 2109 diripiens,
1025 2054 1225 2109 agens,
1257 2038 1449 2095 ferens
1487 2056 1498 2093 :

316 2127 403 2185 vir
434 2126 561 2181 sine
593 2126 771 2181 dubio
799 2126 1079 2198 praeditus
1110 2128 1297 2183 ferino
1328 2128 1523 2197 corde,

316 2215 506 2276 rabidi
539 2216 703 2271 canis
737 2216 925 2271 instar
951 2216 1247 2272 Romanos
1277 2217 1595 2287 allatrans;

318 2303 417 2375 qui
452 2318 519 2359 eo
553 2305 801 2361 vesaniae
836 2304 1170 2376 furorisque
1201 2306 1404 2374 evasit,

318 2398 383 2450 ut
415 2392 631 2449 milites
661 2394 954 2449 Romanos
982 2394 1038 2447 in
1073 2394 1269 2466 prazlio
1301 2401 1503 2467 captos

320 2482 621 2541 frustatim
654 2499 782 2538 esse
813 2484 1061 2539 caederet
1086 2484 1145 2539 in
1181 2486 1464 2540 convivio.

315 2576 502 2638 Quare
534 2572 853 2643 imperator
884 2573 1089 2629 abiens
1122 2574 1396 2645 Byzantio

314 2666 503 2720 semet
533 2661 755 2717 Orestis
787 2662 1039 2718 contulit
1071 2664 1140 2718 ad
1176 2665 1381 2719 urbem
1417 2682 1428 2719 :

314 2776 570 2831 eumque
601 2759 877 2815 rebellem
911 2766 1175 2816 cerneret
1206 2763 1413 2818 fortem
1447 2764 1792 2832 admodum,

317 2850 613 2907 Romanos
645 2853 840 2902 autem
874 2854 1060 2905 semet
1089 2851 1436 2906 comitantes

318 2936 515 3008 praelio
548 2937 865 2992 abhorrere
898 2943 1077 3008 atque
1108 2945 1267 2994 metu
1303 2941 1623 3011 exanimes,

319 3027 489 3098 in0ps
522 3025 752 3082 consilii
782 3026 939 3088 curis
972 3029 1277 3083 aestuabat.

318 3116 503 3188 Igitur
534 3115 900 3171 conditiones
932 3116 1131 3171 rebelli
1164 3119 1398 3187 obtulit,

319 3222 619 3261 armorum
655 3220 983 3277 pugnaeque
1017 3206 1249 3262 interim
1284 3225 1395 3263 non
1430 3209 1770 3277 immemor;

321 3294 759 3365 exercitumque
790 3311 1023 3349 omnem
1056 3313 1253 3352 secum
1288 3298 1532 3356 trahens

317 3383 564 3439 contulit
593 3401 651 3440 se
681 3384 741 3439 in
774 3384 1133 3456 provinciam
1170 3386 1662 3459 Philippopoleos.

317 3483 517 3554 ibique
549 3488 809 3538 castrum
840 3482 989 3553 cepit
1026 3484 1077 3537 vi
1112 3485 1577 3554 Stenimachum,

318 3573 419 3627 ubi
446 3573 839 3628 Barbarorum
875 3578 998 3627 erat
1027 3572 1236 3642 ingens
1270 3591 1577 3637 numerus.

319 3678 467 3732 quos
501 3660 705 3715 urbem
740 3661 1055 3731 populatus
1087 3663 1415 3731 captivavit.

318 3749 539 3805 Deinde
568 3754 739 3820 capto
773 3748 939 3804 falsis
973 3751 1473 3821 promissionibus

318 3835 539 3895 crudeli
572 3840 810 3907 Ibanco,
846 3839 1103 3911 pessimo
1138 3842 1489 3908 adversario,

316 3930 499 3985 victor
525 3945 795 3984 reversus
828 3934 917 3984 est
944 3931 1542 4003 Constantinopolim.

314 4015 615 4090 Regnante
643 4017 843 4073 Alexio
874 4019 945 4073 de
975 4020 1287 4075 Comnenis
1321 4020 1577 4092 Angelis,

313 4109 540 4163 Joanne
572 4112 770 4163 autem
804 4107 1111 4163 Camatero
1145 4109 1417 4164 Ecclesia:

315 4213 546 4255 sacrum
583 4200 819 4251 tenente
851 4196 1064 4252 solium
1098 4196 1451 4267 Byzantines,

314 4303 529 4343 novum
556 4285 800 4342 emersit
827 4286 1215 4355 spuriumque
1246 4285 1483 4356 dogma,

311 4376 483 4446 cujus
518 4380 800 4447 magister
831 4379 958 4429 erat
988 4380 1045 4429 et
1076 4378 1303 4428 creator

314 4464 641 4520 monachus
674 4462 914 4535 quidam
944 4461 1142 4519 dictus
1173 4462 1467 4527 Sicidites,

312 4554 519 4608 infima
547 4568 681 4608 vere
714 4549 1011 4605 blaterans
1044 4555 1101 4605 et
1129 4550 1554 4620 ventriloquus.

313 4653 461 4711 Nam
491 4648 893 4706 controversia
924 4653 1125 4703 exorta
1152 4654 1349 4703 utrum
1384 4649 1576 4704 dicere

313 4743 433 4797 imo
465 4749 520 4796 et
549 4740 767 4794 diserte
794 4737 1028 4791 credere
1060 4755 1166 4793 nos
1198 4742 1484 4809 Oporteat,

312 4845 523 4899 corpus
554 4826 926 4882 Dominicum
963 4827 1020 4879 in
1055 4826 1347 4898 mysteriis
1379 4832 1685 4898 sumptum

310 4917 783 4987 incorruptivum
816 4932 967 4982 esse,
1003 4922 1066 4971 ut
1098 4920 1230 4987 post
1261 4916 1595 4986 passionem

307 5005 834 5075 admirandamque
866 5005 1224 5071 anastasim;
1257 5022 1328 5059 an
1365 5006 1764 5077 corruptivum

306 5095 478 5167 quale
508 5098 644 5148 ante
673 5099 917 5149 mortem
948 5096 1139 5149 fuerat
1169 5112 1235 5150 ac
1268 5094 1599 5164 passionem
1624 5112 1636 5161 ;

306 5185 488 5240 altera
517 5199 648 5253 pars
679 5184 874 5237 aiebat
907 5182 1401 5254 incorruptivum,

303 5274 450 5329 freta
475 5271 759 5327 doctrinis
792 5277 969 5340 atque
1004 5272 1360 5326 testimoniis

300 5363 411 5418 cati
446 5359 642 5433 Cyrilli
674 5364 730 5414 ct
767 5359 950 5413 Patris
982 5360 1411 5427 Chrysostomi,

300 5450 691 5520 Eutychiique
724 5449 1027 5520 Byzantini
1064 5450 1356 5519 praesulis,

305 5547 361 5596 et
393 5540 793 5612 Nyssenorum
834 5536 1152 5608 phosphori
1186 5538 1469 5605 Gregorii,

304 5630 403 5702 qui
438 5628 654 5698 scripto
690 5644 796 5682 suo
831 5627 1083 5680 suadent
1117 5627 1476 5696 magisterio,

304 5717 463 5773 istud
495 5734 528 5771 a
562 5715 729 5771 nobis
760 5719 1064 5787 sumptum
1100 5715 1158 5770 in
1208 5715 1501 5787 mysteriis

2240 1138 2346 1193 Καὶ
2378 1138 2609 1212 σύζυγον
2637 1144 2789 1213 σχεῖν
2821 1138 2879 1194 ἐκ
2914 1137 3195 1213 βασιλείου
3227 1140 3439 1215 γένους.

2240 1229 2402 1299 ’Ἁναξ
2437 1230 2705 1299 μεταστὰς
2734 1233 2841 1283 τῶν
2870 1232 3049 1303 μερῶν
3076 1233 3173 1284 τοῦ
3203 1228 3512 1305 Προσάκου.

2243 1315 2478 1372 Εἷ’σεισιν
2512 1316 2664 1381 αὖθις
2693 1319 2793 1387 τὴν
2824 1317 2990 1372 πόλιν
3024 1317 3458 1375 Κωνσταντίνου.

2244 1406 2556 1484 Ἀφίσταται
2589 1404 2646 1462 δὶ
2672 1411 2769 1462 τοῦ
2799 1407 3026 1483 κράτους
3055 1406 3363 1481 Ῥωμαίδος

2064 1497 2207 1553 6475
2247 1497 2496 1571 Ηρόσφυξ
2526 1492 2774 1571 Ἰϐαγκὸς
2799 1495 2871 1551 ὣν
2902 1497 2953 1552 ἐν
2988 1496 3273 1553 Φιλίππου
3303 1496 3491 1566 πόλει,

2243 1586 2341 1639 Καὶ
2375 1584 2606 1641 πλεῖστα
2637 1583 2824 1640 δεινῶν
2860 1583 3102 1648 Αὕσονας
3134 1585 3500 1662 κατειργάκει,

2246 1676 2340 1730 Καὶ
2371 1676 2623 1747 στρατιὰν
2655 1674 2886 1744 ἥττησεν
2918 1676 3096 1730 αὐτῶν
3131 1673 3428 1744 πολλάκις,

2243 1762 2413 1819 Ἑλὼν
2448 1765 2924 1839 πρωτοστράτωρα
2956 1764 3299 1838 Καμμύτζην
3332 1764 3486 1840 μάχῃ
3518 1782 3531 1795 ‘

1990 1880 2035 1944 Β
2247 1850 2598 1926 Ἐπιδραμὼν
2631 1852 2687 1908 δὲ
2716 1856 2803 1908 καὶ
2838 1853 3031 1918 πόλεις
3059 1852 3365 1928 Ῥωμαίδος

2069 1952 2211 2007 6480
2246 1951 2349 2013 Τὰς
2382 1952 2519 2025 πρὸς
2547 1949 2779 2025 Βολερὸν
2818 1953 3014 2028 μέχρις
3036 1952 3204 2022 αὐτῆς
3234 1952 3525 2026 Ξανθείας,

2251 2040 2354 2097 Καὶ
2385 2042 2556 2095 πάντα
2590 2046 2796 2113 μυσῶν,
2892 2062 3042 2119 φασι,
3075 2040 3223 2097 λείαν
3260 2039 3458 2117 δράσας
3492 2063 3504 2074 ·

2251 2130 2419 2205 Ἀνὴρ
2450 2130 2693 2205 ἀτεχνῶς
2727 2133 3048 2206 αἱμοχαρὴς
3079 2128 3298 2207 καρδία,

2254 2219 2411 2277 Κύων
2449 2221 2672 2292 μανικὸς
2701 2219 3060 2276 καθυλακτῶν
3107 2219 3361 2277 Αὐσόνων
3398 2241 3409 2253 ·

2254 2310 2349 2371 Ὃς
2383 2308 2437 2371 ἐς
2466 2313 2695 2364 τοσοῦτο
2727 2310 2919 2382 μανίας
2949 2309 3238 2380 ἐληλάκει,

2076 2401 2218 2456 6485
2257 2400 2344 2461 Ὧς
2379 2400 2738 2473 συοχεθέντας
2772 2398 3024 2455 Αὐσόνων
3056 2401 3194 2453 κατά
3222 2397 3434 2474 μάχην,

2257 2486 2491 2559 Τέμνειν
2536 2483 2777 2557 μεληδὸν
2812 2484 2864 2540 ἐν
2897 2486 3051 2558 πότῳ
3079 2483 3349 2563 ξιφειδίῳ.

2254 2578 2413 2639 ’Ὁθεν
2450 2574 2705 2650 βασιλεὺς
2739 2576 2951 2648 ἀπάρας
2980 2573 3307 2645 Βυζαντίδος

2256 2660 2578 2738 Ὀρεστιάδα
2607 2658 3017 2735 καταλαμϐάνει
3050 2664 3216 2719 πόλιν
3257 2684 3269 2696 ·

2260 2754 2435 2829 Ὀρῶν
2466 2753 2779 2822 ἀποστάτην
2810 2750 2867 2807 δὲ
2898 2750 3190 2827 δύσμαχον
3228 2753 3391 2822 πάνυ,

2081 2845 2223 2900 6490
2263 2843 2366 2899 Καὶ
2398 2842 2553 2897 συνὸν
2586 2842 2737 2913 αὐτῷ
2770 2842 3077 2916 Ῥωμαϊκόν
3108 2864 3160 2897 τι
3194 2843 3383 2919 στίφος

2261 2932 2401 3007 Πρὸς
2429 2930 2757 3004 συμπλοκὴν
2788 2932 3013 3005 φρίσσον
3046 2953 3104 2987 τε
3128 2934 3216 2988 καὶ
3255 2935 3484 3002 θνῆσκον
3519 2930 3651 3002 δέει,

2263 3023 2613 3097 Ἐξηπορεῖτρ
2648 3021 2896 3099 φροντίσι
2929 3022 3310 3098 προσανέχων,

2259 3112 2418 3180 Πλὴν
2448 3110 2816 3187 προύκαλεῖτο
2851 3114 2988 3185 πρὸς
3022 3113 3211 3188 φιλίαν
3244 3113 3526 3184 ἰνστάτην,

2004 3236 2047 3301 C
2263 3199 2420 3272 Μηδὲ
2451 3208 2701 3275 στρατιᾶς
2735 3200 2957 3274 ἀμελῶν
2989 3202 3079 3256 καὶ
3107 3210 3211 3272 τῆς
3247 3205 3437 3279 μάχης
3473 3223 3486 3236 .

2083 3304 2225 3359 6495
2265 3302 2363 3356 Καὶ
2393 3295 2729 3367 παραλαϐὼν
2756 3301 2849 3361 τὰς
2882 3297 3141 3375 δυνάμεις
3172 3305 3266 3364 τὰς
3292 3301 3425 3363 ὅλας

2262 3391 2359 3445 Καὶ
2393 3392 2487 3457 τῆς
2517 3388 2800 3444 Φιλίππου
2822 3391 2921 3458 τήν
2951 3390 3221 3465 ἐπαρχίαν
3257 3393 3485 3469 φθάσας,

2263 3480 2606 3553 Στενίμαχον
2642 3479 2902 3554 φρούριον
2930 3477 3074 3534 εἶλεν
3111 3480 3171 3535 ἐκ
3205 3482 3414 3555 μάχης,

2260 3571 2423 3632 Ἔνθα
2455 3571 2685 3636 συνῆκτο
2721 3562 3008 3643 βαρϐάρων
3038 3568 3300 3624 πλεῖστον
3336 3569 3544 3646 στίφος,

2261 3655 2362 3719 Οὓς
2394 3654 2869 3726 κατεδουλώσατο,
2905 3658 3190 3729 πορθήσας
3216 3657 3381 3713 πόλιν
3415 3675 3428 3691 ⁸

2081 3749 2223 3803 6500
2261 3749 2490 3803 Ἔπειτα
2513 3747 2732 3821 συσχὼν
2765 3747 2966 3818 ἀπάτῃ,
2998 3744 3347 3822 ψευδορκίοις

2261 3830 2505 3909 Ἰϐαγκὸν
2539 3835 2714 3908 ὠμὸν,
2749 3832 3059 3910 δύσμαχον,
3093 3836 3456 3911 κακεργάτην,

2262 3923 2464 3981 Εῗσεισι
2495 3923 2818 3987 καλλίνικος
2840 3926 2942 3993 τὴν
2974 3926 3401 3984 Κωνσταντίνου.

2259 4013 2474 4072 Τούτου
2499 4018 2828 4087 κρατοῦντος
2860 4012 3505 4089 Κομνηναγγελωνύμου,

2261 4102 2511 4157 Ἰωάννου
2540 4100 2596 4156 δὲ
2629 4104 2960 4176 Καματηροῦ
2989 4102 3080 4156 τὸν
3114 4102 3305 4177 θρόνον

2079 4196 2225 4250 6505
2262 4189 2625 4260 Βυζαντιάδος
2658 4190 2857 4245 ῗθύνειν
2892 4190 3213 4265 εἰληχότος,

2260 4283 2430 4355 Δόγμ⁹
2464 4279 2665 4357 ἀνεφύη
2699 4281 3021 4357 καινοφανὲς
3048 4280 3139 4335 καὶ
3170 4282 3349 4355 νόθον,

2256 4368 2561 4443 Γεννήτορά
2582 4389 2638 4422 τε
2666 4367 2755 4422 καὶ
2789 4366 3115 4423 διδάσκαλον
3148 4369 3309 4446 φέρον

2256 4460 2392 4518 Τινά
2425 4458 2676 4532 μοναχὸν
2712 4456 2995 4529 Σικιδίτην
3028 4447 3362 4533 τούπίκλην,

2256 4547 2521 4605 Λαλοῦντ’
2556 4545 2781 4617 ἀληθῶς
2810 4547 2917 4602 ἀπὸ
2943 4555 3045 4623 γῆς
3077 4548 3167 4603 καὶ
3199 4549 3440 4611 κοιλίας.

2075 4650 2217 4706 6510
2257 4646 2543 4716 Ζητήσεως
2575 4640 2742 4714 οὔσης
2770 4644 2872 4720 γὰρ
2905 4644 2950 4699 εί
2982 4646 3094 4720 χρή
3125 4646 3214 4700 καὶ
3250 4645 3423 4721 λέγειν

2256 4740 2413 4790 Νοεῖν
2444 4756 2502 4789 τε
2533 4738 2721 4809 σαφῶς
2754 4738 2916 4807 σῶμα
2947 4732 3185 4809 Χριστοῦ
3218 4736 3515 4806 Δεσπότου,

2252 4828 2313 4876 “0
2345 4819 2558 4891 ληπτόν
2590 4820 2731 4875 ἐστιν
2762 4823 2897 4892 ἡμῖν
2932 4820 2982 4875 ἐν
3020 4823 3343 4898 μυστηρίοις

2253 4914 2561 4989 Ἀφθαρτον
2598 4910 2757 4980 εἶναὶ,
2791 4909 3031 4984 καθάπερ
3067 4916 3203 4985 μετά
3231 4915 3407 4976 πάθος

2250 5003 2355 5058 Καὶ
2389 5001 2532 5065 θείαν
2568 5001 2877 5069 ἀνάστασιν,
2910 5000 2945 5068 ἢ
2979 5002 3215 5074 φθαρτὸν
3250 5001 3424 5078 λέγειν

2071 5095 2217 5151 6515
2254 5094 2476 5149 Ὀποῖον
2511 5090 2576 5157 ἦν
2609 5090 2715 5164 πρὸ
2749 5090 2976 5152 θανάτου
3011 5089 3099 5144 οιαὶ
3129 5095 3230 5145 τοῦ
3256 5093 3463 5156 πάθους

2251 5183 2557 5257 Ἀφθαρτον
2590 5180 2643 5233 οἱ
2677 5181 2771 5252 μὲν
2802 5177 3153 5235 ἀπεδείκνυον
3182 5178 3327 5253 τόδε,

2250 5267 2672 5329 Διδασκαλικαῖς
2705 5270 2990 5343 χρώμενοι
3025 5272 3347 5345 μαρτυρίαις

2252 5362 2430 5435 Σοφοῦ
2462 5356 2740 5433 Κυρίλλου
2770 5359 2857 5412 καὶ
2896 5360 3097 5434 πατρὸς
3130 5360 3545 5434 Χρυσοπόμου,

2249 5448 2523 5522 Εὐτυχίου
2553 5468 2610 5501 τε
2640 5449 2903 5520 ποιμένος
2938 5447 3283 5521 Βυζαντίδος,

2064 5543 2208 5598 6520
2246 5539 2351 5593 Καὶ
2390 5536 2699 5610 Γρηγορίου
2732 5537 3028 5612 φωσφόρου
3056 5538 3344 5594 Νυσσαέων
3386 5560 3397 5571 ’

2244 5626 2416 5699 Οἴπερ
2448 5628 2836 5699 παριστάνουσι
2870 5623 3248 5689 διδασκαλίαις

2243 5718 2452 5773 Ἐκεῖνο
2485 5719 2562 5769 ad)
2572 5735 2645 5788 μα
2676 5714 3299 5796 Δεσπότουξπεφυκέναι.

1996 4602 2043 4667 D
