4076 6404
350 370 460 427 245

520 496 599 552 Τὸ
622 499 715 549 νῦν
746 493 884 569 πρὸς
916 494 1150 551 ἑστίασιν
1185 500 1326 571 ἡμῖν
1356 498 1653 575 τυγχάνον·

521 586 591 642 ’Ό
621 588 868 661 κρεῖττον
901 585 1060 662 ὀφθέν
1094 588 1327 650 θανάτου
1364 590 1500 662 μετὰ
1523 589 1693 654 πάθος

340 677 488 733 6525
523 677 682 744 Ζωῆς
713 676 976 751 κατῆρξεν
1008 675 1232 752 ἀφθίτου
1266 679 1479 754 βροτῶν
1523 681 1706 754 χάριν

525 765 601 822 Οὔ
620 763 716 818 κᾶν
755 764 925 839 μέροσ
950 785 1031 826 τις
1058 765 1305 841 τυγχάνῃ
1340 764 1682 843 δεδεγμένος,

522 856 700 911 ’Ἁπαν
740 849 925 909 λαϐὼν
960 852 1141 910 ἄπεισι
1175 862 1334 930 σῶμα
1365 857 1591 932 Κυρίου,

525 942 623 998 Καὶ
653 944 1051 1018 προσθεουργεῐ
1082 943 1211 1007 τοὺς
1246 948 1615 1021 μετασχόντας
1648 947 1830 1021 ξένως.

525 1033 592 1090 Οἱ
624 1030 671 1087 δ’
700 1031 760 1087 ἐκ
792 1030 1011 1106 μερίδος
1041 1040 1139 1102 τῆς
1173 1033 1414 1098 ἐναντίας
1445 1035 1610 1092 πάλιν

346 1136 490 1192 6530
528 1136 802 1210 Ἔφασκον
828 1132 959 1187 αὐτὸ
996 1131 1139 1205 μηδὲ
1167 1132 1337 1190 τύπον
1369 1138 1628 1212 παρέχειν

522 1228 738 1293 Σεπτῆς
774 1222 1044 1297 μακαρίας
1072 1243 1132 1277 τε
1151 1222 1510 1293 παλινζωΐαςο

522 1311 875 1384 Τελούμενον
906 1308 963 1366 δέ
996 1313 1179 1376 θυσίαν
1216 1313 1389 1387 μόνην
1422 1314 1620 1391 φέρειν.

519 1403 809 1465 Κάντεῢθεν
844 1402 1027 1471 άνουν,
1062 1402 1321 1477 φθαρτὸν,
1354 1400 1566 1479 ἄψυχον
1607 1405 1817 1474 πέλειν,

519 1492 619 1548 Καὶ
652 1488 743 1546 τὸν
780 1491 1126 1565 μετασχόντα
1162 1488 1219 1545 δὲ
1258 1487 1558 1565 λαμϐάνειν
1591 1497 1779 1568 μέρος,

333 1581 484 1637 6535
521 1581 649 1655 Οὐχ
678 1578 816 1634 ἅπαν
849 1579 912 1633 τὸ
945 1582 1107 1652 σῶμα
1134 1583 1232 1634 τοῦ
1257 1582 1493 1656 Χριστοῦ
1526 1584 1820 1640 Δεσπότου·

511 1668 577 1727 Εἰ
608 1670 735 1743 γὰρ,
769 1669 948 1746 φασὶν,
982 1666 1253 1746 ἄφθαρτον
1298 1670 1436 1740 ὁπήν
1471 1672 1732 1745 καθόλου,

510 1762 608 1814 Ἦν
638 1756 698 1812 ἂν
725 1757 946 1832 ἀναφὲς,
979 1757 1206 1822 ἀθέατον
1237 1764 1354 1821 τοῖς
1386 1759 1569 1823 ὅλοις.

514 1849 755 1904 Τοιαῦτα
785 1846 1119 1921 συνείροντες
1150 1844 1265 1903 ο⁹ίδε
1297 1846 1636 1926 δυστρόπως,

509 1934 947 2011 Ἀπλουστέρους
977 1929 1186 1992 ἔπειθον
1223 1937 1458 1993 ὑπείκειν
1494 1940 1661 2016 σφίσι.

329 2036 470 2092 6540
508 2038 586 2109 Τῇ
616 2033 885 2110 κρείττονι
917 2031 1044 2109 δόξῃ
1079 2032 1135 2089 δὲ
1163 2037 1480 2109 προστεθεὶς
1510 2036 1636 2109 ἄναξ

502 2122 604 2182 Εἵα
636 2122 907 2201 φθινύθειν
930 2122 1225 2192 τηνάλλως
1254 2124 1382 2186 τοὺς
1413 2126 1658 2202 θατέρας.

505 2214 708 2269 Μυσῶν
740 2212 898 2287 γένος
930 2214 1186 2268 κάκιστον
1218 2213 1295 2276 εἷς
1326 2216 1649 2290 συμμαχίαν

503 2300 701 2379 Στίφος
733 2302 1000 2374 Κομάνων
1034 2298 1346 2376 προσλαϐὸν
1376 2304 1709 2379 παριστρίων

495 2392 689 2466 Χώρας
717 2390 877 2465 ἐπῄει
908 2391 1221 2465 Ῥωμαϊκὰς
1255 2389 1504 2469 ἐκτρίϐον

308 2483 462 2539 6545
500 2481 597 2537 Καὶ
631 2481 781 2536 λείαν
816 2480 1100 2553 ἀμύθητον
1136 2482 1526 2557 αἶ’χμαλωσίαν

492 2571 596 2628 Καῖ
624 2569 800 2625 σκῦλα
831 2569 1064 2625 πλεῖστα
1084 2567 1345 2644 κερδάναν
1384 2573 1733 2653 ὑποστρέφει.

491 2659 592 2715 Καὶ
622 2662 769 2715 τοῦτ’
801 2656 860 2713 ἂν
887 2660 1030 2735 εἶχεν
1065 2660 1231 2715 εἰσαεὶ
1263 2660 1390 2737 δρᾷν
1426 2662 1477 2733 ἐξ
1508 2660 1689 2736 ἔθους,

494 2747 561 2806 Εἴ
592 2749 669 2822 μὴ
702 2748 763 2803 τὸ
792 2749 1184 2824 Χριστώνυμον
1216 2746 1429 2813 εὐσεϐὲς
1460 2753 1632 2829 φῦλον

496 2842 611 2893 Τῶν
643 2839 780 2900 Ῥὼς
811 2839 1028 2913 ἀπεῖρξέ
1058 2860 1192 2917 σφας
1223 2844 1393 2906 κακῆς
1423 2844 1752 2918 προθυμίας*

309 2930 457 2985 6550
495 2929 557 2985 Ὁ
587 2929 690 3004 γάρ
725 2926 999 3002 Γαλίτζης
1032 2929 1255 3004 ἡγεμὼν
1287 2933 1597 3007 παραινέσει

490 3019 609 3073 Τοῦ
639 3016 1033 3092 ποιμσνάρχου
1064 3019 1332 3088 Ῥωσικῆς
1361 3018 1691 3091 Ἐκκλησίας

488 3105 696 3184 Στίφος
728 3112 980 3183 στρατιᾶς
1005 3107 1219 3176 ἡλικὼς
1252 3110 1327 3173 ὡς
1358 3112 1557 3186 μυρίον

495 3192 742 3265 Ἐπῆλθε
772 3198 841 3269 τῇ
872 3203 940 3269 γῆ
972 3200 1078 3251 τῶν
1115 3196 1380 3269 Κομάνων
1407 3199 1629 3275 ἀθρόον,

488 3285 588 3340 Καὶ
620 3286 817 3361 χώραν
854 3286 1116 3361 ἠφάνισεν
1150 3287 1327 3342 αὐτῶν
1361 3288 1627 3365 ἐσχάτως·

307 3386 453 3442 6555
492 3382 592 3438 Καὶ
624 3388 786 3439 τοῦτο
818 3381 1016 3460 δράσας
1048 3383 1367 3449 πλειστάκις
1397 3388 1747 3467 φιλοφρόνως

492 3473 591 3535 Εἷς
624 3470 861 3528 εὐσεϐῶν
896 3475 1166 3548 καύχημα
1194 3480 1301 3530 τῶν
1324 3478 1757 3552 Χριστωνύμων,

496 3567 644 3639 Σφᾶς
675 3564 992 3637 συμμάχεῖν
1026 3561 1224 3619 ἔπαυσε
1252 3570 1458 3629 Μυσοῖς
1489 3563 1808 3644 βαρϐάροις.

496 3653 591 3706 Καὶ
624 3673 707 3714 τις
743 3656 975 3724 Κομνῶν
1006 3651 1220 3730 ἐκφυεὶς
1254 3656 1511 3725 Ἰωάννης

498 3743 664 3818 Ἀνὴρ
696 3740 949 3812 πιθώδης
989 3747 1310 3817 σωματικὴν
1341 3747 1441 3814 τήν
1474 3746 1672 3804 πλάσιν

312 3834 464 3889 6560
501 3831 836 3907 Προκοίλιός
864 3853 923 3887 τε
950 3832 1041 3887 καὶ
1074 3831 1384 3908 λιπόκρεως
1417 3836 1539 3890 Λίαν

502 3920 692 3996 Παχὺς
724 3919 957 3993 ἐπίκλην
991 3921 1050 3977 ἐκ
1080 3924 1200 3986 θέας
1228 3924 1566 4001 φερωνύμου

504 4008 762 4086 ’Λντάρας
799 4008 950 4066 ὦπτο
977 4011 1195 4087 βασιλεῖ
1219 4012 1357 4067 κατὰ
1384 4012 1567 4068 πόλινο

499 4100 647 4154 Νεὼν
681 4100 785 4175 γὰρ
817 4097 993 4163 εἰσδὺς
1024 4101 1116 4155 τὸν
1150 4106 1283 4156 Θεοῦ
1313 4104 1454 4157 θεῖον
1484 4104 1646 4179 μέγαν

500 4188 599 4242 Καὶ
629 4192 739 4242 τῶν
768 4187 893 4263 περὶ
919 4190 1187 4264 τράπεζαν
1219 4190 1562 4263 ᾑωρημένων

308 4280 458 4336 6565
502 4278 777 4353 Στέφανον
812 4278 983 4342 ἐνθείς
1014 4283 1082 4349 τῇ
1113 4280 1269 4354 κρατὶ
1301 4283 1653 4355 παρανόμως,

494 4366 828 4441 Στεφανίτης
858 4364 1016 4440 ἔξεισι
1047 4373 1144 4422 τοῦ
1182 4369 1326 4424 θείου
1369 4368 1567 4443 δόμου·

492 4458 596 4512 Καὶ
630 4454 723 4511 σὺν
758 4459 993 4535 φρατρίᾳ
1024 4459 1114 4513 καὶ
1149 4461 1482 4535 συνιστόρων
1514 4463 1695 4537 στίφει

489 4546 698 4602 Ὄντων
729 4544 1016 4619 ἐπισήμων
1049 4568 1105 4601 τε
1137 4547 1407 4620 λαμπρῶν
1446 4550 1506 4604 ἐκ
1536 4550 1750 4624 γένους,

494 4632 733 4691 Εῗσεισιν
766 4634 921 4697 εὐθὺς
955 4635 1035 4698 εἷς
1065 4637 1333 4693 παλάτιον
1366 4638 1525 4715 μέγα,

298 4726 449 4780 6570
486 4729 613 4785 Τοῖς
644 4723 953 4799 βασιλικοῖς
984 4724 1358 4798 ἀναδούμενος
1388 4728 1626 4798 κρότοις’

490 4812 598 4868 Καὶ
635 4813 915 4887 βασιλείου
946 4815 1171 4876 καθίσας
1207 4814 1291 4869 ἐπὶ
1327 4815 1522 4887 θρόνου

490 4902 652 4964 Τινὲς
683 4900 999 4977 ἐδωρήσατο
1034 4903 1316 4979 λαμπραῖς
1347 4903 1536 4977 ἀξίαις.

490 4991 553 5048 Ὁ
587 4993 873 5069 συρφάκων
910 4988 1087 5067 ὄχλος
1119 4990 1175 5047 δὲ
1204 4992 1293 5048 καὶ
1324 4998 1431 5048 τῶν
1465 4993 1777 5068 ξυγκλύδων

492 5080 623 5136 Ἀνὰ
663 5080 974 5145 στενωποὺς
1006 5079 1290 5159 ἁμφόδους
1322 5082 1653 5152 Βυζαντίδος

299 5182 450 5238 6575
488 5179 633 5251 Πρὸς
665 5176 709 5233 δ’
743 5178 806 5234 αὖ
839 5180 1033 5255 ἀγυιὰς
1063 5180 1437 5257 ἐκτρέχοντες,
1466 5181 1694 5255 λιμένας

489 5269 860 5345 ’Λνηγόρευον
897 5269 1146 5325 Αὐσόνων
1185 5270 1413 5345 βασιλέα

488 5355 795 5432 Ἐλευθέρῳ
830 5359 1063 5431 σσόματι
1096 5357 1243 5413 τόνδ’
1276 5361 1559 5431 Ἰωάννην,

487 5445 736 5509 Τιθέντες
770 5446 846 5509 εἰς
882 5448 1143 5522 ἅρπαγμα
1174 5446 1433 5523 λαμπρὰς
1468 5450 1668 5512 οἰκίας.

494 5536 703 5599 Νυκτὸς
734 5533 792 5589 δὲ
824 5534 1024 5610 χανδὸν
1056 5535 1391 5612 ἐμφορηθεὶς
1423 5538 1658 5611 ἀκράτου

309 5629 461 5685 6580
504 5625 693 5699 Παχὺς
728 5624 924 5699 φρένας
958 5625 1153 5695 κλῆσίν
1175 5626 1237 5680 ’τε
1268 5627 1529 5701 τύραννος
1560 5626 1701 5699 νέος,

500 5714 677 5779 ’Λνείς
703 5735 763 5769 τε
796 5713 971 5778 πύλας
1004 5714 1219 5777 ἀνέτους
1253 5714 1564 5793 ἀνακτόρων

1886 338 2247 432 Cisseus.

2040 508 2094 573 Α
2124 502 2358 559 Domini
2386 520 2601 577 corpus
2628 521 2871 577 prorsus
2902 522 3032 563 esse
3061 506 3380 577 ejusmodi,

2118 591 2291 663 quale
2322 592 2545 650 devicta
2577 598 2762 650 morte
2795 599 2927 667 post
2956 594 3290 667 passionem

2117 684 2395 736 aeternam
2427 684 2655 755 accepit
2684 684 2863 739 vitam
2897 684 3082 739 nostri
3114 683 3303 755 gratia
3338 700 3349 739 :

2116 786 2306 841 neque
2337 769 2701 841 aliquantam
2734 776 2964 845 partem
2996 790 3103 829 nos
3140 773 3456 844 percipere,

2115 860 2215 915 sed
2251 859 2595 916 universum
2622 862 2836 917 Christi
2873 879 3085 933 corpus
3118 862 3374 931 Domini,

2114 964 2148 1003 a
2179 965 2294 1020 quo
2326 954 2631 1007 sumentes
2662 952 3101 1007 sanctiﬁcamur
3131 952 3297 1007 mire.

2113 1036 2331 1093 Verum
2364 1039 2668 1095 contrariae
2699 1040 2886 1112 partis
2916 1041 3257 1097 defensores

2111 1126 2387 1183 dicebant
2408 1127 2605 1200 ipsum
2637 1129 2791 1185 haud
2828 1129 3104 1201 praeferre
3124 1133 3332 1202 typum

2110 1230 2289 1271 sacrae
2325 1233 2392 1273 ac
2421 1217 2601 1273 beatae
2631 1217 2865 1273 Domini
2895 1223 3259 1286 anastaseos,

2110 1304 2211 1359 sed
2244 1305 2600 1362 sacriﬁcium
2636 1307 2805 1363 unice
2838 1307 3116 1379 mysterio
3150 1308 3309 1375 fieri;

2107 1391 2245 1447 hinc
2274 1396 2695 1467 corruptivum,
2731 1398 2857 1452 sine
2889 1412 3086 1467 sensu,
3119 1396 3406 1453 exanime.

2106 1493 2146 1544 Α
2179 1492 2346 1547 nobis
2379 1496 2576 1549 autem
2608 1495 2765 1549 sumi
2796 1498 3024 1565 partem
3058 1499 3316 1564 tantum,

2104 1597 2220 1635 non
2251 1582 2592 1639 universum
2626 1599 2840 1655 corpus
2872 1582 3086 1638 Christi
3118 1584 3390 1640 Domini:

2102 1686 2238 1726 nam
2271 1672 2322 1726 si
2354 1671 2463 1727 hoc
2493 1689 2735 1743 prorsus
2758 1673 3247 1744 incorruptivum,

2100 1776 2205 1815 nec
2232 1760 2530 1832 palpabile
2562 1763 2682 1818 fore
2714 1779 2820 1817 nec
2850 1761 3101 1818 visibile.

2017 1875 2065 1942 B
2098 1851 2227 1942 llaec
2255 1849 2354 1942 isti
2385 1849 2529 1905 falso
2562 1850 2921 1906 blaterantes
2952 1867 3052 1907 ore

2095 1937 2445 2009 imperitiori
2478 1940 2662 1996 turbae
2694 1940 2986 1995 faciebant
3016 1940 3217 1995 fucum
3254 1957 3265 1995 :

2094 2027 2194 2083 sed
2226 2027 2547 2099 imperator
2573 2030 2904 2101 obsequens
2937 2029 3164 2085 meliori
3197 2027 3461 2101 dogmati

2092 2116 2233 2171 sivit
2263 2118 2591 2173 contrarios
2623 2119 2843 2174 frustra
2872 2118 3161 2174 laborare.

2090 2205 2355 2261 Pessima
2384 2223 2528 2279 gens
2560 2213 2876 2264 Moesorum
2908 2224 3043 2263 cum
3074 2207 3234 2263 socia
3262 2224 3441 2263 manu

2089 2294 2422 2351 accolarum
2454 2295 2706 2352 Danubii
2736 2301 3129 2352 Comanorum

2088 2388 2254 2439 terrae
2284 2388 2579 2442 Romanas
2610 2387 2953 2442 incursabat
2982 2390 3243 2452 vastans,

2088 2474 2467 2545 praedamque
2493 2475 2703 2545 agebat
2727 2474 3047 2547 plurimam
3080 2479 3137 2530 et
3166 2475 3451 2546 captivos,

2086 2563 2306 2634 quibus
2338 2564 2523 2620 ditata
2553 2565 2611 2620 in
2640 2565 2893 2636 patriam
2927 2582 2991 2621 se
3022 2565 3362 2636 recipiebat.

2081 2663 2271 2734 Atque
2295 2662 2351 2717 id
2383 2664 2659 2735 deinceps
2692 2680 2927 2735 semper
2953 2669 3155 2720 actura
3186 2664 3395 2730 fuerat,

2084 2751 2200 2808 nisi
2230 2753 2544 2808 Bessorum
2575 2752 2670 2825 pia
2693 2769 2838 2825 gens
2868 2751 3201 2808 Christiana

2084 2839 2447 2897 cohibuisset
2478 2842 2767 2898 Barbaros
2801 2860 2834 2897 a
2866 2840 3177 2897 maleﬁcio.

2083 2929 2321 2986 Galitzaa
2350 2931 2567 3002 quippe
2601 2931 2900 3003 princeps,
2932 2931 3289 2987 adhortante

2084 3019 2356 3075 Ecclesiae
2390 3036 2625 3076 summo
2657 3021 2908 3076 Rossicae
2939 3024 3196 3091 pastore,

2085 3109 2345 3180 plurima
2375 3110 2620 3165 militari
2652 3115 2855 3165 coacta
2886 3126 3088 3176 manu,

2084 3199 2144 3253 in
2175 3199 2567 3255 Comanorum
2594 3216 2802 3271 agrum
2830 3202 3070 3270 repente
3101 3198 3274 3253 irruit

2085 3304 2338 3359 eumque
2359 3293 2621 3344 extrema
2651 3288 2843 3343 affecit
2875 3287 3146 3342 vastitate
3178 3304 3191 3340 :

2085 3378 2242 3450 quod
2274 3394 2405 3433 cum
2438 3378 2653 3450 egisset
2684 3393 2837 3448 saepe
2869 3376 3054 3431 amico
3087 3376 3286 3431 animo

2087 3469 2156 3524 ad
2192 3467 2468 3523 solatium
2501 3467 2734 3539 piorum
2764 3465 3254 3531 Christianorum,

2084 3555 2465 3613 Comanicum
2495 3554 2778 3610 auxilium
2812 3554 3009 3611 Mmsis
3038 3554 3304 3609 abstulit.

2085 3647 2343 3703 Joannes
2375 3645 2612 3717 quidam
2649 3645 2718 3700 de
2750 3643 3066 3700 Comnenis
3097 3643 3355 3715 genitus,

2088 3734 2348 3806 corporis
2380 3732 2533 3789 mole
2562 3732 2681 3788 doli
2714 3734 2962 3788 formam
2996 3732 3275 3802 referens,

2086 3824 2344 3894 projecto
2375 3825 2597 3893 ventre,
2629 3821 2905 3878 carnibus
2941 3820 3375 3894 pinguissimis,

2088 3912 2326 3969 nomine
2355 3911 2564 3966 idoneo
2597 3910 2791 3965 dictus
2825 3910 3000 3982 vulgo
3034 3909 3302 3978 Crassus,

2088 4001 2300 4058 Caasari
2333 4017 2395 4056 se
2426 3999 2705 4056 rebellem
2740 3999 2798 4054 in
2835 3999 2979 4054 urbe
3009 3998 3278 4070 praebuit.

2092 4102 2403 4172 Ingressus
2426 4098 2581 4154 enim
2616 4097 2902 4169 templum
2939 4097 3040 4151 Dei
3076 4096 3423 4165 maximum,

2089 4207 2365 4247 coronam
2396 4205 2464 4244 ex
2494 4187 2565 4243 iis
2598 4204 2725 4258 quae
2758 4203 2966 4242 mensa
2997 4185 3333 4257 pendebant
3361 4201 3531 4241 sacra

2089 4298 2236 4337 ausu
2268 4277 2516 4335 scelesto
2548 4276 2833 4347 imposuit
2865 4275 2922 4330 in
2956 4278 3133 4346 caput
3165 4290 3362 4341 suum,

2089 4376 2264 4441 atque
2294 4369 2377 4423 ita
2398 4372 2710 4423 coronatus
2743 4364 2964 4435 templo
2997 4364 3115 4419 exit
3149 4380 3161 4417 :

2089 4465 2146 4517 et
2173 4474 2309 4516 cum
2341 4458 2569 4513 favente
2601 4455 2934 4526 conspirate
2966 4452 3138 4525 globo

2089 4548 2397 4604 hominum
2431 4545 2879 4617 splendidorum
2912 4544 2980 4598 de
3014 4543 3205 4598 classe
3237 4541 3441 4610 nobili,

2088 4642 2241 4692 recta
2271 4636 2558 4707 processit
2588 4635 2658 4689 ad
2694 4632 2976 4704 palatium
3007 4648 3314 4703 magnum,

2084 4726 2395 4798 plausibus
2426 4723 2925 4794 concrepantibus
2956 4720 3014 4775 in
3049 4736 3271 4776 morem
3304 4720 3566 4791 regium;

2084 4832 2218 4870 mox
2248 4830 2380 4869 cum
2418 4813 2596 4884 regali
2628 4812 2997 4867 consedisset
3029 4811 3266 4876 throno,

2084 4903 2409 4975 splendidis
2441 4902 2727 4974 quosdam
2760 4900 2997 4955 donavit
3025 4898 3438 4969 dignitatibus.

2086 4992 2348 5049 Miscella
2376 5009 2512 5047 vero
2546 4990 2747 5063 populi
2780 4988 3061 5045 colluvies

2088 5099 2189 5155 per
2219 5081 2586 5153 angiportus,
2620 5080 2743 5135 vias
2775 5078 3053 5147 vicosque
3087 5077 3247 5132 urbis

2088 5186 2307 5242 perque
2334 5169 2559 5240 plateas
2590 5183 2831 5223 currens
2864 5170 3041 5237 atque
3072 5169 3279 5235 portus

2088 5269 2419 5324 Romanum
2453 5264 2837 5337 proclamavit
2862 5264 3281 5334 imperatorem

2088 5357 2274 5413 libera
2304 5355 2506 5426 lingua
2537 5353 2850 5409 clamitans
2883 5352 3039 5407 hunc
3068 5352 3390 5421 Joannem;

2090 5451 2147 5500 et
2178 5443 2354 5499 simul
2384 5444 2693 5514 opulentas
2726 5440 3017 5512 spoliabat
3047 5441 3277 5497 domos.

2091 5538 2308 5589 Verum
2344 5536 2623 5602 sequente
2652 5536 2818 5586 nocte
2851 5546 3011 5585 mero
3044 5546 3362 5601 oppressus

2094 5640 2329 5679 crassus
2361 5621 2457 5676 bic
2492 5624 2683 5675 mente
2714 5625 2770 5675 et
2803 5620 3038 5675 nomine
3070 5623 3382 5689 tyrannus,

2094 5712 2262 5784 regis:
2296 5710 2635 5782 patentibus
2668 5726 2769 5782 per
2802 5707 3131 5765 socordiam
3158 5708 3384 5777 januis,

3669 379 3777 434 246
