4076 6400
292 381 399 440 2ἳῖ
1519 374 1891 430 ΕΡΗΒΛΕΜΠ

1519 374 1891 430 ΕΡΗΒΛΕΜΠ
1929 370 2505 431 CHRONOGRAPHI

291 509 431 563 dum
458 505 577 575 ejes
610 518 711 574 per
741 503 944 557 orbem
976 504 1132 557 esset
1163 499 1393 572 dilapsa
1424 500 1654 568 cohors,

296 614 329 651 a
354 594 596 650 Caesaris
633 591 923 647 militibus
956 594 1193 662 repente
1224 596 1434 662 captus

297 686 708 742 calamitosum
743 687 917 753 caput
947 681 1073 736 ensi
1104 682 1335 737 obtulit.

296 776 665 844 Cammytzes
699 788 931 843 quoque
960 776 1368 841 protostrator,
1407 773 1640 826 tentum

296 880 474 935 quem
508 878 688 931 supra
721 860 839 915 dixi
872 862 927 913 in
961 858 1209 915 vinculis
1241 860 1392 931 apud
1428 859 1663 924 Messes,

297 953 536 1009 effracto
570 950 683 1006 sibi
715 950 919 1021 Chrysi
953 966 1130 1003 manu
1163 964 1415 1014 carcere,

300 1059 435 1099 cum
469 1042 576 1096 hoc
606 1039 952 1110 conspirans
983 1039 1191 1094 defecit
1222 1057 1254 1093 a
1285 1039 1531 1105 Caesare,

301 1137 359 1187 et
388 1130 758 1203 Pelagoniam
793 1134 1061 1185 cunctam
1095 1128 1405 1200 occupavit
1438 1144 1449 1180 :

301 1227 429 1278 tum
458 1220 635 1275 etiam
668 1221 823 1291 cepit
851 1218 1152 1289 Prilapum
1187 1217 1295 1271 levi
1328 1217 1486 1285 nisu,

301 1316 477 1382 atque
509 1308 827 1365 Thessaliae
862 1308 1168 1362 dominum
1204 1323 1265 1361 se
1296 1305 1521 1377 gessit:

300 1398 462 1457 nullo
491 1399 813 1453 obsistente
845 1397 1081 1451 demum
1115 1395 1428 1449 commovit
1462 1392 1782 1459 Helladem,

299 1486 697 1557 rebellemque
730 1486 864 1541 fecit
893 1484 1383 1555 Peloponnesum.

298 1580 449 1635 Tum
478 1580 535 1632 et
569 1575 806 1631 rebellis
838 1574 990 1629 alius
1022 1577 1261 1644 repente
1286 1572 1561 1644 apparuit

304 1670 611 1741 (tanquam
647 1663 730 1717 illi
765 1663 1063 1735 quondam
1091 1662 1357 1735 gigantes
1388 1660 1588 1732 sparti)

304 1758 564 1813 Joannes
593 1753 842 1825 Cyprius
873 1751 1043 1823 vulgo
1075 1751 1524 1823 Spyridonaces,

305 1847 415 1902 hoc
448 1845 672 1899 habens
704 1846 1160 1911 cognomentum
1195 1845 1438 1911 paterna
1468 1856 1537 1894 ex
1567 1841 1763 1908 domo,

307 1936 526 1992 fcedum
558 1932 696 2003 quid
728 1932 879 2002 visu,
914 1931 1177 1986 moribus
1210 1935 1265 1984 et
1294 1946 1555 2001 corpore,

305 2024 491 2082 oculis
523 2023 696 2078 homo
730 2022 968 2087 strabis,
1004 2024 1127 2076 arte
1161 2019 1370 2091 opifex,

304 2112 510 2170 humili
543 2117 699 2167 sorte
730 2110 965 2183 genitus
995 2114 1053 2164 et
1086 2114 1251 2164 terras
1285 2108 1461 2177 ﬁlius,

304 2201 553 2259 Caesaris
584 2200 720 2256 olim
756 2199 1049 2271 palatinus
1082 2198 1361 2266 famulus,

300 2290 598 2347 interioris
627 2289 752 2345 fisci
784 2288 1061 2343 custodias
1096 2287 1417 2359 impositus
1455 2304 1465 2341 :

297 2381 429 2438 exin
462 2379 799 2435 Smolenam
833 2377 1241 2449 prmfecturam
1275 2381 1509 2441 nactus,

297 2471 697 2541 inexspectata
730 2466 1021 2539 dignitate
1052 2466 1243 2521 elatus

300 2560 370 2615 ad
404 2558 715 2631 apostasia:
750 2557 981 2628 proruit
1010 2556 1331 2611 vesaniam.

298 2648 557 2705 Tertiam
591 2646 846 2702 habebat
876 2646 1066 2700 Caesar
1095 2649 1235 2699 tunc
1265 2644 1586 2710 miseriam,

300 2740 499 2795 suetos
532 2736 645 2793 sibi
681 2737 953 2809 podagras
987 2735 1236 2790 dolores.

303 2827 577 2883 Bifariam
611 2826 792 2898 igitur
822 2824 1141 2880 distributo
1169 2824 1449 2895 exercitu,

304 2920 529 2989 partem
562 2915 891 2969 ducendam
924 2917 1126 2968 contra
1149 2913 1588 2984 Spiridonacem

303 3020 517 3077 genero
549 3001 744 3057 Alexio
776 3002 1021 3056 tradidit
1050 3000 1370 3072 Palmologo
1407 3019 1418 3056 :

304 3094 549 3150 alteram
585 3108 717 3147 vero
750 3092 1029 3146 traditam
1066 3090 1422 3161 OEnopolitaa

304 3183 373 3236 ad
403 3179 815 3235 debellandum
850 3179 1012 3233 misit
1041 3178 1437 3250 Cammytzem
1469 3179 1719 3235 hostem.

302 3269 503 3325 Prmlio
536 3273 805 3324 conserto
840 3271 1156 3339 utrumque
1187 3268 1459 3323 rebellem
1495 3269 1650 3338 vicit,

301 3359 591 3430 ejecitque
622 3357 870 3430 imperio
902 3374 1037 3412 eum
1073 3357 1167 3412 Dei
1203 3375 1350 3427 ope:

300 3457 356 3505 et
385 3449 673 3521 Chrysum
708 3465 945 3520 quoque
972 3448 1199 3519 pepulit
1230 3449 1633 3504 Strummitza.

298 3539 505 3594 Adhuc
526 3537 734 3595 ,Alexio
766 3538 1051 3592 retinente
1087 3538 1423 3607 imperium,

297 3628 509 3683 Asanis
538 3630 715 3697 atque
747 3625 897 3681 Petri
932 3626 1245 3681 Moesorum
1281 3628 1461 3682 frater

299 3717 357 3770 in
395 3716 724 3788 principatu
762 3715 959 3786 patrias
993 3731 1297 3770 successor

298 3806 558 3861 Joannes
590 3821 758 3859 arma
789 3802 998 3859 extulit
1028 3809 1229 3859 contra
1262 3803 1577 3875 imperium
1608 3822 1621 3860 :

301 3893 625 3966 statimque
657 3909 968 3965 aggressus
1003 3910 1132 3948 cum
1168 3893 1422 3963 plurimo
1449 3896 1702 3950 exercitu

299 3984 357 4037 in
394 3982 747 4054 Rhodopeiis
770 3983 933 4053 jugis
966 3982 1365 4037 Constantiam
1397 3983 1597 4037 urbem

298 4073 446 4127 bene
477 4073 765 4127 munitam
802 4071 1171 4144 fastigiisque
1206 4072 1545 4144 impositam

295 4159 449 4214 facili
484 4159 678 4229 praelio
713 4159 825 4215 sibi
858 4160 1197 4215 vindicavit.

295 4249 482 4320 Hujus
513 4250 759 4321 dejectis
795 4250 1115 4317 mmnibus,
1150 4250 1437 4305 scelestus
1473 4250 1642 4303 homo

294 4339 546 4393 Varnam
581 4339 837 4411 perrexit
865 4340 1075 4395 urbem
1112 4340 1180 4394 ad
1221 4355 1379 4393 mare
1412 4339 1612 4405 sitam,

294 4441 470 4498 quam
505 4429 874 4485 continenter
910 4428 1106 4482 tribus
1141 4428 1351 4482 diebus
1379 4426 1670 4497 quatiens,

294 4516 550 4588 denique
576 4523 808 4590 captam
838 4516 1159 4586 exeaquavit
1190 4514 1338 4578 solo,

295 4607 545 4678 ejusque
575 4608 730 4663 cives
763 4607 819 4660 in
851 4605 1118 4673 subjecta
1152 4605 1309 4659 fossa

295 4695 391 4750 hic
421 4696 650 4750 daemon
679 4694 875 4749 obruit
906 4693 1089 4753 vivos,
1123 4693 1234 4747 heu
1270 4692 1557 4748 dolorem!

297 4784 534 4840 Sabbati
573 4784 770 4855 magni
803 4789 858 4838 et
888 4782 1179 4838 benedicti
1213 4782 1324 4853 die,

294 4871 507 4928 Christi
543 4889 769 4928 sacram
805 4873 1133 4944 passionem
1169 4872 1249 4927 nil
1284 4873 1565 4929 reveritus
1600 4890 1613 4927 :

290 4966 418 5015 tum
452 4963 688 5016 demum
725 4962 780 5016 in
815 4979 985 5017 suam
1022 4963 1271 5031 patriam
1303 4966 1392 5016 est
1422 4978 1709 5018 reversus.

290 5050 457 5105 Nunc
490 5066 636 5120 Opus
670 5051 822 5105 haud
861 5053 1059 5123 inepto
1093 5053 1350 5123 tragoedo
1384 5053 1547 5119 foret,

294 5156 471 5208 quam
506 5156 636 5194 sum
671 5158 797 5211 ego,
833 5146 897 5196 ut
928 5146 1233 5195 caneretur
1259 5142 1433 5212 digne

293 5227 697 5284 calamitatum
724 5230 963 5299 pelagus
994 5235 1049 5284 et
1078 5232 1350 5301 abyssus,

294 5315 582 5371 malorum
619 5319 859 5388 inquam
898 5318 1033 5372 Ilias
1060 5324 1115 5371 et
1147 5321 1448 5390 tragwdia,

285 5420 410 5472 quae
441 5407 805 5460 Constantini
842 5406 1021 5459 simul
1056 5408 1181 5460 urbi
1215 5408 1461 5477 contigit
1494 5427 1506 5462 :

289 5490 406 5547 imo
438 5511 583 5566 opus
617 5495 761 5550 foret
792 5498 994 5549 contra
1024 5512 1258 5552 summo
1291 5502 1419 5551 vute

1974 496 2024 563 Α
2232 494 2556 561 Ὀπλιτικῆς
2590 492 2877 573 φάλαγγος
2910 492 3309 567 ἰσκεδασμένης

2238 582 2469 648 Ἐλαθεν
2501 583 2667 646 ἀλοὸς
2702 582 2955 646 ὁπλίταις
2989 583 3284 660 βασιλέως,

2238 675 2338 730 Καὶ
2365 675 2465 742 τὴν
2498 672 2740 751 κεφαλὴν
2775 674 3027 735 ἐκκοπεὶς
3057 673 3397 736 παναθλίως·

2059 765 2199 820 6583
2240 764 2342 820 Καὶ
2374 761 2596 835 δέσμιος
2632 760 2688 817 δὲ
2719 765 3162 839 πρωτοστράτωρ
3196 764 3536 838 Καμμύτζης

2237 852 2331 907 “Ov
2366 852 2568 927 φθάσας
2597 852 2742 905 εἶπον
2774 856 2892 913 τοῖς
2919 854 3129 915 Μυσοῖς
3150 851 3428 921 ἡλωκέναι

2236 942 2473 1015 Εἰρκτῆς
2502 962 2561 995 τε
2591 937 2803 1013 δεσμῶν
2836 939 3079 1005 έκλυθεὶς
3108 943 3254 1017 παρὰ
3284 942 3517 1016 Χρύσου,

2240 1029 2343 1084 Σὺν
2377 1027 2506 1101 τῷδ’
2535 1028 2902 1099 ἀπεστάτησεν
2936 1031 3197 1087 Αὐσόνων
3229 1030 3481 1106 κράτους,

2239 1120 2343 1177 Καὶ
2373 1125 2701 1192 κατακρατεῖ
2731 1120 3061 1195 Ηελαγονίας
3091 1120 3247 1191 δλης’

2058 1211 2200 1266 6590
2239 1210 2479 1283 Συνέσχε
2508 1210 2595 1263 καὶ
2633 1207 2915 1284 Πρίλαπον
2949 1207 3080 1264 ἄστυ
3113 1207 3339 1285 ῥᾳδίως,

2237 1303 2632 1373 Κατατυραννεῖ
2657 1298 3000 1353 Θετταλικῶν
3033 1300 3283 1373 χωρίων,

2236 1392 2526 1460 Παρακινεῖ
2552 1408 2609 1442 τε
2643 1387 2809 1462 ῥᾷστα
2844 1389 2933 1442 καὶ
2965 1389 3062 1455 τήν
3094 1385 3358 1455 Ἐλλάδα,

2235 1471 2596 1549 Παλίμϐολον
2627 1476 2810 1545 τίθησι
2847 1475 3104 1538 Πέλοπος
3142 1475 3341 1549 κλίμα.

2239 1566 2379 1640 Πρὸς
2410 1563 2541 1636 τῶδ’
2563 1564 2873 1635 ἀποστάτης
2904 1586 2964 1640 γε
2998 1563 3247 1641 δεύτερος
3285 1564 3478 1635 πάλιν,

2059 1656 2201 1711 6595
2241 1653 2523 1725 Σπαρτοὺς
2555 1655 2692 1709 κατά
2720 1655 3002 1730 γίγαντας,
3037 1652 3232 1733 αἶίρνης
3258 1655 3422 1731 ἀνέφυ

2240 1743 2495 1813 Ἰωάννης
2528 1744 2765 1819 Κύπριος
2798 1742 3248 1819 Σπυριδωνάκης,

1982 1870 2029 1936 Β
2240 1833 2620 1906 Τούπώνυμον
2650 1836 2799 1908 σχὼν
2835 1833 2894 1889 έκ
2918 1835 3173 1909 πατρῴας
3203 1833 3402 1897 ἑστίας·

2239 1922 2482 1998 Αἷσχρός
2511 1945 2593 1984 τις
2627 1922 2768 1985 εἶδος
2809 1921 3031 1993 ἡλικίαν
3065 1923 3153 1978 καὶ
3184 1924 3445 1997 τρόπους,

2235 2014 2625 2085 Χειρωνάκτης
2651 2014 2847 2089 τέχνην
2874 2035 2952 2083 τε,
2982 2015 3077 2077 τὰς
3108 2011 3258 2087 ὄψεις
3290 2010 3561 2088 στράϐων,

2058 2105 2198 2160 6600
2236 2108 2421 2175 Τυχην
2452 2105 2742 2176 χαμερπῆς
2773 2103 2864 2156 καὶ
2895 2102 3120 2177 χθόνιος
3153 2103 3460 2177 παντάπαν,

2236 2196 2545 2267 ,Υπηρετῶν
2580 2190 2764 2246 ἄνακτι
2796 2192 2861 2245 τά
2891 2191 3029 2246 κατὰ
3060 2191 3296 2265 δόμους,

2237 2280 2421 2351 Φύλαξ
2450 2280 2687 2353 ταμείων
2723 2284 2830 2334 τῶν
2864 2279 2969 2335 ἔσω
3000 2283 3355 2355 τεταγμένος

2234 2370 2368 2427 Εἶτα
2399 2372 2693 2442 Σμολένων
2726 2370 2903 2442 κλίμα
2935 2370 3126 2445 λαχὼν
3165 2370 3388 2426 διέπειν·

2234 2462 2335 2521 ’Ός
2360 2460 2715 2535 κατεπαρθεὶς
2746 2459 2917 2531 ἀξίαις
2941 2459 3289 2535 παραλόγοις

2238 2555 2416 2625 ’Ἠρθη
2448 2550 2582 2623 πρὸς
2616 2548 2872 2603 ἀπόνοιαν
2897 2548 3255 2613 ἆποστασίας.

2056 2642 2199 2697 6605
2234 2640 2400 2707 Ὑπῆν
2436 2639 2651 2713 βασιλεῖ
2680 2639 2769 2693 καὶ
2797 2641 2961 2693 κακὸν
2983 2639 3167 2713 τρίτον
3200 2640 3325 2695 τότε

2238 2728 2445 2792 Εἶωθός
2478 2729 2529 2782 οἱ
2559 2729 2776 2801 νόσημα
2804 2736 2904 2798 τῆς
2938 2727 3275 2791 ποδαλδίας.

2243 2819 2671 2891 Στρατευμάτων
2702 2818 2883 2873 τοίνυν
2908 2816 3104 2873 διελὼν
3136 2826 3239 2874 πᾶν
3275 2820 3350 2883 εἰς
3384 2818 3502 2876 δύο.

2242 2906 2319 2964 Τὸ
2351 2909 2443 2980 μὶν
2476 2910 2718 2983 παρέσχε
2747 2910 2885 2963 κατᾶ
2918 2906 3351 2981 Σπυριδωνάκου

2242 2994 2481 3072 Γαμϐρῷ
2513 2995 2879 3071 Παλαιολόγῳ
2908 3002 2988 3070 τῷ
3018 2996 3269 3071 Ἀλεξίῳ·

2062 3089 2203 3143 6610
2242 3086 2320 3142 Τὸ
2354 3083 2398 3139 δ’
2432 3089 2550 3159 εἶχε
2580 3088 2797 3157 πέμψας
2829 3086 3138 3157 Ἰνοπολίτῃ
3172 3089 3282 3161 (73)
3319 3085 3485 3143 πάλιν

2246 3173 2339 3235 Εἰς
2374 3173 2685 3249 ἀντίμαχοσ
2713 3176 2849 3228 κατά
2878 3176 3187 3248 Καμμύτζη
3222 3175 3429 3249 μάχην.

1982 3240 2024 3305 C
2248 3263 2346 3316 Καὶ
2379 3257 2677 3334 συμϐαλὼν
2710 3262 2913 3333 ἥττησε
2942 3264 3068 3327 τοὺς
3094 3264 3397 3326 ἀποστάτας

2244 3351 2353 3408 Καὶ
2386 3349 2621 3428 φυγάδας
2651 3352 2835 3423 τίθησι
2866 3357 2945 3425 τῶ
2976 3358 3108 3407 Θεοῦ
3142 3358 3334 3417 σθένει.

2243 3442 2341 3495 Καὶ
2373 3441 2581 3514 Χρύσον
2614 3442 2864 3511 ἀπήλασε
2896 3447 3083 3517 χώρας
3121 3443 3566 3518 Στρουμμίτζης.

2064 3533 2206 3588 6615
2242 3532 2359 3608 Ἐφ’
2390 3533 2612 3605 ἡμερῶν
2644 3531 2843 3586 τούτου
2874 3553 2934 3607 γε
2962 3538 3064 3600 τῆς
3090 3531 3432 3607 κραταρχίας

2245 3622 2500 3690 Ἰωάννης
2534 3618 2693 3691 ἔξεισι
2730 3621 3156 3697 μυσαρχηγέτης

2245 3710 2517 3784 Σύναιμος
2546 3712 2708 3766 Ἀσδιν
2750 3712 2840 3766 καὶ
2875 3713 3079 3787 Πέτρου
3114 3719 3215 3781 τῆς
3251 3712 3468 3774 Μυσίας

2242 3801 2392 3857 Μετά
2423 3805 2673 3875 στρατιᾶς
2704 3805 2839 3856 κατὰ
2868 3801 3156 3873 Ῥωμαίων
3191 3802 3358 3876 ὅρων,

2241 3893 2338 3946 Καὶ
2375 3889 2577 3947 διαϐὼν
2611 3892 2853 3948 ὁπλιτῶν
2882 3891 3111 3947 πολλῶν
3138 3890 3290 3954 ⁹ίλαις

2061 3983 2204 4039 6620
2243 3982 2391 4039 Κατὰ
2419 3980 2686 4053 Ῥοδόπην
2717 3984 2819 4051 τήν
2854 3982 3221 4037 Κωνστάντιαν
3252 3981 3417 4038 πόλιν

2239 4073 2545 4149 ῼκισμένην
2578 4070 2633 4125 εὖ
2664 4071 2753 4125 καὶ
2786 4070 3085 4126 κολώνειαν
3119 4072 3302 4141 πόλιν,

2242 4160 2459 4230 Ταύτην
2487 4163 2861 4235 παρεστήσατο
2896 4160 3060 4236 ῥᾶστα
3089 4164 3157 4234 τῇ
3191 4160 3364 4236 μάχην

2240 4250 2345 4305 Καὶ
2376 4250 2699 4323 κατερείῲας
2729 4251 2821 4304 τὸν
2854 4246 3154 4325 περίϐολον
3193 4250 3356 4314 τάλας

2242 4339 2337 4401 Εἷς
2368 4341 2577 4413 Βάρναν
2609 4342 2707 4407 ἧκε
2736 4340 2831 4407 τήν
2863 4338 3133 4413 παράλιον
3168 4341 3358 4410 πόλιν,

2059 4430 2201 4484 6025
2242 4429 2338 4482 Καὶ
2370 4426 2534 4498 τήνδε
2562 4429 2705 4503 τρισὶ
2740 4428 3059 4493 κατασείσας
3089 4432 3322 4504 ἡμεραις

2242 4513 2583 4589 Παραλαϐὼν
2619 4538 2678 4571 κε
2704 4514 3062 4593 κατεδαφίσας
3098 4519 3233 4591 ἅμα,

1983 4603 2026 4667 D
2237 4606 2335 4660 Καὶ
2364 4606 2491 4669 τοὺς
2523 4606 2574 4661 ἐν
2603 4608 2742 4681 αὐτῇ
2776 4609 3101 4682 καταχώσας
3136 4611 3233 4681 φεῦ
3267 4608 3471 4668 πάθους
3508 4608 3521 4662 l

2233 4696 2414 4759 Ζωοὺς
2449 4696 2701 4772 ἀλάστωρ
2734 4696 3108 4771 παρακειμένῃ
3138 4698 3332 4774 τάφρῳ

2230 4786 2380 4840 Κατὰ
2403 4787 2538 4861 μέγα
2562 4780 2844 4840 Σάϐϐατον
2878 4785 3077 4860 εὐλογη
3090 4786 3273 4858 μένον,

2052 4877 2195 4931 6630
2234 4871 2421 4944 Μηδὲν
2452 4870 2729 4938 σεϐασθεὶς
2760 4876 2828 4929 τά
2857 4876 3101 4947 Χριστοῦ
3134 4877 3252 4928 θεῖα
3282 4876 3451 4944 πάθη,

2232 4963 2762 5033 Ἐκεῖθενιάνέζευξεν
2798 4962 2875 5023 εἷς
2907 4966 3006 5032 τὴν
3032 4962 3285 5036 πατρίδα.

2233 5052 2452 5107 Φαῦλον
2481 5050 2749 5129 τραγῳδὸν
2781 5052 2880 5107 οὐκ
2911 5049 3017 5107 ἔδει
3050 5056 3298 5129 παριέναι

2229 5145 2492 5198 Τοιοῦτον
2524 5144 2640 5203 οἶος
2673 5136 2745 5195 ὧν
2779 5138 2953 5216 ἔγωγε
2980 5144 3265 5218 τυγχάνω,

2230 5230 2319 5292 Εἰς
2354 5235 2645 5305 συμφορῶν
2679 5230 2916 5307 πέλαγος
2939 5232 3016 5295 εἷς
3046 5234 3205 5286 τόσον
3244 5233 3408 5307 βάθος

2048 5322 2191 5376 6635
2230 5317 2586 5394 Τραγῳοδίας
2619 5341 2676 5374 τε
2707 5321 2796 5374 καὶ
2827 5326 3007 5375 κακῶν
3048 5319 3283 5383 Ἰλιάδος

2225 5412 2287 5463 "A
2327 5412 2499 5463 πάντα
2530 5404 2845 5481 συμϐέϐηκε
2865 5415 2932 5485 τῇ
2969 5411 3398 5466 Κωνσνταντίνουο

2226 5498 2387 5554 Ἀλλ’
2419 5501 2565 5563 ὅστις
2595 5498 2655 5554 ἂν
2688 5498 2932 5573 ἤμελλεν
2963 5501 3021 5555 ἐκ
3053 5499 3349 5575 δίαμέτρου

358 5703 470 5777 (73)
498 5703 902 5774 Οἶνον-πολίτης
935 5704 1192 5761 Joannes
1227 5707 1317 5762 hic
1349 5706 1563 5763 dicitur
1593 5726 1625 5764 ο.
1655 5708 1854 5766 Niceta
1882 5708 1963 5765 lib

1427 5708 1563 5763 :itur
1593 5726 1625 5764 ο.
1655 5708 1854 5766 Niceta
1882 5708 1985 5765 lib.
2020 5727 2103 5779 III,
2136 5712 2191 5781 7,
2225 5727 2436 5784 nempe
2468 5714 2633 5769 urbis
2665 5714 2841 5770 OEnei
2873 5712 3037 5770 civis.

3613 372 3725 429 248
