4076 6418
237 407 364 462 249

421 526 669 588 Ἅπαντα
698 532 854 599 νικᾷν
885 530 1140 605 τραγικὸν
1174 532 1310 605 πρὸς
1340 531 1402 585 τὸ
1435 529 1643 586 κλαίειν

428 620 528 677 Καὶ
568 617 983 695 δραματουργὸν
1016 624 1313 696 συμφορῶν
1343 619 1726 697 ἀνθρωπίνων,

240 712 387 768 6640
424 708 551 767 Oiei
581 729 683 785 περ
718 704 871 771 ὄντες
901 710 1271 783 τυγχάνουσιν
1306 708 1551 772 ἐκτόπως

429 799 756 877 Σοφοκλεῖς,
789 797 1070 872 Αἷσχύλοι
1094 818 1153 852 τε
1174 797 1266 851 σὺν
1299 797 1626 872 Εὐριπίδαις
1662 821 1673 831 ·

428 888 659 950 Πίσυνος
691 885 764 941 ὢν
799 887 953 960 ὅμως
988 885 1044 941 δὲ
1074 887 1229 962 κάγὼ
1259 892 1337 960 τῷ
1372 888 1540 963 λόγῳ,

430 980 617 1035 Αὐτοῦ
650 974 919 1049 διδόντος,
952 976 1116 1052 ἰξερῶ
1145 999 1197 1032 τι
1230 978 1365 1052 πρὸς
1400 978 1607 1043 σθένος.

426 1066 691 1127 Καθεῖλεν
728 1067 973 1140 Ἀλέξιος
1006 1068 1295 1139 Κομνηνὸς
1326 1067 1542 1144 κράτωρ

243 1172 391 1227 6645
427 1167 701 1241 Σύναιμον
735 1165 968 1221 Ἰσάκιον
1004 1167 1237 1241 ἀρχικοῦ
1271 1166 1465 1241 θρόνου
1503 1187 1514 1199 ·

428 1258 533 1315 Καὶ
563 1255 691 1331 τάχ’
720 1257 778 1310 ἂν
815 1256 953 1321 ὑπῆν
989 1255 1264 1331 συμφέρον
1297 1257 1628 1333 κραταρχίᾳ,

426 1348 493 1407 Εἰ
523 1344 685 1402 τοῦδε
719 1342 890 1419 μηδὲν
922 1344 1175 1423 φυλακῆς
1206 1345 1531 1419 κατημέλει,

430 1436 562 1492 Νυνὶ
591 1434 646 1491 δὲ
679 1433 923 1511 διάγοντι
952 1431 1084 1506 τῷδ’
1116 1435 1331 1508 Ἰσακίῳ

429 1526 579 1586 Κατά
606 1548 669 1601 γε
694 1524 925 1582 διπλοῦν
958 1524 1110 1579 κίονα
1140 1523 1541 1595 Ηροποντίδος,

240 1622 395 1677 6650
432 1618 754 1682 Ἀνεόθυνον
787 1617 1055 1689 ξύμπασιν
1087 1616 1152 1684 ἧν
1190 1614 1474 1690 προσιέναι

428 1708 535 1765 Καὶ
568 1706 914 1781 καθομιλεῖν,
948 1708 1123 1760 πάντα
1151 1727 1211 1760 τε
1249 1703 1377 1780 δρᾷν
1412 1704 1626 1777 ἀνέδην.

431 1796 713 1858 Διακόνοις
747 1794 840 1850 οῦν
871 1792 1106 1856 Ἰταλοῖς
1138 1796 1509 1870 κεχρημένος,

431 1884 680 1962 Ἀνδράσι
711 1884 914 1963 φίλοις,
944 1883 1224 1959 γράμματ’
1254 1883 1518 1958 ἐκπέμπει
1550 1885 1723 1961 λάθρα

426 1976 575 2050 Φίλῃ
608 1974 834 2051 θυγατρὶ
859 1978 928 2048 τῇ
963 1974 1198 2046 συνεύνῳ
1229 1973 1516 2029 Φιλίππου

247 2069 392 2124 6655
429 2064 755 2139 Ἀλαμανῶν
789 2061 1058 2139 ἄρχοντος
1093 2062 1337 2139 εὐτυχῶς
1370 2065 1493 2118 τότε

429 2156 643 2228 Δηλοῦν
675 2156 743 2210 τά
773 2156 825 2209 οἱ
858 2155 1135 2228 ξύμπαντα
1168 2149 1555 2227 συμϐεϐηκότα
1590 2175 1601 2186 ·

430 2246 684 2310 Κάκεῖθεν
716 2243 1019 2320 ἀντίγραφα
1048 2241 1539 2319 προσδεδεγμένος,

428 2336 637 2408 Πέμπει
670 2335 808 2411 πρὸς
838 2333 1008 2403 αὐτὴν
1041 2332 1281 2406 Ἀλέξιον
1312 2334 1451 2405 υἱέα,

422 2428 519 2483 “Ov
551 2423 639 2480 καὶ
674 2423 856 2479 λιπεῖν
884 2421 1088 2492 ἤλπιζε
1114 2422 1433 2499 κληροῦχον
1480 2423 1731 2501 στέφους,

202 2512 386 2583 ⁸6660
423 2523 670 2588 Λαθόντα
698 2524 798 2591 τήν
834 2519 1083 2591 αἶίσθησιν
1120 2524 1205 2583 οἷς
1231 2520 1431 2576 τούτου
1458 2521 1647 2597 λόγος.

426 2617 613 2674 ’Όπως
646 2609 704 2666 δὲ
736 2609 919 2675 λαθὼν
954 2606 1223 2685 διέδρασε,
1257 2609 1475 2665 λεκτέον
1512 2632 1524 2644 ο

431 2702 605 2767 Οὗτός
636 2724 698 2777 γε
727 2701 985 2771 συνέξεισι
1013 2704 1094 2772 τῷ
1126 2699 1455 2777 στεφηφόρῳ

432 2791 752 2865 Στράτευμα
783 2792 1069 2861 κινήσαντι
1102 2790 1239 2844 κατά
1268 2790 1572 2863 Καμμύτζη
1611 2809 1620 2821 ·

430 2883 526 2945 Εἷς
558 2880 605 2937 δ’
638 2879 727 2936 οῦν
763 2878 1167 2955 Δαμοκράνειαν
1198 2878 1570 2952 έσκηνημένου

237 2976 392 3032 6665
432 2972 703 3047 Ἀπῲχετ’
735 2970 895 3032 αὐτὸς
926 2966 1165 3044 ἀποδρὰς
1196 2970 1331 3045 πρὸς
1365 2968 1622 3045 Ἀθύραν,

430 3056 722 3138 Ἐφὸλκιον
755 3056 812 3113 δὶ
840 3059 971 3129 νηὸς
1001 3056 1206 3130 εὐρείας
1237 3057 1375 3111 πάνυ

426 3147 893 3219 Έλλησποντίαις
924 3152 1129 3220 πηγαῖς
1158 3147 1620 3219 καθωρμισμένης

429 3241 527 3301 Ἠς
556 3239 781 3313 ἡγεμὼν
810 3237 876 3305 ἧν
906 3236 964 3291 ἐκ
995 3234 1238 3289 Λατίνων
1272 3238 1529 3298 [ῐισσαῖος

429 3326 891 3402 Προευτρεπισθὶν
920 3324 997 3387 εἷς
1030 3322 1205 3399 δοχὴν
1238 3329 1335 3380 τοῦ
1368 3323 1662 3400 δραπέτου,

240 3420 393 3476 6670
433 3419 576 3472 Ἐκεῖ
606 3414 838 3492 κατάραν
865 3411 1175 3487 ἐξεπίτηδες
1201 3413 1345 3484 τότε,

425 3508 703 3581 Ἢρπακὸς
735 3504 1019 3579 ἐξέπλευσε
1047 3506 1140 3560 τὸν
1172 3505 1410 3576 νεανίαν,

430 3598 535 3654 Καὶ
565 3597 701 3670 πρὸς
736 3596 850 3669 μέγ’
884 3596 1156 3670 ἀπήνεγκε
1185 3593 1380 3650 πλοῖον
1414 3598 1669 3652 Λατίνου.

430 3687 584 3741 Ἐπεὶ
609 3683 665 3741 δὲ
695 3683 937 3761 δρασμὸς
965 3683 1259 3758 διέγνωστο
1290 3689 1386 3738 τοῦ
1416 3685 1563 3755 νέου,

428 3772 661 3838 Στείλας
695 3776 882 3851 ἐρευνᾷ
917 3772 1171 3849 βασιλεὺς
1203 3774 1401 3829 πλοῖον
1435 3771 1573 3849 μέγα
1607 3795 1618 3806 ·

227 3877 377 3932 6675
422 3871 596 3931 Οὐδὶν
632 3870 688 3927 δὲ
718 3873 810 3928 καὶ
843 3872 1132 3947 δράσαντες
1167 3871 1590 3945 ἀπεσταλμένοι,

422 3957 797 4034 Παλίνδρομοι
828 3958 1089 4036 φθάνουσι
1120 3958 1258 4034 πρὸς
1294 3958 1542 4034 βασιλέα.

425 4051 762 4123 Κειράμενος
794 4048 899 4124 γὰρ
931 4049 1143 4125 εὐφυῶς
1175 4048 1333 4109 οὗτος
1361 4050 1565 4121 κόμην,

422 4138 733 4211 Ἐσθήμασί
761 4159 820 4193 τε
851 4137 1248 4212 σχηματισθεὶς
1278 4139 1550 4209 Λατίνων,

424 4226 762 4299 Εἱλούμενός
793 4230 838 4281 τ’
873 4228 939 4281 αὖ
972 4226 1168 4300 ἀναμὶξ
1201 4227 1378 4282 αὐτῶν
1412 4223 1596 4306 ὄχλῳ,

236 4320 388 4375 6680
427 4319 742 4392 ’Δγνωστος
774 4318 840 4385 ἦν
876 4318 1045 4371 ἅπασι
1075 4317 1165 4371 καὶ
1196 4323 1313 4380 τοῖς
1343 4315 1565 4377 εἰδόσιν,

423 4406 615 4469 Οὕτως
645 4404 887 4482 ἀποδρὰς
921 4406 1186 4479 Ἀλέξιος,
1221 4407 1295 4468 ὡς
1327 4404 1485 4481 ἔφην,

424 4496 570 4569 Πρὸς
598 4498 932 4569 κασιγνήτην
963 4494 1014 4549 ἓν
1048 4492 1273 4566 Σικελίᾳ
1302 4493 1484 4565 πλέει,

424 4584 525 4639 Καὶ
556 4582 679 4657 τῇδ’
711 4583 963 4662 ἐποφθεὶς
996 4582 1332 4659 ἐκτραγῳδεῖ
1360 4586 1427 4639 τὰ
1458 4584 1605 4656 πάθη
1642 4606 1653 4618 ·

419 4675 482 4730 Ἦ
512 4672 560 4728 δ’
590 4673 883 4750 ἐκλιπαρεῖ
912 4676 1003 4728 τὸν
1041 4673 1291 4728 σύνευνον
1324 4673 1525 4747 ἀμῦναι

230 4775 379 4829 6685
422 4771 586 4844 Φίλῳ
614 4794 673 4827 τε
703 4772 868 4845 πατρὶ
902 4770 1186 4847 δυστυχῶς
1217 4774 1522 4846 πεπραγότι

424 4861 527 4918 Καὶ
565 4861 811 4937 συγγόνῳ
838 4861 1076 4932 πλάνητι
1112 4866 1308 4935 γυμνῷ
1337 4863 1384 4914 τ’
1415 4860 1650 4937 ἀστέγῳ.

417 4954 603 5005 Ταῦτα
638 4952 730 5022 μὲν
765 4950 911 5005 οὕτω
943 4951 1232 5025 συνέκυρσε
1261 4954 1340 5021 τῷ
1370 4951 1493 5005 τότε
1529 4968 1539 4981 ·

424 5041 594 5107 ’Υπῆν
626 5036 672 5093 δ’
702 5039 911 5112 ἐριννὺς
938 5041 1205 5117 φθαρτική
1234 5038 1325 5093 καί
1355 5040 1481 5115 πρὶν
1515 5042 1702 5114 πόλει,

417 5127 644 5202 Ἐρίκος
672 5149 756 5190 τις
792 5126 1102 5189 Δάνδουλος
1132 5125 1255 5197 δοὺξ
1287 5128 1555 5200 Βενετίας,

236 5220 383 5275 6690
423 5218 593 5291 Ἀνὴρ
623 5216 861 5291 ἀγύρτης
891 5216 983 5271 καὶ
1013 5215 1249 5278 παλαιὸς
1283 5218 1504 5287 κακίαν,

418 5304 589 5381 ’Ἄδερ
622 5305 936 5382 ἀλιτήριος,
968 5305 1218 5361 Αὐσόνων
1251 5304 1426 5377 λύμη,

416 5398 515 5457 ³ι)ς
550 5394 840 5471 ὑποτύφων
870 5396 1119 5467 ζώπυρον
1158 5394 1450 5467 βασκανίας

409 5483 743 5556 ἘναύσματΪ
774 5484 837 5538 αὗ
873 5481 1100 5555 μήνιδος
1133 5481 1347 5546 ἔνδοθεν
1378 5484 1561 5557 φέρων

412 5575 502 5634 Ὠς
536 5573 587 5628 ἐν
617 5570 821 5643 σποδιᾷ
848 5580 945 5642 τῆς
976 5572 1169 5628 ἑαυτοῦ
1202 5570 1429 5643 καρδίας

230 5666 380 5721 6695
419 5664 537 5732 Τῆς
571 5660 762 5734 δῆθεν,
793 5662 867 5722 ὡς
899 5658 1149 5736 ἔφασκεν,
1183 5661 1260 5722 εἰς
1286 5658 1633 5739 συμφυλέτας

418 5756 552 5829 Παρ⁹
578 5752 846 5811 Αὐσόνων
874 5751 999 5826 πρὶν
1036 5751 1239 5825 ζημίας
1268 5750 1571 5828 παροινίας,

1796 407 2155 464 ΟΕΒΔΒΕΒ.

1876 540 1887 551 ’
1947 533 2001 600 Α
2032 532 2133 603 qui
2166 536 2430 606 quamvis
2461 547 2763 611 superaret
2793 542 3078 614 plorando
3110 543 3395 615 tragicum

2017 622 2051 677 h
2070 640 2545 699 umanarumque
2581 634 2837 686 actorem
2871 633 3287 703 miseriarum;

2024 713 2229 785 quales
2266 716 2499 772 fuerunt
2532 719 2759 776 scilicet
2792 722 2875 776 illi
2905 722 3101 778 eximii

2019 802 2339 874 Sophocles
2375 807 2799 881 zEschylusque
2833 816 3004 882 atque
3035 812 3366 884 Euripides.

2019 892 2234 948 Verum
2267 899 2326 950 et
2360 911 2466 968 ego
2500 898 2685 954 fretus
2719 900 3002 957 facundiae
3033 903 3279 971 viribus,

2016 981 2225 1037 harum
2256 1001 2363 1056 ope
2394 986 2618 1059 aliquid
2654 991 2909 1046 conabor
2942 991 3071 1047 fari.

2020 1071 2358 1130 Comnenus
2389 1076 2580 1132 Caesar
2609 1080 2911 1150 expulerat
2935 1080 3169 1137 Alexius

2018 1178 2366 1234 germanum
2404 1166 2691 1223 Isaacium
2713 1170 2895 1241 regali
2928 1171 3177 1239 throno;

2019 1250 2196 1322 idque
2230 1253 2468 1310 fortasse
2502 1255 2689 1312 fuerat
2720 1257 2968 1330 imperio
3002 1260 3167 1330 utile,

2019 1340 2130 1395 nisi
2166 1342 2493 1399 custodiam
2527 1346 2678 1416 pulsi
2714 1348 3089 1421 neglexisset.

2019 1440 2185 1495 Nunc
2219 1457 2352 1497 cum
2377 1443 2638 1500 Isaacius
2672 1446 2915 1501 domum
2952 1447 3242 1503 habitaret

2020 1530 2089 1585 ad
2123 1532 2269 1586 duas
2301 1531 2606 1590 columnas
2642 1535 2817 1591 sitam
2847 1538 2905 1591 in
2937 1536 3308 1607 Propontide,

2020 1622 2144 1675 erat
2165 1620 2374 1692 cuique
2404 1620 2655 1679 liberum
2687 1626 2984 1695 accedere,

2020 1707 2309 1779 colloquia
2338 1713 2513 1782 atque
2546 1714 2778 1784 negotia
2811 1716 3088 1770 audacter
3121 1731 3310 1787 agere.

2019 1797 2167 1869 Ergo
2202 1798 2458 1855 lsaacius
2480 1817 2625 1855 usus
2659 1802 2947 1858 ministris
2982 1802 3145 1858 Italis

1944 1905 1993 1970 B
2025 1886 2231 1942 amicis
2262 1888 2374 1943 sibi
2412 1889 2576 1957 viris,
2611 1908 2855 1947 arcanas
2890 1892 3116 1949 litteras

2025 1975 2209 2031 mittit
2239 1978 2310 2032 ad
2344 1979 2527 2035 tiliam
2561 1997 2730 2035 suam
2764 1980 3020 2053 Philippi
3054 2000 3294 2038 uxorem

2021 2068 2162 2120 tunc
2194 2065 2540 2123 Alamannis
2573 2069 2918 2140 imperantis
2950 2070 3210 2127 feliciter.

2024 2157 2085 2210 In
2111 2154 2203 2210 his
2232 2156 2603 2227 significabat
2631 2161 2927 2215 fortunam
2953 2177 3124 2215 suam
3161 2180 3172 2217 :

2022 2245 2385 2316 receptisque
2419 2246 2582 2303 illinc
2612 2249 2871 2305 vicissim
2904 2249 3116 2305 litteris

2022 2334 2256 2391 mittere
2288 2336 2554 2391 Alexium
2588 2338 2775 2393 ﬁlium
2808 2340 2876 2394 ad
2915 2339 3104 2410 ipsam
3129 2339 3356 2411 statuit,

2022 2424 2216 2496 (quem
2250 2428 2305 2479 et
2336 2426 2611 2497 sperabat
2640 2427 2803 2498 regni
2834 2427 3123 2483 hzeredem
3155 2427 3445 2500 linquere)

2021 2513 2170 2568 clam
2204 2512 2322 2569 illis
2353 2514 2576 2570 scilicet
2607 2517 2705 2586 qui
2740 2516 3129 2571 observabant
3154 2517 3451 2587 juvenem.

2018 2604 2126 2658 Sed
2160 2606 2224 2658 ut
2254 2602 2489 2658 latuerit
2523 2604 2680 2675 fuga,
2707 2605 2875 2675 juvat
2893 2603 3106 2675 eloqui.

2021 2701 2323 2757 Profectus
2353 2700 2447 2756 hic
2479 2718 2614 2756 cum
2646 2705 2866 2757 Caesare
2900 2720 3089 2774 nuper
3121 2703 3313 2759 fuerat

2018 2790 2239 2846 bellum
2274 2790 2644 2862 Cammytzae,
2680 2796 2743 2845 ut
2771 2790 3050 2857 diximus,
3084 2791 3392 2848 inferenti:

2022 2897 2156 2935 cum
2189 2884 2385 2936 autem
2408 2880 2808 2935 Damocraniae
2842 2898 3004 2936 mora
3038 2881 3221 2949 fieret,

2020 2972 2159 3042 fuga
2189 2968 2531 3025 adolescens
2563 2970 2809 3025 contulit
2842 2988 2903 3025 se
2928 2970 3227 3042 Athyram.

2019 3066 2282 3132 Cumque
2311 3058 2569 3113 famulus
2602 3058 2833 3114 lembus
2868 3060 3125 3130 ingentis
3157 3061 3319 3116 navis

2020 3151 2190 3221 cujus
2222 3148 2551 3204 navarchus
2582 3152 2707 3203 erat
2738 3148 2988 3204 Pisanus
3020 3149 3188 3215 civis,

1936 3266 1979 3333 α
2018 3241 2090 3296 ad
2123 3237 2484 3309 Hellesponti
2516 3242 2692 3333 caput
2723 3240 3268 3333 progressusﬁsset,

2016 3332 2256 3401 paratus
2280 3343 2489 3398 nempe
2518 3327 2589 3381 ad
2621 3326 3031 3397 excipiendum
3069 3328 3383 3399 profugum
3413 3353 3427 3397 -,
3475 3383 3487 3394 ,

2017 3421 2254 3489 repente
2284 3418 2555 3472 admotus
2588 3416 2809 3487 Athyras
2839 3416 3140 3471 littoribus

2017 3510 2247 3578 recepto
2280 3505 2649 3561 adolescente
2682 3504 2867 3560 altum
2900 3506 3110 3573 tenuit,

2015 3602 2191 3668 atque
2220 3596 2290 3651 ad
2326 3595 2516 3651 Pisani
2548 3611 2754 3650 navem
2788 3595 3062 3651 eumdem
3087 3596 3414 3652 transtulit.

2015 3687 2127 3742 Sed
2162 3702 2294 3739 mox
2326 3689 2390 3739 ut
2421 3686 2558 3757 fuga
2588 3684 2848 3741 innotuit
2878 3684 3293 3754 adolescentis,

2015 3785 2315 3856 navigium
2349 3801 2628 3853 magnum
2655 3787 2848 3840 Caesar
2881 3786 3131 3840 scrutari
3154 3785 3343 3855 jussit

2014 3874 2318 3929 ministros
2349 3890 2381 3928 a
2410 3889 2470 3927 se
2505 3873 2760 3940 missos;
2796 3875 2897 3928 sed
2932 3873 3029 3929 isti
3062 3878 3256 3929 tamen

2014 3965 2084 4018 ad
2118 3978 2251 4018 eum
2276 3961 2493 4017 reversi
2524 3967 2665 4017 sunt
2691 3963 2921 4033 negotio
2948 3962 3184 4018 infecto.

2011 4052 2239 4107 Etenim
2276 4056 2409 4123 apte
2442 4055 2610 4106 tonso
2644 4050 3115 4122 capillojuvenis

2012 4140 2472 4211 vestimenloque
2506 4138 2795 4195 simulans
2827 4155 2888 4194 se
2923 4139 3214 4204 Latinum,

2012 4247 2147 4285 cum
2177 4246 2238 4285 se
2269 4228 2716 4301 permiscuisset
2746 4229 2932 4283 turbae
2961 4228 3229 4285 nauticae.

2013 4321 2243 4375 cunctis
2266 4318 2351 4375 vel
2386 4317 2775 4375 familiaribus
2807 4317 2917 4373 fuit
2948 4317 3307 4389 incognitus.

2009 4409 2103 4468 sic
2135 4408 2273 4479 iuga
2304 4407 2564 4480 elapsus,
2598 4412 2661 4461 ut
2692 4407 2917 4461 dictum
2950 4412 3059 4475 est,
3087 4406 3330 4462 Alexius

2012 4501 2083 4555 ad
2116 4512 2375 4554 sororem
2409 4497 2633 4553 confert
2655 4513 2718 4551 se
2748 4495 2805 4550 in
2839 4496 3122 4563 Siciliam,

2015 4593 2190 4658 atque
2220 4586 2377 4658 apud
2410 4584 2571 4641 illam
2604 4601 2776 4640 casus
2810 4585 2908 4640 ﬂet
2939 4585 3336 4653 domesticos;

2017 4692 2144 4747 ques
2176 4690 2459 4746 sponsum
2495 4674 2751 4729 exoravit
2782 4678 2841 4728 ut
2868 4674 3075 4730 vindex
3106 4674 3269 4729 ﬁeret

2017 4764 2244 4837 parenti
2272 4781 2379 4820 suo
2407 4770 2526 4819 tam
2549 4763 2827 4835 gravibus
2858 4778 3141 4834 oppresso
3173 4762 3367 4829 malis,

2014 4853 2293 4924 fratrique
2325 4852 2698 4918 nudo,exsuli
2729 4857 2787 4906 et
2818 4852 2944 4907 sine
2976 4851 3219 4906 laribus.

2015 4952 2165 5007 Dum
2187 4952 2305 5005 haec
2339 4950 2789 5020 peragebantur,
2814 4948 3063 5018 Erinnys
3100 4947 3213 5002 alia

2014 5040 2262 5096 exitiosa
2300 5037 2629 5111 Byzantina
2663 5038 2794 5092 urbi

2014 5130 2133 5185 dux
2155 5127 2535 5184 Venetiarum
2568 5132 2693 5182 erat
2723 5127 2928 5183 Ericus
2962 5125 3286 5196 Dandulus,

2013 5220 2101 5275 vir
2135 5216 2562 5283 fraudulentus,
2586 5220 2873 5271 veterator
2904 5214 3221 5285 pessimus,

2013 5312 2164 5380 Aper
2194 5305 2608 5362 exsecrandus.
2642 5305 2871 5375 imperii
2906 5303 3112 5375 pestis,

2014 5398 2115 5468 qui
2140 5411 2412 5452 arcanam
2447 5395 2746 5449 ﬂammam
2775 5393 3044 5449 nutriens
3074 5393 3276 5450 livoris

2014 5492 2187 5557 atque
2216 5484 2329 5540 odii
2352 5482 2859 5553 temitemjamdiu
2886 5500 3097 5554 gerens

2010 5581 2295 5647 tanquam
2323 5573 2433 5629 sub
2466 5572 2679 5626 mentis
2706 5571 2898 5627 cinere
2927 5572 3273 5643 repositum,

2011 5666 2085 5721 ob
2118 5665 2242 5720 suis
2267 5662 2451 5727 illata,
2482 5667 2546 5715 ut
2568 5661 2778 5727 aiebat,
2815 5662 3044 5716 civibus

2011 5774 2043 5810 a
2065 5752 2233 5809 nobis
2264 5752 2619 5811 detrimenta
2642 5756 2817 5821 atque
2849 5750 3120 5820 injurias,

1933 4636 1982 4699 D

3579 420 3689 475 250
