4076 6414
380 419 491 475 255
1597 420 1973 474 ΕΡΗΒΕΜΙΙ

1597 420 1973 474 ΕΡΗΒΕΜΙΙ
2010 413 2585 474 CHRONOGRAPHI

381 543 603 603 Latinis
632 544 986 600 resistebant
1018 544 1149 599 forti
1182 543 1380 598 animo
1406 561 1418 597 :

378 634 688 705 portisque
719 649 784 688 se
805 632 1120 687 efferebant
1154 637 1215 686 ut
1246 630 1627 686 ostenderent

380 722 612 779 bellicis
641 722 863 777 viribus
896 722 1099 776 urbem
1132 737 1248 775 non
1281 719 1548 784 destitui,

383 827 576 884 neque
609 827 671 866 se
699 810 885 866 aleam
918 827 1126 881 pugnas
1160 810 1502 863 detrectare.

378 899 643 954 Profecto
674 904 798 952 tum
833 899 1122 952 Romanos
1150 896 1397 951 vidisses
1433 900 1729 962 strenuos,

375 992 554 1056 atque
584 987 874 1042 Mavortia
902 1001 1190 1041 memores
1240 986 1481 1040 virtutis
1522 1005 1536 1052 ;

382 1076 707 1148 praesertim
744 1075 840 1130 ubi
876 1074 1247 1145 imperatoris
1279 1091 1463 1145 gener

382 1164 600 1221 bellum
633 1165 845 1220 ducatu
879 1164 1117 1235 regebat
1147 1162 1395 1217 mirifico

380 1254 645 1309 Lascaris
677 1252 1024 1309 Theodorus
1055 1253 1113 1307 in
1140 1252 1353 1323 praeliis
1387 1252 1495 1306 leo.

374 1341 478 1396 Hic
508 1342 665 1397 enim
698 1357 928 1413 pugnas
961 1342 1187 1396 fortiter
1209 1344 1556 1395 sustentans

373 1430 653 1500 caedebat,
686 1430 1031 1485 concidebat
1060 1428 1443 1483 adversarios.

369 1529 557 1593 Quare
582 1526 867 1582 collectus
902 1525 1143 1581 Latinus
1176 1526 1468 1580 exercitus

369 1616 671 1671 terrestris
704 1619 761 1669 et
793 1614 1150 1680 maritimus,
1186 1614 1329 1684 proh
1362 1613 1583 1669 rabiem
1610 1612 1799 1668 diram
1834 1613 1845 1665 !

372 1705 599 1776 impetu
632 1705 839 1760 statuit
870 1720 1074 1776 capere
1106 1705 1449 1775 Byzantium

372 1796 423 1851 si
455 1799 610 1850 certe
638 1794 1011 1864 prmvaleret;
1051 1795 1141 1849 sin
1173 1800 1369 1849 autem
1405 1794 1626 1860 minus,

373 1885 585 1940 oblatis
611 1885 1051 1940 conditionibus
1081 1885 1220 1939 hinc
1254 1886 1541 1940 recedere.

370 1974 521 2044 Ergo
552 1973 732 2028 Latini
767 1974 965 2030 hostes
996 1973 1056 2028 in
1082 1974 1266 2028 aciem
1305 1975 1593 2042 prodeunt

370 2067 549 2133 atque
581 2079 756 2118 naves
788 2068 1133 2134 promovent
1163 2078 1351 2134 usque
1384 2063 1456 2117 ad
1491 2061 1787 2128 Petrium;

370 2152 625 2223 grandes
660 2152 940 2207 habentes
970 2152 1030 2206 in
1056 2152 1328 2206 antennis
1361 2152 1552 2207 scalas

371 2238 616 2294 funibus
650 2239 921 2311 alligatas
954 2245 1076 2295 arte
1112 2241 1276 2294 mira.

372 2328 627 2383 Arietem
656 2327 755 2382 alii
780 2328 1111 2383 machinam
1145 2330 1444 2398 objectant

373 2416 611 2473 solitum
644 2419 1008 2472 urbanorum
1042 2417 1340 2488 ﬂagellum
1374 2418 1680 2483 moenium,

373 2509 430 2561 et
460 2506 917 2576 circumponunt
949 2506 1218 2561 homines
1252 2506 1599 2578 armigeros,

376 2594 659 2649 nimirum
690 2594 1054 2650 ballistarios
1086 2594 1184 2664 qui
1222 2595 1454 2650 hostem
1484 2596 1813 2651 verberent.

372 2694 532 2749 Tunc
565 2698 731 2748 atrox
764 2693 1094 2748 exardescit
1121 2694 1193 2748 ad
1219 2692 1435 2748 moenia
1469 2693 1689 2749 bellum

373 2786 599 2837 terrore
631 2781 872 2852 plenum
905 2782 1182 2837 maximis
1203 2781 1531 2837 conatibus.

374 2872 562 2927 Ariete
594 2876 996 2942 expugnatore
1026 2876 1313 2942 ruperunt
1344 2871 1512 2927 facile

376 2961 689 3015 obversum
718 2959 863 3014 mari
898 2976 1131 3013 murum
1169 2977 1181 3025 ;
1216 2960 1317 3013 sed
1351 2964 1490 3014 sunt
1531 2958 1749 3031 repulsi

377 3066 411 3104 a
442 3049 655 3103 nostris
688 3047 1073 3103 auxiliaribus
1106 3047 1207 3119 qui
1239 3048 1297 3102 in
1332 3050 1474 3102 urbe
1504 3054 1691 3103 erant.

375 3136 449 3191 At
479 3135 768 3192 classiarii
800 3137 1053 3208 desuper
1088 3154 1117 3191 e
1148 3136 1323 3192 scalis

370 3226 667 3297 lapidibus
700 3226 1002 3296 feriebant,
1034 3225 1189 3291 telis,
1224 3226 1436 3297 gladiis

373 3316 631 3371 turrium
664 3317 939 3372 custodes
974 3317 1378 3388 mmniumque
1408 3318 1694 3388 vindices,

374 3404 653 3476 brevique
684 3406 921 3461 eosdem
959 3406 1017 3460 in
1042 3407 1240 3477 fugam
1274 3408 1669 3477 conjecerunt.

372 3493 598 3549 Deinde
628 3494 830 3550 hostes
862 3495 1157 3550 moenibus
1188 3495 1358 3566 potiti

374 3584 616 3639 urbanis
640 3584 838 3654 ignem
873 3585 1150 3641 domibus
1170 3585 1443 3655 injiciunt

371 3672 510 3728 inde
542 3690 575 3728 a
606 3672 943 3729 Blachernis
967 3674 1036 3728 ad
1072 3675 1253 3728 aedem
1288 3675 1604 3747 Evergetae.

374 3774 539 3827 Tunc
563 3772 757 3828 dirum
793 3788 996 3827 casum
1030 3789 1275 3828 cernens
1307 3774 1630 3845 imperator

370 3859 827 3931 trepidationem
859 3859 1264 3933 laerymasque
1288 3861 1525 3930 civium,

372 3949 705 4022 horumque
727 3965 934 4005 verens
959 3954 1214 4005 maxime
1246 3951 1703 4021 querimoniam,

372 4054 524 4110 aegre
553 4043 611 4094 et
642 4043 881 4095 coactus
912 4042 1150 4096 tandem
1185 4040 1244 4094 in
1279 4057 1444 4095 arma
1468 4041 1713 4113 rapitur,

369 4132 427 4183 et
447 4128 863 4199 cataphractus
892 4129 1169 4200 prodiens
1204 4129 1423 4201 palatio

370 4217 546 4272 traxit
585 4218 874 4273 nobilium
899 4220 1164 4290 equitum
1186 4222 1479 4274 catervam

374 4306 760 4376 peditumque
792 4308 1071 4375 iuvenum
1099 4307 1304 4361 fortem
1332 4322 1596 4361 manum.

373 4395 444 4448 Et
474 4393 723 4450 fortasse
754 4396 986 4468 aliquod
1018 4400 1293 4467 peractus
1324 4400 1447 4450 erat

373 4481 520 4537 utile
552 4482 681 4537 urbi
715 4484 943 4540 facinus
967 4489 1023 4540 et
1054 4483 1323 4555 imperio,

372 4570 419 4625 si
454 4587 587 4625 cum
615 4571 889 4629 hostibus
924 4589 1164 4628 manum
1199 4572 1616 4641 conseruisset,

367 4660 456 4716 vel
489 4664 641 4716 certe
671 4663 905 4718 Lascari
940 4678 1151 4735 genero
1176 4660 1497 4716 fortissimo

370 4749 624 4804 maxime
648 4751 873 4822 optanti
913 4765 1172 4820 pugnam
1208 4748 1577 4819 permisisset
1606 4770 1618 4805 :

370 4854 528 4893 nunc
561 4839 973 4895 conservandae
1004 4837 1133 4890 vitae
1167 4838 1307 4891 dum
1343 4838 1540 4894 studet
1572 4839 1743 4896 miles

370 4927 718 4983 acceleravit
748 4927 882 4981 urbi
916 4925 1231 4981 discrimen
1266 4943 1595 4982 summum.

374 5024 521 5079 Nam
551 5025 744 5079 Caesar
776 5024 959 5078 armis
993 5023 1247 5094 sumptis
1282 5023 1341 5078 in
1371 5024 1622 5094 speciem
1657 5033 1883 5084 tantum

374 5118 683 5185 postquam
718 5128 780 5167 se
812 5112 972 5167 brevi
1003 5118 1304 5169 armatum
1334 5116 1593 5169 ostendit
1624 5116 1871 5185 civibus,

378 5200 543 5257 nulla
573 5215 634 5254 re
667 5201 846 5272 digna
877 5204 1042 5272 gesta
1072 5202 1311 5257 recessit
1333 5203 1577 5273 statim;

372 5294 429 5345 et
460 5289 561 5360 qui
584 5290 894 5359 jucundus
913 5307 1102 5361 nuper
1125 5291 1181 5345 in
1218 5291 1482 5362 pra-lium
1515 5298 1771 5365 venerat,

375 5395 511 5433 mox
544 5378 873 5450 ignominia
902 5380 1113 5450 plenus
1146 5397 1213 5434 ex
1245 5397 1310 5435 eo
1338 5382 1635 5449 discersit,

372 5472 541 5523 aucta
571 5466 792 5523 Latinis
824 5468 1095 5523 hostibus
1129 5470 1395 5535 audacia,

378 5560 521 5610 Cum
545 5557 860 5628 recepisset
891 5574 1028 5629 ergo
1055 5573 1115 5612 se
1145 5558 1202 5610 in
1236 5558 1519 5628 palatium

385 5646 681 5701 Romanus
709 5646 902 5701 Caesar
932 5648 1267 5701 Comnenus
1290 5644 1548 5719 Alexius,

383 5733 525 5789 utile
556 5733 668 5792 sibi
702 5736 932 5793 censuit
964 5753 1029 5793 ac
1060 5735 1480 5793 necessarium.

2064 542 2117 608 Α
2147 540 2288 596 6810
2328 535 2734 591 Συνεπλέκοντο
2769 537 3022 600 Λατίνοις
3057 536 3379 612 εὐκαρδίως’

2318 626 2392 681 Τὸ
2426 627 2520 698 μὲν
2552 624 2970 699 παριστάνοντες
3006 627 3081 689 ὡς
3113 624 3264 682 ἔνδον
3296 626 3462 691 πόλις

2319 713 2637 771 Ὁπλιτικὸν
2677 716 2950 789 μάχιμον,
2987 717 3230 780 εὐσθενὲς
3273 718 3445 795 φέρει,

2318 805 2378 857 Τ“
2422 802 2468 858 δ’
2530 802 2615 858 ’ὲ
2726 808 2751 817 ”
2832 805 2845 821 ’
2975 805 2985 821 ⁷
3194 807 3205 823 ’
3362 808 3373 827 ’
3445 828 3455 840 ⁸

2361 826 2388 858 o
2496 825 2560 858 αυ
2619 824 2793 857 αυτων
2828 825 2879 859 εν
2917 825 3125 880 μαχαις
3158 806 3437 883 ευανδριαν

2316 893 2484 950 Ἠνίκ⁹
2517 893 2699 965 ἀθρεῖν
2731 893 2796 962 ἦν
2833 894 2931 948 οὐκ
2964 896 3162 970 ἀγεννῆ
3195 898 3243 951 τ’
3273 897 3524 953 Αὐσόνων

2139 984 2282 1039 6815
2319 980 2453 1039 Οὐδ’
2479 982 2703 1056 ἀρεϊκῆς
2736 980 3095 1059 ἀνδραγαθίας
3126 984 3259 1055 ξένα⁸

2319 1072 2426 1129 Καὶ
2462 1070 2677 1143 μᾶλλον
2712 1070 2837 1127 ἔνθα
2867 1069 3119 1151 γαμϐρὸς
3150 1076 3216 1145 ἦν
3253 1074 3527 1151 βασιλέως

2320 1162 2519 1235 Μάχας
2551 1160 2867 1237 στρατηγῶν
2898 1163 2985 1217 καὶ
3021 1161 3312 1220 διευθύνων
3346 1167 3509 1239 ξένως

2318 1248 2600 1326 Θεόδωρος
2636 1251 2906 1327 Λάσκαρις
2941 1253 2992 1307 ἐν
3030 1256 3239 1330 μάχαις
3272 1254 3434 1314 λέων.

2319 1340 2490 1402 Οὗτος
2522 1338 2841 1395 τολυπεύων
2875 1341 2977 1417 γὰρ
3009 1343 3200 1416 ἄριστα
3234 1343 3418 1418 μάχας

2139 1439 2281 1493 6820
2319 1436 2619 1509 Ἐπληττε,
2652 1436 2994 1510 κατέπληττε
3024 1443 3149 1504 τοὺς
3178 1443 3528 1506 ἀντιπάλους’

2321 1528 2687 1600 Συσπειραθὶν
2722 1530 3030 1602 στράτευμα
3059 1529 3255 1585 λοιπὸν
3284 1530 3531 1587 Λατίνων

2317 1617 2580 1689 Χερσαῖον
2619 1612 2840 1689 ὑδραῖόν
2868 1637 2945 1687 τε,
2980 1622 3077 1692 φεῦ
3115 1625 3215 1688 τῆς
3252 1620 3483 1693 μανίαςί

2316 1705 2555 1779 Ἕγνωκε
2588 1701 2699 1758 δεῖν
2730 1726 2849 1767 πως
2880 1703 3212 1778 προσϐαλεῖν
3247 1707 3555 1777 Βυζαντίδι·

2313 1794 2408 1849 “Ιν’
2440 1793 2489 1847 εἷ’
2518 1794 2611 1865 μὶν
2647 1794 2911 1867 ἰσχύσειν·
2948 1795 2993 1850 εἰ
3027 1794 3071 1850 δ’
3104 1795 3219 1864 οὖν,
3250 1793 3499 1862 συϐάσεις

2137 1884 2281 1939 6825
2320 1884 2549 1955 Δράσαν,
2584 1882 2717 1957 ἀπίῃ
2751 1884 2887 1957 πρὸς
2917 1883 3209 1950 κελεύθους
3240 1885 3403 1950 ἰδίας·

2147 1933 2274 1939 --π
2321 1933 2549 1955 -,-
2759 1933 2885 1957 -η--τ
2920 1933 3207 1950 "ww—nn.
3244 1933 3380 1950 -σ--ς

2060 1933 2107 1999 Β
2318 1973 2385 2029 Οἱ
2422 1974 2515 2044 μὲν
2548 1970 2811 2026 τολοιπὸν
2845 1973 3168 2048 ἀντιμάχων
3198 1976 3441 2031 Λατίνων

2319 2059 2499 2115 Πλοῖα
2530 2058 2784 2137 φέροντες
2812 2063 2990 2117 ἱστᾶσι
3023 2065 3129 2137 πρὸ
3162 2065 3428 2139 Πετρίων,

2318 2151 2416 2204 Διά
2441 2150 2624 2205 κάλων
2658 2150 2933 2224 κλίμακας
2970 2151 3192 2228 ἴσχοντα
3223 2152 3396 2227 ξένας,

2315 2240 2510 2303 ’[στοῖς
2549 2240 2687 2315 πρὸς
2718 2240 2853 2313 ὕψος
2885 2240 3157 2317 εὐτέχνως
3186 2242 3579 2319 συνδουμένας⁶

2141 2333 2285 2386 6830
2324 2330 2393 2386 Οἱ
2427 2327 2483 2383 δὲ
2514 2332 2666 2404 κριὸν
2700 2331 2958 2405 τεύχουσι
2996 2335 3363 2407 μηχανήματι

2316 2418 2700 2493 Καθαιρετικὸν
2735 2420 2964 2494 τειχέων
2996 2420 3386 2494 πολισμάτων·

2318 2506 2517 2579 Κύκλῳ
2543 2510 2967 2580 περιστήσαντες
3000 2508 3199 2587 ἄνδρας
3235 2511 3467 2575 ὁπλίτας

2318 2596 2768 2672 Τζαγρατοξότας
2799 2598 2876 2661 εἷς
2910 2600 3098 2675 μάχην
3131 2602 3477 2677 ἀντιμάχωνο

2319 2686 2420 2743 Καὶ
2451 2687 2747 2756 τηνικαῦτα
2777 2693 3139 2762 συγκροτοῦσι
3170 2692 3267 2759 τήν
3306 2692 3492 2766 μάχην

2140 2785 2283 2840 6835
2320 2784 2408 2844 Ὡς
2440 2782 2699 2858 κρατεράν
2730 2804 2788 2838 τε
2816 2785 2905 2839 καὶ
2939 2783 3146 2862 σφόδρα
3178 2788 3494 2862 φρικαλέαν,

2318 2873 2376 2924 Ὁ
2404 2871 2842 2946 τειχεσιπλήτης
2875 2871 2931 2928 δὲ
2962 2876 3114 2949 κριὸς
3142 2874 3341 2951 ῥᾳδίως

2323 2960 2560 3037 ’Έρρηξε
2586 2968 2777 3037 τεῖχος
2807 2964 2943 3037 πρὸς
2976 2962 3244 3027 θάλασσαν
3276 2967 3338 3020 τὸ
3376 2966 3602 3041 βλέπον·

2322 3050 2429 3104 Κάν
2466 3050 2808 3124 ἀπεκρούσθη
2843 3052 3165 3128 συμμάχοις
3191 3061 3307 3117 τοῖς
3340 3056 3623 3112 Αὐσόνων·

2325 3139 2551 3202 Πλοίοις
2587 3138 2630 3195 δ’
2660 3138 2869 3202 ἐνόντες
2904 3140 2963 3195 ἐκ
2991 3142 3280 3215 κλιμάκιον
3313 3140 3507 3219 ὑψόθεν

2142 3233 2285 3289 6840
2323 3229 2576 3306 Ἠφίεσαν
2610 3228 2797 3291 λίθους
2828 3252 2887 3284 τε
2917 3232 3144 3295 κοντοὺς
3175 3235 3261 3289 καὶ
3295 3235 3420 3312 ξίφη

2062 3302 2105 3367 C
2322 3302 2536 3373 Φύλακι
2568 3317 2787 3393 πύργων
2817 3322 2903 3373 καὶ
2935 3322 3253 3397 προμάχοις
3277 3302 3526 3398 τειχέων,

2318 3409 2420 3463 Καὶ
2454 3407 2590 3481 πρὸς
2622 3410 2795 3483 φυγὴν
2828 3407 3111 3483 τρέπουσιν
3145 3411 3340 3474 αὐτοὺς
3372 3410 3594 3488 ῥᾳδίως.

2320 3497 2523 3551 Λοιπὸν
2557 3498 2814 3570 κρατοῦσι
2844 3501 3075 3573 τειχέων
3105 3503 3513 3576 πυργωμάτων,

2320 3586 2421 3644 Καὶ
2454 3586 2830 3660 πυρπολοῦσιν
2861 3588 3035 3651 οἰκίας
3072 3587 3361 3664 ἱδρυμένας

2139 3688 2281 3743 6845
2321 3687 2413 3740 Ἐκ
2441 3686 2547 3739 τῶν
2581 3685 2908 3761 Βλαχερνῶν
2942 3687 2995 3751 ἐς
3026 3691 3197 3760 μονὴν
3229 3690 3546 3767 Εὐεργέτου.

2318 3771 2469 3831 Ἰδὼν
2506 3771 2563 3828 δὲ
2594 3771 2922 3849 δυστύχῆμα
2948 3778 3094 3831 τοῦτ’
3125 3777 3476 3855 αὐτοκράτωρ

2317 3865 2417 3921 Καὶ
2453 3865 2693 3937 συνοχὴν
2730 3861 2936 3938 δάκρυα
2964 3871 3071 3920 τῶν
3109 3867 3364 3937 ὑπηκόων

2318 3954 2570 4027 Μέμψεις
2604 3951 2661 4007 δὲ
2690 3953 2898 4009 τούτων
2933 3951 3259 4027 εὐλαϐηθεὶς
3301 3958 3389 4013 καὶ
3421 3959 3619 4032 πλέον,

2315 4042 2493 4105 Μόλις
2525 4042 2762 4113 ὁπλίτης
2792 4044 2994 4119 γίνεται
3027 4047 3117 4099 καὶ
3147 4046 3240 4102 σὺν
3272 4048 3385 4121 βίᾳ.

2135 4135 2281 4190 6850
2319 4137 2435 4186 Τῶν
2473 4130 2764 4207 βασιλείων
2801 4131 2848 4188 δ’
2879 4132 3031 4206 ἐξιὼν
3062 4135 3440 4209 ὡπλισμένος,

2316 4221 2614 4283 Πλείστους
2645 4221 2983 4278 ἐπεσπάσατο
3017 4223 3308 4300 λαμπροὺς
3341 4225 3563 4295 ἱππέας,

2314 4310 2417 4367 Καὶ
2445 4311 2672 4378 πεζικὴν
2707 4308 2960 4387 φάλαγγα
2990 4315 3248 4387 γενναίων
3284 4310 3440 4369 νὲωνο

2317 4398 2419 4456 Καί
2442 4401 2569 4473 τάχ’
2599 4398 2659 4452 ἂν
2693 4397 2853 4473 ἔργον
2885 4399 3097 4463 εὐκλεὲς
3127 4404 3407 4479 πέπρακτό
3444 4406 3495 4458 οἱ

2320 4488 2604 4562 Σωτήριον
2638 4486 2800 4542 πόλει
2833 4510 2889 4543 τε
2919 4492 3006 4544 καὶ
3038 4492 3367 4567 κραταρχίᾳ,

2137 4590 2284 4645 6855
2329 4588 2390 4643 Εἰ
2423 4586 2735 4656 συνεπλάκη
2768 4592 2883 4650 τοῖς
2919 4590 3142 4665 ἐχθροῖς
3173 4591 3430 4663 ἐναντίος,

2065 4662 2109 4725 D
2320 4679 2393 4733 Ἠ
2426 4675 2756 4749 συμπλοκὴν
2792 4662 3033 4751 Λάσκαρι
3061 4676 3295 4756 γαμϐρῷ
3326 4662 3555 4757 γεννάδα

2316 4768 2583 4840 Ὀργῶντι
2620 4766 2770 4837 μάλα
2801 4771 3218 4842 συγκεχωρήκει
3250 4772 3394 4825 τότεο

2316 4856 2425 4911 Νῦν
2461 4852 2505 4909 δ’
2543 4856 2694 4929 ὑπὶρ’
2724 4856 2876 4909 αἶσαν
2906 4859 2939 4925 ἡ
2976 4864 3229 4932 στρατιᾶς
3260 4856 3439 4914 δειλία

2318 4943 2411 5006 Εἰς
2441 4941 2671 5019 ἔσχατον
2700 4941 2946 4999 κίνδυνον
2980 4946 3087 4999 ὦσε
3116 4948 3215 5016 τήν
3249 4946 3440 5005 πόλιν.

2138 5035 2281 5090 6860
2319 5032 2500 5089 Μόνον
2534 5031 2637 5106 γὰρ
2671 5031 2745 5092 εἷς
2778 5029 2995 5103 ἔνδειξιν
3027 5034 3190 5089 αὐτὸν
3223 5036 3455 5101 ὁπλίσας

2319 5121 2526 5195 Μικρόν
2559 5141 2617 5175 τε
2650 5121 2836 5198 φανεὶς
2862 5123 2889 5177 ὁ
2921 5122 3236 5199 κρατάρχης
3272 5123 3530 5199 ὁπλίτης,

2320 5211 2494 5273 Εὐθὺς
2524 5210 2873 5284 ἀπεκρύψατο
2908 5209 3075 5285 μηδέν
3108 5235 3161 5267 τι
3194 5212 3418 5289 δράσας·

2323 5302 2614 5361 Ἀσπάσιος
2650 5300 2741 5372 μὲν
2776 5300 2931 5371 ἐξιὼν
2960 5301 3098 5375 πρὸς
3125 5303 3225 5372 τήν
3262 5306 3476 5379 μάχην,

2320 5389 2585 5444 Ἐπανιὼν
2623 5386 2669 5442 δ’
2697 5388 2980 5465 αἴσχιστος
3011 5390 3071 5444 ἐκ
3103 5392 3292 5465 μάχης
3321 5395 3489 5468 τάχα,

2138 5479 2281 5534 6865
2319 5478 2688 5550 Θρασυτέρους
2718 5478 2827 5539 θεὶς
2860 5480 3201 5552 ἀντιμάχους
3230 5482 3511 5545 Λατίνουςο

2319 5568 2512 5638 ’Ὸμως
2550 5564 2802 5628 ὑπεισδὺς
2833 5567 2957 5629 τοὺς
2995 5566 3310 5642 βασιλείους
3344 5568 3551 5646 δόμους

2325 5660 2515 5726 Κομνη
2532 5659 2612 5717 νὸς
2647 5654 2887 5725 Ἀλέξιος
2919 5657 3377 5735 Αὐσονοκράτωρ,

2323 5746 2564 5819 Ἐγνωκε
2600 5742 2707 5799 δεῖν
2743 5746 2793 5801 οἱ
2827 5747 3099 5824 συμφέρον
3132 5768 3187 5803 τε
3216 5747 3499 5824 τυγχάνειν
