4076 6414
262 355 380 411 257

448 479 832 557 Ἀντιφερίζειν
871 478 1051 554 μηδὴν
1087 484 1236 556 ἀκμῇ
1268 481 1544 541 κινδύνου.

258 571 410 626 6870
450 570 653 642 ’Έξεισι
682 571 877 634 νυκτὸς
905 576 1197 645 τοιγαροῦν
1230 571 1573 643 λεληθότως,

452 658 596 730 Πρὸς
626 654 891 714 Δεϐελτὸν
926 658 971 714 δ’
1004 658 1182 715 ἄπεισι
1216 662 1473 738 φρούριον
1504 668 1743 739 Θρᾷκης,

453 748 622 811 Ἔνθα
653 749 1037 821 προητοίμασε
1065 752 1165 819 τὴν
1194 751 1498 819 κατοικίαν,

460 838 631 893 Ὀκτὼ
663 839 955 915 κατασχὼν
984 842 1082 909 τήν
1121 839 1399 915 βασιλείαν
1434 843 1669 917 χρόνους

450 927 555 982 Σὺν
604 928 739 1002 μησὶ
772 929 944 1004 τρισὶν
979 931 1214 1005 ἡμέραις
1248 930 1402 995 αὖθις
1436 930 1581 989 δέκα.

446 1047 769 1104 ΑΔΕΞΙΟΣ
812 1049 857 1103 Ο
898 1048 1057 1104 ΥΙΟΣ
1099 1050 1439 1106 ΙΣΑΔΚΙΟΥ
1476 1050 1647 1105 ΜΗΝ.
1693 1051 1756 1117 ζ’.

261 1144 409 1199 68⁸75
444 1139 615 1204 Αὖθις
651 1139 699 1197 δ’
726 1143 999 1206 Ἰσαάκιος
1032 1145 1198 1220 ἄρχοι
1227 1149 1323 1199 τοῦ
1364 1145 1589 1223 στέφους

462 1230 568 1285 Σὺν
600 1230 833 1305 ’Δλεξίῳ
860 1233 1059 1305 τεκνίῳ
1090 1232 1433 1309 πεφιλμένῳ·

363 1371 375 1381 ,
474 1320 628 1375 Ἐπεὶ
657 1322 759 1396 γὰρ
791 1319 1032 1393 Ἀλέξιος
1066 1323 1270 1394 ἀπέστη
1304 1323 1558 1399 κράτους,

454 1410 558 1465 Καὶ
588 1411 724 1485 πρὸς
760 1405 1024 1466 Δεϐελτὸν
1058 1410 1379 1489 ἀπέδρασεν,
1402 1416 1476 1477 ὡς
1502 1413 1661 1490 ἔφη»,

449 1497 622 1562 Εὐθὺς
651 1499 987 1576 ἀνηγόρευτο
1020 1502 1157 1577 πρὸς
1183 1503 1477 1577 γερουσίας

260 1590 415 1648 6880
458 1588 725 1651 Ἰσαάκιος
760 1588 1014 1663 βασιλεὺς
1046 1593 1221 1666 πηρὸς
1254 1594 1389 1670 φάη,

448 1678 685 1754 Εἱρκτῆς
712 1699 770 1733 τε
802 1676 1017 1752 δεσμῶν
1048 1680 1250 1743 ἀνεθεὶς
1282 1680 1637 1757 παραλόγως·

452 1766 838 1844 Καθείργνυται
876 1766 934 1823 δὲ
969 1769 1187 1844 βασιλὶς
1220 1772 1570 1848 Εὐφροσύνη.

448 1858 538 1919 Ὠς
570 1854 615 1912 δ’
646 1856 946 1933 έγκατέστη
980 1860 1070 1913 καὶ
1103 1860 1269 1916 πάλιν
1302 1863 1632 1938 κραταρχίᾳ,

450 1947 651 2018 Τίθησι
688 1946 857 2019 δῆλον
890 1953 993 2003 πᾶν
1024 1950 1088 2005 τὸ
1118 1946 1329 2025 συμϐὰν
1364 1952 1642 2013 Λατίνοις·

274 2038 415 2094 6885
458 2039 521 2091 Οἳ
555 2035 603 2092 δ’
636 2038 753 2093 υἱὺν
787 2036 1158 2113 ἐκπέμπουσιν
1192 2039 1336 2113 αὐτῷ
1369 2040 1460 2095 σὺν
1491 2042 1673 2117 τάχει,

451 2128 541 2190 Ὠς
567 2128 772 2199 ἠξίωτο
798 2136 1068 2202 πατρικῆς
1098 2126 1378 2204 συνεδρίας

461 2218 762 2281 Κοινωνίας
791 2238 848 2272 τε
875 2222 973 2272 τοῦ
1008 2217 1290 2293 βασιλείου
1323 2221 1575 2292 κράτους.

453 2306 558 2361 Καὶ
587 2312 691 2368 πᾶς
722 2308 965 2382 προσιὼν
1000 2304 1258 2380 δημοτῶν
1290 2311 1397 2362 τῶν
1432 2308 1482 2363 έν
1516 2307 1661 2364 τέλει

450 2396 690 2473 ’Δμφοῖν
724 2403 970 2472 προσῆγε
999 2398 1367 2473 προσκύνησιν
1402 2400 1491 2453 καί
1518 2393 1696 2460 σέϐας,

260 2485 414 2540 6890
452 2485 602 2540 Μετὰ
630 2485 810 2561 βραχὺ
848 2483 905 2541 δὲ
932 2485 1028 2540 καὶ
1061 2482 1349 2563 πρόκριτοι
1390 2486 1637 2542 Λατίνων

446 2576 578 2636 Τοῖς
615 2573 921 2648 βασιλείοις
954 2574 1369 2651 παραϐαλόντες
1399 2573 1593 2650 δόμοις

451 2666 647 2736 Τιμῶν
676 2665 937 2740 τυχόντες
971 2663 1191 2741 δωρεῶν
1221 2667 1269 2720 τ’
1295 2664 1361 2719 αὖ
1386 2664 1631 2743 ἀφθόνων

446 2751 610 2815 Αὖθις
642 2751 1066 2825 ἀπηλλάττοντο
1101 2754 1193 2809 σὺν
1229 2754 1462 2825 εὐταξίᾳ.

445 2840 675 2905 Τούτοις
719 2842 974 2907 βασιλεὺς
1010 2841 1259 2918 δαψιλῶς
1290 2842 1605 2919 καθημέραν

262 2932 418 2987 6895
454 2932 625 2994 ’Ὁλας
657 2929 930 2995 θαλάσσας
964 2933 1269 3007 χρημάτων
1299 2933 1363 3001 ἦν
1396 2934 1677 3007 παρέχων,

447 3019 513 3077 Εἰ
543 3020 632 3076 καὶ
662 3021 810 3099 σφίσι
840 3021 1057 3098 κέκριτο
1092 3021 1241 3098 ῥανίς
1271 3043 1354 3084 τις
1384 3018 1531 3077 τάδε.

448 3113 686 3187 Χρήζων
717 3112 981 3167 τολοιπὸν
1009 3110 1280 3167 πλειόνων
1314 3110 1391 3174 εἷς
1423 3108 1664 3183 δαπάνην

447 3202 572 3257 Τῶν
601 3201 763 3274 ἱερῶν
790 3199 991 3274 ἥψατο,
1024 3204 1121 3277 φεῦ
1147 3200 1479 3273 κειμηλίων,

449 3294 665 3344 Σκευῶν
696 3310 755 3344 τε
786 3289 943 3354 θείων
969 3294 1064 3345 καῖ
1093 3284 1367 3345 σεϐαστῶν
1398 3288 1618 3344 εἰκόνων
1657 3292 1669 3345 ί

260 3378 411 3433 6900
450 3380 562 3434 Καὶ
592 3375 765 3433 τῶνδε
792 3378 1000 3452 κόσμον
1034 3373 1638 3451 ἀθεμίτωςξλαμϐάνων

444 3467 532 3529 Ὠς
564 3468 745 3522 κοινὸν
779 3466 1040 3542 ἀργύριον
1068 3467 1104 3537 ἢ
1134 3467 1224 3521 καὶ
1258 3466 1485 3542 χρυσίον

447 3555 717 3632 Παρεὶχεν
746 3554 966 3631 ἐχθροῖς
998 3557 1233 3618 Ἰταλοῖς
1259 3554 1406 3611 τόνδ’
1433 3557 1703 3635 ἀφθόνως.

444 3646 617 3708 Οὗτος
650 3644 941 3707 Πισσαίους
964 3642 1206 3707 Ἰταλοὺς
1235 3646 1361 3707 τοὺς
1392 3645 1443 3699 ἐν
1473 3645 1634 3701 πόλει

445 3735 747 3810 Διαφόρους
781 3729 939 3798 ὄντας
967 3755 1028 3809 γε
1057 3738 1174 3798 τοῖς
1202 3734 1526 3805 Βενετίκοις,

250 3826 406 3882 6905
442 3823 566 3880 Ἐπὶ
594 3827 765 3897 κακῷ,
799 3826 926 3900 φεῦί
958 3830 1059 3893 τῆς
1090 3822 1229 3894 ὅλης
1259 3821 1565 3897 Ῥωμαίδος

445 3912 687 3976 Σπεύσας
713 3912 895 3989 φιλιοῖ
922 3913 1012 3968 καὶ
1042 3912 1406 3969 καταλλάσσει
1436 3913 1577 3971 τότε.

444 4004 512 4061 Οἱ
545 4000 591 4057 δ’
622 4002 950 4078 ἀντιμάχοις
980 4001 1337 4079 προσρυέντις
1374 4002 1564 4058 αὐτίκα

441 4091 552 4150 Ἀεὶ
576 4090 762 4167 διῆγον
790 4092 1031 4148 σύσσιτοι
1055 4092 1417 4165 συνημμένοι·

440 4184 596 4239 Ὅθεν
631 4182 965 4258 Φραγγίσκοι
999 4176 1406 4257 προσλαϐόντες
1434 4201 1485 4234 τι
1522 4181 1685 4255 μέρος

253 4274 405 4330 6910
443 4274 568 4329 Τῶν
601 4273 983 4348 προσρυέντων
1017 4270 1290 4326 Πισσαίων
1322 4270 1617 4327 Βενετίκων

442 4364 523 4416 Δι’
552 4361 783 4417 ἀκατίων
816 4358 1324 4436 προσπεπλευκότες
1355 4360 1517 4416 πόλει

441 4450 888 4513 Συνεισπεσόντες
920 4449 1145 4506 ὁπλῖται
1178 4452 1473 4527 Ειφηφόροι

439 4543 521 4614 Τῇ
554 4544 844 4617 συναγωγῇ
876 4541 1122 4618 κρυφίως
1148 4547 1256 4597 τῶν
1290 4539 1341 4595 ἐν
1384 4542 1577 4615 Ἀγαρ,

437 4630 682 4686 ’Ἁπαντα
712 4628 1037 4705 λῃστεύουσι
1066 4626 1256 4684 τᾶνδον
1295 4627 1557 4701 καθάπαξ·

249 4720 401 4777 6915
440 4720 584 4780 Τέως
615 4716 662 4773 δ’
687 4719 1134 4794 ἀπεκρούσθησαν
1166 4715 1567 4791 Ἰσμαηλίταις,

440 4808 864 4871 Ἀστυπολίταις
898 4809 1047 4886 σφίσι
1082 4807 1600 4881 συμμαχουμένοις.

440 4898 503 4951 Οἱ
536 4894 581 4951 δ’
614 4896 933 4970 ἐκμανέντες
963 4901 1070 4972 πῦρ
1103 4895 1274 4951 ἐνιᾶσι
1308 4892 1529 4967 δόμοις.

444 4988 540 5041 Καὶ
574 4986 923 5063 πυρπολοῦσι
947 4991 1027 5058 τῷ
1058 4985 1191 5059 πυρὶ
1221 4989 1299 5056 τῷ
1324 4984 1603 5061 παμφάγῳ

437 5077 522 5133 Τὰ
548 5075 780 5131 πλεῖστα
808 5076 898 5131 καὶ
928 5074 1198 5131 κάλλιστα
1226 5080 1326 5143 τῆς
1357 5072 1783 5130 Κωνσταντίνου.

251 5167 399 5223 6920
438 5166 581 5243 ’Λφή
619 5166 714 5239 μὲν
749 5165 1029 5242 ἀπήρξατο
1060 5163 1234 5239 πυρὸς
1265 5167 1345 5235 τῷ
1372 5163 1497 5217 τότε

438 5255 536 5312 Ἐκ
566 5257 907 5330 συναγωγῆς,
938 5254 1012 5315 ὡς
1044 5248 1200 5331 ἔφην,
1230 5256 1339 5305 τῶν
1370 5251 1421 5322 ἐξ
1452 5254 1649 5327 Ἅγαρ·

435 5344 511 5401 Τὸ
542 5344 633 5399 καὶ
665 5345 904 5401 Μιτάτον
937 5347 1054 5407 τοῖς
1082 5340 1239 5405 ὅλοις
1267 5339 1610 5413 κεκλημένον

435 5435 508 5490 ’Ό
537 5434 674 5507 πρὸς
708 5432 980 5497 θάλασσαν
1007 5430 1249 5505 Εἰρήνης
1270 5437 1373 5500 τῆς
1405 5428 1563 5504 ἁγίας

435 5518 831 5600 Ἀγχωμάλως
858 5519 1052 5597 ’ίδρυτο
1084 5524 1193 5592 ναῷ
1223 5520 1422 5593 τιμίῳ,

244 5615 397 5672 6925
439 5612 542 5671 Καὶ
569 5611 749 5668 πάντα
777 5611 999 5690 φλέξαν,
1028 5609 1286 5688 ἀφανίσαν
1314 5608 1382 5663 τὰ
1408 5609 1587 5683 πέριξ.

438 5700 649 5780 Δερῥόη
684 5703 811 5777 πῦρ³
838 5701 995 5757 παντ⁹
1028 5698 1125 5775 έρη
1138 5702 1272 5774 μοῦν
1303 5699 1371 5751 τὰ
1400 5696 1590 5770 κύκλῳ

1815 366 2176 423 CESARES.

1956 496 2004 557 Α
2038 487 2291 545 instanti
2318 492 2444 561 jam
2478 494 2738 565 periculo
2770 511 2885 551 non
2920 496 3020 552 diu
3053 496 3345 555 resistere.

2051 577 2214 634 Clam
2252 580 2436 650 igitur
2465 598 2569 652 per
2598 589 2828 639 noctem
2858 584 3125 656 dilapsus
3152 588 3376 644 aedibus

2053 668 2199 722 abiit
2229 668 2537 725 Debeltum
2573 672 2832 727 Thracia}
2863 675 3196 743 castellum,

2052 756 2150 810 ubi
2178 757 2304 826 jam
2334 759 2445 813 sibi
2483 760 2844 816 instruxerat
2868 763 3293 833 diversorium;

2052 850 2361 915 postquam
2394 851 2664 902 tenuerat
2696 866 2943 920 regnum
2977 854 3147 908 annis
3177 859 3327 923 octo,

2050 933 2237 989 tribus
2270 941 2545 1006 praeterea
2578 940 2903 1004 mensibus,
2938 941 3146 998 diebus
3178 944 3401 999 decem.

2236 1050 2546 1106 ALEXIUS
2590 1051 2843 1108 ISAACII
2894 1055 3126 1112 FILIUS
3168 1058 3383 1116 MENS.
3429 1064 3529 1118 VI.

2050 1145 2211 1199 Tunc
2245 1146 2455 1201 iterum
2492 1149 2751 1206 lsaacius
2784 1152 3009 1222 potitur
3039 1159 3355 1212 stemmate

2050 1250 2181 1288 cum
2216 1234 2427 1291 dilecto
2454 1253 2561 1291 suo
2595 1238 2779 1293 ﬁliolo
2816 1240 3014 1296 Alexio
3046 1259 3057 1295 :

2051 1340 2184 1377 nam
2220 1329 2529 1396 postquam
2565 1326 2725 1397 prior
2754 1328 2991 1405 Alexius
3027 1332 3204 1387 cessit
3234 1349 3413 1405 regno

2050 1414 2223 1483 atque
2255 1414 2587 1482 Debeltum,
2620 1420 2683 1470 ut
2714 1400 2995 1488 diximus,
3027 1400 3307 1493 profugit,

2048 1519 2081 1556 a
2111 1509 2313 1558 seualu
2348 1504 2617 1574 protinus
2653 1506 2971 1577 imperator

2047 1607 2236 1646 caecus
2268 1592 2528 1649 Isaacius
2559 1598 2648 1649 est
2680 1595 3060 1665 acclamatus,

2046 1695 2273 1735 carcere
2304 1698 2411 1735 suo
2445 1687 2652 1753 praeter
2682 1700 2845 1755 spem
2879 1688 3157 1744 emissus.

2042 1767 2254 1823 Contra
2284 1769 2485 1841 regina
2517 1771 2900 1845 Euphrosyne
2932 1776 3211 1833 custodia
3243 1780 3516 1836 traditur.

1966 1856 2012 1922 B
2042 1856 2143 1912 Ille
2175 1865 2402 1930 recepto
2434 1860 2645 1915 iterum
2680 1862 2927 1933 imperio

2040 1954 2338 2019 peractam
2376 1967 2498 2006 rem
2528 1951 2822 2023 signiﬁcat
2857 1953 3079 2011 Latinis
3111 1975 3129 2011 :

2039 2039 2136 2109 qui
2170 2038 2373 2094 statim
2405 2039 2516 2111 ipsi
2542 2040 2898 2096 remiserunt
2932 2042 3119 2098 ﬁlium

2037 2132 2103 2182 ut
2132 2127 2464 2183 consideret
2493 2146 2625 2184 cum
2662 2135 2899 2200 parente
2930 2132 3169 2188 domino

2036 2216 2382 2288 sociumque
2416 2217 2692 2273 honorem
2727 2219 3018 2275 obtineret
3048 2223 3233 2294 regni.

2035 2305 2197 2361 Tunc
2228 2306 2540 2363 universus
2573 2308 2825 2379 populus
2856 2325 2988 2364 cum
3022 2312 3474 2383 magistratibus

2034 2395 2268 2466 utrique
2292 2396 2470 2451 simul
2503 2398 2742 2452 domino
2775 2398 3127 2469 obsequium
3160 2402 3393 2459 obtulit.

2036 2483 2211 2539 Paulo
2247 2489 2379 2556 post
2409 2485 2588 2540 etiam
2614 2486 2793 2541 duces
2828 2488 3166 2544 Latinorum

2033 2572 2176 2628 Cum
2212 2574 2280 2628 ad
2317 2573 2541 2646 regales
2570 2575 2721 2629 aedes
2754 2592 2816 2630 se
2846 2577 3255 2646 contulissent,

2033 2660 2357 2719 honoribus
2387 2664 2577 2719 affecti
2609 2664 2897 2735 donisque
2922 2665 3274 2735 innumeris,

2034 2751 2213 2821 quieti
2247 2756 2619 2807 recesserunt
2650 2768 2780 2807 cum
2816 2758 2971 2808 recto
3004 2755 3230 2812 ordine.

2031 2841 2135 2895 His
2163 2840 2486 2912 imperator
2515 2841 2737 2897 affatim
2770 2843 3031 2913 quotidie

2032 2930 2219 2986 maria
2249 2931 2508 3001 pecuniae
2536 2930 2593 2985 in
2627 2931 2825 2985 sinum
2858 2932 3180 3004 ingerebat,

2030 3036 2367 3091 quanquam
2401 3020 2522 3075 haec
2552 3020 2696 3091 ipsis
2727 3020 3078 3075 videbantur
3107 3025 3307 3093 guttis.

2031 3108 2163 3165 Mox
2194 3110 2263 3165 ad
2300 3110 2603 3181 impensas
2636 3110 2873 3180 indigus
2900 3110 3163 3181 pecunias

1952 3224 1994 3293 ρ
2033 3197 2207 3270 ccepit
2237 3198 2487 3270 diripere
2513 3215 2711 3255 sacros
2738 3199 3071 3269 thesauros,

2031 3302 2173 3341 vasa
2204 3286 2421 3354 divina,
2455 3287 2817 3342 venerandae
2849 3290 3099 3356 statuas,

2030 3376 2247 3447 quibus
2279 3375 2477 3431 illicite
2508 3375 2827 3431 detrahens
2858 3380 3155 3445 ornatum,

2029 3470 2454 3537 argenteosque
2480 3470 2535 3520 et
2567 3482 2774 3521 aureos
2806 3481 3082 3521 nummos
3114 3468 3398 3538 conﬂans,

2029 3554 2302 3610 hostibus
2329 3554 2485 3623 large
2518 3555 2907 3626 profundebat
2937 3553 3119 3610 Italis.

2029 3645 2085 3699 Is
2116 3648 2172 3699 et
2205 3644 2445 3700 Pisanos
2469 3644 2632 3699 urbis
2664 3643 2991 3714 inquilinos

2027 3732 2273 3788 antehac
2300 3750 2333 3788 a
2362 3734 2600 3788 Venetis
2632 3734 2764 3787 odio
2797 3732 3176 3799 dissidentes,

2027 3822 2138 3877 heu
2168 3822 2179 3875 !
2214 3838 2347 3878 cum
2382 3822 2637 3893 pernicie
2674 3822 2931 3877 universi
2964 3822 3197 3893 imperii

2025 3911 2179 3967 inter
2207 3928 2269 3967 se
2299 3910 2528 3966 studuit
2550 3912 2800 3983 jungere
2832 3910 3108 3966 amicitia.

2028 4001 2114 4057 llli
2150 4000 2499 4056 adversariis
2530 4001 2659 4054 exin
2694 3998 3051 4055 reconciliati

2028 4107 2163 4145 cum
2198 4090 2289 4145 his
2322 4089 2609 4145 curabant
2634 4088 2899 4158 quotidie
2930 4088 3214 4143 convivia.

2025 4179 2172 4234 Tum
2204 4179 2378 4235 etiam
2415 4179 2641 4245 Franci,
2676 4177 2832 4232 socia
2860 4177 3099 4233 cohorte

2032 4269 2245 4324 Pisaua
2274 4270 2605 4339 Venetaque
2637 4284 2763 4338 quas
2796 4267 2950 4322 ultro
2982 4267 3250 4338 accessit,

2026 4358 2252 4430 cymbis
2281 4358 2340 4412 in
2375 4358 2580 4413 urbem
2611 4357 2807 4413 subito
2838 4356 3015 4412 delati

2024 4448 2313 4519 impetum
2345 4447 2569 4503 faciunt
2599 4446 2778 4502 simul
2810 4450 3034 4501 armata
3066 4462 3247 4503 manu

2024 4535 2083 4592 in
2111 4553 2468 4609 synagogam
2504 4535 2654 4591 clam
2686 4538 3110 4608 Agarenorum,

2026 4628 2272 4699 ejusque
2303 4643 2536 4683 omnem
2572 4627 2808 4698 rapiunt
2838 4626 3265 4697 supellectilem
3302 4646 3314 4683 :

2030 4733 2231 4773 verum
2267 4734 2300 4772 a
2323 4716 2527 4772 Turcis
2559 4718 2796 4772 demum
2827 4721 2967 4771 sunt
2998 4716 3243 4787 repulsi,

2032 4821 2200 4877 opem
2236 4805 2559 4862 ferentibus
2589 4805 2849 4877 Byzantii
2882 4805 3129 4861 civibus.

2032 4896 2118 4951 Illi
2151 4895 2368 4951 efferati
2402 4896 2627 4950 faculas
2660 4894 2933 4964 injiciunt

2032 4985 2245 5041 civium
2280 4984 2469 5051 tectis,
2502 4987 2982 5054 consumuntque
3012 4983 3283 5039 incendio

2032 5073 2288 5146 plurima
2319 5077 2374 5128 et
2404 5073 2630 5144 optima
2661 5072 2824 5127 urbis
2849 5071 3116 5127 aediﬁcia.

2033 5163 2226 5235 Magni
2260 5162 2368 5218 fuit
2398 5165 2593 5217 autem
2626 5159 2881 5215 incendii
2917 5160 3150 5216 initium

2032 5270 2066 5308 a
2095 5268 2410 5325 synagoga,
2446 5256 2512 5307 ut
2542 5250 2821 5315 diximus,
2854 5252 3285 5321 Agarenorum,

2031 5344 2131 5413 qui
2166 5343 2324 5398 locus
2349 5340 2523 5412 vulgo
2554 5338 2771 5395 dicitur
2800 5339 3106 5409 Mitatum;

2028 5432 2207 5504 idque
2238 5430 2551 5486 editicium
2585 5432 2835 5501 pertinet
2865 5430 2936 5484 ad
2972 5445 3135 5485 mare

2030 5521 2131 5576 ubi
2163 5526 2221 5577 et
2250 5520 2447 5576 Irenes
2479 5520 2621 5575 diva:
2656 5518 2944 5591 templum
2978 5520 3173 5591 surgit
3206 5536 3218 5575 :

2028 5610 2191 5665 illinc
2224 5608 2606 5681 progrediens
2638 5608 3079 5680 amburensque
3110 5608 3311 5665 omnia

2028 5702 2541 5774 propagatumque
2570 5698 2730 5770 gravi
2763 5715 2897 5753 cum
2928 5697 3106 5753 exitio

3596 380 3704 434 258
