4076 6406
386 396 494 452 259
1612 383 1987 440 apsumi
2023 380 2591 439 caaonoeaxpax
3700 382 3810 441 sec

387 516 618 575 devenit
647 530 835 588 usque
865 513 937 569 ai
969 512 1256 584 inclytum
1291 510 1511 565 circum
1547 506 1894 575 maximum,

1881 547 1894 575 ,
2070 514 2125 580 Α
2331 504 2495 579 Ἀχρι
2532 504 2793 579 μεγίστου
2819 504 2910 559 καὶ
2942 504 3274 580 περικλότου
3307 502 3482 579 δόμου

386 608 488 680 qui
516 604 912 663 sanctissimas
940 602 1167 674 Sophim
1202 598 1418 670 templo
1450 598 1681 668 adjacet
1716 612 1728 649 :

1727 615 1728 645 1
2326 596 2458 647 Θεοῦ
2494 593 2695 667 Σοφίας
2730 594 2817 648 καὶ
2850 594 3116 670 παναγίου
3137 592 3337 670 Λόγου,

385 702 562 769 atque
595 696 665 751 ad
698 691 1036 766 oppositum
1068 690 1225 746 venit
1260 704 1444 759 usque
1477 700 1660 753 mare,

2194 768 2197 769 ν
2267 767 2272 769 _
2324 687 2489 750 Διῆκε
2521 681 2686 759 μέχρι
2720 683 2810 737 καὶ
2843 682 3119 754 θαλάσσης
3141 680 3367 760 θατὲρας

384 786 557 858 longe
586 785 817 855 lateque
853 781 1041 836 media
1071 778 1268 834 omnia
1296 790 1698 831 concremans.

2143 767 2288 825 6930
2325 772 2469 825 Κατά
2493 792 2550 826 τε
2585 778 2760 844 μῆκος
2793 771 3111 846 πυρπολοῦν
3143 772 3231 826 καὶ
3264 772 3401 847 πρὸς
3433 770 3666 836 πλάτος·

384 880 501 931 Nec
530 880 725 931 tutum
758 875 883 927 erat
909 871 980 925 ad
1013 868 1233 925 amicos
1264 865 1559 930 accedere,

2324 858 2437 914 Οὐκ
2467 860 2532 929 ἦν
2564 861 2676 915 τότ’
2706 860 2986 923 ἀκίνδυνος
3087 861 3261 939 φίλων
3292 861 3406 933 θέα,

384 964 499 1021 nisi
530 964 659 1034 quis
692 960 904 1034 cymba
935 961 1117 1015 semet
1148 953 1628 1011 circumveheret.

2329 948 2390 1003 Ei
2426 950 2499 1021 μή
2523 971 2606 1011 τις
2638 948 2910 1025 ἐχρήσατο
2939 950 3224 1027 πορθμείῳ
3247 952 3418 1025 τάχα.

382 1059 517 1109 Haec
547 1051 801 1109 lsaacius
832 1065 966 1103 cum
998 1062 1242 1101 maerore
1274 1043 1551 1098 audiebat
1584 1059 1596 1096 :

2320 1038 2501 1093 Ταῦτα
2536 1039 2629 1111 μὶν
2666 1042 2896 1101 ’ίσάκιος
2926 1037 3131 1115 ἤχθετο
3157 1038 3363 1095 κλύωψ

381 1144 482 1201 sed
513 1143 693 1213 hujus
722 1139 878 1194 ﬁlius
910 1137 1110 1209 patriae
1138 1134 1423 1206 pernicies

2322 1126 2446 1188 Υἱὸς
2488 1126 2544 1181 δὲ
2572 1128 2769 1184 τούτου
2798 1129 3165 1205 πυρπολητὴς
3191 1126 3451 1204 πατρίδος

379 1238 541 1290 tanto
577 1229 871 1305 gaudebat
900 1226 1065 1282 urbis
1095 1222 1461 1281 exterminio.

2143 1213 2285 1271 6935
2321 1214 2551 1291 Ἒχαιρε
2571 1215 2728 1282 τῆσδι
2762 1217 3105 1291 συντελεσμῷ
3132 1218 3222 1275 καὶ
3254 1216 3454 1293 φθίσει.

380 1321 657 1381 Romanis
690 1319 866 1374 rebus
898 1315 979 1371 ita
1003 1331 1065 1370 se
1097 1312 1455 1368 habentibus

2322 1305 2509 1368 Οὕτως
2541 1306 2585 1362 δ’
2617 1307 2859 1384 ἐχόντων
2890 1308 3224 1387 πραγμάτων
3254 1306 3547 1380 Ῥωμαΐδι,

381 1429 570 1485 nuper
595 1411 816 1480 ejeclus
846 1408 1038 1462 Caesar
1068 1401 1308 1458 Debelto
1339 1399 1579 1455 veniens

2321 1396 2389 1453 Ὀ
2417 1396 2542 1470 πρὶν
2575 1402 2894 1475 κρατὰρχης
2926 1399 3135 1476 ἀπάρας
3169 1395 3492 1463 Δεϐελτόθεν

381 1484 564 1559 armis
595 1499 813 1555 insedit
844 1497 1047 1551 urbem
1082 1490 1388 1547 Hadriani.

2321 1486 2435 1553 Τὴν
2463 1485 2757 1561 Ἀδριανοῦ
2782 1484 3191 1564 κατυλαμϐἀνει
3222 1488 3407 1544 πόλιν·

378 1590 681 1646 Infaustus
705 1584 942 1657 juvenis
972 1598 1031 1637 re
1064 1577 1299 1650 cognita
1330 1575 1592 1642 Alexius,

2320 1576 2389 1632 ’Ὁ
2421 1576 2583 1651 γνοὺς
2615 1579 2642 1631 ὁ
2676 1576 2840 1640 δαλὸς
2875 1578 3110 1650 Ἀλέξιος
3132 1575 3394 1654 πατρίδος

375 1672 887 1745 Constantinopoli
919 1686 1050 1726 cum
1084 1667 1339 1724 exercitu
1374 1664 1549 1721 exivit

2140 1662 2282 1718 6940
2320 1665 2550 1737 Ἔξεισιν
2583 1668 2695 1740 ἅμα
2725 1673 2948 1738 στρατιᾷ
2978 1665 3326 1738 Βυζαντίδος,

378 1767 600 1823 habens
633 1762 906 1819 Latinum
940 1760 999 1814 in
1031 1756 1312 1813 comitatu
1345 1754 1553 1808 ducem

2330 1754 2516 1828 Ἐχων
2544 1762 2660 1828 μεθ’
2688 1758 2857 1812 αὑτοῦ
2887 1759 3258 1831 συστράτηγον
3289 1758 3539 1813 Λατίνων

374 1852 797 1913 Montisferrati
830 1847 1230 1905 marchionem
1266 1841 1657 1907 Bonifacium,

2061 1879 2106 1945 B
2319 1844 2422 1945 130v
2435 1843 2641 1920 ιφάτιον
2680 1845 2972 1921 μαρκᾶσιον
3006 1848 3253 1923 Φεράντη
3263 1869 3309 1917 ς,

374 1960 552 2018 quem
588 1941 848 1999 mercede
880 1937 1239 1993 conduxerat
1266 1934 1338 1989 ad
1372 1930 1590 1987 bellum

2061 1930 2106 1945 ¹¹
2319 1937 2810 2010 Συνεκστρατεῦσαι
2841 1936 3031 1998 πείσας
3059 1936 3218 1991 αὐτὸν
3251 1936 3487 2012 χρυσίου

374 2032 668 2091 sexdecim
699 2030 827 2086 auri
861 2026 1013 2084 datis
1045 2021 1418 2081 centenariis.

2318 2022 2702 2097 Κεντηναρίοις
2733 2022 2785 2095 ἓξ
2819 2023 2972 2088 ὅλοις
3005 2027 3140 2101 πρὸς
3160 2032 3277 2088 τοῖς
3310 2024 3456 2083 δέκα.

372 2125 557 2196 Igitur
585 2122 841 2178 Thraciae
870 2114 1193 2190 peragratis
1225 2111 1491 2177 urbibus,

2136 2109 2279 2166 6945
2317 2109 2799 2188 Περιδραμὼνηοῦν
2835 2115 3105 2188 Θρᾳκικάς
3136 2116 3293 2177 οὗτος
3320 2115 3534 2187 πόλεις,

377 2228 555 2283 reque
588 2210 851 2266 confecta
880 2223 948 2262 ex
982 2203 1163 2260 animi
1195 2200 1509 2266 sententia,

2315 2201 2413 2255 Καὶ
2440 2200 2612 2257 πάντα
2641 2204 2749 2267 θεὶς
2783 2203 2839 2259 εὖ
2870 2204 2947 2267 εἷς
2981 2206 3173 2260 ἑαυτοῦ
3205 2207 3500 2285 συμφέρον,

370 2318 557 2372 usque
574 2300 644 2355 ad
670 2293 941 2370 Cypsella
973 2290 1322 2365 oppidulum
1355 2302 1726 2360 progressus,

2312 2292 2481 2367 ’Ἄχρι
2513 2292 2815 2366 Κυψὲλλων
2843 2296 3041 2349 κατιὼν
3075 2293 3394 2370 πολιχνίου,

374 2407 511 2447 mox
538 2388 609 2445 ad
642 2384 1011 2458 metropolim
1045 2384 1196 2438 retro
1229 2379 1432 2451 pedem
1464 2375 1617 2432 tulit.

2316 2378 2479 2443 Αὖθις
2514 2381 2895 2458 ἐπανέσερεψεν
2928 2383 3005 2446 εἰς
3032 2382 3354 2454 Βυζαντίδα.

375 2479 518 2535 Dein
546 2475 813 2534 scelestis
847 2473 1112 2545 partibus
1144 2468 1392 2524 adhaesit

2313 2469 2410 2523 Καὶ
2441 2468 2633 2525 λοιπὸν
2668 2471 2930 2546 ἐξήρτητο
2960 2480 3131 2542 κακῆς
3164 2472 3426 2549 φρατρίας

374 2568 683 2625 hominum
714 2564 812 2636 qui
848 2565 1147 2635 parentem
1180 2558 1606 2613 excaecaverant

2132 2558 2275 2614 6950
2310 2561 2377 2615 Ἥ
2411 2557 2829 2633 συνδιεπράξατο
2854 2563 3103 2634 πήρωσιν
3138 2561 3293 2636 φίτου

371 2659 703 2727 thronoque
732 2653 1204 2715 deturbaverant,
1240 2649 1494 2702 faventes
1527 2647 1771 2716 patruo;

2310 2649 2402 2720 Τῷ
2433 2646 2801 2723 πατραδέλφῳ
2830 2650 2919 2705 καὶ
2948 2651 3258 2725 καθαίρεσιν
3289 2652 3521 2726 κράτους

369 2762 548 2819 quam
578 2760 694 2800 rem
728 2741 1029 2814 aegerrime
1061 2755 1248 2794 caecus
1280 2752 1378 2791 rex
1412 2735 1650 2802 ferebat,

2310 2737 2424 2811 Ἐφ’
2456 2739 2538 2799 οἷς
2561 2738 2934 2814 ἀπηγχόνιστο
2965 2740 3142 2813 πηρὸς
3173 2738 3420 2812 αὐτάναξ·

368 2836 468 2908 qui
504 2834 854 2890 moliebatur
878 2830 1108 2901 jamdiu
1144 2825 1504 2899 supplicium
1538 2837 1769 2878 sumere

1683 2837 1769 2877 ere
2310 2826 2764 2904 Ἐκαιροφυλάκει
2792 2828 2895 2903 γὰρ
2926 2828 3125 2884 ἓκτισιν
3158 2830 3293 2891 τέως

369 2927 441 2982 de
470 2925 608 2979 viris
635 2922 735 2994 qui
769 2938 831 2977 se
862 2924 1022 2974 tauto
1051 2917 1204 2972 malo
1236 2917 1567 2970 affecerant.

2306 2919 2420 2969 Τῶν
2451 2916 2608 2992 τόνγε
2637 2922 2816 2979 κακῶς
2842 2917 2919 2980 εἷς
2952 2919 3087 2995 φάος
3119 2915 3476 2991 δεδρακότων.

367 3015 515 3069 Hinc
546 3008 873 3067 maledictis
896 3007 1085 3062 filium
1121 3005 1473 3070 incessebat,

2127 3005 2269 3061 6955
2304 3006 2465 3061 Ὀθεν
2494 3008 2586 3061 τὸν
2625 3008 2740 3061 υἱὸν
2776 3005 3044 3082 λοιδορῶν
3066 3007 3163 3063 οὐκ
3192 3008 3351 3079 ἀνίει,

367 3119 544 3175 quem
574 3099 793 3156 versari
825 3114 958 3153 cum
990 3095 1261 3168 pessimis
1287 3092 1582 3160 audiebat,

2308 3093 2405 3147 Καὶ
2441 3092 2658 3168 μᾶλλον
2693 3098 2773 3158 οἷς
2805 3094 2991 3151 ἔκλυεν
3022 3095 3239 3173 ἀνδράσι
3271 3098 3496 3173 φθόροις

363 3191 468 3247 tali
502 3190 854 3263 gaudentem
886 3185 1139 3242 maxime
1171 3180 1497 3248 consortio;

2044 3244 2083 3263 Π
2314 3184 2537 3258 Χαίρειν
2569 3204 2626 3239 τε
2652 3190 2842 3239 τοῦτον
2874 3187 2960 3239 καὶ
3000 3185 3149 3259 μάλα
3177 3193 3500 3263 γεγηθῆναι,

360 3244 563 3337 lude;
594 3278 854 3351 quotidie
887 3277 1012 3332 alea
1038 3291 1172 3329 cum
1208 3271 1368 3328 Italis
1486 3244 1495 3248 ⁷

2042 3244 2084 3310 C
2302 3273 2401 3327 Καὶ
2426 3268 2770 3349 συγκυϐεύειν
2807 3244 3038 3338 ’[ταλοίς
3072 3244 3209 3347 καθη
3223 3244 3409 3351 ιζέρωί,

359 3368 883 3439 commessarique,
919 3369 973 3420 et
1005 3363 1353 3435 dignitatem
1385 3360 1606 3431 regiam
2299 3362 2400 3418 Καὶ
2440 3362 2843 3439 συγκραιπαλᾷν
2876 3386 2935 3419 τε
2964 3366 3053 3419 καὶ
3088 3365 3362 3441 ῥυπαίνειν
3396 3367 3610 3445 στέφος,

360 3460 710 3515 dedecorare
742 3453 1010 3527 singulos
1042 3468 1146 3524 per
1177 3455 1360 3506 actus.

2120 3453 2262 3509 6960
2300 3452 2516 3524 Ἀνάξια
2548 3452 2830 3526 ξύμπαντα
2862 3451 3074 3527 δρῶντα
3098 3460 3195 3510 τοῦ
3225 3454 3480 3531 κράτους.

357 3550 507 3621 Ergo
543 3548 701 3602 hunc
732 3548 980 3600 oderant
1013 3540 1263 3614 populus
1295 3545 1352 3594 et
1385 3539 1698 3609 optimates
1726 3555 1737 3592 :

2295 3546 2393 3596 νΠν
2419 3540 2507 3596 οὖν
2543 3545 2807 3618 στυγητὸς
2840 3549 2969 3598 πᾶσι
3000 3545 3089 3599 καὶ
3119 3550 3237 3607 τοῖς
3271 3543 3321 3599 ἐν
3344 3543 3510 3600 τέλει·

363 3654 470 3693 nec
498 3636 697 3691 minus
727 3633 857 3689 odio
890 3631 1106 3703 dignus
1140 3634 1302 3700 pater
1334 3632 1477 3684 erat.

2300 3632 2423 3707 Οὑχ
2450 3634 2610 3701 ἧττον
2649 3635 2788 3703 ὑπῆν
2822 3634 2910 3688 καὶ
2942 3640 3123 3708 πατὴρ
3156 3635 3472 3709 πυγητὲος,

361 3725 460 3797 qui
493 3723 861 3783 concinnatis
892 3719 1157 3776 ridiculis
1189 3717 1465 3787 oraculis,

2297 3721 2504 3798 Ὀμφάς
2533 3743 2680 3784 τινας
2716 3720 2877 3796 λόγια
2904 3724 3108 3785 συνθεὶς
3140 3724 3386 3797 ἀσὲμνως

363 3833 491 3887 quae
519 3811 849 3870 universale
880 3810 991 3867 sibi
1023 3808 1390 3882 spondebant
1421 3822 1688 3878 regnum,

2298 3811 2472 3886 ’Ἃπερ
2504 3811 2872 3887 προηγόρευεν
2906 3814 2957 3866 οἱ
2993 3812 3325 3888 μπναρχίαν,

360 3909 426 3959 ut
454 3904 591 3959 laeso
623 3901 858 3957 cerebro
883 3899 1191 3971 judicabat
1220 3898 1396 3961 fatue,

2119 3899 2263 3953 6965
2300 3898 2387 3959 Ὠς
2420 3894 2538 3970 ᾤετ’
2567 3899 2725 3961 αὐτὸς
2756 3898 3069 3973 δοξομανῶν
3105 3901 3339 3977 ἀλόγως,

361 4012 394 4051 a
425 4010 487 4050 se
518 3992 898 4063 conjunctum
933 3989 1001 4044 iri
1026 3988 1337 4045 occiduum
1367 3987 1568 4041 orbem

2302 3987 2468 4044 Αὐτὸν
2496 4010 2553 4043 τε
2584 3988 2888 4063 συνάψοντα
2911 3988 3056 4045 δύσει
3087 3992 3186 4060 τὴν
3216 3989 3287 4046 ἓω

358 4082 732 4138 deblaterans
762 4079 956 4137 aiebat
988 4077 1221 4144 orienti,

2300 4080 2566 4156 Ἕφασκεν
2593 4081 2746 4154 εἶναι,
2780 4083 2856 4154 μὴ
2890 4086 2996 4135 νῶν
3032 4082 3059 4135 ὅ
3086 4103 3137 4136 τι
3171 4082 3343 4158 λέγοι,

359 4171 662 4244 totiusque
695 4170 900 4225 mundi
932 4168 1237 4224 dominum
1268 4182 1328 4221 se
1358 4166 1478 4220 fore
1515 4181 1526 4217 :

2300 4170 2509 4242 Κράτος
2538 4190 2597 4223 τε
2626 4171 2964 4243 παγκόσμιον
2992 4168 3175 4242 ἕξοντα
3194 4169 3338 4227 τόδε·

359 4278 538 4333 quam
574 4259 909 4332 patiebatur
938 4256 1182 4329 insuper
1213 4255 1557 4322 caecitatem,

2298 4258 2441 4333 Πρὸς
2470 4255 2653 4312 τοῖσδε
2677 4259 2766 4313 καὶ
2786 4257 3066 4336 τύφλωσιν
3089 4260 3155 4330 ἥν
3189 4260 3486 4340 περιφέρει,

360 4348 803 4419 arthritidisque
832 4346 1105 4402 morbum
1139 4347 1313 4414 atque
1345 4342 1663 4413 podagram

2118 4346 2261 4401 6970
2298 4345 2613 4422 Ἀρθρίτιδα
2640 4348 2795 4402 νόσον
2828 4370 2888 4402 τε
2915 4347 3003 4403 καὶ
3036 4346 3337 4426 ποδαλγίαν

357 4456 422 4496 se
452 4437 783 4509 positurum
813 4434 995 4491 veluti
1025 4432 1286 4488 exuvias.

2300 4435 2695 4507 Ἀποξόσασθαι
2728 4439 2967 4513 καθάπερ
2999 4433 3290 4515 λεϐηρίδα,

356 4532 488 4583 Haec
519 4526 569 4583 ei
603 4524 929 4581 suadebant
960 4521 1262 4575 catillones
1298 4518 1589 4589 monachi,

2297 4526 2445 4588 Ὠσθ’
2478 4526 2530 4579 οἱ
2561 4525 2853 4600 προτένθαι
2885 4532 2991 4582 τῶν
3030 4534 3294 4604 μοναχῶν
3325 4530 3417 4584 καὶ
3449 4529 3636 4607 λίχνοι

359 4617 561 4674 omnia
594 4612 817 4673 ventris
842 4627 1021 4666 causa
1053 4614 1109 4663 et
1142 4609 1246 4664 fari
1275 4612 1333 4663 et
1361 4623 1558 4679 gerere

2046 4615 2090 4680 D
2300 4614 2367 4671 Ol
2396 4612 2570 4669 πάντα
2594 4617 2784 4690 γαστρὶ
2809 4613 2937 4691 δρᾷν
2966 4615 3143 4691 λέγειν
3174 4619 3223 4672 τ’
3256 4616 3558 4691 εἰθισμένοι

357 4701 735 4777 imperatoris
766 4699 925 4755 soliti
956 4698 1014 4753 in
1041 4697 1301 4754 convivio
1330 4716 1342 4765 ;

2298 4702 2486 4776 Τούτῳ
2517 4704 2879 4769 συνεσθίοντες
2909 4706 2961 4761 ἐν
2994 4707 3251 4780 συσσιτίῳ

357 4795 455 4866 qui
488 4792 627 4847 huic
659 4787 1063 4844 monarchiam
1099 4786 1289 4842 verbis
1321 4787 1752 4858 despondentes

2119 4794 2263 4850 6975
2300 4792 2591 4868 Μόναρχον
2623 4794 2802 4869 ἀρχὴν
2830 4796 3202 4871 συγκαθίστων
3235 4798 3287 4851 οἱ
3319 4794 3530 4875 λόγοις,

358 4880 597 4937 interim
632 4894 790 4933 mero
818 4892 944 4933 sese
976 4875 1459 4948 ingurgitabant;

2302 4882 2629 4956 Ἀνοοσμίαν
2662 4883 2908 4946 πίνοντες
2942 4882 3073 4959 ἄχρι
3106 4885 3197 4940 καὶ
3227 4885 3415 4960 κόρου,

356 4972 607 5041 ejusque
638 4966 905 5021 infirmas
935 4982 1145 5021 manus
1175 4963 1605 5034 deosculantes,

2297 4970 2397 5027 Καὶ
2428 4969 2756 5048 κατεφίλουν
2786 4972 3099 5039 ἀπατῶντες
3128 4975 3224 5038 τάς
3258 4976 3424 5051 χὲρας

358 5075 494 5115 mox
521 5057 855 5127 recepturas
886 5056 1065 5111 robur
1094 5053 1506 5126 praedicebant.

2295 5059 2394 5114 Καὶ
2424 5057 2731 5136 προῦλεγον
2757 5066 2903 5139 σφῶν
2939 5062 3271 5119 ἀνακαίνισιν
3301 5067 3522 5132 σθένους
3551 5068 3665 5142 (76)

358 5144 642 5202 Credulas
673 5162 847 5200 senex
877 5145 971 5200 his
1006 5145 1299 5216 praebebat
1330 5159 1501 5198 aures

2294 5150 2355 5206 Ὀ
2389 5145 2444 5203 δὲ
2471 5155 2763 5225 προσεῖχεν
2792 5152 2864 5213 ὡς
2897 5150 3160 5209 ἀπλανέσι
3197 5155 3342 5231 σφίσι

359 5233 764 5291 deliramentis
794 5239 972 5307 atque
1002 5234 1319 5297 vaticiniis,

2114 5240 2256 5295 6980
2294 5237 2392 5293 Καὶ
2423 5238 2840 5314 θεσπιῳδήμασι
2871 5248 2990 5305 ταῖς
3025 5242 3328 5318 ληρωδίαις

360 5329 536 5396 atque
566 5323 790 5379 laetitiis
822 5325 1130 5379 incedebat
1155 5323 1453 5378 omnibus.

2297 5328 2672 5403 Ἐπιγιγηθὼς
2704 5335 2872 5408 σφῶν,
2906 5331 3195 5407 ἐπεσκίρτα
3229 5334 3384 5410 μεγαν

357 5413 686 5487 Astrologis
719 5413 860 5485 quin
889 5413 1066 5468 etiam
1098 5412 1361 5482 apprime
1393 5410 1649 5479 deditus,

2294 5416 2696 5492 Προσκείμενος
2726 5422 2772 5474 τ’
2803 5421 2870 5489 ἦν
2903 5421 3303 5499 ἀστρολέσχαις
3332 5424 3425 5479 καὶ
3458 5424 3630 5499 μάλα,

422 5576 540 5658 (76)
586 5574 978 5661 Invectionem
1014 5572 1252 5661 hancne
1278 5571 1492 5661 "Niceta
1536 5572 1721 5661 spmit
1768 5574 2004 5661 Ephrte--
2116 5578 2364 5661 crimina
2388 5580 2474 5636 vel
2505 5580 3077 5661 falso_dican_tur__vel
3110 5593 3543 5661 exaggerentur
3572 5591 3786 5649 osori-

356 5644 548 5732 mirus";
574 5664 701 5732 quae
742 5646 791 5703 si
825 5644 1320 5732 veritate.nititurj
1353 5644 1501 5732 sine
1550 5644 1729 5701 dubio
1778 5644 2006 5732 vitupe—
2115 5651 2343 5732 toribus
2388 5669 2595 5723 parum
2628 5654 2741 5724 piis
2774 5659 2875 5712 aut
2905 5657 3037 5714 odio
3073 5644 3786 5732 aliquuouimﬁbuwtisrsa'ti—s

354 5708 689 5778 Pandi'sﬁnt
718 5717 989 5776 monachi
1022 5715 1129 5771 illi.
1156 5715 1267 5772 Sed
1299 5715 1456 5771 enim
1490 5732 1667 5787 quam
1698 5733 1850 5790 sape
1885 5708 2004 5776 [ίωο
2116 5708 2415 5779 novimus:
2506 5708 2513 5709 ί
2628 5708 2643 5724 ι
2693 5708 2736 5711 η
2776 5708 2871 5712 π’
2910 5708 3033 5714 ν--ν
3073 5708 3271 5732 --πη
3326 5708 3594 5735 unum,
