4076 6416
392 363 501 417 263
1608 349 1981 407 ΕΡΗΒΑιΜιι
2017 348 2587 405 CHRONOGRAPHI
3705 357 3811 413 26;,

454 483 756 541 ALEXIUS
800 481 1276 539 MURTZUFLUS
1318 480 1393 536 M.
1439 482 1509 550 Il,
1551 478 1701 534 CUM
1743 478 1807 534 D.
1855 477 1974 530 XV.

2102 489 2125 544 ι
2244 476 2559 532 ΑΑΒΞΙΟΣ
2601 478 2645 530 0
2686 474 3243 531 ΜΟΥΡΤΖΟΥΦΛΟΣ
3283 479 3457 532 MHN.
3501 483 3582 537 B’.
3634 481 3712 543 ς”.

392 612 582 667 Ducas
615 607 846 679 imperii
873 608 1119 677 adeptus
1152 608 1500 677 potestatem

394 698 667 754 aerarium
700 712 948 752 cernens
980 711 1229 749 vacuum
1263 694 1529 764 pecunia,

394 808 427 845 a
459 789 832 861 superiorum
867 791 1199 857 temporum
1234 783 1566 854 publicanis

391 879 453 933 in
479 879 581 947 jus
612 875 831 932 vocatis
863 890 1073 929 aurum
1107 874 1297 943 exegit
1328 871 1667 942 plurimum,

390 969 567 1039 idque
597 969 670 1021 ad
701 964 1011 1037 gerendam
1048 961 1299 1018 contulit
1328 959 1776 1032 rempublicam.

389 1058 539 1112 Tum
571 1055 750 1110 armis
782 1053 992 1124 captis,
1028 1051 1190 1106 Italis
1218 1052 1520 1115 resistens,

388 1147 598 1202 horum
630 1160 910 1199 excursus
944 1142 1253 1196 cohibebat
1282 1140 1447 1195 facile
1484 1157 1494 1192 :

383 1235 765 1307 quamobrem
794 1238 997 1304 gratus
1030 1232 1353 1286 admodum
1385 1234 1509 1284 erat
1540 1229 1789 1298 civibus,

377 1324 703 1396 praisertim
729 1339 862 1377 vero
891 1320 1147 1376 militum
1180 1319 1542 1375 cohortibus.

374 1415 446 1470 Et
477 1413 619 1485 quia
649 1412 927 1467 Flandriae
960 1426 1157 1465 comes
1190 1408 1517 1462 Balduinus

2333 603 2424 665 Ὡς
2456 601 2547 656 οὖν
2579 603 2811 676 κατέσχε
2839 604 2940 671 τὴν
2972 603 3308 679 κραταρχίαν
3346 604 3582 675 Δοόκας,

2332 696 2627 765 Χρυσῶνας
2660 692 2833 766 εὑρὼν
2865 690 2915 745 ἐν
2947 696 3113 764 στενῷ
3146 695 3478 770 πεφυκότας,

2331 782 2561 855 Συσχὼν
2589 779 2833 842 τελώνας
2868 782 3181 856 πράκτορας
3211 787 3318 836 τῶν
3354 783 3481 858 πρὶν
3519 785 3702 862 φόρων

2330 875 2524 943 ’Όγκον
2557 871 2684 944 παρ’
2715 871 2893 925 αὐτῶν
2928 870 3039 924 εἷλε
3069 872 3376 945 χρημάτων
3409 872 3603 949 μέγαν,

2151 959 2295 1015 7045
2334 958 2432 1012 Καὶ
2460 956 2634 1013 τοῖσδ’
2666 959 2872 1033 ἐχρῆτο
2902 958 3039 1034 πρὸς
3070 957 3340 1030 διοίκησιν
3375 960 3522 1018 ὅλων
3558 982 3570 994 ·

2332 1047 2427 1104 Kal
2456 1054 2573 1110 τοῖς
2603 1048 2835 1110 Ἰταλοῖς
2866 1048 3132 1103 ἀντεπιὼν
3163 1049 3417 1122 ὁπλίτης,

2326 1136 2428 1199 Τάς
2460 1135 2733 1212 ἐκδρομὰς
2768 1142 2914 1215 σφῶν
2947 1138 3209 1193 ἀνέκοπτε
3240 1137 3439 1214 ῥᾳδίως
3467 1159 3479 1172 ·

2327 1227 2486 1283 ’Όθεν
2520 1229 2773 1290 ποθεινὸς
2811 1229 3057 1302 ὑπῆρχεν
3095 1229 3381 1299 ὑπηκόοις,

2326 1316 2642 1390 Ἐξαιρέτως
2676 1314 2731 1371 δὲ
2763 1321 3106 1390 στρατιωτῶν
3142 1324 3261 1379 ταῖς
3293 1316 3439 1383 ἴλαις
3468 1339 3480 1353 ο

2143 1404 2287 1459 7050
2325 1404 2428 1459 Kal
2464 1402 2800 1459 Βαλδουΐνου
2831 1409 2927 1459 τοῦ
2960 1405 3203 1477 κόμητος
3234 1413 3334 1475 τῆς
3368 1405 3656 1485 Φλάντρας

380 1503 593 1559 Phileas
628 1502 924 1573 regionem
958 1499 1145 1554 milite
1174 1498 1462 1563 vastabat,

381 1595 663 1649 adversus
695 1590 861 1644 illum
895 1589 1096 1643 statim
1130 1586 1321 1642 Caesar
1350 1586 1487 1641 exiit
1520 1603 1531 1639 ε

380 1682 483 1736 sed
514 1679 671 1735 enim
705 1682 1037 1750 perpetrato
1071 1675 1275 1730 Martis
1305 1690 1501 1745 opere,

378 1776 544 1840 terga
576 1769 878 1823 Romanus
909 1764 1193 1820 convertit
1221 1762 1529 1828 exercitus,

378 1872 708 1928 parumque
738 1854 927 1910 abfuit
956 1855 1148 1910 Ctesar
1179 1854 1249 1908 ab
1280 1852 1523 1906 interitu
1551 1870 1566 1919 ;

369 1950 569 2018 imago
600 1962 733 2001 vero
766 1944 1010 2016 virginis
1040 1944 1323 2013 Deiparae,

379 2053 558 2110 quam
592 2035 778 2091 nostri
809 2050 974 2105 reges
1006 2031 1141 2088 belli
1168 2032 1389 2087 sociam
1423 2036 1649 2101 vocant,

383 2143 585 2199 pugna
613 2126 867 2180 fervente
899 2127 1071 2193 capta
1095 2126 1185 2176 est
1211 2122 1283 2176 ab
1317 2121 1604 2176 hostibus.

383 2218 535 2272 Tum
567 2217 729 2287 pacis
760 2212 1141 2268 conciliandae
1168 2210 1389 2265 omissa
1418 2226 1581 2278 cura,

389 2307 459 2361 ad
496 2304 835 2376 capiendam
868 2302 1075 2356 urbem
1102 2300 1618 2371 diripiendamque

388 2412 450 2451 se
481 2393 859 2465 comparabat
888 2391 1177 2447 exercitus
1207 2388 1469 2444 Latinus.

386 2486 535 2555 Ergo
567 2481 816 2539 sublatis
846 2480 1117 2535 anchoris
1152 2478 1404 2551 navigia,

385 2575 443 2629 in
477 2573 693 2645 quibus
722 2576 889 2625 erant
920 2569 1204 2626 machinze
1236 2586 1369 2623 cum
1406 2568 1602 2634 scalis,

381 2664 453 2718 ab
486 2663 773 2731 Evergetie
805 2659 1146 2714 monasterii
1178 2675 1279 2713 ora

385 2767 572 2823 usque
602 2751 675 2806 ad
707 2748 1062 2804 Blachernas
1094 2763 1290 2803 coram
1325 2747 1735 2803 constiterunt.

385 2840 654 2896 Vicissim
691 2844 875 2894 Ducas
908 2837 1215 2893 transtulit
1244 2836 1562 2891 tentorium

383 2927 633 3001 proximi
663 2927 829 2982 collis
860 2931 1129 2981 statuens
1159 2925 1218 2979 in
1251 2925 1513 2995 specula,

383 3016 538 3072 unde
569 3013 884 3085 conspicua
915 3013 1122 3067 classis
1155 3012 1411 3067 hostium
1446 3016 1591 3077 erat,

380 3102 679 3159 menibus
704 3102 828 3172 jam
861 3116 993 3155 cum
1028 3100 1211 3154 milite
1243 3100 1742 3172 appropinquans.

378 3192 626 3262 Moxque
656 3189 955 3260 congressi
986 3204 1117 3243 cum
1152 3190 1691 3259 propugnatoribus

381 3280 585 3335 urbani
623 3279 777 3334 muri
810 3283 866 3333 et
895 3277 1146 3333 turrium
1180 3278 1525 3333 custodibus

380 3371 564 3425 Latini
599 3384 862 3442 pugnam
897 3366 1153 3422 validam
1184 3366 1451 3435 ciebant;

377 3459 480 3515 sed
512 3458 816 3514 inferiores
848 3457 949 3511 illa
980 3458 1218 3511 fuerunt
1247 3457 1359 3511 die.

375 3548 581 3603 Postea
611 3553 770 3602 totus
804 3546 979 3600 rediit
1009 3545 1299 3600 exercitus
1336 3562 1347 3597 :

370 3637 606 3707 duoque
637 3635 743 3690 viri
776 3651 878 3705 per
909 3634 1127 3690 scalam
1165 3640 1561 3705 prorepentes,

370 3739 549 3795 quam
575 3724 728 3778 inter
759 3723 1007 3778 ﬁxerant
1037 3723 1109 3778 ad
1144 3723 1358 3791 Petria,

373 3814 432 3867 in
464 3812 894 3884 apprehensam
930 3812 1139 3867 turrim
1173 3812 1558 3883 desiluerunt,

372 3902 834 3974 praesidiumque
865 3900 1081 3972 gladiis
1109 3901 1489 3972 profligantes

274 4030 279 4035 ι
368 3993 608 4065 signum
636 3992 846 4049 laetitiae
881 3992 1251 4049 sustulerunt
1280 3993 1404 4048 suis
1441 4011 1453 4048 :

364 4089 508 4139 tunc
542 4083 821 4139 Italorum
856 4083 1050 4137 omnis
1083 4082 1291 4138 cohors
1324 4083 1517 4137 irruit.

363 4174 471 4240 Qui
504 4190 636 4229 vero
668 4174 953 4229 Cessarem
987 4173 1459 4228 circumstabant
1488 4173 1660 4228 aulici

362 4269 538 4335 atque
566 4264 814 4320 Romani
846 4264 1134 4318 exercitus
1172 4268 1429 4317 rectores

365 4354 425 4408 in
458 4355 636 4425 pedes
667 4352 865 4410 cuncti
899 4356 1085 4407 semet
1115 4353 1515 4420 conjecerunt,

365 4446 542 4513 atque
573 4458 757 4496 unum
792 4438 950 4494 mille
982 4438 1174 4492 timidi
1210 4439 1533 4509 fugiebant,

366 4530 468 4602 qui
501 4547 635 4586 cum
669 4530 739 4583 ad
776 4532 1005 4599 portam
1041 4527 1446 4596 pervenissent
1476 4545 1741 4594 auream,

369 4636 514 4676 novo
546 4619 770 4687 dejecto
802 4615 1127 4670 festinatim
1158 4632 1346 4681 muro,

366 4707 579 4762 misere
610 4708 766 4759 foras
799 4708 981 4759 semet
1012 4704 1431 4775 proripiebant.

365 4799 433 4851 At
463 4792 710 4862 inimici,
744 4792 857 4849 heu
890 4792 1201 4864 lugubrem
1234 4794 1611 4865 tragoediam!

365 4880 482 4936 late
516 4878 779 4951 palantes
813 4881 1031 4950 passim
1068 4895 1168 4949 per
1199 4879 1539 4949 Byzantium

366 4969 769 5025 latrocinando
801 4970 1061 5041 spoliant
1093 4969 1380 5024 nobilium
1414 4972 1642 5039 domos,

366 5057 514 5113 nihil
547 5058 865 5114 nefandum
900 5059 1029 5114 urbi
1064 5074 1179 5113 non
1213 5058 1478 5116 el‘l‘iciunt
1512 5077 1524 5114 :

366 5145 549 5217 regali
578 5162 809 5216 quoque
842 5152 1123 5219 occupato
1155 5147 1394 5218 palatio,

365 5236 630 5293 inclusas
661 5253 800 5308 opes
828 5239 1065 5308 penitus
1096 5238 1405 5310 diripiunt.

364 5328 559 5383 Caesar
588 5328 813 5400 plateas
844 5330 1134 5400 triviaque
1166 5347 1513 5401 percurrens

366 5419 698 5475 centuriare
725 5420 1023 5475 nitebatur
1051 5420 1354 5491 populum,

365 5506 764 5575 suadebatque
795 5511 859 5561 ut
890 5507 1160 5562 hostibus
1191 5509 1533 5563 resisterent
1568 5525 1582 5562 :

366 5601 424 5652 at
456 5596 701 5652 meliora
732 5597 982 5653 consilia
1012 5614 1182 5652 nemo
1215 5599 1493 5654 audiebat

367 5685 693 5756 quamlibet
719 5686 848 5742 urbi
883 5690 939 5743 et
967 5686 1081 5742 sibi
1114 5688 1421 5759 profutura
1456 5705 1467 5741 ε

2323 1493 2401 1548 Τὰ
2431 1495 2567 1567 πρὸς
2597 1493 2773 1548 Φιλέα
2801 1494 3213 1562 κατακείροντος
3243 1497 3409 1571 μέρη,

2323 1584 2384 1639 Ὀ
2421 1584 2675 1658 βασιλεὺς
2707 1580 2865 1656 ἔξεισι
2892 1587 3009 1639 κατ’
3040 1585 3205 1640 αὐτοῦ
3234 1588 3407 1661 τάχος
3443 1610 3454 1623 ·

2324 1673 2427 1729 Καὶ
2460 1674 2815 1750 συῤῥαγείσης
2845 1674 2895 1745 ἐξ
2930 1676 3193 1750 ἑκατέρων
3233 1676 3443 1752 μάχης,

2312 1762 2379 1819 Ἠ
2410 1764 2696 1835 Ῥωμαϊκὴ
2728 1764 2952 1838 στρατιά
2980 1769 3127 1819 νῶτα
3152 1763 3323 1820 κλίνει
3359 1785 3371 1798 ·

2065 1839 2109 1902 Β
2142 1852 2285 1906 7055
2322 1853 2471 1915 Ἔνθ’
2503 1849 2561 1905 ἂν
2599 1851 2994 1926 παραπόλλυτο
3024 1858 3223 1930 μικροῦ
3254 1857 3342 1910 καὶ
3376 1858 3622 1932 κράτωρ⁰

2322 1940 2500 1997 Εἱκών
2532 1962 2591 1995 τε
2623 1943 2791 2009 σεπτή
2817 1948 2919 2011 τῆς
2951 1942 3365 2018 μητρανὸίνδρου
3399 1945 3604 2020 Κόρης,

2314 2032 2412 2087 “HV
2443 2031 2494 2085 οἱ
2527 2028 2745 2092 ἄνακτες
2780 2033 3083 2086 πλουτοῦσι
3115 2036 3493 2108 στρατηγέτιν,

2322 2121 2580 2195 Ἐχθροῖς
2614 2118 2761 2174 έάλω
2792 2122 2927 2175 κατᾶ
2952 2119 3117 2191 τήνδε
3145 2124 3244 2191 τῆν
3281 2125 3469 2199 μάχην
3512 2142 3524 2158 ο

2323 2210 2575 2282 Ἀφεῖντο
2609 2206 2677 2281 δ’,
2712 2209 2998 2281 ἠμέληντο
3028 2212 3119 2264 καὶ
3146 2206 3508 2284 συμϐιϐάσεις
3536 2232 3548 2244 ·

2140 2300 2285 2354 7060
2324 2298 2427 2355 Καὶ
2461 2298 2655 2353 λοιπὸν
2692 2298 3021 2373 ηὐτρέπιστο
3054 2298 3260 2377 φάλαγξ
3294 2302 3535 2358 Λατίνων

2326 2390 2466 2463 Πρὸς
2500 2385 2687 2449 ἄστεος
2712 2388 2979 2461 πόρθησιν
3014 2388 3220 2444 ἅλωσιν
3256 2392 3303 2444 θ’
3335 2393 3449 2464 ἅμα
3482 2412 3493 2424 ·

2321 2478 2549 2532 Ἠϊόνων
2585 2476 2674 2532 οὖν
2708 2476 3130 2534 ἀποπλεύσαντα
3162 2481 3335 2557 σκάφη

2321 2564 2437 2640 Ἐφ’
2468 2567 2542 2619 ὧν
2576 2567 2828 2640 ὑπῆρχον
2861 2565 3127 2639 κλίμακες
3158 2567 3251 2622 σὺν
3286 2568 3567 2643 ὀργάνοις,

2320 2656 2492 2727 Ἀκτῇ
2522 2655 2810 2729 πόοσίσχει
2843 2662 2941 2724 τῆς
2977 2662 3148 2728 μονῆς
3184 2655 3508 2732 Εὐεργέτου,

2138 2744 2280 2798 7065
2317 2745 2462 2805 Ἕως
2497 2740 2829 2817 Βλαχερνῶν
2864 2747 3108 2819 συνεχῶς
3140 2742 3410 2820 ἀφιγμένη
3443 2764 3456 2777 °

2319 2832 2417 2886 Kal
2450 2832 2655 2894 Δοόκας
2684 2832 2835 2895 αὗθις
2867 2832 3099 2906 πηγνύει
3127 2836 3331 2904 σκηνὴν
3367 2836 3566 2912 φέρων,

2315 2920 2440 2977 Ἐπὶ
2472 2919 2723 2976 κολωνοῦ
2757 2921 2993 2991 πλησίον
3027 2924 3432 2993 παντεπόπτου,

2317 3017 2485 3074 Ἔνθα
2516 3012 2678 3065 θεατὰ
2701 3014 2805 3064 τῶν
2837 3010 3049 3084 ἐχθρῶν
3082 3012 3217 3079 ἦσαν
3251 3014 3453 3089 σκάφη,

2314 3101 2383 3155 “Α
2416 3100 2506 3153 καὶ
2534 3102 2809 3174 προσέσχε
2836 3099 3042 3174 τείχεσι
3078 3099 3168 3154 σὺν
3200 3100 3453 3165 ὁπλίταις
3491 3120 3503 3135 °

2062 3209 2104 3275 ρ
2141 3191 2283 3245 7070
2320 3190 2387 3247 Οἳ
2421 3187 2832 3261 συμπλακέντες
2860 3194 2976 3250 ταῖς
3009 3190 3113 3264 πρὸ
3143 3192 3375 3265 τειχέων
3416 3190 3562 3255 ἴλαις

2319 3281 2424 3335 Καὶ
2454 3284 2572 3341 τοῖς
2605 3280 2694 3333 ἐπὶ
2725 3278 2948 3353 πύργων
2976 3300 3033 3353 γε
3064 3282 3504 3354 καθισταμένοις,

2315 3369 2455 3443 Πρὸς
2486 3374 2618 3445 σφᾶς
2652 3368 2835 3441 ἀγῶνα
2865 3367 2954 3423 καὶ
2990 3367 3177 3443 μάχην
3212 3370 3561 3446 συνεκρότουν
3594 3392 3607 3404 ·

2313 3460 2512 3513 Ἦττον
2543 3454 2588 3511 δ’
2622 3458 2994 3531 ἀπηνέγκαντο
3024 3458 3123 3528 τῆν
3155 3458 3267 3512 τόθ’
3300 3460 3535 3534 ἡμέραν.

2310 3547 2466 3616 Ἑξῆς
2499 3544 2556 3601 δὲ
2585 3541 3004 3620 προσϐάλλουσι
3036 3544 3261 3601 πανσυδὶ
3291 3546 3452 3603 πόλει
3485 3567 3499 3583 ⁶

2131 3638 2275 3691 70ῗῦ
2312 3636 2411 3689 Καὶ
2445 3633 2538 3689 δύο
2574 3632 2620 3689 δ’
2653 3632 2842 3709 ἄνδρες
2876 3634 2936 3689 ἐκ
2969 3638 3094 3707 μιᾶς
3122 3640 3229 3689 τῶν
3262 3634 3549 3708 κλιμάκων

2309 3721 2619 3799 Ἱόρυμένης
2651 3722 2884 3799 ἄγχιστα
2913 3724 3104 3798 χώρου
3130 3724 3388 3798 Πετρίων,

2311 3813 2409 3875 Εἷς
2445 3818 2628 3889 χῶρον
2662 3812 2946 3887 ἀφῆλαντο
2967 3814 3058 3867 τὸν
3092 3822 3439 3887 συνημμένον
3472 3834 3484 3846 ·

2308 3904 2406 3957 Καὶ
2439 3902 2742 3978 φυλακικὸν
2775 3901 3175 3977 ἐχθροήσαντες
3210 3903 3373 3979 ξίφει,

2308 3991 2601 4064 Σόσσημον
2634 3991 2773 4065 ἦραν
2804 3997 3091 4065 χαρμονῆς
3120 3994 3235 4052 τοῖς
3271 3989 3554 4064 φυλέταις,

2127 4082 2274 4138 7080
2311 4081 2409 4135 Kal
2440 4086 2541 4135 πᾶν
2575 4081 2798 4136 Ἰταλῶν
2830 4077 3240 4154 συνδεδράμηκε
3269 4078 3479 4157 στίφος.

2308 4170 2439 4245 Περὶ
2475 4167 2705 4244 βασιλέα
2738 4166 2794 4223 δὲ
2814 4171 2959 4223 τοῦτ’
2992 4167 3317 4244 ἠθρηκότες,

2304 4259 2409 4315 Καὶ
2440 4261 2757 4332 Ῥωμαϊκῆς
2792 4264 3045 4333 στρατιᾶς
3076 4258 3328 4333 ἱλαρχία,

2306 4350 2547 4426 ’ῼχοντο
2580 4350 2772 4411 πάντες
2806 4349 3055 4410 ἀπιόντες
3085 4347 3135 4403 ἰν
3168 4342 3346 4422 φόϐῳ,

2305 4438 2455 4494 Κατὰ
2485 4436 2707 4513 χιλίους
2742 4437 2829 4515 ὑφ’
2857 4438 2973 4499 ένὸς
3004 4435 3327 4514 πεφευγότες
3363 4477 3375 4490 .

2126 4529 2269 4584 7085
2308 4527 2413 4582 Καὶ
2445 4528 2539 4587 τὰς
2574 4526 2831 4601 χρυσείας
2864 4520 3267 4588 καταλαϐόντες
3295 4522 3473 4588 πύλας

2308 4616 2504 4671 Καινόν
2535 4637 2593 4670 τε
2624 4621 2814 4691 τεῖχος
2848 4616 3013 4691 ῥᾷστα
3043 4614 3440 4689 καθηρηκότες,

2308 4705 2563 4778 Ἐξῄεσαν
2600 4705 2888 4781 τρέχοντες
2917 4703 3129 4766 ἀκλεῶς
3156 4705 3295 4756 πάνυ
3331 4722 3343 4735 ·

2307 4794 2643 4871 Ἀντίμαχοι
2677 4792 2756 4865 δὲ,
2783 4798 2881 4872 φεῦ
2918 4793 3071 4864 ξένης
3102 4789 3408 4867 τραγῳδίας
3438 4794 3450 4847 l

2307 4884 2701 4959 Διασπαρέντες
2732 4881 3002 4957 πολλαχῆ
3038 4879 3363 4951 Βυζαντίδος

2127 4976 2271 5031 7090
2311 4978 2531 5028 ΣυΛῶσι
2566 4972 2921 5046 λῃστρεόουσι
2954 4970 3213 5045 λαμπρὰς
3248 4970 3445 5038 οἰκίας,

2308 5062 2406 5117 Καὶ
2437 5064 2611 5117 πάντα
2639 5062 2705 5116 τά
2734 5060 2985 5136 χείριστα
3018 5058 3185 5135 δρῶσι
3216 5062 3314 5130 τὴν
3348 5058 3512 5115 πόλιν
3547 5082 3559 5093 ι

2306 5154 2715 5228 Κατακρατοῦσι
2742 5152 2829 5206 καὶ
2870 5148 3398 5224 βασιλείων⁶δόμων,

2304 5243 2412 5297 Τὸν
2444 5238 2616 5295 τοῖσδ’
2647 5240 2829 5297 ἐνόντα
2859 5240 3099 5297 πλοῦτον
3128 5238 3536 5300 ἐσκυλευκότες.

2308 5331 2475 5401 ’Ἄναξ
2508 5328 2555 5385 δ’
2585 5330 2780 5406 ἀγυιὰς
2807 5329 3062 5407 τριόδους
3093 5330 3439 5405 περιτρέχων

2126 5422 2270 5479 7095
2306 5418 2573 5477 Ἔσπευδε
2601 5423 2732 5475 ικαὸν
2765 5420 3092 5496 συναγείρειν
3133 5419 3209 5481 εἷς
3242 5416 3387 5490 ἴλας,

2310 5509 2453 5583 Πρὸς
2487 5506 2534 5563 δ’
2564 5508 2977 5585 ἀντιπαράταξιν
3015 5507 3343 5563 ὑπεναντίων
3380 5524 3393 5539 °

2307 5599 2375 5655 Οἱ
2407 5596 2453 5652 δ’
2484 5598 2591 5673 οὐχ
2622 5598 2842 5653 ὑπεῖκον
2875 5600 3137 5672 κρείττον’
3173 5595 3536 5675 ὑφηγουμένῳ

2311 5686 2407 5741 Καὶ
2438 5687 2779 5765 συμφέροντα
2809 5688 2896 5743 καὶ
2931 5688 3081 5765 σφίσι
3107 5687 3198 5743 καὶ
3228 5690 3298 5760 τῇ
3332 5684 3521 5756 πόλει,

2055 4576 2098 4639 D
