4076 6416
300 404 419 459 265

480 531 598 581 Τῶν
630 525 830 580 ούσιῶν
862 521 908 579 δ’
931 523 1164 585 ἕκαστος
1195 522 1492 598 ηὐτούργει
1522 522 1696 598 τάχος

289 619 442 674 7100
482 612 785 679 Μετάθεσίν
818 635 877 668 τε
907 617 995 668 καί
1025 612 1339 688 κατάχωσιν
1371 612 1562 668 πλέον.

479 702 633 763 Ἰδὼν
667 701 714 758 δ’
745 705 774 758 ὁ
807 703 1015 768 Δούκας
1044 705 1119 765 ὡς
1153 699 1343 774 ὄνησις
1377 702 1476 757 οὐκ
1503 696 1599 769 ἔνι,

479 796 552 852 Ἢ
581 795 674 850 καὶ
708 790 904 856 δεδιὼς
940 793 1072 867 ὑπὲρ
1105 794 1274 848 αὐτοῦ
1306 787 1579 853 πλειόνως

479 886 568 952 Mi]
602 882 889 958 συσχεθεὶς
918 881 1115 938 τίσειεν
1153 880 1358 946 ἀθλίως
1393 878 1571 952 δίκας,

477 971 617 1034 Τοὺς
665 971 978 1048 βασιλείους
1026 967 1336 1045 εἷ’σδραμὼν
1388 966 1676 1042 λαμπροὺς
1734 965 1960 1041 δόμους,

288 1063 444 1118 7105
483 1060 580 1116 Καὶ
614 1057 871 1136 βασιλίδα
899 1054 1236 1135 παραλαϐὼν
1269 1056 1642 1135 Εὐφροσύνην,

408 1149 513 1205 Σὺν
550 1148 844 1225 θυγατράσι
869 1150 917 1204 τ’
947 1143 1204 1223 ἐμϐαλὼν
1236 1142 1524 1220 λεμϐαδίῳ

472 1237 675 1302 Ἀλοὺς
711 1245 838 1313 μιᾶς
867 1235 1028 1316 ἔρωτι
1059 1238 1266 1294 τούτων
1299 1235 1568 1306 ἐκτόπως,

476 1330 681 1400 Ἔξεισι
712 1328 929 1406 φεύγων
960 1326 1195 1403 πατρίδα
1223 1323 1522 1396 Βυζαιτίδα
1556 1344 1569 1358 ·

471 1419 636 1495 Ἀνήρ
669 1419 938 1494 ὑπάρχων
970 1419 1188 1492 ἀρεϊκὸς
1215 1415 1268 1472 ἐν
1297 1417 1532 1490 μάχαις,

281 1511 434 1567 7110
476 1507 709 1585 Στερῥὸς
737 1509 1025 1584 μαχητὴς,
1059 1503 1332 1583 γεννάδας,
1365 1501 1675 1582 ῥωμαλέος,

477 1597 879 1673 Σοφισματίας,
912 1595 1209 1672 κρυψίνους
1241 1617 1299 1650 τε
1325 1593 1416 1649 τὸν
1449 1593 1676 1668 τρόπον,

475 1686 774 1764 Πεφυκὲναι
802 1687 1083 1762 πράγμασι
1114 1685 1416 1758 κομπάζων
1449 1681 1604 1743 ὅλοις
1639 1699 1652 1713 ο

469 1775 548 1832 Οὐ
579 1781 901 1850 σωματικῆς
931 1772 988 1829 εὖ
1019 1772 1164 1850 ἔχων
1201 1773 1564 1847 συμμετρίας,

462 1864 665 1940 Αὐχῶν
696 1865 792 1926 τὰς
825 1865 994 1941 ὀφρῦς
1030 1861 1179 1936 μάλα
1211 1862 1672 1935 συνεσπασμένοις,

276 1957 426 2012 7115
468 1953 574 2011 Καὶ
608 1955 888 2030 βραγχιῶν
922 1954 1190 2031 φάρυγγα,
1226 1949 1472 2026 δύσηχος
1503 1948 1698 2026 λόγον,

467 2043 721 2101 Ἡλικίαν
753 2043 918 2116 μὲσος
947 2063 1007 2097 τε
1030 2041 1121 2096 καὶ
1151 2039 1345 2102 κοῖλος
1376 2041 1553 2118 φύσει,

470 2130 693 2195 Ἀδικος
723 2132 912 2202 εὐνὴν,
941 2129 1249 2209 φιλογύνης
1280 2130 1369 2185 καὶ
1401 2127 1625 2205 λάγνος,

466 2217 974 2297 Πρωτοϐεστιάριος
1006 2217 1080 2275 ὢν
1109 2221 1208 2289 τὴν
1241 2219 1412 2292 ἀξίαν,

466 2314 634 2368 ’Όταν
665 2313 901 2386 κατῆρξε
928 2313 1023 2364 τοῦ
1059 2308 1340 2384 βασιλείου
1370 2307 1625 2383 κράτους,

279 2403 432 2457 7120
466 2401 560 2471 Ἐξ
590 2395 805 2476 ἡμέρας
839 2397 968 2454 δέκα
995 2419 1052 2454 τε
1085 2397 1176 2453 σὺν
1210 2398 1342 2472 μησὶ
1378 2394 1473 2452 δύο

472 2492 588 2559 Τῆς
621 2488 900 2564 βασιλείας
930 2489 993 2543 τὸ
1023 2489 1220 2564 κράτος
1249 2485 1507 2552 διιθύνας.

554 2633 910 2691 ΘΕΟΔΩΡΟΣ
951 2637 995 2689 Ο
1035 2633 1397 2688 ΛΑΣΚΑΡΙΣ
1437 2632 1545 2688 ΕΤ.
1589 2629 1690 2688 ΙΘ’.

467 2759 620 2816 Ἐπεὶ
649 2757 693 2814 δ’
727 2760 753 2814 ὁ
785 2763 995 2834 κρατῶν
1030 2757 1349 2834 ἀπέδρασεν,
1384 2757 1460 2821 ὡς
1488 2750 1646 2834 ἔφην,

473 2846 678 2910 Δούκας
706 2869 765 2902 τε
793 2847 884 2902 καὶ
912 2848 1185 2922 Λάσκαρις
1212 2846 1407 2922 ἤρισαν
1439 2846 1694 2920 κράτους,

471 2932 884 2999 Καταλαϐόντες
915 2937 1006 2992 τὸν
1041 2941 1174 2992 Θεοῦ
1208 2935 1376 3011 μέγαν
1411 2932 1604 3008 δόμον,

276 3030 429 3083 7125
466 3030 669 3103 ’Ἀμφω
704 3025 953 3100 μαχηταὶ
984 3026 1073 3080 καὶ
1107 3026 1268 3080 καλοὶ
1301 3024 1503 3080 νεανίαι
1537 3044 1552 3056 ⁸

465 3113 678 3188 Κλήρῳ
711 3118 819 3187 (77)
855 3111 912 3168 δὲ
943 3112 1133 3189 λαχὼν
1168 3115 1439 3188 Λάσκαρις
1467 3111 1828 3188 κραταρχίαν,

464 3203 619 3266 Τὲως
652 3203 746 3277 μὲν
781 3202 1048 3259 ἀπείπατο
1081 3197 1334 3276 σύμϐολα
1363 3203 1592 3278 κράτους
1627 3219 1641 3235 ο

471 3293 738 3364 Συνεξιὼν
771 3289 829 3348 δὲ
856 3296 955 3348 τοῦ
985 3295 1087 3348 νεὼ
1117 3296 1196 3365 τῷ
1227 3293 1455 3366 ποιμένι

469 3381 618 3439 Κατᾶ
647 3382 855 3440 Μίλιον
887 3381 977 3438 καὶ
1005 3380 1142 3458 μὲρη
1175 3379 1500 3451 Βυζαντίδος

279 3475 436 3530 7130
475 3471 622 3534 Τοὺς
653 3473 938 3535 συνιόντας
968 3472 1212 3546 εὐμενῶς
1243 3466 1549 3541 ἠντιϐόλει,

468 3561 571 3617 Καὶ
601 3560 896 3636 παρεκάλει
928 3561 1064 3635 πρὸς
1098 3560 1284 3636 μάχην
1317 3557 1652 3629 ἀντιπάλων,

471 3645 728 3707 Μάλιστα
757 3649 973 3705 πάντων
1005 3648 1133 3712 τοὺς
1165 3649 1290 3725 περὶ
1326 3649 1552 3725 βασιλέα

474 3741 734 3802 Σείοντας
769 3739 937 3813 ὤμων
967 3741 1140 3815 ἀρείκ’
1171 3741 1304 3795 ἅττα
1333 3739 1459 3816 ξίφη

469 3828 709 3892 Κελτοὺς
742 3833 1015 3906 Αιπαρῶν,
1047 3829 1370 3905 προτρέπων
1405 3828 1504 3883 οὐκ
1535 3828 1690 3885 ἀνίει.

281 3922 436 3977 7135
474 3918 628 3976 Ἐπεὶ
659 3917 714 3973 δὲ
747 3918 1010 3984 θωπεύων
1040 3940 1098 3974 τε
1126 3918 1216 3974 καὶ
1247 3917 1597 3995 παροτρύνων

473 4009 587 4066 Οὐκ
619 4008 735 4084 εἶχέ
763 4030 886 4064 τινα
914 4009 1005 4064 τὸν
1035 4006 1275 4064 κλύοντα
1309 4004 1596 4081 μηδόλως,

473 4095 616 4169 Ἤδη
653 4095 709 4152 δὲ
737 4096 826 4153 καὶ
860 4097 1073 4176 φάλαγξ
1104 4119 1188 4161 τις
1216 4098 1367 4152 ὧπτο
1400 4095 1664 4154 Λατίνων.

473 4185 806 4251 Μεθίσταται
835 4187 1052 4262 τάχιστ’
1083 4186 1306 4259 ἐκεῖθεν,
1339 4187 1413 4249 ὡς
1447 4184 1590 4256 δέον,

475 4275 580 4334 Καὶ
611 4275 749 4352 πρὸς
782 4277 960 4353 φυγήν
989 4270 1188 4350 ἔϐλεψε
1215 4277 1304 4332 καὶ
1334 4278 1610 4352 σωτηρίαν
1645 4295 1660 4309 ·

286 4369 436 4424 7140
469 4365 795 4442 Ἀντίμαχοι
829 4363 886 4420 δὲ
915 4366 1034 4421 κατ’
1061 4363 1295 4441 ἐρημίαν
1320 4365 1466 4441 τάχα

472 4457 594 4513 Τῶν
625 4455 989 4511 κωλυσόντων
1023 4452 1295 4532 ἐκδρομὰς
1327 4460 1474 4533 σφῶν
1509 4456 1748 4525 ἀνὲτους,

477 4543 743 4618 Ἐπῄεσαν
772 4544 1073 4606 κτείνοντες
1106 4541 1339 4620 ἀφειδῶς
1370 4543 1508 4622 ξίφει

471 4634 574 4688 Τὸν
605 4632 990 4709 προστυχόντα
1013 4633 1105 4688 καὶ
1136 4631 1491 4694 σκυλεύοντες
1526 4633 1636 4709 βία,

476 4719 910 4793 Λεηλατοῦντες,
943 4719 1356 4796 πυρπολοῦντες
1385 4723 1486 4791 τήν
1519 4722 1706 4793 πόλιν,

285 4814 440 4869 7145
480 4809 584 4867 Καὶ
613 4810 788 4866 πάντα
819 4808 1075 4886 δρῶντες,
1109 4808 1153 4865 ὣ
1185 4808 1545 4865 δυσυποίστου
1577 4811 1698 4874 θέας
1726 4812 1738 4868 ί

480 4897 704 4973 Κόσμον
735 4899 1009 4962 συλῶντες
1041 4900 1189 4976 ἱερὸν
1221 4898 1376 4963 θείων
1411 4895 1618 4973 δόμων,

482 4987 663 5044 Σεπτά
687 5009 746 5044 τε
774 4989 1044 5062 κείμήλια
1071 4989 1161 5044 καὶ
1194 4988 1372 5053 θείους
1395 4986 1660 5060 πέπλους,

479 5080 727 5135 Ἕκτυπα
756 5079 1017 5154 Χριστοῦ,
1044 5077 1267 5152 Μητρὸς
1299 5076 1462 5133 αὐτοῦ
1493 5075 1766 5153 πανάγνου

481 5165 578 5229 Εἲς
606 5173 707 5244 γῆν
739 5165 1230 5245 καταρῥάσσοντες,
1261 5164 1449 5222 ἄλλων
1485 5169 1531 5232 θ’
1565 5165 1730 5242 ἁγίων
1763 5187 1776 5200 °

293 5261 442 5317 7150
482 5258 583 5312 Καὶ
612 5257 704 5312 τὸν
727 5259 855 5333 παρ’
881 5257 1067 5319 αὐτοῖς
1094 5256 1300 5330 κόσμον
1329 5256 1389 5312 ἐκ
1420 5257 1803 5334 χρυσαργύρου

482 5349 654 5406 Ὄντα
684 5345 1075 5424 διαρπάζοντες
1106 5347 1158 5403 οἱ
1187 5343 1498 5423 παραϐάται
1532 5368 1547 5381 ·

483 5437 694 5512 Σεμνὰς
726 5443 990 5513 γυναῖκας
1019 5435 1167 5511 ἱεράς
1197 5458 1257 5492 τε
1284 5437 1583 5512 παρθένους

1836 403 2203 458 CESARES.

1991 525 2041 590 Α
2075 528 2173 581 sed
2213 529 2620 602 unusquisque
2653 533 2779 588 suis
2814 535 3024 605 raptim
3057 537 3267 608 opibus

2077 617 2352 673 studebat
2382 621 2807 677 transferendis
2839 629 2940 678 aut
2971 623 3349 682 infodicndis.

2076 704 2218 760 Cum
2253 723 2389 779 ergo
2418 714 2608 765 Ducas
2645 711 2828 767 hilum
2858 731 2969 768 non
3007 715 3335 784 proliceret,

2075 792 2308 866 sibique
2338 797 2713 856 vehementer
2737 803 2860 871 jam
2903 804 3154 870 timeret,

2075 899 2147 936 ne
2177 890 2387 956 captus
2417 903 2624 959 graves
2651 908 2852 961 pcenas
2886 892 3038 947 hosti
3075 894 3278 960 lueret,

2072 972 2265 1042 regias
2299 975 2366 1029 ad
2400 978 2552 1032 aedes
2585 979 2906 1035 festinatim
2939 981 3278 1053 convolans,

2071 1065 2245 1132 atque
2278 1062 2438 1120 illinc
2465 1072 2761 1139 sumptam
2797 1069 3240 1143 Euphrosynem
3277 1073 3541 1144 reginam

2069 1165 2245 1220 parvo
2273 1152 2332 1206 io
2367 1153 2606 1224 phaselo
2637 1173 2772 1213 cum
2803 1157 3042 1214 ﬁliabus
3072 1160 3387 1230 collocans,

2067 1256 2317 1310 quarum
2351 1260 2528 1300 unam
2562 1245 2689 1317 ipse
2716 1247 2978 1303 efﬂictim
3012 1249 3336 1322 deperibat,

2067 1329 2232 1384 exsul
2264 1332 2524 1403 profugit
2553 1334 2744 1405 patria
2773 1335 3066 1405 Byzantio.

2065 1419 2162 1474 Vir
2191 1420 2318 1476 sine
2350 1423 2526 1477 dubio
2557 1427 2833 1480 strenuus
2865 1426 2923 1480 in
2957 1424 3196 1498 prmliis,

2064 1513 2342 1565 constans
2374 1511 2638 1578 bellator,
2673 1515 3107 1584 magnanimus,
3145 1515 3328 1587 tortis,

2063 1598 2336 1671 callidus,
2369 1606 2426 1656 et
2456 1602 2703 1659 consilia
2733 1603 2920 1660 celare
2951 1605 3182 1675 solitus,

2062 1689 2290 1745 cunctis
2325 1707 2387 1746 se
2410 1691 2647 1761 jactans
2677 1693 2952 1750 idoneum
2988 1695 3241 1767 negotiis
3279 1714 3292 1750 :

2061 1779 2321 1850 corporis
2354 1781 2541 1836 forma
2574 1799 2685 1837 non
2721 1783 2865 1839 satis
2897 1784 3206 1852 concinna,

1978 1893 2028 1959 Β
2061 1869 2372 1925 adductum
2405 1888 2635 1950 semper
2664 1889 2873 1943 gerens
2905 1874 3314 1946 supercilium,

2057 1957 2328 2014 faucibus
2360 1962 2574 2027 raucis,
2609 1978 2815 2033 aspera
2846 1962 3101 2034 loquela,

2058 2050 2286 2102 statura
2319 2048 2511 2104 media
2539 2055 2595 2105 et
2620 2050 2827 2122 valgus
2859 2070 2891 2106 a
2923 2056 3156 2122 natura,

2057 2133 2336 2204 lascivus,
2371 2139 2722 2195 mulierosus
2752 2144 2808 2195 et
2839 2141 3089 2197 adulter.

2058 2223 2114 2278 Is
2143 2225 2430 2296 dignitate
2462 2227 2945 2298 protovestiarius
2981 2232 3108 2284 erat

2057 2329 2192 2368 cum
2226 2330 2520 2370 summam
2554 2321 2904 2387 potestatem
2936 2322 3025 2373 est
3057 2318 3304 2389 adeptus
3340 2335 3354 2373 :

2057 2403 2227 2472 cujus
2259 2404 2484 2476 regales
2517 2406 2706 2461 tenuit
2738 2406 2997 2462 habenas

2057 2491 2269 2548 diebus
2300 2494 2592 2550 sexdecim
2627 2512 2808 2567 supra
2844 2512 3078 2552 menses
3110 2497 3280 2552 duos.

2269 2637 2703 2694 THEODORUS
2745 2638 3092 2695 LASCARIS
3132 2639 3250 2693 AN.
3291 2639 3494 2695 XVIII.

2057 2766 2192 2819 Post
2223 2763 2423 2835 fugam
2464 2764 2732 2832 Caesaris,
2768 2766 2838 2820 de
2866 2765 3150 2837 capiendo
3183 2765 3432 2836 imperio

2060 2851 2320 2908 Lascaris
2350 2857 2407 2908 et
2434 2853 2587 2909 alius
2618 2854 2808 2910 Ducas
2840 2855 3219 2910 decertarunt

2056 2940 2114 2996 in
2150 2942 2249 2997 Dei
2281 2942 2562 3015 templum
2599 2943 2925 2999 maximum
2959 2944 3232 3016 profecti,-

2057 3030 2221 3085 fortis
2255 3035 2497 3102 uterque
2528 3031 2915 3104 egregiusque
2938 3032 3207 3103 juvenis;

2053 3135 2254 3174 verum
2287 3137 2415 3176 sors
2444 3122 2678 3176 Lascari
2710 3120 2958 3176 contulit
2987 3121 3326 3192 imperium,

2055 3208 2156 3279 qui
2187 3208 2347 3281 regia
2376 3213 2573 3265 tamen
2607 3226 2723 3266 non
2755 3209 3012 3282 sumpsit
3041 3209 3301 3281 insignia
3335 3226 3348 3263 :

2059 3257 2156 3279 ‘1"
2188 3257 2347 3281 ’νο-⁷·
2381 3257 2573 3265 ’“”“““’“*““
2607 3257 2723 3266 ’“*⁸““
2755 3257 3012 3282 ”’““’“Ι.”“’“⁷
3042 3257 3176 3281 “’”“’“ζ

1973 3257 2019 3329 c
2056 3297 2157 3352 sed
2190 3297 2506 3354 comitante
2543 3297 2872 3370 patriarcha
2902 3314 3176 3371 egressus

2056 3386 2126 3442 ad
2161 3386 2386 3443 Milium
2416 3392 2591 3460 atque
2621 3387 2692 3443 ad
2723 3387 2867 3444 alias
2901 3388 3066 3444 urbis
3097 3391 3319 3458 partes,

2055 3475 2258 3548 populi
2290 3480 2513 3534 turmas
2546 3477 2756 3533 blande
2791 3475 3185 3549 compellabat

2055 3567 2125 3620 ad
2161 3566 2556 3622 resistendum
2587 3567 2860 3622 hostibus
2893 3566 3215 3621 adhortans
3249 3583 3262 3620 :

2056 3654 2348 3727 praecipue
2378 3673 2510 3712 vero
2544 3657 2860 3728 stipatores
2893 3655 3107 3727 regios,

2055 3745 2309 3816 grandes
2340 3750 2639 3818 gestantes
2671 3745 2937 3800 humeris
2974 3745 3282 3816 bipennes,

2055 3833 2245 3888 Celtas
2277 3834 2464 3890 enixis
2496 3836 2846 3907 perurgebat
2879 3834 3170 3906 precibus.

2055 3924 2164 3978 Sed
2197 3940 2331 3979 cum
2362 3940 2467 3979 nec
2499 3923 2735 3979 blandis
2766 3924 3041 3979 suadenti
3073 3925 3291 3992 verbis,

2058 4029 2246 4084 neque
2275 4011 2609 4068 adhortanti
2641 4012 2932 4084 quispiam
2966 4013 3348 4081 auscultaret,

2048 4101 2294 4172 jamque
2325 4104 2634 4174 appareret
2663 4101 2873 4156 cohors
2903 4101 3238 4155 Latinorum
3263 4121 3276 4170 ;

2059 4190 2322 4246 Lascaris
2351 4189 2537 4258 illinc,
2571 4194 2636 4246 ut
2663 4207 2769 4262 par
2795 4193 2939 4258 erat,
2969 4187 3172 4245 abiens

2058 4279 2199 4350 fuga
2228 4278 2404 4335 saluti
2438 4279 2866 4335 consulendum
2898 4279 3150 4334 censuit.

2057 4367 2297 4424 Interim
2329 4368 2549 4437 hostes,
2583 4368 2854 4424 obviante
2880 4368 3116 4423 nemine

2059 4456 2160 4528 qui
2191 4457 2488 4514 cohiberet
2519 4457 2734 4514 liberos
2765 4473 3071 4527 excursus,

2057 4549 2204 4605 Orco
2239 4547 2550 4603 mittebant
2579 4545 2960 4603 inclementer
2989 4546 3220 4602 animas

1981 4634 2028 4698 D
2061 4638 2276 4694 civium
2310 4653 2615 4707 caesorum,
2651 4653 2790 4709 opes
2822 4636 3187 4707 auferebant,

2062 4727 2196 4798 igne
2226 4724 2668 4797 latrociniisque
2699 4729 2999 4781 vastantes
3033 4725 3260 4780 urbem.

1961 4855 1963 4858 -
2064 4815 2577 4872 Ointolerandum
2609 4815 2858 4888 lugubre
2890 4813 3330 4887 spectaculum!

2065 4921 2230 4962 sacer
2259 4906 2616 4978 templorum
2648 4908 2888 4960 ornatus
2918 4903 3214 4975 diripitur,

2065 4996 2397 5052 veneranda
2429 4992 2661 5050 cimelia
2692 4992 2977 5064 almaeque
3007 4996 3220 5063 vestes,

2065 5087 2266 5142 icones
2292 5083 2509 5141 Christi
2539 5082 2862 5153 Matrisque
2893 5081 3308 5148 sanctissimae,

2068 5173 2447 5246 aliorumque
2473 5187 2755 5244 superum
2789 5174 3141 5226 sternuntur
3169 5171 3367 5239 humi;

2070 5268 2245 5336 atque
2273 5263 2370 5320 his
2402 5261 2727 5334 pretiosum
2759 5258 2945 5332 impia
2971 5258 3028 5313 vi
3062 5259 3390 5315 detractum

2072 5352 2376 5409 metallum
2410 5351 2524 5408 sibi
2555 5349 2856 5407 vindicant
2886 5351 3186 5417 apostatae.

2070 5447 2364 5498 Matronas
2392 5440 2760 5498 venerandae
2790 5455 3108 5510 sacrasque
3133 5438 3391 5511 virgines

3623 419 3731 474 266

2071 5605 2358 5678 praelatus.
2383 5601 2478 5678 _Ali
2489 5599 2546 5656 bi
2568 5615 2804 5678 quoque
2831 5598 2989 5678 idem
3021 5596 3168 5678 mihi
3189 5596 3730 5678 Iflicetaeﬂinterpres

287 5668 533 5746 videtur
580 5673 832 5746 Wolfius
881 5668 1095 5729 Nic'etaa
1152 5672 1444 5746 interpres
1492 5673 1593 5746 qui
1643 5673 1963 5732 dictionem
2071 5668 2189 5733 hon
2221 5673 2400 5731 semel
2441 5668 2683 5746 peccare
2704 5668 3044 5746 videbatur.
3073 5670 3301 5726 Confer.
3333 5686 3368 5725 v
3399 5669 3498 5725 Gr.
3527 5668 3602 5724 in'
3626 5669 3732 5724 hoc

290 5746 356 5802 ἐκ
383 5743 443 5802 δὲ
473 5743 692 5821 κλήρου
721 5745 788 5800 τὸ
819 5748 1090 5816 πρωτεῖον
1143 5741 1392 5818 είληφῶς
1436 5741 1687 5818 explicat
1731 5763 1766 5802 a
1815 5748 1962 5805 clero

2073 5747 2371 5806 volumine
2402 5741 2460 5817 p:
2492 5745 2617 5813 116,
2650 5761 2708 5800 n.
2742 5745 2791 5798 1.

630 5865 898 5925 Pyram.
947 5865 1058 5925 Gn.
1111 5861 1373 5924 CXLIII.

3126 5835 3128 5838 ’
3378 5859 3414 5913 9

367 5604 485 5673 (77)
514 5603 727 5674 Sortem
774 5601 1065 5674 intelligo,
1116 5618 1232 5674 non
1285 5604 1526 5663 clerum;
1556 5605 1614 5674 et
1641 5600 1763 5674 falli
1818 5603 1964 5660 mihi
