4076 6456
362 436 476 491 267
1586 424 1960 483 BPHREMII
2004 417 2579 473 CHBONOGRAPUI

2059 548 2111 611 Α

367 562 437 617 ad
474 566 746 631 stuprum
781 558 1019 629 rapiunt
1050 556 1301 611 violenta
1334 570 1512 608 manu
1558 570 1571 607 :

368 650 483 705 alia
512 648 762 704 scelesta
792 647 951 719 (nam
986 644 1301 699 dicendum
1338 642 1613 709 breviter)

369 739 630 794 facinora
659 736 1041 793 committunt
1070 734 1161 789 his
1195 732 1437 789 similia.

368 835 522 899 Ergo
553 828 925 899 angiportus,
957 823 1150 892 trivia,
1182 828 1238 877 et
1270 820 1631 885 ambulacra,

370 922 573 973 sancta
604 915 871 980 delubra,
902 918 959 969 et
990 912 1184 983 anguli
1220 908 1525 975 reconditi,

371 1010 517 1078 fora,
548 1006 673 1073 viae,
702 1005 837 1071 vici,
870 1002 1144 1073 compita,
1182 999 1407 1072 plateae,

369 1096 554 1166 luctu,
585 1092 927 1167 gemitibus,
959 1093 1237 1158 clamore,
1273 1093 1329 1145 et
1360 1084 1691 1142 ululatibus

368 1187 647 1251 virorum,
681 1184 1057 1248 feminarum,
1094 1178 1325 1250 alioque
1360 1190 1571 1249 genere

366 1274 712 1346 multiplicis
746 1271 1041 1344 tragmdiae
1078 1267 1499 1342 personabant.

362 1367 473 1421 Sed
512 1370 824 1436 postquam
858 1361 1067 1433 spoliis
1102 1356 1354 1431 explevit
1384 1352 1727 1427 ingluviem,

363 1458 535 1509 tinem
570 1452 884 1524 praedando
916 1456 1039 1504 tum
1072 1448 1327 1518 denique
1357 1444 1644 1515 imposuit

367 1543 694 1598 crudelium
724 1537 1072 1594 detestanda
1103 1552 1245 1607 gens
1278 1534 1585 1590 Italorum.

365 1633 568 1687 Visum
603 1630 813 1685 deinde
845 1635 931 1683 est
963 1625 1261 1699 primariis
1293 1622 1546 1678 ducibus

369 1736 627 1775 annuere
658 1719 909 1773 liberum
943 1731 1008 1770 ex
1039 1715 1184 1769 urbe
1214 1713 1547 1768 discessum

368 1808 677 1880 quibusvis
706 1807 897 1862 solum
932 1808 1155 1859 vertere
1186 1802 1460 1875 placeret.

366 1899 517 1969 Ergo
550 1896 799 1952 millena:
826 1896 1065 1950 exibant
1093 1898 1339 1949 catervae

368 1986 753 2053 miserabiles,
787 1985 984 2040 tristes
1016 1988 1073 2038 et
1108 1998 1409 2055 pannosae,

371 2077 662 2148 sanguine
695 2076 914 2147 potius,
948 2078 1012 2128 ut
1037 2073 1226 2142 aiunt,
1259 2086 1439 2143 quam
1471 2066 1748 2139 lacrymis

364 2171 712 2239 praesentem
743 2164 1115 2235 deplorantes
1144 2162 1445 2216 fortunam
1480 2174 1666 2214 suam.

366 2256 494 2311 Itali
528 2272 660 2311 vero
690 2253 903 2308 tumidi
937 2250 1238 2324 superbia,

364 2362 471 2400 ceu
506 2345 554 2399 si
587 2341 989 2414 quadrifidum
1016 2343 1138 2414 jam
1170 2340 1438 2394 tenerent
1468 2339 1693 2408 orbem,

364 2453 652 2512 regesque
683 2452 888 2507 regum
922 2437 1111 2490 semet
1141 2430 1494 2499 effecissent,

364 2530 655 2598 quotquot
684 2525 792 2579 sub
824 2520 1027 2578 l‘bcebi
1061 2521 1242 2577 radiis
1277 2520 1648 2590 imperitant;

364 2616 516 2669 inter
546 2631 608 2670 se
638 2617 916 2669 cunctum
952 2610 1294 2666 dividebant
1325 2609 1639 2676 mundum,

365 2704 718 2776 provincias,
750 2703 945 2768 urbes,
980 2699 1200 2772 singuli
1234 2698 1570 2763 sortientes,

365 2799 422 2849 et
453 2796 818 2865 potentatum
851 2790 1043 2846 verbis
1070 2792 1444 2859 occupantes.

366 2887 583 2938 Veneto
616 2884 764 2937 duce
796 2881 1081 2936 suadente
1107 2876 1377 2933 Dandulo

366 2972 627 3041 (homine
659 2987 839 3025 caecos
872 2967 1073 3023 oculos
1105 2969 1367 3038 gerente,

366 3061 495 3115 luce
527 3060 628 3114 sed
656 3058 869 3113 mentis
898 3057 1008 3112 heu
1043 3055 1222 3111 nimis
1254 3051 1566 3123 instructo)

363 3154 430 3205 ut
454 3150 775 3221 imperator
806 3145 970 3202 fieret
1001 3145 1244 3201 Latinus

361 3240 433 3294 de
462 3238 722 3303 Venetis,
757 3233 1124 3302 Lombardis,
1162 3233 1473 3289 Francisve
1504 3230 1747 3299 electus,

368 3335 522 3390 datis
555 3333 851 3405 suﬂ‘ragiis
884 3333 1163 3389 electores
1196 3328 1423 3385 nobiles

365 3425 784 3496 imperatorem
818 3420 1036 3478 faciunt
1067 3419 1358 3494 Byzantii;

374 3514 733 3569 Balduinum
767 3511 1041 3567 comitem
1082 3510 1395 3583 provinciae
1426 3508 1734 3578 Flandriaa,

368 3602 584 3659 eximia
614 3601 1043 3657 adolescentem
1073 3600 1261 3655 forma
1292 3598 1625 3671 praeditum,

367 3694 554 3765 pium,
589 3697 646 3747 et
672 3692 900 3747 Christo
933 3687 1182 3746 maxime
1213 3689 1508 3755 devotum,

364 3781 638 3849 hilarem,
674 3781 900 3847 mitem,
934 3779 1316 3852 apprimeque
1345 3783 1599 3847 castum,

359 3870 757 3940 eleemosynis
789 3869 963 3925 etiam
994 3867 1418 3941 indulgentem,

362 3960 731 4016 cumulatum
766 3957 971 4014 multis
1002 3975 1035 4013 a
1068 3962 1180 4013 Deo
1212 3956 1549 4023 virlutibus,

358 4051 461 4105 sed
496 4048 781 4121 pudicitia
810 4048 871 4104 in
902 4048 1112 4120 primis
1145 4064 1209 4102 ac
1230 4046 1488 4121 justitia.

355 4141 459 4196 Hic
493 4157 595 4212 per
626 4155 951 4212 praeconem
983 4136 1075 4193 bis
1108 4138 1166 4192 in
1197 4135 1568 4192 hebdomade

356 4231 616 4285 maxima
643 4245 782 4285 voce
808 4226 1059 4300 jubebat
1090 4225 1239 4282 edici

354 4335 425 4374 ne
455 4318 589 4389 quis
623 4318 681 4372 in
713 4317 875 4391 regis
905 4320 1081 4372 noctu
1115 4314 1427 4380 cubitaret,

353 4407 456 4477 qui
489 4424 602 4462 non
636 4408 992 4477 conjunctus
1027 4402 1262 4473 conjugi
1293 4399 1570 4471 legitimae

352 4494 449 4548 sed
485 4493 771 4550 meretrici
807 4496 1012 4548 contra
1045 4491 1131 4544 fas
1165 4488 1516 4544 conviveret.

350 4584 486 4639 Erat
517 4587 574 4639 et
603 4582 801 4654 legum
825 4578 1192 4651 justitiaque
1223 4580 1421 4631 custos
1457 4592 1469 4629 :

350 4673 626 4728 feminam
659 4668 931 4742 quamvis
964 4682 1220 4722 renuens
1255 4665 1565 4737 attingere,

343 4779 450 4818 nec
481 4760 772 4818 teneriore
802 4761 1090 4813 contuens
1122 4759 1379 4825 aspectu,

342 4855 587 4925 quandu
622 4848 859 4922 pr0pria
889 4848 999 4903 tori
1038 4846 1196 4902 socia
1223 4846 1477 4901 abesset.

342 4945 489 5016 Ergo
522 4943 844 5011 imperator
872 4938 1091 4996 electus
1123 4935 1449 4991 Balduinus

341 5034 485 5091 abiit
515 5050 585 5089 ex
615 5032 759 5087 urbe
789 5031 861 5086 ad
894 5034 1092 5102 partes
1126 5029 1423 5097 occiduas,

338 5133 496 5189 haud
526 5136 809 5201 tanquam
839 5128 972 5187 illas
1005 5146 1206 5202 pugna
1238 5129 1624 5197 subacturus,

341 5223 442 5278 sed
474 5221 799 5291 imperator
828 5218 1027 5274 volens
1060 5217 1307 5275 salutari

339 5310 740 5383 obsequioque
771 5324 805 5362 a
834 5307 1063 5363 cunctis
1094 5307 1203 5363 coli
1236 5306 1510 5364 subditis.

341 5404 531 5467 Quare
564 5415 669 5455 nec
698 5396 912 5454 veteris
944 5396 1177 5469 imperii
1204 5396 1424 5454 milites

342 5492 402 5547 in
430 5507 605 5546 suum
635 5487 821 5544 voluit
852 5485 1150 5542 conscribi
1186 5486 1525 5541 exercitum.

346 5576 789 5649 Adrianopolim
822 5573 1405 5646 Philippopolimque

348 5668 614 5740 aliasque
642 5668 714 5722 ad
749 5665 926 5721 urbes
955 5663 1217 5719 Threcia
1249 5663 1564 5734 profectus.

348 5759 671 5829 Latinoque
704 5755 797 5811 his
827 5753 1106 5826 imposito
1139 5754 1430 5825 praesidio,

2054 1922 2101 1987 Β

2320 537 2616 599 ’Ἐλκοντες
2651 536 2728 600 εἷς
2758 533 2911 613 ὕϐριν
2943 557 3001 592 τε
3029 536 3119 592 καὶ
3152 539 3355 614 φθορὰν
3388 538 3498 613 βίᾳ,

2318 628 2420 684 Καὶ
2452 627 2631 683 τᾶλλα
2662 631 2843 683 κακῶν
2879 624 3131 702 δρῶντες,
3165 625 3263 681 ὧδ’
3292 627 3462 683 εἰπεῖν
3495 622 3651 698 ἔπος,

2134 720 2280 775 7155
2322 719 2600 793 Σύστοιχα
2628 717 2844 779 τούτοις
2872 716 3115 789 καθάπαξ
3148 716 3388 773 ἐοικότα.

2316 808 2407 864 Ἐν
2436 805 2526 861 οὖν
2557 812 2879 876 στενωποῖς,
2901 804 3167 881 τριόδοις,
3202 804 3533 883 λεωφόροις,

2317 901 2505 967 Ναοῖς,
2537 896 2832 970 σεμνείοις,
2860 895 3087 972 γωνίαις
3118 895 3481 975 ἀποκρύφοις,

2315 983 2521 1054 Ὁδοῖς,
2552 986 2791 1061 ἀγυιαῖς,
2821 986 2912 1041 καὶ
2943 984 3254 1055 πλατείαις,
3286 984 3582 1063 ἀμφόδοις,

2316 1076 2561 1150 Θρήνων,
2593 1081 2978 1150 στεναγμάτων
3006 1097 3089 1146 τε,
3114 1081 3400 1144 κωκυτῶν,
3430 1076 3600 1152 γόων,

2137 1167 2281 1220 7160
2318 1162 2515 1226 Εἶ’δους
2544 1186 2604 1220 τε
2633 1162 2837 1235 λοιπῆς
2868 1163 3173 1241 δυστυχοῦς
3201 1164 3515 1242 τραγῳδίας

2316 1251 2585 1325 Ἀνδρῶν,
2605 1260 2883 1333 γυναικῶν
2911 1257 2979 1325 ἦν
3012 1260 3270 1332 παριοῦσι
3297 1254 3509 1311 κλύειν.

2316 1344 2446 1400 Επεὶ
2485 1341 2535 1398 δ’
2563 1345 2762 1407 ἱκανῶς
2794 1346 2912 1419 εἶχε
2942 1349 3052 1399 τῶν
3084 1344 3500 1418 σκυλευμάτων,

2316 1435 2556 1489 Ἐπαυσε
2586 1431 2736 1495 λείας
2767 1435 2856 1489 καὶ
2890 1435 3316 1512 Λαφυραγωγίας

2313 1526 2608 1597 ’Έχθιστον
2643 1522 2799 1586 ἔθνος
2828 1524 3052 1581 Ἰταλῶν
3091 1527 3422 1603 μιαιφόνων.

2133 1622 2277 1677 7165
2314 1620 2505 1694 Ἔδοξε
2536 1619 2593 1676 δὲ
2620 1626 2768 1701 σφῶν
2802 1624 3128 1699 προκρίτοις
3157 1624 3555 1699 στρατηγέταις

2316 1712 2435 1781 Ἐᾷν
2471 1709 2720 1787 ἀπαίρειν
2748 1712 2952 1773 πάντας
2983 1712 3043 1767 ὲκ
3073 1710 3403 1782 Βυζαντίδος

2312 1802 2410 1863 Οἷς
2437 1798 2543 1870 ἡδὺ
2572 1803 2659 1855 καὶ
2693 1802 2979 1877 πρόθυμον
3008 1802 3074 1870 ἧν
3109 1801 3325 1872 ἐξιέναι.

2318 1890 2565 1961 Ἐξῂεσαν
2600 1888 2690 1944 οὖν
2723 1891 2859 1945 κατά
2888 1889 3235 1966 χιλιοστύας,

2317 1979 2561 2053 Οἷκτροῖ,
2591 1985 2877 2058 κατηφεῖς,
2907 1980 3125 2056 ῥακίοις
3160 1980 3474 2054 εἷλημένοι,

2136 2080 2279 2133 7170
2317 2075 2522 2150 Α’ίμασι
2560 2076 2772 2150 μᾶλλον
2802 2077 2838 2147 ἢ
2873 2076 3153 2154 δάκρυσιν,
3182 2079 3261 2149 ὡς
3292 2078 3485 2153 λόγος,

2316 2165 2612 2229 Κλαίοντες
2642 2168 2791 2222 οὗτοι
2819 2174 2916 2237 τῆς
2946 2165 3245 2237 ἐνεστώσης
3274 2168 3476 2244 τύχης,

2314 2256 2381 2312 Οἱ
2415 2252 2461 2309 δ’
2494 2254 2703 2327 Ιταλοί,
2738 2260 2834 2333 φεῦ
2871 2257 3176 2332 ὑπεροψίας
3204 2255 3373 2327 τόσης
3402 2256 3415 2313 ί

2315 2347 2405 2407 Ὠς
2436 2343 2490 2399 εἴ
2512 2367 2573 2418 γε
2602 2344 2970 2421 τετράκλιμον
3005 2343 3255 2421 ἴσχοντες
3285 2347 3485 2421 κτίσιν,

2312 2436 2377 2491 Ἣ
2408 2435 2498 2489 καὶ
2536 2432 2782 2509 βασιλεῖς
2808 2434 3203 2511 ἐγκαθεστῶτες
3230 2435 3375 2511 τάχα

2132 2525 2277 2577 7175
2317 2519 2594 2577 Βασιλέων
2628 2520 2845 2576 πάντων
2876 2543 2939 2599 γε
2968 2523 3060 2577 τὸν
3094 2522 3181 2577 ἐπὶ
3219 2524 3414 2597 χθόνα,

2316 2612 2513 2672 Δύτοῖς
2545 2609 2751 2666 διεῖλον
2784 2612 2964 2689 σφίσιν
2991 2613 3091 2681 τήν
3125 2613 3479 2689 οἰκουμένην,

2314 2702 2529 2775 Χώρας,
2564 2698 2754 2762 πόλεις
2782 2698 3006 2764 ἕκαστος
3041 2702 3116 2763 εἷς
3143 2702 3490 2779 κληρουχίαν

2314 2791 2414 2846 Καὶ
2447 2788 2764 2846 δεσποτείαν
2796 2786 3173 2864 λαμϐάνοντες
3204 2792 3258 2847 ἐν
3293 2791 3509 2868 λόγοις.

2314 2878 2604 2934 Βενετίκων
2635 2876 2788 2951 δόξαν
2823 2878 2881 2935 δὲ
2912 2878 3067 2936 δουκῖ
3101 2879 3417 2959 ΔανδούΛῳ,

2132 2971 2275 3025 7180
2314 2972 2481 3042 Πηρῷ
2514 2969 2610 3041 μὶν
2642 2966 2795 3042 ἀνδρὶ
2827 2970 2925 3032 τὰς
2954 2970 3121 3043 κόρας
3148 2973 3256 3025 τῶν
3291 2970 3578 3044 ὀμμάτων,

2312 3058 2453 3119 Νοὸς
2488 3058 2680 3133 φρένας
2715 3055 2771 3112 δὲ
2802 3058 2892 3112 καὶ
2925 3057 3045 3113 λίαν
3077 3059 3399 3135 ἐρρωμένῳ,

2311 3148 2494 3223 Ψήφῳ
2522 3146 2838 3222 κρατάρχην
2872 3148 3162 3225 ἐκλεγῆναι
3200 3149 3471 3222 Λατίνων,

2311 3236 2413 3291 Ἐκ
2438 3256 2495 3290 τε
2526 3238 2906 3312 Φραγγίσκων,
2940 3238 3258 3308 Βενετίκων,
3296 3236 3647 3315 Λαμπάρδων

2315 3324 2689 3401 Ἐπιλεγέντες
2721 3324 2959 3403 εὐγενεῖς
2990 3328 3315 3407 ψηφηφόροι

2134 3425 2277 3479 7185
2316 3421 2410 3485 Εἷς
2442 3421 2641 3480 ἄνακτα
2673 3424 2890 3500 χρίουσι
2920 3429 3020 3491 τῆς
3055 3427 3460 3485 Κωνσταντίνου

2314 3508 2649 3568 Βαλδουῖνον
2684 3513 2901 3587 κόμητα
2928 3514 3115 3592 χώρας
3147 3520 3247 3581 τῆς
3281 3516 3590 3593 Φλάντρας,

2311 3600 2541 3657 Νεανίαν
2572 3600 2890 3668 κάλλιστον,
2924 3604 3126 3677 ὡραῖον
3162 3604 3341 3679 φύσει,

2314 3687 2628 3761 Φιλευσοϐἧ
2660 3713 2717 3748 τε
2739 3692 2830 3747 καὶ
2862 3692 3224 3772 φιλόχριστον
3260 3694 3404 3769 λίαν,

2314 3781 2515 3854 Πραὺν,
2549 3779 2765 3857 ἱλαρὸν,
2798 3784 3242 3862 σωφρονέστατον
3281 3784 3432 3858 μάλα

2130 3871 2274 3928 7190
2316 3866 2525 3944 Μερίδα
2554 3870 2644 3925 καὶ
2679 3869 2943 3944 μέλλοντι
2976 3868 3197 3930 διδόντα
3233 3873 3357 3951 βίῳ,

2307 3957 2547 4016 Ηολλῶν
2577 3965 2804 4034 ταμεῖον
2837 3960 3042 4036 ἀρετῶν
3076 3960 3400 4036 θεοσδότων,

2307 4050 2544 4108 Μάλιστ’
2574 4052 2805 4130 έραστὴν
2838 4052 3193 4132 σωφροσύνης
3212 4055 3301 4111 καὶ
3331 4052 3507 4129 δίκης,
3540 4043 3545 4047 ’

2305 4141 2395 4203 Ὧς
2430 4140 2546 4217 εἶχε
2578 4139 2661 4203 δὶς
2690 4144 2905 4217 κήρυκα
2931 4151 3031 4213 τῆς
3063 4138 3372 4219 ἑϐδομάδος

2305 4231 2477 4306 Τορὸν
2515 4231 2734 4307 βοῶντα
2767 4233 2842 4307 μὴ
2867 4230 3146 4297 καθεύδειν
3183 4233 3390 4308 μηδένα

2124 4322 2268 4376 7195
2304 4322 2425 4376 Τῶν
2468 4317 2760 4395 βασιλείων
2795 4318 3005 4387 ἔνδοθεν
3038 4325 3155 4381 καθ’
3181 4325 3408 4403 ἑσπέραν

2300 4407 2487 4479 Μηδὲν
2521 4410 2750 4483 νομίμῳ
2779 4412 2992 4487 γυναικῖ
3030 4413 3401 4489 συνημμένον,

2300 4499 2485 4572 ΙΙόρνῃ
2520 4494 2566 4551 δ’
2599 4499 2847 4573 ἀθέσμως
2879 4496 3146 4576 συμϐιοῦν
3178 4502 3479 4580 ᾑρημένον.

2299 4589 2398 4644 Ἦν
2431 4587 2521 4642 καὶ
2554 4585 2726 4664 φύλαξ
2757 4589 2942 4663 νόμων
2976 4612 3033 4645 τε
3064 4588 3223 4662 δίκης
3253 4594 3303 4646 τ’
3331 4591 3560 4666 ἐννόμου

2302 4676 2522 4732 Γυναικὶ
2554 4684 2853 4753 προσσχεῖν
2890 4679 2950 4734 οὐ
2986 4678 3224 4751 θελήσας
3258 4679 3505 4745 οὐδόλως

2118 4778 2260 4831 7200
2298 4772 2442 4845 Μηδ’
2473 4772 2533 4830 ἂν
2570 4776 2735 4851 μέχρι
2766 4776 3089 4852 βλέμματος
3122 4778 3361 4854 ἐμπαθεῖ
3388 4781 3486 4851 θέᾳ

2292 4865 2458 4921 “Ὀσον
2491 4886 2590 4940 περ
2621 4864 2764 4936 ἀπῆν
2798 4873 2901 4935 τῆς
2934 4866 3191 4923 συνεύνου
3220 4869 3313 4923 τὸν
3347 4869 3572 4946 χρόνον.

2293 4952 2662 5029 Αὐτοκράτωρ
2696 4950 2788 5007 οὖν
2821 4951 3185 5031 ἀναδειχθεὶς,
3223 4960 3296 5019 ὡς
3327 4953 3486 5035 ἔφην,

2296 5041 2528 5115 Ἐξεισιν
2563 5040 2673 5096 εἶτα
2702 5042 2838 5116 πρὸς
2874 5043 3015 5119 μέρη
3044 5050 3144 5115 τῆς
3178 5046 3429 5122 ἑσπέρας.

2295 5129 2419 5207 Οὐχ
2449 5131 2523 5192 ὡς
2554 5131 2840 5205 κρατήσων
2868 5130 3040 5188 τῶνδε
3070 5141 3170 5204 τῆς
3205 5134 3395 5210 μάχης
3422 5138 3604 5212 νόμῳ,

2117 5221 2260 5277 7205
2297 5212 2455 5274 Ἀλλ’
2478 5214 2571 5273 ’ἶνα
2600 5224 2819 5301 γνωσθῇ
2856 5221 3113 5298 βασιλεὺς
3146 5223 3523 5303 αὐτοκράτωρ,

2298 5307 2403 5363 Καὶ
2431 5310 2784 5386 προσκυνηθῇ
2815 5315 2944 5365 πᾶσι
2976 5316 3093 5375 τοῖς
3121 5312 3406 5386 ὑπηκόοις.

2294 5399 2452 5452 Ταῦτ’
2485 5399 2587 5475 ἄρα
2607 5401 2790 5477 τάγμα
2818 5404 3167 5475 στρατιωτῶν
3198 5402 3453 5459 Αὐσόνων

2298 5491 2416 5541 Δέῖν
2445 5487 2545 5543 οὐκ
2573 5483 2749 5563 ἔκρινε
2778 5485 3189 5566 προσλαϐέσθαι
3226 5491 3473 5556 συνόλως
3506 5512 3519 5525 ⁸

2298 5575 2393 5640 Εἰς
2425 5574 2715 5651 Ἀδριανοῦ
2744 5581 2843 5648 τήν
2872 5578 3035 5635 πόλιν
3071 5576 3117 5633 δ’
3146 5580 3473 5661 ἀφιγμένος,

2119 5666 2263 5722 7210
2302 5663 2398 5718 Καὶ
2424 5665 2524 5733 τὴν
2559 5663 2849 5722 Φιλίτιπού
2878 5667 3150 5740 Θρᾳκικάς
3180 5670 3224 5722 τ’
3262 5666 3443 5733 ἄλλας
3471 5668 3691 5744 πόλεις,

2301 5753 2405 5809 Καὶ
2434 5751 2619 5810 ταῖσδε
2650 5754 2891 5832 φρουρὰν
2921 5751 3179 5829 ἐμϐαλὼν
3208 5757 3272 5813 ἐκ
3301 5760 3574 5831 Λατίνων,

3692 413 3796 470 368
