4076 6462
345 457 449 512 271
1560 445 1940 500 ΕΡΗΒΒΜΙΙ

1560 445 1940 500 ΕΡΗΒΕΜΙΙ
1990 440 2558 499 CHRONOGRAPHI

350 578 557 636 Latino
584 575 870 633 immunis
899 572 1121 633 mansit
1150 570 1479 627 dominatu.

350 668 593 724 Interim
627 662 889 721 marchio
920 662 1232 734 Hesperias
1273 660 1536 715 civitates

353 757 586 814 bellans
619 754 824 810 Latino
856 752 1167 823 subigebat
1197 748 1443 814 nomini,

359 846 720 919 quibusdam
754 841 975 898 nostris
1008 845 1180 895 utens
1212 838 1314 893 viis
1345 837 1616 893 ducibus.

357 942 584 1008 Sgurus
616 937 814 988 autem
847 932 956 986 Leo
991 930 1227 984 cohorte
1259 926 1540 997 imposita

359 1026 563 1079 Atticas
590 1023 715 1079 loco
744 1019 954 1077 celebri
988 1015 1419 1088 Thermopylis,

361 1120 427 1170 ut
456 1114 537 1169 ibi
561 1111 833 1184 prmlians
862 1109 1025 1164 Italis
1058 1107 1388 1173 resisteret;

362 1202 525 1258 nulla
555 1218 616 1257 re
647 1201 823 1271 digna
854 1198 1133 1253 laudibus
1170 1198 1415 1266 patrata,

359 1290 573 1361 raptim
607 1286 953 1343 Corinthum
987 1285 1126 1356 fuga
1157 1300 1219 1338 se
1251 1279 1566 1354 proripuit.

358 1379 461 1433 Hic
492 1382 616 1433 erat
646 1382 811 1432 ortus
842 1373 1079 1445 Nauplii
1114 1369 1374 1443 regione,

357 1468 655 1523 modicum
691 1469 899 1520 nactus
931 1483 964 1518 υ.
995 1468 1160 1534 patre
1194 1458 1587 1533 principatum
1629 1472 1641 1509 :

354 1572 558 1611 verum
595 1555 891 1625 reciproco
925 1558 1261 1623 temporum
1292 1547 1517 1618 euripo,

362 1649 720 1717 praepostero
752 1642 1032 1713 varioque
1064 1640 1311 1695 fortuna:
1345 1653 1546 1704 cursu,

363 1750 551 1804 usque
581 1731 961 1804 progrediens
994 1745 1245 1800 magnus
1276 1744 1306 1783 e
1337 1742 1515 1798 parvo
1544 1722 1748 1780 evasit.

366 1835 419 1888 Is
450 1838 508 1887 et
537 1830 882 1885 Corinthum
914 1829 1198 1900 oppidum
1232 1825 1500 1896 diripuit,

364 1925 421 1975 et
453 1923 630 1990 Argos
658 1916 838 1972 simili
873 1916 1145 1988 posthinc
1178 1912 1505 1969 latrocinio.

366 2013 665 2063 Postremo
697 2006 957 2060 Athenas
986 2004 1166 2059 etiam
1199 2002 1531 2072 invadebat,

362 2114 564 2152 verum
598 2095 870 2167 repulsus
900 2094 1092 2149 verbis
1123 2091 1561 2163 archiprmsulis

361 2184 665 2241 Michaelis
696 2184 990 2240 Cboniatae
1024 2180 1473 2254 sapientissimi,

359 2275 592 2331 Thebas
622 2273 882 2329 celeriter
914 2273 1170 2327 excurrit
1201 2268 1566 2342 heptapylas,

364 2380 582 2435 easque
615 2361 727 2417 sibi
762 2360 919 2416 facili
952 2360 1103 2415 bello
1136 2358 1397 2413 vindicat
1429 2375 1443 2412 :

362 2458 420 2508 et
449 2456 587 2507 dum
618 2450 865 2507 Larissae
899 2451 1167 2504 faucibus
1198 2448 1401 2513 exiret,

362 2541 704 2613 imperatori
736 2540 1034 2612 quondam
1069 2537 1268 2593 Alexio
1300 2537 1577 2606 occurrit,

360 2630 457 2701 qui
487 2629 821 2685 borealibus
852 2628 1117 2700 partibus
1149 2627 1475 2698 digressus,

360 2720 626 2774 exsulum
667 2735 825 2774 more
854 2717 964 2772 hac
996 2722 1051 2771 et
1082 2715 1214 2770 illac
1243 2732 1471 2781 errans,

362 2826 520 2864 nunc
553 2810 624 2863 ad
658 2807 999 2863 Thessalica
1026 2806 1245 2875 Tempe
1278 2809 1638 2875 pervenerat,

360 2898 584 2953 habens
618 2897 677 2951 in
710 2895 989 2951 comitatu
1026 2893 1337 2948 Eudociam
1370 2893 1576 2958 ﬁliam,

363 3002 540 3055 quam
573 2990 713 3040 tunc
744 2985 1103 3054 desponsam
1137 2981 1444 3036 collocavit
1471 2985 1673 3052 Sguro.

362 3074 499 3144 Ipsa
530 3073 768 3145 quidem
800 3072 940 3127 olim
976 3068 1355 3126 matrimonio
1386 3070 1574 3124 fuerat

357 3162 609 3233 principi
637 3160 848 3232 juncta
877 3158 1269 3214 Triballorum
1302 3157 1622 3229 Stephano,

360 3250 464 3322 qui
495 3250 865 3323 repudiatam
896 3248 1127 3305 remisit
1157 3248 1216 3302 in
1248 3246 1523 3320 patriam,

359 3340 577 3395 Eadem
609 3340 915 3395 Murtzuﬂo
947 3338 1117 3393 Ducas
1149 3336 1359 3392 deinde
1390 3336 1596 3407 nupsit

362 3432 676 3501 postquam
711 3427 804 3483 hic
830 3425 1144 3497 imperium
1176 3426 1541 3497 patriamque
1572 3424 1871 3481 amiserat.

363 3528 471 3583 Sed
504 3527 662 3582 hunc
693 3526 906 3582 deinde
937 3529 1174 3596 captum
1204 3522 1440 3579 Alexius
1469 3523 1624 3591 dolo,

368 3633 467 3672 rex
494 3632 624 3671 erro
655 3631 922 3670 erronem
956 3629 1149 3685 regem
1184 3618 1338 3668 sorte
1370 3612 1516 3683 pari,

367 3703 595 3758 lumine
627 3720 861 3759 cassum
896 3702 1198 3758 oculorum
1226 3700 1495 3756 reddidit.

373 3794 551 3849 Suavis
588 3798 880 3864 postremo
916 3792 1257 3847 Latinorum
1289 3790 1566 3846 manibus

367 3883 559 3939 Ducas
592 3886 867 3954 exceptus
900 3880 1364 3954 Byzantiumque
1391 3881 1625 3949 ductus,

365 3972 608 4043 pertulit
646 3989 903 4044 poenam,
933 3972 1088 4043 quod
1122 3970 1322 4025 Alexio
1352 3970 1573 4042 Angelo

363 4061 564 4134 gulam
600 4062 832 4117 funesto
862 4060 1070 4132 laqueo
1103 4059 1391 4132 fregisset.

361 4151 504 4207 Nam
536 4152 607 4207 de
636 4151 876 4207 sublimi
909 4149 1089 4205 Tauri
1117 4148 1393 4205 columna

364 4240 762 4313 praecipitatus
793 4246 903 4311 est,
936 4240 1080 4312 proh
1115 4239 1216 4294 Dei
1241 4238 1534 4309 judicium
1561 4237 1573 4291 !

365 4346 421 4397 et
450 4341 534 4397 sic
564 4341 808 4397 collisus
839 4339 1121 4395 violenter
1151 4338 1313 4393 obiit.

365 4430 606 4484 Interim
638 4428 901 4484 marchio
927 4428 1088 4482 venit
1118 4426 1177 4480 in
1208 4425 1510 4492 Bmotiam,

365 4536 615 4591 eamque
647 4518 759 4575 sibi
794 4517 945 4573 bello
979 4518 1115 4573 fecit
1144 4516 1484 4584 subditam;

365 4609 618 4667 Atticam
653 4622 886 4679 quoque
916 4605 1169 4661 obtinuit
1198 4622 1330 4661 cum
1362 4605 1579 4660 Euboea
1614 4623 1626 4659 :

366 4701 552 4769 Atque
575 4700 640 4751 ut
672 4695 878 4767 paucis
909 4711 1029 4751 rem
1064 4694 1257 4749 verbis
1288 4695 1615 4765 expediam,

367 4785 597 4857 integro
629 4785 893 4839 nondum
929 4783 1303 4856 praeterlapso
1336 4800 1487 4839 anno

367 4892 473 4929 eoa
502 4874 679 4930 simul
713 4873 855 4929 ditio
886 4878 1060 4945 atque
1092 4873 1336 4929 occidua

366 4969 566 5020 nostra
598 4964 656 5019 in
692 4963 957 5020 Latinum
992 4964 1170 5019 cessit
1198 4964 1592 5019 dominatum.

366 5052 602 5108 Alexius
632 5053 907 5125 posthinc
933 5051 1097 5108 exsul
1140 5053 1462 5124 imperator

369 5168 502 5207 cum
538 5152 597 5207 in
630 5150 897 5207 Latinum
933 5151 1330 5208 marchionem
1364 5151 1732 5218 incurrisset,

368 5242 604 5296 exuitur
632 5240 850 5296 invitus
881 5241 1114 5313 imperii
1143 5240 1522 5313 insignibus:

369 5336 494 5385 tum
528 5332 597 5386 ad
634 5331 980 5402 Hesperium
1009 5330 1150 5386 salsi
1181 5330 1333 5387 aeris
1364 5332 1557 5384 locum

370 5420 647 5490 mittitur,
684 5425 747 5474 ut
778 5420 958 5475 vitam
989 5419 1067 5473 ibi
1110 5436 1275 5474 suam
1309 5418 1632 5488 clauderet,

368 5526 485 5563 non
519 5509 646 5564 sine
672 5509 1057 5580 Euphrosyne
1089 5509 1341 5579 conjuge
1373 5507 1596 5579 regina,

372 5599 566 5654 sedem
602 5598 852 5654 fortunae
882 5613 1204 5668 congruam
1238 5595 1455 5652 sortiti.

373 5687 617 5743 Caesaris
646 5691 844 5742 autem
880 5685 1193 5755 stipatores
1226 5685 1392 5757 regii,

374 5777 601 5832 strenui
630 5776 759 5847 viri,
789 5775 994 5847 stirpis
1026 5790 1317 5846 generosas

2039 564 2094 631 Α
2301 567 2409 631 Τῆς
2442 560 2668 619 Ἰταλῶν
2701 560 2880 635 ἔμεινε
2909 557 3260 636 κυριαρχίας.

2298 651 2603 726 Μαρκέσιος
2634 649 2690 705 δὲ
2717 651 2814 712 τὰς
2842 651 2977 723 πρὸς
3008 650 3234 723 ἑσπέραν
3268 645 3462 709 πόλεις

2297 741 2479 815 Αἳρῶν
2517 741 2691 815 ὑπῆγε
2717 744 2796 811 τῷ
2825 740 3009 811 κράτει
3039 742 3145 791 τῶν
3181 734 3449 807 Λατίνων,

2296 836 2481 904 ’Έχων
2507 827 2783 904 ποδηγούς
2814 849 2963 889 τινας
2996 827 3055 881 έκ
3080 831 3190 881 τῶν
3224 824 3505 882 Αὐσόνων.

2116 928 2259 982 7275
2298 928 2446 981 Λέων
2480 926 2537 981 δὲ
2569 928 2814 1003 Σγουρὸς
2850 925 3183 989 ὑποκαθίσας
3216 923 3388 998 λόχον

2299 1016 2385 1072 Ἐν
2419 1013 2809 1090 Θερμοπύλαις
2843 1017 3097 1079 Ἀττικῆς
3129 1018 3210 1086 τῷ
3244 1010 3456 1087 χωρίῳ.

2301 1106 2443 1177 Πρός
2477 1102 2633 1174 δῆθεν
2667 1104 2973 1179 ἀντίμαχον
3006 1102 3238 1158 Ἰταλῶν
3274 1100 3486 1175 μάχην.

2300 1191 2480 1264 Μηδὲν
2514 1192 2572 1249 δὲ
2600 1194 2841 1269 γενναῖόν
2869 1214 2921 1248 τι
2948 1192 3039 1247 καὶ
3072 1191 3274 1268 δράσας
3303 1191 3450 1253 ὅλως

2299 1283 2536 1347 Ἐκεῖθεν
2570 1283 2647 1345 εἷς
2680 1284 2945 1357 Κόρινθον
2970 1278 3152 1356 ᾤχετο
3178 1279 3420 1355 τρέχων·

2121 1374 2265 1427 7280
2300 1373 2399 1433 ’⁷ος
2433 1371 2585 1450 ἐξέφυ
2621 1374 2715 1445 μὲν
2746 1372 2804 1427 έκ
2832 1370 3105 1444 κλίματος
3139 1369 3422 1425 Ναυπλίου

2308 1462 2568 1535 Πατρῴας
2601 1459 2789 1537 ἄρχων
2824 1459 3047 1534 μετρίας
3075 1459 3449 1535 κληρουχίας.

2304 1549 2627 1623 Ἀνωμαλίᾳ
2653 1552 2872 1625 καιρικῇ
2904 1547 2962 1603 δὲ
3002 1546 3338 1624 πραγμάτων

2303 1644 2455 1714 Φορᾷ
2482 1660 2541 1694 τε
2562 1639 2743 1714 τύχης
2777 1640 3008 1693 ἀστάτου
3047 1637 3139 1692 καὶ
3162 1636 3423 1712 συγχύσει

2304 1728 2415 1784 Ἀεὶ
2446 1729 2656 1802 προϊὼν
2689 1726 2747 1782 ἐκ
2782 1731 2981 1802 μικροῦ
3019 1728 3186 1801 μέγας
3219 1724 3338 1803 ἔφυ·

2123 1822 2266 1876 7285
2306 1820 2563 1889 Ληῗζεται
2593 1816 2650 1873 δὲ
2679 1819 2767 1873 καὶ
2801 1817 3110 1892 Βπρινθίων
3144 1816 3332 1886 πόλιν,

2046 1942 2096 2004 Β
2303 1914 2506 1983 ’Ἄργος
2532 1910 2913 1984 παρεστήσατο
2941 1914 3043 1961 πᾶν
3079 1904 3409 1981 λῃσταρχίᾳ’

2308 1996 2483 2059 Τέλος
2513 1996 2912 2073 προσαῤῥάσσει
2948 1994 3006 2051 δὲ
3034 1996 3124 2051 καὶ
3149 2000 3267 2057 ταῖς
3302 1996 3575 2065 Ἀθήναις·

2307 2083 2466 2143 ’Λλλ’
2493 2086 2883 2160 ἀποκρουσθεὶς
2920 2085 3322 2160 ἀρχιποιμένος
3351 2082 3543 2160 λόγοις

2305 2179 2411 2229 Τοῦ
2437 2175 2754 2230 Χωνειάτου
2781 2173 3015 2249 Μιχαὴλ
3046 2177 3142 2228 τοῦ
3172 2172 3472 2250 πανσόφου,

2129 2276 2273 2330 7290
2302 2269 2508 2344 Θήϐαις
2538 2272 2725 2351 ἐφπμᾷ
2753 2274 2972 2347 ταχέως
3006 2268 3369 2340 ἑπταπύλοις,

2324 2363 2426 2419 Καὶ
2458 2360 2618 2417 τάθδε
2650 2363 2868 2437 συσχὼν
2902 2362 3068 2438 ῥᾷστα
3087 2367 3190 2430 τῆς
3222 2359 3410 2435 μάχης
3436 2360 3614 2432 νόμῳ,

2309 2452 2453 2526 Πρὸς
2488 2452 2761 2526 Λαρίσσης
2792 2450 2948 2524 ἔξεισι
2977 2451 3076 2513 τάς
3109 2446 3408 2521 διεξόδους,

2308 2544 2474 2605 Ἔνθα
2508 2540 2725 2617 βασιλεῖ
2750 2541 2985 2614 συνέμιῖ
3017 2539 3245 2613 Αλεξίῳ,

2306 2632 2404 2693 ’Ός
2429 2630 2730 2692 ἀπαναστὰς
2761 2630 2821 2685 ἐκ
2853 2635 3030 2706 μερῶν
3064 2627 3441 2705 προσαρκτίων

2126 2722 2270 2776 7295
2306 2719 2628 2792 Ἀλώμενός
2660 2741 2719 2775 τε
2747 2718 2881 2793 τῇδε
2910 2719 3116 2774 κάκεῖσ’
3148 2718 3223 2781 ὡς
3254 2717 3472 2788 πλάνης

2310 2808 2414 2866 Καὶ
2446 2807 2800 2872 Θετταλικοῖς
2826 2809 3054 2882 τέμπεσι
3086 2805 3423 2883 προσεῤῥύη,

2307 2900 2493 2972 Ἀγων
2530 2900 2645 2971 μεθ’
2676 2898 2839 2952 αὐτοῦ
2869 2896 3039 2952 παῖδα
3061 2897 3160 2965 τὴν
3194 2892 3484 2966 Εύδοκίαν,

2304 2993 2538 3063 *Ηνεπερ
2569 2988 2919 3062 κατηγγύησε
2946 2991 3029 3058 τῷ
3060 2989 3294 3059 Σγῡυρῷ
3321 2982 3467 3041 τότε.

2307 3082 2562 3146 Συνῆπτο
2596 3073 2652 3130 δὲ
2684 3074 2807 3151 πρίν
2838 3076 2974 3151 πρὸς
3002 3074 3180 3150 γάμου
3208 3072 3495 3128 κοινωνίαν

2124 3177 2266 3231 7300
2306 3175 2728 3250 ’Λρχηγετοῦντι
2760 3178 2868 3228 τῶν
2894 3168 3181 3247 Τριϐαλῶν
3217 3170 3493 3249 Στεφάνῳ,

2044 3305 2088 3372 C
2302 3264 2400 3325 Ὃς
2433 3259 2679 3318 ἐκϐαλὼν
2710 3260 2920 3335 ἔπεμψε
2947 3259 3101 3332 τήνδ’
3135 3260 3211 3324 εἷς
3237 3257 3495 3335 πατριδα.

2303 3351 2506 3372 τηιι
2732 3351 2821 3372 .n,
2913 3350 3202 3372 ,..,-,.,
3292 3347 3495 3372 »λιν

2303 3353 2373 3420 ᾟ
2405 3351 2617 3420 Δούκης
2648 3351 2930 3424 συνῴκησε
2958 3347 3390 3428 Μούρτζουφλος
3423 3350 3567 3413 θέσιν

2306 3440 2459 3498 Μετά
2487 3438 2737 3516 στέρησιν
2768 3439 2858 3494 καὶ
2887 3440 3121 3515 κράτους
3143 3438 3235 3494 καὶ
3264 3436 3529 3513 πατρίδος

2304 3531 2528 3587 ’Όντινα
2558 3530 2775 3604 συσχὼν
2804 3527 3048 3602 Ἀλέξιος
3080 3527 3170 3583 σὺν
3202 3525 3353 3600 δόλῳ

2128 3621 2271 3675 7305
2307 3619 2476 3689 ’Ἀναξ
2508 3618 2722 3689 πλάνης
2756 3616 2957 3674 ἄνακτα
2985 3617 3273 3689 πλανήτην
3306 3614 3423 3672 ἴσον

2306 3708 2510 3778 Ἔθηκε
2537 3706 2767 3785 τυφλὸν,
2801 3705 3064 3781 ὀμμάτων
3099 3704 3340 3783 λύχνους
3370 3700 3587 3768 σϐέσας.

2308 3798 2419 3855 Εἶτ’
2453 3797 2528 3861 εἷς
2560 3800 2810 3854 Λατίνων
2844 3797 3095 3871 ἐμπεσὼν
3130 3795 3305 3859 δεινὰς
3327 3797 3494 3871 χέρας

2308 3885 2539 3960 Δέσμιος
2580 3887 2771 3963 ἀχθεὶς
2802 3886 2877 3949 εἷς
2909 3886 3072 3941 πόλιν
3104 3887 3204 3956 τὴν
3237 3890 3331 3941 τοῦ
3360 3884 3612 3959 κράτους,

2307 3974 2467 4037 Δίκας
2496 3975 2699 4031 ὑπέσχε
2726 3979 2822 4029 τοῦ
2855 3971 2926 4029 δι’
2955 3973 3199 4049 ἀγχόνης
3234 3973 3409 4049 μόρου

2128 4066 2270 4122 7310
2306 4065 2505 4120 Ὃντιν’
2535 4064 2730 4140 ἐπῆγεν
2762 4061 3037 4139 Ἀγγέλων
3067 4061 3319 4135 ³Αλεξίῳ’

2306 4152 2400 4215 Εἷς
2429 4152 2585 4208 κίονα
2612 4152 2714 4228 γάρ
2745 4151 3001 4226 ἀναχθεὶς
3031 4152 3248 4227 Ταύρου
3283 4152 3450 4226 μέγαν

2305 4243 2542 4298 Ἐκεῖθεν
2574 4242 2891 4311 ἠκόντιστο,
2926 4244 3023 4315 φεῦ
3055 4237 3212 4310 δίκης
3247 4241 3260 4297 l
3294 4240 3443 4295 κάτω

2308 4330 2410 4387 Καὶ
2452 4325 2755 4405 συντριϐεὶς
2785 4328 3004 4385 ὤλλυτο
3041 4329 3204 4405 βιαίῳ
3238 4327 3412 4405 μόρῳ,

2308 4420 2613 4496 Μαρκέσιος
2644 4417 2700 4473 δὲ
2728 4421 2827 4489 τὴν
2856 4418 3123 4476 Βοιωτίαν
3162 4419 3388 4496 φθάσας,

2128 4522 2272 4576 7315
2310 4518 2527 4588 Ταύτην
2562 4520 2940 4593 παρεστήσατο
2965 4522 3085 4580 ταῖς
3114 4515 3491 4592 στρατηγίαις·

2311 4613 2506 4684 Κρατεῖ
2528 4609 2736 4685 προῖὼν
2770 4609 3024 4677 Ἀττικῆς
3054 4606 3146 4661 σύν
3179 4601 3403 4679 Εύϐοίᾳ.

2053 4672 2102 4735 D
2313 4672 2401 4759 ’ος
2424 4697 2475 4752 ἐν
2507 4672 2786 4775 κεφαλαίῳ
2819 4695 2877 4751 δὲ
2907 4672 3182 4769 συντεμὼν
3216 4672 3428 4773 φράσω,

2308 4788 2495 4857 Μήπω
2528 4787 3003 4863 παριππεύσαντος
3025 4780 3267 4862 ἀκριϐῶς
3287 4780 3466 4853 ἔτους,

2311 4876 2505 4948 Ἑῷον,
2542 4878 2788 4951 ἑσπέριον
2806 4874 3064 4932 Αὐσόνων
3096 4874 3271 4948 κλίμα

2130 4970 2273 5023 7320
2310 4969 2489 5022 ’Ἀπαν
2527 4968 2731 5022 ὑπεικει
2761 4971 2841 5038 τῷ
2862 4965 3045 5040 κράτει
3076 4970 3184 5021 ,τῶν
3213 4964 3480 5023 Λατίνων.

2312 5058 2479 5127 ’Ἂναξ
2507 5053 2566 5111 δὲ
2595 5057 2765 5134 φυγὰς
2798 5052 3042 5126 Ἀλέξιος
3072 5054 3164 5110 οὺν
3194 5055 3383 5131 χρόνῳ

2314 5146 2407 5208 Εἰς
2431 5143 2556 5220 ὄψιν
2587 5145 2761 5209 ἐλθὼν
2785 5144 3000 5217 Λατίνῳ
3033 5144 3351 5219 Μαρκεσίῳ,

2313 5237 2393 5292 Τὰ
2423 5230 2659 5309 σύμϐολ’
2688 5234 2943 5312 ἀφῄρητο
2972 5235 3070 5289 τθῦ
3099 5234 3331 5310 κράτους
3355 5234 3528 5303 ἄκων,

2311 5325 2407 5387 Είς
2437 5324 2686 5403 ἁλμυρὸν
2720 5322 2765 5379 δ’
2797 5319 3025 5380 ἔσταλτο
3054 5328 3242 5399 χῶρον
3276 5323 3503 5399 ἑσπέρας

2132 5419 2276 5473 7325
2313 5416 2460 5472 Ἐκεῖ
2491 5412 2693 5490 διάγειν
2725 5414 2817 5469 καὶ
2850 5411 3085 5468 διανύειν
3132 5412 3248 5487 βίον

2316 5504 2419 5560 Σὺν
2453 5505 2776 5583 Εὐφροσύνῃ
2810 5502 3023 5580 συζύγῳ
3050 5500 3319 5580 βασιλίδι,

2313 5597 2555 5671 Σχόντες
2586 5596 2730 5671 τύχη
2758 5595 3049 5673 σύμφωνον
3080 5593 3328 5668 ἀτεχνῶς
3359 5590 3548 5648 τόπον.

2310 5686 2470 5741 ’Όσοι
2506 5681 2564 5739 δὲ
2592 5685 2911 5739 συνείποντο
2940 5686 3021 5754 τῷ
3044 5681 3373 5757 στεφηφόρῳ

2308 5771 2534 5847 ’Λνδρες
2568 5773 2815 5849 μαχηταὶ
2847 5772 2937 5827 καὶ
2968 5771 3158 5845 γένους
3185 5769 3437 5845 έριτίμου

3668 435 3705 489 2
