4076 6404
342 417 452 471 273

339 542 484 598 7330
524 539 724 603 Πόλεις
757 544 1029 616 Θρᾳκικὰς
1055 541 1323 618 πατρίδας
1352 546 1680 619 κεκτημένοι

527 631 789 705 ⁸Ηροῦντο
823 634 1057 687 συνεῖναί
1090 654 1151 707 γε
1180 638 1260 705 τῷ
1292 634 1609 709 Μαρκεσίῳ,

530 719 634 775 Καὶ
665 716 903 790 δυνατήν
936 721 1186 798 σύναρσίν
1217 723 1270 776 οἱ
1301 724 1688 800 συνεισφέρειν,

528 809 627 863 Καὶ
657 807 984 886 λιπαροῦσιν
1019 811 1122 866 ὑπὸ
1151 810 1295 884 τῷδε
1322 814 1632 888 τυγχάνειν.

527 898 588 956 Ὁ
619 895 666 952 δ’
697 899 761 953 οὐ
792 899 1067 974 προσέσχε
1095 904 1164 975 τῇ
1197 898 1376 972 δεήσει
1408 906 1555 980 σφῶν
1587 899 1758 970 ὅλως,
1856 969 1862 977 η

344 997 490 1053 7335
528 997 615 1066 Μή
653 996 844 1071 χρείαν
874 995 1051 1072 ἴσχειν
1087 998 1384 1075 ῥωμαϊκῶν
1412 1001 1705 1076 ταγμάτων

522 1091 592 1141 Ἠ
620 1092 722 1155 τῆς
752 1087 881 1161 παρ’
914 1088 1093 1142 αὐτῶν
1127 1088 1366 1164 φάμενος
1395 1088 1735 1165 συμμαχίας.

518 1181 605 1237 Ὦς
638 1172 684 1230 δ’
714 1173 888 1230 ἱκέται
919 1174 1169 1249 γένοιντο
1199 1179 1286 1233 καὶ
1317 1176 1654 1235 Βαλδουίνου

517 1266 608 1329 Ὦς
638 1268 790 1342 σφίσι
816 1265 879 1320 τὸ
909 1266 1190 1340 πρόθυμον
1223 1266 1333 1343 ἥκῃ
1366 1270 1506 1343 πρὸς
1536 1268 1704 1345 πέρας
1735 1287 1750 1302 °

519 1355 618 1409 Καί
648 1376 701 1410 τι
733 1349 1035 1430 προϐαῖνον
1071 1357 1180 1432 οὐχ
1200 1357 1388 1429 ἑώρων
1418 1357 1669 1431 εῗκότων,

332 1444 488 1499 7340
523 1442 851 1517 Προσῆλθον
882 1445 1043 1519 ἀρχῷ
1074 1446 1288 1507 Μυσίας
1319 1447 1560 1519 Ἰωάννῃ,

519 1532 686 1590 Ἀσάν
714 1532 969 1606 συναίμῳ
998 1533 1089 1589 καὶ
1122 1534 1329 1609 Πέτρου
1356 1539 1465 1590 τῶν
1494 1535 1546 1606 ἐξ
1579 1533 1784 1609 Δτίμου,

518 1619 703 1697 Ἀνδρὶ
735 1626 1052 1698 στρατηγῷ,
1083 1621 1313 1698 γεννάδα
1343 1622 1624 1698 τολμητίᾳ

517 1709 699 1773 Πάσας
731 1707 1101 1788 διαφθείροντι
1131 1713 1425 1787 Ῥωμαίων
1458 1713 1652 1776 πόλεις

518 1800 710 1872 Χώρας
740 1820 800 1854 τε
830 1798 1028 1862 λοιπὰς
1056 1802 1312 1874 κειμένας
1339 1803 1476 1876 πρὸς
1508 1803 1735 1877 ἑσπέραν

329 1889 478 1945 7315
517 1890 741 1942 Σκυθῶν
775 1889 1058 1965 ὁμαιχμίᾳ
1083 1912 1143 1946 τε
1174 1892 1264 1946 καὶ
1296 1891 1590 1967 συμμαχίᾳ
1619 1911 1632 1925 ·

507 1978 607 2042 Ὃς
636 1976 917 2047 λατινικὴν
954 1979 1309 2056 ὑφορώμενος
1344 1976 1585 2054 βλάϐην,

504 2066 831 2143 Πρόσφυγας
854 2064 1052 2143 ἄνδρας
1079 2068 1331 2141 ἀσμένως
1362 2066 1707 2145 δεδεγμένος,

502 2154 647 2231 Πρὸς
676 2155 772 2219 τὰς
801 2157 1006 2212 ἑαυτῶν
1043 2157 1357 2231 ἀποπέμπει
1388 2156 1677 2232 πατρίδας,

505 2243 737 2308 Τούτοις
767 2245 1027 2309 κελεύσας
1061 2245 1189 2322 δρᾷν
1220 2270 1272 2303 τι
1302 2248 1470 2304 κακὸν
1497 2249 1759 2311 Λατίνους

321 2344 472 2401 7350
509 2342 623 2400 Οὐκ
652 2341 710 2398 εὖ
739 2344 879 2418 πρὸς
908 2341 1068 2399 αὐτὸν
1103 2343 1484 2419 διακειμένους
1509 2347 1646 2409 τέως
1681 2366 1695 2380 ⁸

513 2427 727 2495 Φόϐους
759 2429 808 2487 δ’
835 2431 1175 2497 έπισείοντας
1204 2434 1351 2508 αὐτῷ
1380 2434 1469 2490 καὶ
1505 2435 1708 2512 μάχας,

515 2523 822 2578 Ἐκπτωσιν
855 2523 1038 2598 ἀρχῆς
1068 2524 1156 2579 καὶ
1190 2524 1472 2580 σκύλευσιν
1505 2523 1789 2600 πατρίδος,

514 2611 578 2667 Εἰ
597 2611 963 2689 προσφέροιτο
999 2614 1074 2685 μή
1109 2613 1286 2691 σφίσιν
1316 2614 1392 2677 ὡς
1423 2610 1708 2677 δεσπόταις

515 2699 615 2755 Καὶ
643 2701 797 2765 πάνθ’
830 2700 1043 2756 ὐπείκοι
1072 2707 1193 2765 τοῖς
1218 2704 1346 2778 παρ’
1377 2701 1551 2757 αὐτῶν
1586 2701 1804 2778 ῥᾳδίως.

324 2791 478 2845 2355
515 2790 604 2851 Ὠς
634 2790 725 2844 οὗν
759 2788 1028 2859 ἐπανῆκόν
1059 2812 1120 2865 γε
1149 2792 1285 2867 πρὸς
1307 2791 1402 2853 τὰς
1426 2789 1690 2867 πατρίδας

510 2876 711 2940 Πόλεις
745 2876 965 2941 δυτικᾶς
997 2880 1230 2942 Αὔσονες
1259 2883 1450 2935 τοῦτον
1481 2881 1709 2954 τρόπον,

507 2968 610 3031 Τάς
638 2971 747 3022 τῶν
780 2972 1004 3042 Θρᾳκῶν
1035 2989 1095 3023 τε
1122 2968 1212 3023 καὶ
1241 2966 1572 3025 Μακεδόνων
1602 2968 1799 3031 πόλεις

509 3054 836 3133 Ἀφηνιάσαι
870 3054 1040 3130 δρῶσι
1072 3055 1315 3112 Λατίνων
1346 3058 1602 3132 κράτους,

506 3148 640 3201 Θεοῦ
671 3146 919 3222 συνάρσει
951 3145 1043 3200 καὶ
1077 3148 1279 3202 Μυσῶν
1310 3146 1582 3220 συνεργίᾳ,

324 3244 476 3299 7360
514 3241 769 3304 Πολλοὺς
792 3239 1016 3298 Ἰταλῶν
1047 3243 1507 3317 παραπέμψαντες
1544 3244 1721 3318 μόρῳ,
1817 3230 1823 3234 ί

508 3330 747 3389 Μάλιστ⁹
776 3330 1021 3393 ἐνοίκους
1051 3335 1159 3386 τῶν
1192 3329 1437 3404 διδύμων
1470 3332 1699 3408 τειχέων
1732 3353 1745 3367 ⁸

514 3419 621 3482 Οὓς
653 3417 702 3474 δ’
732 3420 797 3474 αὗ
828 3417 1071 3498 φυγάδας
1102 3419 1180 3482 εἷς
1214 3419 1377 3475 πόλιν
1412 3418 1749 3495 δεδρακότες.

517 3509 611 3563 Καὶ
645 3512 809 3563 τοῦτο
840 3508 1073 3584 τοῦργον
1106 3507 1388 3579 λατινικῆς
1420 3508 1616 3571 κακίας

514 3597 835 3671 Ἐλευθέραν
867 3594 1059 3672 ἔδρασε
1086 3603 1260 3651 πᾶσαν
1291 3599 1392 3668 τὴν
1423 3600 1563 3668 Ἕω,

330 3690 484 3745 7365
520 3688 663 3761 Πρὸς
691 3692 1010 3762 κατεπεῖγον
1041 3685 1266 3745 Ἰταλῶν
1300 3685 1670 3760 ὡρμημένων,

522 3776 623 3833 Καὶ
654 3781 789 3853 σφᾶς
819 3779 1034 3853 φρονεῖν
1070 3774 1263 3851 μέτρια
1288 3774 1472 3846 τίθησι
1502 3774 1639 3837 τέως

518 3865 661 3928 Τοὺς
690 3863 937 3923 Ἑλλάδα
968 3866 1132 3935 νῆσόν
1163 3886 1221 3920 τε
1253 3863 1509 3929 Πέλοπος
1533 3864 1684 3936 ξένην

514 3954 749 4017 Ὃπλοις
780 3954 1003 4016 έλόντας
1034 3953 1126 4009 καί
1155 3955 1664 4031 κατωφρυωμένους
1690 3973 1704 3988 ’

515 4046 664 4115 Πκὴν
693 4041 1008 4116 ’Δδριανοῦ,
1037 4041 1459 4119 Διδυμότειχον,
1488 4042 1680 4105 πόλεις

324 4137 475 4191 7370
514 4132 802 4190 Κάλλιστα
830 4132 1188 4206 κρατύναντες
1218 4133 1473 4189 Αὐσόνων
1507 4134 1721 4207 στίφος,

514 4226 785 4297 Κατεῖχον
818 4221 983 4285 αὐτὰς
1024 4220 1462 4297 συμμαχούντων
1490 4223 1580 4277 καὶ
1623 4221 1884 4297 Βλάχων,

515 4313 772 4383 Ἰωάννης
804 4310 862 4367 δὲ
894 4312 1239 4387 συντεταχὼς
1270 4309 1526 4385 δυνάμεις

514 4402 612 4456 Καὶ
646 4398 1005 4476 συμμαχίδας
1035 4398 1095 4455 ἐκ
1126 4405 1347 4466 Σκυθῶν
1381 4399 1644 4476 μυριάδας

514 4487 771 4560 Σπουδήν
799 4489 963 4555 ἐτίθει
996 4488 1257 4552 Λατίνους
1290 4489 1603 4561 λεληθέναι.

324 4582 476 4637 7365
515 4579 669 4637 Ἐπεὶ
700 4577 745 4635 δ’
776 4580 1135 4635 ἐπανάστασιν
1169 4579 1428 4635 Αὐσόνων
1466 4580 1628 4651 μάθοι

512 4668 675 4738 Ἀναξ
706 4667 931 4726 Ἰταλῶν
966 4665 1302 4729 Βαλδουϊνος
1331 4667 1422 4721 καὶ
1455 4664 1658 4741 δρᾶμα,

513 4755 744 4812 Στέλλει
777 4758 1029 4830 στρατιάν
1060 4756 1198 4831 πρὸς
1228 4754 1423 4817 πόλεις
1449 4755 1756 4821 ἀποστάσας
1787 4776 1801 4791 '

508 4847 580 4899 ’Ἡ
613 4847 843 4921 συνέσχε
868 4843 1215 4920 Τζουρουλὸν
1247 4842 1339 4898 σὺν
1367 4844 1534 4919 Βιζόῃ

513 4934 615 4990 Καὶ
643 4935 843 4997 ταύτας
873 4933 1098 5004 ὑπέταξε
1129 4932 1370 4988 Λατίνων
1398 4933 1582 5007 κράτει
1614 4950 1631 4971 ι

320 5024 471 5080 7580
507 5020 754 5097 ’Λνδρῶν
785 5025 947 5093 κενὴν
982 5020 1028 5077 δ’
1060 5021 1258 5098 εὕρηκε
1284 5022 1383 5091 τὴν
1420 5021 1712 5098 Ἀρκαδίου

509 5113 819 5191 Ῥυηφενῶν
851 5133 911 5168 τε
938 5111 1028 5167 καὶ
1056 5112 1369 5186 περιόπτων
1402 5110 1544 5186 γένει
1582 5132 1595 5146 ο

505 5203 701 5275 Ὅμως
731 5202 941 5266 ἐνόντες
971 5199 1291 5276 ἐκχυθέντες
1320 5204 1418 5270 τῆς
1452 5200 1631 5272 πύλης

508 5290 613 5348 Καὶ
647 5288 1056 5365 συμπλακέντες
1086 5288 1321 5352 Ἰταλοῖς
1353 5291 1491 5346 κατὰ
1523 5293 1737 5367 μάχην,

510 5381 819 5456 Τραπέντες
850 5379 1155 5436 άωώλοντο
1186 5380 1382 5441 πάντες
1411 5384 1493 5451 τῷ
1524 5380 1684 5458 ξίφει,

322 5471 475 5526 7385
516 5466 702 5524 Φειδὼ
732 5470 981 5527 Λατίνων
1016 5464 1249 5523 οὐδένων
1279 5465 1590 5543 εἰληφότων
1618 5490 1630 5502 ’

512 5556 670 5615 Ἀλλ’
704 5556 819 5613 οὐδ’
850 5557 1002 5618 ὁσίας
1031 5553 1194 5612 τῶνδ’
1224 5551 1387 5630 ἔτυχέ
1413 5577 1495 5618 τις
1523 5555 1688 5620 ὅλως.

512 5648 579 5702 Ἡ
607 5644 653 5701 δ’
684 5645 750 5702 αὖ
781 5668 844 5723 γε
871 5646 1043 5715 λοιπὴ
1079 5645 1304 5722 στρατιὰ
1330 5649 1442 5699 τῶν
1469 5645 1717 5703 Λατίνιον

510 5738 616 5799 Ἦς
648 5734 989 5798 Βαλδουῖνος
1018 5734 1244 5809 ἡγεμὼν
1281 5736 1421 5805 ὑπῆν
1456 5735 1585 5807 ἄναξ

1910 417 2270 474 ΟΒΒΔΗΕΒ.

2032 542 2080 606 Α
2111 540 2389 597 Thracias
2423 542 2598 598 urbes
2629 542 2880 614 patriam
2912 541 3216 611 habentes,

2124 632 2189 683 ut
2217 645 2350 685 cum
2385 630 2727 685 marchione
2759 631 3014 684 facerent
3045 627 3356 700 stipendia,

2119 716 2373 773 validam
2404 717 2517 790 ipsi
2550 720 2871 774 offerebant
2901 736 3161 790 operam,

2119 808 2364 879 ejusque
2396 807 2640 879 imperio
2672 807 3053 880 postulabant
3082 806 3328 878 obsequi
3364 825 3377 863 :

2117 896 2214 952 ille
2247 904 2437 952 tamen
2471 913 2668 969 preces
2701 914 2944 968 prorsus
2976 898 3236 968 respuit;

2116 1002 2222 1041 nec
2254 985 2365 1040 sibi
2400 986 2660 1040 Romano
2692 1002 2839 1056 opus
2871 1002 2998 1041 esse
3030 985 3220 1040 milite

2115 1073 2281 1140 dixit,
2310 1090 2417 1129 nec
2446 1073 2682 1129 illorum
2715 1082 2981 1145 expetere
3012 1074 3253 1129 auxilia.

2114 1172 2296 1228 Iidem
2328 1171 2612 1227 Balduino
2648 1172 2883 1227 fuerunt
2914 1172 3233 1244 supplices,

2112 1262 2162 1318 si
2194 1263 2341 1317 forte
2373 1261 2579 1317 ﬁerent
2607 1261 2724 1316 voti
2755 1260 2848 1315 sui
2879 1265 3178 1333 compotes
3204 1278 3216 1329 ;

2111 1367 2307 1406 rerum
2339 1366 2475 1405 cum
2506 1367 2609 1421 spe
2644 1350 2948 1405 frustratos
2982 1355 3166 1405 semet
3197 1365 3434 1404 cernere

2111 1441 2184 1495 ad
2216 1439 2430 1495 Moesia:
2462 1438 2786 1511 principem
2818 1439 3106 1495 Joannem
3138 1439 3381 1494 veniunt

2108 1529 2263 1585 Petri
2293 1527 2624 1600 Asanisque
2655 1528 2892 1584 fratrem
2926 1527 2985 1582 in
3016 1531 3212 1581 Haemo
3245 1531 3476 1593 natum,

2106 1618 2388 1674 audacem
2420 1618 2638 1685 virum,
2663 1616 3005 1672 bellatorem
3038 1621 3370 1681 strenuum,

2104 1714 2161 1764 et
2188 1713 2589 1764 Romanarum
2622 1706 2859 1762 urbium
2889 1706 3229 1778 perniciem,

2104 1813 2251 1868 quas
2275 1814 2411 1852 cum
2444 1795 2744 1867 Hesperiis
2771 1795 3036 1851 vastabat
3066 1794 3427 1867 regionibus,

2022 1911 2069 1976 B
2102 1886 2287 1941 fretus
2315 1884 2661 1957 Scytharum
2695 1884 2910 1939 foedere
2942 1887 2998 1939 et
3028 1883 3281 1939 auxiliis.

2097 1986 2154 2042 Is
2186 1989 2247 2040 ut
2281 1984 2502 2040 Latinis
2536 1984 2951 2039 detrimentum
2985 1984 3219 2050 faceret,

2094 2073 2390 2147 supplices
2419 2072 2552 2130 illos
2577 2073 2790 2145 excipit
2818 2073 3070 2128 libenter

2094 2162 2273 2232 inque
2305 2176 2474 2217 suam
2506 2159 2774 2230 singulos
2808 2159 3058 2232 patriam
3091 2159 3369 2225 remittit;

2096 2250 2383 2305 mandans
2415 2253 2479 2305 ut
2508 2249 2742 2304 damnis
2776 2249 3007 2303 Latinos
3039 2249 3360 2316 al'ﬁcerent,

2094 2355 2244 2411 quos
2276 2338 2388 2393 sibi
2420 2338 2680 2394 infensos
2708 2338 2935 2408 jamdiu
2970 2338 3215 2405 sciebat,

2093 2434 2497 2498 terroremque
2527 2426 2683 2495 belli,
2716 2426 3103 2498 direptionem
3138 2426 3361 2499 patriae,

2096 2525 2152 2572 et
2183 2516 2549 2588 principatus
2575 2517 2871 2588 jacturam
2902 2516 3219 2582 minantes,

2096 2606 2213 2661 nisi
2246 2605 2491 2660 serviret
2522 2604 2775 2660 dominis
2800 2603 3026 2659 Latinis

2088 2693 2378 2763 jussaque
2408 2697 2675 2762 prompto
2710 2691 2921 2745 faceret
2952 2690 3253 2762 obsequio.

2098 2779 2337 2837 Reversi
2366 2779 2425 2833 in
2460 2781 2709 2851 patriam
2739 2779 2980 2847 milites,
3015 2796 3164 2851 quos
3195 2778 3474 2850 diximus,

2095 2869 2344 2925 urbibus
2375 2867 2671 2939 Hesperiis
2700 2867 3076 2939 Thraciaaque
3109 2868 3284 2924 simul

2094 2958 2355 3029 itemque
2383 2958 2733 3014 Macedoniae
2766 2961 3083 3013 suaserunt

2097 3051 2163 3103 ut
2193 3064 2227 3101 ο,
2260 3046 2460 3101 Latino
2491 3045 2735 3118 imperio
2769 3044 3106 3113 deficerent,

2096 3136 2213 3191 Deo
2247 3135 2494 3204 favente,
2526 3135 2724 3190 Mcesis
2757 3134 3205 3193 auxiliantibus.

2099 3225 2276 3282 Italos
2307 3224 2524 3280 multos
2556 3224 2925 3280 demiserunt
2955 3224 3099 3279 Orco

2046 3315 2061 3338 ⁴
2106 3321 2491 3395 Didymoticbi
2525 3321 2745 3377 incolas
2776 3321 3085 3394 potissima
3120 3338 3133 3375 :

2099 3411 2243 3467 alios
2275 3410 2615 3483 Byzantium
2650 3415 2965 3481 coegerunt
2996 3410 3216 3481 fugere.

2101 3506 2293 3572 Atque
2320 3500 2442 3554 haec
2472 3501 2658 3556 caedes
2691 3500 2897 3555 Latino
2929 3500 3156 3571 ﬂagello

2102 3607 2237 3645 eoas
2268 3590 2439 3645 etiam
2474 3597 2656 3645 terras
2687 3588 2977 3658 liberavit,

2103 3680 2243 3733 dum
2275 3678 2347 3734 ad
2379 3679 2647 3749 graviora
2676 3679 2898 3733 damna
2928 3682 3245 3734 accurrunt
3276 3678 3430 3735 Itali:

2102 3773 2159 3823 et
2189 3767 2363 3824 simul
2395 3766 2530 3823 illos
2561 3767 2947 3822 modestiores
2978 3767 3237 3823 reddidit

2103 3856 2205 3927 qui
2239 3856 2387 3911 fastu
2420 3855 2555 3911 elati
2588 3854 2816 3926 Pelopis
2848 3855 3130 3911 tenebant

2104 3945 2286 4001 armis
2318 3944 2675 4017 provinciam
2710 3960 2987 4014 magnam
3014 3948 3188 4015 atque
3214 3943 3532 4000 Helladem.

2101 4031 2570 4104 Didymotichum
2606 4030 2783 4085 simul
2818 4036 2874 4084 et
2901 4030 3340 4102 Adrianopolim

2104 4119 2344 4177 Romani
2376 4118 2607 4190 egregio
2633 4117 2911 4189 imposito
2945 4119 3220 4190 praesidio

2102 4208 2525 4267 auxiliantibus
2554 4207 2887 4263 retinebant
2918 4207 3172 4264 Blachis.

2100 4300 2358 4355 Joannes
2389 4302 2585 4353 autem
2618 4296 3002 4355 contrahebat
3028 4298 3226 4368 copias

2102 4396 2276 4459 atque
2307 4387 2641 4442 accersebat
2667 4384 2937 4456 Scythica
2966 4385 3255 4450 subsidia,

2099 4478 2278 4549 idque
2308 4474 2523 4531 Latinis
2555 4473 2704 4530 clam
2740 4476 2984 4530 curabat
3015 4475 3163 4530 ﬁeri.

2098 4576 2207 4631 Sed
2240 4573 2710 4646 conspirantium
2744 4574 3132 4628 Romanorum
3167 4572 3424 4629 motibus

2101 4681 2198 4720 rex
2226 4660 2863 4734 ItalorumiBalduinus
2892 4661 3167 4734 cognitis,

2103 4754 2347 4808 militem
2381 4751 2564 4806 mittit
2595 4752 2666 4806 ad
2701 4750 2948 4807 rebelles
2981 4751 3176 4818 urbes,

2099 4860 2131 4896 a
2163 4858 2279 4914 quo
2312 4857 2443 4896 cum
2479 4840 2650 4912 Byzia
2682 4840 2912 4912 capitur
2934 4838 3249 4908 Tzurulus,

2100 4931 2590 5003 Latinoquejugo
2624 4934 2873 5001 utraque
2907 4928 3240 4998 subjicitur.

2097 5023 2314 5075 Urbem
2349 5019 2581 5075 Arcadii
2613 5019 2807 5074 cuncti
2842 5019 3224 5073 deseruerant

2099 5112 2254 5166 cives
2286 5108 2537 5181 pecunia
2567 5107 2651 5162 vel
2686 5107 2869 5178 stirpe
2902 5106 3206 5177 conspicui
3240 5122 3253 5161 :

2097 5199 2344 5270 reliquis
2374 5203 2573 5253 tamen
2608 5196 2795 5267 portis
2827 5209 3101 5267 egressus
3134 5193 3388 5266 populus

2097 5304 2357 5360 pugnam
2390 5302 2523 5341 cum
2559 5285 2720 5341 Italis
2755 5283 2965 5339 maluit
2993 5285 3397 5354 committere;

2095 5393 2297 5433 verum
2329 5374 2512 5447 fugati
2548 5390 2753 5431 omnes
2781 5374 3088 5429 caeduntur
3116 5372 3330 5445 gladio,

2096 5468 2237 5521 dum
2276 5466 2613 5520 Latinorum
2651 5464 2812 5517 furor
2844 5462 3029 5535 parcit
3058 5462 3305 5531 nemini,

2097 5573 2162 5609 ac
2197 5572 2267 5611 ne
2298 5552 2551 5626 sepulcri
2588 5552 2823 5622 quidem
2856 5553 3101 5623 gratiam
3136 5552 3361 5607 annuit.

2097 5644 2384 5715 Reliquus
2416 5646 2615 5698 autem
2652 5642 2890 5697 Latinus
2924 5642 3233 5707 exercitus,

2096 5749 2270 5805 quem
2305 5730 2629 5787 Balduinus
2660 5730 2787 5803 ipse
2818 5730 3071 5786 ducebat
3095 5729 3305 5799 Caesar,

3651 417 3723 470 27
