4076 6422
298 449 408 504 275
1514 445 1887 500 EPHREMII

2125 443 2504 496 'NOGRAPHI
3619 443 3735 498 275

305 575 377 629 ad
409 571 775 628 Orestiadem
809 571 1058 627 contulit
1090 587 1150 626 se
1183 572 1409 638 urbem,

1992 569 2048 633 Α
2255 565 2344 627 ’ορ
2356 562 2574 619 εστιάδοι
2601 560 2982 620 καταλαϐοῦσα
3013 565 3177 621 πόλιν
3190 612 3203 635 ,

310 678 568 732 namque
600 662 838 717 structis
868 661 1145 716 obsidens
1179 661 1492 733 aggeribus

2071 654 2213 708 7390
2254 653 2457 717 Ἐκεῖθί
2489 673 2593 708 που
2626 655 2840 730 χάρακα
2875 654 3120 730 βαλοῦσα
3153 655 3321 729 μένει,

314 768 546 809 summo
579 755 792 806 conatu
828 750 1128 806 nitebatur
1159 768 1383 823 capere.

2254 742 2470 812 Ταύτην
2515 742 2660 798 ἐλεῖν
2691 741 2994 799 σπεύδουσα
3023 747 3180 800 παντὶ
3215 749 3294 818 τῷ
3323 747 3533 822 τρόπῳ.

315 844 480 897 Tunc
515 841 655 895 urbs
681 838 1020 911 periclitans
1051 837 1400 908 legationem
1436 837 1612 893 mittit

2253 827 2610 905 Πρεσϐεύεται
2641 838 2769 908 γοῦν
2801 835 2835 903 ἡ
2869 835 3176 907 κακουμένη
3210 834 3373 898 πόλις

318 932 389 986 ad
421 928 803 1001 Bulgarorum
839 927 1161 999 principem
1193 927 1478 982 Joannem

2253 923 2394 996 Πρὸς
2427 922 2682 992 Ἰωάννην
2712 923 2803 977 τὸν
2830 927 3130 998 κρατοῦντα
3161 923 3519 1000 Βουλγάρων,

316 1018 580 1073 validum
613 1022 814 1088 petens
847 1016 1103 1070 militum
1137 1015 1444 1083 auxilium,

2251 1012 2357 1078 Τὴν
2393 1009 2622 1081 δυνατὴν
2655 1013 2906 1087 σύναρσιν
2939 1012 3315 1086 ἐξαιτουμένη,

318 1109 418 1179 qui
452 1125 513 1162 se
543 1107 920 1178 impendente
953 1101 1296 1160 discrimine
1327 1108 1595 1177 eriperet.

2074 1103 2216 1156 7395
2255 1099 2730 1174 Ἐπικρεμαμένου
2759 1121 2817 1156 τε
2846 1099 3101 1158 κινδύνου
3132 1102 3309 1161 λύσιν.

316 1196 418 1252 Ille
450 1197 699 1251 libenter
728 1193 1074 1265 legationem
1106 1195 1296 1249 audiit
1328 1210 1342 1248 :

2255 1191 2315 1246 Ὁ
2346 1186 2392 1243 δ’
2423 1189 2666 1262 ἀσμένως
2702 1186 2916 1245 δέδεκτο
2947 1186 3235 1263 πρεσϐείας
3268 1192 3468 1269 λόγους
3503 1211 3517 1228 ·

315 1302 569 1357 cumque
601 1284 971 1340 auxiliarium
1003 1283 1239 1355 agmine
1264 1283 1612 1355 Scytharum

2258 1279 2358 1334 Καὶ
2393 1279 2747 1353 συμμαχικὸν
2781 1281 3033 1343 σκυθικὸν
3062 1279 3250 1335 λαόὼν
3285 1284 3473 1345 στίιοος

315 1375 633 1430 exercitum
669 1373 944 1429 Latinum
973 1377 1211 1444 repente
1244 1389 1581 1444 aggressus,

2124 1397 2140 1406 -
2256 1368 2726 1432 Ἐπεισπεπαικὼς
2753 1367 2978 1426 Ἰταλῶν
3006 1375 3224 1443 στρατῷ
3249 1369 3445 1447 λάθρα,

315 1467 373 1518 in
409 1466 608 1535 fugam
647 1479 880 1517 versum
915 1462 1151 1533 penitus
1194 1459 1439 1531 devicit;

2255 1459 2465 1512 Τοῦτον
2494 1462 2799 1530 τροποῦται
2827 1458 2918 1512 καὶ
2948 1465 3076 1530 νικᾷ
3103 1461 3240 1515 κατὰ
3269 1459 3467 1534 κράτος
3499 1479 3512 1496 ⁸

317 1554 589 1625 cepitque
619 1551 816 1606 vivum
851 1550 1208 1605 Balduinum
1236 1547 1549 1620 Caesarem,

2077 1545 2221 1601 7400
2258 1549 2468 1622 Ζωγρεῖ
2494 1567 2554 1600 τε
2581 1547 2671 1601 καὶ
2703 1552 2852 1624 σιρῶν
2878 1546 3115 1624 κράτορα
3142 1545 3483 1606 Ιὴλδουῖνον

321 1731 636 1805 permultis
657 1731 936 1801 juvenem
969 1734 1244 1786 ornatum
1278 1731 1617 1800 virtutibus,

2261 1728 2533 1798 Κομῶντα
2562 1725 2804 1790 πολλαῖς
2835 1727 3040 1804 ἀρετῶν
3072 1727 3304 1798 νεανίαν,

323 1822 426 1877 sed
454 1820 806 1876 castimonia
839 1811 899 1874 in
931 1819 1137 1891 primis
1167 1836 1232 1875 ac
1255 1819 1510 1890 justitia,

2260 1812 2512 1869 Μάλιστα
2539 1819 2728 1869 πασῶν
2757 1817 3080 1894 σωφροσύνῃ
3112 1819 3203 1872 καὶ
3227 1814 3375 1894 δίκῃ,

326 1916 391 1966 ut
419 1926 549 1966 mea
580 1909 848 1981 superior
882 1907 1077 1963 retulit
1106 1908 1382 1976 historia;

2004 1945 2058 2010 Β
2259 1906 2348 2010 ἐἰς
2379 1903 2518 1982 φθὰς
2541 1907 2937 2010 προϊστόρησεν
2971 1907 3163 1962 ἂνόπιν
3193 1907 3364 1984 λόγος
3397 1930 3409 1945 ·

323 2016 501 2072 quem
534 1999 632 2054 diu
665 1995 916 2054 Ternobi
947 2007 1174 2053 earcere
1200 1993 1528 2070 (’etentum,

2004 1988 2052 2010 ³³
2259 1993 2462 2067 ’Όνπερ
2493 1988 2774 2072 καθείρξας
2808 1995 3013 2071 μακρὸν
3045 1995 3098 2051 ἐν
3125 2001 3212 2070 τῷ
3235 1993 3491 2072 Τρινόϐῳ

323 2089 765 2158 exercitumque
798 2086 1070 2158 plurimis
1103 2085 1483 2156 cruciatibus,

2082 2086 2224 2140 7405
2263 2083 2469 2158 Δράσας
2496 2102 2556 2136 τε
2587 2081 2735 2136 δεινὰ
2767 2083 2935 2158 μυρία
2963 2086 3343 2161 κακοτρόπως,

319 2177 577 2249 denique
609 2171 945 2231 miserando
978 2175 1267 2248 supplicio
1299 2173 1488 2232 affecit

2264 2173 2434 2245 Πὲρας
2467 2169 2842 2228 καθυπέϐαλεν
2875 2174 3082 2252 οἴκτρῷ
3117 2178 3331 2248 θανάτῳ

323 2266 752 2339 prmcipitatum
788 2263 1035 2335 rupibus
1066 2263 1397 2320 altissimis.

2267 2263 2394 2316 Κατ’
2425 2257 2708 2332 ἠλιϐάτων
2739 2263 3181 2338 κατακρημνίσας
3215 2264 3421 2323 τόπων.

324 2360 463 2411 Post
489 2355 644 2409 hunc
676 2354 897 2408 Latinis
932 2354 1179 2424 imperat
1211 2351 1467 2426 Byzantii

2265 2352 2396 2407 Μεθ¹
2428 2351 2486 2406 ὃν
2516 2357 2818 2427 κραταρχιῖ
2848 2350 3088 2409 Λατίνων
3117 2358 3224 2409 τῶν
3257 2355 3312 2409 ἐν
3340 2353 3501 2410 πόλει

326 2443 601 2500 Balduini
635 2443 814 2498 frater
844 2443 1081 2498 nomine
1113 2443 1335 2513 Ericus,

2270 2438 2479 2508 Κλῆσιν
2502 2437 2705 2516 Ἐῤῥῆς
2737 2440 3003 2514 σύναιμος
3032 2440 3106 2497 ὢν
3140 2440 3507 2514 ΒαΑδουΐνου,

326 2535 416 2588 vir
449 2533 596 2588 comi
631 2540 889 2604 aspectu,
923 2527 1180 2587 subditis
1213 2532 1539 2603 benivolus,

2089 2533 2233 2586 7410
2273 2527 2443 2603 Ἀνὴρ
2475 2527 2689 2604 ἱλαρὸς,
2724 2530 2958 2602 εὐμενὴς
2986 2531 3274 2605 ὑπηκόοις,

327 2627 384 2678 et
414 2621 592 2678 simul
627 2622 793 2677 fortis
825 2622 939 2675 dux
968 2626 1025 2675 et
1058 2621 1383 2690 animosus,

2270 2619 2416 2693 Πρὸς
2449 2616 2508 2673 δὲ
2537 2621 2843 2694 στρατηγὸς
2878 2620 3157 2689 εὐσθενὴς,
3188 2620 3525 2694 τολμητίας,

328 2716 503 2783 atque
536 2711 606 2766 ad
639 2711 878 2766 ciendas
909 2723 1137 2782 pugnas
1171 2712 1608 2782 paratissimus.

2270 2703 2606 2786 Ὀξύρῥοπός
2633 2726 2694 2762 τε
2722 2709 2860 2782 πρὸς
2894 2709 3077 2783 μάχας
3105 2709 3426 2766 ἀντιπάλων
3455 2731 3468 2744 ο
3491 2779 3496 2782 _

327 2802 434 2857 Hic
463 2801 670 2858 habuit
700 2801 926 2857 Graecos
962 2795 1177 2858 milites
1211 2801 1588 2873 fortissimos,

2272 2797 2373 2854 Καὶ
2405 2799 2742 2873 στρατιώτας
2770 2797 3025 2872 γεννάδας
3057 2799 3381 2875 ῥωμαλὲους

328 2910 478 2966 quos
502 2893 649 2947 bene
681 2892 971 2947 instructo
1003 2893 1239 2964 agmine
1269 2889 1543 2964 ducebat,

2271 2885 2552 2956 Ἕλληνας
2584 2885 2780 2963 ἄνδρας
2807 2891 3271 2964 συντεταγμένους
3301 2885 3467 2965 ἄγων,

330 2980 755 3053 triumphalem
790 2981 1134 3053 phalangem
1169 2987 1224 3036 et
1255 2983 1554 3041 selectam.

2090 2981 2233 3037 7415
2271 2975 2592 3032 Ἑπίλεκτον
2627 2976 2878 3054 φάλαγγα
2909 2979 2998 3032 καὶ
3028 2980 3348 3057 νικηφόρον.

330 3071 490 3126 Idem
523 3085 676 3141 saepe
707 3085 943 3140 gravem
978 3070 1114 3125 belli
1148 3068 1290 3126 lusit
1319 3071 1501 3128 aleam

2271 3070 2443 3133 Οὗτος
2477 3071 2666 3143 μάχης
2696 3068 2872 3131 αἴτιος
2900 3065 3055 3146 ὤφθη
3089 3070 3363 3132 πολλάκις

327 3176 464 3216 cum
498 3163 894 3214 Romanorum
930 3157 1192 3232 principe
1224 3161 1526 3228 Lasca‘re‘o,

2268 3163 2386 3214 Τῶν
2417 3157 2668 3216 Αὐσόνων
2703 3160 2889 3212 ἄνακτι
2919 3162 2999 3231 τῷ
3032 3161 3359 3235 Λασκαρίῳλ

331 3252 681 3318 nostrasque
713 3247 887 3302 urbes
917 3241 1068 3318 cepit
1099 3254 1154 3303 et
1186 3242 1541 3322 provincias,

2017 3311 2054 3326 ﬂ
2271 3250 2369 3305 Καὶ
2401 3255 2549 3324 σφῶν
2579 3252 2954 3321 παρεστήσατο
2988 3251 3174 3326 χώρας
3205 3253 3293 3308 καὶ
3323 3251 3517 3317 πόλεις

331 3337 514 3393 animi
547 3311 890 3392 fortitudine
921 3311 1462 3410 et-copia-militum
1501 3311 1541 3396 ε’

2013 3311 2054 3378 C
2274 3311 2480 3410 [ΙλήΘέι
2513 3311 2767 3414 στρατιᾶς
2797 3311 2885 3394 καὶ
3135 3311 3418 3418 προθυμίᾳ
3447 3361 3461 3378 ·

331 3427 610 3483 Lentiana
643 3442 852 3496 nempe
882 3426 1087 3482 urbem
1121 3445 1186 3483 ac
1219 3429 1618 3500 Pocmaneum,

2095 3433 2238 3487 7420
2276 3429 2539 3484 Λεντιανά
2561 3449 2638 3501 τε,
2673 3430 3025 3502 Ποιμανηνὸν
3053 3431 3150 3493 τὰς
3177 3430 3369 3492 πόλεις

337 3515 596 3588 Ochyras
629 3531 863 3586 quoque
893 3515 1076 3572 armis
1107 3513 1406 3587 superavit
1437 3535 1450 3574 :

2276 3518 2382 3574 Καὶ
2411 3520 2507 3582 τὰς
2537 3517 2780 3593 Ὀχυρᾶς
2809 3521 3229 3594 καταπορθήσας
3263 3520 3417 3596 μάχῃ
3454 3540 3468 3554 '

337 3605 554 3677 quibus
584 3605 641 3659 in
675 3605 1098 3660 certaminibus
1129 3611 1250 3662 tres
1280 3608 1579 3678 perierunt

2277 3609 2405 3671 Καθ’
2429 3609 2490 3676 ἣν
2521 3605 2676 3682 τριάς
2709 3605 2924 3663 ὄλωλεν
2955 3608 3167 3683 ἀνδρῶν
3198 3615 3280 3682 τῷ
3311 3610 3472 3689 ξίφει,

334 3693 640 3749 nobilitate
671 3697 726 3746 et
757 3689 967 3764 opibtis
998 3691 1264 3766 insignes
1289 3691 1416 3762 viri,

2277 3700 2624 3774 ΙΙανιυγενῶν
2654 3715 2713 3753 τε
2741 3698 2831 3752 καὶ
2863 3697 3175 3772 περιόπτων
3213 3700 3341 3775 βίῳ,

332 3781 725 3837 Dermocrites
756 3779 858 3851 qui
894 3776 1013 3836 dux
1043 3789 1167 3838 erat
1196 3786 1521 3855 exercitus;

2277 3785 2654 3862 Δερμοκαΐτης
2686 3787 2907 3861 ἡγεμὼν
2942 3790 3382 3863 στρατευμάτων,

332 3875 390 3926 et
421 3869 786 3925 Andronicus
816 3877 988 3940 gente
1019 3869 1381 3944 Palaaologus

2097 3880 2240 3934 7425
2277 3874 2679 3949 Παλαιολόγων
2711 3874 3060 3951 Ἀνδρόνικος
3089 3875 3150 3931 ἐκ
3173 3875 3364 3950 γένους

333 3959 428 4014 cui
463 3955 672 4029 nuptui
706 3958 896 4014 Cmsar
927 3958 1153 4016 lrenem
1186 3963 1512 4020 tradiderat

2279 3962 2534 4040 Γαμϐρὸς
2561 3969 2887 4040 κρατοῦντος
2915 3963 2994 4027 είς
3023 3965 3268 4038 Εἰρήνην
3297 3965 3581 4044 τυγχάνων

334 4051 616 4120 majorem
652 4053 787 4103 natu
824 4043 1004 4104 filiam
1039 4053 1094 4105 et
1122 4051 1567 4123 charissimam;

2278 4056 2395 4123 Τὴν
2426 4052 2785 4128 πρωτόπαιδα
2816 4053 3081 4132 φιλτάτην
3115 4043 3433 4130 Θυγατὲρων
3455 4074 3469 4090 ·

337 4139 592 4209 denique
625 4155 781 4192 unus
813 4155 844 4193 e
871 4137 1118 4194 Caesaris
1152 4139 1452 4198 fratribus.

2280 4143 2426 4217 Πρὸς
2455 4141 2640 4197 τοῖσδε
2666 4138 2831 4198 τοῢδι
2859 4144 2951 4197 καὶ
2982 4143 3162 4220 φίλων
3193 4145 3269 4206 εἷς
3299 4145 3605 4220 συγγόνων.

337 4227 594 4299 Byzantii
625 4227 942 4298 imperium
973 4229 1259 4283 retinente
1289 4227 1484 4285 Errico

2281 4231 2446 4308 Ἐῥρἤ
2479 4236 2808 4307 κρατοῦντος
2835 4231 3001 4288 τοῦδε
3028 4240 3129 4302 τῆς
3161 4232 3562 4289 Κωνσταντίνου

338 4315 586 4370 Latinus
617 4316 860 4385 quidam
892 4313 1162 4387 Pelagius
1195 4311 1534 4389 cardinalis,

2099 4323 2243 4378 7430
2281 4319 2550 4395 Πελάγιός
2578 4339 2661 4382 τις
2689 4320 2995 4395 ἀρχιθύτης
3027 4322 3265 4378 Λατίνων

339 4405 518 4459 homo
544 4406 913 4469 temerarius,
946 4408 1315 4475 contemptor
1344 4405 1564 4477 legum,

2281 4400 2630 4476 Θερμουργὸς
2663 4403 2824 4476 ἀνὴρ,
2861 4401 3172 4477 ὑπερόπτης
3190 4407 3300 4459 τῶν
3331 4404 3518 4475 νόμων
3551 4404 3689 4476 (78),

345 4509 378 4546 a
407 4508 558 4563 papa
589 4491 812 4545 missus
844 4491 901 4544 in
937 4491 1155 4562 regiam
1192 4494 1563 4564 metropolim

2282 4491 2428 4564 Πρὸς
2461 4489 2614 4544 πάπα
2642 4491 2910 4568 πεμφθεὶς
2936 4491 3011 4554 εἰς
3043 4491 3206 4547 πόλιν
3241 4490 3520 4568 βασιλίδα,

344 4585 628 4651 tanquam
661 4580 890 4650 legatus
922 4596 1068 4635 suus
1098 4584 1156 4635 et
1189 4593 1460 4639 summus
1491 4586 1728 4656 praesul,

2284 4581 2373 4641 Ὡς
2404 4581 2792 4654 ποιμενάρχης
2823 4581 2913 4634 καὶ
2947 4580 3168 4655 λεγάνος
3197 4584 3294 4635 τοῦ
3324 4582 3501 4648 πάπα,

348 4671 527 4742 digna
557 4669 828 4724 mittente
859 4685 1174 4740 aggressus
1207 4672 1592 4742 committere,

2028 4695 2075 4758 D
2285 4669 2634 4758 Ἐνημμὲνος
2667 4666 2852 4758 δίκαια
2876 4673 2975 4725 τοῦ
3006 4671 3389 4747 πεπομφότος,

350 4756 671 4814 monachos
701 4774 906 4813 omnes
937 4764 1114 4829 atque
1144 4757 1499 4829 sacerdotes,

2028 4756 2062 4758 ί
2109 4759 2252 4814 ’7435
2292 4756 2495 4820 Ηάντας
2525 4757 2840 4827 θυηπόλους
2870 4779 2929 4813 τε
2957 4759 3048 4813 καὶ
3083 4759 3465 4833 μονοτρόπους

350 4852 638 4919 quotquot
668 4847 1002 4904 incolebant
1030 4849 1517 4921 Constinopolim,

2288 4846 2597 4922 Οἷ’κήτορας
2633 4844 2824 4922 ἔδρασε
2851 4851 2951 4917 τῆς
2982 4849 3397 4904 Κωνσταντίνου

351 4935 528 5008 ccepit
551 4952 757 4992 vexare
783 4941 840 4992 et
869 4937 1202 4994 carceribus
1231 4937 1504 4996 claudere

2289 4935 2553 4991 Πάνδεινα
2581 4937 2720 4991 κακὰ
2746 4937 2838 4991 καὶ
2862 4936 3156 5012 καθείρξεις
3189 4933 3425 5001 ἀτόπους
3455 4945 3457 4948 ⁴

355 5027 428 5081 ob
460 5032 834 5082 controversa
865 5025 1141 5100 dogmata
1171 5027 1472 5100 ritusque;

2291 5024 2467 5099 Χάριν
2499 5024 2634 5089 ἐθῶν
2658 5046 2717 5080 τε
2747 5024 3042 5100 δογμάτων
3072 5022 3402 5103 ἀμφιϐόλων
3435 5043 3449 5060 ’

356 5131 530 5186 quam
565 5131 688 5169 rem
719 5121 954 5186 gravate
981 5127 1250 5188 aegreque
1282 5117 1547 5176 ferebant
1577 5120 1754 5190 cives,

2290 5117 2357 5172 ’Ὁ
2385 5113 2452 5184 δὴ
2487 5113 2666 5186 λύπην
2696 5114 2919 5193 ἤνεγκεν
2952 5123 3136 5180 ἀστοῖς
3163 5115 3255 5172 καί
3289 5118 3480 5193 βάρος,

358 5203 676 5276 praesertim
709 5201 1019 5274 optimates
1049 5223 1115 5261 ac
1147 5210 1447 5263 senatores
1484 5219 1497 5265 ε

2113 5206 2256 5261 6440
2295 5202 2550 5261 Μάλιστα
2573 5210 2690 5267 τοῖς
2713 5203 3020 5280 προῦχουσι
3052 5206 3142 5262 καὶ
3172 5210 3292 5270 τοῖς
3324 5206 3375 5261 ἐν
3407 5202 3558 5260 τίλιὶ
3595 5224 3607 5238 °

356 5293 457 5365 qui
487 5293 753 5348 Erricum
786 5294 1068 5350 adeuntes
1100 5295 1514 5367 imperatorem

2293 5293 2360 5350 Οἳ
2391 5293 2531 5368 πρὸς
2562 5293 2652 5348 τὸν
2683 5294 2881 5370 Ἐῥρἦν
2913 5296 3008 5350 τὸν
3035 5297 3323 5372 κρατοῦντ’
3353 5293 3649 5372 ἀφιγμένοι

358 5383 512 5438 mala
541 5399 784 5438 auorum
813 5383 1191 5454 deprecantes
1222 5385 1530 5457 gentilium

2296 5385 2553 5450 ᾜτοῦντο
2585 5379 2740 5438 λύσιν
2773 5383 3056 5459 δυσχερῶν
3087 5390 3206 5440 τοῖς
3238 5383 3521 5462 φυλέταις,

360 5471 469 5526 hoc
503 5473 591 5526 usi
625 5478 765 5526 sunt
795 5487 1064 5527 sermone
1097 5475 1458 5530 conﬁdenter
1489 5493 1502 5530 :

2298 5472 2395 5526 Καὶ
2424 5469 2540 5526 τάδ’
2569 5471 2911 5546 ἐπιλέγοντες
2943 5472 2996 5528 ἐν
3027 5473 3309 5550 παρρησίᾳ
3340 5493 3352 5506 ·

358 5560 498 5627 Nos,
530 5562 870 5632 imperator,
899 5578 963 5617 ex
995 5561 1185 5616 aliena
1216 5567 1386 5633 gente

2298 5562 2387 5625 Ὠς
2419 5559 2549 5634 Πρὶν
2587 5561 2682 5632 μὲν
2715 5565 2878 5635 ἡμεῖς
2912 5561 3238 5634 ἀλλοδαπῆς
3273 5563 3333 5618 ἐκ
3360 5558 3578 5632 φύτλης

434 5779 546 5851 (78)
578 5779 767 5835 Verba
795 5781 937 5833 sunt
965 5775 1328 5833 schismatici
1360 5777 1618 5834 hominis
1649 5785 1706 5835 et
1735 5797 1768 5834 a
1798 5779 2116 5851 pontificiis
2144 5779 2409 5851 partibus
2441 5778 2636 5835 alieni.
