4076 6410
308 427 423 481 277
1849 431 2217 487 CBSARES.

302 553 453 607 7445
492 548 725 620 Φύντες,
762 548 1012 623 βασιλεῦ,
1043 551 1134 606 καὶ
1165 558 1341 625 νομῆς
1376 553 1661 629 ἐλευθὲρας

496 636 733 700 νᾹλλοις
774 640 822 693 τ’
853 637 1066 711 ἐθίμοις
1098 641 1229 716 παρ’
1258 643 1401 715 ὑμᾶς
1423 645 1784 718 κεχρημένοι.

497 732 605 783 Σοῦ
632 727 784 797 πλὴν
820 726 1036 792 ἑκόντες
1067 728 1302 805 ὑπετάγη
1316 752 1408 804 μιν
1441 732 1652 808 κράτειο

496 818 599 874 Καὶ
632 820 955 890 σωματικήν
986 817 1215 873 ἐκτίνειν
1250 819 1566 897 ὑπουργίαν,

494 907 571 965 Οὐ
602 908 977 981 πνευματικὴν
1010 910 1256 983 ψυχικὴν
1284 910 1594 981 κοινωνίαν,

306 1009 457 1063 7450
497 1008 675 1079 Ἥμᾶς
703 1007 1135 1080 παρεσχήκαμεν
1168 1007 1365 1070 αὐτούς
1396 1028 1482 1063 σοι
1510 1010 1677 1084 τάχα.

491 1097 563 1152 Ἤ
593 1099 725 1170 γοῦν
755 1095 826 1151 τὰ
855 1092 1008 1149 δεινὰ
1038 1093 1204 1151 λῦσον
1237 1100 1372 1169 ἡμῖν
1400 1098 1619 1168 ιύθᾶως,

496 1190 569 1239 ’Ή
599 1185 789 1260 χειρὸς
821 1182 1098 1239 ἀπόλυσον
1124 1186 1199 1247 ὡς
1231 1184 1549 1261 ἐλευθέρους

490 1270 951 1349 Παλινδρομῆσαι
982 1273 1120 1349 πρὸς
1147 1276 1325 1347 νομὰς
1352 1280 1461 1331 τῶν
1494 1274 1777 1331 Αὐσόνων.

487 1365 670 1419 Ταῦτα
701 1360 970 1425 Βασιλεὺς
1003 1362 1246 1437 εὐμενῶς
1280 1362 1624 1441 δεδεγμὲνος,

309 1456 461 1509 7455
498 1453 595 1509 Καὶ
628 1450 903 1527 Πελαγίου
926 1452 995 1525 μὲ
1024 1451 1279 1515 θέλοντος
1313 1451 1565 1530 λεγάτου,

491 1543 603 1611 Τήν
639 1543 921 1618 συμφορὰν
956 1538 1156 1596 λέλυκε
1183 1546 1299 1605 τοῖς
1331 1555 1771 1619 καθειργμινοις,

492 1630 786 1702 Δεσμὼτας
816 1629 974 1707 ἀφεὶς
997 1630 1088 1685 καὶ
1118 1633 1254 1693 νεὼς
1286 1633 1485 1707 βατοὺς
1508 1631 1687 1699 ὅλοις.

494 1722 676 1776 Ταῦτα
710 1718 808 1791 μὶν
840 1718 986 1773 οὕτω
1017 1715 1363 1791 συμϐέϐηκεν
1396 1722 1448 1777 ἐν
1481 1720 1665 1779 πόλει·

490 1807 624 1881 Εἶμι
657 1806 715 1863 δὶ
747 1807 943 1863 λοιπὸν
977 1809 1114 1883 πρὸς
1141 1815 1476 1884 κρατοῦντας
1517 1811 1792 1882 Αὐσόνων,

302 1901 455 1955 7460
495 1899 592 1952 Καὶ
620 1897 689 1953 τὰ
718 1898 857 1952 κατᾶ
886 1904 1022 1974 σφᾶς
1052 1900 1331 1973 ἱστορήσω
1360 1905 1440 1973 τῷ
1470 1900 1643 1978 λόγῳ.

487 1988 576 2049 Ὡς
607 1984 699 2040 οὖν
732 1984 878 2045 ἑάλω
907 1991 1026 2048 τοῖς
1060 1985 1294 2051 Ἰταλοῖς
1324 1991 1358 2058 ἠ
1390 1989 1579 2059 πόλις,

484 2073 769 2149 Θεόδωρος
803 2075 900 2148 μὶν
934 2076 963 2130 ὁ
998 2078 1275 2153 Λάσκαρις
1303 2078 1611 2150 τούπίκλην

488 2166 588 2221 Ὃν
620 2159 870 2240 γαμϐρὸν
904 2164 1168 2239 ἰγνώρισε
1198 2173 1531 2242 κρατοῦντος
1562 2169 1724 2246 λόγος

488 2256 699 2329 Ἀπῆρε
727 2254 978 2331 προφθας
1012 2253 1181 2319 τῆσδε
1210 2255 1303 2310 σὺν
1334 2257 1625 2333 ὁμοζόγῳ,

304 2346 460 2400 ’7465
497 2343 595 2397 Καὶ
626 2339 952 2399 καταλαϐὼν
982 2346 1082 2412 τὴν
1115 2346 1356 2400 Νικαέων
1381 2345 1543 2401 πόλιν

485 2434 800 2506 Ὀμευνὲτιν
830 2432 1064 2509 φίλτατα
1093 2433 1216 2508 τῇδ’
1247 2435 1533 2511 ὲνεισάγει·

488 2522 659 2583 Αὐτὸς
694 2520 752 2577 δὲ
784 2526 1029 2593 Προῦσαν
1077 2525 1261 2599 χωρία
1290 2526 1348 2579 τὲ
1372 2525 1431 2580 τὲ
1461 2528 1615 2603 πέριξ

493 2609 817 2686 Περιπολῶν
853 2608 1031 2673 ἄλλας
1060 2633 1118 2666 τε
1146 2613 1340 2686 κώμας
1369 2615 1461 2669 καὶ
1493 2614 1708 2688 πόλεις,

496 2697 643 2771 Τῷδ²
674 2700 881 2755 εὐνοεῖν
914 2699 1095 2765 ἔπειθε
1122 2700 1285 2757 τάσδε
1313 2708 1431 2765 τοῖς
1459 2703 1668 2780 λόγοις,

301 2802 456 2856 7470
497 2798 597 2855 Καὶ
630 2793 775 2852 τόνδ’
805 2793 953 2874 ἔχειν
987 2796 1185 2855 ἄνακτα
1211 2798 1478 2871 δεσπότην
1517 2802 1705 2875 μόνον·

504 2887 600 2942 Καὶ
628 2892 739 2943 τῶν
770 2887 909 2942 κατά
994 2892 1021 2907 ⁹
1128 2886 1183 2943 ’δ
1377 2892 1390 2911 ⁸

928 2908 1056 2943 νσιυν
1088 2909 1148 2943 ου
1189 2887 1337 2952 όλως
1366 2890 1686 2969 αμαρτάνιι’

490 2975 711 3031 Πολλοῦ
741 2979 845 3050 γὰρ
878 2974 1038 3031 οὔπω
1061 2975 1518 3054 παραδραμόντος
1550 2983 1760 3056 χρόνου

501 3065 833 3121 Καθίσταται
857 3063 925 3135 δὴ
971 3066 1228 3142 βασιλεύς
1261 3068 1617 3146 αὐτοκράτωρ

505 3156 652 3231 Πρὸς
681 3155 1067 3229 ποιμενάρχου
1100 3157 1339 3231 Μιχαὴλ
1375 3158 1690 3233 βυζαντίδος

308 3249 458 3302 7475
498 3246 652 3318 Ἀρτι
687 3239 954 3305 λαϐόντος
980 3247 1079 3314 τὴν
1114 3243 1224 3300 λεὼ
1254 3245 1569 3323 προεδρίαν,

495 3336 578 3407 Τῇ
611 3332 873 3410 βασιλικῇ
902 3340 1214 3399 ταινιωθιῖς
1242 3336 1436 3409 ταινίᾳ.

503 3425 775 3499 Λάσκαρις
805 3422 949 3479 οὕτω
988 3424 1242 3499 βασιλεὺς
1274 3424 1623 3502 δεδηγμένος

504 3509 703 3590 Σιρόδρ’
735 3512 1062 3588 ἆρῥενωπῶς
1093 3516 1427 3590 πραγμάτων
1462 3519 1825 3593 κραταρχίας,

505 3605 573 3659 ’Ἢ
610 3600 823 3675 μᾶλλον
858 3602 1028 3658 siner
1070 3602 1392 3678 βασιλικῶς,
1426 3609 1679 3679 ἡμμένος

312 3693 467 3747 7480
505 3690 718 3760 Ταύτην
750 3688 980 3760 διεῖπεν,
1013 3691 1255 3766 ἀντέχων
1287 3700 1423 3769 πρὸς
1455 3693 1745 3759 κινδύνους

502 3781 699 3855 Μάχας
729 3801 789 3836 τε
818 3778 997 3842 δεινὰς
1024 3781 1121 3844 τὰς
1150 3782 1288 3857 πρὸς
1324 3782 1559 3859 ἦχθροὺς
1600 3787 1882 3851 Λατίνουςο

509 3872 665 3943 Ἂναξ
697 3870 899 3945 ἀγαθὸς
928 3872 1020 3925 καὶ
1052 3873 1355 3949 στρατηγὸς
1388 3872 1671 3948 γεννάδας,

508 3958 844 4035 Ὀξύῤῥοπός
869 3982 929 4015 τε
957 3960 1095 4036 πρὸς
1127 3960 1309 4036 μάχας
1340 3963 1429 4017 καὶ
1460 3962 1767 4036 κινδύνους,

505 4048 869 4124 ’Υπερμαχῶν
901 4049 977 4111 ὡς
1007 4051 1268 4124 κράτιστα
1296 4059 1399 4121 τῆς
1429 4056 1786 4131 κραταρχίας,

314 4148 465 4203 7405
506 4145 922 4222 Ἀποῤῥαπίζων
952 4147 1070 4202 ἐνὸν
1103 4148 1347 4222 ποίμνης
1373 4149 1601 4220 λύκους,

506 4237 741 4311 Φρικτὸς
778 4237 881 4309 μὰν
911 4235 1157 4312 ἐχθροῖς,
1191 4241 1397 4315 ἥμερος
1431 4239 1476 4294 δ’
1510 4240 1799 4315 ὑπηκόοις,

506 4325 718 4401 Μικρὸς
745 4326 809 4383 τὸ
835 4326 1021 4399 σῶμα,
1051 4326 1199 4396 πλὴν
1237 4331 1499 4404 μαχητὴς
1530 4330 1583 4385 ἐν
1620 4331 1853 4407 μᾶχαις,

509 4415 621 4473 Ἀεὶ
652 4414 979 4489 στρατεύων,
1002 4417 1120 4475 κατ’
1152 4415 1368 4492 ἰχθρων
1397 4423 1561 4474 κινῶν
1596 4417 1749 4497 δόρυ,

505 4500 707 4576 Αὕξων,
739 4504 1032 4563 πλατύνων
1063 4506 1196 4569 τοὺς
1226 4506 1391 4582 ὅρους
1419 4514 1528 4564 τῶν
1562 4508 1845 4583 Αὐσόνων,

316 4594 468 4651 74911,
510 4594 605 4647 Καὶ
637 4590 949 4666 Ῥωμαΐδος
981 4591 1383 4668 ἀναλαμϐάνων
1416 4596 1635 4670 πόλεις,

505 4681 856 4760 Ἐλευφιρῶν
887 4705 947 4738 τι
976 4681 1141 4739 τάσδε
1169 4692 1269 4755 τῆς
1297 4684 1613 4760 τυραννίδος

505 4769 740 4835 ’Ὀολοις
771 4773 1123 4849 στρατηγίαις
1154 4795 1213 4828 τε
1242 4775 1331 4829 καὶ
1359 4777 1547 4850 μάχης
1578 4777 1755 4851 νόμῳ.

511 4859 834 4929 Φίλοικτος,
863 4863 1228 4936 ιύἐντευκτος,
1260 4860 1644 4941 ιόσπλαγχνος
1674 4867 1834 4939 πάνυ,

510 4947 904 5018 Μεταδοτικὸς,
938 4950 1278 5028 φιλοδωρίας
1306 4953 1489 5030 χάρις,

319 5051 473 5105 7495
512 5049 855 5121 Καθιιμίνον
879 5051 1081 5124 γένειον
1108 5051 1186 5115 εἰς
1213 5050 1350 5126 μέγα
1380 5054 1580 5129 φέρων,

515 5137 690 5209 Φοεὸς
724 5137 1075 5214 μιλάγχρους
1104 5140 1341 5213 μετρίως
1375 5142 1437 5196 οὐ
1454 5145 1590 5217 πρὸς
1627 5142 1814 5219 βάθος,

515 5225 763 5296 Ἔρωτος
790 5226 997 5298 ἥττων,
1030 5227 1382 5304 ἀφροδισίων,
1414 5231 1617 5306 χόλου,

516 5314 779 5389 Μακροὺς
806 5315 1041 5381 ἀνατλὰς
1063 5317 1347 5382 κινδύνους
1378 5320 1467 5375 καὶ
1496 5321 1772 5395 καμάτους

513 5404 603 5462 Ἐν
632 5410 753 5466 ταῖς
783 5407 899 5460 κατ’
932 5406 1146 5480 ἐχθρῶν
1182 5405 1486 5484 δυσμάχοις
1519 5411 1782 5485 ἀγωνίαις

332 5496 483 5550 7500
524 5493 689 5565 Χάριν
720 5491 782 5569 γέ
808 5501 1006 5550 κοινῶν
1039 5497 1373 5573 πραγμάτων
1412 5499 1693 5570 ὑπηκόων·

514 5586 581 5662 ᾪ
610 5581 773 5638 τῶνδ’
805 5584 1017 5662 ὀρείλει
1047 5592 1151 5648 πᾶς
1178 5606 1261 5650 τις
1288 5587 1513 5644 ἐκτίνειν
1540 5592 1727 5666 χάριν,

530 5673 634 5728 Καὶ
665 5672 835 5729 πάλιν
861 5676 943 5738 οἷς
976 5674 1032 5730 εὖ
1061 5676 1406 5748 ἀναθηλῆσαι
1437 5696 1634 5752 κρατος

522 5760 668 5834 Ἤδη
705 5764 974 5838 μαρανθὲν
1020 5765 1272 5823 Αὐσόνων
1301 5769 1637 5843 ἀπειργάκει.

2011 557 2065 623 Α
2096 553 2328 624 alioque
2361 568 2534 625 grege
2565 557 2624 608 et
2653 552 2835 608 libero
2869 549 3137 623 prognati

2094 643 2616 714 discrepantesque
2648 659 2681 695 a
2709 640 2918 697 vestris
2953 639 3234 695 habentes
3268 638 3439 708 ritus,

2091 736 2300 802 sponte
2334 736 2527 786 tamen
2562 735 2661 787 tuo
2695 746 2972 802 paremus
3005 726 3252 800 imperio
3283 744 3298 782 :

2090 821 2354 875 sedenim
2388 819 2776 877 ministerium
2812 819 3069 890 praebere
3099 831 3435 887 corporum.

2091 925 2206 965 non
2231 908 2587 979 spiritalium
2617 925 2811 964 rerum
2846 905 3323 964 communionem

2089 998 2362 1054 exhibere
2387 998 2491 1054 tibi
2524 997 2717 1053 hercle
2744 996 2931 1068 parati
2960 1012 3192 1051 sumus.

2089 1088 2189 1142 Vel
2225 1104 2359 1159 ergo
2393 1088 2591 1143 statim
2631 1087 2715 1142 fac
2748 1085 3038 1142 malorum
3072 1084 3285 1151 ﬁnem;

2086 1187 2175 1243 vel
2213 1186 2582 1253 manumitte,
2611 1191 2677 1241 ut
2705 1185 2873 1241 liberi
2907 1184 3208 1256 possimus

2089 1278 2160 1332 ad
2195 1276 2384 1349 gentis
2417 1282 2627 1332 nostrae
2659 1292 2877 1346 pascua
2907 1273 3135 1329 reverti.

2088 1367 2219 1421 Haec
2250 1366 2568 1435 imperator
2598 1364 2786 1420 audiit
2818 1363 3087 1431 libenter,

2086 1454 2386 1526 invitoque
2419 1454 2553 1509 licet
2582 1453 2812 1522 Pelagio
2840 1453 3054 1523 legato,

2085 1544 2316 1599 vincula
2348 1543 2537 1610 solvit,
2576 1542 2874 1599 molestias
2907 1540 3218 1612 expedivit,

2086 1634 2315 1689 cunctis
2350 1639 2545 1703 patere
2576 1648 2745 1687 sacra
2777 1629 2997 1701 templa
3026 1628 3228 1684 voluit.

2083 1728 2218 1778 Haec
2244 1722 2303 1776 in
2332 1720 2509 1793 regali
2542 1720 2916 1792 contigerunt
2946 1719 3109 1774 urbe.

2082 1813 2249 1868 Nunc
2282 1812 2352 1866 ad
2389 1812 2681 1866 Romanos
2716 1810 3010 1881 principes
3041 1805 3433 1878 transgredio,

2082 1901 2413 1973 horumque
2441 1899 2720 1955 historico
2753 1915 2844 1954 res
2876 1898 3067 1953 dicam
3100 1910 3392 1953 sermone.

2089 1992 2225 2046 Post
2254 1990 2469 2060 regiam
2504 1993 2734 2060 captam
2768 1988 2840 2042 ab
2872 1986 3031 2043 Italis
3066 1984 3435 2056 metropolim

2085 2080 2427 2134 Theodorus
2459 2078 2653 2134 dictus
2686 2081 3076 2148 cognomento
3107 2074 3393 2144 Lasearis,

2087 2185 2262 2240 quem
2294 2168 2538 2223 Caesaris
2570 2166 2753 2222 Alexii
2780 2166 3007 2222 scimus
3039 2179 3346 2236 generum,

2085 2257 2247 2312 illinc
2279 2256 2524 2314 secessit
2557 2256 2838 2312 festinans
2870 2269 3005 2311 cum
3037 2254 3286 2325 conjuge
3316 2270 3328 2309 :

2086 2364 2341 2417 cumque
2372 2346 2429 2400 in
2462 2346 2753 2402 Nieeenam
2790 2343 3149 2416 pervenisset
3180 2342 3410 2409 urbem,

2086 2437 2167 2492 ibi
2201 2436 2474 2507 deposuit
2502 2436 2812 2505 conjugem
2845 2433 3118 2489 dilectam
3156 2447 3169 2487 ε

2087 2527 2212 2597 ipse
2240 2530 2432 2579 autem
2464 2525 2710 2578 Prusam
2744 2538 2878 2577 cum
2911 2521 3054 2576 locis
3085 2520 3505 2591 circumjectis,

2084 2623 2349 2692 aliosque
2380 2638 2560 2694 pagos
2594 2636 2911 2692 peragrans
2942 2622 3001 2674 et
3030 2618 3231 2684 urbes,

2082 2712 2309 2767 idoneis
2344 2709 2590 2782 populos
2622 2707 2975 2765 conciliabat
3004 2706 3398 2774 sermonibus,

2085 2808 2149 2857 ut
2180 2818 2242 2856 se
2274 2816 2456 2855 unum
2490 2815 2685 2871 regem
2719 2797 3148 2867 dominumque
3174 2811 3492 2867 agnoscere

2085 2907 2275 2963 neque
2306 2906 2421 2945 non
2453 2904 2693 2959 compos
2724 2886 2837 2942 voti
2869 2886 2960 2941 sui
2993 2886 3123 2940 fuit.

2084 2981 2251 3035 Haud
2285 2980 2440 3035 enim
2473 2978 2644 3050 longo
2677 2976 3054 3047 praeterlapso
3087 2982 3348 3046 tempore

2086 3085 2290 3139 reapse
2320 3085 2419 3123 rex
2450 3070 2682 3121 creatur
2712 3070 2768 3120 et
2800 3065 3140 3138 imperator,

2085 3173 2340 3224 eumque
2373 3155 2618 3212 Michael
2652 3154 2987 3227 Bysantinas
3017 3152 3182 3209 urbis

2089 3265 2276 3320 nuper
2307 3246 2553 3302 sortitus
2580 3243 2925 3317 patriarchae
2957 3242 3194 3299 titulum

2089 3338 2200 3393 rite
2232 3335 2411 3409 regali
2444 3335 2681 3393 redimit
2711 3349 2944 3389 corona.

2090 3425 2359 3483 Lascaris
2390 3440 2527 3496 ergo
2554 3426 2784 3479 creatus
2815 3424 3137 3494 imperator

2089 3524 2321 3598 imperii
2354 3524 2581 3594 pondus
2610 3522 2929 3577 admodum
2960 3519 3227 3586 viriliter,

2091 3615 2210 3670 imo
2242 3614 2439 3686 potius
2472 3612 2762 3683 regaliter,
2795 3609 3099 3679 sustinuit,

2095 3713 2279 3764 semet
2310 3704 2590 3777 periculis
2614 3704 2837 3775 jugiter
2867 3702 3176 3774 objiciens,

2096 3812 2444 3869 pugnasque
2475 3811 2679 3866 graves
2708 3809 2842 3848 cum
2876 3792 3099 3847 Latinis
3131 3806 3472 3861 conserens,

2096 3904 2197 3943 rex
2228 3884 2407 3941 simul
2439 3884 2630 3938 bonus
2661 3887 2718 3937 et
2746 3882 2913 3937 fortis
2943 3882 3260 3952 imperator

2098 3977 2167 4031 ad
2202 3977 2415 4030 durum
2450 3973 2653 4028 Martis
2679 3988 2829 4043 opus
2861 3969 3296 4041 paratissimus,

2098 4071 2155 4121 et
2187 4081 2289 4136 pro
2322 4061 2621 4133 republica
2647 4066 2888 4114 strenue
2918 4060 3246 4123 decertans,

2097 4155 2270 4225 lupos
2300 4150 2434 4207 ovili
2470 4167 2571 4221 pro
2602 4149 2827 4204 viribus
2858 4148 3237 4211 submovens,

2100 4243 2373 4299 hostibus
2405 4238 2835 4303 formidandus,
2871 4236 3125 4291 blandus
3155 4234 3436 4301 subditis,

2102 4348 2341 4404 corpore
2373 4346 2550 4402 parvo
2583 4329 2685 4384 sed
2713 4328 2785 4382 ad
2820 4324 3019 4397 praelia
3049 4325 3269 4392 vivido,

2101 4433 2365 4488 lanceam
2393 4445 2625 4500 semper
2654 4430 2857 4483 contra
2887 4426 3085 4480 hostes
3117 4425 3412 4495 quatiens,

2104 4519 2355 4577 Romani
2387 4520 2532 4573 ﬁnes
2566 4514 2867 4589 proferens
2900 4514 3153 4587 imperii,

2107 4612 2282 4666 urbes
2315 4609 2520 4664 Latina
2550 4606 2808 4662 liberans
2840 4605 3153 4677 tyrannide

2105 4705 2280 4771 atque
2312 4700 2381 4754 ad
2412 4698 2727 4768 antiquum
2754 4695 3123 4750 dominatum
3156 4704 3433 4748 revocans

2104 4790 2284 4846 armis
2314 4794 2371 4844 et
2403 4786 2558 4843 vario
2590 4784 2726 4841 belli
2755 4787 3196 4856 strategemate.

2104 4881 2259 4935 Idem
2294 4882 2419 4932 erat
2450 4877 2728 4942 clemens,
2758 4874 3115 4940 misericors,
3144 4872 3351 4941 cernis,

2103 4967 2447 5038 liberalique
2479 4981 2655 5020 manu
2689 4979 2755 5019 ac
2790 4964 3071 5019 munifica
3103 4979 3116 5017 :

2103 5058 2419 5113 demissam
2451 5068 2661 5126 gerens
2690 5056 2759 5108 ad
2797 5058 3027 5123 pectora
3058 5052 3325 5117 barbam,

2104 5147 2292 5218 capite
2321 5149 2512 5215 acuto,
2546 5140 2831 5214 subnigro
2863 5141 3073 5207 colore,

2106 5238 2176 5291 ad
2205 5249 2472 5291 venerem
2506 5231 2779 5303 proclivis
2806 5234 2981 5301 atque
3014 5230 3085 5285 ad
3118 5229 3289 5286 iram.

2105 5325 2208 5380 Hic
2240 5324 2339 5379 diu
2372 5338 2579 5394 graves
2610 5319 2853 5393 pertulit
2883 5319 3114 5375 labores

2106 5414 2271 5470 duris
2302 5429 2434 5468 cum
2468 5411 2637 5466 hoste
2666 5410 2899 5465 luctans
2929 5408 3354 5465 certaminibus

2108 5520 2210 5575 pro
2244 5502 2369 5557 suis
2402 5499 2657 5556 subditis
2687 5504 2864 5572 atque
2891 5514 2992 5569 pro
3026 5498 3351 5570 republica.

2110 5591 2252 5646 iluic
2282 5599 2434 5646 cerle
2461 5606 2665 5645 omnes
2698 5589 2943 5661 gratiam
2977 5585 3283 5653 debemus,

2109 5681 2260 5753 quod
2295 5681 2411 5751 iam
2446 5679 2801 5734 exstinctum
2836 5678 3164 5734 Romanum
3197 5677 3509 5749 imperium

2110 5770 2300 5842 ipsius
2331 5786 2507 5840 opera
2537 5768 2792 5823 maxime
2823 5766 3113 5821 revixerit.

3636 424 3750 478 278
