4076 6402
362 428 471 483 279
1578 420 1953 475 EPHRBMII
1990 415 2563 474 CHRONOGRAPHI

368 554 511 608 Hinc
537 550 692 606 enim
724 549 917 604 (linear
947 563 1323 619 summopere
1350 546 1577 602 studuit

370 649 433 699 ut
462 658 530 697 ex
560 640 798 695 Oriente
832 638 1070 693 Latinos
1100 637 1356 706 ejiceret,

368 733 568 802 ibique
598 733 869 785 nostrum
904 728 1163 781 firmaret
1196 725 1530 796 imperium.

368 821 594 876 Etenim
624 817 833 881 Latini,
868 814 1213 887 prohibente
1245 814 1500 879 nemine,

371 927 484 965 non
519 907 713 963 solum
747 910 936 961 terras
968 904 1241 959 tenebant
1277 904 1568 971 occiduas,

370 1001 471 1055 sed
506 996 760 1053 Orientis
791 1009 1025 1066 quoque
1058 998 1281 1064 partem
1316 993 1655 1047 maximam.

369 1088 639 1158 Namque
670 1084 965 1157 Bythynize
998 1083 1338 1137 insederant
1369 1082 1751 1153 provinciam,

374 1174 675 1239 Lentiana,
712 1172 1131 1226 Pmmanenum
1166 1173 1342 1239 atque
1371 1168 1586 1239 Barim,

376 1261 717 1333 L0padium,
748 1264 923 1330 atque
952 1258 1240 1328 Ochyram
1271 1274 1407 1313 cum
1439 1257 1690 1313 viciniis.

372 1360 521 1425 Quin
554 1365 609 1414 et
640 1359 994 1413 devenerant
1021 1356 1436 1427 Atramyttium
1472 1372 1679 1427 usque,

372 1448 827 1518 maritimosque
857 1446 1017 1501 locos
1050 1446 1348 1517 urbesque
1379 1462 1583 1501 omnes

372 1538 598 1593 abactis
629 1536 841 1607 praedis
874 1536 983 1590 sibi
1017 1535 1498 1606 subjugaverant.

371 1628 486 1681 Nec
520 1628 718 1680 minus
750 1625 1014 1679 animum
1047 1624 1292 1680 Caesaris
1324 1625 1669 1679 mordebant

373 1716 528 1769 circa
560 1730 729 1769 suam
764 1716 911 1767 nata:
945 1712 1224 1767 ditionem
1259 1713 1621 1783 tyrannides

373 1806 515 1858 Ecce
547 1803 703 1858 enim
737 1819 912 1873 parva
942 1802 1285 1873 Sampsonis
1320 1802 1377 1857 in
1410 1800 1553 1856 urbe

374 1893 619 1963 ejusque
651 1889 802 1945 villis
832 1889 1159 1961 imperabat
1186 1890 1399 1959 Sabas;

378 1987 433 2036 et
466 1979 877 2050 Philadelphia:
907 1979 1249 2035 Theodorus
1283 1980 1510 2048 fatuus,

372 2070 554 2125 David
590 2075 921 2125 Comnenus
954 2074 1167 2123 cuncta
1198 2069 1617 2141 Paphlagonia,

374 2159 535 2213 illius
570 2159 747 2213 frater
775 2158 980 2225 Alexii,
1015 2159 1184 2227 cujus
1218 2158 1443 2229 pridem

370 2246 895 2318 Trapezuntiorum
928 2247 1133 2301 civitas
1155 2247 1371 2318 jugum
1403 2248 1646 2318 tulerat;

371 2338 465 2393 hic
500 2354 670 2409 porro
702 2336 1006 2391 dicebatur
1036 2337 1372 2391 Comnenus
1406 2354 1652 2409 magnus
1688 2356 1702 2394 :

374 2436 549 2491 ambo
581 2438 776 2489 autem
810 2433 1028 2505 proprii
1062 2435 1292 2504 generis
1322 2434 1607 2507 originem

371 2525 441 2580 ab
473 2524 807 2579 Andronico
838 2522 1063 2578 Caesare
1093 2524 1426 2592 trahebant,

368 2632 438 2669 ex
471 2614 651 2684 hujus
684 2613 805 2668 ﬁlio
840 2613 1108 2667 Manuele
1133 2614 1266 2668 sati.

372 2708 441 2757 Et
469 2704 845 2758 Theodorum
880 2702 1122 2773 quidem
1156 2713 1332 2776 atque
1362 2705 1577 2760 Sabam

373 2792 665 2856 Lascaris,
700 2792 815 2847 Deo
848 2792 1094 2858 favente,
1129 2794 1328 2847 statim
1363 2794 1520 2861 vicit,

373 2886 565 2953 Atque
594 2881 731 2936 hinc
757 2881 1015 2936 Celbiani
1048 2898 1110 2937 se
1143 2882 1279 2937 fecit
1310 2883 1636 2952 dominum,

374 2969 799 3039 Philadelphia:
828 2970 1212 3034 Maeandrius,
1245 2972 1717 3029 Neocastrorum.

377 3061 489 3115 Sed
525 3059 986 3130 Paphlagoniam
1020 3059 1232 3130 aegrius
1266 3061 1544 3131 obtinuit,

376 3154 671 3203 Comneno
702 3146 990 3202 debellato
1023 3150 1204 3203 armis
1236 3149 1452 3205 Davide
1488 3168 1501 3206 :

376 3238 532 3292 unde
563 3236 873 3308 acquisivit
902 3253 1034 3292 cum
1072 3238 1343 3293 Heraclea

374 3326 789 3394 Amastridem,
821 3327 1122 3398 Cytorum,
1156 3328 1587 3401 Cromnamque
1618 3333 1796 3389 urbes

376 3432 508 3469 cum
540 3416 937 3485 circumiectis
968 3417 1123 3488 agris
1158 3422 1333 3488 atque
1364 3419 1689 3490 oppidulis,

376 3508 432 3559 et
463 3503 905 3574 Paphlagonum
940 3505 1217 3561 dominus
1248 3506 1450 3562 evasit.

375 3593 593 3647 Turcns
624 3609 757 3648 vero
791 3592 1082 3665 ltalosque
1117 3596 1415 3667 perpetuis
1449 3598 1662 3669 proeliis

378 3698 527 3753 aagre
561 3680 867 3749 mehercle,
902 3684 1005 3738 sed
1037 3688 1234 3739 tamen
1269 3686 1502 3753 devicit,

376 3770 529 3825 vires
558 3770 828 3826 videlicet
860 3771 1231 3829 ministrante
1262 3774 1399 3831 Deo.

378 3861 489 3914 Sed
524 3861 895 3915 conturbavit
923 3862 1189 3917 animum
1219 3864 1529 3920 Lascareos

378 3948 543 4003 exsul
578 3948 808 4004 Alexius
839 3949 977 4005 olim
1011 3951 1351 4023 imperator,

376 4055 542 4093 socer
568 4038 755 4109 ipsius
787 4044 1083 4110 sceptrum
1117 4058 1275 4095 nunc
1305 4044 1581 4099 tenentis.

375 4135 603 4191 Etenim
635 4134 731 4191 ille
763 4141 896 4207 post
925 4137 1213 4193 amissum
1247 4155 1516 4211 regnum,

375 4231 441 4279 ut
472 4240 603 4280 mea
632 4225 897 4296 superior
928 4226 1130 4281 retulit
1162 4227 1427 4293 historia,

375 4314 856 4369 Thessalonicam
888 4316 1255 4369 errabundus
1288 4316 1475 4383 venit;

374 4408 550 4474 atque
581 4421 612 4457 a
644 4403 828 4458 Maria
857 4418 1068 4472 genere
1097 4402 1446 4474 Alamanna,

378 4509 506 4563 qua:
539 4492 753 4559 conjux
785 4491 974 4543 fuerat
1008 4490 1199 4544 fratris
1232 4492 1459 4559 Isaacii,

380 4597 536 4636 nunc
572 4580 630 4633 in
662 4578 1019 4634 marchionis
1053 4580 1286 4649 nuptias
1319 4589 1707 4654 concesserat,

380 4674 657 4739 exceptus
690 4672 1065 4739 peramanter
1092 4674 1149 4722 et
1180 4668 1518 4740 honoriﬁce,

382 4757 787 4812 diversabatur
818 4756 897 4811 ibi
930 4773 1063 4811 cum
1097 4774 1204 4812 sua
1236 4775 1428 4815 uxore.

379 4844 597 4899 Verum
630 4862 762 4900 cum
798 4846 1009 4900 civium
1046 4847 1273 4902 animos
1310 4852 1576 4917 tentaret,

383 4950 515 4988 mox
548 4950 680 4989 cum
714 4951 892 4989 uxore
921 4945 980 4990 et
1011 4935 1213 4991 liberis
1243 4942 1332 4991 est
1360 4940 1602 5008 ejectus.

380 5034 434 5086 Is
467 5033 536 5087 ad
569 5032 827 5087 Corinthi
860 5032 1127 5105 protinus
1158 5039 1474 5106 tyrannum

375 5126 629 5193 Sgurum
663 5122 979 5192 profectus,
1016 5124 1229 5179 fmdere
1259 5125 1518 5197 conjugii

376 5210 515 5264 huic
544 5209 878 5281 copulatam
910 5213 1157 5267 tradidit
1187 5212 1366 5268 filiam
1401 5231 1594 5270 suam.

376 5304 507 5355 Mox
538 5298 702 5353 illinc
734 5300 864 5353 navi
898 5300 1140 5355 recessit
1172 5301 1230 5355 in
1264 5302 1532 5358 [Etoliam

378 5386 450 5441 ad
481 5385 827 5441 Michaelem
862 5386 999 5441 huic
1030 5388 1431 5445 dominantem

379 5480 438 5530 et
468 5475 648 5531 simul
682 5476 876 5546 Epiro,
911 5492 1087 5547 quam
1123 5487 1375 5533 veterem
1411 5486 1653 5548 vocant;

382 5564 530 5634 (erat
561 5564 718 5620 enim
754 5563 935 5618 Alexii
969 5581 1035 5619 ex
1070 5565 1248 5620 fratre
1282 5569 1518 5638 nepos;)

385 5653 485 5706 sed
518 5654 908 5723 interceptum
944 5653 1141 5724 piratae
1176 5654 1538 5726 Langobardi

392 5741 464 5795 ad
497 5740 862 5811 Michaelem,
893 5760 1035 5798 auro
1068 5761 1333 5816 repenso,
1370 5746 1629 5802 mittunt.

2048 543 2103 607 Α
2308 538 2500 611 Τούτῳ
2528 539 2972 612 κραταρχήσαντι
3006 539 3230 616 φροντὶς
3265 537 3429 614 μυρία

2129 630 2272 685 7505
2311 630 2403 682 Ἐκ
2434 635 2531 697 τῆς
2564 628 2735 699 Ἑῲας
2765 625 3008 697 ἐξελάςαι
3040 627 3322 696 Λατίνους,

2310 717 2409 771 Καὶ
2439 718 2732 789 Ῥωμαϊκῷ
2761 714 2914 785 τὴνδ’
2948 715 3238 771 ὑποκλῖναι
3269 718 3477 791 κράτει·

2314 805 2464 862 Ἐπεὶ
2500 810 2720 859 Λατῖνοι
2752 804 3115 860 κωλυσόντων
3144 809 3213 879 τῇ
3246 805 3437 861 σπάνει

2313 896 2388 949 Οὐ
2422 893 2611 969 χώρας
2646 893 2949 967 ἐκράτησαν
2977 894 3207 969 ἑσπέρας
3241 894 3434 966 μόνον,

2313 980 2485 1040 Ἀλλά
2515 1004 2577 1057 γε
2608 986 2806 1058 μικροῦ
2837 983 2925 1037 καὶ
2963 988 3141 1056 μερῶν
3174 982 3351 1055 πάσης
3376 987 3513 1042 ”Εω.

2132 1081 2275 1135 7510
2315 1080 2412 1133 Καὶ
2438 1080 2541 1154 γὰρ
2572 1079 2836 1155 κατέσχον
2868 1082 3111 1135 Βιθυνῶν
3145 1082 3281 1136 ἅπαν
3315 1084 3476 1155 θέμα,

2312 1168 2573 1224 Λεντιανά
2598 1190 2675 1225 τε.
2708 1171 3057 1242 Ποιμανηνὸν
3090 1170 3179 1224 καὶ
3212 1172 3400 1246 Βάριν,

2313 1256 2588 1313 Λοπάδιόν
2620 1259 2669 1313 τ’
2698 1259 2762 1312 αὗ
2796 1258 3035 1335 Ὀχυρὰς
3066 1260 3155 1313 καὶ
3184 1262 3252 1314 τά
3277 1263 3452 1335 πέριξ.

2314 1346 2609 1420 Προῆλθον
2644 1349 2806 1422 ἄχρις
2839 1348 3240 1424 Ἀτραμυττίου
3268 1350 3475 1421 τόπων,

2314 1439 2415 1494 Καὶ
2448 1436 2605 1492 πάνθ’
2639 1435 2830 1498 ἁπλῶς
2861 1435 3084 1511 πάραλα
3114 1440 3321 1514 χωρία,
3351 1437 3541 1501 πόλεις

2137 1527 2279 1581 7515
2314 1526 2511 1587 Αὑτοῖς
2536 1526 2903 1596 καθυπέταξαν
2933 1524 3368 1588 ἐσκυλευκὸντες·

2320 1616 2443 1690 Οὐχ
2471 1616 2636 1684 ἧττον
2665 1614 2991 1691 ὑπὲθρσττον
3023 1613 3225 1670 ἄνακτα
3254 1616 3420 1671 πάλιν

2314 1706 2384 1760 Αἱ
2416 1704 2550 1759 κατὰ
2579 1706 2799 1780 χώρους
2831 1704 3088 1762 Αὐσόνων
3127 1703 3461 1779 τυραννίδες

2317 1794 2523 1851 Αὐτίκα
2551 1795 2642 1849 καὶ
2668 1795 2768 1870 γὰρ
2800 1798 2895 1848 τοῦ
2930 1796 3173 1868 Σαμψὼν
3201 1794 3501 1870 πολιχνίου

2317 1884 2421 1939 Σὺν
2452 1889 2569 1946 τοῖς
2601 1883 2918 1959 προσοίκοις
2939 1885 3083 1960 ἦρχε
3110 1885 3415 1957 τούπίκλην
3450 1882 3653 1949 Σάϐαςο

2133 1977 2274 2031 7520
2313 1974 2415 2031 Καὶ
2450 1970 2898 2047 Μωροθεόδωρος
2930 1972 3357 2052 Φιλαγελφείας·

2311 2058 2477 2117 Δαϐὶδ
2511 2062 2802 2134 Κομνηνὸς
2831 2062 3211 2139 Ηαφλαγονίας
3233 2062 3395 2134 ὅλης,

2312 2150 2556 2224 Ἀλεξίου
2588 2153 2854 2224 σύναιμος
2886 2149 2958 2206 ὢν
2991 2156 3089 2206 τοῦ
3120 2154 3226 2226 πρὸ
3260 2150 3479 2228 χρὸνων

2308 2242 2894 2316 Κατατυραννήσαντος
2923 2243 3396 2316 Τραπεζουντίων,

2312 2332 2499 2391 Ὀστις
2541 2329 2901 2402 ἐπωνόμαστο
2936 2332 3220 2403 Κομνηνὸς
3256 2332 3449 2405 μέγαςο

2130 2422 2274 2476 7525
2313 2422 2626 2495 Κατηγὲτην
2660 2419 2826 2497 ἄμφω
2860 2417 2917 2473 δὲ
2948 2420 3127 2495 σειρὰν
3158 2425 3256 2474 τοῦ
3285 2417 3474 2496 γένους

2310 2509 2396 2578 Ἐξ
2435 2506 2793 2583 Ἀνδρονίκου
2823 2512 2919 2563 τοῦ
2946 2503 3428 2583 βεϐασιλευκότος,

2311 2604 2405 2652 Ἐκ
2432 2595 2592 2653 τοῦδε
2622 2594 2814 2659 παίδὸς
2838 2597 3103 2666 Μανουῆλ
3136 2599 3455 2672 πεφυκότες.

2316 2686 2475 2742 Ἀλλ’
2511 2686 2756 2761 εὐχερῶς
2793 2688 2886 2759 μὶν
2920 2685 3201 2762 Θεόδωρον
3236 2684 3418 2744 Σάϐαν

2316 2778 2477 2849 ’Λναξ
2515 2776 2757 2849 μετῆλθε
2785 2782 2852 2845 τῆ
2886 2781 3020 2831 Θεοῦ
3044 2780 3360 2854 συμμαχίᾳ.

2139 2868 2285 2922 7530
2326 2866 2623 2929 Κᾶντεῦθεν
2658 2864 2810 2920 ὧπτο
2844 2860 3145 2921 Κελϐιανοῦ
3177 2864 3469 2939 δεσπότης.

2315 2952 2721 3028 Φιλαδελφείας
2752 2952 3089 3030 Μαιάνδρου,
3124 2958 3497 3032 Νεοκάστρων.

2316 3044 2413 3098 Καὶ
2447 3042 2830 3119 Παφλαγονίας
2854 3041 2911 3097 δὲ
2939 3049 3127 3120 κρατεῖ
3147 3050 3229 3117 τῷ
3258 3046 3465 3121 χρόνῳ,

2318 3135 2735 3198 Καταπαλαίσας
2767 3138 3050 3210 Κομνηνὸν
3086 3134 3251 3193 Δαϐὶδ
3288 3138 3467 3215 μάχῃ·

2320 3229 2479 3284 Ὅθεν
2513 3229 2879 3302 παρειτήσατο
2913 3226 3003 3281 σὺν
3037 3226 3337 3304 Ἡρακλείᾳ

2058 3282 2102 3344 C
2141 3328 2283 3383 7535
2323 3282 2678 3397 Ἀμάστριδα,
2709 3282 2987 3401 Ιίύτωρον,
3021 3282 3289 3402 Κρῶμναν
3311 3282 3412 3392 ἶ’.τὰς
3442 3330 3635 3393 πόλεις

2313 3415 2459 3488 Πρὸς
2480 3419 2599 3475 τοῖς
2625 3415 2779 3486 πέριξ
2814 3415 2976 3469 ἅπασι
3009 3417 3095 3469 καὶ
3122 3417 3461 3492 πολιχνίοις.

2315 3503 2412 3558 Καὶ
2438 3503 2816 3578 κατεκυρίευσε
2846 3504 2935 3558 καὶ
2973 3502 3372 3581 Παφλαγόνων,

2313 3597 2520 3664 Πέρσας
2550 3589 2597 3645 δ’
2633 3590 2878 3654 Ἰταλοὺς
2901 3597 3018 3653 ταῖς
3038 3593 3353 3669 καθημέραν
3386 3598 3594 3671 μάχαις

2313 3682 2427 3735 Ούκ
2463 3679 2705 3757 εὐχερῶς
2742 3682 2858 3753 μὲν,
2891 3680 3191 3756 ἐτροποῦτο
3224 3679 3271 3737 δ’
3301 3682 3392 3737 οῦν
3424 3684 3579 3758 ὅμως

2134 3773 2278 3827 6540
2315 3770 2499 3833 Σθένει
2531 3772 2695 3842 θεῖκῷ
2727 3770 3190 3845 ςυμμαχούμενος
3216 3772 3383 3848 τάχα,

2314 3860 2563 3933 Παρὲσχι
2589 3857 2635 3914 δ’
2661 3859 2810 3931 αὐτῷ
2833 3862 3125 3935 πράγματα
3156 3859 3452 3936 δυσθυμίας

2313 3950 2375 4005 Ὁ
2414 3950 2587 4025 φυγάς
2616 3945 2862 4021 Ἀλὲξιος
2892 3948 3141 4005 Αὐσόνων
3175 3948 3323 4024 ἅναξ,

2316 4039 2409 4092 Ὧν
2442 4038 2700 4112 πενθερὸς
2722 4037 2916 4091 τούτου
2944 4058 3003 4111 γε
3022 4043 3119 4093 τοῦ
3155 4039 3449 4114 βασιλέως,

2316 4126 2489 4187 Οὗτος
2517 4126 2618 4201 γὰρ
2652 4126 2810 4188 οὗτος
2844 4125 3085 4181 ἐκπεσὼν
3120 4130 3479 4205 κραταρχίας,

2136 4226 2280 4281 7545
2318 4222 2567 4298 Καθάπερ
2608 4223 2864 4299 ἱστόρησε
2895 4224 3097 4302 φθάσας
3130 4246 3225 4298 μοι
3258 4226 3448 4302 λόγος,

2317 4311 2640 4385 ’Δλώμενος
2670 4311 2909 4390 πὲφθακε
2939 4312 3358 4386 Θεσσαλονίκην

2320 4402 2416 4458 Καὶ
2444 4401 2581 4476 πρὸς
2609 4402 2824 4475 Μαρίας
2854 4402 3175 4477 Ἀλαμανῶν
3208 4405 3268 4460 ἐκ
3294 4406 3503 4481 γένους,

2318 4492 2390 4547 ’Ἡ
2421 4489 2549 4565 πρὶν
2580 4490 2805 4562 συνῴκει
2838 4493 3083 4565 συγγόνῳ
3108 4494 3343 4567 Ἰσακίῳ,

2319 4578 2607 4655 Μαρκεσίῳ
2638 4577 2696 4633 δὲ
2718 4583 2997 4650 τηνικαῦθ’
3028 4582 3345 4655 ὡμευνὲτει,

2064 4649 2109 4711 D
2139 4670 2281 4723 7550
2319 4649 2547 4741 "Aptata
2568 4649 2783 4743 δεχθεὶς
2808 4670 2895 4723 καὶ
2930 4649 3278 4747 φιλοφρόνως
3307 4649 3467 4731 πάνυ.

2322 4758 2531 4814 Ἐκεῖσε
2565 4753 2801 4833 διέτριϐε
2831 4756 2925 4812 σὺν
2947 4759 3017 4833 τῇ
3046 4760 3276 4836 συζύγῳ.

2320 4853 2406 4908 Ὠς
2440 4844 2485 4901 δ’
2514 4845 2579 4901 αὖ
2608 4846 2865 4901 ἀνασείων
2894 4850 2993 4917 τὴν
3022 4848 3182 4904 πόλιν
3217 4849 3497 4926 ἐφωράθη,

2320 4939 2471 5008 ’Ἅμα
2499 4935 2715 5010 γυναικὶ
2754 4936 2844 4989 καὶ
2874 4935 3081 4999 τέκνοις
3114 4938 3399 5010 ἀπηλάθη,

2325 5026 2419 5079 Καὶ
2454 5024 2593 5099 πρὸς
2623 5024 3017 5097 τυραννεύοντα
3045 5031 3155 5081 τῶν
3191 5030 3491 5103 Κορινθίων

2140 5124 2283 5177 7555
2324 5122 2562 5197 Σγουρὸν
2600 5119 2848 5197 βαδίσας,
2878 5124 3014 5199 πρὸς
3038 5128 3222 5200 γάμου
3252 5130 3541 5183 κοινωνίαν

2320 5209 2516 5283 Τούτῳ
2546 5212 2894 5287 κατηγγύησε
2922 5214 3019 5283 τὴν
3051 5216 3337 5289 θυγατέρα*

2323 5299 2571 5357 Κάκεῖθεν
2601 5300 2907 5357 ἀπέπλευσε
2930 5303 3067 5379 πρὸς
3089 5304 3364 5360 Αἰτωλίαν

2323 5391 2466 5462 Πρὸς
2490 5391 2581 5445 τὸν
2613 5392 2910 5466 κρατοῦντα
2941 5393 3172 5468 Μιχαὴλ
3201 5395 3405 5467 ταύτης
3438 5398 3581 5470 τότε,

2323 5480 2465 5553 Πρὸς
2497 5477 2540 5533 δ’
2574 5480 2638 5533 αὖ
2669 5479 2907 5543 παλαιᾶς
2939 5482 3199 5557 Ἠπείρου
3230 5484 3581 5559 κεκλημένης

2143 5568 2285 5622 7560
2327 5564 2783 5645 Πρωτεξάδελφον
2803 5576 3031 5643 συγγενῆ
3060 5568 3297 5625 πέλοντά
3330 5573 3403 5626 οἱ·

2322 5655 2623 5712 ’Βλίσκεται
2658 5653 2713 5710 δὲ
2742 5664 3021 5732 πειραταῖς
3054 5656 3442 5735 Λογγιϐάδοις,

2324 5744 2755 5817 Ἀπεμπολεῖται
2785 5746 2921 5817 πρὸς
2954 5749 3188 5823 Μιχαὴλ
3214 5749 3469 5825 χρυσίουο

3679 416 3793 470 280
