  <div class='ocr_page' id='page_1' title='image "/cluster/home/n/w/nwhite01/storage/ocr_20150623/143:no.1/coo.31924054870484/148.png"; bbox 0 0 4076 6404; ppageno 0'>
   <div class='ocr_carea' id='block_1_1' title="bbox 294 397 401 451">
    <p class='ocr_par' dir='ltr' id='par_1_1' title="bbox 294 397 401 451">
     <span class='ocr_line' id='line_1_1' title="bbox 294 397 401 451; baseline 0 0"><span class='ocrx_word' id='word_1_1' title='bbox 294 397 401 451; x_wconf 84' lang='grc'>281</span> 
     </span>
    </p>
   </div>
   <div class='ocr_carea' id='block_1_2' title="bbox 478 520 1453 601">
    <p class='ocr_par' dir='ltr' id='par_1_2' title="bbox 478 520 1453 601">
     <span class='ocr_line' id='line_1_2' title="bbox 478 520 1453 601; baseline 0.002 -24"><span class='ocrx_word' id='word_1_2' title='bbox 478 521 585 595; x_wconf 78' lang='grc' dir='ltr'>Ἐγ’</span> <span class='ocrx_word' id='word_1_3' title='bbox 613 521 801 576; x_wconf 77' lang='grc' dir='ltr'>ἱκανὸν</span> <span class='ocrx_word' id='word_1_4' title='bbox 830 525 959 597; x_wconf 89' lang='grc' dir='ltr'>γοῦν</span> <span class='ocrx_word' id='word_1_5' title='bbox 988 520 1453 601; x_wconf 78' lang='grc' dir='ltr'>ἐνδιατετριφότος</span> 
     </span>
    </p>
   </div>
   <div class='ocr_carea' id='block_1_3' title="bbox 479 610 1574 687">
    <p class='ocr_par' dir='ltr' id='par_1_3' title="bbox 479 610 1574 687">
     <span class='ocr_line' id='line_1_3' title="bbox 479 610 1574 687; baseline 0.001 -21"><span class='ocrx_word' id='word_1_6' title='bbox 479 612 613 673; x_wconf 83' lang='grc' dir='ltr'>Τοῖς</span> <span class='ocrx_word' id='word_1_7' title='bbox 639 613 738 664; x_wconf 92' lang='grc' dir='ltr'>τοῦ</span> <span class='ocrx_word' id='word_1_8' title='bbox 772 610 1009 686; x_wconf 75' lang='grc' dir='ltr'>Μιχαὴλ</span> <span class='ocrx_word' id='word_1_9' title='bbox 1040 612 1273 687; x_wconf 78' lang='grc' dir='ltr'>χωρίοις</span> <span class='ocrx_word' id='word_1_10' title='bbox 1307 610 1574 684; x_wconf 79' lang='grc' dir='ltr'>Ἀλεξίου,</span> 
     </span>
    </p>
   </div>
   <div class='ocr_carea' id='block_1_4' title="bbox 293 698 1707 780">
    <p class='ocr_par' dir='ltr' id='par_1_4' title="bbox 293 698 1707 780">
     <span class='ocr_line' id='line_1_4' title="bbox 293 698 1707 780; baseline 0 -25"><span class='ocrx_word' id='word_1_11' title='bbox 293 702 447 757; x_wconf 86' lang='grc'>7565</span> <span class='ocrx_word' id='word_1_12' title='bbox 484 701 716 770; x_wconf 74' lang='grc' dir='ltr'>Θνήσκει</span> <span class='ocrx_word' id='word_1_13' title='bbox 753 698 971 774; x_wconf 77' lang='grc' dir='ltr'>βασιλὶς</span> <span class='ocrx_word' id='word_1_14' title='bbox 1002 701 1320 780; x_wconf 83' lang='grc' dir='ltr'>Εὐφροσύνη</span> <span class='ocrx_word' id='word_1_15' title='bbox 1354 702 1491 777; x_wconf 87' lang='grc' dir='ltr'>πρὸς</span> <span class='ocrx_word' id='word_1_16' title='bbox 1523 701 1707 773; x_wconf 84' lang='grc' dir='ltr'>νόσου,</span> 
     </span>
    </p>
   </div>
   <div class='ocr_carea' id='block_1_5' title="bbox 482 788 1652 867">
    <p class='ocr_par' dir='ltr' id='par_1_5' title="bbox 482 788 1652 867">
     <span class='ocr_line' id='line_1_5' title="bbox 482 788 1652 867; baseline 0.004 -23"><span class='ocrx_word' id='word_1_17' title='bbox 482 790 580 844; x_wconf 83' lang='grc' dir='ltr'>Καὶ</span> <span class='ocrx_word' id='word_1_18' title='bbox 613 791 871 853; x_wconf 74' lang='grc' dir='ltr'>θάπτεται</span> <span class='ocrx_word' id='word_1_19' title='bbox 906 788 973 860; x_wconf 86' lang='grc' dir='ltr'>δή</span> <span class='ocrx_word' id='word_1_20' title='bbox 1003 796 1082 863; x_wconf 83' lang='grc' dir='ltr'>τῷ</span> <span class='ocrx_word' id='word_1_21' title='bbox 1110 791 1394 867; x_wconf 88' lang='grc' dir='ltr'>πολιχνίῳ</span> <span class='ocrx_word' id='word_1_22' title='bbox 1425 797 1652 867; x_wconf 81' lang='grc' dir='ltr'>Ἄρτης.</span> 
     </span>
    </p>
   </div>
   <div class='ocr_carea' id='block_1_6' title="bbox 480 876 1813 956">
    <p class='ocr_par' dir='ltr' id='par_1_6' title="bbox 480 876 1813 956">
     <span class='ocr_line' id='line_1_6' title="bbox 480 876 1813 956; baseline 0.002 -22"><span class='ocrx_word' id='word_1_23' title='bbox 480 878 658 942; x_wconf 82' lang='grc' dir='ltr'>Αὐτὸς</span> <span class='ocrx_word' id='word_1_24' title='bbox 687 876 733 933; x_wconf 85' lang='grc' dir='ltr'>δ’</span> <span class='ocrx_word' id='word_1_25' title='bbox 766 879 1001 935; x_wconf 75' lang='grc' dir='ltr'>ἀπέπλει</span> <span class='ocrx_word' id='word_1_26' title='bbox 1031 881 1169 956; x_wconf 89' lang='grc' dir='ltr'>πρὸς</span> <span class='ocrx_word' id='word_1_27' title='bbox 1201 882 1364 936; x_wconf 87' lang='grc' dir='ltr'>πόλιν</span> <span class='ocrx_word' id='word_1_28' title='bbox 1392 882 1491 950; x_wconf 81' lang='grc' dir='ltr'>τήν</span> <span class='ocrx_word' id='word_1_29' title='bbox 1528 881 1813 952; x_wconf 76' lang='grc' dir='ltr'>Ἀττάλου,</span> 
     </span>
    </p>
   </div>
   <div class='ocr_carea' id='block_1_7' title="bbox 480 968 1697 1046">
    <p class='ocr_par' dir='ltr' id='par_1_7' title="bbox 480 968 1697 1046">
     <span class='ocr_line' id='line_1_7' title="bbox 480 968 1697 1046; baseline 0 -22"><span class='ocrx_word' id='word_1_30' title='bbox 480 970 649 1024; x_wconf 77' lang='grc' dir='ltr'>’Ἑνθα</span> <span class='ocrx_word' id='word_1_31' title='bbox 677 970 974 1042; x_wconf 80' lang='grc' dir='ltr'>πεφθακὼς</span> <span class='ocrx_word' id='word_1_32' title='bbox 1003 973 1082 1040; x_wconf 82' lang='grc' dir='ltr'>τῷ</span> <span class='ocrx_word' id='word_1_33' title='bbox 1113 975 1400 1045; x_wconf 76' lang='grc' dir='ltr'>κρατοῦντι</span> <span class='ocrx_word' id='word_1_34' title='bbox 1437 968 1697 1046; x_wconf 80' lang='grc' dir='ltr'>Περσίδος</span> 
     </span>
    </p>
   </div>
   <div class='ocr_carea' id='block_1_8' title="bbox 475 1056 1455 1135">
    <p class='ocr_par' dir='ltr' id='par_1_8' title="bbox 475 1056 1455 1135">
     <span class='ocr_line' id='line_1_8' title="bbox 475 1056 1455 1135; baseline -0.001 -20"><span class='ocrx_word' id='word_1_35' title='bbox 475 1058 745 1132; x_wconf 79' lang='grc' dir='ltr'>Ἰαθατί·ιῃ</span> <span class='ocrx_word' id='word_1_36' title='bbox 778 1056 1143 1134; x_wconf 85' lang='grc' dir='ltr'>προσδέδεκτο</span> <span class='ocrx_word' id='word_1_37' title='bbox 1174 1060 1415 1135; x_wconf 78' lang='grc' dir='ltr'>γνησίως</span> <span class='ocrx_word' id='word_1_38' title='bbox 1442 1081 1455 1093; x_wconf 68' lang='grc' dir='ltr'>ι</span> 
     </span>
    </p>
   </div>
   <div class='ocr_carea' id='block_1_9' title="bbox 290 1149 1674 1228">
    <p class='ocr_par' dir='ltr' id='par_1_9' title="bbox 290 1149 1674 1228">
     <span class='ocr_line' id='line_1_9' title="bbox 290 1149 1674 1228; baseline 0.001 -23"><span class='ocrx_word' id='word_1_39' title='bbox 290 1153 436 1208; x_wconf 88' lang='grc'>7570</span> <span class='ocrx_word' id='word_1_40' title='bbox 471 1154 563 1205; x_wconf 90' lang='grc' dir='ltr'>Ὃν</span> <span class='ocrx_word' id='word_1_41' title='bbox 597 1149 758 1212; x_wconf 84' lang='grc' dir='ltr'>αὐτὸς</span> <span class='ocrx_word' id='word_1_42' title='bbox 788 1149 1122 1226; x_wconf 80' lang='grc' dir='ltr'>ἐκφεύγοντά</span> <span class='ocrx_word' id='word_1_43' title='bbox 1144 1153 1195 1206; x_wconf 85' lang='grc' dir='ltr'>τ’</span> <span class='ocrx_word' id='word_1_44' title='bbox 1225 1150 1467 1227; x_wconf 79' lang='grc' dir='ltr'>ἀδελφοῦ</span> <span class='ocrx_word' id='word_1_45' title='bbox 1506 1157 1674 1228; x_wconf 82' lang='grc' dir='ltr'>χέρας</span> 
     </span>
    </p>
   </div>
   <div class='ocr_carea' id='block_1_10' title="bbox 472 1238 1698 1316">
    <p class='ocr_par' dir='ltr' id='par_1_10' title="bbox 472 1238 1698 1316">
     <span class='ocr_line' id='line_1_10' title="bbox 472 1238 1698 1316; baseline 0.002 -23"><span class='ocrx_word' id='word_1_46' title='bbox 472 1239 571 1293; x_wconf 83' lang='grc' dir='ltr'>Καὶ</span> <span class='ocrx_word' id='word_1_47' title='bbox 614 1238 749 1313; x_wconf 86' lang='grc' dir='ltr'>πρὸς</span> <span class='ocrx_word' id='word_1_48' title='bbox 779 1240 944 1295; x_wconf 92' lang='grc' dir='ltr'>πόλιν</span> <span class='ocrx_word' id='word_1_49' title='bbox 977 1239 1186 1308; x_wconf 76' lang='grc' dir='ltr'>ἥκοντα</span> <span class='ocrx_word' id='word_1_50' title='bbox 1214 1241 1341 1315; x_wconf 82' lang='grc' dir='ltr'>πρὶν</span> <span class='ocrx_word' id='word_1_51' title='bbox 1377 1238 1698 1316; x_wconf 68' lang='grc' dir='ltr'>δεδεγμένος</span> 
     </span>
    </p>
   </div>
   <div class='ocr_carea' id='block_1_11' title="bbox 474 1327 1550 1405">
    <p class='ocr_par' dir='ltr' id='par_1_11' title="bbox 474 1327 1550 1405">
     <span class='ocr_line' id='line_1_11' title="bbox 474 1327 1550 1405; baseline -0.001 -21"><span class='ocrx_word' id='word_1_52' title='bbox 474 1336 513 1384; x_wconf 91' lang='grc' dir='ltr'>Θ</span> <span class='ocrx_word' id='word_1_53' title='bbox 541 1328 633 1383; x_wconf 85' lang='grc' dir='ltr'>τὸν</span> <span class='ocrx_word' id='word_1_54' title='bbox 664 1327 1027 1400; x_wconf 85' lang='grc' dir='ltr'>κατωνόμασε</span> <span class='ocrx_word' id='word_1_55' title='bbox 1056 1327 1224 1383; x_wconf 81' lang='grc' dir='ltr'>παῖδα</span> <span class='ocrx_word' id='word_1_56' title='bbox 1260 1329 1550 1405; x_wconf 76' lang='grc' dir='ltr'>βαπτίσας,</span> 
     </span>
    </p>
   </div>
   <div class='ocr_carea' id='block_1_12' title="bbox 477 1416 1621 1491">
    <p class='ocr_par' dir='ltr' id='par_1_12' title="bbox 477 1416 1621 1491">
     <span class='ocr_line' id='line_1_12' title="bbox 477 1416 1621 1491; baseline 0.004 -20"><span class='ocrx_word' id='word_1_57' title='bbox 477 1416 577 1471; x_wconf 78' lang='grc' dir='ltr'>Καί</span> <span class='ocrx_word' id='word_1_58' title='bbox 608 1418 661 1471; x_wconf 73' lang='grc' dir='ltr'>οἱ</span> <span class='ocrx_word' id='word_1_59' title='bbox 695 1416 937 1490; x_wconf 71' lang='grc' dir='ltr'>συνεξῄει</span> <span class='ocrx_word' id='word_1_60' title='bbox 966 1438 1029 1491; x_wconf 90' lang='grc' dir='ltr'>γε</span> <span class='ocrx_word' id='word_1_61' title='bbox 1056 1424 1160 1487; x_wconf 84' lang='grc' dir='ltr'>τῆς</span> <span class='ocrx_word' id='word_1_62' title='bbox 1194 1418 1621 1476; x_wconf 89' lang='grc' dir='ltr'>Κωνσταντίνου.</span> 
     </span>
    </p>
   </div>
   <div class='ocr_carea' id='block_1_13' title="bbox 477 1502 1642 1580">
    <p class='ocr_par' dir='ltr' id='par_1_13' title="bbox 477 1502 1642 1580">
     <span class='ocr_line' id='line_1_13' title="bbox 477 1502 1642 1580; baseline 0 -19"><span class='ocrx_word' id='word_1_63' title='bbox 477 1506 686 1562; x_wconf 83' lang='grc' dir='ltr'>Ἔπειτ’</span> <span class='ocrx_word' id='word_1_64' title='bbox 718 1503 918 1559; x_wconf 81' lang='grc' dir='ltr'>ἐκεῖθεν</span> <span class='ocrx_word' id='word_1_65' title='bbox 952 1502 1194 1580; x_wconf 76' lang='grc' dir='ltr'>ἀποδρὰς</span> <span class='ocrx_word' id='word_1_66' title='bbox 1226 1506 1326 1561; x_wconf 84' lang='grc' dir='ltr'>οὐκ</span> <span class='ocrx_word' id='word_1_67' title='bbox 1358 1504 1461 1561; x_wconf 76' lang='grc' dir='ltr'>οἷδ’</span> <span class='ocrx_word' id='word_1_68' title='bbox 1491 1505 1642 1570; x_wconf 82' lang='grc' dir='ltr'>ὅπως</span> 
     </span>
    </p>
   </div>
   <div class='ocr_carea' id='block_1_14' title="bbox 285 1600 1676 1679">
    <p class='ocr_par' dir='ltr' id='par_1_14' title="bbox 285 1600 1676 1679">
     <span class='ocr_line' id='line_1_14' title="bbox 285 1600 1676 1679; baseline 0.001 -20"><span class='ocrx_word' id='word_1_69' title='bbox 285 1606 439 1659; x_wconf 90' lang='grc'>7575</span> <span class='ocrx_word' id='word_1_70' title='bbox 475 1600 946 1677; x_wconf 70' lang='grc' dir='ltr'>Παλινδρομήσας</span> <span class='ocrx_word' id='word_1_71' title='bbox 979 1602 1223 1678; x_wconf 83' lang='grc' dir='ltr'>εὐχερῶς</span> <span class='ocrx_word' id='word_1_72' title='bbox 1254 1604 1392 1679; x_wconf 88' lang='grc' dir='ltr'>πρὸς</span> <span class='ocrx_word' id='word_1_73' title='bbox 1418 1602 1676 1678; x_wconf 82' lang='grc' dir='ltr'>πατρίδα,</span> 
     </span>
    </p>
   </div>
   <div class='ocr_carea' id='block_1_15' title="bbox 474 1688 1602 1769">
    <p class='ocr_par' dir='ltr' id='par_1_15' title="bbox 474 1688 1602 1769">
     <span class='ocr_line' id='line_1_15' title="bbox 474 1688 1602 1769; baseline 0.001 -22"><span class='ocrx_word' id='word_1_74' title='bbox 474 1690 708 1747; x_wconf 82' lang='grc' dir='ltr'>Ἰκονίου</span> <span class='ocrx_word' id='word_1_75' title='bbox 741 1688 983 1746; x_wconf 85' lang='grc' dir='ltr'>δέδεικτο</span> <span class='ocrx_word' id='word_1_76' title='bbox 1016 1691 1247 1747; x_wconf 76' lang='grc' dir='ltr'>σουλτάν</span> <span class='ocrx_word' id='word_1_77' title='bbox 1281 1694 1554 1769; x_wconf 87' lang='grc' dir='ltr'>Περσάναξ</span> <span class='ocrx_word' id='word_1_78' title='bbox 1590 1714 1602 1727; x_wconf 90' lang='grc'>·</span> 
     </span>
    </p>
   </div>
   <div class='ocr_carea' id='block_1_16' title="bbox 474 1779 1564 1857">
    <p class='ocr_par' dir='ltr' id='par_1_16' title="bbox 474 1779 1564 1857">
     <span class='ocr_line' id='line_1_16' title="bbox 474 1779 1564 1857; baseline 0 -20"><span class='ocrx_word' id='word_1_79' title='bbox 474 1782 576 1838; x_wconf 84' lang='grc' dir='ltr'>Καὶ</span> <span class='ocrx_word' id='word_1_80' title='bbox 606 1785 906 1850; x_wconf 88' lang='grc' dir='ltr'>τηνικαῦτα</span> <span class='ocrx_word' id='word_1_81' title='bbox 946 1779 1301 1857; x_wconf 77' lang='grc' dir='ltr'>δυστυχοῦντ’</span> <span class='ocrx_word' id='word_1_82' title='bbox 1332 1781 1564 1856; x_wconf 86' lang='grc' dir='ltr'>Ἀλεξίῳ</span> 
     </span>
    </p>
   </div>
   <div class='ocr_carea' id='block_1_17' title="bbox 477 1871 1474 1948">
    <p class='ocr_par' dir='ltr' id='par_1_17' title="bbox 477 1871 1474 1948">
     <span class='ocr_line' id='line_1_17' title="bbox 477 1871 1474 1948; baseline 0.002 -23"><span class='ocrx_word' id='word_1_83' title='bbox 477 1872 652 1948; x_wconf 82' lang='grc' dir='ltr'>Ὠφθη</span> <span class='ocrx_word' id='word_1_84' title='bbox 681 1872 973 1945; x_wconf 89' lang='grc' dir='ltr'>παρηγόρη</span> <span class='ocrx_word' id='word_1_85' title='bbox 986 1892 1060 1943; x_wconf 86' lang='grc' dir='ltr'>μα</span> <span class='ocrx_word' id='word_1_86' title='bbox 1086 1871 1176 1926; x_wconf 83' lang='grc' dir='ltr'>καὶ</span> <span class='ocrx_word' id='word_1_87' title='bbox 1209 1872 1474 1947; x_wconf 82' lang='grc' dir='ltr'>σωτηρία.</span> 
     </span>
    </p>
   </div>
   <div class='ocr_carea' id='block_1_18' title="bbox 473 1960 1564 2039">
    <p class='ocr_par' dir='ltr' id='par_1_18' title="bbox 473 1960 1564 2039">
     <span class='ocr_line' id='line_1_18' title="bbox 473 1960 1564 2039; baseline 0 -22"><span class='ocrx_word' id='word_1_88' title='bbox 473 1960 647 2022; x_wconf 79' lang='grc' dir='ltr'>Οὗτός</span> <span class='ocrx_word' id='word_1_89' title='bbox 672 1982 736 2035; x_wconf 90' lang='grc' dir='ltr'>γε</span> <span class='ocrx_word' id='word_1_90' title='bbox 763 1960 965 2029; x_wconf 88' lang='grc' dir='ltr'>τοίνυν,</span> <span class='ocrx_word' id='word_1_91' title='bbox 1000 1961 1150 2035; x_wconf 80' lang='grc' dir='ltr'>ἱκέτῃ</span> <span class='ocrx_word' id='word_1_92' title='bbox 1178 1960 1341 2017; x_wconf 89' lang='grc' dir='ltr'>τίνων</span> <span class='ocrx_word' id='word_1_93' title='bbox 1376 1962 1564 2039; x_wconf 84' lang='grc' dir='ltr'>χάριν,</span> 
     </span>
    </p>
   </div>
   <div class='ocr_carea' id='block_1_19' title="bbox 293 2045 1651 2129">
    <p class='ocr_par' dir='ltr' id='par_1_19' title="bbox 293 2045 1651 2129">
     <span class='ocr_line' id='line_1_19' title="bbox 293 2045 1651 2129; baseline 0.003 -26"><span class='ocrx_word' id='word_1_94' title='bbox 293 2052 436 2106; x_wconf 79' lang='lat'>7580</span> <span class='ocrx_word' id='word_1_95' title='bbox 475 2045 832 2125; x_wconf 72' lang='grc' dir='ltr'>Πρεσϐεὐεται</span> <span class='ocrx_word' id='word_1_96' title='bbox 866 2048 933 2118; x_wconf 78' lang='grc' dir='ltr'>δὴ</span> <span class='ocrx_word' id='word_1_97' title='bbox 967 2051 1104 2125; x_wconf 87' lang='grc' dir='ltr'>πρὸς</span> <span class='ocrx_word' id='word_1_98' title='bbox 1133 2051 1250 2105; x_wconf 87' lang='grc' dir='ltr'>νεὸν</span> <span class='ocrx_word' id='word_1_99' title='bbox 1286 2051 1651 2129; x_wconf 78' lang='grc' dir='ltr'>στεφηφόρον,</span> 
     </span>
    </p>
   </div>
   <div class='ocr_carea' id='block_1_20' title="bbox 474 2139 1581 2217">
    <p class='ocr_par' dir='ltr' id='par_1_20' title="bbox 474 2139 1581 2217">
     <span class='ocr_line' id='line_1_20' title="bbox 474 2139 1581 2217; baseline 0.003 -24"><span class='ocrx_word' id='word_1_100' title='bbox 474 2139 573 2194; x_wconf 80' lang='grc' dir='ltr'>Καὶ</span> <span class='ocrx_word' id='word_1_101' title='bbox 598 2139 1006 2215; x_wconf 70' lang='grc' dir='ltr'>παραχωρῆσαί</span> <span class='ocrx_word' id='word_1_102' title='bbox 1033 2161 1093 2215; x_wconf 87' lang='grc' dir='ltr'>γε</span> <span class='ocrx_word' id='word_1_103' title='bbox 1121 2141 1221 2209; x_wconf 76' lang='grc' dir='ltr'>τῆς</span> <span class='ocrx_word' id='word_1_104' title='bbox 1246 2142 1581 2217; x_wconf 84' lang='grc' dir='ltr'>κραταρχίας</span> 
     </span>
    </p>
   </div>
   <div class='ocr_carea' id='block_1_21' title="bbox 468 2229 1660 2306">
    <p class='ocr_par' dir='ltr' id='par_1_21' title="bbox 468 2229 1660 2306">
     <span class='ocr_line' id='line_1_21' title="bbox 468 2229 1660 2306; baseline 0.002 -20"><span class='ocrx_word' id='word_1_105' title='bbox 468 2234 561 2301; x_wconf 78' lang='grc' dir='ltr'><strong>Τῷ</strong></span> <span class='ocrx_word' id='word_1_106' title='bbox 588 2229 716 2303; x_wconf 82' lang='grc' dir='ltr'>πρὶν</span> <span class='ocrx_word' id='word_1_107' title='bbox 750 2233 1040 2304; x_wconf 74' lang='grc' dir='ltr'>κρατοῦντι</span> <span class='ocrx_word' id='word_1_108' title='bbox 1069 2231 1312 2303; x_wconf 78' lang='grc' dir='ltr'>πενθερῷ</span> <span class='ocrx_word' id='word_1_109' title='bbox 1342 2230 1660 2306; x_wconf 82' lang='grc' dir='ltr'>παρηγγύα.</span> 
     </span>
    </p>
   </div>
   <div class='ocr_carea' id='block_1_22' title="bbox 470 2316 1630 2393">
    <p class='ocr_par' dir='ltr' id='par_1_22' title="bbox 470 2316 1630 2393">
     <span class='ocr_line' id='line_1_22' title="bbox 470 2316 1630 2393; baseline 0.002 -21"><span class='ocrx_word' id='word_1_110' title='bbox 470 2319 581 2373; x_wconf 75' lang='grc' dir='ltr'>Εἶτ’</span> <span class='ocrx_word' id='word_1_111' title='bbox 613 2316 999 2393; x_wconf 78' lang='grc' dir='ltr'>ἐκστρατεύσας</span> <span class='ocrx_word' id='word_1_112' title='bbox 1032 2318 1119 2373; x_wconf 79' lang='grc' dir='ltr'>καὶ</span> <span class='ocrx_word' id='word_1_113' title='bbox 1152 2319 1290 2373; x_wconf 72' lang='grc' dir='ltr'>κατὰ</span> <span class='ocrx_word' id='word_1_114' title='bbox 1318 2318 1630 2393; x_wconf 74' lang='grc' dir='ltr'>Ῥωμαίδος</span> 
     </span>
    </p>
   </div>
   <div class='ocr_carea' id='block_1_23' title="bbox 471 2405 1545 2483">
    <p class='ocr_par' dir='ltr' id='par_1_23' title="bbox 471 2405 1545 2483">
     <span class='ocr_line' id='line_1_23' title="bbox 471 2405 1545 2483; baseline 0.001 -20"><span class='ocrx_word' id='word_1_115' title='bbox 471 2408 618 2463; x_wconf 80' lang='grc' dir='ltr'>Μετὰ</span> <span class='ocrx_word' id='word_1_116' title='bbox 650 2413 904 2483; x_wconf 78' lang='grc' dir='ltr'>στρατιᾶς</span> <span class='ocrx_word' id='word_1_117' title='bbox 933 2405 1344 2483; x_wconf 75' lang='grc' dir='ltr'>δυσαριθμήτου</span> <span class='ocrx_word' id='word_1_118' title='bbox 1377 2408 1545 2481; x_wconf 87' lang='grc' dir='ltr'>μάλα,</span> 
     </span>
    </p>
   </div>
   <div class='ocr_carea' id='block_1_24' title="bbox 281 2503 1705 2584">
    <p class='ocr_par' dir='ltr' id='par_1_24' title="bbox 281 2503 1705 2584">
     <span class='ocr_line' id='line_1_24' title="bbox 281 2503 1705 2584; baseline 0.003 -25"><span class='ocrx_word' id='word_1_119' title='bbox 281 2508 433 2561; x_wconf 86' lang='grc'>7585</span> <span class='ocrx_word' id='word_1_120' title='bbox 470 2507 651 2580; x_wconf 71' lang='grc' dir='ltr'>Ἅγων</span> <span class='ocrx_word' id='word_1_121' title='bbox 684 2506 801 2577; x_wconf 81' lang='grc' dir='ltr'>μετ’</span> <span class='ocrx_word' id='word_1_122' title='bbox 834 2503 997 2559; x_wconf 90' lang='grc' dir='ltr'>αὐτοῦ</span> <span class='ocrx_word' id='word_1_123' title='bbox 1026 2504 1117 2559; x_wconf 84' lang='grc' dir='ltr'>καὶ</span> <span class='ocrx_word' id='word_1_124' title='bbox 1147 2510 1448 2577; x_wconf 88' lang='grc' dir='ltr'>κρατοῦντα</span> <span class='ocrx_word' id='word_1_125' title='bbox 1476 2505 1705 2584; x_wconf 84' lang='grc' dir='ltr'>φυγάδα,</span> 
     </span>
    </p>
   </div>
   <div class='ocr_carea' id='block_1_25' title="bbox 474 2590 1551 2668">
    <p class='ocr_par' dir='ltr' id='par_1_25' title="bbox 474 2590 1551 2668">
     <span class='ocr_line' id='line_1_25' title="bbox 474 2590 1551 2668; baseline 0 -17"><span class='ocrx_word' id='word_1_126' title='bbox 474 2595 589 2663; x_wconf 78' lang='grc' dir='ltr'>Τὴν</span> <span class='ocrx_word' id='word_1_127' title='bbox 620 2594 918 2668; x_wconf 83' lang='grc' dir='ltr'>Ἀντιόχου</span> <span class='ocrx_word' id='word_1_128' title='bbox 949 2590 1358 2668; x_wconf 77' lang='grc' dir='ltr'>καταλαμϐάνει</span> <span class='ocrx_word' id='word_1_129' title='bbox 1389 2594 1551 2651; x_wconf 91' lang='grc' dir='ltr'>πόλιν</span> 
     </span>
    </p>
   </div>
   <div class='ocr_carea' id='block_1_26' title="bbox 464 2680 1768 2758">
    <p class='ocr_par' dir='ltr' id='par_1_26' title="bbox 464 2680 1768 2758">
     <span class='ocr_line' id='line_1_26' title="bbox 464 2680 1768 2758; baseline 0.002 -18"><span class='ocrx_word' id='word_1_130' title='bbox 464 2684 576 2750; x_wconf 81' lang='grc' dir='ltr'>Τὴν</span> <span class='ocrx_word' id='word_1_131' title='bbox 608 2684 747 2756; x_wconf 86' lang='grc' dir='ltr'>πρὸς</span> <span class='ocrx_word' id='word_1_132' title='bbox 780 2680 1081 2757; x_wconf 79' lang='grc' dir='ltr'>Μαιάνδρῳ</span> <span class='ocrx_word' id='word_1_133' title='bbox 1111 2688 1191 2755; x_wconf 82' lang='grc' dir='ltr'>τῷ</span> <span class='ocrx_word' id='word_1_134' title='bbox 1221 2689 1455 2758; x_wconf 80' lang='grc' dir='ltr'>ποταμῷ</span> <span class='ocrx_word' id='word_1_135' title='bbox 1484 2687 1768 2757; x_wconf 75' lang='grc' dir='ltr'>κειμένην.</span> 
     </span>
    </p>
   </div>
   <div class='ocr_carea' id='block_1_27' title="bbox 461 2770 1803 2848">
    <p class='ocr_par' dir='ltr' id='par_1_27' title="bbox 461 2770 1803 2848">
     <span class='ocr_line' id='line_1_27' title="bbox 461 2770 1803 2848; baseline 0.004 -21"><span class='ocrx_word' id='word_1_136' title='bbox 461 2770 617 2828; x_wconf 80' lang='grc' dir='ltr'>Ἀλλ’</span> <span class='ocrx_word' id='word_1_137' title='bbox 650 2770 766 2827; x_wconf 87' lang='grc' dir='ltr'>οὐδ’</span> <span class='ocrx_word' id='word_1_138' title='bbox 797 2772 825 2826; x_wconf 82' lang='grc' dir='ltr'>ὁ</span> <span class='ocrx_word' id='word_1_139' title='bbox 855 2777 1067 2846; x_wconf 81' lang='grc' dir='ltr'>κρατῶν</span> <span class='ocrx_word' id='word_1_140' title='bbox 1098 2777 1207 2827; x_wconf 84' lang='grc' dir='ltr'>τῶν</span> <span class='ocrx_word' id='word_1_141' title='bbox 1238 2774 1357 2828; x_wconf 83' lang='grc' dir='ltr'>καθ’</span> <span class='ocrx_word' id='word_1_142' title='bbox 1391 2773 1550 2829; x_wconf 86' lang='grc' dir='ltr'>αὐτὸν</span> <span class='ocrx_word' id='word_1_143' title='bbox 1580 2774 1803 2848; x_wconf 79' lang='grc' dir='ltr'>ἠμέλει.</span> 
     </span>
    </p>
   </div>
   <div class='ocr_carea' id='block_1_28' title="bbox 465 2860 1616 2936">
    <p class='ocr_par' dir='ltr' id='par_1_28' title="bbox 465 2860 1616 2936">
     <span class='ocr_line' id='line_1_28' title="bbox 465 2860 1616 2936; baseline 0 -19"><span class='ocrx_word' id='word_1_144' title='bbox 465 2860 646 2918; x_wconf 83' lang='grc' dir='ltr'>Ἀλλᾶ</span> <span class='ocrx_word' id='word_1_145' title='bbox 675 2866 985 2936; x_wconf 89' lang='grc' dir='ltr'>προσοῦσαν</span> <span class='ocrx_word' id='word_1_146' title='bbox 1019 2864 1269 2936; x_wconf 75' lang='grc' dir='ltr'>στρατιάν</span> <span class='ocrx_word' id='word_1_147' title='bbox 1303 2860 1616 2932; x_wconf 85' lang='grc' dir='ltr'>συναλίσας,</span> 
     </span>
    </p>
   </div>
   <div class='ocr_carea' id='block_1_29' title="bbox 287 2949 1646 3025">
    <p class='ocr_par' dir='ltr' id='par_1_29' title="bbox 287 2949 1646 3025">
     <span class='ocr_line' id='line_1_29' title="bbox 287 2949 1646 3025; baseline 0.003 -22"><span class='ocrx_word' id='word_1_148' title='bbox 287 2953 435 3006; x_wconf 87' lang='lat'>7590</span> <span class='ocrx_word' id='word_1_149' title='bbox 473 2949 736 3013; x_wconf 87' lang='grc' dir='ltr'>Ἑλπίδας</span> <span class='ocrx_word' id='word_1_150' title='bbox 768 2950 963 3025; x_wconf 75' lang='grc' dir='ltr'>ἐξάψας</span> <span class='ocrx_word' id='word_1_151' title='bbox 994 2972 1053 3006; x_wconf 88' lang='grc' dir='ltr'>τε</span> <span class='ocrx_word' id='word_1_152' title='bbox 1076 2956 1319 3025; x_wconf 86' lang='grc' dir='ltr'>Χριστοῦ</span> <span class='ocrx_word' id='word_1_153' title='bbox 1352 2952 1646 3022; x_wconf 72' lang='grc' dir='ltr'>Δεσπότου,</span> 
     </span>
    </p>
   </div>
   <div class='ocr_carea' id='block_1_30' title="bbox 475 3038 1472 3118">
    <p class='ocr_par' dir='ltr' id='par_1_30' title="bbox 475 3038 1472 3118">
     <span class='ocr_line' id='line_1_30' title="bbox 475 3038 1472 3118; baseline 0.002 -22"><span class='ocrx_word' id='word_1_154' title='bbox 475 3039 600 3096; x_wconf 81' lang='grc' dir='ltr'>Ἐπί</span> <span class='ocrx_word' id='word_1_155' title='bbox 632 3038 932 3095; x_wconf 84' lang='grc' dir='ltr'>σουλτάνον</span> <span class='ocrx_word' id='word_1_156' title='bbox 966 3038 1101 3095; x_wconf 78' lang='grc' dir='ltr'>ἷέται</span> <span class='ocrx_word' id='word_1_157' title='bbox 1135 3039 1472 3118; x_wconf 68' lang='grc' dir='ltr'>θαρραλέως.</span> 
     </span>
    </p>
   </div>
   <div class='ocr_carea' id='block_1_31' title="bbox 473 3124 1699 3205">
    <p class='ocr_par' dir='ltr' id='par_1_31' title="bbox 473 3124 1699 3205">
     <span class='ocr_line' id='line_1_31' title="bbox 473 3124 1699 3205; baseline 0.003 -23"><span class='ocrx_word' id='word_1_158' title='bbox 473 3126 796 3205; x_wconf 75' lang='grc' dir='ltr'>Συῤῥήξεως</span> <span class='ocrx_word' id='word_1_159' title='bbox 826 3132 956 3204; x_wconf 85' lang='grc' dir='ltr'>γοῦν</span> <span class='ocrx_word' id='word_1_160' title='bbox 991 3124 1277 3203; x_wconf 75' lang='grc' dir='ltr'>συμϐολῆς</span> <span class='ocrx_word' id='word_1_161' title='bbox 1308 3151 1368 3185; x_wconf 90' lang='grc' dir='ltr'>τε</span> <span class='ocrx_word' id='word_1_162' title='bbox 1392 3126 1699 3203; x_wconf 75' lang='grc' dir='ltr'>συμϐάσης,</span> 
     </span>
    </p>
   </div>
   <div class='ocr_carea' id='block_1_32' title="bbox 468 3216 1716 3297">
    <p class='ocr_par' dir='ltr' id='par_1_32' title="bbox 468 3216 1716 3297">
     <span class='ocr_line' id='line_1_32' title="bbox 468 3216 1716 3297; baseline 0.003 -23"><span class='ocrx_word' id='word_1_163' title='bbox 468 3218 546 3274; x_wconf 86' lang='grc' dir='ltr'>Τὸ</span> <span class='ocrx_word' id='word_1_164' title='bbox 577 3216 837 3273; x_wconf 82' lang='grc' dir='ltr'>πλεῖστον</span> <span class='ocrx_word' id='word_1_165' title='bbox 861 3219 1129 3297; x_wconf 81' lang='grc' dir='ltr'>ἠφάνιστο</span> <span class='ocrx_word' id='word_1_166' title='bbox 1153 3223 1262 3275; x_wconf 81' lang='grc' dir='ltr'>τῶν</span> <span class='ocrx_word' id='word_1_167' title='bbox 1297 3223 1716 3296; x_wconf 84' lang='grc' dir='ltr'>στρατευμάτων</span> 
     </span>
    </p>
   </div>
   <div class='ocr_carea' id='block_1_33' title="bbox 474 3307 1645 3387">
    <p class='ocr_par' dir='ltr' id='par_1_33' title="bbox 474 3307 1645 3387">
     <span class='ocr_line' id='line_1_33' title="bbox 474 3307 1645 3387; baseline 0.004 -25"><span class='ocrx_word' id='word_1_168' title='bbox 474 3308 763 3379; x_wconf 80' lang='grc' dir='ltr'>Ἀνακτος,</span> <span class='ocrx_word' id='word_1_169' title='bbox 796 3309 855 3363; x_wconf 88' lang='grc' dir='ltr'>’ὸν</span> <span class='ocrx_word' id='word_1_170' title='bbox 894 3307 1132 3382; x_wconf 74' lang='grc' dir='ltr'>μάλιστα</span> <span class='ocrx_word' id='word_1_171' title='bbox 1161 3308 1403 3364; x_wconf 87' lang='grc' dir='ltr'>Λατίνων</span> <span class='ocrx_word' id='word_1_172' title='bbox 1435 3312 1645 3387; x_wconf 82' lang='grc' dir='ltr'>γένους.</span> 
     </span>
    </p>
   </div>
   <div class='ocr_carea' id='block_1_34' title="bbox 286 3395 1545 3475">
    <p class='ocr_par' dir='ltr' id='par_1_34' title="bbox 286 3395 1545 3475">
     <span class='ocr_line' id='line_1_34' title="bbox 286 3395 1545 3475; baseline 0.003 -24"><span class='ocrx_word' id='word_1_173' title='bbox 286 3398 439 3451; x_wconf 87' lang='lat'>7595</span> <span class='ocrx_word' id='word_1_174' title='bbox 478 3398 626 3473; x_wconf 85' lang='grc' dir='ltr'>Ἔργ’</span> <span class='ocrx_word' id='word_1_175' title='bbox 654 3397 844 3471; x_wconf 76' lang='grc' dir='ltr'>ἀρεϊκᾶ.</span> <span class='ocrx_word' id='word_1_176' title='bbox 872 3400 1107 3474; x_wconf 78' lang='grc' dir='ltr'>καρτερά</span> <span class='ocrx_word' id='word_1_177' title='bbox 1137 3395 1494 3475; x_wconf 76' lang='grc' dir='ltr'>δεδειγμένων</span> <span class='ocrx_word' id='word_1_178' title='bbox 1531 3419 1545 3433; x_wconf 91' lang='grc'><strong>·</strong></span> 
     </span>
    </p>
   </div>
   <div class='ocr_carea' id='block_1_35' title="bbox 470 3482 1634 3566">
    <p class='ocr_par' dir='ltr' id='par_1_35' title="bbox 470 3482 1634 3566">
     <span class='ocr_line' id='line_1_35' title="bbox 470 3482 1634 3566; baseline 0.013 -35"><span class='ocrx_word' id='word_1_179' title='bbox 470 3487 757 3560; x_wconf 74' lang='grc' dir='ltr'>Ῥωμαϊκὴ</span> <span class='ocrx_word' id='word_1_180' title='bbox 788 3484 835 3541; x_wconf 85' lang='grc' dir='ltr'>δ’</span> <span class='ocrx_word' id='word_1_181' title='bbox 864 3482 1082 3564; x_wconf 79' lang='grc' dir='ltr'>ἔφευγεν</span> <span class='ocrx_word' id='word_1_182' title='bbox 1114 3487 1371 3561; x_wconf 85' lang='grc' dir='ltr'>ἀκόσμως</span> <span class='ocrx_word' id='word_1_183' title='bbox 1405 3489 1634 3566; x_wconf 80' lang='grc' dir='ltr'>φάλαγξ,</span> 
     </span>
    </p>
   </div>
   <div class='ocr_carea' id='block_1_36' title="bbox 472 3574 1646 3654">
    <p class='ocr_par' dir='ltr' id='par_1_36' title="bbox 472 3574 1646 3654">
     <span class='ocr_line' id='line_1_36' title="bbox 472 3574 1646 3654; baseline 0.004 -26"><span class='ocrx_word' id='word_1_184' title='bbox 472 3574 683 3645; x_wconf 83' lang='grc' dir='ltr'>Ταύτης</span> <span class='ocrx_word' id='word_1_185' title='bbox 718 3576 983 3648; x_wconf 87' lang='grc' dir='ltr'>μενόντων</span> <span class='ocrx_word' id='word_1_186' title='bbox 1018 3576 1253 3652; x_wconf 88' lang='grc' dir='ltr'>μετρίων</span> <span class='ocrx_word' id='word_1_187' title='bbox 1287 3579 1423 3632; x_wconf 86' lang='grc' dir='ltr'>κατά</span> <span class='ocrx_word' id='word_1_188' title='bbox 1458 3579 1646 3654; x_wconf 84' lang='grc' dir='ltr'>μάχην</span> 
     </span>
    </p>
   </div>
   <div class='ocr_carea' id='block_1_37' title="bbox 476 3664 1616 3740">
    <p class='ocr_par' dir='ltr' id='par_1_37' title="bbox 476 3664 1616 3740">
     <span class='ocr_line' id='line_1_37' title="bbox 476 3664 1616 3740; baseline 0.004 -23"><span class='ocrx_word' id='word_1_189' title='bbox 476 3664 747 3738; x_wconf 83' lang='grc' dir='ltr'>Ἀγωνίας</span> <span class='ocrx_word' id='word_1_190' title='bbox 773 3664 950 3740; x_wconf 89' lang='grc' dir='ltr'>τέρμα</span> <span class='ocrx_word' id='word_1_191' title='bbox 977 3684 1037 3720; x_wconf 89' lang='grc' dir='ltr'>τε</span> <span class='ocrx_word' id='word_1_192' title='bbox 1065 3670 1169 3719; x_wconf 80' lang='grc' dir='ltr'>πᾶν</span> <span class='ocrx_word' id='word_1_193' title='bbox 1203 3668 1616 3738; x_wconf 69' lang='grc' dir='ltr'>σκοπουμένων.</span> 
     </span>
    </p>
   </div>
   <div class='ocr_carea' id='block_1_38' title="bbox 474 3750 1592 3830">
    <p class='ocr_par' dir='ltr' id='par_1_38' title="bbox 474 3750 1592 3830">
     <span class='ocr_line' id='line_1_38' title="bbox 474 3750 1592 3830; baseline -0.001 -20"><span class='ocrx_word' id='word_1_194' title='bbox 474 3752 630 3810; x_wconf 73' lang='grc' dir='ltr'>Οὕτω</span> <span class='ocrx_word' id='word_1_195' title='bbox 663 3751 721 3809; x_wconf 76' lang='grc' dir='ltr'>δὲ</span> <span class='ocrx_word' id='word_1_196' title='bbox 744 3753 901 3824; x_wconf 87' lang='grc' dir='ltr'>νίκης</span> <span class='ocrx_word' id='word_1_197' title='bbox 936 3752 1236 3827; x_wconf 87' lang='grc' dir='ltr'>μειδιώσης</span> <span class='ocrx_word' id='word_1_198' title='bbox 1265 3750 1592 3830; x_wconf 78' lang='grc' dir='ltr'>Βαρϐάροις,</span> 
     </span>
    </p>
   </div>
   <div class='ocr_carea' id='block_1_39' title="bbox 281 3842 1594 3917">
    <p class='ocr_par' dir='ltr' id='par_1_39' title="bbox 281 3842 1594 3917">
     <span class='ocr_line' id='line_1_39' title="bbox 281 3842 1594 3917; baseline 0.002 -20"><span class='ocrx_word' id='word_1_199' title='bbox 281 3843 435 3898; x_wconf 85' lang='grc'>7600</span> <span class='ocrx_word' id='word_1_200' title='bbox 472 3844 623 3899; x_wconf 75' lang='grc' dir='ltr'>’Ἅνω</span> <span class='ocrx_word' id='word_1_201' title='bbox 655 3844 789 3907; x_wconf 85' lang='grc' dir='ltr'>θέων</span> <span class='ocrx_word' id='word_1_202' title='bbox 823 3843 973 3898; x_wconf 84' lang='grc' dir='ltr'>κάτω</span> <span class='ocrx_word' id='word_1_203' title='bbox 1001 3865 1060 3899; x_wconf 90' lang='grc' dir='ltr'>τε</span> <span class='ocrx_word' id='word_1_204' title='bbox 1087 3842 1322 3900; x_wconf 78' lang='grc' dir='ltr'>σουλτὰν</span> <span class='ocrx_word' id='word_1_205' title='bbox 1354 3844 1594 3917; x_wconf 75' lang='grc' dir='ltr'>ἱππότης</span> 
     </span>
    </p>
   </div>
   <div class='ocr_carea' id='block_1_40' title="bbox 473 3929 1683 4010">
    <p class='ocr_par' dir='ltr' id='par_1_40' title="bbox 473 3929 1683 4010">
     <span class='ocr_line' id='line_1_40' title="bbox 473 3929 1683 4010; baseline 0.001 -21"><span class='ocrx_word' id='word_1_206' title='bbox 473 3929 776 4010; x_wconf 76' lang='grc' dir='ltr'>Ἀναδιφῶν</span> <span class='ocrx_word' id='word_1_207' title='bbox 810 3931 877 4001; x_wconf 78' lang='grc' dir='ltr'>ἦν</span> <span class='ocrx_word' id='word_1_208' title='bbox 908 3933 1002 3988; x_wconf 89' lang='grc' dir='ltr'>τὸν</span> <span class='ocrx_word' id='word_1_209' title='bbox 1025 3934 1343 4010; x_wconf 86' lang='grc' dir='ltr'>κρατάρχην</span> <span class='ocrx_word' id='word_1_210' title='bbox 1379 3933 1635 3990; x_wconf 81' lang='grc' dir='ltr'>Αὐσόνων</span> <span class='ocrx_word' id='word_1_211' title='bbox 1669 3956 1683 3969; x_wconf 71' lang='grc'>⁸</span> 
     </span>
    </p>
   </div>
   <div class='ocr_carea' id='block_1_41' title="bbox 475 4019 1622 4099">
    <p class='ocr_par' dir='ltr' id='par_1_41' title="bbox 475 4019 1622 4099">
     <span class='ocr_line' id='line_1_41' title="bbox 475 4019 1622 4099; baseline 0.001 -22"><span class='ocrx_word' id='word_1_212' title='bbox 475 4022 582 4077; x_wconf 77' lang='grc' dir='ltr'>Καὶ</span> <span class='ocrx_word' id='word_1_213' title='bbox 611 4019 765 4077; x_wconf 85' lang='grc' dir='ltr'>τόνδε</span> <span class='ocrx_word' id='word_1_214' title='bbox 792 4024 913 4087; x_wconf 83' lang='grc' dir='ltr'>καθ’</span> <span class='ocrx_word' id='word_1_215' title='bbox 944 4022 1146 4094; x_wconf 81' lang='grc' dir='ltr'>ὅμιλον</span> <span class='ocrx_word' id='word_1_216' title='bbox 1177 4022 1348 4099; x_wconf 80' lang='grc' dir='ltr'>εὑρὼν</span> <span class='ocrx_word' id='word_1_217' title='bbox 1383 4023 1622 4095; x_wconf 76' lang='grc' dir='ltr'>ἱππότην</span> 
     </span>
    </p>
   </div>
   <div class='ocr_carea' id='block_1_42' title="bbox 470 4111 1663 4189">
    <p class='ocr_par' dir='ltr' id='par_1_42' title="bbox 470 4111 1663 4189">
     <span class='ocr_line' id='line_1_42' title="bbox 470 4111 1663 4189; baseline 0.003 -23"><span class='ocrx_word' id='word_1_218' title='bbox 470 4111 660 4185; x_wconf 77' lang='grc' dir='ltr'>Ῥώμῃ</span> <span class='ocrx_word' id='word_1_219' title='bbox 689 4112 969 4176; x_wconf 83' lang='grc' dir='ltr'>πεποιθὼς</span> <span class='ocrx_word' id='word_1_220' title='bbox 998 4112 1087 4167; x_wconf 83' lang='grc' dir='ltr'>καὶ</span> <span class='ocrx_word' id='word_1_221' title='bbox 1120 4113 1292 4175; x_wconf 88' lang='grc' dir='ltr'>σθένει</span> <span class='ocrx_word' id='word_1_222' title='bbox 1327 4112 1663 4189; x_wconf 86' lang='grc' dir='ltr'>βραχιόνων,</span> 
     </span>
    </p>
   </div>
   <div class='ocr_carea' id='block_1_43' title="bbox 478 4199 1553 4277">
    <p class='ocr_par' dir='ltr' id='par_1_43' title="bbox 478 4199 1553 4277">
     <span class='ocr_line' id='line_1_43' title="bbox 478 4199 1553 4277; baseline 0.002 -22"><span class='ocrx_word' id='word_1_223' title='bbox 478 4199 714 4271; x_wconf 81' lang='grc' dir='ltr'>Πλήττει</span> <span class='ocrx_word' id='word_1_224' title='bbox 745 4200 948 4277; x_wconf 77' lang='grc' dir='ltr'>κορύνῃ</span> <span class='ocrx_word' id='word_1_225' title='bbox 978 4201 1114 4257; x_wconf 79' lang='grc' dir='ltr'>κατὰ</span> <span class='ocrx_word' id='word_1_226' title='bbox 1142 4203 1310 4276; x_wconf 89' lang='grc' dir='ltr'>κάρας</span> <span class='ocrx_word' id='word_1_227' title='bbox 1342 4202 1553 4273; x_wconf 85' lang='grc' dir='ltr'>αὐτίκα,</span> 
     </span>
    </p>
   </div>
   <div class='ocr_carea' id='block_1_44' title="bbox 291 4285 1662 4371">
    <p class='ocr_par' dir='ltr' id='par_1_44' title="bbox 291 4285 1662 4371">
     <span class='ocr_line' id='line_1_44' title="bbox 291 4285 1662 4371; baseline 0.003 -28"><span class='ocrx_word' id='word_1_228' title='bbox 291 4291 441 4344; x_wconf 86' lang='grc'>7605</span> <span class='ocrx_word' id='word_1_229' title='bbox 482 4289 579 4344; x_wconf 79' lang='grc' dir='ltr'>Καὶ</span> <span class='ocrx_word' id='word_1_230' title='bbox 610 4291 746 4344; x_wconf 80' lang='grc' dir='ltr'>κατὰ</span> <span class='ocrx_word' id='word_1_231' title='bbox 775 4296 875 4367; x_wconf 79' lang='grc' dir='ltr'>γῆν</span> <span class='ocrx_word' id='word_1_232' title='bbox 915 4285 1156 4365; x_wconf 72' lang='grc' dir='ltr'>βέϐληκέ</span> <span class='ocrx_word' id='word_1_233' title='bbox 1185 4290 1343 4367; x_wconf 76' lang='grc' dir='ltr'>ῥίψας</span> <span class='ocrx_word' id='word_1_234' title='bbox 1378 4289 1438 4346; x_wconf 76' lang='grc' dir='ltr'>ἐκ</span> <span class='ocrx_word' id='word_1_235' title='bbox 1467 4289 1662 4371; x_wconf 87' lang='grc' dir='ltr'>δίφρου</span> 
     </span>
    </p>
   </div>
   <div class='ocr_carea' id='block_1_45' title="bbox 473 4377 1801 4458">
    <p class='ocr_par' dir='ltr' id='par_1_45' title="bbox 473 4377 1801 4458">
     <span class='ocr_line' id='line_1_45' title="bbox 473 4377 1801 4458; baseline 0.004 -23"><span class='ocrx_word' id='word_1_236' title='bbox 473 4377 795 4450; x_wconf 87' lang='grc' dir='ltr'>Πλησθέντα</span> <span class='ocrx_word' id='word_1_237' title='bbox 823 4379 979 4454; x_wconf 81' lang='grc' dir='ltr'>τύψει</span> <span class='ocrx_word' id='word_1_238' title='bbox 1012 4387 1321 4458; x_wconf 84' lang='grc' dir='ltr'>συστροφῆς</span> <span class='ocrx_word' id='word_1_239' title='bbox 1348 4402 1410 4436; x_wconf 90' lang='grc' dir='ltr'>τε</span> <span class='ocrx_word' id='word_1_240' title='bbox 1434 4381 1524 4436; x_wconf 79' lang='grc' dir='ltr'>καὶ</span> <span class='ocrx_word' id='word_1_241' title='bbox 1552 4381 1801 4446; x_wconf 85' lang='grc' dir='ltr'>σκότους.</span> 
     </span>
    </p>
   </div>
   <div class='ocr_carea' id='block_1_46' title="bbox 476 4467 1686 4547">
    <p class='ocr_par' dir='ltr' id='par_1_46' title="bbox 476 4467 1686 4547">
     <span class='ocr_line' id='line_1_46' title="bbox 476 4467 1686 4547; baseline 0.003 -23"><span class='ocrx_word' id='word_1_242' title='bbox 476 4470 563 4525; x_wconf 82' lang='grc' dir='ltr'>Ἐν</span> <span class='ocrx_word' id='word_1_243' title='bbox 597 4474 723 4545; x_wconf 84' lang='grc' dir='ltr'>χρῷ</span> <span class='ocrx_word' id='word_1_244' title='bbox 755 4467 813 4524; x_wconf 75' lang='grc' dir='ltr'>δὲ</span> <span class='ocrx_word' id='word_1_245' title='bbox 842 4467 1095 4525; x_wconf 78' lang='grc' dir='ltr'>κινδύνου</span> <span class='ocrx_word' id='word_1_246' title='bbox 1126 4492 1190 4545; x_wconf 85' lang='grc' dir='ltr'>γε</span> <span class='ocrx_word' id='word_1_247' title='bbox 1220 4469 1350 4545; x_wconf 76' lang='grc' dir='ltr'>τῇδε</span> <span class='ocrx_word' id='word_1_248' title='bbox 1377 4471 1686 4547; x_wconf 78' lang='grc' dir='ltr'>τυγχάνων,</span> 
     </span>
    </p>
   </div>
   <div class='ocr_carea' id='block_1_47' title="bbox 472 4554 1527 4636">
    <p class='ocr_par' dir='ltr' id='par_1_47' title="bbox 472 4554 1527 4636">
     <span class='ocr_line' id='line_1_47' title="bbox 472 4554 1527 4636; baseline 0 -21"><span class='ocrx_word' id='word_1_249' title='bbox 472 4557 681 4636; x_wconf 71' lang='grc' dir='ltr'>Αἴφνης</span> <span class='ocrx_word' id='word_1_250' title='bbox 712 4559 901 4614; x_wconf 73' lang='grc' dir='ltr'>ἑαυτὸν</span> <span class='ocrx_word' id='word_1_251' title='bbox 934 4554 1221 4615; x_wconf 75' lang='grc' dir='ltr'>ἀναλαϐὼν</span> <span class='ocrx_word' id='word_1_252' title='bbox 1256 4561 1283 4615; x_wconf 83' lang='grc' dir='ltr'>ὁ</span> <span class='ocrx_word' id='word_1_253' title='bbox 1311 4563 1527 4636; x_wconf 88' lang='grc' dir='ltr'>κράτωρ</span> 
     </span>
    </p>
   </div>
   <div class='ocr_carea' id='block_1_48' title="bbox 474 4646 1673 4721">
    <p class='ocr_par' dir='ltr' id='par_1_48' title="bbox 474 4646 1673 4721">
     <span class='ocr_line' id='line_1_48' title="bbox 474 4646 1673 4721; baseline 0.003 -19"><span class='ocrx_word' id='word_1_254' title='bbox 474 4647 748 4718; x_wconf 78' lang='grc' dir='ltr'>Πλησθεὶς</span> <span class='ocrx_word' id='word_1_255' title='bbox 772 4670 833 4704; x_wconf 89' lang='grc' dir='ltr'>τε</span> <span class='ocrx_word' id='word_1_256' title='bbox 864 4649 1009 4713; x_wconf 84' lang='grc' dir='ltr'>θείας</span> <span class='ocrx_word' id='word_1_257' title='bbox 1042 4648 1092 4719; x_wconf 85' lang='grc' dir='ltr'>ἐξ</span> <span class='ocrx_word' id='word_1_258' title='bbox 1124 4648 1408 4714; x_wconf 81' lang='grc' dir='ltr'>ἐπιπνοίας</span> <span class='ocrx_word' id='word_1_259' title='bbox 1432 4646 1673 4721; x_wconf 79' lang='grc' dir='ltr'>σθένους,</span> 
     </span>
    </p>
   </div>
   <div class='ocr_carea' id='block_1_49' title="bbox 284 4735 1613 4813">
    <p class='ocr_par' dir='ltr' id='par_1_49' title="bbox 284 4735 1613 4813">
     <span class='ocr_line' id='line_1_49' title="bbox 284 4735 1613 4813; baseline 0.004 -23"><span class='ocrx_word' id='word_1_260' title='bbox 284 4739 438 4793; x_wconf 84' lang='grc'>7610</span> <span class='ocrx_word' id='word_1_261' title='bbox 482 4737 715 4801; x_wconf 78' lang='grc' dir='ltr'>Σπαθεὶς</span> <span class='ocrx_word' id='word_1_262' title='bbox 747 4737 835 4793; x_wconf 81' lang='grc' dir='ltr'>ἐπὶ</span> <span class='ocrx_word' id='word_1_263' title='bbox 866 4735 1038 4801; x_wconf 89' lang='grc' dir='ltr'>πόδας</span> <span class='ocrx_word' id='word_1_264' title='bbox 1066 4759 1124 4794; x_wconf 86' lang='grc' dir='ltr'>τε</span> <span class='ocrx_word' id='word_1_265' title='bbox 1155 4738 1415 4813; x_wconf 85' lang='grc' dir='ltr'>γενναίως</span> <span class='ocrx_word' id='word_1_266' title='bbox 1445 4738 1613 4811; x_wconf 85' lang='grc' dir='ltr'>μάλα,</span> 
     </span>
    </p>
   </div>
   <div class='ocr_carea' id='block_1_50' title="bbox 480 4825 1673 4903">
    <p class='ocr_par' dir='ltr' id='par_1_50' title="bbox 480 4825 1673 4903">
     <span class='ocr_line' id='line_1_50' title="bbox 480 4825 1673 4903; baseline 0.004 -24"><span class='ocrx_word' id='word_1_267' title='bbox 480 4826 690 4897; x_wconf 84' lang='grc' dir='ltr'>Στάθην</span> <span class='ocrx_word' id='word_1_268' title='bbox 722 4829 769 4881; x_wconf 89' lang='grc' dir='ltr'>τ’</span> <span class='ocrx_word' id='word_1_269' title='bbox 805 4826 1000 4903; x_wconf 81' lang='grc' dir='ltr'>ἐρύσας</span> <span class='ocrx_word' id='word_1_270' title='bbox 1030 4825 1263 4882; x_wconf 86' lang='grc' dir='ltr'>κουλεοῦ</span> <span class='ocrx_word' id='word_1_271' title='bbox 1287 4826 1471 4900; x_wconf 85' lang='grc' dir='ltr'>τέμνει</span> <span class='ocrx_word' id='word_1_272' title='bbox 1502 4827 1673 4891; x_wconf 86' lang='grc' dir='ltr'>πόδας</span> 
     </span>
    </p>
   </div>
   <div class='ocr_carea' id='block_1_51' title="bbox 478 4912 1642 4991">
    <p class='ocr_par' dir='ltr' id='par_1_51' title="bbox 478 4912 1642 4991">
     <span class='ocr_line' id='line_1_51' title="bbox 478 4912 1642 4991; baseline 0.003 -23"><span class='ocrx_word' id='word_1_273' title='bbox 478 4912 712 4983; x_wconf 87' lang='grc' dir='ltr'>Θηλείας</span> <span class='ocrx_word' id='word_1_274' title='bbox 739 4913 918 4970; x_wconf 65' lang='grc' dir='ltr'>’ίππου</span> <span class='ocrx_word' id='word_1_275' title='bbox 948 4915 1328 4989; x_wconf 89' lang='grc' dir='ltr'>Ηερσάνακτος</span> <span class='ocrx_word' id='word_1_276' title='bbox 1362 4915 1642 4991; x_wconf 81' lang='grc' dir='ltr'>εὐψύχως,</span> 
     </span>
    </p>
   </div>
   <div class='ocr_carea' id='block_1_52' title="bbox 478 5001 1576 5079">
    <p class='ocr_par' dir='ltr' id='par_1_52' title="bbox 478 5001 1576 5079">
     <span class='ocr_line' id='line_1_52' title="bbox 478 5001 1576 5079; baseline 0.003 -23"><span class='ocrx_word' id='word_1_277' title='bbox 478 5004 578 5056; x_wconf 82' lang='grc' dir='ltr'>Καὶ</span> <span class='ocrx_word' id='word_1_278' title='bbox 609 5002 763 5058; x_wconf 88' lang='grc' dir='ltr'>τόνδε</span> <span class='ocrx_word' id='word_1_279' title='bbox 796 5005 974 5079; x_wconf 82' lang='grc' dir='ltr'>χαμαὶ</span> <span class='ocrx_word' id='word_1_280' title='bbox 1000 5001 1299 5060; x_wconf 73' lang='grc' dir='ltr'>κατέϐαλεν</span> <span class='ocrx_word' id='word_1_281' title='bbox 1334 5004 1527 5078; x_wconf 75' lang='grc' dir='ltr'>ὑψόθεν</span> <span class='ocrx_word' id='word_1_282' title='bbox 1565 5025 1576 5037; x_wconf 82' lang='grc'><em>’</em></span> 
     </span>
    </p>
   </div>
   <div class='ocr_carea' id='block_1_53' title="bbox 474 5090 1535 5167">
    <p class='ocr_par' dir='ltr' id='par_1_53' title="bbox 474 5090 1535 5167">
     <span class='ocr_line' id='line_1_53' title="bbox 474 5090 1535 5167; baseline 0 -19"><span class='ocrx_word' id='word_1_283' title='bbox 474 5093 588 5148; x_wconf 74' lang='grc' dir='ltr'>Εἶτ’</span> <span class='ocrx_word' id='word_1_284' title='bbox 620 5091 872 5164; x_wconf 80' lang='grc' dir='ltr'>ἐξαπίνης</span> <span class='ocrx_word' id='word_1_285' title='bbox 908 5090 1144 5167; x_wconf 86' lang='grc' dir='ltr'>μηδενὸς</span> <span class='ocrx_word' id='word_1_286' title='bbox 1173 5097 1289 5157; x_wconf 79' lang='grc' dir='ltr'>πῶς</span> <span class='ocrx_word' id='word_1_287' title='bbox 1322 5091 1535 5156; x_wconf 70' lang='grc' dir='ltr'>εἰδότος</span> 
     </span>
    </p>
   </div>
   <div class='ocr_carea' id='block_1_54' title="bbox 289 5188 1702 5270">
    <p class='ocr_par' dir='ltr' id='par_1_54' title="bbox 289 5188 1702 5270">
     <span class='ocr_line' id='line_1_54' title="bbox 289 5188 1702 5270; baseline 0 -23"><span class='ocrx_word' id='word_1_288' title='bbox 289 5193 441 5247; x_wconf 79' lang='grc'>’7615</span> <span class='ocrx_word' id='word_1_289' title='bbox 483 5188 731 5245; x_wconf 82' lang='grc' dir='ltr'>Σουλτάν</span> <span class='ocrx_word' id='word_1_290' title='bbox 762 5190 929 5267; x_wconf 85' lang='grc' dir='ltr'>κάραν</span> <span class='ocrx_word' id='word_1_291' title='bbox 964 5189 1201 5263; x_wconf 87' lang='grc' dir='ltr'>τέτμητο</span> <span class='ocrx_word' id='word_1_292' title='bbox 1232 5192 1330 5260; x_wconf 72' lang='grc' dir='ltr'>τὴν</span> <span class='ocrx_word' id='word_1_293' title='bbox 1367 5193 1656 5270; x_wconf 86' lang='grc' dir='ltr'>μιαιφόνον</span> <span class='ocrx_word' id='word_1_294' title='bbox 1690 5213 1702 5223; x_wconf 95' lang='grc'>·</span> 
     </span>
    </p>
   </div>
   <div class='ocr_carea' id='block_1_55' title="bbox 480 5277 1710 5359">
    <p class='ocr_par' dir='ltr' id='par_1_55' title="bbox 480 5277 1710 5359">
     <span class='ocr_line' id='line_1_55' title="bbox 480 5277 1710 5359; baseline 0.004 -24"><span class='ocrx_word' id='word_1_295' title='bbox 480 5278 584 5335; x_wconf 83' lang='grc' dir='ltr'>Καὶ</span> <span class='ocrx_word' id='word_1_296' title='bbox 614 5277 808 5334; x_wconf 87' lang='grc' dir='ltr'>λοιπὸν</span> <span class='ocrx_word' id='word_1_297' title='bbox 839 5280 1104 5353; x_wconf 83' lang='grc' dir='ltr'>ἠνέγκατο</span> <span class='ocrx_word' id='word_1_298' title='bbox 1134 5281 1236 5350; x_wconf 69' lang='grc' dir='ltr'>τήν</span> <span class='ocrx_word' id='word_1_299' title='bbox 1267 5280 1419 5350; x_wconf 88' lang='grc' dir='ltr'>νίκην</span> <span class='ocrx_word' id='word_1_300' title='bbox 1448 5283 1710 5359; x_wconf 60' lang='grc' dir='ltr'>κράτωρ.ἷ</span> 
     </span>
    </p>
   </div>
   <div class='ocr_carea' id='block_1_56' title="bbox 479 5367 1495 5444">
    <p class='ocr_par' dir='ltr' id='par_1_56' title="bbox 479 5367 1495 5444">
     <span class='ocr_line' id='line_1_56' title="bbox 479 5367 1495 5444; baseline 0 -19"><span class='ocrx_word' id='word_1_301' title='bbox 479 5367 648 5425; x_wconf 88' lang='grc' dir='ltr'>Τουτὶ</span> <span class='ocrx_word' id='word_1_302' title='bbox 677 5369 1112 5444; x_wconf 86' lang='grc' dir='ltr'>τροπαιούχημα</span> <span class='ocrx_word' id='word_1_303' title='bbox 1139 5370 1230 5423; x_wconf 86' lang='grc' dir='ltr'>τὸν</span> <span class='ocrx_word' id='word_1_304' title='bbox 1266 5369 1495 5444; x_wconf 88' lang='grc' dir='ltr'>βασιλέα</span> 
     </span>
    </p>
   </div>
   <div class='ocr_carea' id='block_1_57' title="bbox 476 5454 1704 5537">
    <p class='ocr_par' dir='ltr' id='par_1_57' title="bbox 476 5454 1704 5537">
     <span class='ocr_line' id='line_1_57' title="bbox 476 5454 1704 5537; baseline 0.001 -25"><span class='ocrx_word' id='word_1_305' title='bbox 476 5462 634 5512; x_wconf 83' lang='grc' dir='ltr'>Ποιεῖ</span> <span class='ocrx_word' id='word_1_306' title='bbox 667 5459 763 5532; x_wconf 72' lang='grc' dir='ltr'>μὲν</span> <span class='ocrx_word' id='word_1_307' title='bbox 796 5458 1026 5534; x_wconf 73' lang='grc' dir='ltr'>ἰχθροῖς</span> <span class='ocrx_word' id='word_1_308' title='bbox 1062 5454 1358 5534; x_wconf 76' lang='grc' dir='ltr'>βαρϐάροις</span> <span class='ocrx_word' id='word_1_309' title='bbox 1387 5459 1704 5537; x_wconf 80' lang='grc' dir='ltr'>φρικαλέον,</span> 
     </span>
    </p>
   </div>
   <div class='ocr_carea' id='block_1_58' title="bbox 478 5548 1565 5628">
    <p class='ocr_par' dir='ltr' id='par_1_58' title="bbox 478 5548 1565 5628">
     <span class='ocr_line' id='line_1_58' title="bbox 478 5548 1565 5628; baseline -0.001 -21"><span class='ocrx_word' id='word_1_310' title='bbox 478 5548 640 5607; x_wconf 78' lang='grc' dir='ltr'>Ἦδὺν</span> <span class='ocrx_word' id='word_1_311' title='bbox 681 5551 948 5620; x_wconf 83' lang='grc' dir='ltr'>ὑπηκόοις</span> <span class='ocrx_word' id='word_1_312' title='bbox 980 5549 1035 5605; x_wconf 75' lang='grc' dir='ltr'>δὲ</span> <span class='ocrx_word' id='word_1_313' title='bbox 1065 5552 1154 5606; x_wconf 83' lang='grc' dir='ltr'>καὶ</span> <span class='ocrx_word' id='word_1_314' title='bbox 1185 5551 1522 5628; x_wconf 85' lang='grc' dir='ltr'>πεφιλμένον</span> <span class='ocrx_word' id='word_1_315' title='bbox 1553 5572 1565 5585; x_wconf 91' lang='grc'><strong>·</strong></span> 
     </span>
    </p>
   </div>
   <div class='ocr_carea' id='block_1_59' title="bbox 294 5636 1683 5713">
    <p class='ocr_par' dir='ltr' id='par_1_59' title="bbox 294 5636 1683 5713">
     <span class='ocr_line' id='line_1_59' title="bbox 294 5636 1683 5713; baseline -0.002 -16"><span class='ocrx_word' id='word_1_316' title='bbox 294 5643 444 5697; x_wconf 73' lang='grc'>7620</span> <span class='ocrx_word' id='word_1_317' title='bbox 485 5639 626 5710; x_wconf 81' lang='grc' dir='ltr'>Πρὸς</span> <span class='ocrx_word' id='word_1_318' title='bbox 654 5636 830 5693; x_wconf 78' lang='grc' dir='ltr'>τοῖσδ’</span> <span class='ocrx_word' id='word_1_319' title='bbox 860 5640 1054 5708; x_wconf 68' lang='grc' dir='ltr'>ἱκανῆς</span> <span class='ocrx_word' id='word_1_320' title='bbox 1084 5638 1381 5713; x_wconf 83' lang='grc' dir='ltr'>ἐμπιμπλᾷ</span> <span class='ocrx_word' id='word_1_321' title='bbox 1411 5638 1683 5713; x_wconf 86' lang='grc' dir='ltr'>θυμηδίας</span> 
     </span>
    </p>
   </div>
   <div class='ocr_carea' id='block_1_60' title="bbox 477 5728 1746 5805">
    <p class='ocr_par' dir='ltr' id='par_1_60' title="bbox 477 5728 1746 5805">
     <span class='ocr_line' id='line_1_60' title="bbox 477 5728 1746 5805; baseline 0.002 -21"><span class='ocrx_word' id='word_1_322' title='bbox 477 5731 582 5785; x_wconf 80' lang='grc' dir='ltr'>Καὶ</span> <span class='ocrx_word' id='word_1_323' title='bbox 611 5728 864 5801; x_wconf 77' lang='grc' dir='ltr'>λήματος</span> <span class='ocrx_word' id='word_1_324' title='bbox 892 5730 1120 5805; x_wconf 80' lang='grc' dir='ltr'>θάρσους</span> <span class='ocrx_word' id='word_1_325' title='bbox 1152 5750 1211 5785; x_wconf 89' lang='grc' dir='ltr'>τε</span> <span class='ocrx_word' id='word_1_326' title='bbox 1237 5730 1464 5792; x_wconf 84' lang='grc' dir='ltr'>τούτους</span> <span class='ocrx_word' id='word_1_327' title='bbox 1499 5730 1746 5794; x_wconf 85' lang='grc' dir='ltr'>εἰκότως.</span> 
     </span>
    </p>
   </div>
   <div class='ocr_carea' id='block_1_61' title="bbox 1824 401 2190 456">
    <p class='ocr_par' dir='ltr' id='par_1_61' title="bbox 1824 401 2190 456">
     <span class='ocr_line' id='line_1_61' title="bbox 1824 401 2190 456; baseline -0.008 0"><span class='ocrx_word' id='word_1_328' title='bbox 1824 401 2190 456; x_wconf 68' lang='grc' dir='ltr'>ΟΕΒΛΒΕΒ.</span> 
     </span>
    </p>
   </div>
   <div class='ocr_carea' id='block_1_62' title="bbox 1980 521 3247 595">
    <p class='ocr_par' dir='ltr' id='par_1_62' title="bbox 1980 521 3247 595">
     <span class='ocr_line' id='line_1_62' title="bbox 1980 521 3247 595; baseline 0 -17"><span class='ocrx_word' id='word_1_329' title='bbox 1980 525 2037 591; x_wconf 84' lang='grc' dir='ltr'><strong>Α</strong></span> <span class='ocrx_word' id='word_1_330' title='bbox 2067 524 2218 578; x_wconf 89' lang='lat' dir='ltr'>Dum</span> <span class='ocrx_word' id='word_1_331' title='bbox 2250 537 2388 595; x_wconf 90' lang='lat' dir='ltr'><strong>ergo</strong></span> <span class='ocrx_word' id='word_1_332' title='bbox 2418 521 2594 595; x_wconf 89' lang='lat' dir='ltr'><strong>longo</strong></span> <span class='ocrx_word' id='word_1_333' title='bbox 2626 523 2955 579; x_wconf 87' lang='lat' dir='ltr'><strong>diversatur</strong></span> <span class='ocrx_word' id='word_1_334' title='bbox 2985 526 3247 595; x_wconf 91' lang='lat' dir='ltr'><strong>tempore</strong></span> 
     </span>
    </p>
   </div>
   <div class='ocr_carea' id='block_1_63' title="bbox 2068 613 2983 670">
    <p class='ocr_par' dir='ltr' id='par_1_63' title="bbox 2068 613 2983 670">
     <span class='ocr_line' id='line_1_63' title="bbox 2068 613 2983 670; baseline -0.002 0"><span class='ocrx_word' id='word_1_335' title='bbox 2068 616 2129 670; x_wconf 80' lang='grc' dir='ltr'>[ιι</span> <span class='ocrx_word' id='word_1_336' title='bbox 2163 613 2464 670; x_wconf 82' lang='lat' dir='ltr'>Michaelis</span> <span class='ocrx_word' id='word_1_337' title='bbox 2496 614 2719 670; x_wconf 91' lang='lat' dir='ltr'><strong>ditione</strong></span> <span class='ocrx_word' id='word_1_338' title='bbox 2749 613 2983 668; x_wconf 85' lang='lat' dir='ltr'><strong>Alexius</strong></span> 
     </span>
    </p>
   </div>
   <div class='ocr_carea' id='block_1_64' title="bbox 2065 702 3312 774">
    <p class='ocr_par' dir='ltr' id='par_1_64' title="bbox 2065 702 3312 774">
     <span class='ocr_line' id='line_1_64' title="bbox 2065 702 3312 774; baseline 0.002 -18"><span class='ocrx_word' id='word_1_339' title='bbox 2065 702 2318 758; x_wconf 92' lang='lat' dir='ltr'><strong>moritur</strong></span> <span class='ocrx_word' id='word_1_340' title='bbox 2349 718 2420 757; x_wconf 91' lang='lat' dir='ltr'>ex</span> <span class='ocrx_word' id='word_1_341' title='bbox 2446 702 2651 758; x_wconf 89' lang='lat' dir='ltr'><strong>morbo</strong></span> <span class='ocrx_word' id='word_1_342' title='bbox 2684 702 3069 774; x_wconf 84' lang='lat' dir='ltr'><strong>Euphrosyne</strong></span> <span class='ocrx_word' id='word_1_343' title='bbox 3109 703 3312 774; x_wconf 89' lang='lat' dir='ltr'><strong>regina</strong></span> 
     </span>
    </p>
   </div>
   <div class='ocr_carea' id='block_1_65' title="bbox 2064 790 3160 863">
    <p class='ocr_par' dir='ltr' id='par_1_65' title="bbox 2064 790 3160 863">
     <span class='ocr_line' id='line_1_65' title="bbox 2064 790 3160 863; baseline 0.001 -17"><span class='ocrx_word' id='word_1_344' title='bbox 2064 796 2242 863; x_wconf 91' lang='lat' dir='ltr'><strong>atque</strong></span> <span class='ocrx_word' id='word_1_345' title='bbox 2276 792 2330 845; x_wconf 91' lang='lat' dir='ltr'>in</span> <span class='ocrx_word' id='word_1_346' title='bbox 2367 791 2650 863; x_wconf 89' lang='lat' dir='ltr'>oppidulo</span> <span class='ocrx_word' id='word_1_347' title='bbox 2683 790 2968 863; x_wconf 82' lang='lat' dir='ltr'>sepelitur</span> <span class='ocrx_word' id='word_1_348' title='bbox 2997 797 3160 847; x_wconf 85' lang='lat' dir='ltr'><strong>Arta.</strong></span> 
     </span>
    </p>
   </div>
   <div class='ocr_carea' id='block_1_66' title="bbox 2066 880 3100 952">
    <p class='ocr_par' dir='ltr' id='par_1_66' title="bbox 2066 880 3100 952">
     <span class='ocr_line' id='line_1_66' title="bbox 2066 880 3100 952; baseline -0.001 -16"><span class='ocrx_word' id='word_1_349' title='bbox 2066 881 2198 951; x_wconf 85' lang='lat' dir='ltr'>Ipse</span> <span class='ocrx_word' id='word_1_350' title='bbox 2230 880 2525 952; x_wconf 81' lang='lat' dir='ltr'>navigavit</span> <span class='ocrx_word' id='word_1_351' title='bbox 2553 882 2623 935; x_wconf 91' lang='lat' dir='ltr'>ad</span> <span class='ocrx_word' id='word_1_352' title='bbox 2662 881 2868 935; x_wconf 86' lang='lat' dir='ltr'>urbem</span> <span class='ocrx_word' id='word_1_353' title='bbox 2902 881 3100 949; x_wconf 82' lang='lat' dir='ltr'>Attali,</span> 
     </span>
    </p>
   </div>
   <div class='ocr_carea' id='block_1_67' title="bbox 2064 967 3111 1041">
    <p class='ocr_par' dir='ltr' id='par_1_67' title="bbox 2064 967 3111 1041">
     <span class='ocr_line' id='line_1_67' title="bbox 2064 967 3111 1041; baseline 0.003 -20"><span class='ocrx_word' id='word_1_354' title='bbox 2064 969 2164 1023; x_wconf 90' lang='lat' dir='ltr'>ubi</span> <span class='ocrx_word' id='word_1_355' title='bbox 2195 973 2285 1024; x_wconf 90' lang='lat' dir='ltr'>est</span> <span class='ocrx_word' id='word_1_356' title='bbox 2317 974 2630 1041; x_wconf 85' lang='lat' dir='ltr'><strong>susceptus</strong></span> <span class='ocrx_word' id='word_1_357' title='bbox 2664 968 2859 1023; x_wconf 88' lang='lat' dir='ltr'><strong>animo</strong></span> <span class='ocrx_word' id='word_1_358' title='bbox 2892 967 3111 1025; x_wconf 83' lang='lat' dir='ltr'>libente</span> 
     </span>
    </p>
   </div>
   <div class='ocr_carea' id='block_1_68' title="bbox 2020 1057 3064 1127">
    <p class='ocr_par' dir='ltr' id='par_1_68' title="bbox 2020 1057 3064 1127">
     <span class='ocr_line' id='line_1_68' title="bbox 2020 1057 3064 1127; baseline -0.004 -10"><span class='ocrx_word' id='word_1_359' title='bbox 2020 1114 2023 1117; x_wconf 32' lang='grc' dir='ltr'>γ</span> <span class='ocrx_word' id='word_1_360' title='bbox 2063 1075 2097 1114; x_wconf 91' lang='lat' dir='ltr'>a</span> <span class='ocrx_word' id='word_1_361' title='bbox 2127 1059 2455 1114; x_wconf 89' lang='lat' dir='ltr'><strong>Turcarum</strong></span> <span class='ocrx_word' id='word_1_362' title='bbox 2488 1057 2721 1114; x_wconf 88' lang='lat' dir='ltr'><strong>sultano</strong></span> <span class='ocrx_word' id='word_1_363' title='bbox 2754 1057 3064 1127; x_wconf 89' lang='lat' dir='ltr'><strong>Iathatine,</strong></span> 
     </span>
    </p>
   </div>
   <div class='ocr_carea' id='block_1_69' title="bbox 2062 1146 3197 1220">
    <p class='ocr_par' dir='ltr' id='par_1_69' title="bbox 2062 1146 3197 1220">
     <span class='ocr_line' id='line_1_69' title="bbox 2062 1146 3197 1220; baseline 0.001 -19"><span class='ocrx_word' id='word_1_364' title='bbox 2062 1162 2239 1217; x_wconf 82' lang='lat' dir='ltr'>quem</span> <span class='ocrx_word' id='word_1_365' title='bbox 2274 1147 2403 1220; x_wconf 91' lang='lat' dir='ltr'><strong>ipse</strong></span> <span class='ocrx_word' id='word_1_366' title='bbox 2434 1146 2575 1203; x_wconf 92' lang='lat' dir='ltr'><strong>olim</strong></span> <span class='ocrx_word' id='word_1_367' title='bbox 2608 1147 2925 1219; x_wconf 85' lang='lat' dir='ltr'><strong>profugum</strong></span> <span class='ocrx_word' id='word_1_368' title='bbox 2958 1164 2991 1201; x_wconf 92' lang='lat' dir='ltr'>a</span> <span class='ocrx_word' id='word_1_369' title='bbox 3018 1147 3197 1202; x_wconf 89' lang='lat' dir='ltr'><strong>fratre</strong></span> 
     </span>
    </p>
   </div>
   <div class='ocr_carea' id='block_1_70' title="bbox 2060 1236 3234 1308">
    <p class='ocr_par' dir='ltr' id='par_1_70' title="bbox 2060 1236 3234 1308">
     <span class='ocr_line' id='line_1_70' title="bbox 2060 1236 3234 1308; baseline -0.001 -15"><span class='ocrx_word' id='word_1_370' title='bbox 2060 1236 2572 1308; x_wconf 82' lang='lat' dir='ltr'>Constantinopoli</span> <span class='ocrx_word' id='word_1_371' title='bbox 2604 1237 2897 1306; x_wconf 83' lang='lat' dir='ltr'>hospitem</span> <span class='ocrx_word' id='word_1_372' title='bbox 2930 1240 3234 1308; x_wconf 82' lang='lat' dir='ltr'>exceperat</span> 
     </span>
    </p>
   </div>
   <div class='ocr_carea' id='block_1_71' title="bbox 2062 1324 3183 1398">
    <p class='ocr_par' dir='ltr' id='par_1_71' title="bbox 2062 1324 3183 1398">
     <span class='ocr_line' id='line_1_71' title="bbox 2062 1324 3183 1398; baseline -0.002 -16"><span class='ocrx_word' id='word_1_373' title='bbox 2062 1331 2118 1382; x_wconf 90' lang='lat' dir='ltr'><strong>et</strong></span> <span class='ocrx_word' id='word_1_374' title='bbox 2146 1326 2205 1382; x_wconf 91' lang='lat' dir='ltr'>in</span> <span class='ocrx_word' id='word_1_375' title='bbox 2239 1326 2532 1398; x_wconf 88' lang='lat' dir='ltr'><strong>baptismo</strong></span> <span class='ocrx_word' id='word_1_376' title='bbox 2568 1324 2755 1380; x_wconf 80' lang='lat' dir='ltr'><strong>filium</strong></span> <span class='ocrx_word' id='word_1_377' title='bbox 2789 1326 3183 1397; x_wconf 86' lang='lat' dir='ltr'><strong>adeptaverat.</strong></span> 
     </span>
    </p>
   </div>
   <div class='ocr_carea' id='block_1_72' title="bbox 2061 1415 3331 1488">
    <p class='ocr_par' dir='ltr' id='par_1_72' title="bbox 2061 1415 3331 1488">
     <span class='ocr_line' id='line_1_72' title="bbox 2061 1415 3331 1488; baseline 0.001 -18"><span class='ocrx_word' id='word_1_378' title='bbox 2061 1416 2302 1487; x_wconf 85' lang='lat' dir='ltr'>quicum</span> <span class='ocrx_word' id='word_1_379' title='bbox 2337 1415 2677 1488; x_wconf 82' lang='lat' dir='ltr'><strong>Byzantium</strong></span> <span class='ocrx_word' id='word_1_380' title='bbox 2710 1431 2941 1485; x_wconf 92' lang='lat' dir='ltr'><strong>quoque</strong></span> <span class='ocrx_word' id='word_1_381' title='bbox 2973 1415 3331 1471; x_wconf 83' lang='lat' dir='ltr'>deseruerat.</span> 
     </span>
    </p>
   </div>
   <div class='ocr_carea' id='block_1_73' title="bbox 2059 1504 3333 1576">
    <p class='ocr_par' dir='ltr' id='par_1_73' title="bbox 2059 1504 3333 1576">
     <span class='ocr_line' id='line_1_73' title="bbox 2059 1504 3333 1576; baseline 0.001 -16"><span class='ocrx_word' id='word_1_382' title='bbox 2059 1505 2172 1560; x_wconf 88' lang='lat' dir='ltr'>Sed</span> <span class='ocrx_word' id='word_1_383' title='bbox 2206 1510 2409 1576; x_wconf 89' lang='lat' dir='ltr'><strong>postea</strong></span> <span class='ocrx_word' id='word_1_384' title='bbox 2439 1504 2776 1560; x_wconf 89' lang='lat' dir='ltr'><strong>Iathanines</strong></span> <span class='ocrx_word' id='word_1_385' title='bbox 2810 1504 3006 1559; x_wconf 92' lang='lat' dir='ltr'><strong>nescio</strong></span> <span class='ocrx_word' id='word_1_386' title='bbox 3038 1507 3333 1575; x_wconf 90' lang='lat' dir='ltr'><strong>quomodo</strong></span> 
     </span>
    </p>
   </div>
   <div class='ocr_carea' id='block_1_74' title="bbox 2062 1593 3187 1665">
    <p class='ocr_par' dir='ltr' id='par_1_74' title="bbox 2062 1593 3187 1665">
     <span class='ocr_line' id='line_1_74' title="bbox 2062 1593 3187 1665; baseline 0.001 -17"><span class='ocrx_word' id='word_1_387' title='bbox 2062 1593 2314 1650; x_wconf 90' lang='lat' dir='ltr'><strong>feliciter</strong></span> <span class='ocrx_word' id='word_1_388' title='bbox 2345 1611 2612 1650; x_wconf 84' lang='lat' dir='ltr'>reversus</span> <span class='ocrx_word' id='word_1_389' title='bbox 2643 1594 2703 1648; x_wconf 92' lang='lat' dir='ltr'>in</span> <span class='ocrx_word' id='word_1_390' title='bbox 2736 1594 2985 1665; x_wconf 90' lang='lat' dir='ltr'><strong>patriam</strong></span> <span class='ocrx_word' id='word_1_391' title='bbox 3020 1611 3187 1649; x_wconf 89' lang='lat' dir='ltr'><strong>suam</strong></span> 
     </span>
    </p>
   </div>
   <div class='ocr_carea' id='block_1_75' title="bbox 2061 1682 3357 1739">
    <p class='ocr_par' dir='ltr' id='par_1_75' title="bbox 2061 1682 3357 1739">
     <span class='ocr_line' id='line_1_75' title="bbox 2061 1682 3357 1739; baseline 0 0"><span class='ocrx_word' id='word_1_392' title='bbox 2061 1685 2387 1739; x_wconf 89' lang='lat' dir='ltr'><strong>Turcarum</strong></span> <span class='ocrx_word' id='word_1_393' title='bbox 2418 1701 2518 1739; x_wconf 85' lang='lat' dir='ltr'>rex</span> <span class='ocrx_word' id='word_1_394' title='bbox 2547 1688 2605 1739; x_wconf 91' lang='lat' dir='ltr'><strong>et</strong></span> <span class='ocrx_word' id='word_1_395' title='bbox 2634 1682 2903 1739; x_wconf 89' lang='lat' dir='ltr'><strong>sultanus</strong></span> <span class='ocrx_word' id='word_1_396' title='bbox 2938 1683 3120 1738; x_wconf 87' lang='lat' dir='ltr'><strong>Iconii</strong></span> <span class='ocrx_word' id='word_1_397' title='bbox 3154 1684 3357 1739; x_wconf 85' lang='lat' dir='ltr'>evasit.</span> 
     </span>
    </p>
   </div>
   <div class='ocr_carea' id='block_1_76' title="bbox 2066 1781 3096 1853">
    <p class='ocr_par' dir='ltr' id='par_1_76' title="bbox 2066 1781 3096 1853">
     <span class='ocr_line' id='line_1_76' title="bbox 2066 1781 3096 1853; baseline 0.002 -18"><span class='ocrx_word' id='word_1_398' title='bbox 2066 1781 2167 1837; x_wconf 85' lang='lat' dir='ltr'><strong>Hic</strong></span> <span class='ocrx_word' id='word_1_399' title='bbox 2198 1798 2332 1853; x_wconf 87' lang='lat' dir='ltr'><strong>ergo</strong></span> <span class='ocrx_word' id='word_1_400' title='bbox 2365 1786 2506 1838; x_wconf 90' lang='lat' dir='ltr'><strong>tunc</strong></span> <span class='ocrx_word' id='word_1_401' title='bbox 2535 1798 2866 1837; x_wconf 72' lang='lat' dir='ltr'><strong>mrumnoso</strong></span> <span class='ocrx_word' id='word_1_402' title='bbox 2896 1781 3096 1837; x_wconf 81' lang='lat' dir='ltr'><strong>Alexio</strong></span> 
     </span>
    </p>
   </div>
   <div class='ocr_carea' id='block_1_77' title="bbox 1982 1870 2953 1946">
    <p class='ocr_par' dir='ltr' id='par_1_77' title="bbox 1982 1870 2953 1946">
     <span class='ocr_line' id='line_1_77' title="bbox 1982 1870 2953 1946; baseline 0.001 -22"><span class='ocrx_word' id='word_1_403' title='bbox 1982 1881 2031 1946; x_wconf 85' lang='grc' dir='ltr'><strong>Β</strong></span> <span class='ocrx_word' id='word_1_404' title='bbox 2062 1887 2163 1925; x_wconf 89' lang='lat' dir='ltr'>ara</span> <span class='ocrx_word' id='word_1_405' title='bbox 2191 1870 2405 1927; x_wconf 87' lang='lat' dir='ltr'><strong>salutis</strong></span> <span class='ocrx_word' id='word_1_406' title='bbox 2437 1872 2544 1927; x_wconf 87' lang='lat' dir='ltr'><strong>fuit</strong></span> <span class='ocrx_word' id='word_1_407' title='bbox 2575 1875 2633 1926; x_wconf 90' lang='lat' dir='ltr'><strong>et</strong></span> <span class='ocrx_word' id='word_1_408' title='bbox 2664 1870 2953 1927; x_wconf 90' lang='lat' dir='ltr'><strong>solamen.</strong></span> 
     </span>
    </p>
   </div>
   <div class='ocr_carea' id='block_1_78' title="bbox 2064 1960 3273 2033">
    <p class='ocr_par' dir='ltr' id='par_1_78' title="bbox 2064 1960 3273 2033">
     <span class='ocr_line' id='line_1_78' title="bbox 2064 1960 3273 2033; baseline 0.002 -18"><span class='ocrx_word' id='word_1_409' title='bbox 2064 1960 2296 2015; x_wconf 89' lang='lat' dir='ltr'><strong>Etenim</strong></span> <span class='ocrx_word' id='word_1_410' title='bbox 2329 1961 2580 2017; x_wconf 87' lang='lat' dir='ltr'>reddens</span> <span class='ocrx_word' id='word_1_411' title='bbox 2611 1960 2968 2033; x_wconf 85' lang='lat' dir='ltr'><strong>supplicanti</strong></span> <span class='ocrx_word' id='word_1_412' title='bbox 3000 1962 3273 2033; x_wconf 84' lang='lat' dir='ltr'><strong>gratiam,</strong></span> 
     </span>
    </p>
   </div>
   <div class='ocr_carea' id='block_1_79' title="bbox 2064 2049 3245 2121">
    <p class='ocr_par' dir='ltr' id='par_1_79' title="bbox 2064 2049 3245 2121">
     <span class='ocr_line' id='line_1_79' title="bbox 2064 2049 3245 2121; baseline 0.003 -18"><span class='ocrx_word' id='word_1_413' title='bbox 2064 2049 2249 2105; x_wconf 89' lang='lat' dir='ltr'><strong>misso</strong></span> <span class='ocrx_word' id='word_1_414' title='bbox 2281 2050 2353 2105; x_wconf 90' lang='lat' dir='ltr'>ad</span> <span class='ocrx_word' id='word_1_415' title='bbox 2385 2050 2679 2106; x_wconf 84' lang='lat' dir='ltr'><strong>novellum</strong></span> <span class='ocrx_word' id='word_1_416' title='bbox 2711 2050 2999 2106; x_wconf 66' lang='lat' dir='ltr'><strong>Caesarem</strong></span> <span class='ocrx_word' id='word_1_417' title='bbox 3030 2052 3245 2121; x_wconf 88' lang='lat' dir='ltr'><strong>legato,</strong></span> 
     </span>
    </p>
   </div>
   <div class='ocr_carea' id='block_1_80' title="bbox 2064 2137 3165 2211">
    <p class='ocr_par' dir='ltr' id='par_1_80' title="bbox 2064 2137 3165 2211">
     <span class='ocr_line' id='line_1_80' title="bbox 2064 2137 3165 2211; baseline 0.001 -18"><span class='ocrx_word' id='word_1_418' title='bbox 2064 2137 2337 2195; x_wconf 83' lang='lat' dir='ltr'><strong>hortatus</strong></span> <span class='ocrx_word' id='word_1_419' title='bbox 2367 2144 2455 2194; x_wconf 88' lang='lat' dir='ltr'>est</span> <span class='ocrx_word' id='word_1_420' title='bbox 2486 2143 2549 2194; x_wconf 91' lang='lat' dir='ltr'>ut</span> <span class='ocrx_word' id='word_1_421' title='bbox 2579 2139 2827 2211; x_wconf 91' lang='lat' dir='ltr'><strong>imperio</strong></span> <span class='ocrx_word' id='word_1_422' title='bbox 2862 2141 3165 2196; x_wconf 86' lang='lat' dir='ltr'>decederet</span> 
     </span>
    </p>
   </div>
   <div class='ocr_carea' id='block_1_81' title="bbox 2062 2230 2905 2301">
    <p class='ocr_par' dir='ltr' id='par_1_81' title="bbox 2062 2230 2905 2301">
     <span class='ocr_line' id='line_1_81' title="bbox 2062 2230 2905 2301; baseline 0.004 -18"><span class='ocrx_word' id='word_1_423' title='bbox 2062 2245 2263 2284; x_wconf 87' lang='lat' dir='ltr'><strong>socero</strong></span> <span class='ocrx_word' id='word_1_424' title='bbox 2296 2246 2404 2284; x_wconf 90' lang='lat' dir='ltr'>suo</span> <span class='ocrx_word' id='word_1_425' title='bbox 2436 2230 2675 2285; x_wconf 90' lang='lat' dir='ltr'><strong>domino</strong></span> <span class='ocrx_word' id='word_1_426' title='bbox 2708 2230 2905 2301; x_wconf 89' lang='lat' dir='ltr'><strong>priori.</strong></span> 
     </span>
    </p>
   </div>
   <div class='ocr_carea' id='block_1_82' title="bbox 2062 2318 3277 2391">
    <p class='ocr_par' dir='ltr' id='par_1_82' title="bbox 2062 2318 3277 2391">
     <span class='ocr_line' id='line_1_82' title="bbox 2062 2318 3277 2391; baseline 0.002 -18"><span class='ocrx_word' id='word_1_427' title='bbox 2062 2318 2279 2375; x_wconf 93' lang='lat' dir='ltr'><strong>Deinde</strong></span> <span class='ocrx_word' id='word_1_428' title='bbox 2310 2318 2566 2391; x_wconf 87' lang='lat' dir='ltr'><strong>sumptis</strong></span> <span class='ocrx_word' id='word_1_429' title='bbox 2600 2324 2801 2375; x_wconf 90' lang='lat' dir='ltr'><strong>contra</strong></span> <span class='ocrx_word' id='word_1_430' title='bbox 2832 2324 3064 2375; x_wconf 90' lang='lat' dir='ltr'><strong>nostros</strong></span> <span class='ocrx_word' id='word_1_431' title='bbox 3096 2321 3277 2375; x_wconf 90' lang='lat' dir='ltr'><strong>armis</strong></span> 
     </span>
    </p>
   </div>
   <div class='ocr_carea' id='block_1_83' title="bbox 2062 2408 3275 2479">
    <p class='ocr_par' dir='ltr' id='par_1_83' title="bbox 2062 2408 3275 2479">
     <span class='ocr_line' id='line_1_83' title="bbox 2062 2408 3275 2479; baseline 0.001 -16"><span class='ocrx_word' id='word_1_432' title='bbox 2062 2423 2337 2479; x_wconf 84' lang='lat' dir='ltr'><strong>egressus</strong></span> <span class='ocrx_word' id='word_1_433' title='bbox 2371 2412 2462 2464; x_wconf 89' lang='lat' dir='ltr'>est</span> <span class='ocrx_word' id='word_1_434' title='bbox 2491 2425 2626 2463; x_wconf 89' lang='lat' dir='ltr'>cum</span> <span class='ocrx_word' id='word_1_435' title='bbox 2657 2408 2969 2465; x_wconf 89' lang='lat' dir='ltr'><strong>innumero</strong></span> <span class='ocrx_word' id='word_1_436' title='bbox 2995 2410 3275 2475; x_wconf 86' lang='lat' dir='ltr'><strong>exercitu,</strong></span> 
     </span>
    </p>
   </div>
   <div class='ocr_carea' id='block_1_84' title="bbox 2038 2496 3314 2561">
    <p class='ocr_par' dir='ltr' id='par_1_84' title="bbox 2038 2496 3314 2561">
     <span class='ocr_line' id='line_1_84' title="bbox 2038 2496 3314 2561; baseline 0.002 -11"><span class='ocrx_word' id='word_1_437' title='bbox 2038 2496 2321 2552; x_wconf 85' lang='lat' dir='ltr'><strong>-exsulem</strong></span> <span class='ocrx_word' id='word_1_438' title='bbox 2355 2496 2577 2553; x_wconf 84' lang='lat' dir='ltr'><strong>habens</strong></span> <span class='ocrx_word' id='word_1_439' title='bbox 2607 2497 2665 2551; x_wconf 93' lang='lat' dir='ltr'>in</span> <span class='ocrx_word' id='word_1_440' title='bbox 2699 2497 2981 2553; x_wconf 86' lang='lat' dir='ltr'><strong>comitatu</strong></span> <span class='ocrx_word' id='word_1_441' title='bbox 3012 2497 3314 2561; x_wconf 85' lang='lat' dir='ltr'><strong>Alexium;</strong></span> 
     </span>
    </p>
   </div>
   <div class='ocr_carea' id='block_1_85' title="bbox 2060 2594 3155 2666">
    <p class='ocr_par' dir='ltr' id='par_1_85' title="bbox 2060 2594 3155 2666">
     <span class='ocr_line' id='line_1_85' title="bbox 2060 2594 3155 2666; baseline 0.001 -17"><span class='ocrx_word' id='word_1_442' title='bbox 2060 2594 2896 2666; x_wconf 66' lang='lat' dir='ltr'><strong>Antiochiamque&#39;pccupavit</strong></span> <span class='ocrx_word' id='word_1_443' title='bbox 2927 2596 3155 2665; x_wconf 85' lang='lat' dir='ltr'><strong>urbem,</strong></span> 
     </span>
    </p>
   </div>
   <div class='ocr_carea' id='block_1_86' title="bbox 2061 2683 3260 2741">
    <p class='ocr_par' dir='ltr' id='par_1_86' title="bbox 2061 2683 3260 2741">
     <span class='ocr_line' id='line_1_86' title="bbox 2061 2683 3260 2741; baseline 0.002 -3"><span class='ocrx_word' id='word_1_444' title='bbox 2061 2683 2223 2740; x_wconf 88' lang='lat' dir='ltr'><strong>illam</strong></span> <span class='ocrx_word' id='word_1_445' title='bbox 2256 2684 2528 2740; x_wconf 82' lang='lat' dir='ltr'><strong>videlicet</strong></span> <span class='ocrx_word' id='word_1_446' title='bbox 2557 2686 2627 2740; x_wconf 88' lang='lat' dir='ltr'>ad</span> <span class='ocrx_word' id='word_1_447' title='bbox 2660 2686 3025 2741; x_wconf 80' lang='lat' dir='ltr'><strong>Maeandrum</strong></span> <span class='ocrx_word' id='word_1_448' title='bbox 3062 2684 3260 2740; x_wconf 83' lang='lat' dir='ltr'><strong>sitam.</strong></span> 
     </span>
    </p>
   </div>
   <div class='ocr_carea' id='block_1_87' title="bbox 2057 2773 3253 2845">
    <p class='ocr_par' dir='ltr' id='par_1_87' title="bbox 2057 2773 3253 2845">
     <span class='ocr_line' id='line_1_87' title="bbox 2057 2773 3253 2845; baseline 0 -17"><span class='ocrx_word' id='word_1_449' title='bbox 2057 2775 2132 2828; x_wconf 86' lang='lat' dir='ltr'><strong>At</strong></span> <span class='ocrx_word' id='word_1_450' title='bbox 2164 2790 2356 2845; x_wconf 90' lang='lat' dir='ltr'><strong>neque</strong></span> <span class='ocrx_word' id='word_1_451' title='bbox 2390 2773 2658 2830; x_wconf 88' lang='lat' dir='ltr'><strong>Lascaris</strong></span> <span class='ocrx_word' id='word_1_452' title='bbox 2688 2776 2866 2830; x_wconf 89' lang='lat' dir='ltr'><strong>rebus</strong></span> <span class='ocrx_word' id='word_1_453' title='bbox 2893 2774 3021 2830; x_wconf 85' lang='lat' dir='ltr'><strong>suis</strong></span> <span class='ocrx_word' id='word_1_454' title='bbox 3052 2774 3253 2829; x_wconf 85' lang='lat' dir='ltr'><strong>deerat</strong></span> 
     </span>
    </p>
   </div>
   <div class='ocr_carea' id='block_1_88' title="bbox 2061 2861 3444 2934">
    <p class='ocr_par' dir='ltr' id='par_1_88' title="bbox 2061 2861 3444 2934">
     <span class='ocr_line' id='line_1_88' title="bbox 2061 2861 3444 2934; baseline 0.003 -19"><span class='ocrx_word' id='word_1_455' title='bbox 2061 2862 2161 2932; x_wconf 90' lang='lat' dir='ltr'><strong>qui</strong></span> <span class='ocrx_word' id='word_1_456' title='bbox 2196 2862 2585 2934; x_wconf 84' lang='lat' dir='ltr'><strong>congregatis,</strong></span> <span class='ocrx_word' id='word_1_457' title='bbox 2620 2866 2908 2934; x_wconf 89' lang='lat' dir='ltr'><strong>quotquot</strong></span> <span class='ocrx_word' id='word_1_458' title='bbox 2935 2861 3164 2928; x_wconf 88' lang='lat' dir='ltr'><strong>habuit,</strong></span> <span class='ocrx_word' id='word_1_459' title='bbox 3198 2862 3444 2933; x_wconf 87' lang='lat' dir='ltr'><strong>viribus,</strong></span> 
     </span>
    </p>
   </div>
   <div class='ocr_carea' id='block_1_89' title="bbox 2060 2950 3527 3022">
    <p class='ocr_par' dir='ltr' id='par_1_89' title="bbox 2060 2950 3527 3022">
     <span class='ocr_line' id='line_1_89' title="bbox 2060 2950 3527 3022; baseline 0.001 -17"><span class='ocrx_word' id='word_1_460' title='bbox 2060 2966 2345 3022; x_wconf 83' lang='lat' dir='ltr'><strong>spemque</strong></span> <span class='ocrx_word' id='word_1_461' title='bbox 2378 2967 2545 3005; x_wconf 89' lang='lat' dir='ltr'><strong>suam</strong></span> <span class='ocrx_word' id='word_1_462' title='bbox 2581 2950 2873 3006; x_wconf 85' lang='lat' dir='ltr'><strong>collocans</strong></span> <span class='ocrx_word' id='word_1_463' title='bbox 2901 2951 2961 3006; x_wconf 89' lang='lat' dir='ltr'>in</span> <span class='ocrx_word' id='word_1_464' title='bbox 2992 2950 3224 3007; x_wconf 90' lang='lat' dir='ltr'><strong>Christo</strong></span> <span class='ocrx_word' id='word_1_465' title='bbox 3254 2951 3527 3020; x_wconf 89' lang='lat' dir='ltr'><strong>Domino,</strong></span> 
     </span>
    </p>
   </div>
   <div class='ocr_carea' id='block_1_90' title="bbox 2061 3038 3107 3094">
    <p class='ocr_par' dir='ltr' id='par_1_90' title="bbox 2061 3038 3107 3094">
     <span class='ocr_line' id='line_1_90' title="bbox 2061 3038 3107 3094; baseline 0 -1"><span class='ocrx_word' id='word_1_466' title='bbox 2061 3042 2263 3094; x_wconf 91' lang='lat' dir='ltr'><strong>contra</strong></span> <span class='ocrx_word' id='word_1_467' title='bbox 2295 3038 2602 3094; x_wconf 89' lang='lat' dir='ltr'><strong>sultanum</strong></span> <span class='ocrx_word' id='word_1_468' title='bbox 2638 3040 2778 3094; x_wconf 85' lang='lat' dir='ltr'><strong>exiit</strong></span> <span class='ocrx_word' id='word_1_469' title='bbox 2808 3040 3107 3094; x_wconf 75' lang='lat' dir='ltr'><strong>audacter.</strong></span> 
     </span>
    </p>
   </div>
   <div class='ocr_carea' id='block_1_91' title="bbox 2059 3127 3268 3201">
    <p class='ocr_par' dir='ltr' id='par_1_91' title="bbox 2059 3127 3268 3201">
     <span class='ocr_line' id='line_1_91' title="bbox 2059 3127 3268 3201; baseline 0 -18"><span class='ocrx_word' id='word_1_470' title='bbox 2059 3128 2167 3183; x_wconf 82' lang='lat' dir='ltr'>Sed</span> <span class='ocrx_word' id='word_1_471' title='bbox 2201 3144 2336 3183; x_wconf 87' lang='lat' dir='ltr'>mox</span> <span class='ocrx_word' id='word_1_472' title='bbox 2364 3132 2633 3183; x_wconf 91' lang='lat' dir='ltr'><strong>conserto</strong></span> <span class='ocrx_word' id='word_1_473' title='bbox 2664 3127 2863 3201; x_wconf 79' lang='lat' dir='ltr'><strong>praelia</strong></span> <span class='ocrx_word' id='word_1_474' title='bbox 2893 3127 3268 3199; x_wconf 89' lang='lat' dir='ltr'><strong>gravissimo,</strong></span> 
     </span>
    </p>
   </div>
   <div class='ocr_carea' id='block_1_92' title="bbox 1980 3217 3075 3314">
    <p class='ocr_par' dir='ltr' id='par_1_92' title="bbox 1980 3217 3075 3314">
     <span class='ocr_line' id='line_1_92' title="bbox 1980 3217 3075 3314; baseline -0.001 -42"><span class='ocrx_word' id='word_1_475' title='bbox 1980 3248 2021 3314; x_wconf 65' lang='grc' dir='ltr'>Ο</span> <span class='ocrx_word' id='word_1_476' title='bbox 2062 3217 2319 3272; x_wconf 85' lang='lat' dir='ltr'><strong>maxima</strong></span> <span class='ocrx_word' id='word_1_477' title='bbox 2350 3234 2487 3288; x_wconf 89' lang='lat' dir='ltr'><strong>pars</strong></span> <span class='ocrx_word' id='word_1_478' title='bbox 2520 3217 2812 3273; x_wconf 85' lang='lat' dir='ltr'><strong>exercitus</strong></span> <span class='ocrx_word' id='word_1_479' title='bbox 2838 3218 3075 3273; x_wconf 64' lang='lat' dir='ltr'><strong>cassarei</strong></span> 
     </span>
    </p>
   </div>
   <div class='ocr_carea' id='block_1_93' title="bbox 2063 3303 3387 3376">
    <p class='ocr_par' dir='ltr' id='par_1_93' title="bbox 2063 3303 3387 3376">
     <span class='ocr_line' id='line_1_93' title="bbox 2063 3303 3387 3376; baseline 0 -15"><span class='ocrx_word' id='word_1_480' title='bbox 2063 3322 2211 3361; x_wconf 68' lang='lat' dir='ltr'><strong>caesa</strong></span> <span class='ocrx_word' id='word_1_481' title='bbox 2241 3309 2356 3374; x_wconf 90' lang='lat' dir='ltr'><strong>est,</strong></span> <span class='ocrx_word' id='word_1_482' title='bbox 2387 3305 2611 3361; x_wconf 88' lang='lat' dir='ltr'><strong>Latinis</strong></span> <span class='ocrx_word' id='word_1_483' title='bbox 2642 3310 2925 3361; x_wconf 87' lang='lat' dir='ltr'><strong>constans</strong></span> <span class='ocrx_word' id='word_1_484' title='bbox 2957 3303 3387 3376; x_wconf 85' lang='lat' dir='ltr'><strong>stipendiariis,</strong></span> 
     </span>
    </p>
   </div>
   <div class='ocr_carea' id='block_1_94' title="bbox 2064 3393 3280 3467">
    <p class='ocr_par' dir='ltr' id='par_1_94' title="bbox 2064 3393 3280 3467">
     <span class='ocr_line' id='line_1_94' title="bbox 2064 3393 3280 3467; baseline 0 -19"><span class='ocrx_word' id='word_1_485' title='bbox 2064 3400 2378 3467; x_wconf 89' lang='lat' dir='ltr'><strong>postquam</strong></span> <span class='ocrx_word' id='word_1_486' title='bbox 2411 3396 2671 3451; x_wconf 85' lang='lat' dir='ltr'><strong>ediderat</strong></span> <span class='ocrx_word' id='word_1_487' title='bbox 2700 3400 2939 3450; x_wconf 88' lang='lat' dir='ltr'><strong>strenua</strong></span> <span class='ocrx_word' id='word_1_488' title='bbox 2970 3393 3232 3450; x_wconf 84' lang='lat' dir='ltr'><strong>facinora</strong></span> <span class='ocrx_word' id='word_1_489' title='bbox 3266 3411 3280 3449; x_wconf 89' lang='lat'><strong><em>:</em></strong></span> 
     </span>
    </p>
   </div>
   <div class='ocr_carea' id='block_1_95' title="bbox 2064 3481 3326 3555">
    <p class='ocr_par' dir='ltr' id='par_1_95' title="bbox 2064 3481 3326 3555">
     <span class='ocr_line' id='line_1_95' title="bbox 2064 3481 3326 3555; baseline -0.001 -16"><span class='ocrx_word' id='word_1_490' title='bbox 2064 3484 2302 3555; x_wconf 87' lang='lat' dir='ltr'><strong>gentilis</strong></span> <span class='ocrx_word' id='word_1_491' title='bbox 2330 3489 2527 3539; x_wconf 90' lang='lat' dir='ltr'><strong>autem</strong></span> <span class='ocrx_word' id='word_1_492' title='bbox 2560 3489 2762 3540; x_wconf 82' lang='lat' dir='ltr'><strong>nostra</strong></span> <span class='ocrx_word' id='word_1_493' title='bbox 2791 3484 3033 3539; x_wconf 82' lang='lat' dir='ltr'><strong>confuse</strong></span> <span class='ocrx_word' id='word_1_494' title='bbox 3069 3481 3326 3555; x_wconf 87' lang='lat' dir='ltr'><strong>phalanx</strong></span> 
     </span>
    </p>
   </div>
   <div class='ocr_carea' id='block_1_96' title="bbox 2065 3570 3021 3642">
    <p class='ocr_par' dir='ltr' id='par_1_96' title="bbox 2065 3570 3021 3642">
     <span class='ocr_line' id='line_1_96' title="bbox 2065 3570 3021 3642; baseline 0.002 -19"><span class='ocrx_word' id='word_1_495' title='bbox 2065 3570 2185 3624; x_wconf 91' lang='lat' dir='ltr'><strong>acie</strong></span> <span class='ocrx_word' id='word_1_496' title='bbox 2217 3570 2496 3641; x_wconf 77' lang='lat' dir='ltr'><strong>profugit,</strong></span> <span class='ocrx_word' id='word_1_497' title='bbox 2531 3570 2733 3641; x_wconf 71' lang='lat' dir='ltr'><strong>paucis</strong></span> <span class='ocrx_word' id='word_1_498' title='bbox 2764 3570 3021 3642; x_wconf 86' lang='lat' dir='ltr'><strong>exceptis</strong></span> 
     </span>
    </p>
   </div>
   <div class='ocr_carea' id='block_1_97' title="bbox 2066 3657 3466 3730">
    <p class='ocr_par' dir='ltr' id='par_1_97' title="bbox 2066 3657 3466 3730">
     <span class='ocr_line' id='line_1_97' title="bbox 2066 3657 3466 3730; baseline 0.004 -19"><span class='ocrx_word' id='word_1_499' title='bbox 2066 3657 2165 3729; x_wconf 92' lang='lat' dir='ltr'>qui</span> <span class='ocrx_word' id='word_1_500' title='bbox 2199 3674 2410 3730; x_wconf 73' lang='lat' dir='ltr'><strong>pugnae</strong></span> <span class='ocrx_word' id='word_1_501' title='bbox 2441 3658 2735 3729; x_wconf 89' lang='lat' dir='ltr'><strong>reliquum</strong></span> <span class='ocrx_word' id='word_1_502' title='bbox 2769 3662 3187 3730; x_wconf 85' lang='lat' dir='ltr'><strong>exspectarunt</strong></span> <span class='ocrx_word' id='word_1_503' title='bbox 3220 3658 3466 3716; x_wconf 88' lang='lat' dir='ltr'><strong>exitum.</strong></span> 
     </span>
    </p>
   </div>
   <div class='ocr_carea' id='block_1_98' title="bbox 2062 3755 3178 3825">
    <p class='ocr_par' dir='ltr' id='par_1_98' title="bbox 2062 3755 3178 3825">
     <span class='ocr_line' id='line_1_98' title="bbox 2062 3755 3178 3825; baseline 0.003 -15"><span class='ocrx_word' id='word_1_504' title='bbox 2062 3760 2211 3810; x_wconf 89' lang='lat' dir='ltr'><strong>Dum</strong></span> <span class='ocrx_word' id='word_1_505' title='bbox 2245 3755 2329 3811; x_wconf 90' lang='lat' dir='ltr'>sic</span> <span class='ocrx_word' id='word_1_506' title='bbox 2358 3756 2600 3811; x_wconf 89' lang='lat' dir='ltr'><strong>victoria</strong></span> <span class='ocrx_word' id='word_1_507' title='bbox 2632 3757 2904 3813; x_wconf 85' lang='lat' dir='ltr'><strong>Barbarie</strong></span> <span class='ocrx_word' id='word_1_508' title='bbox 2938 3757 3178 3825; x_wconf 86' lang='lat' dir='ltr'><strong>arridet,</strong></span> 
     </span>
    </p>
   </div>
   <div class='ocr_carea' id='block_1_99' title="bbox 2065 3843 3166 3917">
    <p class='ocr_par' dir='ltr' id='par_1_99' title="bbox 2065 3843 3166 3917">
     <span class='ocr_line' id='line_1_99' title="bbox 2065 3843 3166 3917; baseline 0.004 -19"><span class='ocrx_word' id='word_1_509' title='bbox 2065 3844 2175 3899; x_wconf 91' lang='lat' dir='ltr'>hac</span> <span class='ocrx_word' id='word_1_510' title='bbox 2205 3843 2338 3900; x_wconf 90' lang='lat' dir='ltr'><strong>illac</strong></span> <span class='ocrx_word' id='word_1_511' title='bbox 2368 3861 2549 3917; x_wconf 90' lang='lat' dir='ltr'><strong>eques</strong></span> <span class='ocrx_word' id='word_1_512' title='bbox 2581 3845 2852 3901; x_wconf 85' lang='lat' dir='ltr'><strong>sullanus</strong></span> <span class='ocrx_word' id='word_1_513' title='bbox 2882 3847 3166 3902; x_wconf 89' lang='lat' dir='ltr'><strong>oberrans</strong></span> 
     </span>
    </p>
   </div>
   <div class='ocr_carea' id='block_1_100' title="bbox 2064 3932 3250 4005">
    <p class='ocr_par' dir='ltr' id='par_1_100' title="bbox 2064 3932 3250 4005">
     <span class='ocr_line' id='line_1_100' title="bbox 2064 3932 3250 4005; baseline 0.003 -18"><span class='ocrx_word' id='word_1_514' title='bbox 2064 3932 2394 3987; x_wconf 86' lang='lat' dir='ltr'><strong>Romanum</strong></span> <span class='ocrx_word' id='word_1_515' title='bbox 2425 3933 2753 4005; x_wconf 85' lang='lat' dir='ltr'><strong>vestigabat</strong></span> <span class='ocrx_word' id='word_1_516' title='bbox 2781 3935 3195 4005; x_wconf 88' lang='lat' dir='ltr'><strong>imperatorem</strong></span> <span class='ocrx_word' id='word_1_517' title='bbox 3237 3951 3250 3989; x_wconf 88' lang='lat'><strong>:</strong></span> 
     </span>
    </p>
   </div>
   <div class='ocr_carea' id='block_1_101' title="bbox 2064 4021 3150 4093">
    <p class='ocr_par' dir='ltr' id='par_1_101' title="bbox 2064 4021 3150 4093">
     <span class='ocr_line' id='line_1_101' title="bbox 2064 4021 3150 4093; baseline 0.002 -18"><span class='ocrx_word' id='word_1_518' title='bbox 2064 4038 2239 4093; x_wconf 90' lang='lat' dir='ltr'><strong>quem</strong></span> <span class='ocrx_word' id='word_1_519' title='bbox 2275 4021 2371 4077; x_wconf 92' lang='lat' dir='ltr'>ubi</span> <span class='ocrx_word' id='word_1_520' title='bbox 2402 4022 2543 4077; x_wconf 85' lang='lat' dir='ltr'><strong>vidit</strong></span> <span class='ocrx_word' id='word_1_521' title='bbox 2572 4021 2828 4093; x_wconf 91' lang='lat' dir='ltr'><strong>equitem</strong></span> <span class='ocrx_word' id='word_1_522' title='bbox 2861 4022 2918 4077; x_wconf 93' lang='lat' dir='ltr'>in</span> <span class='ocrx_word' id='word_1_523' title='bbox 2954 4023 3150 4089; x_wconf 87' lang='lat' dir='ltr'><strong>turba,</strong></span> 
     </span>
    </p>
   </div>
   <div class='ocr_carea' id='block_1_102' title="bbox 2064 4110 3062 4182">
    <p class='ocr_par' dir='ltr' id='par_1_102' title="bbox 2064 4110 3062 4182">
     <span class='ocr_line' id='line_1_102' title="bbox 2064 4110 3062 4182; baseline 0 -15"><span class='ocrx_word' id='word_1_524' title='bbox 2064 4112 2270 4167; x_wconf 89' lang='lat' dir='ltr'><strong>robore</strong></span> <span class='ocrx_word' id='word_1_525' title='bbox 2299 4111 2517 4182; x_wconf 90' lang='lat' dir='ltr'><strong>proprii</strong></span> <span class='ocrx_word' id='word_1_526' title='bbox 2547 4110 2767 4166; x_wconf 91' lang='lat' dir='ltr'><strong>brachii</strong></span> <span class='ocrx_word' id='word_1_527' title='bbox 2801 4111 3062 4167; x_wconf 86' lang='lat' dir='ltr'><strong>conﬁsus</strong></span> 
     </span>
    </p>
   </div>
   <div class='ocr_carea' id='block_1_103' title="bbox 2062 4200 3200 4272">
    <p class='ocr_par' dir='ltr' id='par_1_103' title="bbox 2062 4200 3200 4272">
     <span class='ocr_line' id='line_1_103' title="bbox 2062 4200 3200 4272; baseline 0 -17"><span class='ocrx_word' id='word_1_528' title='bbox 2062 4200 2225 4256; x_wconf 90' lang='lat' dir='ltr'><strong>clava</strong></span> <span class='ocrx_word' id='word_1_529' title='bbox 2255 4200 2545 4272; x_wconf 86' lang='lat' dir='ltr'><strong>percussit</strong></span> <span class='ocrx_word' id='word_1_530' title='bbox 2571 4204 2860 4256; x_wconf 78' lang='lat' dir='ltr'><strong>Caesarem</strong></span> <span class='ocrx_word' id='word_1_531' title='bbox 2892 4200 2952 4254; x_wconf 93' lang='lat' dir='ltr'>in</span> <span class='ocrx_word' id='word_1_532' title='bbox 2987 4200 3200 4272; x_wconf 90' lang='lat' dir='ltr'><strong>capite,</strong></span> 
     </span>
    </p>
   </div>
   <div class='ocr_carea' id='block_1_104' title="bbox 2061 4288 3221 4361">
    <p class='ocr_par' dir='ltr' id='par_1_104' title="bbox 2061 4288 3221 4361">
     <span class='ocr_line' id='line_1_104' title="bbox 2061 4288 3221 4361; baseline 0 -17"><span class='ocrx_word' id='word_1_533' title='bbox 2061 4305 2317 4361; x_wconf 91' lang='lat' dir='ltr'><strong>eumque</strong></span> <span class='ocrx_word' id='word_1_534' title='bbox 2346 4289 2623 4361; x_wconf 90' lang='lat' dir='ltr'><strong>ephippio</strong></span> <span class='ocrx_word' id='word_1_535' title='bbox 2655 4289 2884 4361; x_wconf 90' lang='lat' dir='ltr'><strong>proruit</strong></span> <span class='ocrx_word' id='word_1_536' title='bbox 2914 4288 2974 4343; x_wconf 93' lang='lat' dir='ltr'>in</span> <span class='ocrx_word' id='word_1_537' title='bbox 3005 4293 3221 4345; x_wconf 89' lang='lat' dir='ltr'><strong>terram</strong></span> 
     </span>
    </p>
   </div>
   <div class='ocr_carea' id='block_1_105' title="bbox 2062 4377 3266 4450">
    <p class='ocr_par' dir='ltr' id='par_1_105' title="bbox 2062 4377 3266 4450">
     <span class='ocr_line' id='line_1_105' title="bbox 2062 4377 3266 4450; baseline -0.002 -16"><span class='ocrx_word' id='word_1_538' title='bbox 2062 4378 2182 4434; x_wconf 90' lang='lat' dir='ltr'><strong>ictu</strong></span> <span class='ocrx_word' id='word_1_539' title='bbox 2214 4379 2533 4450; x_wconf 88' lang='lat' dir='ltr'><strong>patientem</strong></span> <span class='ocrx_word' id='word_1_540' title='bbox 2564 4377 2937 4449; x_wconf 87' lang='lat' dir='ltr'><strong>vertiginem,</strong></span> <span class='ocrx_word' id='word_1_541' title='bbox 2970 4379 3266 4433; x_wconf 88' lang='lat' dir='ltr'><strong>tenebras.</strong></span> 
     </span>
    </p>
   </div>
   <div class='ocr_carea' id='block_1_106' title="bbox 2063 4466 3285 4537">
    <p class='ocr_par' dir='ltr' id='par_1_106' title="bbox 2063 4466 3285 4537">
     <span class='ocr_line' id='line_1_106' title="bbox 2063 4466 3285 4537; baseline -0.001 -14"><span class='ocrx_word' id='word_1_542' title='bbox 2063 4469 2125 4523; x_wconf 94' lang='lat' dir='ltr'><strong>In</strong></span> <span class='ocrx_word' id='word_1_543' title='bbox 2160 4474 2317 4523; x_wconf 87' lang='lat' dir='ltr'><strong>tanto</strong></span> <span class='ocrx_word' id='word_1_544' title='bbox 2349 4485 2592 4524; x_wconf 88' lang='lat' dir='ltr'><strong>versans</strong></span> <span class='ocrx_word' id='word_1_545' title='bbox 2625 4466 2893 4523; x_wconf 87' lang='lat' dir='ltr'><strong>Lascaris</strong></span> <span class='ocrx_word' id='word_1_546' title='bbox 2924 4467 3285 4537; x_wconf 89' lang='lat' dir='ltr'><strong>discrimine,</strong></span> 
     </span>
    </p>
   </div>
   <div class='ocr_carea' id='block_1_107' title="bbox 1982 4556 3021 4668">
    <p class='ocr_par' dir='ltr' id='par_1_107' title="bbox 1982 4556 3021 4668">
     <span class='ocr_line' id='line_1_107' title="bbox 1982 4556 3021 4668; baseline 0.002 -57"><span class='ocrx_word' id='word_1_547' title='bbox 1982 4604 2028 4668; x_wconf 72' lang='grc' dir='ltr'><strong>Β</strong></span> <span class='ocrx_word' id='word_1_548' title='bbox 2058 4556 2214 4613; x_wconf 90' lang='lat' dir='ltr'><strong>illico</strong></span> <span class='ocrx_word' id='word_1_549' title='bbox 2245 4563 2443 4613; x_wconf 91' lang='lat' dir='ltr'><strong>tamen</strong></span> <span class='ocrx_word' id='word_1_550' title='bbox 2476 4557 2751 4629; x_wconf 70' lang='lat' dir='ltr'><strong>spirituum</strong></span> <span class='ocrx_word' id='word_1_551' title='bbox 2779 4557 3021 4630; x_wconf 89' lang='lat' dir='ltr'><strong>recepit,</strong></span> 
     </span>
    </p>
   </div>
   <div class='ocr_carea' id='block_1_108' title="bbox 2062 4646 3015 4719">
    <p class='ocr_par' dir='ltr' id='par_1_108' title="bbox 2062 4646 3015 4719">
     <span class='ocr_line' id='line_1_108' title="bbox 2062 4646 3015 4719; baseline 0.002 -19"><span class='ocrx_word' id='word_1_552' title='bbox 2062 4646 2461 4717; x_wconf 87' lang='lat' dir='ltr'><strong>divinitusque</strong></span> <span class='ocrx_word' id='word_1_553' title='bbox 2494 4647 2702 4703; x_wconf 92' lang='lat' dir='ltr'><strong>robore</strong></span> <span class='ocrx_word' id='word_1_554' title='bbox 2733 4646 3015 4719; x_wconf 89' lang='lat' dir='ltr'><strong>repletus,</strong></span> 
     </span>
    </p>
   </div>
   <div class='ocr_carea' id='block_1_109' title="bbox 2066 4733 3287 4807">
    <p class='ocr_par' dir='ltr' id='par_1_109' title="bbox 2066 4733 3287 4807">
     <span class='ocr_line' id='line_1_109' title="bbox 2066 4733 3287 4807; baseline -0.002 -17"><span class='ocrx_word' id='word_1_555' title='bbox 2066 4736 2312 4807; x_wconf 90' lang='lat' dir='ltr'><strong>pedibus</strong></span> <span class='ocrx_word' id='word_1_556' title='bbox 2343 4735 2627 4790; x_wconf 90' lang='lat' dir='ltr'><strong>insistens</strong></span> <span class='ocrx_word' id='word_1_557' title='bbox 2656 4734 2857 4806; x_wconf 89' lang='lat' dir='ltr'><strong>vigore</strong></span> <span class='ocrx_word' id='word_1_558' title='bbox 2894 4733 3287 4807; x_wconf 87' lang='lat' dir='ltr'><strong>magnanimo,</strong></span> 
     </span>
    </p>
   </div>
   <div class='ocr_carea' id='block_1_110' title="bbox 2065 4824 3040 4895">
    <p class='ocr_par' dir='ltr' id='par_1_110' title="bbox 2065 4824 3040 4895">
     <span class='ocr_line' id='line_1_110' title="bbox 2065 4824 3040 4895; baseline 0.001 -17"><span class='ocrx_word' id='word_1_559' title='bbox 2065 4824 2369 4895; x_wconf 87' lang='lat' dir='ltr'><strong>evaginato</strong></span> <span class='ocrx_word' id='word_1_560' title='bbox 2402 4840 2541 4879; x_wconf 86' lang='lat' dir='ltr'><strong>ense</strong></span> <span class='ocrx_word' id='word_1_561' title='bbox 2574 4824 2830 4879; x_wconf 89' lang='lat' dir='ltr'><strong>succidit</strong></span> <span class='ocrx_word' id='word_1_562' title='bbox 2860 4824 3040 4895; x_wconf 91' lang='lat' dir='ltr'><strong>pedes</strong></span> 
     </span>
    </p>
   </div>
   <div class='ocr_carea' id='block_1_111' title="bbox 2067 4912 3155 4986">
    <p class='ocr_par' dir='ltr' id='par_1_111' title="bbox 2067 4912 3155 4986">
     <span class='ocr_line' id='line_1_111' title="bbox 2067 4912 3155 4986; baseline -0.002 -18"><span class='ocrx_word' id='word_1_563' title='bbox 2067 4913 2293 4969; x_wconf 88' lang='lat' dir='ltr'><strong>fortiter</strong></span> <span class='ocrx_word' id='word_1_564' title='bbox 2320 4929 2480 4986; x_wconf 59' lang='lat' dir='ltr'><strong>equa;</strong></span> <span class='ocrx_word' id='word_1_565' title='bbox 2512 4912 2816 4968; x_wconf 88' lang='lat' dir='ltr'><strong>sultanum</strong></span> <span class='ocrx_word' id='word_1_566' title='bbox 2847 4913 3155 4983; x_wconf 88' lang='lat' dir='ltr'><strong>gestantis,</strong></span> 
     </span>
    </p>
   </div>
   <div class='ocr_carea' id='block_1_112' title="bbox 2066 5000 3315 5074">
    <p class='ocr_par' dir='ltr' id='par_1_112' title="bbox 2066 5000 3315 5074">
     <span class='ocr_line' id='line_1_112' title="bbox 2066 5000 3315 5074; baseline 0.002 -18"><span class='ocrx_word' id='word_1_567' title='bbox 2066 5007 2241 5074; x_wconf 89' lang='lat' dir='ltr'><strong>atque</strong></span> <span class='ocrx_word' id='word_1_568' title='bbox 2271 5001 2430 5056; x_wconf 91' lang='lat' dir='ltr'><strong>hunc</strong></span> <span class='ocrx_word' id='word_1_569' title='bbox 2464 5001 2625 5055; x_wconf 91' lang='lat' dir='ltr'><strong>humi</strong></span> <span class='ocrx_word' id='word_1_570' title='bbox 2660 5002 3018 5072; x_wconf 68' lang='lat' dir='ltr'><strong>praecipitem</strong></span> <span class='ocrx_word' id='word_1_571' title='bbox 3051 5000 3266 5056; x_wconf 90' lang='lat' dir='ltr'><strong>sternit</strong></span> <span class='ocrx_word' id='word_1_572' title='bbox 3301 5015 3315 5059; x_wconf 89' lang='lat'>:</span> 
     </span>
    </p>
   </div>
   <div class='ocr_carea' id='block_1_113' title="bbox 2066 5099 3236 5172">
    <p class='ocr_par' dir='ltr' id='par_1_113' title="bbox 2066 5099 3236 5172">
     <span class='ocr_line' id='line_1_113' title="bbox 2066 5099 3236 5172; baseline -0.002 -16"><span class='ocrx_word' id='word_1_573' title='bbox 2066 5118 2202 5156; x_wconf 87' lang='lat' dir='ltr'>mox</span> <span class='ocrx_word' id='word_1_574' title='bbox 2232 5099 2572 5172; x_wconf 88' lang='lat' dir='ltr'><strong>improviso,</strong></span> <span class='ocrx_word' id='word_1_575' title='bbox 2605 5099 2945 5170; x_wconf 89' lang='lat' dir='ltr'><strong>incertoque</strong></span> <span class='ocrx_word' id='word_1_576' title='bbox 2977 5104 3236 5170; x_wconf 89' lang='lat' dir='ltr'><strong>auctore,</strong></span> 
     </span>
    </p>
   </div>
   <div class='ocr_carea' id='block_1_114' title="bbox 2066 5187 3167 5262">
    <p class='ocr_par' dir='ltr' id='par_1_114' title="bbox 2066 5187 3167 5262">
     <span class='ocr_line' id='line_1_114' title="bbox 2066 5187 3167 5262; baseline -0.001 -17"><span class='ocrx_word' id='word_1_577' title='bbox 2066 5189 2301 5246; x_wconf 91' lang='lat' dir='ltr'><strong>crudele</strong></span> <span class='ocrx_word' id='word_1_578' title='bbox 2331 5194 2507 5262; x_wconf 89' lang='lat' dir='ltr'><strong>caput</strong></span> <span class='ocrx_word' id='word_1_579' title='bbox 2536 5187 2771 5245; x_wconf 87' lang='lat' dir='ltr'><strong>sultano</strong></span> <span class='ocrx_word' id='word_1_580' title='bbox 2805 5188 3167 5261; x_wconf 64' lang='lat' dir='ltr'><strong>praeciditur;</strong></span> 
     </span>
    </p>
   </div>
   <div class='ocr_carea' id='block_1_115' title="bbox 2066 5277 3311 5351">
    <p class='ocr_par' dir='ltr' id='par_1_115' title="bbox 2066 5277 3311 5351">
     <span class='ocr_line' id='line_1_115' title="bbox 2066 5277 3311 5351; baseline -0.004 -15"><span class='ocrx_word' id='word_1_581' title='bbox 2066 5281 2387 5351; x_wconf 89' lang='lat' dir='ltr'><strong>statimque</strong></span> <span class='ocrx_word' id='word_1_582' title='bbox 2419 5279 2490 5334; x_wconf 91' lang='lat' dir='ltr'>ad</span> <span class='ocrx_word' id='word_1_583' title='bbox 2523 5283 2755 5334; x_wconf 89' lang='lat' dir='ltr'><strong>nostros</strong></span> <span class='ocrx_word' id='word_1_584' title='bbox 2785 5278 3020 5334; x_wconf 90' lang='lat' dir='ltr'><strong>transiit</strong></span> <span class='ocrx_word' id='word_1_585' title='bbox 3048 5277 3311 5333; x_wconf 88' lang='lat' dir='ltr'><strong>victoria.</strong></span> 
     </span>
    </p>
   </div>
   <div class='ocr_carea' id='block_1_116' title="bbox 2066 5366 3441 5441">
    <p class='ocr_par' dir='ltr' id='par_1_116' title="bbox 2066 5366 3441 5441">
     <span class='ocr_line' id='line_1_116' title="bbox 2066 5366 3441 5441; baseline 0 -19"><span class='ocrx_word' id='word_1_586' title='bbox 2066 5375 2256 5441; x_wconf 81' lang='lat' dir='ltr'><strong>Atque</strong></span> <span class='ocrx_word' id='word_1_587' title='bbox 2282 5370 2377 5424; x_wconf 90' lang='lat' dir='ltr'>hic</span> <span class='ocrx_word' id='word_1_588' title='bbox 2407 5384 2716 5424; x_wconf 90' lang='lat' dir='ltr'><strong>successus</strong></span> <span class='ocrx_word' id='word_1_589' title='bbox 2747 5366 3125 5437; x_wconf 90' lang='lat' dir='ltr'><strong>triumphalis</strong></span> <span class='ocrx_word' id='word_1_590' title='bbox 3155 5367 3441 5424; x_wconf 64' lang='lat' dir='ltr'><strong>Caesarem</strong></span> 
     </span>
    </p>
   </div>
   <div class='ocr_carea' id='block_1_117' title="bbox 2066 5457 3176 5515">
    <p class='ocr_par' dir='ltr' id='par_1_117' title="bbox 2066 5457 3176 5515">
     <span class='ocr_line' id='line_1_117' title="bbox 2066 5457 3176 5515; baseline -0.002 -1"><span class='ocrx_word' id='word_1_591' title='bbox 2066 5459 2333 5515; x_wconf 90' lang='lat' dir='ltr'><strong>barbaris</strong></span> <span class='ocrx_word' id='word_1_592' title='bbox 2368 5458 2501 5514; x_wconf 78' lang='lat' dir='ltr'><strong>fecit</strong></span> <span class='ocrx_word' id='word_1_593' title='bbox 2530 5457 2800 5513; x_wconf 89' lang='lat' dir='ltr'><strong>hostibus</strong></span> <span class='ocrx_word' id='word_1_594' title='bbox 2830 5457 3176 5513; x_wconf 89' lang='lat' dir='ltr'><strong>terribilem.</strong></span> 
     </span>
    </p>
   </div>
   <div class='ocr_carea' id='block_1_118' title="bbox 2064 5547 3346 5619">
    <p class='ocr_par' dir='ltr' id='par_1_118' title="bbox 2064 5547 3346 5619">
     <span class='ocr_line' id='line_1_118' title="bbox 2064 5547 3346 5619; baseline -0.005 -14"><span class='ocrx_word' id='word_1_595' title='bbox 2064 5556 2122 5606; x_wconf 88' lang='lat' dir='ltr'>et</span> <span class='ocrx_word' id='word_1_596' title='bbox 2154 5549 2408 5604; x_wconf 89' lang='lat' dir='ltr'><strong>subditis</strong></span> <span class='ocrx_word' id='word_1_597' title='bbox 2430 5548 2764 5619; x_wconf 85' lang='lat' dir='ltr'><strong>jucundum</strong></span> <span class='ocrx_word' id='word_1_598' title='bbox 2798 5563 2863 5603; x_wconf 91' lang='lat' dir='ltr'>ac</span> <span class='ocrx_word' id='word_1_599' title='bbox 2890 5547 3300 5617; x_wconf 89' lang='lat' dir='ltr'><strong>gratissimum</strong></span> <span class='ocrx_word' id='word_1_600' title='bbox 3333 5563 3346 5599; x_wconf 93' lang='lat'>:</span> 
     </span>
    </p>
   </div>
   <div class='ocr_carea' id='block_1_119' title="bbox 2063 5637 3119 5710">
    <p class='ocr_par' dir='ltr' id='par_1_119' title="bbox 2063 5637 3119 5710">
     <span class='ocr_line' id='line_1_119' title="bbox 2063 5637 3119 5710; baseline -0.002 -16"><span class='ocrx_word' id='word_1_601' title='bbox 2063 5639 2306 5709; x_wconf 90' lang='lat' dir='ltr'><strong>insuper</strong></span> <span class='ocrx_word' id='word_1_602' title='bbox 2336 5638 2538 5710; x_wconf 90' lang='lat' dir='ltr'><strong>populi</strong></span> <span class='ocrx_word' id='word_1_603' title='bbox 2568 5637 2849 5693; x_wconf 82' lang='lat' dir='ltr'><strong>recreavit</strong></span> <span class='ocrx_word' id='word_1_604' title='bbox 2889 5637 3119 5692; x_wconf 90' lang='lat' dir='ltr'><strong>animos</strong></span> 
     </span>
    </p>
   </div>
   <div class='ocr_carea' id='block_1_120' title="bbox 2060 5726 2920 5799">
    <p class='ocr_par' dir='ltr' id='par_1_120' title="bbox 2060 5726 2920 5799">
     <span class='ocr_line' id='line_1_120' title="bbox 2060 5726 2920 5799; baseline -0.001 -14"><span class='ocrx_word' id='word_1_605' title='bbox 2060 5728 2386 5799; x_wconf 89' lang='lat' dir='ltr'><strong>idoneaque</strong></span> <span class='ocrx_word' id='word_1_606' title='bbox 2414 5727 2629 5782; x_wconf 84' lang='lat' dir='ltr'><strong>fiducia</strong></span> <span class='ocrx_word' id='word_1_607' title='bbox 2658 5726 2920 5799; x_wconf 87' lang='lat' dir='ltr'><strong>replevit.</strong></span> 
     </span>
    </p>
   </div>
  </div>
