4076 6420
340 403 447 458 283
1551 406 1922 460 EPHRBMH
1960 402 2536 459 CHRONOGRAPHI
3507 433 3514 439 -
3663 394 3775 449 284

344 526 563 581 Exinde
594 542 794 598 pacem
829 542 963 581 cum
994 530 1257 582 Romano
1289 526 1533 598 imperio

2023 526 2079 597 Α
2290 524 2559 580 Ἐντεῦθεν
2589 519 2874 575 ἐσπείσατο
2898 515 3188 589 Ῥωμαίων
3217 516 3403 591 κράτει

349 616 602 686 superba
632 632 776 686 gens
802 616 1122 671 Turcarum
1158 616 1349 671 libens
1381 616 1535 672 fecit.

2285 615 2348 669 Ἡ
2379 614 2506 687 πρὶν
2538 610 2756 679 ἀλαζὼν
2785 608 3023 682 Περσική
3059 606 3218 680 χώρα
3247 605 3531 683 πρόφρων.

352 707 540 769 Quare
571 705 889 776 imperator
922 711 1122 777 postea
1152 706 1376 761 Latinis

2287 704 2385 759 Καὶ
2423 702 2619 757 λοιπὸν
2654 698 2925 776 ἐσχόλαζε
2951 695 3236 769 Ῥωμαίων
3266 696 3484 766 κράτωρ

352 795 623 866 gerendis
655 794 825 849 bellis
857 795 1177 867 expeditior
1212 795 1337 851 fuit.

2154 804 2250 859 525
2288 804 2423 863 Ταῖς
2482 801 2620 877 πρὸς
2674 796 2919 853 Λατίνων
2998 792 3347 867 συμπλοκαῖς
3390 812 3449 847 τε
3503 793 3594 848 καὶ
3657 793 3764 867 μά-

3515 885 3688 961 [ch-

2290 981 2393 1037 Καὶ
2426 980 2684 1054 πενθερὸν
2718 976 2775 1031 δὲ
2805 969 3139 1047 προσλαϐὼν
3175 973 3235 1029 ἐκ
3261 975 3363 1039 τῆς
3397 975 3584 1049 μάχης

2291 1072 2545 1142 Τιμήσας
2573 1067 2755 1123 εἰκότα
2784 1085 2843 1121 τε
2871 1066 2961 1119 καὶ
2993 1065 3122 1140 παρ’
3148 1061 3367 1136 ἐλπίδα,

2292 1160 2617 1237 Ἀπαγαγὼν
2648 1156 2707 1213 δὶ
2736 1159 2873 1233 πρὸς
2901 1155 3065 1212 πόλιν
3094 1155 3362 1233 Νικαέων,

2296 1250 2397 1306 Καὶ
2430 1248 2731 1325 παράσημα
2759 1251 2855 1303 τοῦ
2881 1247 3113 1323 κράτους
3145 1242 3469 1315 ἆπεκδύσας,

2115 1343 2259 1397 ’7630
2296 1344 2455 1413 Μονῇ
2488 1337 2691 1414 διάγειν
2722 1336 3000 1399 Ὑακίνθου
3032 1334 3327 1407 προσνέμει
3361 1353 3374 1365 ·

2293 1431 2460 1486 Ἔνθα
2492 1428 2667 1491 θανὼν
2698 1422 2860 1500 ἔτυχε
2886 1427 3063 1502 ταφῆς
3095 1421 3340 1501 ἐντίμου.

2293 1524 2467 1573 Ταῦτα
2503 1518 2595 1590 μὶν
2630 1515 2772 1571 οὕτω
2804 1509 2999 1584 συνέϐη
3034 1511 3340 1591 Λασκαρίῳ.

2295 1611 2401 1663 Νῦν
2437 1606 2693 1681 βούλεται
2727 1604 2897 1678 λόγος
2932 1600 3275 1673 δεδηλῶσθαι
3313 1599 3476 1657 πάλιν

2295 1697 2425 1770 Περὶ
2456 1694 2689 1770 Μιχαὴλ
2721 1690 3284 1771 ἀγγελωνυμουμὲνου

348 974 516 1029 Nunc
549 974 740 1029 media
771 991 837 1028 ex
869 992 1063 1045 pugna
1093 992 1293 1030 socero
1327 979 1556 1047 recepto

347 1063 868 1133 exhibuitjustum
906 1068 1113 1133 praeter
1143 1080 1305 1135 spem
1340 1064 1624 1120 honorem
1660 1082 1673 1121 :

346 1167 519 1233 atque
549 1178 677 1215 eum
714 1161 1005 1215 Niemnam
1042 1163 1400 1217 transferens
1431 1163 1489 1217 in
1522 1164 1752 1232 urbem,

348 1250 579 1322 imperii
612 1255 839 1304 tantum
873 1251 1155 1306 detractis
1187 1250 1543 1322 insignibus,

350 1341 450 1394 dat
480 1338 790 1410 Hyacinthi
824 1357 928 1410 pro
961 1342 1096 1395 ede
1128 1340 1479 1411 cmnobium,

348 1431 405 1484 in
440 1447 553 1500 quo
585 1430 917 1495 defunctus,
952 1430 1234 1499 sepelitur
1266 1430 1596 1502 magniﬁce.

346 1521 543 1589 Atque
575 1519 659 1573 ita
689 1534 752 1573 se
784 1534 875 1572 res
908 1518 1221 1573 Lascareos
1251 1520 1568 1575 habebant.

347 1607 514 1661 Nunc
546 1611 747 1661 nostra
776 1606 1024 1661 historia
1056 1609 1265 1662 iterum
1300 1610 1660 1665 convertitur

346 1696 418 1751 ad
451 1694 792 1750 Michaelem
828 1702 1217 1766 cognomento
1247 1698 1560 1769 Angelum,

349 1785 451 1857 qui
484 1784 796 1850 retinebat,
832 1790 893 1840 ut
923 1785 1196 1856 superius
1226 1788 1507 1855 diximus,

2115 1798 2259 1852 7635
2294 1799 2400 1849 Τοῦ
2429 1794 2555 1868 πρὶν
2586 1794 2993 1867 κυριεύσαντος,
3027 1790 3102 1852 ὡς
3136 1789 3237 1868 ἔφη
3276 1790 3462 1866 λόγος,

351 1874 650 1930 subditam
682 1874 925 1945 Epirum
959 1879 1212 1930 veterem
1246 1893 1379 1931 cum
1418 1877 1643 1933 Etolia.

2035 1899 2083 1963 Β
2298 1881 2545 1945 Παλαιᾶς
2579 1880 2837 1956 Ἠπείρου
2863 1902 2921 1935 τε
2953 1880 3045 1934 σὺν
3076 1878 3335 1950 Αΐτωλίᾳ.

351 1965 499 2019 Huic
528 1968 647 2018 tres
679 1968 846 2019 erant
878 1963 1153 2020 Michaeli
1185 1966 1419 2034 fratres,

357 2052 613 2121 Manuel,
643 2053 1009 2119 Theodorus,
1043 2058 1100 2109 et
1130 2055 1555 2112 Constantinus
1588 2072 1603 2111 :

360 2169 429 2207 ex
459 2151 676 2222 quibus
707 2151 1051 2207 Theodorus
1082 2152 1313 2209 Nicaeus
1345 2155 1403 2209 in
1438 2156 1581 2211 urbe

362 2241 517 2313 apud
551 2241 880 2295 Romanum
911 2242 1258 2297 versabatur
1288 2243 1593 2300 Caesarem.

357 2334 490 2385 Jam
524 2330 668 2400 quia
698 2329 818 2383 filio
850 2328 1111 2400 legitimo
1146 2332 1374 2388 haerede

362 2419 734 2490 principatus
764 2419 855 2473 sui
894 2419 1141 2475 Michael
1178 2423 1416 2477 carebat

2293 1972 2479 2045 Τούτῳ
2503 1972 2656 2045 τριὰς
2691 1971 2908 2047 ὑπῆρχε
2940 1969 3218 2044 συγγόνων
3243 1966 3405 2045 φίλη,

2298 2060 2590 2131 Μανουήλ,
2624 2058 2933 2134 Θεόδωρος,
2963 2058 3053 2112 καὶ
3086 2061 3494 2119 Κωνσταντῑνος
3527 2076 3540 2089 ο

2300 2152 2423 2228 Ἀφ’
2453 2152 2524 2205 ὧν
2560 2150 2587 2203 ὁ
2620 2146 2900 2220 Θεόδωρος
2932 2146 2983 2201 ἐν
3017 2145 3260 2200 Νικαέων

2121 2244 2265 2298 764"l
2303 2241 2455 2314 Παρᾶ
2490 2236 2707 2315 βασιλεῖ
2737 2231 3002 2310 διέτριϐεν
3038 2233 3313 2290 Αὐσόνων.

2302 2334 2454 2389 Ἐπεὶ
2490 2328 2545 2386 δὲ
2575 2326 2772 2392 παιδὸς
2800 2327 3026 2404 γνησίου
3058 2323 3324 2401 διαδόχου

2306 2425 2515 2497 Ἀρχῆς
2548 2417 2779 2494 Μιχαὴλ
2814 2416 2951 2479 ἰδίας
2983 2416 3083 2471 οὐκ
3112 2415 3350 2490 εὐπόρει,

366 2511 525 2580 (nam
561 2525 735 2579 quem
770 2507 1023 2563 habebat
1054 2510 1277 2565 dictum
1311 2512 1648 2569 Michaelem

371 2597 637 2669 spurium
671 2598 741 2651 de
774 2598 945 2652 vetita
976 2606 1316 2669 susceperat
1343 2602 1575 2674 copula)

374 2688 557 2742 oravit
587 2687 871 2742 Cmsarem
906 2692 971 2742 ut
1003 2704 1069 2743 ex
1096 2688 1226 2743 aula
1260 2690 1372 2746 sibi

371 2776 739 2831 Theodorum
770 2775 940 2831 illum
972 2776 1222 2833 liberum
1256 2781 1599 2837 remitteret.

370 2873 654 2921 Annuens
685 2866 874 2921 Caasar
906 2871 1104 2921 statim
1140 2869 1304 2923 misit
1336 2869 1631 2926 hominem

374 2956 486 3011 [ide
509 2957 711 3025 jurata
742 2954 852 3009 sibi
886 2957 1321 3025 promittentem

372 3048 855 3099 conservaturum
888 3045 1153 3099 animum
1188 3046 1521 3103 benivolum

377 3139 555 3205 atque
587 3132 897 3202 sinceram,
930 3135 1125 3204 quoad
1155 3135 1395 3200 viveret.
1428 3137 1601 3193 fidem

373 3223 486 3293 ipsi
518 3226 574 3277 et
597 3221 830 3291 imperii
864 3238 1075 3292 nempe
1108 3225 1572 3281 successoribus.

372 3313 466 3367 Sic
500 3311 843 3366 Theodorus
873 3312 941 3365 ad
975 3310 1348 3368 Occidentem
1382 3314 1619 3371 veniens

377 3418 509 3456 cum
540 3400 822 3456 Michaele
851 3402 1198 3456 versabatur
1227 3402 1407 3458 fratre

374 3489 614 3558 jEtoliae,
649 3492 711 3543 ut
743 3488 882 3555 dixi,
916 3490 1177 3562 principe
1205 3495 1262 3546 et
1292 3492 1470 3563 Epiri.

375 3579 482 3634 Sed
518 3582 833 3649 postquam
865 3578 1112 3633 Michael
1147 3580 1463 3637 crudeliter
1491 3598 1679 3639 caesus

378 3686 412 3722 a
439 3668 561 3723 viro
593 3667 684 3721 cui
720 3667 982 3722 Romano
1020 3685 1232 3724 nomen
1265 3674 1389 3725 erat

380 3761 556 3812 noctu
590 3756 819 3827 sepitus
851 3757 1004 3827 apud
1035 3757 1437 3829 Bellegradum

378 3847 558 3902 vitam
590 3848 826 3917 repente
856 3862 993 3901 cum
1025 3864 1163 3903 nece
1194 3852 1598 3919 commutavit,

380 3945 578 4000 fratris
609 3944 1002 4016 principatum
1033 3946 1372 4003 Theodorus
1403 3951 1634 4022 excipit,

382 4036 501 4090 dux
532 4032 870 4100 bellicosus,
905 4038 1183 4090 strenuus
1219 4044 1530 4111 pugnator,

382 4124 530 4180 alter
560 4124 829 4178 Briareus
860 4123 1027 4196 gigas
1057 4125 1115 4180 in
1148 4126 1387 4197 praeliis,

386 4213 487 4286 qui
518 4230 653 4268 mox
684 4213 1007 4268 fraternum
1040 4216 1455 4286 patrimonium
1492 4234 1713 4289 augens

387 4322 417 4359 e
450 4320 627 4375 parvo
659 4319 938 4374 magnum
974 4304 1423 4375 spatiosumque
1453 4306 1725 4375 reddidit,

390 4394 691 4465 proferens
724 4392 903 4463 hujus
933 4392 1307 4469 dilatansque
1339 4394 1517 4461 fines;

2307 2514 2390 2585 (Ὀ
2421 2511 2524 2587 γὰρ
2555 2511 2684 2584 παρ’
2717 2509 2861 2581 αύτῷ
2887 2506 3117 2583 Μιχαὴλ
3151 2504 3496 2578 κεκλημένος

2309 2602 2480 2662 Νόθος
2511 2619 2594 2660 τις
2628 2598 2768 2666 ὑπῆν
2796 2596 2858 2651 ἐκ
2885 2597 3221 2667 παρανόμων
3252 2597 3495 2675 γάμων),

2130 2694 2273 2746 7645
2313 2694 2491 2743 Δεῖται
2522 2692 2851 2766 κρατοῦντος
2878 2689 2973 2739 τοῦ
3006 2682 3292 2759 Θεοδώρου
3323 2684 3471 2757 πέρι,

2308 2782 2426 2836 Ἵνα
2456 2779 2585 2852 παρ’
2616 2776 2777 2831 αὐτὸν
2809 2774 3019 2853 ἀφεθεὶς
3050 2768 3352 2847 καταλάϐῃ.

2316 2866 2559 2926 Πεισθεὶς
2585 2862 2708 2937 ἄναξ
2736 2866 2994 2941 πέπομφε
3024 2866 3216 2917 τοῦτον
3252 2863 3474 2933 εύθὲως,

2316 2957 2527 3017 Πίστεις
2560 2955 2814 3030 ἐνόρκους
2849 2953 3067 3030 βασιλεῖ
3096 2951 3371 3008 δεδωκότα

2314 3048 2386 3103 Ἦ
2424 3046 2531 3118 μὴν
2564 3044 2818 3122 φυλάξειν
2852 3043 3099 3113 εύνοῖκήν
3135 3043 3185 3097 oi
3216 3043 3409 3117 σχέσιν

2137 3140 2280 3194 7650
2322 3136 2427 3193 Καὶ
2458 3134 2638 3189 πίστιν
2673 3133 2961 3196 ἀνόθευτον
2995 3132 3072 3194 εἷς
3102 3131 3261 3193 τέλος
3298 3131 3420 3207 βίου

2322 3225 2487 3297 Αὖτῷ
2514 3244 2574 3280 τε
2603 3221 2783 3293 δήπου
2812 3222 2902 3276 καὶ
2935 3220 3223 3299 διαδόχοις
3252 3224 3507 3297 κράτους.

2322 3317 2513 3380 Οὕτως
2542 3316 2763 3377 ἐπιστὰς
2795 3311 3075 3387 Θεόδωρος
3105 3313 3304 3390 ἑσπέρᾳ

2318 3414 2495 3476 Συνῆν
2530 3403 2751 3482 ἀδελφῷ
2781 3402 3039 3479 Μιχαὴλ,
3074 3405 3148 3465 ὡς
3177 3402 3237 3457 ἂν
3270 3402 3431 3482 ἔφην,

2316 3491 2588 3553 Αἰτωλίας
2624 3491 2849 3569 ἄρχοντι
2881 3490 2970 3545 καὶ
2999 3497 3100 3559 τῆς
3132 3492 3411 3563 Ἠπείρου.

2137 3598 2280 3652 7655
2317 3594 2469 3651 Ἐπεὶ
2502 3589 2548 3645 δ’
2578 3590 2798 3660 ἀπηνῶς
2828 3586 3062 3664 Μιχαὴλ
3097 3587 3319 3665 σφαγεὶς
3350 3584 3486 3663 ξίφει

2320 3682 2461 3757 Πρὸς
2491 3676 2683 3753 ἀνδρὸς
2716 3677 2857 3731 οὕτω
2884 3677 3161 3750 Ῥωμαίου
3190 3676 3560 3752 κεκλημένου,

2320 3769 2531 3831 Νυκτὸς
2559 3764 2834 3821 καθεύδων
2865 3764 2917 3820 ἔν
2950 3762 3337 3840 Βελλεγράδων
3371 3764 3521 3843 ὅροις

2319 3856 2612 3929 Ἐξαπίνης
2644 3854 2875 3911 λὲλοιπε
2902 3851 3060 3909 τόνδε
3090 3853 3183 3908 τὸν
3219 3854 3362 3930 βίον,

2322 3948 2536 4023 Ἀρχὴν
2570 3943 2811 4022 ἀδελφοῦ
2841 3940 3122 4020 Θεόδωρος
3155 3939 3425 4018 λαμϐάνει

2142 4042 2285 4096 7660
2324 4037 2494 4111 Ἀνὴρ
2524 4033 2844 4109 στρατηγὸς,
2876 4031 3131 4101 εὐσθενής
3158 4031 3248 4086 καὶ
3273 4027 3550 4111 γεννάδας,

2322 4126 2481 4199 Γίγας
2508 4123 2807 4198 Βριαόχειρ
2835 4142 2920 4185 τις
2949 4120 3070 4192 ὀξὺς
3101 4119 3152 4175 ἐν
3190 4122 3395 4196 μάχαις
3427 4141 3440 4158 ’

2323 4217 2419 4277 Ὃς
2452 4208 2789 4289 παραλαϐὼν
2826 4210 3096 4285 συγγόνου
3126 4209 3494 4287 κληρουχίαν,

2327 4304 2541 4380 ’ἀρχήν
2572 4322 2630 4356 τε
2664 4301 2860 4376 μικρὰν
2895 4300 3173 4376 εὐόριστον
3206 4294 3476 4372 καθάπαξ,

2328 4391 2589 4464 Ηῦξησεν,
2623 4389 2889 4445 ἔπλάτυνε
2915 4389 3120 4461 ταύτης
3148 4388 3275 4453 τοὺς
3310 4388 3470 4465 ὅρους

392 4483 903 4554 Bulgarorumque
932 4486 990 4535 et
1024 4479 1298 4535 Italorum
1333 4483 1604 4550 urbibus,

390 4573 638 4645 Illyricis
669 4570 901 4642 oppidis
932 4574 990 4623 et
1019 4569 1354 4625 Triballicis

390 4663 653 4720 efﬁciens
685 4658 1031 4732 epulentum
1065 4663 1121 4712 et
1153 4658 1501 4730 amplicans.

391 4754 464 4810 Ut
493 4751 649 4808 enim
686 4748 892 4820 paucis
925 4748 1137 4817 dicam,
1172 4748 1285 4802 sibi
1320 4749 1585 4805 subdidit

2154 4499 2295 4553 7665
2335 4495 2429 4547 Ἐκ
2456 4489 2790 4566 Βουλγάρων
2818 4496 2944 4565 γῆς,
2976 4488 3257 4545 Ἰταλικῶν
3292 4484 3517 4569 ἀστέων,

2076 4616 2123 4679 D
2331 4580 2619 4655 Ἰλλυριῶν
2653 4600 2710 4633 τε
2736 4577 2825 4633 καὶ
2856 4573 3143 4664 Τριϐαλῶν
3176 4578 3404 4659 χωρίων

2332 4670 2547 4740 Ταύτην
2582 4668 2846 4742 ἐπαύξων,
2881 4666 3136 4744 εὐρύνων,
3175 4666 3515 4749 μεγαλύνων,

2332 4763 2353 4781 υ
2632 4758 2646 4778 \
2819 4757 2832 4779 ρ
2888 4757 2899 4778 ς
2931 4742 2952 4777 οῘ
3064 4757 3077 4775 \
3176 4742 3201 4779 ἰ
3256 4742 3304 4775 ἰι

2356 4762 2535 4831 Εθηκε
2560 4780 2649 4812 και
2678 4758 2777 4833 γὰρ
2814 4780 2880 4845 ut?
2931 4778 3140 4828 εαυτον,
3171 4779 3244 4820 ως
3279 4778 3431 4833 επος,

2334 4845 2586 4925 Ἀχρίδα,
2620 4847 2709 4902 καὶ
2741 4846 3052 4923 Πρίλαπον,
3088 4847 3440 4927 ΙΙεΛαγονίαν,

2154 4943 2298 4997 7670
2339 4939 2443 4993 Σὺν
2475 4942 2590 4999 τοῖς
2623 4928 2967 5010 πέριξᾶπασι
2999 4938 3259 5019 χωρίοις,
3290 4937 3482 4999 τόποις

2338 5033 2539 5103 Κρατεῖ
2569 5024 2866 5087 Θεσσαλίας
2898 5047 2956 5079 τε
2977 5025 3069 5091 σὺν
3104 5026 3327 5107 Ἀιχαίᾳ²

2336 5114 2674 5177 Μακεδονίας
2699 5116 2789 5170 καὶ
2826 5115 3025 5189 μέρους
3051 5116 3198 5178 τινὸς
3228 5116 3465 5193 Θρᾴκης,

2338 5208 2498 5281 Αἱρεῖ
2528 5202 2840 5278 Δαλματίαν
2871 5224 2930 5259 τε
2960 5203 3052 5259 σὺν
3082 5201 3425 5279 Ἐπιδάμνῳ,

2339 5292 2622 5369 Ἰλλυρίδα
2651 5300 2776 5370 γῆν,
2812 5289 3113 5357 ’Δλϐανοὺς
3146 5294 3498 5372 ὀριτρόφους.

2158 5388 2301 5442 7675
2342 5383 2485 5458 Εύρὺ
2519 5381 2577 5438 δὲ’
2607 5385 2657 5437 οἱ
2689 5383 2877 5453 τίθησι
2910 5382 3125 5458 μᾶλλον
3152 5386 3214 5438 τὸ
3244 5382 3405 5446 κλὲος

2339 5476 2403 5529 Ἠ
2434 5475 2573 5528 κατὰ
2604 5473 2813 5546 Πέτρου
2844 5473 3078 5529 Λατίνου
3111 5471 3343 5549 λαμπρά
3371 5474 3519 5544 νίκη.

2344 5558 2600 5637 Γαμϐρὸς
2629 5564 2730 5645 γὰρ
2762 5563 2924 5623 οὗτος
2955 5561 3031 5623 εἲς
3059 5560 3302 5641 ἀδελφὴν
3333 5565 3620 5639 τυγχάνων

2341 5649 2883 5728 ἘῥρῆζΒαλδουίνου
2911 5672 2971 5706 τε
2998 5655 3105 5705 τῶν
3144 5652 3437 5726 βασιλέων,

2343 5742 2483 5815 Πρὸς
2509 5743 2661 5796 πάπα
2692 5741 2938 5816 χρισθεὶς
2970 5739 3047 5803 εἴς
3080 5743 3400 5817 κρατάρχην
3431 5743 3703 5814 Λατίνων,

392 4841 727 4906 Achridem,
764 4834 1081 4906 Prilapum,
1114 4836 1518 4909 Pelagoniam,

391 4947 527 4988 cum
562 4928 688 4984 suis
719 4925 874 4997 agris
907 4930 964 4980 et
993 4926 1229 4998 oppidis
1261 4928 1554 4985 finitimis.

391 5017 754 5076 Thessaliam
791 5016 1095 5086 occupavit
1126 5032 1259 5072 cum
1288 5018 1526 5085 Achaia,

392 5113 449 5164 et
477 5104 877 5164 Macedoniam
911 5120 1043 5160 cum
1076 5105 1339 5161 Thraciae
1372 5108 1681 5177 particula,

394 5202 741 5262 Dalmatiam
774 5202 1083 5273 acquisivit
1114 5218 1246 5258 cum
1281 5204 1602 5277 Epidauro,

394 5293 571 5365 Illyrii
606 5296 878 5356 tractum,
916 5291 1262 5346 monticolae
1294 5292 1572 5361 Albanos,

398 5383 509 5439 Sed
543 5379 689 5435 nihil
723 5380 859 5435 huic
884 5383 1106 5433 tantam
1139 5379 1384 5450 gloriam
1419 5383 1648 5454 peperit

394 5476 673 5543 quantam
710 5468 861 5523 Petri
900 5468 1080 5522 Latini
1110 5468 1303 5523 clades
1334 5471 1663 5541 splendida.

396 5562 499 5616 Hic
532 5559 670 5631 quia
704 5573 961 5614 sororem
996 5558 1054 5610 in
1088 5557 1360 5628 conjugio
1393 5559 1646 5615 habebat

395 5651 576 5704 Errici
610 5655 667 5705 et
700 5647 963 5703 Balduini
998 5646 1440 5715 imperatorum,

396 5756 430 5794 a
463 5738 611 5809 Papa
644 5740 959 5793 coronatus
991 5735 1229 5789 Latinus
1259 5735 1467 5802 Caesar,
