4076 6434
242 402 369 458 285

244 529 399 584 7680
439 525 609 603 Ἐῥρῆ
637 528 915 599 θανόντος,
939 529 1017 592 εἷς
1038 530 1305 601 Βύζαντος
1327 533 1548 607 ἐστάλη.

438 615 532 677 Εἷς
564 613 945 689 Ἐπιδαμνίων
977 617 1034 674 δὲ
1063 622 1299 698 κατάρας
1326 623 1515 683 πόλιν.

440 707 521 758 Δι’
555 701 843 763 Ἀλῦανῶν
874 705 1099 763 ἔσπευδε
1124 713 1227 780 τὴν
1252 715 1665 770 Κωνσταντὲνου

441 795 597 851 Μετᾶ
624 802 880 872 στρατιᾶς
908 795 1243 855 καταλαϐεῖν
1270 801 1509 859 εὐόπλου

439 881 615 939 Ἀλλᾶ
644 887 961 961 προφθάσας
992 887 1278 964 Θεόδωρος
1307 891 1561 967 γεννάδας
1592 938 1597 941 .

245 984 399 1038 7685
439 985 646 1038 Τοῦτον
678 989 978 1057 τροποῦται
1009 987 1096 1040 καὶ
1129 994 1250 1059 νικᾷ
1277 993 1414 1045 κατᾶ
1445 993 1643 1067 κράτος

438 1071 621 1127 Αὐτόν
648 1092 708 1126 τε
735 1073 829 1127 καὶ
856 1075 1163 1149 στράτευμα
1188 1076 1317 1143 δοὺς
1352 1078 1522 1153 ἄρδην
1556 1082 1691 1159 ξίφει

442 1161 586 1236 Πρὸς
615 1160 801 1217 τοῖσδε
834 1162 1145 1241 Δυρράχιον
1176 1168 1320 1242 αἱρεῖ
1355 1172 1454 1239 τήν
1488 1169 1673 1244 πόλιν,
1741 1244 1745 1248 ,

440 1248 537 1303 Καὶ
569 1253 821 1325 στρατιὰν
858 1253 953 1323 μὶν
986 1252 1284 1328 ἐμπιμπλᾷ
1314 1258 1434 1313 λεία
1464 1260 1703 1333 σκύλων,

442 1339 633 1402 Ἀὐτὸς
664 1338 721 1395 δὲ
756 1340 1035 1417 βασίλειον
1069 1343 1265 1424 ι’ίληφε
1295 1350 1509 1427 στέφος,

249 1431 401 1489 7690
444 1430 646 1505 Πέτρνυ
674 1432 940 1494 πεσόντος
962 1436 1099 1489 κατὰ
1134 1438 1346 1511 μάχην,
1380 1439 1457 1500 ὡς
1488 1436 1645 1517 ἔφην.

440 1519 612 1580 Οὗτος
645 1519 923 1574 πλατύναι·
958 1524 1204 1598 εὐτυχῶς
1227 1526 1407 1601 ἀρχῆς
1442 1529 1603 1603 ὄρους

439 1609 571 1669 Ταῖς
603 1606 1067 1681 ἂλλεπαλλήλοις
1094 1633 1152 1667 τε
1179 1616 1487 1686 κεπφωθεὶς
1517 1617 1718 1689 νίκαις,

444 1697 533 1752 Ἐν
564 1699 647 1758 οἷς
678 1697 900 1773 ὑπῆρχε
928 1700 1252 1775 προσμένειν
1286 1704 1386 1759 οὐκ
1415 1706 1619 1782 ἠγάπα.

442 1783 620 1841 Ἀλλᾶ
649 1792 839 1864 φρονεῖ
868 1789 1010 1865 μέγα
1036 1811 1089 1845 τι
1114 1790 1205 1846 καὶ
1236 1795 1362 1869 παρ’
1393 1794 1567 1867 ἀξίαν.

252 1884 403 1940 7695
443 1884 752 1957 Φημίζεται
787 1890 917 1961 γοῦν
949 1882 1208 1951 ϐασιλεὺς
1241 1890 1599 1969 αὐτοκράτωρ

440 1974 563 2029 Τῶν
593 1974 668 2027 ὧν
699 1981 974 2051 κατῆρχεν
1006 1977 1209 2033 ἀστέων
1242 1982 1331 2035 καὶ
1363 1983 1609 2058 χωρίων,

436 2063 693 2139 Στεφθεῖς
721 2063 966 2141 κεφαλήν
999 2065 1262 2143 βασιλικῇ
1292 2070 1473 2143 ταινίᾳ

431 2151 889 2226 Παρ’ἀρχιθύτου
923 2153 1251 2231 Βουλγάρων
1284 2159 1626 2236 Δημητρίου.

432 2240 565 2302 Θεὸς
598 2238 646 2294 δ’
686 2239 1017 2314 ἐπευδόκησε
1048 2245 1263 2309 τούτοις
1295 2247 1565 2313 οὐδόλως.

243 2332 393 2385 7700
436 2330 602 2385 Mrta?
630 2331 737 2405 γὰρ
764 2328 940 2395 ὅντως
976 2335 1357 2412 ὑπερηφάνους
1384 2339 1591 2416 φύσεις.

430 2419 597 2473 ’Όθεν
630 2416 787 2490 δίκην
818 2417 1053 2476 δέδωκεν
1081 2423 1301 2500 ὕστερον
1336 2429 1593 2502 θράσους,

436 2502 633 2562 Σϐἐσιν
669 2509 905 2572 ὑποστάς
939 2516 1036 2566 τοῦ
1069 2513 1239 2586 φάους
1269 2519 1378 2569 τῶν
1409 2518 1700 2590 ὀμμάτων.

437 2596 587 2651 Κατὰ
623 2598 815 2672 μάχην
846 2598 990 2654 οὕτω
1016 2599 1075 2655 δὲ
1104 2604 1424 2667 κτανθέντος
1453 2608 1682 2682 Πέτρου,

441 2686 599 2739 Παισί
631 2688 680 2740 τ’
708 2684 797 2741 ἐπὶ
827 2689 1043 2763 τέτρασι
1077 2689 1334 2756 λιπόντος
1374 2695 1512 2770 βίον.

254 2776 406 2829 7705
449 2775 787 2851 Ῥομπὲρτῳ,
814 2776 1087 2852 Φιλίππῳ
1104 2802 1164 2836 τε
1192 2784 1279 2838 καὶ
1316 2783 1656 2860 Βαλδουένῳ,

438 2865 586 2939 Πρὸς
616 2862 747 2935 τῇδε
772 2871 872 2938 μιᾷ
898 2868 1124 2944 θυγατρὶ
1152 2876 1221 2945 τῇ
1252 2874 1456 2948 Μαρίᾳ.

436 2952 655 3007 Τούτων
687 2962 992 3032 κραταρχεῖ
1021 2960 1354 3037 Ῥομπὲρτος
1386 2963 1705 3033 Βυζαντίδος

443 3046 734 3120 Πράγμασι
765 3066 853 3101 κοι
886 3052 971 3111 οἷς
1008 3049 1271 3122 μαλακῶς
1302 3056 1671 3129 κεχρημένος,

445 3137 578 3193 Μετ’
605 3136 804 3213 Ἑῤῥῆν
836 3139 1167 3216 κατάρξαντα
1194 3145 1288 3199 τὸν
1314 3148 1612 3217 τεθνηκότα

263 3233 410 3289 7710
450 3230 718 3307 Ἀνδρεῖον
754 3233 922 3311 ἄνδρα
950 3239 1038 3293 καὶ
1073 3244 1211 3294 πάνυ
1246 3241 1554 3318 ῥωμαλέον.

445 3321 575 3378 Εἶτα
610 3324 727 3395 μετ’
758 3325 918 3380 αὐτὸν
952 3326 1220 3402 σύγγονος
1244 3330 1566 3407 Βαλδυῖνος,

443 3412 676 3486 Μὲτριος
710 3412 869 3489 ἀνὴρ,
900 3421 1261 3493 σωφρονικὸς,
1298 3423 1529 3497 χαρίεις,
1582 3490 1585 3491 ν

449 3500 567 3577 Ἐφ’
599 3502 659 3554 οὗ
688 3507 1020 3577 κρατοῦντος
1051 3508 1085 3577 ἡ
1122 3511 1527 3568 Κωνσταντίνου
1552 3514 1719 3579 πόλις

452 3592 809 3677 ,Επανεσώθη
842 3594 1132 3669 Ῥωμαίων
1163 3601 1494 3677 κραταρχίᾳ.

261 3681 415 3735 7715
454 3680 518 3735 Ἡ
553 3676 601 3733 δ’
630 3680 697 3734 αὗ
728 3683 912 3758 Μαρία
941 3686 1077 3760 πρὸς
1110 3688 1289 3763 γάμου
1320 3676 1603 3747 κοινωνίαν

446 3768 543 3840 Τῷ
577 3772 869 3847 Δασκαρίῳ
904 3774 1120 3849 βασιλεῖ
1151 3778 1413 3855 συνεζύγη

454 3856 684 3931 Πρὼτης
712 3864 968 3934 γυναικὸς
1002 3863 1385 3931 ἐκλελοιπυίας
1419 3871 1561 3944 βίον,

444 3950 560 4017 Τῆς
593 3945 640 4002 δ’
664 3949 734 4005 dx.
764 3950 1010 4008 Κιλίκων
1043 3952 1294 4034 δευτέρας
1326 3957 1406 4021 εἷς
1433 3959 1669 4037 πατρίδα

449 4039 549 4091 Διά
577 4059 627 4092 τι
659 4044 819 4111 μῖσος
856 4043 1310 4123 άποπεμφθείσης
1343 4048 1530 4105 πάλιν.

270 4137 419 4191 7720
458 4136 633 4200 Οὗτος
655 4140 1087 4220 γυναικάδιλφον
1123 4145 1286 4200 αὐτοῦ
1314 4149 1650 4223 Ῥομπὲρτον

448 4225 543 4287 Εἷς
570 4225 834 4315 Ερδοκίαν
865 4234 964 4300 τὴν
997 4233 1183 4308 τρίτην
1218 4236 1521 4315 θυγατέρων

455 4312 713 4407 Σ-πεόδων
742 4317 963 4394 ἀγαγεῖν
989 4318 1237 4398 γαμϐρὸν
1268 4312 1491 4402 ἆθὲσμῳ
1514 4329 1726 4407 τρόπῳ.

450 4405 608 4478 ’Έριν
640 4404 800 4476 ἰνῆκε
826 4411 1175 4488 ποιμενάρχῃ
1203 4418 1283 4487 τῷ
1310 4417 1433 4471 τότε

452 4493 547 4564 Τῷ
576 4493 892 4575 Φιλοσόφῳ·
907 4500 1171 4571 Μανουὴλ
1209 4502 1378 4575 κεκλη
1390 4505 1534 4580 μένῳ

264 4583 416 4637 7725
453 4583 548 4650 Μὴ
583 4587 1026 4659 συγκατανεόοντι
1058 4588 1200 4667 τῷδε
1226 4597 1305 4667 τῷ
1328 4595 1511 4669 γάμῳ.

455 4672 587 4734 Θεὸς
618 4670 675 4727 δὲ
705 4672 825 4729 λύει
854 4678 953 4745 τήν
974 4678 1411 4755 άθεσμογαμίαν,

457 4761 592 4836 Πρὶν
625 4763 658 4832 ἢ
690 4765 932 4839 γενέσθαι
962 4768 1145 4839 τήνδε,
1175 4775 1272 4824 τοῦ
1305 4764 1571 4847 βασιλέως

458 4850 586 4907 Βίον
616 4853 707 4908 τὸν
734 4856 1074 4933 ἀνθρώπινον
1104 4858 1516 4925 ἐκλελοιπότος.

457 4942 576 4997 "Eri
610 4947 1013 5020 κραταρχοῦντί
1040 4968 1103 5023 γε
1132 4953 1210 5021 τῷ
1242 4951 1533 5027 Λασκαρίῳ

266 5033 417 5087 7730
458 5033 759 5109 Πράγματα
789 5034 977 5091 πολλὰ
1006 5038 1094 5091 καὶ
1127 5040 1336 5113 μακρὰς
1364 5040 1602 5115 ἀγωνίας

455 5120 653 5197 Ἐρρἥς
682 5130 945 5199 παρεῖχεν
988 5126 1015 5181 ὁ
1040 5132 1256 5202 κρατῶν
1285 5130 1622 5201 Βυζαντίδος,

460 5211 647 5274 Τιθεῖς
680 5214 760 5276 ὑθ’
788 5215 953 5269 αὐτὸν
985 5216 1268 5289 Ἀωμαϊκά
1296 5219 1499 5293 χωρία,

456 5299 753 5371 Λεηλατῶν
785 5322 844 5357 τε
874 5303 963 5357 καὶ
996 5305 1347 5381 κατατρέχων
1381 5307 1597 5371 πόλεις’

461 5394 798 5463 Δραστήριος
826 5394 927 5469 γὰρ
959 5395 1048 5448 καὶ
1082 5396 1335 5471 σθεναρὸς
1369 5394 1442 5452 ὢν
1476 5396 1644 5474 χὲρας

272 5483 424 5536 7735
491 5480 589 5533 Καὶ
620 5483 757 5555 πρὸς
791 5483 972 5558 μάχας
994 5480 1243 5557 ἕτοιμος,
1276 5483 1524 5565 ἄντικρυς
1552 5490 1743 5565 Ἄρης,

501 5572 584 5626 Τά
611 5572 896 5643 Ῥωμαϊκὰ
927 5569 972 5626 δ’
1004 5576 1344 5645 ἡσθενηκότα
1369 5575 1609 5652 βλέπων·

500 5658 602 5715 Καὶ
637 5656 851 5731 μᾶλλον
884 5661 971 5737 ἀφ’
1004 5662 1066 5716 οὗ
1097 5662 1398 5720 σουλτάνου
1430 5666 1760 5743 κατισχύσας

508 5748 776 5820 Λάσκαρις
804 5748 927 5821 ἄναξ
959 5745 1226 5808 ἀπίϐαλεν
1250 5754 1484 5819 ἱππότας

1785 414 2147 470 CBSARES.

1939 542 1997 607 Α
2026 538 2301 593 defuncto
2334 537 2550 602 Errico,
2586 536 2805 591 missus
2835 540 2927 591 est
2956 535 3321 605 Byzantium.

2023 629 2210 698 Atque
2240 624 2667 697 Dyrrhachium
2699 625 2931 680 delatus
2961 626 3031 680 ad
3074 624 3301 691 urbem,

2024 732 2158 771 mox
2188 732 2290 787 per
2318 714 2576 770 Albanos
2607 714 2817 770 itinere
2852 715 3108 785 pedestri

2027 806 2150 860 ibat
2182 806 2521 874 Byzantium
2552 821 2685 860 cum
2720 804 3008 861 instructo
3040 802 3320 858 exercitu.

2025 894 2133 950 Sed
2169 898 2540 950 antevertens
2569 893 2912 949 Theodorus
2942 897 3223 947 strenuus

2024 988 2264 1038 Petrum
2296 982 2516 1054 insigni
2551 983 2801 1053 perculit
2830 982 3094 1048 victoria,

2027 1074 2220 1145 ipsum
2253 1088 2384 1128 eum
2415 1076 2535 1127 toto
2568 1073 2825 1127 exercitu
2856 1071 3088 1127 delevit.

2027 1162 2239 1217 Urbem
2270 1161 2409 1232 quin
2442 1160 2617 1216 etiam
2649 1160 2838 1215 tenuit
2869 1159 3317 1231 Dyrrhachium,

2026 1267 2323 1323 suumque
2350 1251 2547 1322 praeda
2576 1249 2780 1304 ditavit
2808 1248 3122 1303 exercitum
3160 1265 3173 1302 :

2026 1349 2151 1420 ipse
2181 1346 2435 1419 regalem
2469 1347 2663 1400 induit
2688 1362 2984 1411 coronam,

2024 1438 2085 1491 in
2118 1438 2239 1491 acie
2270 1437 2457 1506 Petro,
2490 1442 2556 1491 ut
2588 1436 2867 1504 diximus,
2897 1434 3109 1490 occiso.

2026 1534 2163 1582 Nam
2198 1532 2369 1582 aucta
2400 1544 2506 1581 sua
2539 1524 2782 1580 feliciter
2811 1525 3034 1578 ditione

2025 1624 2082 1673 et
2111 1615 2430 1672 cumulatis
2459 1616 2647 1671 elatus
2677 1614 2936 1670 victoriis

2025 1723 2140 1761 non
2174 1706 2284 1760 fuit
2313 1708 2623 1761 contentus
2654 1703 2964 1775 acquisitis
2993 1702 3229 1773 opibus,

2025 1796 2125 1850 sed
2159 1796 2229 1850 ad
2263 1796 2488 1865 majora
2520 1798 2729 1866 praeter
2757 1794 2845 1850 ias
2875 1791 3183 1860 anhelans,

1945 1898 1991 1962 Β
2023 1886 2439 1956 imperatorem
2469 1883 2751 1939 Caesarem
2784 1899 2845 1938 se
2877 1881 3025 1939 dixit

2020 1974 2149 2043 ejus
2181 1988 2309 2043 quae
2340 1971 2454 2027 sibi
2483 1973 2722 2027 suberat
2748 1970 3025 2026 ditionis:

2022 2068 2199 2134 atque
2229 2062 2410 2134 regali
2444 2067 2754 2118 coronatur
2783 2064 3097 2118 stemmate

2023 2170 2055 2207 a
2086 2151 2474 2223 Bulgarorum
2507 2150 2796 2207 Demetrio
2826 2147 3262 2221 archiprmsule.

2023 2241 2133 2296 Sed
2166 2240 2320 2294 Deus
2352 2256 2473 2295 rem
2507 2244 2733 2311 gestam
2767 2240 3012 2293 minime
3040 2236 3327 2310 probavit,

2023 2330 2123 2403 qui
2157 2334 2378 2385 mentes
2410 2330 2535 2385 odit
2564 2330 2873 2385 hominum
2907 2328 3217 2400 superbas.

2022 2422 2409 2485 Quamobrem
2443 2421 2693 2476 Michael
2719 2437 2910 2475 seram
2945 2418 3056 2473 luit
3085 2432 3315 2489 pmnam

2023 2516 2274 2581 utroque
2304 2509 2529 2564 lumine
2560 2510 2805 2565 orbatus
2836 2508 3164 2564 oculorum.

2025 2599 2228 2653 Petrus
2261 2598 2317 2653 in
2350 2615 2547 2669 pugna
2576 2597 2867 2668 spoliatus
2896 2596 3016 2651 vita

2024 2692 2280 2759 quatuor
2308 2687 2549 2759 reliquit
2581 2687 2796 2741 liberos
2828 2685 3202 2756 superstites,

2025 2777 2343 2831 Robertum
2373 2779 2428 2831 et
2460 2775 2796 2847 Philippum
2830 2791 2896 2830 ac
2930 2774 3305 2839 Balduinum,

2025 2871 2302 2937 praeterea
2332 2864 2511 2920 ﬁliam
2547 2865 2827 2920 feminam
2860 2865 3125 2920 Mariam.

2024 2956 2105 3009 Ex
2135 2954 2229 3009 his
2261 2954 2553 3009 Robertus
2585 2954 2894 3025 imperavit
2923 2953 3209 3023 Byzantii,

2026 3047 2126 3101 sed
2160 3046 2588 3101 administrans
2618 3046 2826 3116 ignave
2854 3042 3304 3115 rempublicam,

2027 3140 2159 3207 post
2185 3133 2302 3190 vita
2331 3137 2598 3190 functum
2630 3134 2916 3189 Cmsarem
2946 3133 3211 3188 Erricum

2027 3229 2334 3280 strenuum
2368 3223 2556 3279 virum
2585 3231 2638 3279 et
2667 3223 2841 3295 plane
2871 3222 3281 3279 fortissimum.

2026 3322 2164 3376 Post
2193 3320 2359 3376 illum
2395 3322 2570 3376 frater
2597 3321 2862 3392 regnavit
2893 3318 3214 3375 Balduinus

2030 3412 2330 3467 modestus
2362 3413 2446 3467 vir
2477 3416 2533 3467 et
2562 3416 2899 3482 temperans
2931 3427 2996 3465 ac
3026 3411 3323 3482 gratiosus

2029 3517 2144 3570 quo
2176 3499 2540 3569 dominante,
2573 3500 2944 3555 Constantini
2974 3499 3182 3555 civitas

2030 3591 2100 3644 ad
2132 3590 2529 3645 Romanorum
2558 3590 2729 3645 rediit
2761 3589 3097 3661 imperium.

2035 3679 2177 3733 Petri
2211 3680 2390 3734 Maria
2422 3679 2541 3734 ﬁlia
2572 3678 2822 3750 nuptiali
2854 3679 3088 3735 vinculo

2030 3768 2369 3839 imperatori
2404 3768 2629 3824 Lascari
2662 3769 3064 3840 conjungitur,

2032 3857 2132 3928 qui
2165 3873 2404 3912 uxorem
2437 3857 2689 3928 primam
2722 3860 2957 3914 ﬂeverat
2985 3858 3359 3924 exstinctam,

2032 3946 2351 4001 secundam
2385 3956 2573 4001 sulem
2608 3946 2783 4002 Cilica
2814 3951 2986 4018 gente
3018 3952 3218 4002 natam

2032 4036 2228 4091 nescio
2259 4052 2375 4106 quo
2406 4036 2539 4090 odio
2570 4037 2627 4089 in
2661 4037 2909 4107 patriam
2944 4037 3268 4095 remiserat.

2031 4134 2190 4188 Idem
2224 4133 2538 4188 Robertum
2572 4134 2843 4205 conjugis
2872 4149 3220 4205 germanum

2030 4223 2270 4295 optabat
2299 4239 2601 4294 generum,
2631 4229 2834 4278 contra
2864 4226 2950 4278 fas
2981 4222 3252 4278 Ecclesiae

2023 4312 2292 4384 jugando
2324 4313 2555 4367 tertiam
2590 4313 2773 4369 ﬁliam
2806 4314 3145 4369 Eudociam.

2030 4402 2174 4457 Cum
2203 4402 2469 4458 Manuale
2499 4403 2830 4474 patriarcha
2855 4403 3119 4475 jurgium

2032 4490 2168 4545 hinc
2198 4495 2393 4545 ortum
2430 4497 2539 4562 est,
2572 4493 2920 4565 philosopho
2949 4493 3267 4566 appellato,

1956 4611 2002 4676 Β
2034 4581 2375 4651 hujusmodi
2404 4587 2638 4638 vetante
2668 4600 2741 4639 ne
2771 4584 2978 4639 fierent
3008 4583 3245 4655 nuptiae.

2040 4670 2150 4726 Sed
2182 4677 2337 4727 Deus
2368 4672 2603 4743 abrupit
2632 4673 2902 4729 illicitum
2937 4673 3277 4745 conjugium
3312 4689 3326 4729 ε

2040 4761 2203 4833 prius
2235 4778 2411 4833 quam
2444 4764 2600 4818 enim
2637 4764 2820 4833 ﬁeret,
2851 4765 2977 4836 ipse
3008 4764 3198 4818 Caesar

2039 4851 2309 4907 humanae
2340 4851 2467 4907 vitae
2497 4854 2813 4909 terminum
2850 4853 3148 4924 imposuit.

2037 4956 2316 5006 Caeterum
2347 4951 2537 5007 adhuc
2567 4952 2893 5024 imperante
2924 4957 3185 5021 Laseare,

2041 5039 2337 5096 molestias
2369 5039 2608 5110 multas,
2638 5040 2837 5111 praelia
2863 5039 3092 5095 diutina

2041 5130 2295 5202 Byzantii
2331 5129 2608 5185 dominus
2637 5130 2874 5185 Erricus
2906 5129 3187 5200 exhibuit,

2039 5220 2179 5274 dum
2211 5219 2323 5274 sibi
2358 5219 2621 5274 Romana
2653 5218 2869 5290 oppida
2899 5218 3235 5289 subjiceret,

2041 5326 2144 5363 sus
2175 5309 2361 5378 deque
2390 5308 2564 5363 urbes
2594 5308 2894 5380 diriperet,
2922 5313 3136 5380 ageret.

2040 5398 2143 5451 Vir
2175 5399 2329 5453 enim
2359 5404 2482 5453 erat
2511 5398 2739 5467 efﬁcax,
2770 5399 2902 5453 forti
2939 5415 3138 5470 manu,

2044 5489 2235 5542 alacer
2264 5488 2332 5541 ad
2365 5504 2591 5559 pugnas
2625 5504 2878 5559 semper,
2913 5493 2970 5543 et
3000 5489 3170 5544 Marti
3204 5490 3327 5562 pari
3362 5505 3375 5543 :

2045 5578 2143 5647 qui
2176 5593 2309 5631 cum
2340 5577 2635 5633 Romanos
2664 5578 2999 5634 laborantes
3030 5586 3312 5648 cerneret,

2046 5665 2366 5739 praesertim
2400 5667 2538 5736 quia
2569 5668 2707 5722 dum
2741 5669 3042 5724 sultanum
3074 5668 3391 5724 debellaret

2048 5754 2312 5811 Lascaris
2344 5753 2551 5824 Caesar,
2581 5757 2809 5827 equites
2845 5757 3122 5812 amiserat
