4076 6400
402 372 507 431 287
1620 383 1989 438 ΕΡΗΒΒΜΠ

1620 383 1989 438 ΕΡΗΒΒΜΙΙ
2034 383 2608 444 CHRONOGRAPBI

403 501 581 558 Italos
608 502 764 557 viros
796 506 1074 558 strenuos
1109 506 1425 560 mavortios
1459 522 1472 561 :

2081 507 2138 573 Α
2343 506 2580 585 Ἅνδρας
2611 508 2881 577 Ἰταλοὺς,
2913 508 3186 584 ἀρεϊκοῦς,
3219 506 3506 583 γειινάδας,

404 596 685 663 perpetuo
716 599 946 647 nostros
978 592 1305 648 lacessebat
1336 593 1508 651 bello.

2168 598 2313 654 7740
2352 604 2582 673 Συχνῶς
2615 599 2966 676 ἐπεστράτευε
2994 598 3287 671 Ῥωμαίων
3320 599 3499 673 ὅροις·

403 680 555 746 Quin
588 697 720 735 cum
756 681 819 735 in
854 682 1075 737 ﬁnibus
1106 682 1408 737 obviarent
1438 682 1607 753 nulli,

2350 690 2474 744 Τῶν
2505 687 2866 743 κωλυσόντων
2898 686 3133 743 οὐδένων
3167 688 3487 763 ὁρωμένων,

404 773 572 825 tanta
602 774 691 825 est
723 770 914 825 elatus
945 771 1303 827 conﬁdentia
1338 773 1597 842 Erricus,

2351 778 2501 851 Παρά
2528 781 2786 832 τοσοῦτον
2818 782 2917 832 τοῦ
2948 776 3177 850 θράσους
3200 775 3495 853 ἀφιγμένον

407 864 473 914 ut
503 875 693 931 usque
724 858 782 913 in
816 859 1035 915 Ioniam
1070 861 1287 916 faceret
1318 878 1600 918 excursus

2349 866 2439 927 Ὠς
2470 863 2837 940 καταδραμεῖν
2868 865 2958 920 καὶ
2994 865 3191 941 μέχρις
3229 866 3436 926 Ἰωνίας

408 948 654 1003 vastatis
684 947 798 1004 late
830 949 999 1004 terris
1033 950 1420 1021 interpositis,

2352 953 2740 1024 Λεηλατοῦντα
2766 956 2833 1010 τὰ
2868 955 3063 1028 μεταξὺ
3085 952 3290 1030 χωρία,

412 1037 493 1092 nil
526 1037 679 1093 bello
712 1038 998 1093 intactum
1028 1036 1327 1110 linquens,
1359 1041 1547 1096 donec
1578 1042 1811 1097 tandem

2208 1054 2316 1108 745
2355 1054 2596 1126 Δηοΰντ’,
2628 1051 2965 1125 ἀφανίζοντα
2996 1058 3098 1121 τῆς
3131 1053 3313 1126 μάχης
3344 1050 3521 1124 νόμῳ,

411 1142 607 1181 coram
636 1126 939 1198 Nympbzei
973 1128 1133 1200 regia
1164 1130 1482 1185 tentorium
1518 1132 1738 1201 ﬁgeret.

2357 1140 2570 1211 Σκηνάς
2599 1162 2657 1196 τε
2686 1144 2853 1213 πῆξαι
2883 1140 3021 1195 κατά
3050 1145 3238 1215 χῶρον
3269 1139 3564 1218 Νυμφαίου
3590 1158 3604 1209 ;

405 1216 512 1271 Sed
547 1231 681 1270 mox
710 1216 1055 1286 Byzantium
1089 1218 1365 1273 reducem
1398 1218 1535 1273 tulit
1564 1220 1791 1290 pedem.

2355 1230 2469 1286 Εἶθ’
2503 1231 2949 1299 ὑπονοστήσαντα
2976 1231 3077 1299 τήν
3110 1227 3274 1283 πόλιν
3306 1227 3523 1305 φθάσαι.

403 1313 532 1369 Haec
565 1317 878 1369 Lascareos
910 1314 1210 1387 Erricique
1248 1333 1343 1372 res
1376 1317 1633 1372 fuerunt.

2352 1321 2515 1375 Ταῦτ’
2546 1317 2647 1394 ἄρα
2678 1320 3001 1395 Λασκάριος,
3234 1312 3452 1387 συνέϐη.

406 1401 630 1458 Deinde
661 1403 823 1474 pacis
857 1403 1069 1458 fcedere
1098 1402 1464 1472 coaluerunt,

2353 1409 2447 1472 Εἷς
2479 1406 2713 1471 σπονδὰς
2744 1408 2950 1483 ἀμφοῖν
2983 1403 3282 1481 συμϐάσεις
3315 1409 3364 1463 τ’
3392 1406 3629 1484 ἀφιγμέ-

3517 1518 3649 1565 νων,

406 1581 578 1652 cujus
609 1579 952 1650 bujusmodi
987 1580 1357 1637 conditiones
1386 1585 1554 1637 erant
1582 1598 1595 1636 :

2174 1589 2317 1643 7750
2356 1588 2424 1645 Αἱ
2456 1581 2815 1661 συμϐιβάσεις
2843 1583 2970 1640 τάδε
2999 1584 3089 1639 καὶ
3122 1585 3454 1662 συμφωνίαι⁹
3492 1498 3509 1572 [

407 1670 628 1741 Nempe
660 1673 725 1724 ut
754 1670 897 1724 urbs
931 1669 1157 1742 Ochyra
1188 1688 1322 1726 cum
1357 1688 1494 1743 agro
1528 1689 1636 1729 suo

2355 1677 2441 1738 Ὠς
2474 1676 2533 1731 ἂν
2564 1675 2802 1751 Ὀχυρὰν
2836 1682 2934 1743 τῆν
2969 1674 3131 1730 πόλιν
3153 1674 3245 1729 καί
3276 1675 3343 1727 τὰ
3372 1673 3525 1750 πέριξ

409 1763 466 1814 et
498 1758 632 1829 pagi
666 1758 850 1813 monti
882 1759 1241 1829 circumjecti
1274 1760 1516 1832 Cymino

2356 1767 2437 1823 Τὰ
2466 1767 2582 1820 κατ’
2615 1762 2742 1840 ὄρος
2764 1767 2812 1820 τ’
2844 1764 2908 1819 αὖ
2938 1768 3034 1819 τοῦ
3066 1768 3283 1837 Κυμινᾶ
3308 1766 3492 1838 χωρία

405 1846 530 1919 (qui
565 1862 733 1902 mons
763 1847 835 1901 ab
866 1848 1009 1902 urbe
1040 1847 1266 1919 chyra
1300 1866 1413 1905 non
1449 1850 1635 1921 abest)

2098 1875 2145 1940 Β
2351 1852 2637 1929 Τυγχὰίνον
2672 1854 2851 1929 ἀγχοῦ
2884 1852 3149 1930 φρουρίου
3181 1850 3540 1926 λελεγμένου,

410 1934 627 1992 Latinis
659 1936 918 1991 dominis
951 1937 1279 2009 incolisque
1310 1939 1600 1994 cederent.

2098 1934 2138 1940 _
2356 1942 2538 1998 Φῦλον
2569 1942 2821 2017 κατάσχῇ
2854 1941 2943 1996 καὶ
2973 1943 3209 2014 νέμηται
3242 1940 3509 1996 Λατίνων.

408 2026 684 2082 Calamus
718 2030 914 2081 autem
948 2043 1156 2097 pagus,
1190 2027 1344 2082 unde
1379 2027 1586 2099 incipit

2174 2035 2319 2088 7755
2358 2030 2615 2104 Κάλαμος
2644 2034 2679 2101 ἡ
2712 2033 2877 2105 κώμῃ
2907 2029 2985 2099 δὲ,
3017 2031 3144 2104 παρ’
3171 2030 3233 2085 οὗ
3261 2030 3324 2084 τὸ
3353 2028 3529 2103 κλίμα

411 2116 861 2172 Neocastrorum
895 2132 1023 2186 quas
1056 2116 1275 2171 dicitur
1304 2116 1622 2187 provincia,

2354 2126 2469 2175 Τῶν
2495 2120 2852 2196 Νεοκάστρων
2882 2121 2982 2189 τὴν
3013 2120 3293 2194 καταρχὴν
3328 2113 3617 2191 λαμϐάνει,

412 2204 684 2259 neutrius
717 2204 899 2275 partis
933 2209 1091 2259 esset
1115 2221 1182 2259 ac
1209 2205 1461 2262 deserta.

2358 2212 2608 2285 Ἑρημος
2638 2209 2897 2279 ἀοίκητος
2928 2208 2962 2277 ἦ
2994 2229 3051 2262 τε
3081 2208 3170 2263 καὶ
3205 2206 3359 2280 μένῃ·

413 2293 702 2366 Regiones
737 2298 933 2349 autem
970 2294 1039 2349 ad
1072 2294 1371 2350 Orientem
1405 2312 1606 2362 versae,

2351 2300 2425 2354 Τά
2456 2298 2502 2354 δ’
2534 2300 2638 2354 ἀπὸ
2668 2296 2832 2355 τοῦδε
2860 2300 2979 2363 καθ’
3008 2295 3082 2353 ἕω
3112 2298 3420 2366 νενευκότα,

407 2386 721 2438 Neocastra
751 2381 1027 2437 videlicet
1058 2388 1233 2454 atque
1268 2383 1409 2439 urbs
1438 2387 1783 2455 Pergamus,

2352 2388 2666 2463 Νεόκαστρα
2694 2390 2840 2442 ταῦτ’
2873 2387 2984 2441 ἐστὶ
3016 2385 3302 2461 Πέργαμος
3334 2383 3522 2456 πόλις,

405 2472 782 2543 Celbianum,
815 2472 1069 2539 Cbliara,
1103 2477 1279 2543 atque
1310 2474 1560 2542 Smyrna

2173 2488 2319 2545 7760
2359 2481 2655 2541 Κελϐιανόν
2685 2506 2743 2540 τε
2773 2485 2863 2539 καὶ
2896 2484 3107 2559 Χλιαρὰ
3135 2484 3225 2539 καὶ
3257 2483 3502 2557 Σμύρνα,

408 2578 541 2617 cum
574 2561 955 2632 circumjecto
992 2562 1297 2634 regionum
1332 2564 1512 2618 latere

2356 2574 2461 2629 Σὺν
2492 2580 2609 2637 τοῖς
2640 2580 2755 2629 κατ’
2787 2573 2913 2629 εὐθὺ
2942 2574 3214 2646 κειμένοις
3248 2573 3335 2628 καὶ
3367 2571 3622 2648 πλαγίως

410 2649 643 2705 Lascari
677 2654 893 2705 cuncta
923 2651 1133 2707 Caesari
1172 2656 1466 2722 parerent.

2350 2666 2586 2721 ”Απαντ³
2615 2662 2821 2718 ἀνεῖται
2856 2663 3075 2738 βασιλεῖ
3100 2662 3411 2737 Λασκαρίῳ.

410 2741 576 2797 Nunc
600 2742 726 2812 jam
762 2741 871 2796 fert
901 2742 1137 2797 animus
1169 2742 1367 2797 omnia
1399 2759 1526 2814 quae
1560 2743 1793 2814 Bulgari

2354 2754 2641 2829 Πρόθυμον
2676 2753 2823 2825 ὁρμᾷ
2850 2753 2937 2806 καὶ
2970 2753 3037 2805 τά
3066 2752 3214 2826 παρὰ
3244 2749 3578 2825 Βουλγάρων

411 2854 515 2910 per
545 2837 687 2893 illud
723 2842 960 2910 tempus
993 2844 1196 2895 contra
1227 2857 1332 2895 nos
1364 2841 1632 2897 fecerunt

2355 2841 2760 2897 Επεισπεσόντα
2790 2837 3059 2914 Ῥωμαίδι
3085 2845 3165 2913 τῷ
3187 2839 3312 2895 τότε

412 2926 672 2982 historiae
704 2926 932 2997 reliquo
964 2928 1221 2999 pandere
1253 2945 1546 2985 sermone.

2172 2934 2316 2988 7765
2352 2935 2466 3001 Τῆς
2486 2930 2728 3005 ἱστορίας
2757 2927 3091 3005 παραδοῦναι
3122 2933 3200 3001 τῷ
3232 2926 3405 3003 λόγῳ.

411 3016 617 3072 Adhuc
647 3016 891 3071 ﬂorente
917 3017 1238 3088 Byzantino
1271 3018 1516 3089 imperio

2353 3019 2455 3078 Καὶ
2486 3020 2612 3094 πρὶν
2645 3020 2738 3092 μὲν
2773 3019 2828 3074 εὗ
2860 3017 3086 3093 ἔχοντος
3115 3017 3373 3075 Αὐσόνων
3404 3016 3657 3092 κράτους,

411 3120 591 3159 causa
622 3103 944 3160 multorum
974 3104 1199 3160 exstitit
1229 3105 1520 3161 malorum

2355 3107 2587 3167 Πολλῶν
2618 3112 2799 3163 κακῶν
2824 3106 2999 3162 αἷίτιον
3029 3102 3179 3170 ἔθνος
3208 3104 3542 3181 Βουλγάρων

412 3193 492 3249 rei
528 3201 737 3249 nostrae
769 3194 1013 3265 publica;
1044 3193 1347 3266 Bulgarica
1385 3196 1562 3252 natio.

2092 3234 2136 3302 ϐ
2353 3197 2583 3272 Ὑπῆρξε
2613 3195 2911 3270 Ῥωμαίοις
2944 3216 3004 3251 τε
3032 3196 3124 3250 καὶ
3145 3196 3469 3272 κραταρχίᾳ.

411 3287 558 3337 Nam
590 3286 649 3337 et
680 3283 951 3353 Isacium,
984 3283 1274 3357 Angelum
1307 3285 1677 3356 cognomine,

2094 3283 2136 3302 υ
2358 3288 2587 3345 Ἰσάκιον
2608 3285 2708 3361 γὰρ
2742 3283 3128 3361 ἀγγελώνυμον
3160 3284 3328 3340 πάλαι

412 3388 628 3444 magna
658 3372 871 3428 devicit
900 3375 1055 3447 apud
1088 3374 1339 3430 Berroen
1370 3374 1564 3443 clade;
1942 3364 1947 3365 γ

1942 3364 1947 3365 ⁷
2173 3379 2318 3433 7770
2357 3376 2506 3432 Κατά
2537 3374 2772 3451 Βεῤῥόην
2808 3372 2989 3445 ἐκνίκᾷ
3019 3374 3155 3429 κατὰ
3183 3374 3382 3449 κράτος

408 3462 495 3519 ita
526 3470 587 3518 ut
615 3479 748 3519 cum
781 3469 990 3520 cetera
1029 3466 1224 3536 praeda
1257 3465 1569 3537 diripuerit

2353 3468 2514 3519 Ὥστε
2538 3462 2675 3539 πρὸς
2700 3461 2894 3525 ἄλλοις
2925 3463 3013 3517 καὶ
3046 3457 3339 3535 σεϐάσμιον
3373 3461 3531 3532 ξύλον

412 3551 603 3608 crucis
639 3553 952 3608 Dominicaa
984 3562 1423 3609 sacrosanctum
1455 3554 1706 3625 lignum,

2355 3556 2599 3628 Σταυροῦ
2632 3551 3025 3625 διαρπάσαντας
3057 3549 3255 3613 αὐτοὺς
3291 3546 3539 3626 κερδάναι

412 3642 567 3715 quod
602 3647 727 3698 erat
759 3643 977 3698 nostris
1008 3644 1245 3714 regibus
1276 3643 1334 3699 in
1370 3644 1584 3716 praeliis

2352 3645 2449 3700 Ὃν
2479 3641 2734 3699 Αὐσόνων
2764 3639 2982 3702 ἄνακτες
3015 3640 3229 3715 ἐχθρῶν
3259 3640 3310 3694 ἒν
3346 3640 3552 3714 μάχαις

413 3730 583 3787 ducis
615 3732 822 3800 instar,
857 3733 1056 3793 robur.
1088 3733 1341 3789 victoriae
1373 3752 1568 3791 omen.

2354 3732 2607 3807 Ἡγήτορ’
2638 3730 2788 3804 εἶχον
2820 3730 2910 3785 καὶ
2942 3729 3202 3805 τρόπαιον
3235 3728 3325 3784 καὶ
3358 3730 3541 3791 σθὲνος

415 3829 609 3886 Theca
644 3831 772 3898 fuit,
805 3830 997 3903 specie
1026 3832 1241 3887 eximia
1270 3837 1326 3889 et
1355 3833 1661 3903 ineﬂ‘abili,

2176 3833 2319 3886 7775
2358 3832 2692 3906 Ἀμήχανον,
2720 3830 2928 3891 κάλλος
2955 3850 3013 3884 τε
3041 3830 3127 3883 καὶ
3162 3826 3467 3897 ποικιλίαν,

417 3936 559 3974 auro
588 3920 956 3992 gemmisque
986 3921 1236 3977 rutilans
1268 3923 1565 3995 pretiosis,

2354 3923 2550 3994 Χρυσῷ
2578 3917 2875 3996 τιμαλφέσι
2905 3940 2963 3973 τε
2995 3916 3171 3982 λίθοις
3207 3917 3509 3992 μαργάροις

416 4014 475 4065 et
505 4010 755 4066 laborati
787 4011 978 4083 operis
1012 4013 1279 4080 artiﬁcio,

2357 4007 2461 4066 Καὶ
2491 4014 2768 4083 τεχνικαῖς
2798 4007 3018 4083 χάρισιν
3052 4007 3415 4082 ὡραϊσμένον·

412 4099 547 4155 sinu
579 4099 975 4171 complectens
1006 4104 1404 4159 venerandum
1439 4103 1691 4176 lignum,

2355 4096 2567 4155 Τούτου
2602 4097 2760 4171 μέσον
2790 4098 3043 4172 φέροντα,
3074 4095 3263 4169 τιμίου
3291 4092 3455 4166 ξύλου

411 4189 563 4259 quod
597 4190 884 4247 Dominus
916 4192 1130 4247 sufﬁxo
1159 4195 1457 4263 quondam
1491 4210 1734 4266 corpore

2355 4193 2423 4265 ’ῼ
2453 4192 2775 4262 σωματικῶς
2800 4187 3135 4263 προσπαγεὶς
3163 4187 3191 4241 ὁ
3224 4184 3489 4257 δεσπότης

408 4280 799 4335 sanctificavit
830 4283 1121 4355 sanguine
1152 4284 1481 4353 perfusum.

2178 4280 2321 4335 7780
2358 4278 2587 4353 Χριστὸς
2614 4276 2939 4352 καθηγίασεν
2971 4276 3159 4351 α’ίματι
3192 4273 3338 4331 τόδε’

407 4371 643 4424 Inerant
674 4373 731 4425 et
762 4370 888 4426 aliis
922 4387 992 4426 ex
1022 4376 1273 4442 utroque
1304 4371 1486 4427 latere

2358 4368 2539 4437 Θήκας
2568 4368 2617 4421 τ’
2647 4365 2835 4444 ἐφεξῆς
2868 4366 2918 4437 ἐξ
2945 4366 3199 4442 ἐκατέρου
3231 4363 3429 4440 μὲρους

409 4458 587 4513 thecae
621 4459 692 4514 ab
727 4459 969 4515 aurifice
1001 4464 1351 4531 pervenuste
1382 4459 1614 4524 efﬁctas,

2358 4459 2575 4530 Χρυσοῦ
2605 4456 2827 4530 τεχνίτῃ
2862 4460 3152 4533 προσφυῶς
3183 4453 3532 4529 εἷργασμένος

414 4550 736 4619 martyrum
772 4548 984 4605 Christi
1016 4548 1297 4618 reliquias
1329 4551 1651 4617 gestantes,

2098 4587 2145 4651 D
2358 4545 2445 4602 Ἐν
2480 4545 2561 4607 αἶς
2594 4552 2805 4620 προσῆν
2839 4541 3071 4618 λείψανα
3102 4547 3335 4620 Χριστοῦ
3371 4543 3661 4620 μαρτύρων

2359 4641 2392 4651 .,
2440 4634 2453 4650 1
2727 4635 2736 4651 .
2778 4631 2802 4651 τ.
2939 4632 3011 4651 ..ο
3060 4632 3109 4651 Λν
3386 4634 3399 4651 ς
3523 4632 3564 4651 ,κ

416 4637 789 4711 Deiparaeque
816 4637 1079 4709 Virginis
1113 4638 1200 4692 lac
1231 4637 1699 4706 sanctissimum,

2098 4631 2144 4651 ³³
2357 4634 2455 4688 Καὶ
2492 4631 2905 4709 μητρανάνδρου
2939 4632 3214 4707 Πάρθὲνου
3247 4634 3438 4687 σεπτὸν
3471 4632 3634 4706 γάλα,

414 4744 547 4781 cum
578 4728 926 4783 venerandae
955 4727 1179 4781 zonula;
1206 4730 1530 4798 segmento,

2176 4726 2320 4781 7785
2356 4723 2637 4799 Τεμάχιον
2673 4724 2849 4793 ζώνης
2879 4744 2937 4777 τε
2966 4720 3132 4790 τῆσδε
3160 4723 3371 4795 τιμίας,

415 4815 697 4887 mirisque
727 4814 859 4870 aliis
890 4814 1068 4870 rebus
1102 4814 1590 4887 religiosissimis.

2358 4812 2454 4866 Καὶ
2486 4811 2720 4867 πλεῖστα
2749 4814 3017 4885 τιμήεντα
3055 4811 3147 4866 καὶ
3178 4812 3507 4885 θαυμαστὲα.

410 4911 612 4968 Alexio
645 4928 879 4983 quoque
910 4910 1081 4966 Isacii
1111 4912 1435 4968 successori

2356 4900 2453 4956 Καὶ
2485 4906 2564 4973 τῷ
2591 4902 2708 4974 μετ’
2741 4901 2905 4955 αὐτὸν
2936 4895 3310 4973 παραλαϐόντι
3350 4901 3548 4973 κράτος

413 5015 577 5072 {eque
609 4998 920 5054 Comnenis
951 5000 1184 5073 Angelis
1216 5001 1520 5071 progenito

2356 4988 2595 5061 Ἀλεξίῳ
2627 5010 2689 5063 γε
2720 4986 3332 5063 Κομνηναγγελωνύμῳ

416 5087 740 5161 permultas
772 5086 1002 5159 Bulgari
1038 5106 1269 5161 pugnas
1299 5088 1660 5147 obtulerunt.

2358 5076 2613 5139 Πολλοὺς
2642 5077 2852 5153 ἀγῶνας
2883 5077 3253 5154 προύξένησαν
3286 5078 3377 5133 καὶ
3414 5076 3619 5151 μάχας.

411 5182 543 5232 Mox
571 5180 858 5248 occupata
889 5178 961 5231 ab
996 5178 1157 5235 Italis
1192 5178 1463 5248 Byzantio

2177 5180 2321 5234 7790
2360 5178 2520 5252 Ἀρτι
2554 5173 2600 5230 δ’
2632 5175 2870 5246 ὁλούσης
2904 5175 3139 5238 Ἰταλοῖς
3170 5173 3515 5246 Βυζαντίδος,

413 5269 660 5338 ejusque
692 5266 939 5338 imperio
970 5268 1041 5323 ad
1076 5269 1329 5324 nihilum
1366 5270 1622 5337 redacto,

2361 5271 2459 5320 Kal
2486 5268 2585 5320 τοῦ
2615 5266 2731 5320 κατ’
2762 5264 2929 5335 αὐτὴν
2958 5264 3352 5327 καταλυθέντος
3383 5264 3640 5337 κράτους,

416 5360 692 5427 regnator
720 5356 1109 5427 Bulgarorum
1141 5360 1396 5414 Joannes

2357 5356 2418 5412 Ὁ
2449 5353 2713 5430 κυριεύων
2749 5354 3074 5430 Βουλγάρων
3103 5355 3380 5425 Ἰωάννης,

416 5446 593 5500 homo
623 5444 993 5502 inhumanus
1024 5448 1112 5502 vel
1145 5454 1425 5505 cruentus
1456 5448 1620 5505 canis

2362 5443 2561 5507 Σκαιός
2589 5463 2673 5507 τις
2703 5443 2841 5519 ἀνὴρ
2871 5445 2959 5499 καὶ
2994 5440 3325 5522 φιλαίματος
3355 5442 3500 5498 κύων

420 5535 568 5589 Petri
600 5535 927 5605 Asanisque
959 5536 1140 5591 frater
1169 5537 1678 5607 detestandorum,

2365 5532 2535 5604 ’Διὰν,
2568 5533 2778 5607 Ιίέτρου
2808 5532 3071 5606 σύναιμος
3100 5532 3172 5587 ὢν
3206 5531 3544 5605 ἀλαστόρων,

418 5623 655 5679 Latinos
685 5623 1025 5680 obsidentes
1053 5625 1135 5680 Ad
1148 5623 1518 5696 rianopolim,

2180 5625 2324 5678 7795
2360 5624 2445 5678 Ἐν
2477 5618 2772 5696 Ἀδριανοῆ
2806 5622 3056 5683 Λατίνοις
3086 5623 3480 5695 σκηνουμένοις

417 5726 665 5783 eamque
696 5728 931 5768 summa
960 5713 1013 5769 vi
1048 5713 1300 5769 nitentes
1332 5730 1560 5786 capere,

2362 5705 2467 5767 Καὶ
2495 5709 2661 5782 τήνδε
2691 5710 2833 5766 ἑλεῖν
2870 5709 3158 5767 σπεύδουσι
3190 5713 3351 5768 παντὶ
3371 5710 3582 5786 τρόπῳ,

3719 384 3836 440 288
