4076 6404
239 397 364 453 289
1791 397 2159 454 CBSARBS.

438 518 845 591 Ἑπιστρατεύει
878 518 970 574 σὺν
1004 524 1229 596 στρατιᾷ
1257 519 1489 589 σκυθίδι,

432 610 536 667 Καὶ
562 606 900 680 ητακρᾶτος
929 607 1114 681 ἐκνικᾷ
1143 614 1278 688 σφᾶς
1308 615 1429 673 τοῖς
1468 608 1668 672 ὅπλοις

430 705 517 762 Ὦς
548 698 638 755 καὶ
670 696 990 774 κρατάρχην
1024 702 1171 775 σφῶν
1204 698 1638 774 ἀνεζωγρηκέναι

244 792 395 847 7800
431 790 534 844 Τὸν
558 785 925 858 Βαλδουῖνον,
958 788 1032 849 ὡς
1066 786 1257 843 ἂνόπιν
1291 786 1511 865 ἐῤῥέθη.

437 878 590 935 Ἐπεὶ
624 873 669 931 δ’
702 875 849 932 ἐλεῖν
876 873 1130 932 ἔσπευδεν
1161 874 1487 952 Ὀρεστιάδα

438 967 544 1024 Καὶ
573 971 691 1028 τοῖς
730 967 821 1021 ὑπ’
851 966 1015 1021 αὐτὸν
1049 966 1339 1042 ὑπαγαγεῖν
1376 966 1681 1045 φρουρίοις,

1943 526 2000 591 Α
2029 540 2347 598 aggressus
2379 529 2468 583 est
2497 543 2629 583 cum
2660 528 2927 599 Scythico
2955 528 3233 598 exercitu,

2030 618 2088 670 et
2115 632 2353 671 summa
2384 615 2551 672 clade
2582 617 2822 673 affectos
2852 617 3169 673 debellavit
3203 634 3216 671 :

2030 720 2283 775 quorum
2314 704 2490 761 etiam
2525 706 2854 777 principem
2881 706 3235 763 Balduinum

2032 793 2103 847 ab
2134 794 2262 867 ipso
2294 794 2490 850 vivum
2522 802 2764 867 captum
2798 813 2978 869 supra
3009 796 3289 851 diximus.

2029 881 2316 956 Deinceps
2347 884 2709 940 Orestiadem
2742 886 2993 941 tentavit
3021 885 3307 955 Bulgaros

2032 977 2098 1027 ut
2126 988 2244 1028 suae
2278 973 2521 1029 ditionis
2554 973 2785 1045 oppidis
2820 975 3168 1045 adjungeret
3203 991 3216 1026 :

441 1054 598 1113 Ἀλλ’
629 1057 695 1124 ἦν
725 1055 910 1129 χανὼν
935 1051 1187 1131 ἄντικρυς
1218 1056 1292 1117 ὡς
1314 1054 1480 1119 λύκος
1509 1055 1707 1129 μάτην.

437 1149 715 1209 Ἐντεῦθεν
750 1146 866 1199 οἷον
899 1142 1149 1217 ἐκμανεὶς
1180 1145 1208 1199 ὁ
1244 1144 1518 1217 μαινόλης

255 1240 403 1293 7805
440 1235 541 1292 Καὶ
573 1235 951 1308 κατεπαρθεὶς,
986 1233 1344 1308 Σεναχηρεὶμ
1373 1234 1447 1297 ὡς
1481 1232 1673 1303 πάλαι,

437 1323 661 1387 Ἀλλως
686 1344 745 1378 τε
779 1321 949 1396 μηδὲν
977 1320 1234 1395 ἐμποδὼν
1279 1321 1425 1397 ἔχων
1459 1323 1605 1385 ὅλως

441 1410 778 1473 Μακεδονίαν
811 1410 902 1466 καὶ
933 1411 1147 1487 Θρᾴκην
1185 1412 1532 1488 κατατρέχει,

445 1503 650 1575 Κώμας
680 1500 904 1575 ἐρημῶν
936 1501 1029 1556 καὶ
1061 1502 1452 1556 κατασκάπτων
1486 1498 1703 1574 πόλεις,

448 1596 627 1667 Δῃῶν,
660 1590 964 1659 σκυλεύων,
996 1588 1055 1645 ἐκ
1087 1589 1301 1666 βάθρων
1330 1590 1674 1664 ἀνατρέπωνο

252 1685 407 1739 7810
449 1680 815 1758 Καταστρέφει
846 1683 1040 1751 πρῶτα
1072 1679 1167 1753 μὲν
1201 1677 1485 1735 Φιλίππου
1524 1681 1714 1752 πόλιν,

446 1766 614 1825 Πόλιν
643 1769 1018 1845 περιώνυμον,
1052 1767 1460 1839 εὐκλεεστάτην·

443 1863 669 1916 Ἔπειτα
696 1861 995 1933 κατήρειψε
1022 1860 1118 1921 τὰς
1151 1856 1325 1920 ἄλλας
1354 1857 1572 1931 πόλεις,

444 1946 708 2006 Κύδιστον
739 1947 1064 2023 Ἡράκλειαν
1093 1948 1182 2002 καὶ
1216 1943 1556 2023 Σηλυϐρίαν,

438 2036 745 2093 Ῥαιδεστὸν
774 2036 865 2091 καὶ
898 2035 1097 2094 Πάνιον
1131 2036 1224 2091 σὺν
1259 2036 1490 2109 Δαονίῳ,

259 2131 407 2187 7815
442 2131 712 2203 Τραϊανοῦ
742 2147 802 2182 τε
831 2125 922 2181 καὶ
953 2126 1219 2202 Μάρωνος
1244 2126 1341 2188 τὰς
1372 2124 1592 2197 πόλεις,

444 2215 619 2272 Πόλιν
651 2213 1042 2272 Μοωνόπολιν
1074 2215 1165 2269 καὶ
1194 2217 1293 2283 τὴν
1330 2214 1654 2290 Σταγείραν,

448 2305 549 2362 Καὶ
581 2304 843 2366 πλείστας
874 2301 1054 2366 ἄλλας
1084 2306 1119 2372 ἡ
1158 2298 1398 2378 βέϐηλος
1423 2302 1642 2379 καρδία.

442 2394 634 2456 Οὕτως
666 2393 891 2469 ἐρημῶν
922 2392 1011 2447 καὶ
1044 2392 1322 2448 σκυΑεύων
1347 2394 1443 2457 τὰς
1472 2393 1688 2466 πόλεις,

446 2481 646 2547 Φθάνει
677 2483 1035 2556 περιώνυμον
1069 2480 1490 2552 Θεσσαλονίκην,

254 2574 408 2630 7820
451 2572 612 2626 Κάκεῖ
644 2570 837 2647 βιαίως
866 2571 958 2625 τὸν
997 2569 1112 2645 βίον
1144 2572 1498 2649 καταστρέφει

450 2660 768 2737 Πλευρίτιδι
804 2663 924 2735 μὶν,
958 2662 1034 2725 ὡς
1063 2660 1275 2716 ἀκούειν
1307 2664 1398 2731 ἦν,
1429 2661 1593 2735 νόσῳ·

447 2750 537 2812 Ὠς
567 2745 614 2803 δ’
643 2748 708 2802 αὗ
739 2746 926 2803 κλύειν
959 2746 1163 2825 πέφυκε
1193 2752 1380 2825 σαφῶς
1410 2745 1661 2823 εἰδότων,

444 2844 510 2917 ᾪ
536 2838 746 2903 τίθεται
774 2843 900 2907 πᾶς,
933 2840 1417 2914 χριστομάρτυρος
1450 2840 1589 2915 ξίφει

453 2928 854 2998 Θεσσαλονίκης
885 2929 1192 3003 προστάτου
1232 2937 1306 2997 Δη
1319 2929 1573 3003 μητρίου.

272 3020 413 3075 7825
450 3017 661 3076 Τούτου
693 3015 740 3071 δ’
772 3015 1204 3093 ἀποῤῥήξαντος,
1232 3017 1306 3079 ὡς
1341 3014 1499 3096 ἔφην,
1535 3020 1679 3095 βίον,

450 3105 823 3169 Ἀδελφόπαις
854 3128 936 3171 τις
967 3105 1204 3182 Βορίλας
1227 3106 1592 3183 κεκλημένος,
2039 3102 2060 3158 l

2039 3102 2221 3174 hujus
2249 3121 2319 3159 ex
2349 3104 2528 3159 fratre
2559 3120 2739 3175 nepos
2770 3103 2965 3159 dictus
2991 3103 3217 3159 Borilas

455 3194 872 3303 2x00i31'estav
894 3195 1138 3303 γαμετὴν
1171 3196 1513 3303 παρανόμως
1964 3236 2009 3303 C
2045 3193 2065 3303 ξ

1964 3236 2009 3303 C
2045 3192 2308 3303 Scftbidi
2333 3194 2582 3265 junctus
2615 3193 2809 3248 amitis
2842 3192 3082 3249 incestis
3116 3192 3366 3265 nuptiis,

454 3288 664 3360 Γήμας,
698 3285 930 3362 ὑπῆρξεν
963 3284 1232 3360 ἐγκρατὴς
1262 3286 1353 3340 καὶ
1379 3286 1737 3365 Βουλγάρων⁶
1966 3281 2009 3303 ν
2047 3282 2064 3336 1

1593 3289 1737 3365 ἱρωνο
1966 3281 2009 3303 “'
2047 3281 2313 3355 Bulgaria
2341 3282 2531 3354 gentis
2558 3284 2785 3355 excepit
2810 3282 3203 3339 dominatum.

454 3376 619 3432 ’Δσᾶν
653 3373 711 3432 δὲ
739 3375 909 3432 παῖδα
938 3374 1289 3453 παιδαγωγός
1316 3398 1401 3442 τις
1430 3376 1607 3455 λάθρα
2045 3375 2064 3426 Α

1479 3379 1607 3455 ίθρα
2045 3372 2260 3427 Asanis
2290 3374 2487 3427 autem
2517 3371 2873 3443 paedagogus
2900 3369 3089 3426 filium

269 3465 419 3520 7830
460 3461 593 3519 Νέον
625 3460 834 3537 κομιδῆ
867 3458 1202 3537 παραλαϐὼν
1237 3464 1311 3526 ὡς
1350 3466 1549 3540 τάχος,

1478 3485 1549 3534 >ς,
2047 3476 2297 3531 puerum
2329 3458 2522 3515 adhuc
2554 3459 2922 3515 clandestina
2950 3460 3088 3532 fuga

454 3551 600 3629 Πρὸς
632 3552 845 3617 Σκύθας
877 3553 1154 3628 ἀπήγαγεν
1184 3552 1259 3614 εἷς
1292 3556 1593 3629 σωτηρίαν.
1972 3546 1975 3547 ν
2048 3567 2064 3605 (

1972 3546 1975 3547 ⁷
2048 3548 2365 3605 consulens
2390 3549 2520 3605 vitae
2552 3547 2859 3605 transtulit
2891 3549 2961 3604 ad
2998 3546 3268 3619 Scythas.

455 3645 629 3694 ’Ἄννα
664 3636 881 3713 βασιλὶς
916 3637 1132 3712 συζύγῳ
1163 3640 1456 3714 Λασκαρίῳ
2047 3650 2065 3694 Α

1411 3663 1456 3712 ῳ
2047 3641 2215 3694 Anna
2244 3638 2449 3711 regina
2478 3637 2716 3712 conjugi
2748 3637 3021 3694 Lascario

463 3726 763 3804 Θυγατέρας
793 3726 985 3799 τέξασα
1013 3732 1184 3803 τρεῖς,
1218 3726 1395 3783 λείπει
1433 3729 1567 3803 βίον,
2050 3732 2073 3781 ῑ

1554 3773 1567 3800 ,
2050 3726 2243 3781 tribus
2274 3725 2512 3782 filiabus
2542 3725 2717 3781 editis
2744 3725 2863 3781 vita
2894 3724 3164 3795 excessit,

462 3817 727 3895 Εἲρήνην,
762 3819 972 3895 Μαρίαν
1000 3840 1059 3874 τε
1090 3818 1182 3873 σὺν
1218 3816 1475 3891 Εύδοκίᾳ.
2052 3814 2072 3869 Ῑ

2052 3814 2216 3870 Irene
2245 3818 2302 3870 et
2331 3815 2515 3871 Maria
2544 3814 2767 3871 scilicet
2798 3818 2976 3885 atque
3006 3814 3290 3871 Eudocia.

2052 3903 2322 3972 Mariam,
2356 3920 2487 3975 quae
2518 3907 2656 3959 nata
2683 3909 2810 3959 erat
2834 3904 3096 3959 secundo
3129 3902 3257 3959 loco

2054 3994 2210 4065 regis
2243 3992 2478 4048 Paeoniis
2510 3991 2632 4048 ﬁlio
2663 3992 2723 4046 in
2755 3992 3203 4047 matrimonium

2054 4082 2227 4138 Sione
2258 4081 2565 4138 revertenti
2600 4081 2659 4135 in
2692 4079 2942 4152 patriam
2975 4095 3145 4135 suam

2054 4172 2286 4244 genitor
2319 4173 2512 4228 Cesar
2543 4169 2787 4226 tradidit
2817 4170 3196 4241 desponsam.

2054 4262 2333 4331 Majorem
2367 4265 2507 4315 natu
2541 4260 2766 4315 lrenem
2802 4256 3014 4329 nuptui
3045 4255 3288 4312 tradidit

2057 4349 2458 4420 Palmogorum
2485 4347 2722 4405 surculo
2750 4347 3103 4417 Andronico,

2059 4456 2234 4512 quem
2265 4438 2443 4494 etiam
2477 4438 2733 4510 despotae
2764 4435 3050 4509 dignitate
3081 4434 3332 4491 ornavit.

2062 4530 2185 4592 Quo
2215 4534 2411 4584 tamen
2442 4526 2753 4594 exstincto,
2787 4530 2850 4582 ut
2881 4530 3035 4581 retro
3071 4522 3357 4593 diximus,

1984 4594 2031 4657 D
2064 4617 2331 4674 eamdem
2364 4615 2673 4672 collocavit
2702 4615 2981 4671 secundis
3013 4611 3239 4685 nuptiis

2066 4705 2277 4763 Joanni
2306 4710 2362 4761 et
2391 4721 2453 4760 re
2481 4708 2537 4760 et
2569 4706 2805 4760 nomine
2835 4702 3092 4776 gratioso

2031 1060 2131 1114 sed
2168 1059 2414 1115 inhiavit
2443 1061 2662 1116 frustra
2694 1067 2977 1132 tanquam
3010 1062 3208 1132 lupus.

2030 1147 2177 1202 Hinc
2208 1164 2345 1220 ergo
2372 1148 2524 1204 malo
2558 1151 2815 1221 percitus
2850 1150 3042 1205 furore

2031 1237 2444 1309 superbusque
2475 1242 2541 1293 ut
2572 1238 2744 1295 aliter
2773 1238 3255 1304 Senacherimus,

2031 1342 2166 1381 cum
2199 1325 2346 1381 nihil
2376 1326 2610 1399 uspiam
2643 1327 2756 1399 ipsi
2778 1328 2905 1398 jam
2938 1329 3256 1396 resisteret,

2031 1412 2341 1470 Thraciam
2377 1414 2892 1485 Macedoniamque
2923 1416 3317 1470 concursabat

2033 1515 2213 1571 pagos
2243 1498 2539 1565 desolans,
2574 1498 2842 1555 civitates
2874 1500 3134 1570 diruens,

2032 1592 2290 1658 vastans,
2319 1587 2687 1659 depraedans,
2716 1605 2749 1643 a
2780 1587 3182 1643 fundamentis
3213 1588 3510 1658 quatiens.

2032 1676 2095 1731 In
2128 1677 2338 1749 primis
2369 1677 2607 1750 quidem
2640 1676 2845 1733 evertit
2873 1676 3330 1749 Philippopolim

2034 1766 2442 1837 famigeratam
2473 1766 2678 1821 urbem
2710 1769 2767 1821 et
2794 1766 3225 1822 nobilissimam

1956 1882 2005 1947 B
2037 1854 2248 1911 deinde
2280 1860 2336 1911 et
2366 1855 2512 1911 alias
2539 1857 2850 1927 prostravit
2882 1855 3172 1923 civitates,

2037 1942 2316 2016 inclytam
2350 1943 2709 2013 Heracleam,
2745 1961 2812 1999 ac
2843 1944 3190 2017 Selybriam,

2036 2032 2438 2100 Rhmdestum,
2472 2034 2743 2104 Panium,
2778 2050 2913 2088 cum
2950 2034 3190 2101 Daonio,

2036 2120 2367 2177 Maroneam
2400 2121 2641 2194 insuper
2672 2126 2729 2177 et
2751 2121 3173 2193 Trianopolim,

2035 2209 2297 2282 itemque
2325 2210 2751 2283 Mosynopolim
2783 2215 2841 2266 et
2872 2210 3186 2282 Stagiram,

2035 2299 2297 2372 aliasque
2328 2299 2641 2372 plurimas,
2674 2301 2766 2357 hic
2798 2301 3095 2372 pessimus
3129 2302 3418 2358 mortalis.

2035 2388 2130 2445 Sic
2161 2390 2419 2446 vastitati
2454 2390 2770 2462 indulgens
2796 2394 2855 2445 et
2886 2389 3214 2445 latrociniis

2035 2478 2519 2535 Thessalonicam
2553 2480 2805 2550 denique
2833 2478 3126 2535 illustrem
3158 2480 3339 2551 venit,

2036 2569 2137 2624 ubi
2168 2568 2553 2624 immaturum
2588 2568 2797 2623 habuit
2826 2569 2956 2623 vitae
2990 2569 3168 2623 finem

2036 2657 2392 2729 pleuritidis,
2425 2661 2491 2712 ut
2522 2656 2679 2712 fama
2710 2656 2845 2725 fuit,
2876 2657 3201 2712 exstinctus
3236 2657 3441 2713 morbo
3474 2675 3487 2713 :

2034 2745 2125 2802 vel
2155 2761 2288 2801 eum
2321 2746 2536 2818 potius,
2570 2750 2635 2801 ut
2665 2746 2855 2811 aiunt,
2889 2752 3045 2803 recte
3075 2747 3323 2813 conscii,

2036 2834 2329 2908 vulgoque
2359 2836 2640 2903 creditur,
2668 2835 2884 2891 Christi
2919 2839 3139 2908 martyr
3172 2835 3425 2908 perculit

2036 2924 2519 2981 Thessalonicam
2554 2929 2863 2998 protegens
2895 2924 3250 2981 Demetrius.

2036 3018 2354 3086 Postquam
2384 3018 2674 3085 tyrannus
2703 3014 2850 3069 vivis
2880 3019 3188 3086 exemptus
3221 3014 3354 3083 fuit,

271 3911 424 3967 7835
461 3906 642 3966 ’ΔΑλὰ
674 3908 889 3983 Μαρίαν
924 3906 1174 3984 δευτέραν
1204 3910 1341 3964 κατὰ
1370 3910 1528 3980 γένος

462 3999 555 4064 Εἷς
578 3997 752 4069 κῆδος
782 3997 1009 4072 ἐξέδωκε
1043 3998 1209 4075 ῥηγὸς
1230 3999 1479 4058 Παιόνων

460 4089 700 4167 Νύμφην
735 4088 816 4166 ἰφ¹
848 4089 953 4162 υἱῷ
988 4087 1243 4164 βασιλεὺς
1278 4091 1644 4169 φυτοσπόρος,

465 4175 811 4239 Ἐπανιόντος
846 4176 905 4231 ἐκ
938 4178 1083 4232 Σιὼν
1116 4178 1253 4254 πρὸς
1283 4177 1535 4254 πατρίδα.

470 4264 700 4337 Πρώτην
736 4261 783 4318 δ’
809 4262 1048 4338 Εἰρήνην
1082 4266 1367 4341 ἡρμόσατο
1396 4267 1535 4341 πρὸς
1566 4267 1742 4345 γάμον

279 4358 429 4413 7840
470 4353 864 4431 Παλαιολόγων
898 4354 958 4409 ἐκ
988 4352 1181 4431 γένους
1212 4355 1571 4435 Ἀνδρονίκῳ,

470 4448 568 4504 "Ov
605 4446 934 4518 δεσποτικῆς
964 4448 1191 4519 ἠξίωσεν
1224 4449 1392 4522 ἀξίας.

468 4534 673 4589 Τούτου
705 4533 964 4600 θανόντος
993 4536 1067 4598 ὡς
1099 4538 1345 4615 προφθὰς
1374 4534 1478 4614 ἔφη
1512 4538 1702 4617 λόγος,

475 4623 693 4695 Ταύτην
729 4629 937 4700 συνῆψε
965 4626 1103 4682 κατὰ
1134 4624 1416 4703 δευτέρους
1455 4634 1669 4705 γάμους

478 4712 687 4790 Πλήρει
720 4715 965 4793 χαρίτων
1001 4717 1153 4794 ἀνδρὶ
1187 4719 1557 4793 χαριτωνύμῳ

3570 402 3679 457 290

288 4807 440 4862 7845
479 4805 722 4881 Βατάτξῃ
758 4812 976 4863 Δουκῶν
1010 4807 1071 4864 ἐκ
1098 4810 1285 4886 γένους
1313 4813 1663 4887 κατηγμένῳ,

480 4889 683 4966 Σχόντι
717 4889 1115 4968 Διδυμότειχον
1150 4893 1280 4950 ἄστυ
1310 4894 1543 4972 πατρίδα

479 4973 757 5052 Αύχοῦντι
787 4978 956 5051 τιμὴν
991 4974 1548 5056 πρωτοϐεστιαρίτου.

474 5063 543 5139 ’ῼ
572 5062 831 5138 πενθερὸς
863 5061 1093 5119 λέλοιπε
1125 5067 1372 5136 θνήσκων
1404 5068 1466 5122 τὸ
1498 5067 1718 5145 κράτοςο

477 5150 566 5204 Ἐν
596 5147 644 5205 δ’
678 5151 958 5208 Ὑακίνθου
987 5157 1055 5228 τῇ
1092 5159 1233 5230 μονῇ
1262 5156 1461 5213 τούτου
1500 5160 1676 5215 νέκυν

295 5238 446 5293 7850
486 5237 678 5311 Ἐγγὺς
712 5239 918 5313 βιώσας
950 5243 1290 5312 πεντήκοντά
1320 5245 1537 5321 χρόνων

476 5329 568 5400 Ἐξ
600 5328 674 5381 ὧν
707 5324 1050 5387 ἐϐασίλευσεν
1084 5331 1228 5388 ὀκτὼ
1259 5338 1395 5412 πρὸς
1425 5335 1574 5396 δέκα.

433 5444 752 5501 ΙΩΑΝΝΗΣ
792 5447 837 5504 Ο
887 5450 1156 5506 ΔΟΥΚΑΣ
1197 5452 1370 5511 HTOI
1409 5456 1453 5511 Ο
1492 5458 1863 5515 ΒΑΤΛΤΖΗΣ

1006 5521 1123 5578 ET.
1164 5524 1284 5582 AI".

483 5623 748 5694 Ἰωάννης
781 5622 923 5680 οὕτω
956 5623 1014 5680 δὲ
1043 5629 1229 5703 τυχὼν
1256 5636 1355 5687 τοῦ
1385 5636 1641 5710 κράτους,

489 5709 663 5775 Εὐθὺς
694 5714 1014 5770 τεταινίωτο
1046 5718 1178 5794 παρ’
1207 5709 1509 5798 ἀρχιθύτου

2066 4795 2315 4852 Vatatzae
2346 4794 2417 4849 de
2447 4793 2745 4850 Ducarum
2779 4793 2960 4863 stirpe
2985 4789 3204 4865 genito,

2069 4890 2128 4941 et
2157 4883 2406 4939 oriundo
2438 4883 2581 4938 urbe
2612 4881 3044 4955 Didymoticho,

2073 4971 2504 5045 protovestiarii
2537 4971 2823 5043 dignitate
2853 4975 3080 5027 ornato.

2074 5066 2261 5134 Atque
2295 5061 2429 5117 huic
2459 5076 2625 5117 socer
2654 5060 2912 5116 moriens
2943 5057 3259 5129 imperium
3291 5054 3537 5112 tradidit
3568 5070 3580 5108 :

2074 5151 2202 5223 ipse
2231 5151 2290 5207 in
2322 5148 2633 5223 Hyacinthi
2667 5148 2953 5221 sepelitur
2982 5146 3269 5215 coenobio,

2079 5240 2267 5296 aetatis
2295 5257 2448 5296 anno
2482 5240 2661 5295 ferme
2689 5235 3206 5309 quinquagesimo,

2079 5328 2478 5403 duodeviginti
2509 5327 2850 5383 dominatus
2882 5342 3090 5381 annos.

2407 5453 2723 5511 JOANNES
2762 5451 2994 5509 DUCAS
3035 5449 3399 5506 VATATZES

2696 5525 2813 5580 AN.
2858 5522 3111 5580 XXXIII.

2082 5637 2174 5693 Sic
2203 5639 2514 5692 assecutus
2540 5634 2798 5692 Joannes
2827 5630 3169 5704 imperium,

2084 5725 2284 5783 statim
2317 5743 2351 5782 a
2381 5724 2719 5797 patriarcha
2746 5727 2836 5779 est
2867 5723 3182 5777 coronatus
