  <div class='ocr_page' id='page_1' title='image "/cluster/home/n/w/nwhite01/storage/ocr_20150623/143:no.1/coo.31924054870484/153.png"; bbox 0 0 4076 6402; ppageno 0'>
   <div class='ocr_carea' id='block_1_1' title="bbox 399 389 3839 455">
    <p class='ocr_par' dir='ltr' id='par_1_1' title="bbox 399 389 3839 455">
     <span class='ocr_line' id='line_1_1' title="bbox 399 389 3839 455; baseline -0.016 20"><span class='ocrx_word' id='word_1_1' title='bbox 399 400 504 454; x_wconf 76' lang='grc'>291</span> <span class='ocrx_word' id='word_1_2' title='bbox 1630 393 2005 451; x_wconf 67' lang='grc' dir='ltr'>ΕΡΗΒΕΜΠ</span> <span class='ocrx_word' id='word_1_3' title='bbox 2042 389 2611 445; x_wconf 76' lang='lat' dir='ltr'>CBRONOGRAPHI</span> <span class='ocrx_word' id='word_1_4' title='bbox 3176 446 3179 447; x_wconf 15' lang='grc' dir='ltr'>ί</span> <span class='ocrx_word' id='word_1_5' title='bbox 3722 396 3839 455; x_wconf 61' lang='lat'>29,2</span> 
     </span>
    </p>
   </div>
   <div class='ocr_carea' id='block_1_2' title="bbox 407 511 2017 591">
    <p class='ocr_par' dir='ltr' id='par_1_2' title="bbox 407 518 1689 591">
     <span class='ocr_line' id='line_1_2' title="bbox 407 518 1689 591; baseline -0.005 -12"><span class='ocrx_word' id='word_1_6' title='bbox 407 521 812 590; x_wconf 88' lang='lat' dir='ltr'>Emmanuele,</span> <span class='ocrx_word' id='word_1_7' title='bbox 845 519 941 575; x_wconf 88' lang='lat' dir='ltr'>cu]</span> <span class='ocrx_word' id='word_1_8' title='bbox 973 535 1305 591; x_wconf 85' lang='lat' dir='ltr'>cognomen</span> <span class='ocrx_word' id='word_1_9' title='bbox 1338 518 1689 591; x_wconf 88' lang='lat' dir='ltr'>philosopho</span> 
     </span>
    </p>
   </div>
   <div class='ocr_carea' id='block_1_3' title="bbox 1905 511 3515 591">
    <p class='ocr_par' dir='ltr' id='par_1_3' title="bbox 2088 511 3515 591">
     <span class='ocr_line' id='line_1_3' title="bbox 2088 511 3515 591; baseline 0.003 -24"><span class='ocrx_word' id='word_1_10' title='bbox 2088 511 2146 578; x_wconf 75' lang='grc' dir='ltr'>Α</span> <span class='ocrx_word' id='word_1_11' title='bbox 2352 515 2463 568; x_wconf 83' lang='grc' dir='ltr'>Τοῦ</span> <span class='ocrx_word' id='word_1_12' title='bbox 2495 512 2817 591; x_wconf 67' lang='grc' dir='ltr'>Φιλοσόφου</span> <span class='ocrx_word' id='word_1_13' title='bbox 2847 511 3113 582; x_wconf 81' lang='grc' dir='ltr'>Μανουὴλ</span> <span class='ocrx_word' id='word_1_14' title='bbox 3146 512 3515 590; x_wconf 65' lang='grc' dir='ltr'>κεκλημένου,</span> 
     </span>
    </p>
   </div>
   <div class='ocr_carea' id='block_1_4' title="bbox 408 602 2018 687">
    <p class='ocr_par' dir='ltr' id='par_1_4' title="bbox 408 612 1751 687">
     <span class='ocr_line' id='line_1_4' title="bbox 408 612 1751 687; baseline -0.003 -16"><span class='ocrx_word' id='word_1_15' title='bbox 408 621 541 687; x_wconf 90' lang='lat' dir='ltr'>post</span> <span class='ocrx_word' id='word_1_16' title='bbox 566 614 880 669; x_wconf 81' lang='lat' dir='ltr'>Maximum</span> <span class='ocrx_word' id='word_1_17' title='bbox 915 616 1150 668; x_wconf 89' lang='lat' dir='ltr'>tenente</span> <span class='ocrx_word' id='word_1_18' title='bbox 1183 627 1418 666; x_wconf 85' lang='lat' dir='ltr'>sacrum</span> <span class='ocrx_word' id='word_1_19' title='bbox 1450 612 1751 667; x_wconf 77' lang='lat' dir='ltr'>thronum.</span> 
     </span>
    </p>
   </div>
   <div class='ocr_carea' id='block_1_5' title="bbox 1896 602 3506 687">
    <p class='ocr_par' dir='ltr' id='par_1_5' title="bbox 2172 602 3506 680">
     <span class='ocr_line' id='line_1_5' title="bbox 2172 602 3506 680; baseline 0.002 -23"><span class='ocrx_word' id='word_1_20' title='bbox 2172 604 2316 659; x_wconf 87' lang='lat'>7855</span> <span class='ocrx_word' id='word_1_21' title='bbox 2351 606 2534 664; x_wconf 84' lang='grc' dir='ltr'>Ὅστις</span> <span class='ocrx_word' id='word_1_22' title='bbox 2571 603 2705 675; x_wconf 75' lang='grc' dir='ltr'>μετὰ</span> <span class='ocrx_word' id='word_1_23' title='bbox 2735 603 2981 675; x_wconf 72' lang='grc' dir='ltr'>Μάξιμον</span> <span class='ocrx_word' id='word_1_24' title='bbox 3014 602 3147 679; x_wconf 71' lang='grc' dir='ltr'>ἔσχε</span> <span class='ocrx_word' id='word_1_25' title='bbox 3173 605 3264 659; x_wconf 78' lang='grc' dir='ltr'>τὸν</span> <span class='ocrx_word' id='word_1_26' title='bbox 3293 604 3506 680; x_wconf 68' lang='grc' dir='ltr'>θρόνον*</span> 
     </span>
    </p>
   </div>
   <div class='ocr_carea' id='block_1_6' title="bbox 408 690 2018 775">
    <p class='ocr_par' dir='ltr' id='par_1_6' title="bbox 408 702 1477 775">
     <span class='ocr_line' id='line_1_6' title="bbox 408 702 1477 775; baseline -0.006 -14"><span class='ocrx_word' id='word_1_27' title='bbox 408 705 509 761; x_wconf 88' lang='lat' dir='ltr'>Ille</span> <span class='ocrx_word' id='word_1_28' title='bbox 542 707 814 775; x_wconf 83' lang='lat' dir='ltr'>deinceps</span> <span class='ocrx_word' id='word_1_29' title='bbox 846 704 917 759; x_wconf 88' lang='lat' dir='ltr'>ad</span> <span class='ocrx_word' id='word_1_30' title='bbox 952 702 1183 774; x_wconf 86' lang='lat' dir='ltr'>imperii</span> <span class='ocrx_word' id='word_1_31' title='bbox 1217 702 1477 773; x_wconf 89' lang='lat' dir='ltr'>regimen</span> 
     </span>
    </p>
   </div>
   <div class='ocr_carea' id='block_1_7' title="bbox 1856 690 3466 775">
    <p class='ocr_par' dir='ltr' id='par_1_7' title="bbox 2350 690 3466 771">
     <span class='ocr_line' id='line_1_7' title="bbox 2350 690 3466 771; baseline 0.004 -26"><span class='ocrx_word' id='word_1_32' title='bbox 2350 691 2449 746; x_wconf 82' lang='grc' dir='ltr'>Καὶ</span> <span class='ocrx_word' id='word_1_33' title='bbox 2480 691 2674 747; x_wconf 80' lang='grc' dir='ltr'>λοιπὸν</span> <span class='ocrx_word' id='word_1_34' title='bbox 2705 690 2966 768; x_wconf 73' lang='grc' dir='ltr'>ἆδράξατο</span> <span class='ocrx_word' id='word_1_35' title='bbox 2996 698 3097 758; x_wconf 76' lang='grc' dir='ltr'>τῆς</span> <span class='ocrx_word' id='word_1_36' title='bbox 3129 694 3466 771; x_wconf 77' lang='grc' dir='ltr'>κραταρχίας</span> 
     </span>
    </p>
   </div>
   <div class='ocr_carea' id='block_1_8' title="bbox 408 781 2018 866">
    <p class='ocr_par' dir='ltr' id='par_1_8' title="bbox 408 788 1865 866">
     <span class='ocr_line' id='line_1_8' title="bbox 408 788 1865 866; baseline -0.004 -16"><span class='ocrx_word' id='word_1_37' title='bbox 408 811 649 866; x_wconf 89' lang='lat' dir='ltr'>remque</span> <span class='ocrx_word' id='word_1_38' title='bbox 680 794 997 865; x_wconf 81' lang='lat' dir='ltr'>gerendam</span> <span class='ocrx_word' id='word_1_39' title='bbox 1032 791 1327 863; x_wconf 82' lang='lat' dir='ltr'>publicam</span> <span class='ocrx_word' id='word_1_40' title='bbox 1358 805 1545 861; x_wconf 89' lang='lat' dir='ltr'>gnave</span> <span class='ocrx_word' id='word_1_41' title='bbox 1576 788 1865 845; x_wconf 82' lang='lat' dir='ltr'>incubuit.</span> 
     </span>
    </p>
   </div>
   <div class='ocr_carea' id='block_1_9' title="bbox 2035 781 3645 866">
    <p class='ocr_par' dir='ltr' id='par_1_9' title="bbox 2348 781 3645 860">
     <span class='ocr_line' id='line_1_9' title="bbox 2348 781 3645 860; baseline 0.006 -27"><span class='ocrx_word' id='word_1_42' title='bbox 2348 785 2564 837; x_wconf 87' lang='grc' dir='ltr'>Κοινῶν</span> <span class='ocrx_word' id='word_1_43' title='bbox 2592 801 2651 836; x_wconf 80' lang='grc' dir='ltr'>τε</span> <span class='ocrx_word' id='word_1_44' title='bbox 2681 781 2894 837; x_wconf 80' lang='grc' dir='ltr'>λοιπῶν</span> <span class='ocrx_word' id='word_1_45' title='bbox 2926 782 3255 858; x_wconf 70' lang='grc' dir='ltr'>ἀῤῥενωπῶς</span> <span class='ocrx_word' id='word_1_46' title='bbox 3289 783 3645 860; x_wconf 77' lang='grc' dir='ltr'>πραγμάτων·</span> 
     </span>
    </p>
   </div>
   <div class='ocr_carea' id='block_1_10' title="bbox 406 870 2016 953">
    <p class='ocr_par' dir='ltr' id='par_1_10' title="bbox 406 880 1633 952">
     <span class='ocr_line' id='line_1_10' title="bbox 406 880 1633 952; baseline -0.006 -13"><span class='ocrx_word' id='word_1_47' title='bbox 406 883 533 939; x_wconf 86' lang='lat' dir='ltr'>Dux</span> <span class='ocrx_word' id='word_1_48' title='bbox 564 885 719 939; x_wconf 90' lang='lat' dir='ltr'>enim</span> <span class='ocrx_word' id='word_1_49' title='bbox 753 886 877 936; x_wconf 83' lang='lat' dir='ltr'>erat</span> <span class='ocrx_word' id='word_1_50' title='bbox 907 882 1142 952; x_wconf 79' lang='lat' dir='ltr'>sapiens</span> <span class='ocrx_word' id='word_1_51' title='bbox 1172 885 1229 934; x_wconf 91' lang='lat' dir='ltr'>et</span> <span class='ocrx_word' id='word_1_52' title='bbox 1257 880 1633 946; x_wconf 78' lang='lat' dir='ltr'>consiliosus,</span> 
     </span>
    </p>
   </div>
   <div class='ocr_carea' id='block_1_11' title="bbox 2011 870 3621 953">
    <p class='ocr_par' dir='ltr' id='par_1_11' title="bbox 2348 870 3621 953">
     <span class='ocr_line' id='line_1_11' title="bbox 2348 870 3621 953; baseline 0.003 -28"><span class='ocrx_word' id='word_1_53' title='bbox 2348 870 2447 925; x_wconf 85' lang='grc' dir='ltr'>Ἦν</span> <span class='ocrx_word' id='word_1_54' title='bbox 2479 870 2581 946; x_wconf 79' lang='grc' dir='ltr'>γὰρ</span> <span class='ocrx_word' id='word_1_55' title='bbox 2612 871 2919 945; x_wconf 79' lang='grc' dir='ltr'>στρατηγὸς</span> <span class='ocrx_word' id='word_1_56' title='bbox 2952 873 3197 944; x_wconf 83' lang='grc' dir='ltr'>συνετὸς,</span> <span class='ocrx_word' id='word_1_57' title='bbox 3240 873 3621 953; x_wconf 69' lang='grc' dir='ltr'>βουληφόρος,</span> 
     </span>
    </p>
   </div>
   <div class='ocr_carea' id='block_1_12' title="bbox 404 960 2014 1038">
    <p class='ocr_par' dir='ltr' id='par_1_12' title="bbox 404 969 1561 1038">
     <span class='ocr_line' id='line_1_12' title="bbox 404 969 1561 1038; baseline -0.003 -11"><span class='ocrx_word' id='word_1_58' title='bbox 404 972 602 1027; x_wconf 91' lang='lat' dir='ltr'>animo</span> <span class='ocrx_word' id='word_1_59' title='bbox 638 972 963 1027; x_wconf 89' lang='lat' dir='ltr'>instructus</span> <span class='ocrx_word' id='word_1_60' title='bbox 996 969 1175 1025; x_wconf 91' lang='lat' dir='ltr'>alacri</span> <span class='ocrx_word' id='word_1_61' title='bbox 1208 974 1265 1024; x_wconf 90' lang='lat' dir='ltr'>et</span> <span class='ocrx_word' id='word_1_62' title='bbox 1294 970 1561 1038; x_wconf 67' lang='lat' dir='ltr'>audace,3</span> 
     </span>
    </p>
   </div>
   <div class='ocr_carea' id='block_1_13' title="bbox 1793 960 3403 1038">
    <p class='ocr_par' dir='ltr' id='par_1_13' title="bbox 2349 960 3403 1035">
     <span class='ocr_line' id='line_1_13' title="bbox 2349 960 3403 1035; baseline 0.006 -23"><span class='ocrx_word' id='word_1_63' title='bbox 2349 964 2550 1033; x_wconf 78' lang='grc' dir='ltr'>Ψυχῆς</span> <span class='ocrx_word' id='word_1_64' title='bbox 2583 965 2971 1034; x_wconf 74' lang='grc' dir='ltr'>παραστήματι</span> <span class='ocrx_word' id='word_1_65' title='bbox 3002 960 3098 1015; x_wconf 77' lang='grc' dir='ltr'>σὺν</span> <span class='ocrx_word' id='word_1_66' title='bbox 3130 960 3403 1035; x_wconf 76' lang='grc' dir='ltr'>εὐτολμίᾳ</span> 
     </span>
    </p>
   </div>
   <div class='ocr_carea' id='block_1_14' title="bbox 404 1055 2014 1133">
    <p class='ocr_par' dir='ltr' id='par_1_14' title="bbox 404 1058 1605 1129">
     <span class='ocr_line' id='line_1_14' title="bbox 404 1058 1605 1129; baseline -0.003 -13"><span class='ocrx_word' id='word_1_67' title='bbox 404 1062 649 1117; x_wconf 85' lang='lat' dir='ltr'>robusto</span> <span class='ocrx_word' id='word_1_68' title='bbox 684 1060 920 1115; x_wconf 83' lang='lat' dir='ltr'>brachio</span> <span class='ocrx_word' id='word_1_69' title='bbox 950 1060 1293 1129; x_wconf 85' lang='lat' dir='ltr'>viribusque</span> <span class='ocrx_word' id='word_1_70' title='bbox 1324 1058 1605 1129; x_wconf 83' lang='lat' dir='ltr'>reliquis;</span> 
     </span>
    </p>
   </div>
   <div class='ocr_carea' id='block_1_15' title="bbox 1879 1055 3489 1133">
    <p class='ocr_par' dir='ltr' id='par_1_15' title="bbox 2168 1055 3489 1133">
     <span class='ocr_line' id='line_1_15' title="bbox 2168 1055 3489 1133; baseline 0.005 -25"><span class='ocrx_word' id='word_1_71' title='bbox 2168 1056 2311 1111; x_wconf 87' lang='lat'><strong>7860</strong></span> <span class='ocrx_word' id='word_1_72' title='bbox 2347 1055 2537 1132; x_wconf 77' lang='grc' dir='ltr'>Ῥώμῃ</span> <span class='ocrx_word' id='word_1_73' title='bbox 2577 1058 2891 1132; x_wconf 79' lang='grc' dir='ltr'>βραχιόνων</span> <span class='ocrx_word' id='word_1_74' title='bbox 2920 1079 2979 1113; x_wconf 78' lang='grc' dir='ltr'>τε</span> <span class='ocrx_word' id='word_1_75' title='bbox 3008 1059 3266 1132; x_wconf 83' lang='grc' dir='ltr'>σώματος</span> <span class='ocrx_word' id='word_1_76' title='bbox 3295 1061 3489 1133; x_wconf 72' lang='grc' dir='ltr'>σθένει,</span> 
     </span>
    </p>
   </div>
   <div class='ocr_carea' id='block_1_16' title="bbox 404 1146 2014 1232">
    <p class='ocr_par' dir='ltr' id='par_1_16' title="bbox 404 1156 1606 1232">
     <span class='ocr_line' id='line_1_16' title="bbox 404 1156 1606 1232; baseline -0.003 -19"><span class='ocrx_word' id='word_1_77' title='bbox 404 1160 695 1232; x_wconf 77' lang='lat' dir='ltr'>praecipue</span> <span class='ocrx_word' id='word_1_78' title='bbox 726 1164 920 1213; x_wconf 90' lang='lat' dir='ltr'>tamen</span> <span class='ocrx_word' id='word_1_79' title='bbox 955 1158 1238 1229; x_wconf 70' lang='lat' dir='ltr'>praeditus</span> <span class='ocrx_word' id='word_1_80' title='bbox 1272 1156 1606 1228; x_wconf 79' lang='lat' dir='ltr'>prudentia,</span> 
     </span>
    </p>
   </div>
   <div class='ocr_carea' id='block_1_17' title="bbox 1860 1146 3470 1232">
    <p class='ocr_par' dir='ltr' id='par_1_17' title="bbox 2348 1146 3470 1219">
     <span class='ocr_line' id='line_1_17' title="bbox 2348 1146 3470 1219; baseline 0.002 -18"><span class='ocrx_word' id='word_1_81' title='bbox 2348 1146 2740 1218; x_wconf 76' lang='grc' dir='ltr'>Κοσμούμενος</span> <span class='ocrx_word' id='word_1_82' title='bbox 2775 1147 3013 1219; x_wconf 79' lang='grc' dir='ltr'>μάλιστα</span> <span class='ocrx_word' id='word_1_83' title='bbox 3046 1151 3247 1204; x_wconf 70' lang='grc' dir='ltr'>συνέσει</span> <span class='ocrx_word' id='word_1_84' title='bbox 3279 1148 3470 1219; x_wconf 71' lang='grc' dir='ltr'>πλέον,</span> 
     </span>
    </p>
   </div>
   <div class='ocr_carea' id='block_1_18' title="bbox 400 1235 2010 1318">
    <p class='ocr_par' dir='ltr' id='par_1_18' title="bbox 400 1246 1588 1318">
     <span class='ocr_line' id='line_1_18' title="bbox 400 1246 1588 1318; baseline -0.005 -15"><span class='ocrx_word' id='word_1_85' title='bbox 400 1254 456 1303; x_wconf 91' lang='lat' dir='ltr'>et</span> <span class='ocrx_word' id='word_1_86' title='bbox 483 1248 847 1303; x_wconf 80' lang='lat' dir='ltr'>sustinendis</span> <span class='ocrx_word' id='word_1_87' title='bbox 878 1246 1093 1318; x_wconf 75' lang='lat' dir='ltr'>praeliis</span> <span class='ocrx_word' id='word_1_88' title='bbox 1116 1246 1588 1300; x_wconf 87' lang='lat' dir='ltr'>invictissimus:</span> 
     </span>
    </p>
   </div>
   <div class='ocr_carea' id='block_1_19' title="bbox 1872 1235 3482 1318">
    <p class='ocr_par' dir='ltr' id='par_1_19' title="bbox 2348 1235 3482 1312">
     <span class='ocr_line' id='line_1_19' title="bbox 2348 1235 3482 1312; baseline 0.004 -22"><span class='ocrx_word' id='word_1_89' title='bbox 2348 1235 2451 1290; x_wconf 83' lang='grc' dir='ltr'>Καὶ</span> <span class='ocrx_word' id='word_1_90' title='bbox 2482 1238 2801 1310; x_wconf 81' lang='grc' dir='ltr'>καρτερικὸς</span> <span class='ocrx_word' id='word_1_91' title='bbox 2826 1238 2878 1290; x_wconf 87' lang='grc' dir='ltr'>ἐν</span> <span class='ocrx_word' id='word_1_92' title='bbox 2914 1240 3122 1312; x_wconf 74' lang='grc' dir='ltr'>μάχαις</span> <span class='ocrx_word' id='word_1_93' title='bbox 3145 1239 3482 1295; x_wconf 61' lang='grc' dir='ltr'>ἀντιπάλων</span> 
     </span>
    </p>
   </div>
   <div class='ocr_carea' id='block_1_20' title="bbox 400 1324 2010 1407">
    <p class='ocr_par' dir='ltr' id='par_1_20' title="bbox 400 1335 1714 1407">
     <span class='ocr_line' id='line_1_20' title="bbox 400 1335 1714 1407; baseline -0.004 -16"><span class='ocrx_word' id='word_1_94' title='bbox 400 1353 498 1391; x_wconf 86' lang='lat' dir='ltr'>rex</span> <span class='ocrx_word' id='word_1_95' title='bbox 528 1336 719 1391; x_wconf 85' lang='lat' dir='ltr'>bonus</span> <span class='ocrx_word' id='word_1_96' title='bbox 747 1335 967 1407; x_wconf 89' lang='lat' dir='ltr'>pariter</span> <span class='ocrx_word' id='word_1_97' title='bbox 998 1335 1359 1405; x_wconf 80' lang='lat' dir='ltr'>bellatorque</span> <span class='ocrx_word' id='word_1_98' title='bbox 1390 1338 1672 1387; x_wconf 86' lang='lat' dir='ltr'>strenuus</span> <span class='ocrx_word' id='word_1_99' title='bbox 1703 1350 1714 1386; x_wconf 96' lang='lat'>:</span> 
     </span>
    </p>
   </div>
   <div class='ocr_carea' id='block_1_21' title="bbox 1871 1324 3481 1407">
    <p class='ocr_par' dir='ltr' id='par_1_21' title="bbox 2348 1324 3481 1403">
     <span class='ocr_line' id='line_1_21' title="bbox 2348 1324 3481 1403; baseline 0.005 -25"><span class='ocrx_word' id='word_1_100' title='bbox 2348 1325 2517 1395; x_wconf 73' lang='grc' dir='ltr'>’Ἂναξ</span> <span class='ocrx_word' id='word_1_101' title='bbox 2548 1324 2746 1400; x_wconf 77' lang='grc' dir='ltr'>ἀγαθὸς</span> <span class='ocrx_word' id='word_1_102' title='bbox 2777 1327 2867 1380; x_wconf 75' lang='grc' dir='ltr'>καὶ</span> <span class='ocrx_word' id='word_1_103' title='bbox 2902 1330 3165 1403; x_wconf 75' lang='grc' dir='ltr'>μαχητὴς</span> <span class='ocrx_word' id='word_1_104' title='bbox 3196 1327 3481 1403; x_wconf 74' lang='grc' dir='ltr'>γεννάδας,</span> 
     </span>
    </p>
   </div>
   <div class='ocr_carea' id='block_1_22' title="bbox 400 1413 2010 1495">
    <p class='ocr_par' dir='ltr' id='par_1_22' title="bbox 400 1423 1405 1495">
     <span class='ocr_line' id='line_1_22' title="bbox 400 1423 1405 1495; baseline -0.002 -15"><span class='ocrx_word' id='word_1_105' title='bbox 400 1426 721 1495; x_wconf 85' lang='lat' dir='ltr'>beneﬁcus,</span> <span class='ocrx_word' id='word_1_106' title='bbox 754 1423 1084 1479; x_wconf 87' lang='lat' dir='ltr'>misericors</span> <span class='ocrx_word' id='word_1_107' title='bbox 1117 1423 1405 1495; x_wconf 89' lang='lat' dir='ltr'>apprime,</span> 
     </span>
    </p>
   </div>
   <div class='ocr_carea' id='block_1_23' title="bbox 1798 1413 3408 1495">
    <p class='ocr_par' dir='ltr' id='par_1_23' title="bbox 2349 1413 3408 1494">
     <span class='ocr_line' id='line_1_23' title="bbox 2349 1413 3408 1494; baseline 0.006 -26"><span class='ocrx_word' id='word_1_108' title='bbox 2349 1413 2698 1490; x_wconf 81' lang='grc' dir='ltr'>Εὐεργετικὸς</span> <span class='ocrx_word' id='word_1_109' title='bbox 2728 1416 2817 1470; x_wconf 81' lang='grc' dir='ltr'>καὶ</span> <span class='ocrx_word' id='word_1_110' title='bbox 2850 1416 3137 1493; x_wconf 76' lang='grc' dir='ltr'>φίλοικτος</span> <span class='ocrx_word' id='word_1_111' title='bbox 3169 1418 3408 1494; x_wconf 77' lang='grc' dir='ltr'>ιίσάγαν,</span> 
     </span>
    </p>
   </div>
   <div class='ocr_carea' id='block_1_24' title="bbox 396 1504 2006 1583">
    <p class='ocr_par' dir='ltr' id='par_1_24' title="bbox 396 1512 1707 1583">
     <span class='ocr_line' id='line_1_24' title="bbox 396 1512 1707 1583; baseline -0.003 -14"><span class='ocrx_word' id='word_1_112' title='bbox 396 1514 702 1569; x_wconf 90' lang='lat' dir='ltr'>benivolus</span> <span class='ocrx_word' id='word_1_113' title='bbox 734 1512 793 1568; x_wconf 91' lang='lat' dir='ltr'>in</span> <span class='ocrx_word' id='word_1_114' title='bbox 828 1513 1096 1567; x_wconf 89' lang='lat' dir='ltr'>subditos</span> <span class='ocrx_word' id='word_1_115' title='bbox 1128 1518 1185 1567; x_wconf 91' lang='lat' dir='ltr'>et</span> <span class='ocrx_word' id='word_1_116' title='bbox 1216 1512 1707 1583; x_wconf 86' lang='lat' dir='ltr'>benignissimus,</span> 
     </span>
    </p>
   </div>
   <div class='ocr_carea' id='block_1_25' title="bbox 1823 1504 3433 1583">
    <p class='ocr_par' dir='ltr' id='par_1_25' title="bbox 2168 1504 3433 1581">
     <span class='ocr_line' id='line_1_25' title="bbox 2168 1504 3433 1581; baseline 0.006 -25"><span class='ocrx_word' id='word_1_117' title='bbox 2168 1505 2310 1559; x_wconf 84' lang='grc'>7865</span> <span class='ocrx_word' id='word_1_118' title='bbox 2348 1504 2642 1573; x_wconf 83' lang='grc' dir='ltr'>Ὑπηκόοις</span> <span class='ocrx_word' id='word_1_119' title='bbox 2678 1506 2774 1577; x_wconf 79' lang='grc' dir='ltr'>μὶν</span> <span class='ocrx_word' id='word_1_120' title='bbox 2809 1506 3061 1579; x_wconf 74' lang='grc' dir='ltr'>εὐμενής,</span> <span class='ocrx_word' id='word_1_121' title='bbox 3093 1506 3228 1576; x_wconf 78' lang='grc' dir='ltr'>ἡδὺς</span> <span class='ocrx_word' id='word_1_122' title='bbox 3260 1508 3433 1581; x_wconf 84' lang='grc' dir='ltr'>μάλα,</span> 
     </span>
    </p>
   </div>
   <div class='ocr_carea' id='block_1_26' title="bbox 397 1594 2007 1675">
    <p class='ocr_par' dir='ltr' id='par_1_26' title="bbox 397 1600 1586 1670">
     <span class='ocr_line' id='line_1_26' title="bbox 397 1600 1586 1670; baseline -0.002 -12"><span class='ocrx_word' id='word_1_123' title='bbox 397 1603 675 1658; x_wconf 85' lang='lat' dir='ltr'>hostibus</span> <span class='ocrx_word' id='word_1_124' title='bbox 701 1602 1134 1666; x_wconf 80' lang='lat' dir='ltr'>formidandus,</span> <span class='ocrx_word' id='word_1_125' title='bbox 1170 1600 1586 1670; x_wconf 85' lang='lat' dir='ltr'>intolerabilis,</span> 
     </span>
    </p>
   </div>
   <div class='ocr_carea' id='block_1_27' title="bbox 1966 1594 3576 1675">
    <p class='ocr_par' dir='ltr' id='par_1_27' title="bbox 2347 1594 3576 1675">
     <span class='ocr_line' id='line_1_27' title="bbox 2347 1594 3576 1675; baseline 0.005 -27"><span class='ocrx_word' id='word_1_126' title='bbox 2347 1594 2603 1669; x_wconf 71' lang='grc' dir='ltr'>Ἐχθροῖς</span> <span class='ocrx_word' id='word_1_127' title='bbox 2638 1594 2694 1649; x_wconf 80' lang='grc' dir='ltr'>δὲ</span> <span class='ocrx_word' id='word_1_128' title='bbox 2724 1596 2948 1675; x_wconf 66' lang='grc' dir='ltr'>φρικτὸς</span> <span class='ocrx_word' id='word_1_129' title='bbox 2975 1597 3066 1652; x_wconf 74' lang='grc' dir='ltr'>καὶ</span> <span class='ocrx_word' id='word_1_130' title='bbox 3101 1597 3430 1669; x_wconf 77' lang='grc' dir='ltr'>δυσάντητος</span> <span class='ocrx_word' id='word_1_131' title='bbox 3464 1599 3576 1669; x_wconf 63' lang='grc' dir='ltr'>θέα,</span> 
     </span>
    </p>
   </div>
   <div class='ocr_carea' id='block_1_28' title="bbox 398 1684 2008 1765">
    <p class='ocr_par' dir='ltr' id='par_1_28' title="bbox 398 1690 1789 1763">
     <span class='ocr_line' id='line_1_28' title="bbox 398 1690 1789 1763; baseline -0.003 -16"><span class='ocrx_word' id='word_1_132' title='bbox 398 1693 685 1748; x_wconf 90' lang='lat' dir='ltr'>creditum</span> <span class='ocrx_word' id='word_1_133' title='bbox 720 1691 833 1747; x_wconf 88' lang='lat' dir='ltr'>sibi</span> <span class='ocrx_word' id='word_1_134' title='bbox 866 1690 1183 1763; x_wconf 88' lang='lat' dir='ltr'>imperium</span> <span class='ocrx_word' id='word_1_135' title='bbox 1218 1690 1537 1761; x_wconf 90' lang='lat' dir='ltr'>prudenter</span> <span class='ocrx_word' id='word_1_136' title='bbox 1567 1694 1741 1743; x_wconf 88' lang='lat' dir='ltr'>tuens</span> <span class='ocrx_word' id='word_1_137' title='bbox 1775 1704 1789 1743; x_wconf 90' lang='lat'>:</span> 
     </span>
    </p>
   </div>
   <div class='ocr_carea' id='block_1_29' title="bbox 1938 1684 3548 1765">
    <p class='ocr_par' dir='ltr' id='par_1_29' title="bbox 2348 1684 3548 1765">
     <span class='ocr_line' id='line_1_29' title="bbox 2348 1684 3548 1765; baseline 0.003 -24"><span class='ocrx_word' id='word_1_138' title='bbox 2348 1686 2550 1757; x_wconf 81' lang='grc' dir='ltr'>Ηροκιν</span> <span class='ocrx_word' id='word_1_139' title='bbox 2561 1684 2794 1739; x_wconf 69' lang='grc' dir='ltr'>δυνενόων</span> <span class='ocrx_word' id='word_1_140' title='bbox 2822 1686 3149 1764; x_wconf 76' lang='grc' dir='ltr'>προφρόνως</span> <span class='ocrx_word' id='word_1_141' title='bbox 3182 1686 3548 1765; x_wconf 71' lang='grc' dir='ltr'>κληρουχίας,</span> 
     </span>
    </p>
   </div>
   <div class='ocr_carea' id='block_1_30' title="bbox 396 1770 2006 1853">
    <p class='ocr_par' dir='ltr' id='par_1_30' title="bbox 396 1780 1690 1846">
     <span class='ocr_line' id='line_1_30' title="bbox 396 1780 1690 1846; baseline -0.002 -10"><span class='ocrx_word' id='word_1_142' title='bbox 396 1798 568 1836; x_wconf 90' lang='lat' dir='ltr'>verus</span> <span class='ocrx_word' id='word_1_143' title='bbox 602 1787 755 1836; x_wconf 88' lang='lat' dir='ltr'>recte</span> <span class='ocrx_word' id='word_1_144' title='bbox 786 1782 1074 1835; x_wconf 85' lang='lat' dir='ltr'>factorum</span> <span class='ocrx_word' id='word_1_145' title='bbox 1109 1781 1239 1836; x_wconf 79' lang='lat' dir='ltr'>fons</span> <span class='ocrx_word' id='word_1_146' title='bbox 1272 1784 1328 1835; x_wconf 86' lang='lat' dir='ltr'>et</span> <span class='ocrx_word' id='word_1_147' title='bbox 1352 1780 1690 1846; x_wconf 77' lang='lat' dir='ltr'>thesaurus,</span> 
     </span>
    </p>
   </div>
   <div class='ocr_carea' id='block_1_31' title="bbox 1890 1770 3500 1853">
    <p class='ocr_par' dir='ltr' id='par_1_31' title="bbox 2346 1770 3500 1853">
     <span class='ocr_line' id='line_1_31' title="bbox 2346 1770 3500 1853; baseline 0.005 -26"><span class='ocrx_word' id='word_1_148' title='bbox 2346 1780 2587 1846; x_wconf 85' lang='grc' dir='ltr'>Ταμεῖον</span> <span class='ocrx_word' id='word_1_149' title='bbox 2619 1770 2792 1837; x_wconf 78' lang='grc' dir='ltr'>ὅντως</span> <span class='ocrx_word' id='word_1_150' title='bbox 2820 1780 2930 1830; x_wconf 89' lang='grc' dir='ltr'>τῶν</span> <span class='ocrx_word' id='word_1_151' title='bbox 2963 1777 3500 1853; x_wconf 74' lang='grc' dir='ltr'>ἀγαθουργημάτων,</span> 
     </span>
    </p>
   </div>
   <div class='ocr_carea' id='block_1_32' title="bbox 397 1862 2007 1945">
    <p class='ocr_par' dir='ltr' id='par_1_32' title="bbox 397 1867 1851 1943">
     <span class='ocr_line' id='line_1_32' title="bbox 397 1867 1851 1943; baseline -0.002 -18"><span class='ocrx_word' id='word_1_152' title='bbox 397 1877 455 1927; x_wconf 89' lang='lat' dir='ltr'>et</span> <span class='ocrx_word' id='word_1_153' title='bbox 486 1888 591 1926; x_wconf 91' lang='lat' dir='ltr'>suo</span> <span class='ocrx_word' id='word_1_154' title='bbox 624 1871 992 1926; x_wconf 86' lang='lat' dir='ltr'>consentiens</span> <span class='ocrx_word' id='word_1_155' title='bbox 1026 1870 1273 1938; x_wconf 88' lang='lat' dir='ltr'>nomini,</span> <span class='ocrx_word' id='word_1_156' title='bbox 1307 1869 1365 1924; x_wconf 91' lang='lat' dir='ltr'>id</span> <span class='ocrx_word' id='word_1_157' title='bbox 1397 1874 1486 1924; x_wconf 88' lang='lat' dir='ltr'>est</span> <span class='ocrx_word' id='word_1_158' title='bbox 1511 1867 1805 1943; x_wconf 83' lang='lat' dir='ltr'>gratiosus</span> <span class='ocrx_word' id='word_1_159' title='bbox 1836 1881 1851 1922; x_wconf 89' lang='lat'>:</span> 
     </span>
    </p>
   </div>
   <div class='ocr_carea' id='block_1_33' title="bbox 1820 1862 3430 1945">
    <p class='ocr_par' dir='ltr' id='par_1_33' title="bbox 1836 1862 3430 1945">
     <span class='ocr_line' id='line_1_33' title="bbox 1836 1862 3430 1945; baseline 0.026 -51"><span class='ocrx_word' id='word_1_160' title='bbox 1836 1881 1851 1922; x_wconf 55' lang='grc' dir='ltr'><strong>ε</strong></span> <span class='ocrx_word' id='word_1_161' title='bbox 2083 1876 2131 1945; x_wconf 78' lang='grc' dir='ltr'><strong>Β</strong></span> <span class='ocrx_word' id='word_1_162' title='bbox 2343 1864 2556 1937; x_wconf 82' lang='grc' dir='ltr'>Ὀγτως</span> <span class='ocrx_word' id='word_1_163' title='bbox 2587 1866 2997 1942; x_wconf 68' lang='grc' dir='ltr'>χαριτώ-θυμος,</span> <span class='ocrx_word' id='word_1_164' title='bbox 3029 1862 3211 1930; x_wconf 74' lang='grc' dir='ltr'>ἔνθεος</span> <span class='ocrx_word' id='word_1_165' title='bbox 3244 1868 3430 1944; x_wconf 79' lang='grc' dir='ltr'>χάρις,</span> 
     </span>
    </p>
   </div>
   <div class='ocr_carea' id='block_1_34' title="bbox 398 1958 2008 2043">
    <p class='ocr_par' dir='ltr' id='par_1_34' title="bbox 398 1968 1380 2043">
     <span class='ocr_line' id='line_1_34' title="bbox 398 1968 1380 2043; baseline -0.003 -17"><span class='ocrx_word' id='word_1_166' title='bbox 398 1987 643 2043; x_wconf 88' lang='lat' dir='ltr'>augens,</span> <span class='ocrx_word' id='word_1_167' title='bbox 674 1969 930 2024; x_wconf 87' lang='lat' dir='ltr'>dilatans</span> <span class='ocrx_word' id='word_1_168' title='bbox 961 1968 1203 2025; x_wconf 91' lang='lat' dir='ltr'>ditionis</span> <span class='ocrx_word' id='word_1_169' title='bbox 1234 1969 1380 2023; x_wconf 82' lang='lat' dir='ltr'>fines</span> 
     </span>
    </p>
   </div>
   <div class='ocr_carea' id='block_1_35' title="bbox 1992 1958 3602 2043">
    <p class='ocr_par' dir='ltr' id='par_1_35' title="bbox 2163 1958 3602 2039">
     <span class='ocr_line' id='line_1_35' title="bbox 2163 1958 3602 2039; baseline 0.006 -28"><span class='ocrx_word' id='word_1_170' title='bbox 2163 1960 2307 2014; x_wconf 87' lang='lat'>7870</span> <span class='ocrx_word' id='word_1_171' title='bbox 2345 1958 2560 2033; x_wconf 74' lang='grc' dir='ltr'>Αὕξων,</span> <span class='ocrx_word' id='word_1_172' title='bbox 2591 1959 2657 2017; x_wconf 84' lang='grc' dir='ltr'>π)</span> <span class='ocrx_word' id='word_1_173' title='bbox 2674 1961 2881 2017; x_wconf 70' lang='grc' dir='ltr'>ατῦνων</span> <span class='ocrx_word' id='word_1_174' title='bbox 2909 1961 3036 2025; x_wconf 78' lang='grc' dir='ltr'>τοὺς</span> <span class='ocrx_word' id='word_1_175' title='bbox 3070 1962 3230 2039; x_wconf 78' lang='grc' dir='ltr'>ὅρους</span> <span class='ocrx_word' id='word_1_176' title='bbox 3272 1963 3602 2039; x_wconf 79' lang='grc' dir='ltr'>Ῥωμαίδος,</span> 
     </span>
    </p>
   </div>
   <div class='ocr_carea' id='block_1_36' title="bbox 398 2049 2008 2132">
    <p class='ocr_par' dir='ltr' id='par_1_36' title="bbox 398 2056 1493 2132">
     <span class='ocr_line' id='line_1_36' title="bbox 398 2056 1493 2132; baseline -0.004 -17"><span class='ocrx_word' id='word_1_177' title='bbox 398 2060 600 2128; x_wconf 90' lang='lat' dir='ltr'>armis,</span> <span class='ocrx_word' id='word_1_178' title='bbox 634 2059 844 2132; x_wconf 91' lang='lat' dir='ltr'>peritia</span> <span class='ocrx_word' id='word_1_179' title='bbox 875 2057 1104 2128; x_wconf 89' lang='lat' dir='ltr'>bellica,</span> <span class='ocrx_word' id='word_1_180' title='bbox 1135 2063 1193 2113; x_wconf 88' lang='lat' dir='ltr'>et</span> <span class='ocrx_word' id='word_1_181' title='bbox 1223 2056 1493 2125; x_wconf 89' lang='lat' dir='ltr'>consilio,</span> 
     </span>
    </p>
   </div>
   <div class='ocr_carea' id='block_1_37' title="bbox 1964 2049 3574 2132">
    <p class='ocr_par' dir='ltr' id='par_1_37' title="bbox 2342 2049 3574 2127">
     <span class='ocr_line' id='line_1_37' title="bbox 2342 2049 3574 2127; baseline 0.002 -21"><span class='ocrx_word' id='word_1_182' title='bbox 2342 2049 2603 2121; x_wconf 79' lang='grc' dir='ltr'>“Οπλοις,</span> <span class='ocrx_word' id='word_1_183' title='bbox 2636 2052 2989 2127; x_wconf 77' lang='grc' dir='ltr'>στρατηγίαις</span> <span class='ocrx_word' id='word_1_184' title='bbox 3019 2073 3077 2108; x_wconf 88' lang='grc' dir='ltr'>τε</span> <span class='ocrx_word' id='word_1_185' title='bbox 3108 2051 3201 2106; x_wconf 70' lang='grc' dir='ltr'>σὺν</span> <span class='ocrx_word' id='word_1_186' title='bbox 3236 2049 3574 2123; x_wconf 78' lang='grc' dir='ltr'>εὐϐουλίαις,</span> 
     </span>
    </p>
   </div>
   <div class='ocr_carea' id='block_1_38' title="bbox 392 2140 2002 2222">
    <p class='ocr_par' dir='ltr' id='par_1_38' title="bbox 392 2146 1936 2222">
     <span class='ocr_line' id='line_1_38' title="bbox 392 2146 1936 2222; baseline -0.004 -17"><span class='ocrx_word' id='word_1_187' title='bbox 392 2165 626 2222; x_wconf 90' lang='lat' dir='ltr'>semper</span> <span class='ocrx_word' id='word_1_188' title='bbox 656 2150 715 2203; x_wconf 92' lang='lat' dir='ltr'>in</span> <span class='ocrx_word' id='word_1_189' title='bbox 749 2148 929 2203; x_wconf 90' lang='lat' dir='ltr'>aciem</span> <span class='ocrx_word' id='word_1_190' title='bbox 964 2148 1207 2217; x_wconf 89' lang='lat' dir='ltr'>ducens,</span> <span class='ocrx_word' id='word_1_191' title='bbox 1242 2146 1574 2219; x_wconf 85' lang='lat' dir='ltr'>pugnisque</span> <span class='ocrx_word' id='word_1_192' title='bbox 1603 2162 1936 2211; x_wconf 89' lang='lat' dir='ltr'>occurrens,</span> 
     </span>
    </p>
   </div>
   <div class='ocr_carea' id='block_1_39' title="bbox 2224 2140 3834 2222">
    <p class='ocr_par' dir='ltr' id='par_1_39' title="bbox 2347 2140 3834 2220">
     <span class='ocr_line' id='line_1_39' title="bbox 2347 2140 3834 2220; baseline 0.005 -27"><span class='ocrx_word' id='word_1_193' title='bbox 2347 2140 2577 2214; x_wconf 86' lang='grc' dir='ltr'>Συχνῶς</span> <span class='ocrx_word' id='word_1_194' title='bbox 2648 2145 3026 2218; x_wconf 80' lang='grc' dir='ltr'>στραταρχῶν,</span> <span class='ocrx_word' id='word_1_195' title='bbox 3090 2144 3369 2218; x_wconf 76' lang='grc' dir='ltr'>καρτερῶν</span> <span class='ocrx_word' id='word_1_196' title='bbox 3431 2142 3483 2198; x_wconf 78' lang='grc' dir='ltr'>ἐν</span> <span class='ocrx_word' id='word_1_197' title='bbox 3544 2150 3663 2207; x_wconf 83' lang='grc' dir='ltr'>ταῖς</span> <span class='ocrx_word' id='word_1_198' title='bbox 3728 2145 3834 2220; x_wconf 68' lang='grc' dir='ltr'>μά-</span> 
     </span>
    </p>
   </div>
   <div class='ocr_carea' id='block_1_40' title="bbox 3714 2257 3804 2299">
    <p class='ocr_par' dir='ltr' id='par_1_40' title="bbox 3714 2257 3804 2299">
     <span class='ocr_line' id='line_1_40' title="bbox 3714 2257 3804 2299; baseline 0 -10"><span class='ocrx_word' id='word_1_199' title='bbox 3714 2257 3804 2299; x_wconf 84' lang='grc' dir='ltr'>αις</span> 
     </span>
    </p>
   </div>
   <div class='ocr_carea' id='block_1_41' title="bbox 397 2237 2007 2396">
    <p class='ocr_par' dir='ltr' id='par_1_41' title="bbox 397 2325 1490 2396">
     <span class='ocr_line' id='line_1_41' title="bbox 397 2325 1490 2396; baseline -0.002 -13"><span class='ocrx_word' id='word_1_200' title='bbox 397 2328 574 2383; x_wconf 91' lang='lat' dir='ltr'>urbes</span> <span class='ocrx_word' id='word_1_201' title='bbox 606 2329 864 2383; x_wconf 80' lang='lat' dir='ltr'>Bomano</span> <span class='ocrx_word' id='word_1_202' title='bbox 894 2325 1199 2381; x_wconf 85' lang='lat' dir='ltr'>vindicans</span> <span class='ocrx_word' id='word_1_203' title='bbox 1225 2325 1490 2396; x_wconf 88' lang='lat' dir='ltr'>imperio,</span> 
     </span>
    </p>
   </div>
   <div class='ocr_carea' id='block_1_42' title="bbox 2218 2237 3828 2396">
    <p class='ocr_par' dir='ltr' id='par_1_42' title="bbox 2341 2237 3828 2394">
     <span class='ocr_line' id='line_1_42' title="bbox 2341 2237 3828 2394; baseline -0.019 -56"><span class='ocrx_word' id='word_1_204' title='bbox 2341 2319 2735 2388; x_wconf 67' lang='grc' dir='ltr'>,Επανασώζων</span> <span class='ocrx_word' id='word_1_205' title='bbox 2764 2321 2859 2382; x_wconf 73' lang='grc' dir='ltr'>τὰς</span> <span class='ocrx_word' id='word_1_206' title='bbox 2886 2317 3078 2384; x_wconf 53' lang='grc' dir='ltr'>πάλας</span> <span class='ocrx_word' id='word_1_207' title='bbox 3103 2318 3369 2394; x_wconf 35' lang='lat' dir='ltr'>«multum:</span> <span class='ocrx_word' id='word_1_208' title='bbox 3647 2237 3828 2310; x_wconf 77' lang='grc' dir='ltr'>[χαις›</span> 
     </span>
    </p>
   </div>
   <div class='ocr_carea' id='block_1_43' title="bbox 397 2407 2007 2490">
    <p class='ocr_par' dir='ltr' id='par_1_43' title="bbox 397 2414 1700 2490">
     <span class='ocr_line' id='line_1_43' title="bbox 397 2414 1700 2490; baseline -0.002 -18"><span class='ocrx_word' id='word_1_209' title='bbox 397 2417 729 2490; x_wconf 80' lang='lat' dir='ltr'>prudentia,</span> <span class='ocrx_word' id='word_1_210' title='bbox 762 2433 918 2486; x_wconf 90' lang='lat' dir='ltr'>voce,</span> <span class='ocrx_word' id='word_1_211' title='bbox 954 2432 1153 2486; x_wconf 87' lang='lat' dir='ltr'>manu,</span> <span class='ocrx_word' id='word_1_212' title='bbox 1186 2418 1243 2471; x_wconf 88' lang='lat' dir='ltr'>et</span> <span class='ocrx_word' id='word_1_213' title='bbox 1271 2414 1475 2470; x_wconf 88' lang='lat' dir='ltr'>Martis</span> <span class='ocrx_word' id='word_1_214' title='bbox 1507 2432 1700 2487; x_wconf 89' lang='lat' dir='ltr'>opere,</span> 
     </span>
    </p>
   </div>
   <div class='ocr_carea' id='block_1_44' title="bbox 2034 2407 3644 2490">
    <p class='ocr_par' dir='ltr' id='par_1_44' title="bbox 2338 2407 3644 2487">
     <span class='ocr_line' id='line_1_44' title="bbox 2338 2407 3644 2487; baseline 0.009 -27"><span class='ocrx_word' id='word_1_215' title='bbox 2338 2407 2562 2478; x_wconf 85' lang='grc' dir='ltr'>Γνώσει,</span> <span class='ocrx_word' id='word_1_216' title='bbox 2594 2408 2767 2485; x_wconf 86' lang='grc' dir='ltr'>λόγῳ,</span> <span class='ocrx_word' id='word_1_217' title='bbox 2801 2411 3083 2485; x_wconf 75' lang='grc' dir='ltr'>πράγματι</span> <span class='ocrx_word' id='word_1_218' title='bbox 3118 2411 3206 2465; x_wconf 79' lang='grc' dir='ltr'>καὶ</span> <span class='ocrx_word' id='word_1_219' title='bbox 3238 2409 3397 2487; x_wconf 79' lang='grc' dir='ltr'>πείρᾳ</span> <span class='ocrx_word' id='word_1_220' title='bbox 3432 2412 3644 2487; x_wconf 78' lang='grc' dir='ltr'>μάχης,</span> 
     </span>
    </p>
   </div>
   <div class='ocr_carea' id='block_1_45' title="bbox 398 2498 2008 2579">
    <p class='ocr_par' dir='ltr' id='par_1_45' title="bbox 398 2503 1638 2579">
     <span class='ocr_line' id='line_1_45' title="bbox 398 2503 1638 2579; baseline -0.002 -18"><span class='ocrx_word' id='word_1_221' title='bbox 398 2524 547 2579; x_wconf 90' lang='lat' dir='ltr'>quas</span> <span class='ocrx_word' id='word_1_222' title='bbox 576 2507 667 2561; x_wconf 90' lang='lat' dir='ltr'>vel</span> <span class='ocrx_word' id='word_1_223' title='bbox 701 2505 884 2561; x_wconf 84' lang='lat' dir='ltr'>Latini</span> <span class='ocrx_word' id='word_1_224' title='bbox 920 2504 1188 2560; x_wconf 89' lang='lat' dir='ltr'>subditas</span> <span class='ocrx_word' id='word_1_225' title='bbox 1220 2503 1332 2559; x_wconf 91' lang='lat' dir='ltr'>sibi</span> <span class='ocrx_word' id='word_1_226' title='bbox 1360 2503 1638 2571; x_wconf 83' lang='lat' dir='ltr'>fecerant,</span> 
     </span>
    </p>
   </div>
   <div class='ocr_carea' id='block_1_46' title="bbox 1771 2498 3381 2579">
    <p class='ocr_par' dir='ltr' id='par_1_46' title="bbox 2158 2498 3381 2575">
     <span class='ocr_line' id='line_1_46' title="bbox 2158 2498 3381 2575; baseline 0.005 -26"><span class='ocrx_word' id='word_1_227' title='bbox 2158 2498 2300 2551; x_wconf 84' lang='grc'>7875</span> <span class='ocrx_word' id='word_1_228' title='bbox 2338 2499 2441 2559; x_wconf 75' lang='lat' dir='ltr'>&quot;Ac</span> <span class='ocrx_word' id='word_1_229' title='bbox 2476 2498 2561 2575; x_wconf 70' lang='grc' dir='ltr'>ὑφ’</span> <span class='ocrx_word' id='word_1_230' title='bbox 2590 2498 2816 2560; x_wconf 73' lang='grc' dir='ltr'>ἑαυτοὺς</span> <span class='ocrx_word' id='word_1_231' title='bbox 2848 2499 3107 2570; x_wconf 72' lang='grc' dir='ltr'>ὑπέταξαν</span> <span class='ocrx_word' id='word_1_232' title='bbox 3138 2506 3381 2569; x_wconf 81' lang='grc' dir='ltr'>Λατῖνοι,</span> 
     </span>
    </p>
   </div>
   <div class='ocr_carea' id='block_1_47' title="bbox 391 2584 2001 2667">
    <p class='ocr_par' dir='ltr' id='par_1_47' title="bbox 391 2592 1674 2667">
     <span class='ocr_line' id='line_1_47' title="bbox 391 2592 1674 2667; baseline -0.002 -16"><span class='ocrx_word' id='word_1_233' title='bbox 391 2596 478 2652; x_wconf 88' lang='lat' dir='ltr'>vel</span> <span class='ocrx_word' id='word_1_234' title='bbox 512 2596 610 2652; x_wconf 86' lang='lat' dir='ltr'>alii</span> <span class='ocrx_word' id='word_1_235' title='bbox 642 2601 846 2651; x_wconf 88' lang='lat' dir='ltr'>contra</span> <span class='ocrx_word' id='word_1_236' title='bbox 877 2594 1105 2667; x_wconf 89' lang='lat' dir='ltr'>imperii</span> <span class='ocrx_word' id='word_1_237' title='bbox 1139 2593 1386 2650; x_wconf 86' lang='lat' dir='ltr'>rebelles</span> <span class='ocrx_word' id='word_1_238' title='bbox 1418 2592 1625 2665; x_wconf 81' lang='lat' dir='ltr'>perﬁdi</span> <span class='ocrx_word' id='word_1_239' title='bbox 1661 2610 1674 2648; x_wconf 88' lang='lat'>:</span> 
     </span>
    </p>
   </div>
   <div class='ocr_carea' id='block_1_48' title="bbox 1949 2584 3559 2667">
    <p class='ocr_par' dir='ltr' id='par_1_48' title="bbox 2334 2584 3559 2652">
     <span class='ocr_line' id='line_1_48' title="bbox 2334 2584 3559 2652; baseline 0.005 -12"><span class='ocrx_word' id='word_1_240' title='bbox 2334 2590 2443 2641; x_wconf 82' lang='grc' dir='ltr'>τῶν</span> <span class='ocrx_word' id='word_1_241' title='bbox 2474 2586 2724 2643; x_wconf 79' lang='grc' dir='ltr'>Αὐσόνων</span> <span class='ocrx_word' id='word_1_242' title='bbox 2757 2588 2806 2642; x_wconf 85' lang='grc' dir='ltr'>τ’</span> <span class='ocrx_word' id='word_1_243' title='bbox 2834 2584 2899 2642; x_wconf 76' lang='grc' dir='ltr'>αὖ</span> <span class='ocrx_word' id='word_1_244' title='bbox 2931 2590 2994 2643; x_wconf 81' lang='grc' dir='ltr'>οὐ</span> <span class='ocrx_word' id='word_1_245' title='bbox 3026 2592 3215 2652; x_wconf 81' lang='grc' dir='ltr'>καλῶς</span> <span class='ocrx_word' id='word_1_246' title='bbox 3239 2592 3559 2645; x_wconf 80' lang='grc' dir='ltr'>ἀποστάται·</span> 
     </span>
    </p>
   </div>
   <div class='ocr_carea' id='block_1_49' title="bbox 394 2676 2004 2755">
    <p class='ocr_par' dir='ltr' id='par_1_49' title="bbox 394 2682 1743 2755">
     <span class='ocr_line' id='line_1_49' title="bbox 394 2682 1743 2755; baseline -0.004 -14"><span class='ocrx_word' id='word_1_247' title='bbox 394 2685 593 2741; x_wconf 88' lang='lat' dir='ltr'>mitem</span> <span class='ocrx_word' id='word_1_248' title='bbox 625 2701 970 2755; x_wconf 89' lang='lat' dir='ltr'>comemque</span> <span class='ocrx_word' id='word_1_249' title='bbox 1000 2683 1257 2738; x_wconf 88' lang='lat' dir='ltr'>indolem</span> <span class='ocrx_word' id='word_1_250' title='bbox 1288 2701 1404 2755; x_wconf 69' lang='lat' dir='ltr'>prae</span> <span class='ocrx_word' id='word_1_251' title='bbox 1436 2700 1496 2739; x_wconf 88' lang='lat' dir='ltr'>se</span> <span class='ocrx_word' id='word_1_252' title='bbox 1531 2682 1743 2752; x_wconf 76' lang='lat' dir='ltr'>ferens,</span> 
     </span>
    </p>
   </div>
   <div class='ocr_carea' id='block_1_50' title="bbox 1844 2676 3454 2755">
    <p class='ocr_par' dir='ltr' id='par_1_50' title="bbox 2337 2676 3454 2749">
     <span class='ocr_line' id='line_1_50' title="bbox 2337 2676 3454 2749; baseline 0.005 -21"><span class='ocrx_word' id='word_1_253' title='bbox 2337 2676 2609 2749; x_wconf 76' lang='grc' dir='ltr'>Προσηνὶς</span> <span class='ocrx_word' id='word_1_254' title='bbox 2644 2676 2983 2732; x_wconf 77' lang='grc' dir='ltr'>εὐέντευκτον</span> <span class='ocrx_word' id='word_1_255' title='bbox 3013 2677 3147 2747; x_wconf 75' lang='grc' dir='ltr'>ἦθος</span> <span class='ocrx_word' id='word_1_256' title='bbox 3169 2678 3454 2749; x_wconf 70' lang='grc' dir='ltr'>δεικνύων,</span> 
     </span>
    </p>
   </div>
   <div class='ocr_carea' id='block_1_51' title="bbox 391 2764 2001 2845">
    <p class='ocr_par' dir='ltr' id='par_1_51' title="bbox 391 2772 1461 2845">
     <span class='ocr_line' id='line_1_51' title="bbox 391 2772 1461 2845; baseline -0.005 -14"><span class='ocrx_word' id='word_1_257' title='bbox 391 2776 715 2845; x_wconf 83' lang='lat' dir='ltr'>modestus,</span> <span class='ocrx_word' id='word_1_258' title='bbox 749 2775 910 2829; x_wconf 87' lang='lat' dir='ltr'>aditu</span> <span class='ocrx_word' id='word_1_259' title='bbox 946 2773 1151 2845; x_wconf 80' lang='lat' dir='ltr'>facilis,</span> <span class='ocrx_word' id='word_1_260' title='bbox 1179 2772 1461 2844; x_wconf 81' lang='lat' dir='ltr'>liberalis,</span> 
     </span>
    </p>
   </div>
   <div class='ocr_carea' id='block_1_52' title="bbox 1831 2764 3441 2845">
    <p class='ocr_par' dir='ltr' id='par_1_52' title="bbox 2334 2764 3441 2844">
     <span class='ocr_line' id='line_1_52' title="bbox 2334 2764 3441 2844; baseline 0.005 -26"><span class='ocrx_word' id='word_1_261' title='bbox 2334 2766 2588 2840; x_wconf 82' lang='grc' dir='ltr'>Μὲτριος,</span> <span class='ocrx_word' id='word_1_262' title='bbox 2624 2764 2799 2836; x_wconf 76' lang='grc' dir='ltr'>εὐθὺς,</span> <span class='ocrx_word' id='word_1_263' title='bbox 2832 2766 3173 2841; x_wconf 78' lang='grc' dir='ltr'>εὐπρόσιτος,</span> <span class='ocrx_word' id='word_1_264' title='bbox 3209 2768 3441 2844; x_wconf 76' lang='grc' dir='ltr'>χαρίεις,</span> 
     </span>
    </p>
   </div>
   <div class='ocr_carea' id='block_1_53' title="bbox 390 2855 2000 2933">
    <p class='ocr_par' dir='ltr' id='par_1_53' title="bbox 390 2864 1634 2933">
     <span class='ocr_line' id='line_1_53' title="bbox 390 2864 1634 2933; baseline -0.004 -13"><span class='ocrx_word' id='word_1_265' title='bbox 390 2865 816 2920; x_wconf 84' lang='lat' dir='ltr'>monachorum</span> <span class='ocrx_word' id='word_1_266' title='bbox 853 2880 1123 2918; x_wconf 75' lang='lat' dir='ltr'>reverens</span> <span class='ocrx_word' id='word_1_267' title='bbox 1153 2866 1211 2919; x_wconf 81' lang='lat' dir='ltr'>et</span> <span class='ocrx_word' id='word_1_268' title='bbox 1236 2864 1634 2933; x_wconf 84' lang='lat' dir='ltr'>sacerdotum,</span> 
     </span>
    </p>
   </div>
   <div class='ocr_carea' id='block_1_54' title="bbox 1885 2855 3495 2933">
    <p class='ocr_par' dir='ltr' id='par_1_54' title="bbox 2330 2855 3495 2930">
     <span class='ocr_line' id='line_1_54' title="bbox 2330 2855 3495 2930; baseline 0.003 -21"><span class='ocrx_word' id='word_1_269' title='bbox 2330 2855 2524 2925; x_wconf 84' lang='grc' dir='ltr'>Τιμῶν</span> <span class='ocrx_word' id='word_1_270' title='bbox 2559 2856 2838 2930; x_wconf 78' lang='grc' dir='ltr'>μοναχοὺς</span> <span class='ocrx_word' id='word_1_271' title='bbox 2870 2856 2959 2911; x_wconf 72' lang='grc' dir='ltr'>καί</span> <span class='ocrx_word' id='word_1_272' title='bbox 2988 2860 3124 2911; x_wconf 78' lang='grc' dir='ltr'>Θεοῦ</span> <span class='ocrx_word' id='word_1_273' title='bbox 3156 2855 3495 2928; x_wconf 84' lang='grc' dir='ltr'>θυηπόλους,</span> 
     </span>
    </p>
   </div>
   <div class='ocr_carea' id='block_1_55' title="bbox 386 2942 1996 3026">
    <p class='ocr_par' dir='ltr' id='par_1_55' title="bbox 386 2945 1630 3026">
     <span class='ocr_line' id='line_1_55' title="bbox 386 2945 1630 3026; baseline -0.004 -17"><span class='ocrx_word' id='word_1_274' title='bbox 386 2956 695 3026; x_wconf 91' lang='lat' dir='ltr'>episcopos</span> <span class='ocrx_word' id='word_1_275' title='bbox 728 2950 1071 3024; x_wconf 89' lang='lat' dir='ltr'>angelorum</span> <span class='ocrx_word' id='word_1_276' title='bbox 1109 2951 1297 3006; x_wconf 86' lang='lat' dir='ltr'>instar</span> <span class='ocrx_word' id='word_1_277' title='bbox 1327 2951 1575 3014; x_wconf 85' lang='lat' dir='ltr'>habens,</span> <span class='ocrx_word' id='word_1_278' title='bbox 1620 2945 1630 2954; x_wconf 83' lang='grc'><strong>’</strong></span> 
     </span>
    </p>
   </div>
   <div class='ocr_carea' id='block_1_56' title="bbox 1862 2942 3472 3026">
    <p class='ocr_par' dir='ltr' id='par_1_56' title="bbox 2151 2942 3472 3023">
     <span class='ocr_line' id='line_1_56' title="bbox 2151 2942 3472 3023; baseline 0.005 -28"><span class='ocrx_word' id='word_1_279' title='bbox 2151 2943 2292 2997; x_wconf 91' lang='lat'>7888</span> <span class='ocrx_word' id='word_1_280' title='bbox 2331 2944 2447 2999; x_wconf 89' lang='grc' dir='ltr'>Ἴσα</span> <span class='ocrx_word' id='word_1_281' title='bbox 2471 2950 2738 3020; x_wconf 84' lang='grc' dir='ltr'>προσεῖχε</span> <span class='ocrx_word' id='word_1_282' title='bbox 2770 2942 2818 2999; x_wconf 85' lang='grc' dir='ltr'>δ’</span> <span class='ocrx_word' id='word_1_283' title='bbox 2850 2944 3098 3020; x_wconf 67' lang='grc' dir='ltr'>ἀγγέλοις</span> <span class='ocrx_word' id='word_1_284' title='bbox 3130 2947 3472 3023; x_wconf 78' lang='grc' dir='ltr'>ἀρχιθύταις,</span> 
     </span>
    </p>
   </div>
   <div class='ocr_carea' id='block_1_57' title="bbox 385 3028 1995 3113">
    <p class='ocr_par' dir='ltr' id='par_1_57' title="bbox 385 3039 1752 3111">
     <span class='ocr_line' id='line_1_57' title="bbox 385 3039 1752 3111; baseline -0.003 -12"><span class='ocrx_word' id='word_1_285' title='bbox 385 3042 532 3099; x_wconf 89' lang='lat' dir='ltr'>nihil</span> <span class='ocrx_word' id='word_1_286' title='bbox 562 3043 621 3096; x_wconf 94' lang='lat' dir='ltr'>in</span> <span class='ocrx_word' id='word_1_287' title='bbox 655 3040 1072 3097; x_wconf 88' lang='lat' dir='ltr'>ecclesiasticis</span> <span class='ocrx_word' id='word_1_288' title='bbox 1106 3041 1434 3097; x_wconf 84' lang='lat' dir='ltr'>immutans</span> <span class='ocrx_word' id='word_1_289' title='bbox 1466 3039 1752 3111; x_wconf 89' lang='lat' dir='ltr'>moribus,</span> 
     </span>
    </p>
   </div>
   <div class='ocr_carea' id='block_1_58' title="bbox 1764 3028 3374 3113">
    <p class='ocr_par' dir='ltr' id='par_1_58' title="bbox 2330 3028 3374 3113">
     <span class='ocr_line' id='line_1_58' title="bbox 2330 3028 3374 3113; baseline 0.006 -27"><span class='ocrx_word' id='word_1_290' title='bbox 2330 3030 2655 3103; x_wconf 79' lang='grc' dir='ltr'>Ἐκκλησίας</span> <span class='ocrx_word' id='word_1_291' title='bbox 2685 3028 2849 3107; x_wconf 80' lang='grc' dir='ltr'>ἔθιμα</span> <span class='ocrx_word' id='word_1_292' title='bbox 2879 3036 2953 3107; x_wconf 78' lang='grc' dir='ltr'>μὴ</span> <span class='ocrx_word' id='word_1_293' title='bbox 2989 3038 3374 3113; x_wconf 70' lang='grc' dir='ltr'>παρατρέπων,</span> 
     </span>
    </p>
   </div>
   <div class='ocr_carea' id='block_1_59' title="bbox 384 3120 1994 3205">
    <p class='ocr_par' dir='ltr' id='par_1_59' title="bbox 384 3129 1531 3205">
     <span class='ocr_line' id='line_1_59' title="bbox 384 3129 1531 3205; baseline -0.003 -18"><span class='ocrx_word' id='word_1_294' title='bbox 384 3131 845 3205; x_wconf 76' lang='lat' dir='ltr'>apustolicorum</span> <span class='ocrx_word' id='word_1_295' title='bbox 879 3131 1223 3200; x_wconf 87' lang='lat' dir='ltr'>dogmatum</span> <span class='ocrx_word' id='word_1_296' title='bbox 1258 3129 1531 3184; x_wconf 88' lang='lat' dir='ltr'>laudator</span> 
     </span>
    </p>
   </div>
   <div class='ocr_carea' id='block_1_60' title="bbox 1797 3120 3407 3205">
    <p class='ocr_par' dir='ltr' id='par_1_60' title="bbox 2330 3120 3407 3198">
     <span class='ocr_line' id='line_1_60' title="bbox 2330 3120 3407 3198; baseline 0.006 -23"><span class='ocrx_word' id='word_1_297' title='bbox 2330 3121 2744 3177; x_wconf 86' lang='grc' dir='ltr'>Ἀποστολικῶν</span> <span class='ocrx_word' id='word_1_298' title='bbox 2779 3120 3065 3198; x_wconf 76' lang='grc' dir='ltr'>δογμάτων</span> <span class='ocrx_word' id='word_1_299' title='bbox 3099 3126 3407 3198; x_wconf 69' lang='grc' dir='ltr'>ἐπαινέτης,</span> 
     </span>
    </p>
   </div>
   <div class='ocr_carea' id='block_1_61' title="bbox 382 3210 1992 3312">
    <p class='ocr_par' dir='ltr' id='par_1_61' title="bbox 382 3217 1647 3291">
     <span class='ocr_line' id='line_1_61' title="bbox 382 3217 1647 3291; baseline -0.002 -14"><span class='ocrx_word' id='word_1_300' title='bbox 382 3225 862 3291; x_wconf 85' lang='lat' dir='ltr'>statutarumque</span> <span class='ocrx_word' id='word_1_301' title='bbox 896 3237 928 3273; x_wconf 91' lang='lat' dir='ltr'>a</span> <span class='ocrx_word' id='word_1_302' title='bbox 962 3218 1229 3273; x_wconf 86' lang='lat' dir='ltr'>Patribus</span> <span class='ocrx_word' id='word_1_303' title='bbox 1261 3217 1597 3290; x_wconf 87' lang='lat' dir='ltr'>regularum</span> <span class='ocrx_word' id='word_1_304' title='bbox 1635 3236 1647 3275; x_wconf 95' lang='lat'><strong>:</strong></span> 
     </span>
    </p>
   </div>
   <div class='ocr_carea' id='block_1_62' title="bbox 2052 3210 3662 3312">
    <p class='ocr_par' dir='ltr' id='par_1_62' title="bbox 2064 3210 3662 3312">
     <span class='ocr_line' id='line_1_62' title="bbox 2064 3210 3662 3312; baseline 0.005 -49"><span class='ocrx_word' id='word_1_305' title='bbox 2064 3240 2108 3312; x_wconf 61' lang='grc' dir='ltr'>α</span> <span class='ocrx_word' id='word_1_306' title='bbox 2325 3210 2431 3265; x_wconf 82' lang='grc' dir='ltr'>Καὶ</span> <span class='ocrx_word' id='word_1_307' title='bbox 2462 3215 2569 3263; x_wconf 87' lang='grc' dir='ltr'>τῶν</span> <span class='ocrx_word' id='word_1_308' title='bbox 2602 3216 2877 3285; x_wconf 77' lang='grc' dir='ltr'>πατρικῶν</span> <span class='ocrx_word' id='word_1_309' title='bbox 2904 3213 2993 3267; x_wconf 84' lang='grc' dir='ltr'>καὶ</span> <span class='ocrx_word' id='word_1_310' title='bbox 3025 3214 3210 3287; x_wconf 87' lang='grc' dir='ltr'>νόμων</span> <span class='ocrx_word' id='word_1_311' title='bbox 3239 3219 3347 3270; x_wconf 85' lang='grc' dir='ltr'>τῶν</span> <span class='ocrx_word' id='word_1_312' title='bbox 3375 3217 3662 3289; x_wconf 73' lang='grc' dir='ltr'>κειμένων,</span> 
     </span>
    </p>
   </div>
   <div class='ocr_carea' id='block_1_63' title="bbox 380 3298 1990 3391">
    <p class='ocr_par' dir='ltr' id='par_1_63' title="bbox 380 3315 1791 3391">
     <span class='ocr_line' id='line_1_63' title="bbox 380 3315 1791 3391; baseline -0.003 -16"><span class='ocrx_word' id='word_1_313' title='bbox 380 3320 605 3391; x_wconf 87' lang='lat' dir='ltr'>ingenti</span> <span class='ocrx_word' id='word_1_314' title='bbox 638 3319 708 3373; x_wconf 91' lang='lat' dir='ltr'>ad</span> <span class='ocrx_word' id='word_1_315' title='bbox 742 3334 835 3373; x_wconf 90' lang='lat' dir='ltr'>res</span> <span class='ocrx_word' id='word_1_316' title='bbox 868 3315 1175 3388; x_wconf 82' lang='lat' dir='ltr'>praeclaras</span> <span class='ocrx_word' id='word_1_317' title='bbox 1209 3316 1539 3372; x_wconf 85' lang='lat' dir='ltr'>instructus</span> <span class='ocrx_word' id='word_1_318' title='bbox 1570 3316 1791 3384; x_wconf 84' lang='lat' dir='ltr'>animo,</span> 
     </span>
    </p>
   </div>
   <div class='ocr_carea' id='block_1_64' title="bbox 1890 3298 3500 3391">
    <p class='ocr_par' dir='ltr' id='par_1_64' title="bbox 2069 3298 3500 3381">
     <span class='ocr_line' id='line_1_64' title="bbox 2069 3298 3500 3381; baseline 0.006 -30"><span class='ocrx_word' id='word_1_319' title='bbox 2069 3298 2108 3312; x_wconf 66' lang='grc'>’³</span> <span class='ocrx_word' id='word_1_320' title='bbox 2325 3301 2556 3373; x_wconf 80' lang='grc' dir='ltr'>Γνώμην</span> <span class='ocrx_word' id='word_1_321' title='bbox 2595 3298 2987 3377; x_wconf 81' lang='grc' dir='ltr'>μεγαλόψυχον</span> <span class='ocrx_word' id='word_1_322' title='bbox 3024 3302 3077 3358; x_wconf 83' lang='grc' dir='ltr'>ἐν</span> <span class='ocrx_word' id='word_1_323' title='bbox 3108 3302 3303 3366; x_wconf 83' lang='grc' dir='ltr'>καλοῖς</span> <span class='ocrx_word' id='word_1_324' title='bbox 3336 3302 3500 3381; x_wconf 79' lang='grc' dir='ltr'>ἔχων·</span> 
     </span>
    </p>
   </div>
   <div class='ocr_carea' id='block_1_65' title="bbox 382 3398 1992 3478">
    <p class='ocr_par' dir='ltr' id='par_1_65' title="bbox 382 3405 1390 3478">
     <span class='ocr_line' id='line_1_65' title="bbox 382 3405 1390 3478; baseline -0.004 -14"><span class='ocrx_word' id='word_1_325' title='bbox 382 3410 553 3478; x_wconf 80' lang='lat' dir='ltr'>cujus</span> <span class='ocrx_word' id='word_1_326' title='bbox 587 3410 952 3462; x_wconf 89' lang='lat' dir='ltr'>demonstrat</span> <span class='ocrx_word' id='word_1_327' title='bbox 983 3405 1390 3462; x_wconf 88' lang='lat' dir='ltr'>liberalitatem</span> 
     </span>
    </p>
   </div>
   <div class='ocr_carea' id='block_1_66' title="bbox 1798 3398 3408 3478">
    <p class='ocr_par' dir='ltr' id='par_1_66' title="bbox 2144 3398 3408 3478">
     <span class='ocr_line' id='line_1_66' title="bbox 2144 3398 3408 3478; baseline 0.006 -29"><span class='ocrx_word' id='word_1_328' title='bbox 2144 3398 2287 3453; x_wconf 84' lang='lat'><strong>7885</strong></span> <span class='ocrx_word' id='word_1_329' title='bbox 2327 3399 2533 3474; x_wconf 63' lang='grc' dir='ltr'>Δεῖγμα</span> <span class='ocrx_word' id='word_1_330' title='bbox 2561 3419 2613 3453; x_wconf 91' lang='grc' dir='ltr'>τι</span> <span class='ocrx_word' id='word_1_331' title='bbox 2647 3401 2809 3476; x_wconf 71' lang='grc' dir='ltr'>σαφὲς</span> <span class='ocrx_word' id='word_1_332' title='bbox 2834 3401 2932 3469; x_wconf 71' lang='grc' dir='ltr'>τῆς</span> <span class='ocrx_word' id='word_1_333' title='bbox 2966 3399 3408 3478; x_wconf 74' lang='grc' dir='ltr'>μεγαλοδωρίας,</span> 
     </span>
    </p>
   </div>
   <div class='ocr_carea' id='block_1_67' title="bbox 381 3486 1991 3568">
    <p class='ocr_par' dir='ltr' id='par_1_67' title="bbox 381 3492 1697 3568">
     <span class='ocr_line' id='line_1_67' title="bbox 381 3492 1697 3568; baseline -0.002 -16"><span class='ocrx_word' id='word_1_334' title='bbox 381 3502 703 3568; x_wconf 79' lang='lat' dir='ltr'>martyrum</span> <span class='ocrx_word' id='word_1_335' title='bbox 736 3494 1083 3550; x_wconf 85' lang='lat' dir='ltr'>salutarium</span> <span class='ocrx_word' id='word_1_336' title='bbox 1117 3494 1444 3550; x_wconf 80' lang='lat' dir='ltr'>coenobium</span> <span class='ocrx_word' id='word_1_337' title='bbox 1482 3492 1697 3563; x_wconf 90' lang='lat' dir='ltr'>nobile,</span> 
     </span>
    </p>
   </div>
   <div class='ocr_carea' id='block_1_68' title="bbox 1937 3486 3547 3568">
    <p class='ocr_par' dir='ltr' id='par_1_68' title="bbox 2326 3486 3547 3568">
     <span class='ocr_line' id='line_1_68' title="bbox 2326 3486 3547 3568; baseline 0.005 -25"><span class='ocrx_word' id='word_1_338' title='bbox 2326 3488 2483 3556; x_wconf 79' lang='grc' dir='ltr'>Μονὴ</span> <span class='ocrx_word' id='word_1_339' title='bbox 2519 3486 2960 3564; x_wconf 80' lang='grc' dir='ltr'>περιθρύλλητος</span> <span class='ocrx_word' id='word_1_340' title='bbox 2994 3492 3028 3560; x_wconf 82' lang='grc' dir='ltr'>ἡ</span> <span class='ocrx_word' id='word_1_341' title='bbox 3061 3494 3169 3545; x_wconf 85' lang='grc' dir='ltr'>τῶν</span> <span class='ocrx_word' id='word_1_342' title='bbox 3202 3489 3547 3568; x_wconf 71' lang='grc' dir='ltr'>σωσάνδρων,</span> 
     </span>
    </p>
   </div>
   <div class='ocr_carea' id='block_1_69' title="bbox 381 3574 1991 3656">
    <p class='ocr_par' dir='ltr' id='par_1_69' title="bbox 381 3583 1675 3656">
     <span class='ocr_line' id='line_1_69' title="bbox 381 3583 1675 3656; baseline 0 -18"><span class='ocrx_word' id='word_1_343' title='bbox 381 3587 531 3656; x_wconf 88' lang='lat' dir='ltr'>quod</span> <span class='ocrx_word' id='word_1_344' title='bbox 568 3585 772 3639; x_wconf 87' lang='lat' dir='ltr'>mundi</span> <span class='ocrx_word' id='word_1_345' title='bbox 808 3584 1027 3638; x_wconf 90' lang='lat' dir='ltr'>dicitur</span> <span class='ocrx_word' id='word_1_346' title='bbox 1058 3585 1266 3640; x_wconf 91' lang='lat' dir='ltr'>merito</span> <span class='ocrx_word' id='word_1_347' title='bbox 1300 3583 1675 3642; x_wconf 89' lang='lat' dir='ltr'>miraculum.</span> 
     </span>
    </p>
   </div>
   <div class='ocr_carea' id='block_1_70' title="bbox 1975 3574 3585 3656">
    <p class='ocr_par' dir='ltr' id='par_1_70' title="bbox 2320 3574 3585 3655">
     <span class='ocr_line' id='line_1_70' title="bbox 2320 3574 3585 3655; baseline 0.006 -23"><span class='ocrx_word' id='word_1_348' title='bbox 2320 3577 2390 3632; x_wconf 74' lang='grc' dir='ltr'>’Ἡ</span> <span class='ocrx_word' id='word_1_349' title='bbox 2425 3574 2638 3649; x_wconf 85' lang='grc' dir='ltr'>μᾶλλον</span> <span class='ocrx_word' id='word_1_350' title='bbox 2672 3575 2862 3650; x_wconf 76' lang='grc' dir='ltr'>εἰπεῖν,</span> <span class='ocrx_word' id='word_1_351' title='bbox 2896 3580 3075 3653; x_wconf 77' lang='grc' dir='ltr'>θαῦμα</span> <span class='ocrx_word' id='word_1_352' title='bbox 3103 3587 3203 3649; x_wconf 81' lang='grc' dir='ltr'>τῆς</span> <span class='ocrx_word' id='word_1_353' title='bbox 3234 3580 3585 3655; x_wconf 70' lang='grc' dir='ltr'>οἰκουμένης.</span> 
     </span>
    </p>
   </div>
   <div class='ocr_carea' id='block_1_71' title="bbox 378 3665 1988 3747">
    <p class='ocr_par' dir='ltr' id='par_1_71' title="bbox 378 3673 1772 3746">
     <span class='ocr_line' id='line_1_71' title="bbox 378 3673 1772 3746; baseline 0.001 -15"><span class='ocrx_word' id='word_1_354' title='bbox 378 3677 485 3732; x_wconf 91' lang='lat' dir='ltr'>Sed</span> <span class='ocrx_word' id='word_1_355' title='bbox 518 3676 674 3731; x_wconf 89' lang='lat' dir='ltr'>enim</span> <span class='ocrx_word' id='word_1_356' title='bbox 701 3676 892 3729; x_wconf 88' lang='lat' dir='ltr'>brevis</span> <span class='ocrx_word' id='word_1_357' title='bbox 926 3675 1191 3746; x_wconf 69' lang='lat' dir='ltr'>quaedam</span> <span class='ocrx_word' id='word_1_358' title='bbox 1224 3673 1523 3732; x_wconf 88' lang='lat' dir='ltr'>interdum</span> <span class='ocrx_word' id='word_1_359' title='bbox 1557 3673 1772 3733; x_wconf 80' lang='lat' dir='ltr'>nebula</span> 
     </span>
    </p>
   </div>
   <div class='ocr_carea' id='block_1_72' title="bbox 1855 3665 3465 3747">
    <p class='ocr_par' dir='ltr' id='par_1_72' title="bbox 2321 3665 3465 3747">
     <span class='ocr_line' id='line_1_72' title="bbox 2321 3665 3465 3747; baseline 0.006 -28"><span class='ocrx_word' id='word_1_360' title='bbox 2321 3665 2472 3734; x_wconf 79' lang='grc' dir='ltr'>Πλὴν</span> <span class='ocrx_word' id='word_1_361' title='bbox 2508 3668 2623 3743; x_wconf 72' lang='grc' dir='ltr'>εἶχε</span> <span class='ocrx_word' id='word_1_362' title='bbox 2659 3667 2851 3743; x_wconf 73' lang='grc' dir='ltr'>μικρὸν</span> <span class='ocrx_word' id='word_1_363' title='bbox 2889 3671 3172 3740; x_wconf 76' lang='grc' dir='ltr'>συσκιάζον</span> <span class='ocrx_word' id='word_1_364' title='bbox 3212 3672 3465 3747; x_wconf 72' lang='grc' dir='ltr'>βραχέως</span> 
     </span>
    </p>
   </div>
   <div class='ocr_carea' id='block_1_73' title="bbox 375 3755 1985 3838">
    <p class='ocr_par' dir='ltr' id='par_1_73' title="bbox 375 3762 1435 3834">
     <span class='ocr_line' id='line_1_73' title="bbox 375 3762 1435 3834; baseline -0.002 -13"><span class='ocrx_word' id='word_1_365' title='bbox 375 3766 661 3821; x_wconf 88' lang='lat' dir='ltr'>virtutum</span> <span class='ocrx_word' id='word_1_366' title='bbox 694 3764 821 3834; x_wconf 88' lang='lat' dir='ltr'>ejus</span> <span class='ocrx_word' id='word_1_367' title='bbox 855 3762 1038 3820; x_wconf 81' lang='lat' dir='ltr'>solem</span> <span class='ocrx_word' id='word_1_368' title='bbox 1068 3764 1435 3832; x_wconf 82' lang='lat' dir='ltr'>infuscabat;</span> 
     </span>
    </p>
   </div>
   <div class='ocr_carea' id='block_1_74' title="bbox 1756 3755 3366 3838">
    <p class='ocr_par' dir='ltr' id='par_1_74' title="bbox 2321 3755 3366 3838">
     <span class='ocr_line' id='line_1_74' title="bbox 2321 3755 3366 3838; baseline 0.006 -29"><span class='ocrx_word' id='word_1_369' title='bbox 2321 3757 2443 3810; x_wconf 89' lang='grc' dir='ltr'>Τῶν</span> <span class='ocrx_word' id='word_1_370' title='bbox 2472 3757 2680 3829; x_wconf 84' lang='grc' dir='ltr'>ἀρττῶν</span> <span class='ocrx_word' id='word_1_371' title='bbox 2713 3755 2875 3827; x_wconf 82' lang='grc' dir='ltr'>ἥλιον</span> <span class='ocrx_word' id='word_1_372' title='bbox 2909 3757 3077 3813; x_wconf 77' lang='grc' dir='ltr'>αὐτοῦ</span> <span class='ocrx_word' id='word_1_373' title='bbox 3108 3781 3157 3813; x_wconf 92' lang='grc' dir='ltr'>τι</span> <span class='ocrx_word' id='word_1_374' title='bbox 3190 3758 3366 3838; x_wconf 69' lang='grc' dir='ltr'>νέφος·</span> 
     </span>
    </p>
   </div>
   <div class='ocr_carea' id='block_1_75' title="bbox 376 3845 1986 3926">
    <p class='ocr_par' dir='ltr' id='par_1_75' title="bbox 376 3852 1690 3926">
     <span class='ocr_line' id='line_1_75' title="bbox 376 3852 1690 3926; baseline -0.002 -14"><span class='ocrx_word' id='word_1_375' title='bbox 376 3855 597 3912; x_wconf 88' lang='lat' dir='ltr'>amoris</span> <span class='ocrx_word' id='word_1_376' title='bbox 626 3854 968 3911; x_wconf 86' lang='lat' dir='ltr'>vincebatur</span> <span class='ocrx_word' id='word_1_377' title='bbox 998 3854 1351 3926; x_wconf 87' lang='lat' dir='ltr'>quandoque</span> <span class='ocrx_word' id='word_1_378' title='bbox 1378 3852 1690 3911; x_wconf 80' lang='lat' dir='ltr'>illecebris.</span> 
     </span>
    </p>
   </div>
   <div class='ocr_carea' id='block_1_76' title="bbox 1722 3845 3332 3926">
    <p class='ocr_par' dir='ltr' id='par_1_76' title="bbox 2140 3845 3332 3923">
     <span class='ocr_line' id='line_1_76' title="bbox 2140 3845 3332 3923; baseline 0.006 -26"><span class='ocrx_word' id='word_1_379' title='bbox 2140 3846 2282 3899; x_wconf 87' lang='lat'>7890</span> <span class='ocrx_word' id='word_1_380' title='bbox 2321 3846 2561 3915; x_wconf 85' lang='grc' dir='ltr'>’Ήττητο</span> <span class='ocrx_word' id='word_1_381' title='bbox 2597 3846 2777 3922; x_wconf 78' lang='grc' dir='ltr'>βραχὺ</span> <span class='ocrx_word' id='word_1_382' title='bbox 2808 3854 2909 3917; x_wconf 84' lang='grc' dir='ltr'>τῆς</span> <span class='ocrx_word' id='word_1_383' title='bbox 2931 3845 3332 3923; x_wconf 75' lang='grc' dir='ltr'>ἐρωτοληψίας.</span> 
     </span>
    </p>
   </div>
   <div class='ocr_carea' id='block_1_77' title="bbox 375 3934 1985 4015">
    <p class='ocr_par' dir='ltr' id='par_1_77' title="bbox 375 3942 1412 4015">
     <span class='ocr_line' id='line_1_77' title="bbox 375 3942 1412 4015; baseline 0 -15"><span class='ocrx_word' id='word_1_384' title='bbox 375 3946 514 4000; x_wconf 91' lang='lat' dir='ltr'>Erat</span> <span class='ocrx_word' id='word_1_385' title='bbox 543 3948 599 3998; x_wconf 85' lang='lat' dir='ltr'>et</span> <span class='ocrx_word' id='word_1_386' title='bbox 628 3943 740 4015; x_wconf 90' lang='lat' dir='ltr'>ipsi</span> <span class='ocrx_word' id='word_1_387' title='bbox 772 3942 1081 4014; x_wconf 90' lang='lat' dir='ltr'>splendida</span> <span class='ocrx_word' id='word_1_388' title='bbox 1110 3943 1218 3999; x_wconf 84' lang='lat' dir='ltr'>tori</span> <span class='ocrx_word' id='word_1_389' title='bbox 1252 3942 1412 4000; x_wconf 83' lang='lat' dir='ltr'>socia</span> 
     </span>
    </p>
   </div>
   <div class='ocr_carea' id='block_1_78' title="bbox 1728 3934 3338 4015">
    <p class='ocr_par' dir='ltr' id='par_1_78' title="bbox 2318 3934 3338 4015">
     <span class='ocr_line' id='line_1_78' title="bbox 2318 3934 3338 4015; baseline 0.008 -28"><span class='ocrx_word' id='word_1_390' title='bbox 2318 3934 2589 4009; x_wconf 83' lang='grc' dir='ltr'>Ὑπῆρχεν</span> <span class='ocrx_word' id='word_1_391' title='bbox 2618 3934 2765 4009; x_wconf 83' lang='grc' dir='ltr'>αὐτῷ</span> <span class='ocrx_word' id='word_1_392' title='bbox 2794 3938 2885 3995; x_wconf 79' lang='grc' dir='ltr'>καὶ</span> <span class='ocrx_word' id='word_1_393' title='bbox 2916 3938 3144 4015; x_wconf 72' lang='grc' dir='ltr'>σῦζυγος</span> <span class='ocrx_word' id='word_1_394' title='bbox 3175 3934 3338 3995; x_wconf 74' lang='grc' dir='ltr'>ὀλϐία</span> 
     </span>
    </p>
   </div>
   <div class='ocr_carea' id='block_1_79' title="bbox 377 4022 1987 4104">
    <p class='ocr_par' dir='ltr' id='par_1_79' title="bbox 377 4032 1425 4104">
     <span class='ocr_line' id='line_1_79' title="bbox 377 4032 1425 4104; baseline 0 -15"><span class='ocrx_word' id='word_1_395' title='bbox 377 4035 541 4089; x_wconf 91' lang='lat' dir='ltr'>Irene</span> <span class='ocrx_word' id='word_1_396' title='bbox 574 4033 752 4087; x_wconf 89' lang='lat' dir='ltr'>decus</span> <span class='ocrx_word' id='word_1_397' title='bbox 786 4032 1037 4104; x_wconf 84' lang='lat' dir='ltr'>inclytus</span> <span class='ocrx_word' id='word_1_398' title='bbox 1068 4033 1425 4103; x_wconf 85' lang='lat' dir='ltr'>reginarum,</span> 
     </span>
    </p>
   </div>
   <div class='ocr_carea' id='block_1_80' title="bbox 1861 4022 3471 4104">
    <p class='ocr_par' dir='ltr' id='par_1_80' title="bbox 2318 4022 3471 4101">
     <span class='ocr_line' id='line_1_80' title="bbox 2318 4022 3471 4101; baseline 0.004 -21"><span class='ocrx_word' id='word_1_399' title='bbox 2318 4022 2528 4100; x_wconf 72' lang='grc' dir='ltr'>Εἷρήνη</span> <span class='ocrx_word' id='word_1_400' title='bbox 2565 4023 2795 4098; x_wconf 83' lang='grc' dir='ltr'>λαμπρά</span> <span class='ocrx_word' id='word_1_401' title='bbox 2828 4025 3161 4101; x_wconf 89' lang='grc' dir='ltr'>βασιλισσῶν</span> <span class='ocrx_word' id='word_1_402' title='bbox 3195 4026 3258 4084; x_wconf 81' lang='grc' dir='ltr'>τὸ</span> <span class='ocrx_word' id='word_1_403' title='bbox 3288 4029 3471 4099; x_wconf 67' lang='grc' dir='ltr'>κλέος,</span> 
     </span>
    </p>
   </div>
   <div class='ocr_carea' id='block_1_81' title="bbox 380 4111 1990 4196">
    <p class='ocr_par' dir='ltr' id='par_1_81' title="bbox 380 4120 1611 4196">
     <span class='ocr_line' id='line_1_81' title="bbox 380 4120 1611 4196; baseline 0.001 -18"><span class='ocrx_word' id='word_1_404' title='bbox 380 4140 518 4196; x_wconf 88' lang='lat' dir='ltr'>pars</span> <span class='ocrx_word' id='word_1_405' title='bbox 548 4122 768 4193; x_wconf 89' lang='lat' dir='ltr'>optima</span> <span class='ocrx_word' id='word_1_406' title='bbox 799 4122 1083 4194; x_wconf 85' lang='lat' dir='ltr'>conjugii,</span> <span class='ocrx_word' id='word_1_407' title='bbox 1116 4122 1331 4179; x_wconf 85' lang='lat' dir='ltr'>eximia</span> <span class='ocrx_word' id='word_1_408' title='bbox 1360 4120 1611 4192; x_wconf 82' lang='lat' dir='ltr'>indoles,</span> 
     </span>
    </p>
   </div>
   <div class='ocr_carea' id='block_1_82' title="bbox 1645 4111 3255 4196">
    <p class='ocr_par' dir='ltr' id='par_1_82' title="bbox 2316 4111 3255 4191">
     <span class='ocr_line' id='line_1_82' title="bbox 2316 4111 3255 4191; baseline 0.006 -25"><span class='ocrx_word' id='word_1_409' title='bbox 2316 4111 2486 4187; x_wconf 71' lang='grc' dir='ltr'>Μερῖς</span> <span class='ocrx_word' id='word_1_410' title='bbox 2519 4114 2693 4188; x_wconf 82' lang='grc' dir='ltr'>ἀγαθή</span> <span class='ocrx_word' id='word_1_411' title='bbox 2727 4116 2817 4169; x_wconf 78' lang='grc' dir='ltr'>καὶ</span> <span class='ocrx_word' id='word_1_412' title='bbox 2848 4114 3006 4191; x_wconf 70' lang='grc' dir='ltr'>φύσις</span> <span class='ocrx_word' id='word_1_413' title='bbox 3033 4115 3255 4190; x_wconf 74' lang='grc' dir='ltr'>ἐξαισία,</span> 
     </span>
    </p>
   </div>
   <div class='ocr_carea' id='block_1_83' title="bbox 374 4202 1984 4284">
    <p class='ocr_par' dir='ltr' id='par_1_83' title="bbox 374 4211 1515 4284">
     <span class='ocr_line' id='line_1_83' title="bbox 374 4211 1515 4284; baseline -0.002 -16"><span class='ocrx_word' id='word_1_414' title='bbox 374 4214 444 4269; x_wconf 90' lang='lat' dir='ltr'>ad</span> <span class='ocrx_word' id='word_1_415' title='bbox 478 4228 571 4268; x_wconf 89' lang='lat' dir='ltr'>res</span> <span class='ocrx_word' id='word_1_416' title='bbox 602 4212 888 4284; x_wconf 87' lang='lat' dir='ltr'>gerendas</span> <span class='ocrx_word' id='word_1_417' title='bbox 919 4211 1127 4267; x_wconf 65' lang='lat' dir='ltr'>aemula</span> <span class='ocrx_word' id='word_1_418' title='bbox 1158 4211 1515 4275; x_wconf 81' lang='lat' dir='ltr'>auxiliatrix,</span> 
     </span>
    </p>
   </div>
   <div class='ocr_carea' id='block_1_84' title="bbox 1785 4202 3395 4284">
    <p class='ocr_par' dir='ltr' id='par_1_84' title="bbox 2316 4202 3395 4283">
     <span class='ocr_line' id='line_1_84' title="bbox 2316 4202 3395 4283; baseline 0.006 -26"><span class='ocrx_word' id='word_1_419' title='bbox 2316 4204 2528 4273; x_wconf 86' lang='grc' dir='ltr'>Βοηθὸς</span> <span class='ocrx_word' id='word_1_420' title='bbox 2561 4202 2903 4276; x_wconf 80' lang='grc' dir='ltr'>ἀνθάμιλλος</span> <span class='ocrx_word' id='word_1_421' title='bbox 2937 4206 3011 4268; x_wconf 78' lang='grc' dir='ltr'>εἰς</span> <span class='ocrx_word' id='word_1_422' title='bbox 3043 4208 3108 4261; x_wconf 74' lang='grc' dir='ltr'>τὰ</span> <span class='ocrx_word' id='word_1_423' title='bbox 3139 4208 3395 4283; x_wconf 75' lang='grc' dir='ltr'>πρακτέα,</span> 
     </span>
    </p>
   </div>
   <div class='ocr_carea' id='block_1_85' title="bbox 371 4288 1981 4374">
    <p class='ocr_par' dir='ltr' id='par_1_85' title="bbox 371 4299 1484 4369">
     <span class='ocr_line' id='line_1_85' title="bbox 371 4299 1484 4369; baseline -0.002 -14"><span class='ocrx_word' id='word_1_424' title='bbox 371 4300 557 4355; x_wconf 91' lang='lat' dir='ltr'>virilis</span> <span class='ocrx_word' id='word_1_425' title='bbox 590 4300 802 4356; x_wconf 90' lang='lat' dir='ltr'>mulier</span> <span class='ocrx_word' id='word_1_426' title='bbox 826 4300 1031 4355; x_wconf 89' lang='lat' dir='ltr'>animi.</span> <span class='ocrx_word' id='word_1_427' title='bbox 1068 4299 1164 4354; x_wconf 90' lang='lat' dir='ltr'>Dei</span> <span class='ocrx_word' id='word_1_428' title='bbox 1194 4316 1484 4369; x_wconf 86' lang='lat' dir='ltr'>reverens,</span> 
     </span>
    </p>
   </div>
   <div class='ocr_carea' id='block_1_86' title="bbox 1776 4288 3386 4374">
    <p class='ocr_par' dir='ltr' id='par_1_86' title="bbox 2134 4288 3386 4374">
     <span class='ocr_line' id='line_1_86' title="bbox 2134 4288 3386 4374; baseline 0.006 -30"><span class='ocrx_word' id='word_1_429' title='bbox 2134 4293 2277 4348; x_wconf 85' lang='lat'><strong>7895</strong></span> <span class='ocrx_word' id='word_1_430' title='bbox 2316 4288 2561 4366; x_wconf 82' lang='grc' dir='ltr'>Ἀνδρεία</span> <span class='ocrx_word' id='word_1_431' title='bbox 2593 4292 2731 4367; x_wconf 83' lang='grc' dir='ltr'>γυνὴ</span> <span class='ocrx_word' id='word_1_432' title='bbox 2765 4293 2855 4348; x_wconf 78' lang='grc' dir='ltr'>καὶ</span> <span class='ocrx_word' id='word_1_433' title='bbox 2888 4295 3015 4349; x_wconf 87' lang='grc' dir='ltr'>Θεὸν</span> <span class='ocrx_word' id='word_1_434' title='bbox 3045 4288 3386 4374; x_wconf 71' lang='grc' dir='ltr'>φοϐουμένη,</span> 
     </span>
    </p>
   </div>
   <div class='ocr_carea' id='block_1_87' title="bbox 371 4379 1981 4463">
    <p class='ocr_par' dir='ltr' id='par_1_87' title="bbox 371 4387 1575 4463">
     <span class='ocr_line' id='line_1_87' title="bbox 371 4387 1575 4463; baseline -0.002 -18"><span class='ocrx_word' id='word_1_435' title='bbox 371 4390 772 4463; x_wconf 86' lang='lat' dir='ltr'>magnanima,</span> <span class='ocrx_word' id='word_1_436' title='bbox 806 4389 1040 4460; x_wconf 90' lang='lat' dir='ltr'>pudica,</span> <span class='ocrx_word' id='word_1_437' title='bbox 1078 4387 1305 4443; x_wconf 86' lang='lat' dir='ltr'>novella</span> <span class='ocrx_word' id='word_1_438' title='bbox 1334 4389 1575 4457; x_wconf 87' lang='lat' dir='ltr'>Debora,</span> 
     </span>
    </p>
   </div>
   <div class='ocr_carea' id='block_1_88' title="bbox 1823 4379 3433 4463">
    <p class='ocr_par' dir='ltr' id='par_1_88' title="bbox 2315 4379 3433 4461">
     <span class='ocr_line' id='line_1_88' title="bbox 2315 4379 3433 4461; baseline 0.007 -27"><span class='ocrx_word' id='word_1_439' title='bbox 2315 4383 2524 4453; x_wconf 81' lang='grc' dir='ltr'>Σεμνὴ,</span> <span class='ocrx_word' id='word_1_440' title='bbox 2562 4379 2974 4459; x_wconf 79' lang='grc' dir='ltr'>μεγαλόψυχος,</span> <span class='ocrx_word' id='word_1_441' title='bbox 3008 4381 3152 4455; x_wconf 68' lang='grc' dir='ltr'>ἄλλη</span> <span class='ocrx_word' id='word_1_442' title='bbox 3188 4382 3433 4461; x_wconf 75' lang='grc' dir='ltr'>Δεϐώρα,</span> 
     </span>
    </p>
   </div>
   <div class='ocr_carea' id='block_1_89' title="bbox 367 4466 1977 4552">
    <p class='ocr_par' dir='ltr' id='par_1_89' title="bbox 367 4475 1725 4551">
     <span class='ocr_line' id='line_1_89' title="bbox 367 4475 1725 4551; baseline -0.002 -16"><span class='ocrx_word' id='word_1_443' title='bbox 367 4496 533 4551; x_wconf 58' lang='lat' dir='ltr'>aeque</span> <span class='ocrx_word' id='word_1_444' title='bbox 558 4496 690 4534; x_wconf 89' lang='lat' dir='ltr'>cum</span> <span class='ocrx_word' id='word_1_445' title='bbox 722 4480 846 4532; x_wconf 91' lang='lat' dir='ltr'>viro</span> <span class='ocrx_word' id='word_1_446' title='bbox 880 4477 1176 4549; x_wconf 88' lang='lat' dir='ltr'>publicam</span> <span class='ocrx_word' id='word_1_447' title='bbox 1210 4493 1331 4531; x_wconf 88' lang='lat' dir='ltr'>rem</span> <span class='ocrx_word' id='word_1_448' title='bbox 1364 4475 1725 4548; x_wconf 86' lang='lat' dir='ltr'>gubernans;</span> 
     </span>
    </p>
   </div>
   <div class='ocr_carea' id='block_1_90' title="bbox 1882 4466 3492 4552">
    <p class='ocr_par' dir='ltr' id='par_1_90' title="bbox 2313 4466 3492 4552">
     <span class='ocr_line' id='line_1_90' title="bbox 2313 4466 3492 4552; baseline 0.008 -30"><span class='ocrx_word' id='word_1_449' title='bbox 2313 4471 2440 4545; x_wconf 83' lang='grc' dir='ltr'>Οὐχ</span> <span class='ocrx_word' id='word_1_450' title='bbox 2468 4472 2634 4539; x_wconf 73' lang='grc' dir='ltr'>ἧττον</span> <span class='ocrx_word' id='word_1_451' title='bbox 2665 4466 2858 4546; x_wconf 82' lang='grc' dir='ltr'>ἀνδρὸς</span> <span class='ocrx_word' id='word_1_452' title='bbox 2891 4470 3151 4529; x_wconf 63' lang='grc' dir='ltr'>διέπουσα</span> <span class='ocrx_word' id='word_1_453' title='bbox 3178 4476 3241 4529; x_wconf 85' lang='grc' dir='ltr'>τὸ</span> <span class='ocrx_word' id='word_1_454' title='bbox 3272 4476 3492 4552; x_wconf 76' lang='grc' dir='ltr'>κράτος,</span> 
     </span>
    </p>
   </div>
   <div class='ocr_carea' id='block_1_91' title="bbox 369 4558 1979 4677">
    <p class='ocr_par' dir='ltr' id='par_1_91' title="bbox 369 4565 1667 4641">
     <span class='ocr_line' id='line_1_91' title="bbox 369 4565 1667 4641; baseline -0.001 -18"><span class='ocrx_word' id='word_1_455' title='bbox 369 4586 692 4641; x_wconf 88' lang='lat' dir='ltr'>gravesque</span> <span class='ocrx_word' id='word_1_456' title='bbox 724 4583 923 4622; x_wconf 88' lang='lat' dir='ltr'>secum</span> <span class='ocrx_word' id='word_1_457' title='bbox 956 4565 1118 4635; x_wconf 83' lang='lat' dir='ltr'>regni</span> <span class='ocrx_word' id='word_1_458' title='bbox 1150 4582 1324 4621; x_wconf 90' lang='lat' dir='ltr'>curas</span> <span class='ocrx_word' id='word_1_459' title='bbox 1355 4565 1619 4621; x_wconf 89' lang='lat' dir='ltr'>dividens</span> <span class='ocrx_word' id='word_1_460' title='bbox 1655 4584 1667 4622; x_wconf 91' lang='lat'>:</span> 
     </span>
    </p>
   </div>
   <div class='ocr_carea' id='block_1_92' title="bbox 1781 4558 3391 4677">
    <p class='ocr_par' dir='ltr' id='par_1_92' title="bbox 2050 4558 3391 4677">
     <span class='ocr_line' id='line_1_92' title="bbox 2050 4558 3391 4677; baseline 0.006 -64"><span class='ocrx_word' id='word_1_461' title='bbox 2050 4610 2097 4677; x_wconf 83' lang='lat' dir='ltr'><strong>D</strong></span> <span class='ocrx_word' id='word_1_462' title='bbox 2310 4558 2413 4615; x_wconf 85' lang='grc' dir='ltr'>Καὶ</span> <span class='ocrx_word' id='word_1_463' title='bbox 2446 4558 2874 4636; x_wconf 70' lang='grc' dir='ltr'>συνδιαφέρουσα</span> <span class='ocrx_word' id='word_1_464' title='bbox 2903 4562 3042 4635; x_wconf 76' lang='grc' dir='ltr'>τῷδε</span> <span class='ocrx_word' id='word_1_465' title='bbox 3082 4562 3391 4641; x_wconf 83' lang='grc' dir='ltr'>φροντίδας,</span> 
     </span>
     <span class='ocr_line' id='line_1_93' title="bbox 2311 4646 3265 4677; baseline 0 0"><span class='ocrx_word' id='word_1_466' title='bbox 2311 4646 2670 4677; x_wconf 62' lang='grc' dir='ltr'>ιτ....-..Ἱ..Ε-1-</span> <span class='ocrx_word' id='word_1_467' title='bbox 2701 4672 2755 4677; x_wconf 63' lang='grc'>--</span> <span class='ocrx_word' id='word_1_468' title='bbox 2789 4653 2988 4677; x_wconf 34' lang='grc' dir='ltr'>---ινα</span> <span class='ocrx_word' id='word_1_469' title='bbox 3046 4654 3091 4677; x_wconf 58' lang='grc' dir='ltr'>»ρ</span> <span class='ocrx_word' id='word_1_470' title='bbox 3206 4676 3209 4677; x_wconf 67' lang='lat'>,</span> <span class='ocrx_word' id='word_1_471' title='bbox 3253 4657 3265 4676; x_wconf 74' lang='grc' dir='ltr'>ν</span> 
     </span>
    </p>
   </div>
   <div class='ocr_carea' id='block_1_93' title="bbox 369 4646 1979 4737">
    <p class='ocr_par' dir='ltr' id='par_1_93' title="bbox 369 4663 1646 4737">
     <span class='ocr_line' id='line_1_94' title="bbox 369 4663 1646 4737; baseline -0.005 -14"><span class='ocrx_word' id='word_1_472' title='bbox 369 4668 590 4723; x_wconf 86' lang='lat' dir='ltr'>femina</span> <span class='ocrx_word' id='word_1_473' title='bbox 620 4663 1013 4737; x_wconf 88' lang='lat' dir='ltr'>pientissima,</span> <span class='ocrx_word' id='word_1_474' title='bbox 1047 4668 1273 4718; x_wconf 87' lang='lat' dir='ltr'>morata</span> <span class='ocrx_word' id='word_1_475' title='bbox 1303 4663 1646 4732; x_wconf 82' lang='lat' dir='ltr'>admodum,</span> 
     </span>
    </p>
   </div>
   <div class='ocr_carea' id='block_1_94' title="bbox 1767 4646 3377 4737">
    <p class='ocr_par' dir='ltr' id='par_1_94' title="bbox 2050 4646 3377 4734">
     <span class='ocr_line' id='line_1_95' title="bbox 2050 4646 3377 4734; baseline 0.005 -30"><span class='ocrx_word' id='word_1_476' title='bbox 2050 4646 2097 4677; x_wconf 74' lang='grc' dir='ltr'><em>υ</em></span> <span class='ocrx_word' id='word_1_477' title='bbox 2306 4646 2670 4721; x_wconf 72' lang='grc' dir='ltr'>Πανευλαϐής</span> <span class='ocrx_word' id='word_1_478' title='bbox 2700 4672 2757 4705; x_wconf 88' lang='grc' dir='ltr'>τε</span> <span class='ocrx_word' id='word_1_479' title='bbox 2788 4653 3011 4726; x_wconf 84' lang='grc' dir='ltr'>κοσμία,</span> <span class='ocrx_word' id='word_1_480' title='bbox 3045 4654 3165 4727; x_wconf 71' lang='grc' dir='ltr'>ξένη</span> <span class='ocrx_word' id='word_1_481' title='bbox 3200 4657 3377 4734; x_wconf 72' lang='grc' dir='ltr'>φύσις,</span> 
     </span>
    </p>
   </div>
   <div class='ocr_carea' id='block_1_95' title="bbox 369 4746 1979 4832">
    <p class='ocr_par' dir='ltr' id='par_1_95' title="bbox 369 4752 1685 4827">
     <span class='ocr_line' id='line_1_96' title="bbox 369 4752 1685 4827; baseline -0.005 -15"><span class='ocrx_word' id='word_1_482' title='bbox 369 4761 546 4827; x_wconf 89' lang='lat' dir='ltr'>atque</span> <span class='ocrx_word' id='word_1_483' title='bbox 576 4752 885 4808; x_wconf 84' lang='lat' dir='ltr'>Amalthea</span> <span class='ocrx_word' id='word_1_484' title='bbox 914 4768 1134 4823; x_wconf 86' lang='lat' dir='ltr'>verum,</span> <span class='ocrx_word' id='word_1_485' title='bbox 1170 4756 1234 4807; x_wconf 90' lang='lat' dir='ltr'>ut</span> <span class='ocrx_word' id='word_1_486' title='bbox 1262 4753 1451 4820; x_wconf 88' lang='lat' dir='ltr'>aiunt,</span> <span class='ocrx_word' id='word_1_487' title='bbox 1485 4768 1685 4808; x_wconf 88' lang='lat' dir='ltr'>cornu.</span> 
     </span>
    </p>
   </div>
   <div class='ocr_carea' id='block_1_96' title="bbox 1889 4746 3499 4832">
    <p class='ocr_par' dir='ltr' id='par_1_96' title="bbox 2125 4746 3499 4832">
     <span class='ocr_line' id='line_1_97' title="bbox 2125 4746 3499 4832; baseline 0.006 -30"><span class='ocrx_word' id='word_1_488' title='bbox 2125 4751 2270 4805; x_wconf 82' lang='lat'><strong>7900</strong></span> <span class='ocrx_word' id='word_1_489' title='bbox 2309 4746 2485 4822; x_wconf 81' lang='grc' dir='ltr'>Κέρας</span> <span class='ocrx_word' id='word_1_490' title='bbox 2512 4747 2843 4823; x_wconf 85' lang='grc' dir='ltr'>Ἀμαλθείας</span> <span class='ocrx_word' id='word_1_491' title='bbox 2871 4774 2928 4808; x_wconf 89' lang='grc' dir='ltr'>τε</span> <span class='ocrx_word' id='word_1_492' title='bbox 2961 4758 3165 4832; x_wconf 81' lang='grc' dir='ltr'>σαφῶς,</span> <span class='ocrx_word' id='word_1_493' title='bbox 3209 4755 3288 4817; x_wconf 84' lang='grc' dir='ltr'>ὡς</span> <span class='ocrx_word' id='word_1_494' title='bbox 3318 4754 3499 4830; x_wconf 88' lang='grc' dir='ltr'>λόγος,</span> 
     </span>
    </p>
   </div>
   <div class='ocr_carea' id='block_1_97' title="bbox 367 4835 1977 4921">
    <p class='ocr_par' dir='ltr' id='par_1_97' title="bbox 367 4840 1577 4914">
     <span class='ocr_line' id='line_1_98' title="bbox 367 4840 1577 4914; baseline -0.002 -14"><span class='ocrx_word' id='word_1_495' title='bbox 367 4846 555 4914; x_wconf 88' lang='lat' dir='ltr'>Hujus</span> <span class='ocrx_word' id='word_1_496' title='bbox 587 4858 736 4913; x_wconf 90' lang='lat' dir='ltr'>opus</span> <span class='ocrx_word' id='word_1_497' title='bbox 768 4841 987 4895; x_wconf 89' lang='lat' dir='ltr'>mirum</span> <span class='ocrx_word' id='word_1_498' title='bbox 1023 4844 1079 4896; x_wconf 82' lang='lat' dir='ltr'>et</span> <span class='ocrx_word' id='word_1_499' title='bbox 1109 4840 1577 4912; x_wconf 85' lang='lat' dir='ltr'>pulcherrimum</span> 
     </span>
    </p>
   </div>
   <div class='ocr_carea' id='block_1_98' title="bbox 1920 4835 3530 4921">
    <p class='ocr_par' dir='ltr' id='par_1_98' title="bbox 2308 4835 3530 4921">
     <span class='ocr_line' id='line_1_99' title="bbox 2308 4835 3530 4921; baseline 0.002 -26"><span class='ocrx_word' id='word_1_500' title='bbox 2308 4840 2408 4901; x_wconf 87' lang='grc' dir='ltr'>Ἧς</span> <span class='ocrx_word' id='word_1_501' title='bbox 2441 4835 2601 4915; x_wconf 77' lang='grc' dir='ltr'>ἔργον</span> <span class='ocrx_word' id='word_1_502' title='bbox 2635 4840 2924 4916; x_wconf 69' lang='grc' dir='ltr'>ἀμήχανον</span> <span class='ocrx_word' id='word_1_503' title='bbox 2961 4841 3036 4905; x_wconf 83' lang='grc' dir='ltr'>είς</span> <span class='ocrx_word' id='word_1_504' title='bbox 3064 4842 3307 4908; x_wconf 79' lang='grc' dir='ltr'>κάλλους</span> <span class='ocrx_word' id='word_1_505' title='bbox 3341 4845 3530 4921; x_wconf 75' lang='grc' dir='ltr'>Λόγον,</span> 
     </span>
    </p>
   </div>
   <div class='ocr_carea' id='block_1_99' title="bbox 365 4927 1975 5007">
    <p class='ocr_par' dir='ltr' id='par_1_99' title="bbox 365 4930 1491 4987">
     <span class='ocr_line' id='line_1_100' title="bbox 365 4930 1491 4987; baseline 0.001 -2"><span class='ocrx_word' id='word_1_506' title='bbox 365 4936 487 4986; x_wconf 90' lang='lat' dir='ltr'>arte</span> <span class='ocrx_word' id='word_1_507' title='bbox 518 4930 696 4986; x_wconf 89' lang='lat' dir='ltr'>simul</span> <span class='ocrx_word' id='word_1_508' title='bbox 731 4934 788 4985; x_wconf 91' lang='lat' dir='ltr'>et</span> <span class='ocrx_word' id='word_1_509' title='bbox 820 4947 1183 4986; x_wconf 88' lang='lat' dir='ltr'>marmorum</span> <span class='ocrx_word' id='word_1_510' title='bbox 1216 4931 1491 4987; x_wconf 83' lang='lat' dir='ltr'>varietate</span> 
     </span>
    </p>
   </div>
   <div class='ocr_carea' id='block_1_100' title="bbox 1772 4927 3382 5007">
    <p class='ocr_par' dir='ltr' id='par_1_100' title="bbox 2304 4927 3382 5007">
     <span class='ocr_line' id='line_1_101' title="bbox 2304 4927 3382 5007; baseline 0.005 -22"><span class='ocrx_word' id='word_1_511' title='bbox 2304 4927 2607 5002; x_wconf 83' lang='grc' dir='ltr'>Εὖτεχνίας</span> <span class='ocrx_word' id='word_1_512' title='bbox 2638 4950 2697 4982; x_wconf 91' lang='grc' dir='ltr'>τε</span> <span class='ocrx_word' id='word_1_513' title='bbox 2733 4930 3041 5007; x_wconf 86' lang='grc' dir='ltr'>μαρμάρων</span> <span class='ocrx_word' id='word_1_514' title='bbox 3072 4934 3382 5007; x_wconf 85' lang='grc' dir='ltr'>ποικιλίας,</span> 
     </span>
    </p>
   </div>
   <div class='ocr_carea' id='block_1_101' title="bbox 364 5014 1974 5099">
    <p class='ocr_par' dir='ltr' id='par_1_101' title="bbox 364 5018 1628 5091">
     <span class='ocr_line' id='line_1_102' title="bbox 364 5018 1628 5091; baseline -0.001 -15"><span class='ocrx_word' id='word_1_515' title='bbox 364 5021 597 5076; x_wconf 68' lang='grc' dir='ltr'>Ρτυεωο</span> <span class='ocrx_word' id='word_1_516' title='bbox 625 5018 686 5075; x_wconf 90' lang='lat' dir='ltr'>in</span> <span class='ocrx_word' id='word_1_517' title='bbox 718 5021 862 5076; x_wconf 90' lang='lat' dir='ltr'>urbe</span> <span class='ocrx_word' id='word_1_518' title='bbox 891 5020 1278 5076; x_wconf 66' lang='lat' dir='ltr'>Praecursoris</span> <span class='ocrx_word' id='word_1_519' title='bbox 1310 5020 1628 5091; x_wconf 84' lang='lat' dir='ltr'>templum;</span> 
     </span>
    </p>
   </div>
   <div class='ocr_carea' id='block_1_102' title="bbox 2002 5014 3612 5099">
    <p class='ocr_par' dir='ltr' id='par_1_102' title="bbox 2302 5014 3612 5099">
     <span class='ocr_line' id='line_1_103' title="bbox 2302 5014 3612 5099; baseline 0.008 -29"><span class='ocrx_word' id='word_1_520' title='bbox 2302 5019 2363 5074; x_wconf 91' lang='grc' dir='ltr'>Ὁ</span> <span class='ocrx_word' id='word_1_521' title='bbox 2395 5014 2725 5092; x_wconf 81' lang='grc' dir='ltr'>Προδρόμου</span> <span class='ocrx_word' id='word_1_522' title='bbox 2758 5015 3052 5083; x_wconf 79' lang='grc' dir='ltr'>κάλλιστος</span> <span class='ocrx_word' id='word_1_523' title='bbox 3083 5021 3134 5076; x_wconf 83' lang='grc' dir='ltr'>ἐν</span> <span class='ocrx_word' id='word_1_524' title='bbox 3168 5023 3387 5098; x_wconf 75' lang='grc' dir='ltr'>Προύσῃ</span> <span class='ocrx_word' id='word_1_525' title='bbox 3418 5020 3612 5099; x_wconf 79' lang='grc' dir='ltr'>δόμος,</span> 
     </span>
    </p>
   </div>
   <div class='ocr_carea' id='block_1_103' title="bbox 361 5104 1971 5185">
    <p class='ocr_par' dir='ltr' id='par_1_103' title="bbox 361 5109 1642 5180">
     <span class='ocr_line' id='line_1_104' title="bbox 361 5109 1642 5180; baseline 0.002 -17"><span class='ocrx_word' id='word_1_526' title='bbox 361 5109 516 5180; x_wconf 91' lang='lat' dir='ltr'>quod</span> <span class='ocrx_word' id='word_1_527' title='bbox 552 5109 953 5165; x_wconf 84' lang='lat' dir='ltr'>sanctuarium</span> <span class='ocrx_word' id='word_1_528' title='bbox 987 5110 1232 5166; x_wconf 87' lang='lat' dir='ltr'>tradidit</span> <span class='ocrx_word' id='word_1_529' title='bbox 1262 5109 1642 5166; x_wconf 88' lang='lat' dir='ltr'>incolendum</span> 
     </span>
    </p>
   </div>
   <div class='ocr_carea' id='block_1_104' title="bbox 1746 5104 3356 5185">
    <p class='ocr_par' dir='ltr' id='par_1_104' title="bbox 2300 5104 3356 5185">
     <span class='ocr_line' id='line_1_105' title="bbox 2300 5104 3356 5185; baseline 0.011 -27"><span class='ocrx_word' id='word_1_530' title='bbox 2300 5109 2397 5165; x_wconf 76' lang='lat' dir='ltr'>“Ov</span> <span class='ocrx_word' id='word_1_531' title='bbox 2428 5104 2503 5169; x_wconf 76' lang='grc' dir='ltr'>εἷς</span> <span class='ocrx_word' id='word_1_532' title='bbox 2533 5112 2777 5178; x_wconf 82' lang='grc' dir='ltr'>σεμνεῖον</span> <span class='ocrx_word' id='word_1_533' title='bbox 2810 5106 3130 5185; x_wconf 82' lang='grc' dir='ltr'>καθίδρυσεν</span> <span class='ocrx_word' id='word_1_534' title='bbox 3162 5110 3356 5177; x_wconf 77' lang='grc' dir='ltr'>ἐνθέως</span> 
     </span>
    </p>
   </div>
   <div class='ocr_carea' id='block_1_105' title="bbox 360 5194 1970 5278">
    <p class='ocr_par' dir='ltr' id='par_1_105' title="bbox 360 5198 1715 5273">
     <span class='ocr_line' id='line_1_106' title="bbox 360 5198 1715 5273; baseline -0.001 -20"><span class='ocrx_word' id='word_1_535' title='bbox 360 5216 394 5253; x_wconf 89' lang='lat' dir='ltr'>a</span> <span class='ocrx_word' id='word_1_536' title='bbox 425 5215 487 5254; x_wconf 89' lang='lat' dir='ltr'>se</span> <span class='ocrx_word' id='word_1_537' title='bbox 517 5198 830 5254; x_wconf 82' lang='lat' dir='ltr'>fundatum</span> <span class='ocrx_word' id='word_1_538' title='bbox 867 5200 1171 5256; x_wconf 87' lang='lat' dir='ltr'>monachis</span> <span class='ocrx_word' id='word_1_539' title='bbox 1204 5200 1425 5273; x_wconf 88' lang='lat' dir='ltr'>Deique</span> <span class='ocrx_word' id='word_1_540' title='bbox 1457 5199 1715 5255; x_wconf 81' lang='lat' dir='ltr'>famulis.</span> 
     </span>
    </p>
   </div>
   <div class='ocr_carea' id='block_1_106' title="bbox 1874 5194 3484 5278">
    <p class='ocr_par' dir='ltr' id='par_1_106' title="bbox 2121 5194 3484 5278">
     <span class='ocr_line' id='line_1_107' title="bbox 2121 5194 3484 5278; baseline 0.008 -28"><span class='ocrx_word' id='word_1_541' title='bbox 2121 5199 2266 5254; x_wconf 85' lang='lat'><strong>7905</strong></span> <span class='ocrx_word' id='word_1_542' title='bbox 2303 5194 2672 5272; x_wconf 85' lang='grc' dir='ltr'>Μονοτρόπων</span> <span class='ocrx_word' id='word_1_543' title='bbox 2707 5194 2763 5251; x_wconf 79' lang='grc' dir='ltr'>εὗ</span> <span class='ocrx_word' id='word_1_544' title='bbox 2785 5198 2873 5253; x_wconf 86' lang='grc' dir='ltr'>καὶ</span> <span class='ocrx_word' id='word_1_545' title='bbox 2908 5197 3219 5276; x_wconf 86' lang='grc' dir='ltr'>λατρευτῶν</span> <span class='ocrx_word' id='word_1_546' title='bbox 3250 5204 3484 5278; x_wconf 85' lang='grc' dir='ltr'>Κυρίου.</span> 
     </span>
    </p>
   </div>
   <div class='ocr_carea' id='block_1_107' title="bbox 363 5282 1973 5367">
    <p class='ocr_par' dir='ltr' id='par_1_107' title="bbox 363 5288 1626 5363">
     <span class='ocr_line' id='line_1_108' title="bbox 363 5288 1626 5363; baseline 0.002 -20"><span class='ocrx_word' id='word_1_547' title='bbox 363 5289 479 5359; x_wconf 90' lang='lat' dir='ltr'>Ipsi</span> <span class='ocrx_word' id='word_1_548' title='bbox 512 5288 826 5360; x_wconf 90' lang='lat' dir='ltr'>placebant</span> <span class='ocrx_word' id='word_1_549' title='bbox 856 5290 1013 5345; x_wconf 86' lang='lat' dir='ltr'>docti</span> <span class='ocrx_word' id='word_1_550' title='bbox 1042 5289 1308 5363; x_wconf 87' lang='lat' dir='ltr'>apprime</span> <span class='ocrx_word' id='word_1_551' title='bbox 1335 5289 1626 5360; x_wconf 79' lang='lat' dir='ltr'>homines,</span> 
     </span>
    </p>
   </div>
   <div class='ocr_carea' id='block_1_108' title="bbox 1762 5282 3372 5367">
    <p class='ocr_par' dir='ltr' id='par_1_108' title="bbox 2299 5282 3372 5367">
     <span class='ocr_line' id='line_1_109' title="bbox 2299 5282 3372 5367; baseline 0.01 -29"><span class='ocrx_word' id='word_1_552' title='bbox 2299 5285 2446 5355; x_wconf 81' lang='grc' dir='ltr'>Αὕτη</span> <span class='ocrx_word' id='word_1_553' title='bbox 2482 5282 2663 5360; x_wconf 85' lang='grc' dir='ltr'>λόγων</span> <span class='ocrx_word' id='word_1_554' title='bbox 2697 5284 2915 5365; x_wconf 72' lang='grc' dir='ltr'>ἔστεργε</span> <span class='ocrx_word' id='word_1_555' title='bbox 2945 5291 3179 5367; x_wconf 72' lang='grc' dir='ltr'>πατέρας</span> <span class='ocrx_word' id='word_1_556' title='bbox 3206 5290 3372 5365; x_wconf 75' lang='grc' dir='ltr'>μάλα,</span> 
     </span>
    </p>
   </div>
   <div class='ocr_carea' id='block_1_109' title="bbox 362 5372 1972 5451">
    <p class='ocr_par' dir='ltr' id='par_1_109' title="bbox 362 5378 1511 5451">
     <span class='ocr_line' id='line_1_110' title="bbox 362 5378 1511 5451; baseline 0.003 -19"><span class='ocrx_word' id='word_1_557' title='bbox 362 5378 636 5433; x_wconf 85' lang='lat' dir='ltr'>monachi</span> <span class='ocrx_word' id='word_1_558' title='bbox 669 5396 902 5451; x_wconf 87' lang='lat' dir='ltr'>quoque</span> <span class='ocrx_word' id='word_1_559' title='bbox 933 5384 990 5433; x_wconf 89' lang='lat' dir='ltr'>et</span> <span class='ocrx_word' id='word_1_560' title='bbox 1020 5380 1115 5434; x_wconf 87' lang='lat' dir='ltr'>Dei</span> <span class='ocrx_word' id='word_1_561' title='bbox 1152 5380 1511 5451; x_wconf 76' lang='lat' dir='ltr'>sacerdotes,</span> 
     </span>
    </p>
   </div>
   <div class='ocr_carea' id='block_1_110' title="bbox 1833 5372 3443 5451">
    <p class='ocr_par' dir='ltr' id='par_1_110' title="bbox 2301 5372 3443 5451">
     <span class='ocr_line' id='line_1_111' title="bbox 2301 5372 3443 5451; baseline 0.008 -23"><span class='ocrx_word' id='word_1_562' title='bbox 2301 5372 2692 5450; x_wconf 88' lang='grc' dir='ltr'>Μονοτρόπους</span> <span class='ocrx_word' id='word_1_563' title='bbox 2724 5376 2788 5431; x_wconf 80' lang='grc' dir='ltr'>αὗ</span> <span class='ocrx_word' id='word_1_564' title='bbox 2818 5379 2905 5432; x_wconf 81' lang='grc' dir='ltr'>καὶ</span> <span class='ocrx_word' id='word_1_565' title='bbox 2942 5384 3075 5433; x_wconf 73' lang='grc' dir='ltr'>Θεοῦ</span> <span class='ocrx_word' id='word_1_566' title='bbox 3108 5381 3443 5451; x_wconf 74' lang='grc' dir='ltr'>θυηπόλους,</span> 
     </span>
    </p>
   </div>
   <div class='ocr_carea' id='block_1_111' title="bbox 357 5462 1967 5545">
    <p class='ocr_par' dir='ltr' id='par_1_111' title="bbox 357 5467 1491 5539">
     <span class='ocr_line' id='line_1_112' title="bbox 357 5467 1491 5539; baseline 0 -16"><span class='ocrx_word' id='word_1_567' title='bbox 357 5474 414 5523; x_wconf 89' lang='lat' dir='ltr'>et</span> <span class='ocrx_word' id='word_1_568' title='bbox 446 5467 789 5524; x_wconf 78' lang='lat' dir='ltr'>sublevabat</span> <span class='ocrx_word' id='word_1_569' title='bbox 820 5468 1031 5539; x_wconf 86' lang='lat' dir='ltr'>opibus</span> <span class='ocrx_word' id='word_1_570' title='bbox 1069 5468 1225 5524; x_wconf 83' lang='lat' dir='ltr'>laute</span> <span class='ocrx_word' id='word_1_571' title='bbox 1256 5484 1491 5539; x_wconf 87' lang='lat' dir='ltr'>egenos.</span> 
     </span>
    </p>
   </div>
   <div class='ocr_carea' id='block_1_112' title="bbox 1824 5462 3434 5545">
    <p class='ocr_par' dir='ltr' id='par_1_112' title="bbox 2301 5462 3434 5545">
     <span class='ocr_line' id='line_1_113' title="bbox 2301 5462 3434 5545; baseline 0.005 -26"><span class='ocrx_word' id='word_1_572' title='bbox 2301 5466 2404 5520; x_wconf 77' lang='grc' dir='ltr'>Καὶ</span> <span class='ocrx_word' id='word_1_573' title='bbox 2436 5462 2546 5517; x_wconf 77' lang='grc' dir='ltr'>τῶν</span> <span class='ocrx_word' id='word_1_574' title='bbox 2576 5467 2829 5537; x_wconf 81' lang='grc' dir='ltr'>πενήτων</span> <span class='ocrx_word' id='word_1_575' title='bbox 2860 5469 2926 5537; x_wconf 77' lang='grc' dir='ltr'>ἦν</span> <span class='ocrx_word' id='word_1_576' title='bbox 2957 5485 3063 5545; x_wconf 87' lang='grc' dir='ltr'>χορ</span> <span class='ocrx_word' id='word_1_577' title='bbox 3077 5468 3256 5545; x_wconf 74' lang='grc' dir='ltr'>ηγέτις</span> <span class='ocrx_word' id='word_1_578' title='bbox 3288 5472 3434 5542; x_wconf 75' lang='grc' dir='ltr'>ξένη.</span> 
     </span>
    </p>
   </div>
   <div class='ocr_carea' id='block_1_113' title="bbox 356 5551 1966 5638">
    <p class='ocr_par' dir='ltr' id='par_1_113' title="bbox 356 5557 1477 5628">
     <span class='ocr_line' id='line_1_114' title="bbox 356 5557 1477 5628; baseline 0.002 -18"><span class='ocrx_word' id='word_1_579' title='bbox 356 5560 428 5611; x_wconf 91' lang='lat' dir='ltr'>At</span> <span class='ocrx_word' id='word_1_580' title='bbox 457 5574 593 5612; x_wconf 89' lang='lat' dir='ltr'>vero</span> <span class='ocrx_word' id='word_1_581' title='bbox 626 5560 815 5613; x_wconf 69' lang='lat' dir='ltr'>Caesar</span> <span class='ocrx_word' id='word_1_582' title='bbox 841 5574 994 5628; x_wconf 70' lang='lat' dir='ltr'>aegro</span> <span class='ocrx_word' id='word_1_583' title='bbox 1029 5557 1248 5612; x_wconf 80' lang='lat' dir='ltr'>ferebat</span> <span class='ocrx_word' id='word_1_584' title='bbox 1279 5557 1477 5612; x_wconf 88' lang='lat' dir='ltr'>animo</span> 
     </span>
    </p>
   </div>
   <div class='ocr_carea' id='block_1_114' title="bbox 1954 5551 3564 5638">
    <p class='ocr_par' dir='ltr' id='par_1_114' title="bbox 2302 5551 3564 5638">
     <span class='ocr_line' id='line_1_115' title="bbox 2302 5551 3564 5638; baseline 0.007 -31"><span class='ocrx_word' id='word_1_585' title='bbox 2302 5558 2393 5625; x_wconf 81' lang='grc' dir='ltr'>Τῷ</span> <span class='ocrx_word' id='word_1_586' title='bbox 2421 5551 2466 5606; x_wconf 82' lang='grc' dir='ltr'>δ’</span> <span class='ocrx_word' id='word_1_587' title='bbox 2496 5552 2594 5608; x_wconf 77' lang='grc' dir='ltr'>οὐκ</span> <span class='ocrx_word' id='word_1_588' title='bbox 2626 5554 2840 5610; x_wconf 86' lang='grc' dir='ltr'>ἀνεκτὸν</span> <span class='ocrx_word' id='word_1_589' title='bbox 2873 5558 2947 5625; x_wconf 75' lang='grc' dir='ltr'>ἦν’</span> <span class='ocrx_word' id='word_1_590' title='bbox 2976 5554 3196 5630; x_wconf 75' lang='grc' dir='ltr'>βλέπειν</span> <span class='ocrx_word' id='word_1_591' title='bbox 3233 5561 3564 5638; x_wconf 76' lang='grc' dir='ltr'>στειρηφόρῳ</span> 
     </span>
    </p>
   </div>
   <div class='ocr_carea' id='block_1_115' title="bbox 364 5641 1974 5725">
    <p class='ocr_par' dir='ltr' id='par_1_115' title="bbox 364 5645 1573 5713">
     <span class='ocr_line' id='line_1_116' title="bbox 364 5645 1573 5713; baseline 0 -12"><span class='ocrx_word' id='word_1_592' title='bbox 364 5648 653 5701; x_wconf 78' lang='lat' dir='ltr'>Romanos</span> <span class='ocrx_word' id='word_1_593' title='bbox 688 5645 844 5701; x_wconf 88' lang='lat' dir='ltr'>brevi</span> <span class='ocrx_word' id='word_1_594' title='bbox 879 5647 1033 5701; x_wconf 88' lang='lat' dir='ltr'>linea</span> <span class='ocrx_word' id='word_1_595' title='bbox 1064 5646 1369 5701; x_wconf 90' lang='lat' dir='ltr'>conclusos</span> <span class='ocrx_word' id='word_1_596' title='bbox 1404 5645 1573 5713; x_wconf 77' lang='lat' dir='ltr'>lines,</span> 
     </span>
    </p>
   </div>
   <div class='ocr_carea' id='block_1_116' title="bbox 1934 5641 3544 5725">
    <p class='ocr_par' dir='ltr' id='par_1_116' title="bbox 2123 5641 3544 5725">
     <span class='ocr_line' id='line_1_117' title="bbox 2123 5641 3544 5725; baseline 0.005 -26"><span class='ocrx_word' id='word_1_597' title='bbox 2123 5645 2265 5701; x_wconf 82' lang='grc'>7910</span> <span class='ocrx_word' id='word_1_598' title='bbox 2304 5641 2451 5704; x_wconf 77' lang='grc' dir='ltr'>Τοὺς</span> <span class='ocrx_word' id='word_1_599' title='bbox 2480 5642 2825 5717; x_wconf 58' lang='grc' dir='ltr'>Ῥωμαϊκῶς</span> <span class='ocrx_word' id='word_1_600' title='bbox 2861 5644 3329 5722; x_wconf 80' lang='grc' dir='ltr'>εὖπεριγράπτους</span> <span class='ocrx_word' id='word_1_601' title='bbox 3360 5651 3544 5725; x_wconf 73' lang='grc' dir='ltr'>ὅρους,</span> 
     </span>
    </p>
   </div>
   <div class='ocr_carea' id='block_1_117' title="bbox 362 5729 1972 5816">
    <p class='ocr_par' dir='ltr' id='par_1_117' title="bbox 362 5734 1348 5806">
     <span class='ocr_line' id='line_1_118' title="bbox 362 5734 1348 5806; baseline -0.001 -17"><span class='ocrx_word' id='word_1_602' title='bbox 362 5739 536 5805; x_wconf 87' lang='lat' dir='ltr'>atque</span> <span class='ocrx_word' id='word_1_603' title='bbox 570 5736 823 5791; x_wconf 87' lang='lat' dir='ltr'>universi</span> <span class='ocrx_word' id='word_1_604' title='bbox 858 5734 1082 5791; x_wconf 88' lang='lat' dir='ltr'>vineam</span> <span class='ocrx_word' id='word_1_605' title='bbox 1118 5735 1348 5806; x_wconf 89' lang='lat' dir='ltr'>imperii</span> 
     </span>
    </p>
   </div>
   <div class='ocr_carea' id='block_1_118' title="bbox 1824 5729 3434 5816">
    <p class='ocr_par' dir='ltr' id='par_1_118' title="bbox 2299 5729 3434 5816">
     <span class='ocr_line' id='line_1_119' title="bbox 2299 5729 3434 5816; baseline 0.009 -32"><span class='ocrx_word' id='word_1_606' title='bbox 2299 5734 2403 5800; x_wconf 74' lang='grc' dir='ltr'>Τὴν</span> <span class='ocrx_word' id='word_1_607' title='bbox 2436 5729 2683 5804; x_wconf 72' lang='grc' dir='ltr'>ἄμπελόν</span> <span class='ocrx_word' id='word_1_608' title='bbox 2713 5750 2774 5788; x_wconf 72' lang='grc' dir='ltr'>τι</span> <span class='ocrx_word' id='word_1_609' title='bbox 2799 5739 2900 5803; x_wconf 81' lang='grc' dir='ltr'>τῆς</span> <span class='ocrx_word' id='word_1_610' title='bbox 2928 5731 3066 5806; x_wconf 73' lang='grc' dir='ltr'>ὅλης</span> <span class='ocrx_word' id='word_1_611' title='bbox 3097 5738 3434 5816; x_wconf 84' lang='grc' dir='ltr'>κραταρχίας</span> 
     </span>
    </p>
   </div>
  </div>
