4076 6404
348 377 457 432 295
1564 373 1936 424 ΕΡΗΒΕΜΠ
1973 371 2031 424 Cl

2145 369 2548 425 )NOGBAPHI
3658 367 3768 422 296

352 519 531 575 quam
564 503 635 557 de
668 500 869 557 Latino
896 497 1100 554 retulit
1123 496 1399 564 exercitu,

352 608 695 663 compressa
723 590 988 646 hostium
1022 588 1254 643 tumida
1285 585 1583 658 superbia,

357 682 534 736 urbes
566 697 702 736 cum
735 678 1046 735 territoriis
1079 675 1405 748 occupavit,

353 770 641 825 Lentiana
665 768 869 825 statim
902 772 1081 838 atque
1111 770 1546 832 Pcnmanenum,

353 858 675 914 Charioron
703 858 914 912 deinde
944 861 1001 911 et
1032 854 1437 911 Vervenicum.

355 948 517 1003 Idem
550 948 862 1020 longarum
898 945 1136 1000 navium
1170 944 1359 998 classe
1391 942 1703 1008 instructo,

355 1036 609 1093 multam
644 1036 863 1091 Latinis
891 1034 1187 1106 praebebat
1215 1031 1548 1087 molestiam

355 1125 517 1197 ipsos
550 1124 894 1196 aggrediens
928 1127 1086 1178 terra
1115 1122 1385 1192 marique
1417 1119 1654 1191 sepius,

358 1216 585 1287 praedas
612 1215 933 1281 abducens,
971 1230 1073 1283 pro
1106 1212 1328 1267 viribus
1361 1216 1642 1277 atterens,

352 1397 529 1453 urbes
560 1395 799 1451 illorum
825 1395 1004 1450 armis
1035 1393 1438 1464 intercipiens,

352 1505 501 1560 quas
533 1487 685 1543 inter
713 1487 1015 1558 Madytum
1046 1489 1103 1539 et
1133 1482 1509 1553 Calliupolin,

352 1593 489 1632 cum
520 1574 917 1646 circumjectis
950 1572 1118 1645 pagis
1149 1589 1215 1627 ac
1244 1571 1579 1626 territoriis.

352 1667 539 1736 Atque
569 1663 629 1719 in
662 1664 757 1719 his
789 1662 960 1719 bellis
992 1663 1134 1717 dum
1165 1666 1431 1716 versatur
1462 1660 1674 1725 Caesar,

355 1752 428 1807 ab
459 1751 793 1806 Andronico
821 1750 1045 1822 patitur
1076 1749 1324 1804 insidias

351 1838 636 1910 patruelis
669 1838 809 1905 filio,
842 1839 1133 1908 Nestongo
1167 1837 1344 1905 dicto,

350 1929 451 1999 qui
486 1929 826 1999 coniuratos
855 1928 1064 1983 habuit
1095 1926 1250 1981 viros
1282 1924 1507 1980 nobiles

345 2018 580 2073 fratrem
608 2017 887 2086 lsacium,
924 2024 1097 2087 atque
1127 2014 1587 2070 Tarchaniotam

343 2107 745 2178 Synadenum,
777 2110 835 2161 et
868 2104 1286 2173 Phlamulium,
1320 2106 1379 2158 et
1411 2102 1739 2157 Macrinum

344 2193 789 2249 haateriarcham
825 2209 1127 2264 magnum,
1163 2191 1431 2263 aliosque
1462 2189 1681 2261 plures.

349 2284 430 2339 Re
462 2284 695 2356 cognita
725 2284 1066 2356 imperator,
1103 2286 1363 2338 cremata
1393 2280 1603 2347 classe,

347 2372 523 2429 celeri
555 2389 727 2428 cursu
760 2389 820 2428 se
854 2372 1072 2444 recepit
1102 2371 1359 2443 chyras
1393 2386 1408 2426 :

348 2461 449 2517 ubi
480 2461 869 2533 quaestionem
904 2461 975 2516 de
1001 2461 1238 2533 negotio
1272 2459 1615 2528 instituens,

349 2550 657 2619 praedictos
688 2550 870 2621 culpae
905 2550 1121 2621 reperit
1153 2550 1386 2605 afﬁnes.

349 2642 538 2705 Quare
570 2640 933 2711 Nestongum
968 2639 1232 2710 primarii
1268 2639 1348 2694 rei
1384 2639 1649 2708 fratrem,

350 2730 800 2801 Macrinumque
833 2728 1035 2796 simul,
1069 2729 1343 2785 multavit
1372 2728 1559 2784 oculis
1594 2745 1607 2783 :

356 2818 505 2874 alios
538 2818 811 2887 inclusit;
845 2819 1251 2874 Andronicum
1286 2818 1502 2890 pariter

352 2907 565 2963 vinclis
597 2908 914 2979 Magnesiae
945 2908 1397 2963 custodiendum
1429 2906 1695 2975 tradidit,

355 2998 513 3052 unde
543 2997 593 3051 is
623 2996 863 3069 elapsus
893 2997 1040 3052 abiit
1069 2997 1140 3051 ad
1173 2998 1413 3052 Turcas.

356 3085 436 3141 Ex
468 3084 567 3140 illo
600 3090 796 3141 autem
824 3090 1087 3157 tempore
1122 3086 1440 3157 imperator

356 3176 603 3231 armatis
634 3192 697 3231 se
726 3175 1075 3231 custodibus
1104 3176 1537 3247 circumsepsit,

354 3265 427 3322 ob
459 3265 722 3337 corporis
753 3264 998 3321 tutelam
1031 3269 1209 3336 atque
1237 3264 1387 3334 vitae,

360 3355 586 3412 omissa
609 3356 734 3426 jam
767 3354 960 3428 priore
990 3354 1268 3411 facilitate

360 3443 651 3515 simplicis
684 3443 865 3499 moris
892 3449 949 3499 et
978 3443 1180 3515 procul
1214 3443 1572 3515 suspicione.

361 3536 555 3604 Atque
585 3533 656 3587 ad
691 3532 801 3589 hoc
832 3532 1011 3589 etiam
1040 3533 1393 3604 adjutricem
1427 3532 1655 3601 habuit,

362 3620 477 3676 tori
511 3625 842 3676 consortem
874 3627 932 3677 et
960 3622 1093 3677 vitae
1121 3622 1480 3692 subsidium,

360 3709 514 3765 virili
549 3710 855 3782 praeditam
890 3710 1101 3783 spiritu
1136 3712 1397 3784 reginam

362 3803 543 3870 atque
575 3798 757 3870 regali
787 3800 859 3855 ad
892 3816 984 3855 res
1015 3802 1301 3873 gerendas
1332 3802 1552 3869 indole,

362 3892 613 3957 Irenem,
647 3905 849 3960 parem
880 3890 1127 3956 nomini,
1161 3895 1455 3947 auctorem
1490 3893 1672 3965 pacis.

356 3976 488 4032 Jam
521 3992 659 4033 cum
692 3977 879 4033 Italici
912 3985 1221 4036 cernerent
1250 3979 1457 4037 inutile

365 4083 398 4123 a
429 4082 491 4122 se
521 4071 866 4138 susceptum
899 4067 1117 4124 bellum
1152 4073 1353 4125 contra
1383 4070 1688 4139 Caesarem,

364 4154 527 4228 pacis
561 4172 697 4211 cum
732 4155 861 4228 ipso
894 4157 1082 4214 fcedus
1116 4158 1470 4232 pepigerunt
1504 4177 1517 4215 :

364 4247 423 4298 et
453 4244 596 4300 urbe
629 4244 865 4316 quidem
901 4246 1069 4319 Pegis
1100 4253 1477 4304 excesserunt

364 4336 539 4404 atque
569 4332 701 4389 aliis
738 4333 973 4406 oppidis
1002 4336 1431 4408 territorisque,

367 4426 655 4493 quotquot
686 4423 758 4479 ad
792 4428 1077 4479 Austrum
1114 4426 1285 4480 nobis
1316 4428 1483 4480 erant
1513 4425 1737 4497 posita:

369 4510 470 4565 sed
505 4510 797 4568 borealem
830 4512 1091 4584 Byzantii
1123 4511 1399 4568 viciniam

374 4600 769 4668 retinuerunt,
801 4617 933 4656 cum
965 4599 1250 4672 Bithyniae
1282 4602 1574 4674 partibus.

369 4688 657 4763 Deinceps
688 4706 820 4744 vero
852 4688 1018 4759 quies
1048 4705 1081 4742 a
1110 4689 1281 4745 bellis
1307 4697 1450 4747 erat.

372 4779 489 4834 lloc
524 4794 721 4834 rerum
754 4780 936 4845 statu,
971 4775 1124 4833 cives
1157 4778 1493 4838 Orestiados

370 4867 612 4923 mittunt
644 4866 716 4922 ad
750 4865 1036 4921 Caesarem
1070 4866 1425 4940 legationem
1455 4872 1806 4944 supplicem,

368 4955 537 5012 valde
568 4959 846 5025 rogantes
880 4960 945 5011 ut
975 4956 1280 5014 submisso
1313 4961 1566 5019 exercitu

367 5044 637 5116 ipsorum
674 5044 879 5100 urbem
912 5047 1073 5117 gravi
1105 5046 1449 5105 Latinorum

373 5137 631 5205 ereptam
656 5133 802 5205 jugo
832 5133 1088 5191 libertati
1122 5137 1411 5195 redderet.

376 5226 433 5281 Is
464 5241 599 5295 ergo
630 5240 765 5280 cum
800 5226 1059 5282 exercitu
1093 5228 1294 5285 statim
1328 5231 1490 5288 misit

378 5317 862 5386 protostratorem
896 5317 1043 5370 Isem
1078 5322 1136 5371 et
1165 5321 1585 5393 Cammytzem,

378 5402 480 5473 qui
514 5404 807 5475 progressi
839 5403 1002 5469 illuc,
1036 5406 1093 5461 in
1126 5409 1331 5464 urbem
1365 5410 1534 5466 facile

378 5492 582 5563 pronis
613 5493 832 5566 excepti
864 5494 1014 5551 votis
1048 5502 1452 5567 penetrarunt.

453 5634 574 5722 (ΞΩ).
603 5638 1169 5722 Acropolita_tribuit
1199 5640 1308 5722 hoc
1340 5657 1660 5722 cognomen
1693 5644 2031 5718 Synadeno;

417 5707 444 5761 t
472 5706 836 5778 Ephrwmius
864 5711 1099 5767 videtur
1129 5712 1313 5768 [sacio
1348 5706 1507 5769 dare.

2037 498 2093 561 Α
2297 495 2410 563 Τήν
2440 499 2547 550 τῶν
2582 492 2806 551 Ἰταλῶν
2840 494 3092 570 στρατιὰν
3124 493 3261 548 κατά
3289 491 3511 567 κράτος,

2294 584 2397 639 Καὶ
2428 581 2671 647 καθελὼν
2704 588 2853 662 σφῶν
2886 585 2975 638 τὸν
3014 581 3404 659 μεγαλόψυχον
3435 580 3628 659 τύψον,

2295 674 2448 745 ’ᾘρει
2476 670 2671 735 πόλεις
2700 673 2890 748 χώρας
2917 694 2976 728 τε
3003 678 3125 735 ταῖς
3157 671 3534 746 στρατηγίαις,

2292 764 2554 815 Λεντιανά
2581 782 2640 816 τε
2670 763 3024 835 Ποιμανηνὸν
3055 760 3273 832 αὐτίκα,

2114 849 2255 903 7975
2293 849 2391 902 Καὶ
2421 844 2741 919 Βερϐενίκον
2775 851 2864 905 καὶ
2892 849 3163 925 Χαρίορον
3196 847 3391 906 πάλιν.

2293 937 2612 1011 Ιιηξάμενος
2647 936 2702 992 δὲ
2732 939 2823 992 καὶ
2854 944 2986 994 νεῶν
3019 943 3241 1013 μακρῶν
3275 936 3472 993 στόλον

2291 1031 2531 1102 Παρεῖχε
2559 1027 2750 1082 πολΛὰ
2780 1028 3081 1103 πράγματα
3109 1033 3226 1089 τοῖς
3260 1027 3537 1093 Λατίνοις,

2293 1115 2389 1171 Ἐκ
2415 1122 2517 1191 γῆς
2552 1116 2719 1171 ἐπιὼν
2747 1116 2839 1171 καὶ
2872 1115 3152 1186 θαλάσσης
3194 1113 3494 1187 πολλάκις,

2295 1204 2399 1261 Καὶ
2459 1210 2592 1282 σφᾶς
2653 1206 2944 1269 σκυλεύων¹
2981 1205 3071 1260 καὶ
3121 1210 3303 1267 κακῶς
3345 1203 3487 1280 δρῶν
3535 1204 3609 1266 ὡς
3658 1206 3789 1270 σθέ-

3575 1297 3712 1367 (voc,

2114 1384 2257 1439 7980
2297 1383 2402 1440 Καὶ
2432 1383 2527 1445 τὰς
2562 1385 2649 1439 ὑπ’
2682 1384 2879 1449 αὐτοὺς
2909 1378 3358 1459 παραλαμϐάνων
3392 1381 3610 1455 πόλεις,

2297 1469 2551 1529 Μάδυτον
2585 1472 2697 1529 εἷλε
2725 1474 2813 1528 καὶ
2847 1472 3009 1528 πόλιν
3036 1474 3137 1541 τήν
3163 1471 3411 1529 Καλλίου

2295 1560 2399 1615 Σὺν
2422 1567 2538 1623 τοῖς
2572 1562 2722 1637 πέριξ
2756 1563 2921 1617 ἅπασι
2954 1561 3187 1637 χωρίοις
3211 1562 3426 1631 τόποις,

2297 1649 2535 1712 Ταύταις
2568 1655 2923 1725 κρατοῦντος,
2953 1646 3394 1725 ἐμϐραδύνοντος
3427 1648 3655 1723 μάχαις,

2294 1739 2592 1794 Καττόεταί
2631 1741 2683 1794 οἱ
2710 1742 2837 1813 παρ’
2871 1736 3220 1816 Ἀνδρονίκου
3248 1740 3424 1814 λόχος

2041 1866 2085 1928 Β
2115 1831 2256 1884 7985
2295 1827 2755 1908 Πρωτεξαδέλφου
2787 1826 3092 1904 Νεστόγγου
3121 1850 3184 1904 γε
3210 1825 3543 1899 τούπίκλην,

2298 1917 2627 1994 Συνίστορας
2658 1917 2880 1994 ἔχοντος
2914 1915 3112 1993 ἄνδρας
3145 1917 3417 1991 ἐντίμους,

2296 2010 2561 2064 Ἰσαάκιον
2592 2007 2852 2083 σύναιμον
2880 2008 3279 2084 Ταρχανιώτην
3313 2009 3429 2080 (79)

2296 2100 2399 2157 Καὶ
2432 2098 2741 2171 Συναδηνὸν
2773 2100 2863 2155 καὶ
2896 2097 3259 2172 Φλαμούλιον
3303 2098 3490 2173 μέγαν,

2295 2190 2712 2267 Έταιρειάρχην
2745 2190 3062 2264 Μακρηνὸν,
3098 2186 3240 2243 ἄλλο
3272 2193 3484 2264 στῖφος·

2116 2284 2256 2337 7900
2293 2282 2355 2334 Ὃ
2384 2280 2548 2356 γνοὺς
2584 2278 2843 2355 βασιλεὺς
2870 2280 2959 2333 καὶ
2993 2276 3124 2353 πυρὶ
3158 2274 3284 2339 δοὺς
3313 2277 3406 2331 τὸν
3440 2275 3637 2332 στόλον

2299 2369 2439 2444 Πρὸς
2468 2368 2566 2431 τὰς
2597 2368 2839 2445 Ὀχυρὰς
2868 2370 2982 2442 (80)
3012 2368 3110 2436 τὴν
3142 2361 3305 2421 πόλιν
3338 2364 3661 2441 ἀποτρέχειο

2293 2459 2462 2517 Κάκεῖ
2487 2458 2551 2513 τὸ
2579 2465 2809 2534 πρᾶγμα
2839 2455 2965 2519 δοὺς
2997 2456 3217 2530 ἐτασμῷ
3246 2456 3334 2511 καὶ
3365 2455 3541 2532 κρίσει

2294 2550 2649 2614 Ὑπευθόνους
2683 2549 2880 2624 εὕρηκε
2908 2549 3037 2609 τοὺς
3070 2546 3415 2620 εἷρημένους.

2299 2639 2395 2693 Καὶ
2428 2645 2473 2694 Ν
2481 2638 2733 2714 εστόγγον
2765 2638 2860 2711 μὲν
2894 2637 3156 2712 σύγγονον
3177 2638 3563 2712 πρωτεργᾶτου

2114 2729 2257 2782 7995
2296 2726 2399 2782 Καὶ
2428 2728 2520 2781 τὸν
2547 2726 2838 2801 Μακρηνὸν
2872 2724 3153 2799 έστέρησεν
3188 2725 3480 2797 ὀμμάτων·

2296 2816 2578 2891 Καθεῖρξεν
2610 2812 2835 2878 ἄλλους·
2867 2814 2960 2869 τὸν
2995 2811 3042 2867 δ’
3075 2810 3424 2889 Ἀνδρόνικον
3454 2810 3619 2867 πάλιν

2296 2902 2503 2979 Εἷρκτῇ
2536 2900 2904 2979 παραδίδῶσιν
2934 2902 2984 2957 έν
3020 2901 3307 2978 Μαγνησίᾳ

2296 2994 2412 3069 ’Δφ’
2442 2994 2509 3062 ἧς
2542 2989 2784 3067 ἀποδρὰς
2816 2988 2982 3066 ᾤχετ’
3014 2992 3091 3055 εἷς
3119 2993 3218 3061 τήν
3254 2988 3510 3066 Περσίδα.

2292 3083 2389 3139 Ἐκ
2416 3079 2566 3137 τοῦδ’
2598 3082 2773 3152 ἑαυτῷ
2804 3080 3000 3135 Λοιπὸν
3039 3081 3067 3134 ὁ
3098 3080 3441 3158 στεφηφόρος

2119 3174 2260 3229 8000
2301 3170 2585 3247 Φρουροὺς
2612 3171 2935 3242 περιέστησε
2962 3169 3053 3224 καὶ
3086 3169 3422 3247 ξιφηφόρους

2300 3261 2445 3336 Πρὸς
2474 3257 2724 3338 φυλακὴν
2759 3259 3014 3332 σώματος
3045 3259 3081 3327 ἢ
3124 3258 3421 3332 σωτηρίαν,

2298 3348 2645 3425 Ἐλευθερίας
2672 3355 2773 3419 τῆς
2805 3348 2932 3424 πρὶν
2972 3345 3404 3422 ἐκλελησμένος,

2296 3445 2404 3509 Τῆς
2438 3440 2482 3493 θ’
2518 3436 2793 3507 ἁπλοϊκῆς
2829 3439 3021 3512 βιοτῆς
3048 3444 3148 3506 τῆς
3182 3436 3434 3512 ἀτέχνου.

2299 3529 2483 3601 Ἔχων
2523 3528 2722 3601 βοηθὸν
2755 3526 2845 3579 καὶ
2878 3527 3126 3601 συνεργὸν
3160 3524 3236 3579 εἰς
3264 3522 3390 3579 τόδε

2119 3619 2261 3673 8005
2301 3616 2576 3672 Κοινωνὸν
2613 3615 2770 3684 εὐνῆς
2801 3614 2889 3669 καὶ
2928 3615 3133 3689 βοηθὸτ
3165 3618 3264 3668 τοῦ
3300 3614 3423 3689 βίου

2302 3705 2416 3771 Τὴν
2450 3703 2761 3780 ἀρρενωπὸν
2796 3702 2955 3775 λῆμα
2984 3699 3472 3775 προσκεκτημένην

2302 3792 2466 3853 Ἢθός
2496 3814 2553 3846 τε
2585 3790 2861 3867 βασίλειον
2894 3791 2946 3846 έν
2978 3796 3096 3853 τοῖς
3124 3792 3417 3865 πρακτέοις

2304 3881 2539 3957 Εἰρήνην
2579 3881 2900 3957 βασίλισσαν
2931 3881 3157 3956 εἰρήνης
3184 3879 3331 3936 δότιν

2303 3971 2651 4049 Ἀσόμφορον
2680 3972 2962 4046 κρίναντες
2995 3971 3182 4033 αὐτοῖς
3214 3969 3505 4046 τυγχάνειν

2125 4066 2268 4119 8010
2304 4062 2473 4132 Ἱστᾷν
2507 4059 2712 4118 Ἰταλοὶ
2744 4062 2881 4135 πρὸς
2915 4058 3146 4136 βασιλέα
3180 4061 3385 4134 μάχας,

2308 4152 2589 4216 Συνῆλθον
2624 4149 2772 4221 αὐτῷ
2803 4145 3100 4223 συμϐάσεις
3134 4146 3476 4225 δεδρακότες,

2309 4240 2413 4297 Καὶ
2444 4236 2778 4313 παραδόντες
2810 4236 2941 4294 ἄστυ
2974 4240 3169 4315 Πηγῶν
3205 4238 3424 4302 εὐθέωςο

2308 4330 2515 4392 Ἔπειθ’
2548 4329 2901 4390 ὑπεκστάντες
2936 4326 2993 4382 δὲ
3022 4332 3224 4405 χωρῶν
3253 4326 3455 4383 ἀστέων

2308 4423 2423 4474 Τῶν
2456 4418 2592 4489 πρὸς
2622 4417 2779 4473 νότον
2808 4439 2871 4493 γε
2899 4418 3160 4493 κειμένων
3189 4418 3520 4494 κράταρχίᾳ·

2041 3222 2083 3288 C

2136 4512 2279 4567 8015
2316 4510 2438 4565 Τῶν
2472 4504 2519 4561 δ’
2551 4507 2613 4561 αὗ
2644 4507 2779 4581 πρὸς
2812 4505 3007 4583 ἄρκτον
3041 4507 3278 4579 πλησίον
3309 4503 3659 4576 Βυζαντίδος,

2056 4581 2105 4644 D
2311 4599 2430 4654 ⁸Ετι
2457 4600 2777 4672 κρατοῦντες
2808 4581 2899 4650 σῦν
2932 4596 3183 4658 Βιθυνίας
3213 4597 3430 4657 τόποις.

2318 4687 2417 4741 Καὶ
2450 4686 2646 4741 λοιπὸν
2683 4686 2822 4755 ὑπῆν
2852 4686 3114 4761 ἀνακωχή
3146 4693 3245 4755 τῆς
3281 4686 3487 4761 μάχης

2317 4775 2506 4837 Οὕτως
2537 4773 2804 4851 ἐχόντων,
2838 4775 2911 4837 ὡς
2941 4773 3098 4853 ἔφην,
3129 4779 3237 4830 τῶν
3266 4775 3632 4851 πραγμάτων,

2313 4864 2617 4939 Οἷκήτορες
2649 4862 2943 4919 στέλλουσι
2975 4866 3111 4939 πρὸς
3155 4863 3379 4940 βασιλέα

2138 4957 2280 5011 8020
2319 4950 2665 5029 Ὀρεστιάδος
2700 4950 3070 5025 λιπαροῦντας
3096 4954 3300 5020 ἱκέτας,

2316 5044 2404 5104 Ὡς
2435 5039 2494 5096 ἂν
2525 5040 2814 5112 σταλείσης
2847 5047 3118 5117 στρατιᾶς,
3148 5042 3356 5098 τούτων
3385 5040 3551 5103 πόλις

2321 5131 2615 5206 Ἐλευθέρα
2643 5129 2856 5207 γένοιτο
2890 5133 3078 5209 χειρὸς
3110 5132 3351 5188 Λατίνων

2320 5225 2467 5279 Μετὰ
2497 5229 2753 5297 στρατιᾶς
2781 5228 3075 5299 τοιγαροῦν
3106 5225 3310 5298 πέμπει
3340 5223 3514 5299 τάχος

2319 5314 2464 5382 Ἰσῆν
2495 5313 2973 5389 πρωτοστράτωρα
2999 5312 3090 5368 σὺν
3120 5318 3199 5387 τῷ
3230 5312 3560 5387 Καμμύτζῃ,

2144 5407 2287 5461 8025
2325 5400 2393 5460 Οἵ
2422 5401 2520 5470 τὴν
2554 5399 2717 5456 πόλιν
2753 5402 3074 5479 φθάσαντες,
3107 5399 3257 5458 ἔνδον
3289 5401 3520 5478 τειχέων

2326 5489 2401 5549 Εὖ
2431 5487 2863 5566 προσδεχθέντες
2892 5490 3215 5566 εἰσέδραμον
3243 5493 3517 5568 ἀσμένως.

2145 5647 2328 5776 b_
2363 5647 2479 5702 Hoc
2512 5661 2725 5702 nomen
2755 5662 2809 5703 v.
2841 5646 3002 5715 7757,
3035 5647 3320 5719 singulari
3362 5667 3609 5712 numero
3660 5655 3817 5711 scri-

2189 5737 2205 5775 1
2315 5759 2329 5774 .

2189 5737 2329 5775 ιιυτ.
