4076 6424
264 434 389 489 297
1810 437 2178 492 ΟΕΒΔΒΕΒ.

464 560 615 615 Ἐπεὶ
649 554 707 613 δὲ
737 556 1020 634 Θεόδωρος
1054 557 1335 632 Ἀγγέλων
1369 559 1558 633 γένους

466 645 677 722 Σχεδὸν
711 654 964 723 κατῆρχε
995 645 1333 710 Μακεδονίας
1365 648 1527 721 ὅλης,

460 739 577 806 Τῆς
610 737 859 813 γείτονος
890 736 1108 810 Θρᾴκης
1140 758 1199 791 τε
1231 736 1324 790 σὺν
1354 742 1470 798 τοῖς
1501 736 1709 808 κύκλῳ,

273 836 427 892 8030
463 838 629 891 ’Ἄνευ
660 831 935 904 Ῥοδόπης
968 832 1235 910 Ἀχριδοῦ
1266 834 1588 890 Μελενίκου·

461 924 684 981 Τούτων
718 924 824 999 γὰρ
856 924 1001 999 ἦρχε
1034 919 1284 987 Σθλάϐος
1317 922 1731 997 ὠνομασμένος,

463 1014 542 1071 Οὗ
573 1015 639 1067 τὰ
670 1015 787 1068 κατ’
816 1014 977 1068 αὐτὸν
1009 1012 1179 1087 ἐξερεῖ
1208 1016 1352 1089 τάχα
1385 1011 1571 1087 λόγος·

462 1103 613 1161 Ἐπεὶ
646 1109 922 1178 κατῆρχεν
957 1102 1016 1157 ἐκ
1045 1101 1346 1165 Θεσσαλίας
1380 1104 1536 1177 ἄρας,

462 1194 573 1261 Τήν
607 1190 896 1267 Ἀδριανοῦ
927 1187 1339 1265 καταλαμϐάνει
1370 1191 1554 1263 πόλιν,

281 1285 425 1340 8035
466 1281 562 1336 Καὶ
593 1278 750 1350 τῆσδ’
787 1281 1022 1357 ὑπῆρξεν
1058 1280 1323 1355 ἐγκρατὴς
1354 1281 1659 1358 συμφωνίᾳ·

464 1368 741 1440 Ἐξηλάθη
774 1373 903 1444 γοῦν
940 1370 1165 1445 στρατιὰ
1199 1367 1466 1445 βασιλέως

466 1461 658 1512 Κακῶν
690 1457 926 1528 ἀπαθὴς,
957 1457 1047 1511 καὶ
1075 1457 1263 1532 τρέχει
1294 1456 1430 1532 πρὸς
1467 1458 1567 1525 τήν
1598 1453 1691 1512 ἕω.

459 1546 618 1604 Οὕτω
649 1547 940 1621 κατασχὼν
978 1544 1261 1618 Θεόδωρος
1288 1548 1386 1614 τὴν
1424 1544 1615 1617 πόλιν,

461 1637 579 1691 Ἀεὶ
612 1641 846 1711 παρεῖχε
876 1637 1171 1711 πράγματα
1198 1641 1314 1698 τοῖς
1343 1635 1614 1705 Λατίνοις,

271 1738 421 1794 8040
461 1735 573 1797 Τάς
604 1739 751 1810 σφων
782 1731 1061 1788 σκυλεύων
1093 1735 1183 1788 καὶ
1213 1733 1565 1809 κατατρέχων
1598 1732 1812 1793 πόλεις.

468 1822 708 1893 Ἐπῆλθε
745 1824 839 1896 μὲν
875 1822 1045 1897 Βιζύῃ
1080 1822 1322 1877 Λατίνων
1357 1821 1540 1894 πόλει⁹

464 1913 606 1985 Πρὸς
639 1910 686 1966 δ’
716 1913 782 1967 αὗ
812 1933 871 1986 γε
902 1912 1092 1987 Βρύσει
1123 1913 1359 1987 χωρίοις
1394 1913 1440 1975 θ’
1475 1911 1762 1982 ὑπηκόοις,

464 2003 567 2058 Καὶ
598 2022 774 2057 παντα
803 2004 996 2076 πορθεῖ
1027 2002 1116 2055 καὶ
1147 1999 1395 2056 σκυλεύει
1425 2002 1492 2056 τά
1516 2001 1690 2075 πέριξ·

465 2091 867 2164 Ἑπιστρατεύει
897 2091 985 2144 καὶ
1023 2089 1190 2165 μέχρι
1224 2088 1578 2160 Βυζαντίδος,

280 2184 427 2237 8045
468 2182 567 2235 Καὶ
597 2187 716 2243 τοῖς
748 2179 981 2241 Ἰταλοῖς
1016 2178 1282 2247 ἐντίθησιν
1314 2176 1543 2233 δειλίαν.

470 2268 642 2341 Οὗτος
672 2271 809 2344 πρὸς
844 2270 1001 2325 Ἀσάν
1030 2269 1121 2323 τὸν
1153 2272 1455 2344 κρατοῦντα
1486 2267 1820 2342 Βουλγάρων

472 2357 720 2420 Σπονδὰς
746 2358 910 2427 ἔθηκε
948 2352 1245 2430 συμϐάσεις
1276 2359 1322 2410 τ’
1351 2357 1682 2429 ἐνωμότους·

469 2449 623 2505 Ἄσαν
656 2446 702 2503 δ’
736 2449 982 2523 ὑπῆρχεν
1017 2447 1174 2511 οὗτος
1203 2448 1318 2506 ulti:
1353 2448 1548 2516 Ἀσάνη

469 2542 583 2595 Τοῦ
614 2536 951 2613 Βουλγάρων
986 2538 1240 2611 ἄρξαντος
1283 2532 1587 2610 ἔμπροσθεν
1621 2536 1847 2610 χρόνου·

281 2630 438 2686 8050
476 2629 666 2690 ’Ὁστις
695 2628 951 2688 θανόντος
980 2623 1124 2697 τῷδε
1152 2623 1248 2680 τοῦ
1278 2625 1649 2700 φυτοσπόρου,

470 2717 570 2771 Καὶ
601 2714 698 2771 τοῦ
734 2714 941 2791 Βορίλα
972 2713 1307 2790 Βουλγάρων
1342 2714 1573 2789 σχόντος
1603 2718 1823 2790 κράτος,

473 2807 723 2879 Καθάπερ
754 2805 1013 2880 ἱστόρησε
1042 2805 1247 2881 φθάσας
1283 2825 1376 2875 μοι
1408 2803 1593 2879 λόγος,

467 2896 656 2970 Φυγὰς
686 2891 895 2968 ἀπέδρα
928 2894 1065 2967 πρὸς
1098 2893 1307 2955 Σκύθας
1342 2894 1715 2968 παριστρίους·

467 2986 599 3042 Εἶτα
631 2984 895 3047 Σκυθικὸν
931 2983 1194 3038 Ῥωσικὸν
1227 2978 1410 3036 λαϐὼν
1454 2981 1665 3060 στίφος,

293 3088 435 3141 8055
472 3082 927 3159 Ἐπιστρατεύσας
956 3080 1035 3153 τῷ
1065 3086 1353 3157 κρατοῦντι
1392 3080 1596 3156 Βορίλᾳ

472 3171 854 3231 Ἀνακαλεῖται
884 3172 985 3240 τὴν
1014 3173 1218 3247 πατρὸς
1244 3170 1614 3246 κληρουχίαν·

474 3264 576 3321 Καὶ
607 3264 743 3318 κατὰ
778 3260 964 3337 μάχην
999 3261 1361 3332 συμπλακεὶς,
1393 3265 1585 3315 τοῦτον
1617 3262 1823 3335 τρέπει,

471 3353 646 3409 Ἑλών
680 3373 738 3406 τε
767 3350 970 3428 τυφλοῖ
999 3352 1089 3404 καὶ
1123 3355 1426 3425 κραταρχεῖ
1455 3348 1787 3426 Βουλγάρων

472 3444 614 3516 Πρὸς
642 3439 799 3497 τόνδε
827 3440 1007 3495 τοίνυν
1039 3440 1269 3509 ’Λσάνην
1304 3440 1556 3509 Ἰωάννην

278 3537 430 3591 8060
468 3532 632 3602 Ἀναξ
666 3530 897 3591 ἐπακτὸς
929 3526 1232 3602 Θεόδωρος,
1260 3528 1334 3589 ὠς
1366 3522 1522 3603 ἔφην,

470 3621 769 3695 Εἰρηνικᾶς
800 3620 911 3681 θεὶς
942 3612 1238 3690 συμϐάσεις
1273 3620 1390 3691 μεθ’
1430 3617 1627 3691 ὁρκίων

473 3710 571 3764 Καὶ
605 3706 774 3779 κῆδος
807 3702 957 3784 ἔδρα,
991 3705 1152 3763 τοῦδε
1182 3705 1351 3763 παῖδα
1382 3706 1591 3783 Μαρίαν

472 3799 589 3867 Τῆν
632 3798 691 3852 ἐκ
718 3796 930 3862 νοθείας
960 3791 1293 3870 προσλαϐὼν
1322 3798 1539 3874 νύμφην
1569 3795 1733 3872 φίλην

471 3886 568 3949 Εἲς
600 3884 936 3963 αὐτάδελφον
970 3885 1060 3940 τὸν
1095 3883 1365 3953 Μανουῆλ
1398 3885 1661 3957 ἐννόμως.

280 3981 431 4037 8065
474 3976 628 4033 Μετά
659 3973 715 4030 δὲ
752 3976 944 4051 μικρὸν
980 3970 1276 4046 συμϐάσεις
1310 3972 1568 4036 διαλύσας

468 4064 568 4119 Καὶ
600 4063 892 4128 συναλίσας
927 4068 1179 4139 στρατιᾶς
1210 4063 1466 4117 πλεῖστον
1500 4062 1707 4140 στίφος,
1750 4094 1753 4095 ν

468 4156 895 4227 Ἐπεστράτευσε
922 4151 1249 4226 Βουλγάρων
1284 4153 1591 4228 ἀρχηγέτῃ·

469 4243 569 4298 Καὶ
602 4242 957 4319 συρῥαγείσης
989 4241 1039 4312 ἐξ
1073 4239 1336 4315 ἑκατέρων
1373 4241 1560 4318 μάχης

470 4335 671 4391 Ἧτταν
710 4332 944 4402 ὑπέστην
974 4329 1252 4404 Θεόδωρος
1287 4330 1547 4406 ἐσχάτην,

284 4426 432 4483 8070
472 4422 649 4478 Λύτοῦ
681 4428 935 4496 στρατιᾶς
969 4418 1181 4483 ἀκλεῶς
1213 4418 1544 4500 λελυμένης·

467 4513 574 4570 Καὶ
608 4511 890 4586 συσχεθεὶς
919 4509 1180 4585 αἳσχιοτα
1212 4513 1421 4573 Μυσοῖς
1457 4505 1759 4586 βαρϐάροις

466 4602 617 4677 Πρὸς
649 4603 809 4658 Ἀσὰν
842 4599 1213 4675 αἰχμάλωτος
1247 4600 1475 4674 ἀπήχθη
1502 4597 1674 4662 τάλας

468 4690 619 4745 Μετὰ
650 4688 895 4765 λογάδων
933 4692 1243 4764 προσγενᾶω
1268 4688 1554 4764 ἐριτίμων,

468 4777 684 4837 Ἀλλου
713 4800 771 4834 τε
800 4777 1019 4834 πολλοῦ
1054 4776 1425 4854 μυριαρίθμου
1456 4776 1699 4854 στίφους.

279 4884 433 4939 8075
471 4878 632 4934 Ἀλλ’
662 4878 896 4948 ’Λσᾶνης
929 4876 1025 4949 μὶν
1060 4874 1339 4949 Θεόδωρον
1368 4876 1615 4950 κατέχων

473 4965 704 5036 Πολλῆς
739 4966 1025 5042 Θεραπείας
1051 4986 1109 5021 τε
1137 4972 1306 5039 τιμῆς
1338 4965 1514 5035 ἠξίου·

468 5056 695 5127 Πλῆθος
729 5054 774 5110 δ’
807 5054 1021 5111 ἀλωτὸν
1056 5053 1236 5109 ἐκλύει
1266 5054 1403 5129 πρὸς
1438 5052 1702 5130 πατρίδας

468 5146 642 5204 ΙΙοσὶν
675 5144 983 5218 ἐλευθέροις
1012 5163 1072 5197 τε
1095 5142 1186 5197 καὶ
1218 5140 1351 5218 δίχα
1376 5137 1549 5217 φόϐου

474 5232 916 5308 Ἐπαναδραμεῖν
950 5232 1010 5287 ἐκ
1040 5229 1432 5309 φιλανθρώπου
1460 5232 1686 5306 τρόπου·

288 5327 433 5384 8080
476 5326 643 5399 Τάχα
673 5321 717 5377 δ’
751 5324 927 5393 έαυτῷ
960 5321 1048 5376 καὶ
1079 5320 1246 5383 τιθεὶς
1277 5320 1340 5374 τὸ
1371 5322 1663 5396 συμφέρον·

471 5414 623 5470 Μετά
651 5412 752 5488 γάρ
784 5409 1054 5466 ἀπόλυσιν
1086 5408 1258 5465 αὐτῶν
1295 5408 1492 5473 εὐθέως

464 5503 617 5558 Μετᾶ
650 5506 904 5577 στρατιᾶς
937 5498 1092 5572 ἐξιὼν
1124 5500 1262 5573 πρὸς
1294 5499 1390 5560 τὰς
1425 5496 1618 5561 πόλεις

469 5594 631 5667 ’ᾙρει
659 5611 718 5646 τε
749 5588 946 5651 ταύτας
980 5586 1220 5662 εὐχερῶς
1254 5587 1378 5642 ἄνευ
1413 5585 1620 5661 μάχης,

469 5680 573 5737 Καὶ
602 5685 718 5742 τοῖς
751 5680 841 5734 ὑπ’
871 5678 1032 5733 αὐτὸν
1065 5678 1346 5733 συνέταττε
1376 5676 1677 5755 φρουρίοις.

289 5776 438 5833 8085
473 5773 585 5842 Τὴν
617 5768 906 5846 Ἀδριᾶνοῦ
936 5763 1355 5844 παραλαμϐάνει
1386 5765 1574 5838 πόλιν,

576 5893 849 5953 Ρληοιι.
899 5890 1011 5952 Gn.
1049 5888 1312 5951 CXLIII.

1974 564 2028 627 Α
2056 564 2127 616 Αι
2158 562 2504 622 Theodorus
2538 567 2637 623 ille
2669 570 2850 640 stirpe
2878 572 3158 644 Angelus,

2059 658 2286 707 cuncta:
2319 659 2445 710 erat
2476 673 2655 729 prope
2686 657 3039 716 Macedoniae
3071 661 3368 732 dominus,

2057 739 2448 814 finitimasque
2478 746 2739 801 Thraciae
2772 765 2901 803 cum
2933 749 3184 806 viciniis.

2060 828 2341 903 Rhodope
2373 840 2615 906 excepta
2644 838 2896 893 Achride
2922 839 3202 895 Melenico
3237 858 3249 894 :

2060 920 2338 991 (namque
2372 921 2463 977 his
2492 924 2665 979 terris
2698 926 3026 997 imperabat
3055 929 3381 1001 Sthlabus.)

2056 1006 2221 1063 Nunc
2252 1026 2355 1079 age
2389 1027 2478 1065 res
2507 1018 2703 1083 gestas
2728 1014 3018 1072 Theodori
3052 1018 3238 1072 fabor.

2058 1105 2162 1161 Hic
2194 1124 2222 1161 e
2257 1108 2566 1163 Thessalia
2598 1128 2731 1165 cum
2764 1113 2948 1168 armis
2978 1116 3357 1187 progrediens

2059 1196 2129 1250 ad
2165 1195 2442 1253 Hadriani
2475 1200 2679 1254 urbem
2715 1207 2901 1257 semet
2931 1204 3198 1274 contulit,

2056 1300 2235 1355 quam
2271 1288 2595 1358 occupavit,
2636 1289 2843 1345 incolis
2878 1292 3229 1348 faventibus.

2055 1375 2448 1437 Quamobrem
2481 1377 2618 1432 inde
2647 1378 2902 1449 expulsae
2936 1380 3103 1452 regiae
3135 1383 3313 1453 copiae

2055 1462 2114 1516 in
2148 1463 2435 1519 orientem
2464 1466 2687 1522 rediere
2719 1468 3066 1525 incolumes.

2055 1551 2149 1607 Sic
2181 1553 2524 1611 Theodorus
2551 1557 2697 1611 urbe
2729 1557 2837 1612 hac
2871 1558 3088 1628 potitus

2058 1658 2359 1712 nunquam
2392 1643 2613 1700 Latinis
2646 1662 2763 1701 non
2795 1653 2919 1702 erat
2951 1648 3254 1719 molestus,

2054 1731 2265 1787 horum
2297 1750 2658 1791 concursans
2690 1738 2869 1793 urbes
2900 1742 2957 1794 et
2988 1740 3351 1811 depraedans.

2059 1823 2115 1877 Is
2146 1822 2379 1890 Byziam
2408 1840 2638 1895 quoque
2667 1827 3009 1882 Latinorum
3045 1830 3245 1884 urbem

1975 1928 2022 1991 B
2056 1910 2269 1967 insedit
2301 1917 2477 1984 atque
2508 1914 2710 1985 Brysin
2744 1931 3047 1988 pagosque
3080 1919 3372 1984 subditos,

2057 2006 2449 2073 cunctamque
2479 2003 2593 2058 late
2625 2004 2868 2076 diripuit
2891 2006 3184 2063 viciniam.

2058 2090 2315 2160 Denique
2344 2093 2602 2164 Byzantii
2639 2095 2854 2149 moenia
2886 2111 3236 2166 progressus
3268 2112 3454 2167 usque

2059 2196 2341 2251 magnum
2374 2180 2595 2236 Italicis
2624 2182 2823 2237 intulit
2854 2184 3144 2240 timorem.

2059 2266 2162 2322 Hic
2194 2283 2327 2322 cum
2360 2272 2549 2323 Asane
2581 2268 2968 2341 Bulgarorum
3002 2288 3138 2343 rege

2052 2359 2319 2427 juratum
2354 2357 2541 2413 fcedus
2572 2358 2845 2414 amicitiae
2878 2360 3121 2431 pepigit.

2060 2446 2196 2499 Erat
2225 2445 2319 2499 hic
2350 2450 2543 2500 autem
2571 2447 2726 2501 Asan
2757 2447 2968 2503 Asanis
2992 2448 3150 2503 ﬁlius

2059 2535 2204 2604 Ejus
2232 2532 2332 2604 qui
2366 2532 2507 2588 olim
2539 2533 2868 2605 imperabat
2898 2534 3170 2607 Bulgaris
3205 2554 3217 2591 :

2060 2628 2231 2694 isque
2262 2623 2575 2678 excedente
2605 2624 2724 2681 vita
2757 2629 2994 2694 parente
3026 2642 3159 2690 suo,

2062 2723 2557 2795 Bulgaricumque
2588 2740 2835 2795 regnum
2864 2724 3129 2795 rapiente
3158 2726 3395 2795 Borila,‘

2059 2813 2237 2869 veluti
2270 2816 2470 2868 nostra
2501 2811 2748 2867 historia
2774 2812 2899 2883 jam
2933 2816 3085 2869 retro
3117 2815 3284 2883 dixit,

2062 2900 2201 2973 fuga
2230 2906 2393 2956 trans
2417 2902 2630 2956 Istrum
2663 2902 2721 2955 in
2754 2901 3047 2973 Scythiam
3083 2908 3343 2959 evaserat
3376 2922 3390 2959 :

2064 3006 2197 3045 mox
2228 2991 2543 3046 comitante
2572 2991 2839 3059 Scythico
2871 2992 3180 3063 Russoque
3212 2993 3400 3049 milite

2062 3079 2416 3135 dominatori
2452 3079 2650 3134 Borilze
2684 3079 2902 3134 bellum
2933 3080 3213 3149 inferens,

2063 3170 2428 3240 recuperavit
2458 3169 2713 3240 patrium
2747 3168 3059 3239 imperium
3097 3187 3109 3224 ε

2062 3257 2339 3313 aemulum
2371 3258 2528 3313 enim
2562 3257 2682 3312 acie
2714 3258 3111 3329 proﬂigatum.

2062 3351 2299 3420 captum
2329 3348 2600 3416 caecavit;
2634 3347 2763 3419 ipse
2791 3363 3037 3419 regnum
3069 3348 3277 3404 tenuit.

2061 3438 2204 3493 Cum
2235 3436 2365 3508 hoc,
2395 3441 2459 3491 ut
2489 3437 2627 3505 dixi,
2660 3440 2848 3493 Asane
2877 3438 3106 3492 Joanne

2062 3542 2323 3582 cessarem
2354 3526 2655 3601 dignitatis
2689 3531 3005 3597 usurpator

2061 3615 2247 3670 fmdus
2280 3616 2591 3685 paciﬁcum
2625 3616 2838 3671 statuit
2865 3615 3206 3672 Theodorus
3233 3635 3247 3685 ;

2061 3709 2188 3759 tum
2221 3704 2394 3759 etiam
2424 3704 2798 3772 afﬁnitatem,
2833 3722 2965 3760 nam
3004 3706 3250 3762 Mariam

2061 3793 2231 3848 istius
2264 3793 2505 3848 notham
2539 3793 2921 3864 ﬁliamjustis
2951 3794 3172 3866 nuptiis

2061 3898 2329 3951 germano
2365 3881 2525 3936 fratri
2561 3882 3050 3951 Manuelijunxit.

2061 3980 2172 4035 Sed
2207 3979 2359 4035 enim
2395 3979 2567 4050 paulo
2596 3984 2728 4050 post
2752 3983 3087 4050 contempto
3115 3981 3351 4048 foedere,

2060 4072 2473 4138 contractoque
2504 4068 2756 4137 plurimo
2789 4068 3089 4138 copiarum
3126 4085 3392 4138 numero,

2060 4157 2310 4229 Bulgaro
2342 4156 2637 4229 regnatori
2668 4155 2889 4211 bellum
2919 4156 3121 4211 intulit
3150 4174 3163 4211 :

2062 4262 2197 4301 mox
2227 4245 2716 4302 concurrentibus
2750 4238 3019 4316 utrinque
3050 4245 3274 4300 viribus

2059 4340 2379 4391 extremam
2413 4334 2638 4390 cladem
2673 4334 3017 4389 Theodorus
3050 4334 3311 4405 pertulit,

2060 4426 2188 4496 ejus
2221 4425 2449 4497 dilapso
2480 4425 2730 4497 turpiter
2761 4423 3037 4480 exercitu.

2060 4520 2187 4587 Ipse
2220 4516 2489 4571 indecore
2517 4520 2720 4587 captus
2751 4534 2784 4570 a
2815 4515 3011 4571 Moesis
3042 4516 3309 4572 barbaris

2060 4604 2261 4659 infelix
2290 4606 2360 4659 ad
2388 4607 2641 4661 Asanem
2684 4604 2916 4660 vinctus
2947 4604 3186 4659 ducitur

2059 4710 2197 4749 cum
2228 4693 2463 4749 selectis
2492 4693 2792 4748 nobilibus
2824 4698 2883 4748 et
2916 4694 3248 4765 przecipuis,

2069 4790 2126 4838 et
2152 4799 2283 4838 cum
2316 4782 2539 4854 ingenti
2569 4782 2725 4853 vulgi
2754 4783 3155 4838 multitudine.

2066 4872 2282 4928 Verum
2317 4874 2533 4928 Asanes
2566 4878 2801 4943 captum
2831 4872 3203 4928 Theodorum

2068 4962 2428 5033 benignitate
2460 4960 2645 5015 multa
2670 4965 2727 5016 et
2755 4960 2976 5016 honore
3010 4961 3233 5029 habuit,

2067 5052 2479 5123 captivumque
2508 5050 2720 5123 vulgus
2754 5050 3011 5104 militum
3044 5050 3100 5104 in
3136 5050 3355 5121 patrias
3384 5066 3525 5107 suas

2070 5142 2255 5197 libero
2287 5141 2430 5211 pede
2455 5140 2838 5210 solutumque
2868 5143 3024 5194 metu

2066 5231 2203 5286 sivit
2233 5230 2442 5286 reverti
2474 5230 2546 5285 ob
2579 5246 2754 5285 suum
2787 5228 3131 5283 clementem
3166 5228 3456 5299 animum,

2071 5319 2215 5391 quin
2247 5324 2305 5374 et
2335 5320 2580 5374 fortasse
2610 5320 2683 5373 ob
2710 5334 2879 5372 suam
2917 5316 3253 5372 utilitatem.

2068 5421 2216 5473 Nam
2251 5421 2384 5488 post
2413 5416 2663 5472 emissos
2693 5414 2947 5473 vinculis
2978 5415 3263 5486 captivos.

2073 5505 2276 5561 statim
2308 5522 2442 5560 cum
2474 5504 2711 5577 proprio
2742 5505 2993 5560 exercitu
3029 5504 3320 5576 percurrit
3350 5505 3527 5561 urbes
3548 5520 3572 5558 ι

2071 5610 2291 5667 easque
2321 5595 2576 5651 obtinuit
2598 5595 2765 5651 facile
2796 5600 2853 5651 et
2882 5612 3011 5666 sine
3042 5595 3266 5666 praelia,

2072 5700 2312 5756 suasque
2344 5684 2616 5754 adjunxit
2645 5685 2886 5740 ditionis
2917 5683 3173 5755 oppidis.

2070 5772 2555 5845 Hadrianopolim
2587 5773 2893 5845 occupavit
2924 5773 3154 5837 urbem,

3387 5762 3431 5803 ί

3362 5887 3440 5946 10

3601 450 3713 503 298
