4076 6402
395 412 510 467 .299
1110 469 1114 478 ,
1623 410 1995 464 EPHRBMII
2033 406 2603 465 CHRONOGRAPHI
3721 401 3840 456 300

403 534 820 606 munitumque
853 533 1135 606 oppidum
1168 532 1668 604 Didymotichum,

2084 541 2140 604 Α
2351 531 2486 586 Μεθ’
2516 531 2582 599 ἥν
2612 527 3010 603 Διδυμότειχον
3039 524 3258 604 ἀσφαλῆ
3291 523 3479 594 πόλιν,

401 625 612 680 deinde
642 624 948 679 Thraciam
980 627 1374 692 cunctamque
1410 619 1814 676 Macedoniam

1777 635 1814 674 n
2347 622 2572 676 Ἔπειτα
2604 621 2818 693 Θράκην
2853 616 3195 676 Μακεδονίαν
3227 616 3387 688 ὅλην,

404 717 671 770 Bolerum
701 731 936 786 quoque
965 714 1136 783 cepit,
1173 713 1503 777 Xanthiam,
1539 712 1759 776 Serras,

2347 709 2618 784 Βουλερὸν
2654 709 2764 764 εἷλε
2794 711 2883 764 καὶ
2913 710 3178 762 Ξάνθειαν
3211 708 3299 762 καὶ
3345 707 3574 784 Σέῥρας,

405 805 726 876 Prilapum,
751 804 899 860 latos
930 803 1256 875 Pelagoniae
1285 817 1548 872 campos,

2347 800 2516 853 Ἀστυ
2549 799 2857 873 Πριλαποῦ,
2891 796 3229 871 Πελαγονίας
3257 797 3463 866 πλάτη,

404 913 540 951 cum
573 895 966 966 circumjectis
997 895 1273 949 omnibus
1301 892 1578 948 castellis.

2167 900 2306 955 8090
2350 897 2454 952 Σὺν
2485 904 2602 960 τοῖς
2636 897 2788 973 πέριξ
2822 899 2984 952 ἅπασι
3019 895 3254 972 χωρίοις
3283 895 3497 958 τόποις·

404 985 572 1056 Cepit
599 991 657 1040 et
689 985 986 1056 Prespam,
1019 983 1323 1050 Deabolin,
1361 981 1594 1044 Acbrin,

2345 988 2501 1061 Αἱρεῖ
2530 1009 2589 1042 τε
2620 987 2894 1059 ΙΙρέσπαν,
2927 981 3214 1054 Δεάϐολιν,
3248 983 3496 1061 Ἀχρίδα.

408 1075 710 1130 Albaniam
745 1081 1033 1142 cunctam,
1068 1074 1355 1146 Illyricam
1391 1071 1770 1144 provinciam,

2345 1071 2619 1131 Ἀλϐανὸν
2649 1078 2810 1142 ἅπαν,
2846 1074 3133 1150 Ἰλλυριῶν
3163 1076 3226 1130 τὸ
3257 1073 3455 1148 κλίμα,

405 1165 693 1220 Valachiae
722 1181 956 1236 quoque
985 1163 1357 1220 concursavit
1390 1165 1576 1227 ﬁnes;

2347 1167 2450 1221 Καὶ
2483 1173 2582 1235 τῆς
2614 1166 2864 1241 Βλαχίας
2892 1165 3020 1226 τοὺς
3055 1167 3214 1238 ὅρους
3244 1163 3588 1239 κατατρέχει·

404 1260 699 1326 postremo
730 1255 788 1309 in
821 1256 1070 1327 patriam
1107 1256 1382 1308 reducem
1417 1251 1552 1306 tulit
1586 1250 1813 1322 pedem.

2346 1257 2556 1313 ”Επειτ’
2587 1255 2899 1326 ἐπανέζευξε
2930 1257 3067 1330 πρὸς
3094 1257 3193 1323 τὴν
3227 1253 3481 1330 πατρίδα·

398 1345 628 1416 Oppida
660 1361 787 1399 vero
822 1346 1031 1417 partim
1066 1343 1236 1398 nobis
1263 1343 1462 1408 cessit,

2165 1347 2308 1401 8095
2345 1345 2444 1399 Καὶ
2477 1345 2747 1421 φρουρίων
2786 1346 2882 1417 μὲν
2913 1366 3033 1398 τινα
3063 1344 3359 1416 Ῥωμαίοις
3389 1343 3565 1416 νὲμειι,

401 1435 614 1504 partim
646 1434 703 1488 in
737 1451 846 1488 sua
878 1433 1122 1488 retinuit
1154 1436 1458 1504 potestate.

2344 1432 2526 1490 ’Ἃλλα
2557 1431 2604 1487 δ’
2636 1434 2839 1510 ἀφῆκεν
2877 1435 2964 1511 ὑφ’
2995 1434 3179 1488 ἑαυτὸν
3211 1432 3522 1508 τυγχάνειν.

403 1524 488 1578 0b
524 1522 632 1579 bas
660 1539 751 1579 res
776 1529 970 1593 gestas
1000 1523 1160 1578 visus
1192 1527 1281 1577 est
1310 1523 1534 1575 Asanes

2348 1523 2619 1586 Ἐντεῦθεν
2652 1519 2741 1576 οὖν
2776 1520 2951 1594 ἔδοξεν
2986 1523 3142 1584 οὗτος
3176 1523 3409 1592 ’Δσάνης

400 1613 488 1668 vir
519 1614 928 1681 admirandus,
963 1613 1194 1667 cunctis
1227 1611 1544 1666 laudabilis
1582 1627 1593 1664 :

2347 1611 2664 1683 Θαυμαστὸς
2698 1611 2858 1685 ἀνὴρ,
2896 1612 3226 1686 μακαριστὸς
3254 1616 3371 1672 τοῖς
3401 1609 3580 1672 ὅλοις·

404 1702 664 1758 clemens
695 1719 900 1774 reapse
926 1708 1054 1757 erat
1087 1702 1365 1772 mitisque
1398 1701 1466 1754 ad
1480 1701 1744 1766 modum,

2344 1705 2442 1755 Ἦν
2475 1701 2579 1776 γάρ
2613 1699 2836 1770 ἀληθῶς
2870 1701 3178 1772 συμπαθὴς,
3211 1705 3382 1772 πρᾶος
3413 1699 3572 1754 πάνυ·

405 1808 511 1846 nec
543 1792 910 1847 subditorum
945 1791 1201 1847 caadilius
1234 1792 1596 1860 indulgebat,

2167 1793 2308 1848 8100
2346 1791 2424 1847 Οὐ
2457 1791 2559 1864 γάρ
2593 1789 2800 1866 ἐχρῆτο
2831 1791 2948 1854 καθ’
2985 1790 3241 1860 ὑπηκόων
3276 1789 3490 1866 φόνοις,

407 1897 596 1952 neque
622 1881 842 1936 saevitia
873 1882 1148 1936 Berbaris
1182 1881 1442 1952 ingenita

2091 1913 2138 1977 B
2347 1876 2481 1936 Οὐδ’
2511 1880 2659 1953 εἶχεν
2688 1878 2952 1951 ὠμότητα
2981 1881 3078 1948 τήν
3111 1878 3161 1933 ἐν
3199 1878 3500 1955 βαρῗὶάροις

406 1970 730 2042 stirpisque
761 1971 918 2026 velut
947 1972 1181 2043 propria
1211 1971 1306 2025 hic
1337 1969 1642 2025 laborabat
1677 1985 1689 2022 :

2091 1968 2134 1977 ”
2348 1969 2637 2044 Σύμφυτον
2673 1971 2787 2022 οἷον
2823 1974 3234 2046 συμπεφυκυῖαν
3265 1968 3431 2044 γάνει,

405 2076 512 2116 nec
544 2078 751 2117 rursus
781 2068 980 2118 nostro
1013 2064 1300 2134 sanguine
1327 2061 1645 2132 gaudebat,

2347 2060 2414 2114 Ἥ
2443 2060 2777 2133 Ῥωμαϊκοῖς
2810 2057 3030 2131 α’ίμασιν
3063 2059 3346 2135 ἐνετρύφα,

402 2150 564 2206 velut
588 2151 813 2223 priores
844 2152 1011 2224 impii
1044 2169 1210 2224 reges
1244 2151 1518 2222 Bulgari;

2346 2150 2433 2212 Ὠς
2462 2149 2589 2222 πρὶν
2618 2148 2923 2224 κρατάρχαι
2957 2147 3290 2223 Βουλγάρων
3323 2148 3681 2225 κακοτρόπως

403 2241 505 2297 sed
537 2243 690 2298 bono
720 2248 846 2298 erat
873 2243 1263 2313 clementique
1292 2242 1546 2313 ingenio,

2168 2249 2310 2304 8105
2348 2245 2507 2302 Ἀλλ’
2536 2250 2600 2315 ἦν
2636 2248 2832 2321 ἀγαθὸς
2865 2249 2951 2302 καὶ
2983 2246 3373 2323 φιλάνθρωπλς
3403 2248 3581 2325 φύσει,

403 2337 460 2386 et
493 2333 714 2388 nostris
745 2349 910 2404 aeque
945 2350 1012 2388 ac
1044 2332 1312 2404 Bulgaris
1343 2331 1742 2402 gratissimus.

2347 2339 2441 2407 Τῷ
2469 2357 2554 2390 τοι
2586 2337 2832 2398 ποθεινὸς
2867 2337 3099 2391 Αὕσοσιν
3127 2337 3193 2404 ἦν
3230 2334 3594 2412 Βουλγάροις.

401 2420 678 2491 Captivus
710 2438 863 2484 vero,
901 2427 965 2476 ut
994 2421 1136 2490 dixi,
1167 2421 1529 2488 Theodorus,

2350 2425 2773 2500 Φρουρούμενος
2807 2423 2864 2479 δὲ
2894 2424 3196 2499 Θεόδωρος,
3231 2425 3305 2487 ὡς
3338 2421 3495 2502 ἔφην³

403 2515 461 2565 et
482 2511 610 2581 jam
642 2517 918 2584 expertus
950 2513 1047 2566 diu
1085 2511 1567 2579 benivolentiam,

2349 2511 2770 2590 Φιλοιρροσύνης
2799 2516 2848 2568 τ’
2879 2512 3170 2568 ἀπολαύων
3205 2513 3257 2567 ἐν
3293 2515 3502 2589 χρόνῳ,

404 2606 608 2673 postea
640 2603 834 2658 moliri
868 2603 1102 2658 fraudes
1134 2601 1560 2672 deprehensus,

2349 2603 2497 2658 Ἐπεὶ
2528 2603 2767 2677 τυρεόειν
2805 2604 3053 2677 μηχανάς
3085 2601 3367 2680 ἐφωράθη,

405 2691 674 2746 meritam
700 2707 930 2762 poenam
963 2696 1287 2746 excaecatus
1320 2689 1584 2762 pertulit.

2168 2693 2310 2748 8110
2343 2691 2478 2754 Τοὺς
2513 2693 2776 2765 ὀμμάτων
2811 2688 3029 2747 ἔσϐεστο
3062 2692 3305 2767 λύχνους
3338 2691 3580 2758 ἐνδίκως.

404 2781 546 2849 Ejus
578 2786 774 2837 autem
810 2783 986 2838 frater
1017 2782 1249 2838 Manuel
1281 2783 1528 2852 despota

2348 2781 2526 2838 Αὐτοῦ
2555 2779 2600 2836 δ’
2629 2779 2862 2859 ἀδελφὸς
2893 2782 3160 2850 Μανουὴλ
3192 2784 3220 2836 ὁ
3253 2779 3522 2852 δεσπότης

405 2873 682 2942 praedicto
714 2889 743 2928 e
777 2872 972 2943 prmlio
1003 2874 1140 2943 fuga
1166 2889 1228 2927 se
1259 2872 1596 2927 subducens

2352 2872 2501 2928 Κατά
2534 2873 2721 2946 μάχην
2757 2871 2830 2926 ὢν
2861 2873 2951 2926 καὶ
2984 2877 3126 2948 φυγῇ
3159 2873 3529 2948 κεχρημένος,

404 2959 876 3015 Thessalonicam
911 2961 1116 3015 urbem
1149 2976 1325 3014 cursu
1362 2959 1548 3029 petiit,

2349 2960 2744 3030 Θεσσαλονίκην
2779 2957 3186 3033 καταλαμϐάνει
3219 2960 3407 3027 πόλιν,

404 3050 654 3117 ejusque
686 3047 849 3102 nullo
877 3047 1190 3103 resistente
1216 3048 1523 3102 dominum

2348 3051 2445 3104 Καὶ
2479 3057 2576 3118 τῆς
2607 3049 2654 3104 δ’
2688 3049 2964 3125 ἐκυρίευσε
2994 3052 3329 3126 πραγμάτων
3375 3048 3509 3125 δίχα

405 3151 468 3190 9⁸³
497 3137 702 3206 εθεείι.
737 3140 913 3208 atque
944 3136 1181 3191 urbium
1215 3142 1577 3204 οίὲίθτίινυω,
2170 3149 2312 3205 8115
2354 3146 2456 3201 Σὺν
2490 3153 2606 3211 τοῖς
2635 3169 2694 3223 γε
2726 3145 2948 3209 λοιποῖς
2979 3147 3183 3204 ἀστέων
3215 3150 3303 3204 καὶ
3334 3149 3558 3225 χωρίων

403 3241 531 3294 quas
564 3225 636 3280 ad
667 3225 1029 3282 occidentem
1059 3226 1293 3297 reliqum
1327 3226 1438 3280 sibi
1473 3225 1725 3280 fuerant.

2090 3291 2130 3312 η
2345 3242 2478 3300 Τοῖς
2510 3239 2648 3292 κατά
2679 3235 2827 3291 δύσιν
2861 3237 3469 3312 ἐγκαταλελειμμένοις.

405 3313 508 3368 Hic
540 3331 675 3369 cum
704 3316 895 3371 vocari
931 3316 1175 3387 despota
1205 3315 1489 3370 voluisset

2088 3291 2130 3356 ς’
2355 3329 2525 3389 Οὗτος
2557 3326 2839 3382 καλεῖσθαι
2870 3326 3137 3398 δεσπότης
3165 3291 3447 3404 ᾑρημένος

407 3403 596 3475 regias
630 3409 828 3460 tamen
862 3406 1188 3476 usurpabat
1219 3411 1496 3473 tesseras,

2355 3419 2598 3490 Ἐχρῆτο
2634 3415 2848 3488 μᾶλλον
2885 3415 3192 3491 βασιλικοῖς
3211 3403 3529 3491 συμϐόλοις

407 3508 620 3564 nempe
651 3493 885 3550 rubrica
920 3500 1088 3549 utens
1120 3495 1179 3548 in
1211 3494 1752 3566 subscriptionibus
1786 3509 1798 3546 :

2357 3507 2443 3562 Ἐν
2481 3505 2816 3583 ὑπογραφαῖς
2851 3504 2940 3560 διὰ
2969 3507 3223 3561 κοκκίνου
3255 3507 3501 3583 γράφων,

408 3581 468 3636 in
497 3599 671 3654 quem
692 3584 930 3653 jocatus
957 3589 1044 3638 est
1077 3589 1246 3639 acute
1279 3585 1598 3639 admodum

2174 3596 2315 3652 8120
2357 3595 2496 3664 Ηρὸς
2523 3595 2580 3649 ’ὸν
2613 3617 2697 3657 τις
2730 3595 3046 3669 ἀπὲσκιυψεν
3079 3595 3357 3671 εὐστόχως
3399 3595 3548 3668 μάλα

415 3671 611 3726 nescio
643 3671 778 3742 quis
809 3673 1012 3728 dicens
1037 3690 1050 3727 :
1080 3673 1360 3746 Congruit
1385 3673 1600 3741 vocari,

2351 3686 2439 3746 Ὠς
2473 3686 2570 3738 Σοὶ
2601 3682 2892 3757 προσᾴδειν
2926 3683 3190 3758 ἁρμόδιον
3223 3685 3481 3762 τυγχάνει

416 3764 482 3814 ut
515 3764 604 3814 est
631 3759 690 3814 in
725 3761 974 3832 psalmo,
1008 3768 1064 3818 te
1096 3778 1290 3833 regem
1324 3769 1380 3817 et
1410 3764 1739 3833 despotam.

2353 3774 2423 3828 Σὲ
2450 3773 2542 3827 τὸν
2580 3772 2806 3849 βασιλέα
2834 3795 2892 3829 τε
2923 3773 3188 3846 δεσπόνην
3220 3759 3351 3848 ἅμα.

411 3846 515 3903 Ille
544 3850 718 3904 etiam
749 3849 1048 3922 stblabus,
1081 3853 1252 3922 cujus
1285 3859 1461 3906 antea
1492 3851 1758 3918 memini,

2351 3861 2452 3919 Καὶ
2488 3846 2736 3926 Σθλάϐος
2769 3865 2928 3939 ἀνὴρ,
2961 3865 3127 3940 οὗπερ
3160 3846 3442 3937 ἐμνήσθην
3477 3865 3610 3933 ἄνω,

410 3935 701 4009 Bulgarus
731 3943 902 4011 gente
928 3939 1258 4010 Asanisque
1289 3941 1513 4010 aflinis,

2353 3953 2446 4008 Ἐκ
2476 3951 2808 4028 Βουλγάρων
2842 3935 2942 4030 φὺς
2974 3935 3281 4029 προσγενής
3315 3954 3387 4009 ὣν
3422 3953 3643 4030 Ἀσάνῃ,

402 4025 700 4083 insederat
731 4029 1068 4100 praesidium
1104 4029 1391 4100 Meleuici,

2169 4051 2311 4116 8125
2351 4044 2545 4104 Λαϐὼν
2577 4025 2799 4124 κατεῖχε
2827 4025 3089 4128 ιρροόριον
3111 4025 3435 4120 Μελενίκου,

404 4119 461 4170 et
491 4115 829 4188 Rbsdopem
863 4120 1102 4174 tenebat
1135 4137 1267 4174 cum
1301 4120 1561 4176 castellis

2349 4138 2447 4192 Καὶ
2477 4145 2582 4208 τῆσ
2609 4137 2876 4209 Ῥοδόπης
2901 4140 3043 4216 ἦρχε
3073 4142 3164 4194 σὺν
3194 4146 3312 4205 τοῖς
3343 4141 3646 4219 φρουρίοις,

404 4207 652 4276 ejusque
685 4207 903 4262 montis
940 4209 1104 4279 pagis
1136 4207 1398 4263 dominio
1429 4210 1597 4264 ﬁrmo
1635 4228 1648 4265 :

2348 4227 2452 4283 Καὶ
2483 4207 2599 4290 τοῖς
2634 4228 2684 4283 ἐν
2720 4207 2857 4300 αὐτῇ
2886 4207 3117 4305 χωρίοις
3149 4207 3455 4306 ἀραρότως,

400 4295 654 4365 despotaa
687 4313 922 4368 quoque
952 4303 1258 4368 acceperat
1279 4297 1629 4367 dignitatem

2347 4317 2443 4370 Καὶ
2477 4315 2801 4384 δεσποτικῆς
2833 4319 2976 4392 ἀξίας
3008 4341 3070 4395 γε
3099 4322 3363 4394 τυγχάνει

399 4401 430 4438 a
463 4383 780 4454 Byzantino
813 4385 1166 4456 imperatore
1199 4386 1467 4454 Henrico,

2345 4409 2488 4480 Πρὸς
2544 4412 2642 4461 τοῦ
2697 4413 3028 4482 κρατοῦντος
3086 4409 3252 4484 Ἑῤῥῆ
3311 4416 3413 4479 τῆς
3474 4409 3836 4466 Κωνσταντί-

3607 4501 3751 4569 [νου.

396 4566 567 4636 cujus
598 4571 656 4621 et
685 4566 925 4622 notbam
960 4565 1138 4620 tiliam
1171 4565 1422 4621 habebat
1447 4567 1783 4640 conjugem.

2082 4662 2110 4664 κ
2164 4587 2306 4642 8130
2342 4583 2419 4642 Οὗ
2449 4587 2536 4640 καὶ
2570 4589 2816 4664 συνήφθη
2849 4591 2916 4660 τῇ
2951 4589 3178 4662 θυγατρὶ
3207 4591 3276 4661 τῇ
3309 4586 3473 4660 νόθῳ.

395 4653 498 4710 Ηίο
524 4671 680 4710 nunc
711 4656 948 4709 Latinas
978 4655 1339 4725 sequebatur
1372 4661 1588 4726 partes,

2082 4662 2128 4726 D
2339 4674 2536 4730 ’EvioO’
2569 4676 2726 4738 οὗτος
2758 4675 3059 4750 συνεμάχει
3092 4676 3368 4742 Λατίνοις,

394 4759 552 4798 nunc
586 4742 855 4813 Bulgaris
881 4743 1111 4798 favebat
1142 4743 1549 4815 popularibus,

2338 4765 2533 4820 Ἐνίοτ’
2564 4767 2714 4828 αὖθις
2749 4742 3083 4841 Βουλγάροις
3113 4771 3230 4828 τοῖς
3258 4764 3539 4844 φυλέταις,

391 4832 690 4886 Comneno
717 4847 950 4903 quoque
982 4848 1136 4902 saepe
1168 4833 1471 4888 Theodoro
1508 4850 1521 4888 :

2336 4853 2435 4907 Καὶ
2469 4851 2737 4929 Θεοδώρῳ
2766 4859 2846 4926 τῷ
2879 4832 3154 4926 ἰξομνηνῷ
3185 4832 3478 4918 πολλάκις·

396 4921 616 4976 nemini
647 4937 780 4976 vero
813 4921 1046 4975 ﬁrmam
1079 4922 1353 4977 servabat
1389 4923 1563 4979 {idem

2334 4943 2453 4996 Τινὶ
2485 4941 2532 4997 δ’
2561 4943 2810 4998 ἁπάντων
2844 4943 2906 4997 οὐ
2941 4945 3236 5019 συνήρχετ⁹
3271 4943 3347 5008 εἴς
3377 4941 3567 5018 λόγον,

398 5011 569 5065 homo
601 5009 864 5065 desertor
896 5015 1071 5081 atque
1104 5011 1452 5083 versipellis.

2155 5034 2298 5088 8135
2339 5029 2850 5106 Ἀλλοπρόσαλλος,
2883 5009 3197 5106 εὐρίπιστος
3230 5009 3541 5109 τυγχάνων.

389 5099 521 5155 Jam
557 5115 691 5154 cum
723 5101 1014 5155 Robertus
1045 5099 1224 5156 Italus
1258 5103 1577 5174 imperator

2334 5123 2447 5176 Τοῦ
2479 5117 2537 5174 δὲ
2565 5125 2894 5193 κρατοῦντος
2927 5119 3154 5178 Ἰταλῶν
3196 5127 3292 5177 τοῦ
3335 5124 3677 5199 Ῥομπέρτου

387 5189 617 5243 vivendi
651 5190 825 5243 finem
859 5188 917 5242 in
952 5189 1164 5245 Buzotia
1197 5192 1449 5257 fecisset,

2333 5211 2460 5265 Βίον
2496 5211 2964 5286 καταστρέψαντος
2993 5210 3044 5266 ἐν
3076 5212 3334 5284 Βοιωτίᾳ,

390 5277 651 5350 Byzantii
683 5283 980 5348 sceptrum
1013 5278 1268 5336 Joannes
1303 5282 1552 5353 excepit,

2333 5303 2491 5375 Σιρῶν
2523 5277 2776 5370 Ἰωάννής
2804 5297 3228 5377 παραλαμϐάνει
3276 5302 3496 5374 κράτος,

387 5367 723 5438 decrepitus
750 5367 858 5433 vir,
891 5367 991 5437 qui
1025 5367 1220 5425 Sionis
1253 5387 1351 5424 rex
1381 5375 1522 5425 erat.

2330 5367 2573 5460 'E‘Ewpoc
2607 5367 2768 5465 ἀνὴρ,
2795 5367 2896 5454 τῆς
2929 5367 3071 5445 xuii;
3235 5367 3545 5467 τυγχάνων,

385 5459 563 5524 Atque
596 5455 690 5512 hic
722 5460 924 5512 nostro
958 5456 1168 5512 Caesari
1200 5459 1421 5514 bellum
1453 5459 1653 5515 inlulit

2150 5479 2292 5533 8140
2327 5455 2428 5538 τ’οξ
2458 5475 2549 5531 καί
2587 5455 2774 5554 μάχην
2804 5478 2988 5550 ἵστησι
3022 5455 3442 5556 πρδςῑβασιλξα,

383 5544 442 5598 in
475 5543 756 5600 orientem
791 5545 1040 5601 navibus
1075 5547 1335 5613 directis,

381 5638 558 5705 atque
585 5639 868 5706 occupato
903 5635 1212 5705 Lampsaci
1248 5635 1458 5691 navali.

383 5721 599 5779 Verum
633 5723 713 5779 nil
747 5723 903 5779 ultra
933 5739 1273 5794 aggressus,
1304 5731 1454 5781 retro
1485 5728 1682 5783 cessit.

2329 5566 2475 5621 Μετά
2507 5587 2570 5634 γε
2600 5573 2749 5638 νηῶν
2785 5568 3170 5633 ἐκπεπλευκὼς
3199 5570 3277 5632 εἰς
3309 5569 3403 5639 ἔω,

2329 5656 2431 5710 Καὶ
2464 5663 2564 5726 τῆς
2603 5656 2906 5730 Λαμψάκου
2936 5657 3172 5733 κατάρας
3201 5659 3434 5732 νεωρίῳ,

2327 5744 2508 5802 Πλέον
2544 5744 2602 5802 δὲ
2637 5746 2806 5820 μηδὲν
2841 5745 3139 5824 δεδρακὼς,
3176 5751 3524 5828 ὑποσορὲφει·
