4076 6458
298 459 404 514 301

485 587 543 642 Ὀ
572 585 673 659 γὰρ
709 583 966 657 βασιλεὺς
992 582 1250 640 Αὐσόνων
1284 583 1537 654 Ἰωάννης

305 678 452 733 8145
491 679 742 735 Γενναῖος
770 672 1080 748 ἀντίμαχος
1107 674 1201 743 ἦν,
1233 671 1556 744 ἀντιστάτης
1589 691 1600 704 ·

488 763 549 821 Εἰ
581 763 671 818 καὶ
705 763 1138 840 καθυπέστρεψεν
1174 762 1292 837 ἄρτι
1324 771 1424 832 τῆς
1461 763 1647 838 μάχης

485 859 595 922 Τῆς
625 852 762 927 πρὸς
794 850 1040 926 Καίσαρα
1071 847 1318 907 Γαϐαλᾶν
1346 852 1655 921 ἀποστάτην
1688 872 1700 883 ·

487 941 554 998 Εἴ
584 944 674 996 καὶ
704 943 952 1017 τριήρεις
978 941 1067 996 καὶ
1091 939 1348 1014 δυνάμεις
1380 940 1444 996 αῦ
1475 939 1640 995 πάλιν

493 1027 867 1103 Παλαιολόγιρ
897 1027 1176 1105 παραδοὺς
1205 1029 1566 1104 Ἀνδρονίκῳ,

302 1123 448 1178 8150
485 1122 581 1177 Ὃν
615 1120 734 1194 εἶχε
766 1117 1088 1192 δομέστικον
1121 1119 1282 1194 μέγαν
1317 1124 1396 1190 τῷ
1425 1120 1568 1190 τότε,

490 1209 634 1282 Πρὸς
666 1209 764 1276 τήν
799 1204 984 1262 Ῥόδον
1016 1207 1272 1284 πέπομφε
1299 1209 1412 1262 κατ’
1445 1207 1748 1262 ἀποπάτου
1781 1223 1793 1237 ’

488 1298 655 1353 Ἀλλ’
683 1296 775 1352 οῦν
809 1297 1061 1371 μετρίους
1091 1293 1423 1372 παραλαϐὼν
1459 1295 1710 1364 ὁπλίτας,

491 1391 728 1450 ’Ὁπλοις
754 1387 1006 1462 ἀπεῖργεν
1039 1385 1315 1462 ἐκδρομὰς
1345 1391 1464 1448 τοῖς
1505 1385 1775 1446 Λατίνοις.

496 1477 601 1534 Καὶ
630 1477 697 1531 τὰ
726 1478 864 1531 κατὰ
896 1475 1082 1551 μάχην
1118 1475 1175 1530 δὲ
1201 1477 1301 1545 τήν
1333 1475 1658 1547 ἀποστάτου,

313 1571 463 1626 8155
502 1565 681 1625 Αἴσιον
716 1563 848 1640 ἔσχε
877 1563 1244 1638 Παλαιολόγῳ
1274 1567 1464 1640 πέρας,

492 1656 597 1712 Καὶ
627 1655 764 1709 κατὰ
794 1659 920 1709 νοῦν
947 1654 1192 1709 τείνοντα
1219 1658 1316 1708 τοῦ
1351 1651 1641 1729 βασιλέως.

490 1749 604 1803 Τοῦ
636 1743 973 1819 λατινάρχου
1002 1741 1047 1798 δ’
1080 1741 1470 1804 ἐκλελοιπότος
1504 1742 1641 1817 βίον,

497 1833 827 1910 Κληροῦχος
861 1835 1043 1908 ἀρχῆς
1074 1831 1410 1895 Βαλδουϊνος
1438 1835 1668 1908 γίνεται,

487 1927 688 1987 ’Ἥπιος
718 1923 881 1999 ἀνὴρ,
912 1923 1270 2001 σωφρονικὸς,
1302 1922 1518 1997 χαρίεις
1548 1940 1560 1953 ’

305 2017 450 2073 8160
489 2015 654 2084 ’Ἀναξ
684 2011 742 2067 δὲ
769 2013 936 2074 τιθεὶς
965 2019 1081 2075 τοῖς
1119 2011 1384 2083 ὑπηκόοις
1414 2014 1615 2083 σθένος,

493 2105 596 2160 Καὶ
627 2109 746 2167 τοῖς
778 2105 867 2158 ὑπ’
897 2103 1059 2157 αὐτὸν
1093 2105 1275 2158 ἄστεσι
1301 2102 1391 2156 καὶ
1420 2103 1660 2177 χωρίοις

495 2193 796 2268 Εἰρηνικήν
829 2192 1079 2265 σύναρσιν
1113 2191 1219 2246 εἴτε
1248 2191 1336 2246 καὶ
1367 2190 1597 2259 πλάτος,

491 2281 792 2343 Ἐναντίοις
825 2280 882 2336 δὲ
905 2283 1172 2350 συστολὴν
1206 2282 1294 2335 καὶ
1327 2279 1555 2351 δειλίαν,

496 2369 679 2440 Κῆδός
711 2392 770 2426 τε
793 2369 1105 2440 κατήλλαξε
1140 2369 1428 2443 μνηστείαν
1458 2371 1504 2424 0’
1535 2371 1648 2443 ἅμα

303 2464 457 2520 8165
496 2462 637 2528 Πρὸς
657 2462 748 2515 τὸν
781 2465 1086 2536 κρατοῦντα
1116 2459 1448 2534 Βουλγάρων
1478 2459 1570 2514 τὸν
1603 2457 1856 2530 Ἀσάνην,

489 2551 589 2605 Καὶ
621 2551 786 2605 πιστᾶ
817 2551 1146 2605 συντέθεικεν
1182 2550 1341 2623 ὅρκια
1371 2546 1561 2617 πάλιν,

493 2638 742 2702 Σπονδάς
771 2639 1086 2713 ἐνωμότους
1113 2660 1170 2694 τε
1199 2639 1288 2693 καὶ
1322 2638 1638 2716 συμφωνίας
1675 2656 1687 2670 ο

489 2732 575 2792 Ὡς
605 2728 654 2785 εἴ
681 2729 930 2802 παρείκοι
964 2734 1320 2804 συγκροτοὶτο
1346 2727 1699 2805 προσφόρως,

499 2821 600 2876 Καὶ
637 2824 996 2893 συμμαχοῖτο
1027 2820 1164 2894 πρὸς
1201 2818 1382 2892 μάχας
1416 2815 1665 2871 ἐναντίων
1701 2831 1716 2846 ⁸

307 2913 460 2968 8170
502 2910 599 2965 Καὶ
631 2909 796 2966 πάλιν
827 2910 873 2964 εἰ
906 2907 1082 2965 δέοιτο
1117 2910 1301 2984 χειρὸς
1330 2907 1610 2978 Αὐσόνων,

500 2999 884 3057 Καταπολαύει
917 2999 1245 3074 Βουλγάρων
1278 2997 1621 3074 ἀρχηγέτης.

500 3089 716 3145 Τούτων
754 3089 1110 3166 πραχθέντων
1145 3090 1306 3160 ὅνπερ
1340 3087 1577 3160 εἰρήκειν
1602 3082 1825 3162 τρόπον,

500 3181 836 3255 Συνέρχεναι
867 3175 933 3247 δὴ
967 3177 1103 3251 πρὸς
1137 3176 1301 3232 πόλιν
1329 3177 1426 3245 τὴν
1461 3174 1703 3230 Καλλίου

499 3269 644 3324 Μετᾶ
674 3270 931 3323 συνεύνου
956 3267 1045 3321 καὶ
1078 3266 1346 3341 Θυγατρὸς
1371 3264 1620 3335 Ἑλένης,

311 3363 460 3418 8175
499 3359 653 3415 Ἀσὰν
687 3357 905 3433 βασιλεῖ
934 3356 1022 3411 καὶ
1059 3354 1298 3431 βασιλίδι
1330 3355 1473 3426 τότε,

496 3448 601 3504 Καὶ
633 3447 948 3502 συντελοῦσι
981 3447 1264 3522 συνάφειαν
1299 3446 1482 3515 υἱέων,

502 3534 787 3611 Θεοδώρου
820 3537 1062 3610 Λάσκαρι
1086 3535 1514 3610 συνεζευγμένου

499 3627 658 3683 Ἀσάν
691 3625 915 3702 θυγατρὶ
945 3623 1082 3679 κατά
1110 3625 1317 3696 νόμους
1347 3622 1539 3697 Ἑλένῃ
1563 3639 1576 3654 ⁸

504 3715 824 3788 Ἐπευλὸγει
859 3711 916 3768 δὲ
941 3712 1071 3775 τοὺς
1103 3714 1316 3788 γάμους
1344 3711 1648 3787 ἀρχιθύτης

308 3808 461 3863 8180
500 3809 653 3868 Θεῖος
686 3805 960 3878 Γερμανὸς
993 3801 1293 3877 συμπαρὼν
1321 3799 1695 3874 τελουμένοις,

505 3897 600 3966 Τῷ
627 3897 929 3964 τηνικαῦτα
954 3893 1342 3966 ποιμενάρχης
1373 3885 1644 3965 Τρινόϐου

503 3985 596 4055 Τῷ
626 3982 972 4059 Βουλγαρίας
1001 3983 1114 4055 (81)
1151 3979 1510 4052 ὑποκείμενος
1541 3981 1741 4055 θρόνῳ,

505 4073 621 4129 Οὐκ
651 4070 752 4126 οἶδ’
784 4070 936 4133 ὅπως
966 4071 1184 4143 κέκριτο
1217 4065 1446 4123 συνόδου
1475 4068 1648 4143 κρίσει

503 4161 838 4234 Θεσπίσματί
867 4181 928 4216 τε
955 4163 1052 4215 τοῦ
1081 4162 1409 4235 κρατοῦντος
1440 4157 1695 4214 Αὐσόνων

320 4254 468 4309 8185
507 4252 691 4324 Τιμῆν
723 4249 1071 4324 πατριάρχου
1097 4270 1158 4324 γε
1186 4247 1275 4303 καὶ
1306 4248 1504 4317 κλῆσιν
1537 4241 1706 4323 ἔχειν,

507 4337 722 4410 meo»;
749 4334 1005 4394 τινὸντων
1037 4343 1147 4394 τῶν
1177 4338 1518 4411 κρατούντων
1554 4337 1605 4392 οἱ
1636 4338 1822 4413 χάριν.

506 4427 660 4486 Ἐπεὶ
694 4426 740 4483 δ’
771 4425 1136 4500 ἐπεπλήρωτο
1167 4427 1233 4481 τὰ
1261 4427 1397 4481 κατὰ
1424 4425 1657 4502 γάμους,

510 4517 740 4581 Βασιλὶς
771 4517 985 4593 Εἶ’ρήνη
1022 4517 1116 4589 μὲν
1151 4517 1264 4589 ἅμα
1291 4517 1548 4592 νυμφίοις

662 4605 704 4628 es,
742 4609 756 4624 τ
1045 4607 1057 4624 ε
1162 4604 1175 4622 \
1264 4601 1273 4621 '
1401 4604 1412 4621 '
1593 4625 1604 4636 .

585 4621 686 4662 καο
733 4607 897 4680 απῄει
928 4627 1067 4661 κατα
1093 4627 1223 4668 τους
1249 4605 1326 4660 ἓω
1354 4625 1555 4666 τυπους

330 4699 479 4755 8190
518 4697 661 4772 Πρὸς
695 4696 904 4754 Μυσίαν
939 4692 986 4749 δ’
1017 4692 1082 4749 αῦ
1107 4697 1142 4764 ἡ
1175 4692 1392 4769 βασιλὶς
1422 4691 1772 4769 Βουλγάρων.

512 4788 648 4848 Δυάς
679 4783 722 4840 δ’
757 4785 1002 4840 ἀνάκτων
1035 4784 1128 4838 σὺν
1164 4781 1418 4857 δυνάμεσι
1450 4781 1615 4838 πάλιν

512 4873 856 4932 Μακεδονίαν
890 4871 1198 4948 κατέδραμε
1225 4873 1313 4927 καὶ
1347 4872 1584 4948 Θρᾴκην,

515 4964 616 5018 Καὶ
647 4963 910 5034 Λατινικὰ
938 4959 1123 5038 χωρία
1149 4983 1207 5017 τε
1233 4962 1323 5016 καὶ
1355 4960 1546 5022 πόλεις

510 5055 715 5117 Αὐτοῖς
751 5051 955 5109 διεῖλον
989 5052 1080 5107 καὶ
1111 5052 1377 5126 κατέσχον
1408 5050 1643 5125 ἀμάχως
1675 5066 1688 5079 '

327 5146 476 5202 8195
517 5144 598 5202 Τά
627 5141 850 5198 Μάδυτα
882 5143 994 5216 (82)
1031 5142 1124 5215 μὲν
1157 5140 1246 5195 καὶ
1271 5139 1614 5216 Χερρονήσου
1643 5138 1828 5195 πλάκα

508 5231 683 5289 Πόλιν
715 5230 961 5288 Καλλίου
994 5232 1086 5285 σὺν
1119 5225 1233 5306 ὄρει
1262 5251 1320 5284 τε
1347 5233 1445 5284 τοῦ
1478 5231 1648 5284 Γάνου

509 5321 684 5398 Mam
714 5322 1094 5394 παρεστήσατο
1124 5320 1371 5395 προφοάς
1404 5320 1431 5372 ὁ
1461 5319 1700 5394 κράτωρ,

511 5411 590 5468 Οῦ
615 5411 706 5466 καὶ
737 5408 906 5465 πόλιν
939 5407 1115 5464 ἔκτισε
1140 5407 1277 5484 πρὸς
1308 5404 1478 5470 πόδας
1513 5406 1678 5483 ὅρους
1714 5427 1728 5441 ·

510 5503 724 5576 Ἀρχῆς
752 5498 799 5556 δ’
827 5502 990 5576 ὅρους
1022 5493 1214 5569 ἔπηξεν
1243 5496 1376 5573 ἄχρι
1409 5497 1688 5574 Μαρίτζης
1721 5516 1734 5528 ⁸

403 5661 523 5733 (81)
563 5661 798 5717 Rectius
843 5659 1181 5730 Acropolita
1224 5658 1307 5715 ait
1324 5651 1990 5733 _vaa-cavmvopn6)iemc.

331 5731 540 5804 Neque
571 5738 726 5790 certe
754 5733 1020 5788 Joannes
1052 5734 1290 5787 Gnaeus
1322 5731 1638 5802 imperator
1693 5731 1993 5804 decretum

335 5802 700 5863 con—didisset
732 5806 805 5862 de
837 5805 1251 5876 episcoporum
1287 5804 1672 5875 Bulgarorum
1721 5802 1878 5859 inter
1931 5819 1997 5861 se

1996 1956 2043 2021 B

2003 3330 2046 3397 C

1833 447 2198 513 CBSARES.

1990 585 2044 650 Α
2075 580 2332 636 Joannes
2364 581 2521 636 enim
2552 580 2873 652 imperator
2902 571 3099 635 noster-

2071 672 2304 727 validus
2331 676 2456 727 erat
2485 672 2631 727 obex
2661 675 2717 727 et
2748 671 3139 727 adversarius.

2070 762 2176 826 Qui
2210 779 2542 834 quanquam
2577 762 2729 818 bello
2757 762 2850 816 vix
2877 761 3220 833 perfunctus
3253 760 3440 817 fuerat

2074 853 2354 906 adversus
2387 851 2661 906 Gabalam
2695 852 2977 907 Caesarem
3013 850 3287 907 rebellem
3322 867 3336 904 :

2075 945 2132 994 et
2163 957 2502 1011 quanquam
2539 956 2714 996 naves
2747 941 2924 996 etiam
2957 956 3086 994 cum
3123 939 3410 997 militibus

2075 1029 2411 1084 Andronico
2444 1029 2692 1085 traditas
2725 1028 3045 1100 Palazologo

2073 1117 2194 1188 (qui
2231 1135 2483 1185 magnus
2514 1117 2596 1171 illi
2630 1123 2768 1173 tunc
2799 1121 2924 1173 erat
2952 1117 3332 1183 domesticus)

2073 1208 2311 1263 rebellis
2343 1225 2520 1263 causa
2551 1209 2820 1263 Rhodum
2854 1209 3312 1274 amandaveratz

2073 1301 2332 1353 attamen
2371 1298 2568 1365 paucis
2602 1298 2856 1366 stipatus
2890 1295 3180 1350 militibus

2074 1387 2256 1442 armis
2291 1387 2526 1442 Latinas
2560 1385 2924 1439 incursiones
2957 1383 3192 1454 repulit.

2074 1483 2320 1548 Insuper
2351 1493 2607 1549 pugnam
2642 1476 2924 1530 adversus
2956 1472 3234 1532 rebellem

2076 1583 2354 1639 prospero
2386 1570 2590 1622 eventu
2626 1565 2810 1636 gessit
2831 1563 3188 1635 Palaeologus

2073 1663 2130 1714 et
2158 1675 2227 1714 ex
2253 1657 2542 1714 sententia
2571 1654 2812 1710 Caesaris
2841 1652 3105 1709 Joannis.

2078 1751 2432 1818 lmperatore
2462 1746 2804 1801 Latinorum
2831 1748 3087 1807 mortuo,

2076 1839 2260 1893 haeres
2293 1837 2607 1907 imperium
2643 1834 2964 1890 Balduinus
2993 1833 3160 1901 adiit,

2075 1928 2162 1982 vir
2191 1928 2350 1983 mitis
2385 1943 2450 1983 ac
2475 1926 2780 1981 modestus
2811 1930 2870 1980 et
2899 1924 3213 1995 gratiosus.

2074 2020 2146 2073 At
2174 2019 2366 2074 Caesar
2396 2023 2593 2072 noster
2621 2015 2990 2071 subditorum
3023 2013 3211 2069 auctis

2073 2108 2322 2178 viribus,
2346 2111 2402 2162 et
2432 2124 2650 2162 securae
2683 2105 2844 2178 pacis
2876 2121 3118 2160 munere

2075 2216 2178 2270 per
2209 2202 2419 2253 cuncta
2447 2196 2680 2269 imperii
2703 2195 2917 2268 oppida
2949 2195 3216 2267 ﬂorente,

2077 2287 2509 2359 perterrefactis
2541 2286 2810 2341 hostibus
2842 2289 2896 2340 et
2925 2285 3247 2356 repressis;

2075 2378 2421 2433 afﬁnitatem
2455 2393 2710 2448 quoque,
2743 2374 3005 2446 quaesitis
3039 2375 3281 2446 nuptiis,

2075 2485 2206 2524 cum
2238 2467 2625 2540 Bulgarorum
2660 2482 2792 2537 rege
2821 2467 3009 2520 Asane
3032 2465 3252 2535 junxit,

2071 2561 2451 2630 juratamque
2483 2558 2658 2613 fidem
2687 2572 2894 2611 rursus
2927 2554 3138 2611 obtulit

2076 2651 2132 2702 et
2163 2647 2364 2701 ﬁrmas
2395 2644 2665 2700 amicitiae
2695 2643 3062 2699 conditiones
3092 2659 3105 2696 :
3177 2677 3181 2680 -

2076 2751 2287 2807 nempe
2318 2738 2384 2790 ut
2415 2733 2617 2790 utilem
2650 2749 2885 2804 operam
2920 2732 3210 2787 conferret
3241 2731 3351 2787 sibi

2077 2824 2366 2897 Bulgarus
2398 2829 2454 2878 et
2483 2823 2772 2879 bellorum
2806 2822 3003 2878 socius
3032 2822 3197 2877 ﬁeret
3227 2837 3241 2876 :

2076 2916 2232 2971 idem
2265 2914 2546 2981 vicissim,
2579 2915 2627 2969 si
2663 2914 2927 2969 Romano
2957 2911 3177 2967 auxilio

2080 3007 2226 3062 forte
2259 3006 2570 3077 indigeret,
2606 3005 2827 3058 frustra
2858 3020 2972 3057 non
3009 3002 3350 3074 requireret.

2082 3097 2180 3151 llis
2208 3095 2705 3167 quemadmodum
2734 3093 2849 3148 dixi
2880 3091 3238 3159 constitutis,

2081 3186 2376 3258 profectus
2399 3191 2490 3240 est
2520 3190 2747 3239 Asanes
2779 3182 3144 3253 Calliopolim

2080 3292 2215 3333 cum
2251 3275 2362 3331 tori
2395 3275 2572 3342 socia,
2609 3273 2845 3343 {iliaque
2877 3272 3115 3342 Helena,

2081 3368 2150 3423 ad
2185 3370 2467 3421 Caesarem
2503 3365 2890 3438 reginamque
2922 3367 3269 3434 praesentem
3303 3362 3408 3431 ibi,

2077 3460 2135 3514 et
2163 3457 2481 3512 liberorum
2513 3455 2886 3510 celebrarunt
2915 3452 3152 3524 nuptias
3177 3469 3191 3520 ;

2079 3547 2293 3604 Asanis
2323 3563 2536 3618 nempe
2561 3545 2682 3601 lilia
2711 3546 2885 3600 datur
2914 3544 3135 3600 Helena

2079 3637 2312 3695 Lascari
2342 3637 2640 3694 Theodoro
2673 3637 2730 3691 in
2765 3635 3212 3694 matrimonium

2082 3727 2496 3799 benedixitque
2529 3726 2750 3795 nuptiis
2782 3724 3114 3797 patriarcha

2082 3817 2165 3872 rei
2197 3822 2374 3890 gesta:
2406 3834 2666 3888 praesens
2695 3817 3022 3872 Germanus
3051 3813 3424 3871 venerabilis.

2082 3910 2369 3980 Tempore
2397 3907 2496 3964 illo
2527 3907 2779 3963 Ternobi
2813 3906 3193 3978 archipraesul

2087 3995 2469 4069 metropolitae
2502 3995 2750 4067 Bulgaro
2777 3998 2949 4050 antea
2979 3995 3255 4050 subditus

2087 4085 2537 4159 patriarchalem
2568 4083 2806 4138 titulum
2839 4082 3094 4137 obtinuit

2088 4175 2285 4232 nescio
2317 4191 2434 4246 quo
2461 4190 2638 4229 sacrae
2671 4172 2876 4246 synodi
2901 4171 3127 4242 judicio

2087 4266 2437 4336 decretoque
2468 4262 2645 4319 simul
2679 4262 2861 4317 nostri
2893 4259 3139 4317 Caesaris

2090 4356 2190 4427 qui
2222 4353 2496 4412 afﬁnitati
2526 4352 2736 4408 tribuit
2765 4351 2918 4406 hanc
2950 4351 3223 4422 gratiam.

2089 4449 2227 4501 Post
2257 4445 2578 4500 celebratos
2610 4441 2954 4514 nuptiarum
2982 4440 3131 4495 ritus

2090 4534 2295 4606 regina
2318 4535 2484 4588 Irene
2515 4547 2648 4586 cum
2684 4529 2918 4585 novitiis
2948 4528 3183 4601 sponsis

2094 4625 2153 4678 in
2187 4625 2471 4680 orientem
2506 4623 2690 4678 redux
2721 4623 2965 4677 domum
3000 4621 3162 4693 petiit
3190 4637 3203 4686 ;

2017 4705 2067 4769 Ι)
2096 4717 2154 4769 et
2185 4714 2432 4785 Bulgara
2463 4713 2666 4786 regina
2697 4714 2753 4768 in
2783 4711 3046 4767 Mcesiam
3082 4709 3272 4766 rediit.

2095 4808 2168 4860 At
2198 4821 2363 4878 reges
2395 4805 2567 4861 ambo
2599 4804 2799 4876 stipati
2830 4802 3184 4858 exercitibus

2096 4896 2405 4952 Thraciam
2435 4896 2963 4966 Macedoniamque
3020 4891 3465 4964 percurrebant,

2095 4987 2153 5039 et
2183 4983 2366 5039 latina
2395 4983 2636 5039 castella
2666 4983 2966 5053 urbesque
2997 4983 3197 5052 captas

2098 5075 2323 5146 absque
2353 5075 2554 5130 labore
2585 5074 2798 5129 bellico
2831 5072 3190 5128 dividebant.

2099 5163 2327 5236 Madyta
2357 5165 2593 5235 quidem
2628 5169 2684 5219 et
2716 5168 2968 5219 tractum
2998 5160 3362 5226 Chersonesi,

2100 5255 2328 5310 Ganum
2362 5255 2536 5310 etiam
2571 5259 2832 5310 montem
2865 5257 2924 5308 et
2953 5249 3325 5324 Calliopolim

2102 5350 2275 5401 antea
2306 5350 2506 5404 noster
2535 5345 2689 5402 bello
2717 5345 2910 5400 Csesar
2933 5347 3169 5416 ceperat
3199 5361 3214 5403 :

3619 455 3726 510 302

2103 5437 2388 5509 oppidum
2422 5453 2659 5510 quoque
2697 5438 2766 5494 ad
2801 5436 3023 5493 montis
3052 5435 3260 5507 pedem
3294 5435 3645 5491 struxeran-

2105 5526 2372 5600 ﬁnesque
2401 5528 2638 5601 imperii
2670 5527 2919 5602 protulit
2949 5527 3257 5583 Maritzam
3280 5541 3498 5597 usque;

2105 5662 2524 5734 praerogativis.

2177 5728 2304 5804 (92)
2323 5733 2441 5791 Hoc
2472 5750 2688 5791 nomen
2714 5750 2865 5790 vers.
2887 5732 3033 5788 7987'
3062 5732 3296 5789 effertur
3327 5728 3613 5800 singulari
3648 5744 3763 5784 nu-

2111 5821 2288 5862 mero.
