4076 6438
385 430 494 487 303
1608 430 1981 486 EPHRBMII
2015 428 2593 485 CHRONOGRAPHI

390 571 593 614 verum
624 554 891 628 regiones
916 553 1174 627 reliquas
1207 555 1275 611 ad
1308 555 1546 611 boream
1580 554 1728 610 sitas

393 664 494 703 rex
520 645 907 715 Bulgarorum
941 647 1053 703 sibi
1084 646 1421 702 vindicavit.

393 739 544 803 Quin
576 739 722 795 adeo
754 738 1075 813 Byzantina
1105 755 1292 811 usque
1322 739 1393 794 ad
1427 739 1645 795 moenia

396 846 531 886 cum
563 830 746 885 armis
776 830 950 885 ambo
983 845 1148 901 reges
1179 829 1747 901 appropinquarunt,

397 920 755 976 incutientes
787 921 1005 975 mirum
1036 919 1257 975 Latinis
1290 924 1513 974 metum
1550 935 1563 974 :

399 1024 599 1064 verum
632 1009 887 1064 instante
918 1008 1105 1065 hieme
1138 1026 1235 1064 rex
1267 1013 1513 1081 uterque

397 1096 458 1152 in
486 1113 660 1153 suum
696 1113 957 1153 reversus
988 1103 1077 1153 est
1105 1098 1315 1153 deinde
1346 1097 1684 1170 imperium.

396 1187 528 1243 Jam
560 1188 899 1244 Theodorus
929 1189 1305 1259 imperatoris
1336 1188 1495 1243 ﬁlius

397 1281 667 1352 impubes
698 1279 890 1335 adhuc
917 1285 1236 1350 teneraque
1263 1285 1447 1334 aetate.

395 1385 734 1440 quanquam
769 1367 971 1440 puella:
1005 1369 1265 1423 nondum
1299 1368 1546 1422 idoneus
1576 1372 1721 1434 erat,

393 1458 802 1515 diversabatur
829 1463 1028 1514 tamen
1060 1473 1190 1513 cum
1223 1474 1443 1529 eponsa
1484 1456 1701 1514 Helena

394 1548 549 1619 apud
579 1547 836 1619 reginam
871 1551 1122 1603 matrem
1155 1547 1649 1603 amantissimam.

394 1637 506 1693 Sed
535 1638 692 1694 enim
725 1644 902 1708 Asan,
937 1644 1001 1694 ut
1031 1639 1268 1693 credere
1299 1654 1404 1709 par
1436 1642 1579 1708 erat,

394 1732 569 1801 gestae
600 1745 733 1784 cum
766 1732 967 1784 nostro
998 1731 1218 1784 Caesare
1251 1728 1329 1784 rei
1365 1727 1676 1800 paenitens,

397 1819 583 1875 misso
613 1818 828 1891 legato,
863 1812 1135 1891 precibus
1167 1818 1475 1875 tallacibus

396 1908 470 1964 ad
505 1925 567 1965 se
598 1908 799 1964 reduci
833 1909 1000 1980 petiit
1030 1908 1212 1964 ﬁliam
1241 1926 1436 1977 suam,

397 2000 463 2052 ut
492 1997 621 2069 ejus
652 1996 908 2068 alloquio
939 2001 996 2052 et
1024 1996 1150 2052 visu
1179 1998 1492 2066 frueretur,

396 2088 588 2160 quoad
617 2092 950 2144 versaretur
979 2087 1039 2143 in
1070 2087 1349 2143 Hadriani
1376 2088 1519 2143 urbe

394 2178 643 2250 conjuge
670 2194 802 2233 curn
834 2176 1045 2233 dilecta
1070 2180 1129 2232 et
1160 2193 1293 2232 cum
1324 2178 1577 2233 exercitu
1607 2194 1621 2246 ;

392 2267 464 2322 ad
498 2283 782 2338 sponsum
813 2283 986 2322 suum
1019 2270 1223 2338 postea
1252 2283 1639 2323 reversuram.

396 2356 580 2429 Igitur
606 2357 847 2413 missam
883 2356 1062 2411 filiam
1097 2372 1311 2428 parens
1345 2357 1605 2428 perfidus

395 2445 550 2502 haud
574 2449 698 2518 jam
735 2446 981 2513 remisit,
1014 2445 1435 2516 lacrymantem
1468 2446 1623 2514 licet,

393 2539 978 2611 neque'promissum
1011 2538 1266 2593 reditum
1300 2539 1589 2594 concessit
1622 2555 1635 2593 :

395 2646 600 2686 verum
631 2645 764 2685 cum
794 2628 922 2699 ipsa
953 2629 1099 2684 abiit
1130 2628 1188 2684 in
1222 2629 1531 2695 Moesiam;

393 2721 641 2777 comites
670 2724 898 2776 tantum
923 2726 1074 2775 retro
1098 2720 1283 2791 jussit
1311 2721 1535 2776 cedere.

395 2813 529 2868 Mox
555 2810 783 2867 inﬁnita
814 2809 1165 2883 Scytharum
1196 2810 1509 2866 multitudo

394 2902 544 2957 Istro
572 2901 820 2971 trajeeto
851 2915 987 2954 cum
1021 2898 1257 2954 feminis
1288 2916 1354 2955 ac
1385 2899 1607 2969 liberis,

393 2991 577 3045 invito
607 2994 816 3059 Asane,
849 3005 953 3061 per
979 2989 1213 3044 {Emum
1247 2996 1421 3060 atque
1451 2990 1769 3063 Rhodopen

393 3079 583 3136 effusa
613 3083 704 3135 est
732 3079 792 3134 in
824 3095 1034 3151 agrum
1069 3078 1440 3147 Macedoniae,

392 3187 528 3226 cum
560 3169 835 3226 universa
865 3168 1118 3225 Thracia
1151 3170 1305 3225 hunc
1335 3171 1699 3243 depopulans
1734 3191 1749 3230 :

390 3262 722 3334 Enumque
754 3278 943 3332 usque
973 3266 1365 3334 pervenerunt
1397 3263 1597 3319 urbem

393 3357 566 3423 atque
594 3353 664 3407 ad
699 3352 973 3435 occiduas
1003 3350 1140 3407 item
1176 3356 1369 3423 partes
1394 3353 1617 3426 Scytha:
1652 3372 1665 3411 :

392 3460 640 3517 quorum
674 3441 773 3499 alii
805 3442 1005 3498 liberis
1036 3443 1402 3515 vagabantur
1431 3444 1708 3502 tribubus

393 3551 512 3608 qua
542 3550 604 3591 e
633 3534 854 3590 ﬂumen
884 3533 1110 3589 Hebrus
1141 3534 1201 3588 in
1234 3550 1396 3590 mare
1426 3542 1740 3605 exonerat;

391 3627 493 3683 olii
517 3624 821 3698 occupatis
850 3623 1070 3680 villulis
1102 3625 1377 3696 utrinque

394 3722 455 3776 in
477 3720 659 3790 hujus
690 3718 835 3773 hora
864 3715 1177 3772 stationem
1210 3716 1477 3785 ﬁxerant,

391 3814 449 3866 et
479 3826 582 3882 per
610 3807 914 3880 planitiem
944 3806 1185 3878 locaque
1210 3806 1543 3877 maritima;

386 3900 546 3955 unde
575 3901 816 3954 ruentes
844 3896 1056 3968 praedis
1089 3895 1477 3966 indulgebant

383 3990 527 4045 urbe
557 3986 865 4060 capiendo,
900 4002 1081 4058 pagos
1107 3990 1424 4056 exurendo,

376 4076 646 4151 Scythica
675 4075 895 4147 ubique
926 4075 1075 4131 facta
1102 4075 1441 4131 solitudine.

373 4167 640 4239 Denique
670 4166 958 4237 captivam
990 4165 1225 4221 turbam
1255 4165 1316 4221 in
1349 4166 1564 4223 Graecis
1597 4166 1848 4223 urbibus

371 4257 556 4314 hastas
584 4256 952 4328 suppositam
986 4256 1232 4327 pecunia
1261 4257 1723 4314 commutabant.

366 4350 472 4403 Ast
503 4346 780 4402 Italorum
806 4346 1124 4418 impudens
1154 4361 1297 4417 gens
1330 4345 1633 4419 fcedifraga

367 4435 590 4507 ingenti
623 4437 905 4490 adversus
937 4438 1173 4489 nostros
1204 4433 1291 4488 ira
1322 4438 1648 4491 exaestuans

366 4526 438 4580 ob
469 4523 721 4580 inﬂictas
752 4540 785 4578 a
815 4526 1036 4577 Caesare
1066 4521 1261 4577 clades
1290 4522 1504 4592 varias,

363 4631 500 4670 eum
528 4613 759 4687 Scythis
791 4617 849 4668 et
878 4614 1067 4668 Asane
1097 4611 1284 4668 foedus
1316 4613 1574 4686 pepigit;

361 4708 420 4758 et
452 4702 535 4757 sic
566 4716 701 4757 cum
735 4699 918 4755 armis
950 4698 1237 4768 Scythicis
1263 4705 1320 4756 et
1344 4700 1668 4773 Bulgaricis

360 4796 565 4849 contra
594 4796 929 4849 Romanum
962 4791 1248 4846 Caesarem
1280 4791 1596 4849 commovit
1625 4793 1869 4852 bellum.

358 4887 507 4954 Ergo
539 4883 916 4937 accesserunt
946 4880 1018 4936 ad
1049 4879 1287 4936 Tzuruli
1320 4899 1528 4950 arcem,

355 4976 532 5042 atque
561 4969 713 5027 hanc
735 4969 1029 5026 machinis
1058 4971 1318 5043 undique
1350 4973 1655 5045 cingentes

354 5061 607 5117 summis
639 5060 1064 5132 oppugnabant
1094 5061 1321 5117 connisi
1352 5061 1599 5131 viribus,

349 5148 563 5219 jaculis
594 5165 663 5204 ex
693 5150 938 5205 adverso
970 5150 1245 5222 saxisque
1267 5150 1469 5221 jaetis,

351 5241 529 5309 atque
557 5238 868 5293 tormentis
900 5254 1100 5295 muros
1124 5240 1509 5295 suifodientes

349 5326 497 5382 nihil
528 5325 752 5383 excidio
782 5327 1061 5384 idoneum
1084 5329 1455 5385 omittebant.

346 5419 562 5471 Verum
594 5431 801 5471 omnes
827 5415 1136 5487 machinas,
1165 5434 1358 5489 arcus,
1397 5417 1510 5475 tela

342 5503 403 5559 in
435 5503 668 5560 irritum
701 5504 1016 5575 lusumque
1049 5505 1409 5561 recidebant.

336 5592 475 5648 Erat
506 5592 664 5649 enim
700 5593 855 5650 arcis
882 5609 1097 5664 praeses
1127 5595 1361 5665 duxque
1391 5595 1527 5651 belli

334 5680 704 5754 Nicephorus
733 5685 791 5738 et
822 5681 1061 5737 nomine
1084 5686 1142 5738 et
1173 5682 1340 5739 factis
1370 5683 1556 5740 victor

335 5769 866 5828 Tarchaniotarum
885 5768 1135 5842 ,genitus
1167 5770 1411 5841 familia,

2072 556 2131 622 Α
2157 553 2300 608 8200
2337 553 2419 609 Τὰ
2443 549 2490 607 δ’
2518 550 2583 607 αὖ
2613 553 2731 609 κατ’
2758 549 2953 627 ἄρκτον
2986 550 3416 629 προσνενευκότα
3453 553 3593 629 μέρη

2346 642 2614 717 Κληρουχ
2622 641 2699 697 ίαν
2735 641 2930 721 εἵληφε
2958 643 3290 719 Βουλγάρων
3323 640 3471 713 ἅναξ.

2334 732 2436 786 Καὶ
2468 732 2631 806 μέχρι
2666 730 2711 787 δ’
2744 731 2919 787 αὐτῶν
2947 734 3176 808 τειχέων
3206 730 3530 803 Βυζαντίδος

2336 826 2596 883 ’Ἄνακτες
2630 820 2796 899 ἄμφω
2824 820 3298 899 προσπελάζουσιν
3327 820 3544 893 ὅπλοις,

2339 909 2437 964 Καὶ
2467 911 2659 966 πτοίαν
2692 908 2807 967 ο⁹ίαν
2829 910 3096 975 ἐντιθοῦσι
3127 910 3379 974 Λατίνοις
3417 931 3431 944 ·

2155 999 2298 1054 8205
2334 999 2618 1077 Ἑκάτερος
2649 998 2695 1056 δ’
2722 997 2906 1057 ἔπειτα
2936 1006 3042 1058 τῶν
3075 1000 3344 1077 βασιλέων

2333 1090 2626 1163 Χειμῶνος
2660 1089 2981 1167 ὑπέστρεψεν
3016 1089 3093 1154 είς
3123 1091 3482 1168 κραταρχίαν.

2332 1178 2393 1234 Ὁ
2428 1174 2523 1251 μέν
2551 1199 2612 1255 γε
2642 1177 2922 1255 Θεόδωρος
2954 1181 3183 1242 ἄνακτος
3210 1180 3372 1257 γόνος

2332 1263 2582 1338 ’Ἂνηϐος
2615 1265 2689 1324 ὤν
2720 1291 2805 1333 τις
2836 1271 2926 1325 καί
2957 1271 3226 1335 νεώτατος
3251 1270 3429 1348 φύσει,

2336 1357 2394 1413 Εἰ
2424 1360 2513 1414 καὶ
2545 1357 2731 1430 συνηει
2765 1359 3038 1435 μηδαμῶς
3069 1383 3133 1437 γε
3159 1367 3229 1437 τῇ
3254 1362 3412 1439 κόρῃ,

2153 1457 2295 1511 8210
2334 1456 2487 1526 Πλὴν
2517 1456 2644 1514 ἀλλ’
2675 1460 2878 1529 ἀνῆκτο
2910 1459 3003 1514 σὺν
3035 1460 3226 1536 Ἑλένῃ
3262 1460 3478 1536 συζύγῳ

2334 1546 2477 1620 Πρὸς
2510 1545 2794 1621 βασιλίδος
2824 1549 3069 1623 εὐμενῶς
3101 1548 3454 1627 φιλοφρόνως
3485 1570 3497 1583 ·

2333 1635 2750 1708 Μεταμεληθεὶς
2780 1635 2828 1692 δ’
2850 1638 2926 1701 ὡς
2958 1638 3084 1708 ἐνῆν
3116 1639 3429 1711 ἀπεικάσαι,

2335 1725 2451 1799 Ἐφ’
2482 1727 2565 1787 οἷς
2596 1726 2758 1781 Ἀσᾶν
2790 1723 3013 1802 δέδρακε
3042 1729 3180 1803 πρὸς
3211 1728 3464 1806 βασιλέα,

2334 1812 2561 1879 Στείλας
2589 1815 2727 1888 πρὸς
2755 1815 2914 1872 αὐτὸν
2944 1816 3233 1894 ἑκλιπαρεῖ
3260 1817 3353 1874 σὺν
3388 1815 3540 1892 δόλῳ

2072 1924 2121 1990 Β
2152 1904 2293 1959 8215
2329 1904 2494 1975 Αὐτῷ
2525 1903 2791 1973 σταλῆναι
2821 1908 2920 1976 τὴν
2954 1904 3124 1983 φίλην
3156 1908 3421 1985 θυγατέρα

2332 1993 2693 2069 Προσρήσεώς
2720 2016 2779 2049 τε
2806 1996 2896 2051 καὶ
2928 1994 3096 2074 φίλης
3129 1998 3251 2061 θέας
3283 2000 3446 2075 χάριν

2330 2082 2416 2136 Ἐν
2449 2079 2773 2159 Ἀνδριανοῦ
2801 2088 2869 2158 τῇ
2896 2084 3056 2141 πόλει
3087 2088 3443 2161 σκηνουμένῳ

2330 2171 2485 2227 Μετᾶ
2515 2179 2766 2247 στρατιᾶς
2796 2173 2888 2229 καὶ
2920 2176 3172 2230 συνεύνου
3203 2175 3498 2254 φιλτάτης,

2333 2260 2492 2317 Μετὰ
2525 2259 2571 2314 δ’
2603 2260 2889 2332 ἐπανήκειν
2918 2285 2978 2340 γε
3005 2265 3144 2340 πρὸς
3167 2267 3258 2320 τὸν
3290 2268 3560 2341 γαμέτην.

2151 2360 2293 2414 8220
2333 2356 2633 2414 Σταλεῖσαν
2665 2362 2860 2417 οὐκοῦν
2893 2359 3221 2437 προσλαϐὼν
3251 2366 3594 2443 φυτοσπόρος

2332 2446 2542 2505 Οὔκουν
2581 2452 2785 2522 μεθῆκε
2813 2451 2902 2506 καὶ
2936 2449 3271 2527 δακρύουσαν
3305 2452 3457 2528 μάλα

2336 2535 2791 2613 Ἐπαναδραμεῖν,
2826 2541 2900 2603 ὡς
2935 2542 3250 2619 ὑπόσχεσις,
3282 2543 3446 2600 πάλιν
3479 2562 3493 2577 ⁸

2335 2627 2509 2684 Ἀλλὰ
2540 2627 2632 2683 σὺν
2662 2629 2796 2703 αὐτῇ
2829 2631 2965 2706 πρὸς
3001 2631 3219 2695 Μυσοὺς
3245 2634 3566 2710 ἀποτρέχει,

2334 2720 2529 2782 Μεθείς
2561 2718 2800 2783 ὀπαδοὺς
2830 2722 2969 2777 ἱέναι
3000 2721 3413 2799 παλινδρόμους
3446 2743 3459 2757 ⁶

2155 2809 2298 2864 8225
2331 2810 2460 2865 Εἶτα
2490 2811 2756 2866 Σκυθικὸν
2791 2814 3159 2889 μυριάριθμον
3198 2814 3378 2892 ττίφος

2334 2898 2543 2973 Ἵστρον
2577 2901 2815 2975 περάσαν
2848 2901 2942 2956 σὺν
2974 2903 3183 2975 γυναιξὶ
3213 2903 3302 2959 καὶ
3332 2903 3563 2974 τέκνοις,

2335 2993 2604 3054 ’Ἃκοντος
2632 2991 2821 3060 Ἀσάν,
2853 2990 2924 3047 δι’
2951 2992 3131 3067 Α⁹ίμου
3155 2995 3243 3050 καὶ
3278 2992 3548 3069 Ῥοδόπης

2334 3075 2523 3149 Χύδην
2558 3079 2765 3149 ἐπῆλθε
2797 3079 3134 3145 Μακεδονίας
3163 3086 3380 3157 τόποις,

2336 3171 2435 3222 Καὶ
2465 3166 2620 3238 τήνδ’
2652 3167 2943 3239 ἐληίσαντο
2975 3170 3067 3227 σὺν
3102 3173 3244 3247 πάσῃ
3273 3174 3475 3249 Θρᾴκῃ,

2074 3295 2117 3363 C
2155 3257 2298 3313 8230
2335 3256 2433 3363 Εἲς
2463 3258 2612 3363 Αἶνον
2638 3258 3176 3363 ,αὐτήνιπεφθακότες
3203 3265 3303 3333 τήν
3336 3263 3519 3334 πόλιν,

2335 3345 2436 3401 Καὶ
2459 3346 2526 3400 τὰ
2554 3347 2690 3422 πρὸς
2718 3347 2944 3422 ἑσπέρας
2976 3370 3040 3425 γι
3067 3349 3288 3406 νεύοντα
3322 3352 3459 3429 μέρη
3498 3374 3510 3385 -

2332 3438 2426 3491 Ὧν
2452 3437 2505 3490 οἱ
2538 3435 2633 3509 μὲν
2661 3437 2814 3512 εἶχον
2844 3438 2940 3502 τὰς
2969 3440 3143 3512 νομὰς
3174 3438 3482 3518 ἐλευθέρας,

2336 3524 2479 3579 Κατὰ
2509 3527 2759 3599 ποταμὸν
2796 3528 2965 3602 Εὗρον
3000 3527 3413 3604 ὠνομασμένον,

2330 3615 2427 3677 “Oc
2456 3609 2691 3679 ἐκϐολὰς
2718 3614 2932 3687 τίθησιν
2965 3617 3042 3680 είς
3072 3620 3435 3697 ’Λμφιτρίτην
3467 3641 3481 3655 ο

2149 3714 2293 3770 8235
2330 3714 2399 3770 Οἱ
2431 3710 2479 3767 δ’
2508 3712 2573 3768 αὖ
2599 3712 2950 3784 ένηυλίζοντο
2981 3714 3141 3772 τοῦδε
3164 3719 3419 3794 χωρίοις,

2327 3805 2441 3859 Κᾶν
2463 3809 2582 3868 τοῖς
2610 3803 2821 3867 πεδίοις
2850 3806 2939 3861 καὶ
2971 3806 3163 3871 τόποις
3194 3808 3509 3886 παραλίοις,

2327 3894 2442 3971 Ἐφ’
2473 3896 2545 3948 ὧν
2579 3891 2795 3968 ἐδήουν,
2829 3894 3117 3952 ἐσκύλευον
3148 3898 3215 3953 τὰ
3245 3900 3419 3976 πέριξ,

2321 3983 2615 4057 Αἰροῦντες
2646 3982 2803 4055 ἄστη,
2836 3985 3249 4060 πυρπολοῦντες
3278 3990 3480 4065 χωρία,

2318 4073 2417 4127 Καὶ
2446 4072 2621 4128 πάντα
2649 4072 2879 4149 δρῶντες
2915 4078 3187 4146 Σκυθικὴν
3221 4077 3455 4153 ἐρημίαν
3487 4099 3506 4116 ·

2136 4162 2279 4218 8240
2317 4160 2454 4224 Τοὺς
2487 4160 2536 4217 δ’
2565 4160 2963 4238 αἰχμαλώτους
2995 4166 3070 4228 εἰς
3099 4166 3293 4232 πόλεις
3319 4168 3415 4229 τὰς
3443 4170 3709 4228 Αὐσόνων

2311 4251 2633 4316 Πωλοῦντες
2663 4255 2801 4330 ἧγον
2832 4254 3075 4331 ἀργύρου
3105 4259 3193 4312 καὶ
3226 4260 3499 4334 χρυσίου.’

2311 4343 2387 4398 Τὸ
2420 4340 2467 4398 δ’
2496 4340 2720 4398 Ἰταλῶν
2754 4342 3078 4417 ἔκσπονδον,
3113 4344 3329 4413 ἀναιδὲς
3355 4351 3511 4423 γένος

2311 4433 2436 4487 Κατ’
2464 4432 2723 4487 Αὐσόνων
2763 4434 2923 4507 μῆνίν
2955 4456 3015 4490 τε
3040 4437 3127 4491 καὶ
3161 4436 3338 4512 χόλον
3377 4439 3570 4518 τρέφον

2308 4521 2424 4599 Ἐφ’
2448 4523 2531 4583 οἷς
2561 4523 2742 4584 κακῶς
2774 4522 3038 4588 πέπονθεν
3072 4524 3132 4580 ἐκ
3165 4525 3461 4601 βασιλέως,

2127 4618 2270 4675 8245
2310 4617 2587 4688 Συνῆλθεν
2620 4620 2782 4676 Ἀσᾶν
2806 4620 2896 4676 καὶ
2930 4624 3164 4685 Σκύθαις
3196 4622 3273 4686 εἷς
3300 4620 3601 4699 συμϐάσεις
3634 4648 3649 4663 ·

2134 4669 2265 4675 η--
2310 4669 2578 4688 _-.-,-.--.
2636 4669 2775 4676 --τω
2809 4669 2896 4676 --ω
2930 4669 3162 4685 -..--...,
3196 4669 3271 4686 -.ς
3302 4669 3555 4699 "ru--.

2047 4669 2097 4732 Β
2304 4707 2411 4764 Καὶ
2444 4707 2537 4763 σὺν
2572 4714 2794 4784 στρατιᾷ
2827 4714 3068 4786 Σκυθικῇ
3100 4713 3189 4767 καὶ
3222 4714 3555 4792 Βουλγάρων

2307 4802 2425 4857 Ἐπ’
2454 4801 2615 4857 αὐτὸν
2647 4802 2795 4875 ὁρμᾷ
2823 4804 2915 4858 τὸν
2944 4805 3264 4880 κρατάρχην
3296 4806 3578 4869 Αὐσόνων.

2301 4889 2389 4952 Ὡς
2423 4887 2469 4944 δ’
2498 4891 2634 4959 ἧκον
2668 4886 2770 4945 ἔνθ’
2800 4885 2981 4966 ἔρυμα
3008 4894 3365 4970 Τζουρούλου
3396 4896 3550 4954 πέλει

2302 4974 2698 5055 Περιλαϐόντες
2731 4986 3010 5055 μηχαναῖς
3037 4982 3233 5047 πάσαις
3262 4984 3408 5055 τόδε,

2119 5069 2263 5125 8%0
2302 5070 2505 5143 Μάχην
2539 5067 2623 5122 ἐπ’
2652 5066 2783 5122 αὐτὸ
2812 5071 3075 5145 καρτερὰν
3111 5074 3488 5150 συνεκρότουν,

2296 5158 2504 5227 Τόξοις,
2539 5156 2718 5221 λίθοις
2754 5157 3056 5233 βάλλοντες
3089 5161 3142 5232 ἐξ
3183 5160 3452 5233 ἀναντίας,

2297 5246 2395 5301 Καὶ
2433 5252 2713 5321 μηχαναῖς
2743 5246 3037 5312 τύπτοντες
3066 5251 3229 5307 αὐτοῦ
3257 5252 3352 5315 τὰς
3378 5255 3586 5330 βάρεις,

2296 5336 2396 5389 Καὶ
2420 5336 2593 5390 πάντα
2625 5333 2860 5410 δρῶντες
2892 5337 3031 5393 ὥστε
3059 5347 3336 5417 πορθῆσαι
3362 5341 3511 5403 τόδε.

2295 5422 2455 5479 Ἀλλ’
2485 5424 2621 5494 ἦσαν
2655 5424 2839 5489 αὐτοῖς
2871 5428 3138 5503 μηχαναὶ,
3169 5430 3320 5504 τόξα,
3357 5431 3519 5508 βέλη,

2111 5516 2254 5571 8255
2291 5511 2485 5570 Ἕωλα
2513 5516 2687 5569 πάντα
2717 5516 2808 5570 καὶ
2840 5519 3015 5594 σαφὴς
3046 5516 3300 5596 ληρωδία
3333 5542 3343 5552 ·

2288 5604 2351 5659 Ὁ
2379 5602 2478 5677 γὰρ
2509 5596 2615 5658 ἔσω
2643 5603 2996 5681 φρούραρχος
3026 5606 3063 5676 ἢ
3096 5611 3468 5686 πρατηγέτης

2284 5690 2607 5770 Νικηφόρος
2637 5691 2833 5764 κλήσει
2857 5714 2918 5749 τε
2947 5694 3037 5750 καὶ
3064 5697 3290 5771 τρόποις
3318 5696 3488 5756 πλέον

2280 5785 2718 5857 Ταρχανιιωτῶν
2751 5781 2813 5839 έκ
2841 5784 3034 5860 γένους
3065 5787 3433 5863 κατηγμένος,

3709 427 3815 485 304
