4076 6410
312 401 427 458 305

493 529 555 586 Ὁ
583 531 682 583 τοῦ
716 526 958 604 μεγάλου
988 526 1310 603 δομεστίκου
1340 531 1573 610 νυμφίος

311 620 458 675 8260
501 614 901 692 Παλάιολόγων
940 617 998 672 ἐκ
1027 617 1206 696 φυλῆς
1237 618 1611 694 Ἀνδρονίκου,

494 706 589 768 Εἰς
618 704 982 778 πρωτόπαιδα
1014 708 1225 783 Μαρίαν
1263 711 1548 785 Ουγατέρα,

497 799 611 864 Τῆς
648 794 927 871 βασιλείου
959 799 1231 870 τραπέζης
1265 799 1562 874 ὑπηρέτης,

498 885 647 941 Μετὰ
676 883 732 939 δὲ
765 882 1088 957 δομέστικος
1123 886 1304 964 ὀφθείς
1336 909 1419 950 τις
1457 887 1644 961 μέγας,

495 973 773 1047 Ἀνδρεῖος
805 975 963 1049 ἀνὴρ,
1001 977 1212 1038 συνετὸς
1244 976 1334 1030 καὶ
1374 974 1650 1052 γεννάδας,

311 1077 459 1131 8265
497 1078 632 1128 Θεοῦ
663 1073 910 1148 Θεράπων
943 1076 1210 1150 νουνεχής
1238 1076 1282 1128 ϐ’
1317 1075 1614 1150 ὑπηρέτης,

495 1167 632 1226 Ταῖς
661 1162 941 1238 εὐτυχίαις
973 1162 1063 1217 καὶ
1105 1164 1458 1238 στρατηγίαις
1494 1164 1684 1237 μέγας·

490 1255 590 1314 ’Ὁς
621 1258 740 1314 ταῖς
765 1254 884 1306 κατ’
913 1252 1129 1328 ἐχθρῶν
1162 1250 1527 1326 άνᾳδούμενος
1555 1252 1755 1320 νίκαις,

494 1340 728 1418 Στερρός
756 1362 840 1403 τις
873 1341 1179 1417 ἀντίμαχος
1209 1344 1275 1412 ἦν
1308 1343 1647 1404 ἀντιστάταις

492 1430 844 1508 Ἀποτρέπων
879 1430 1168 1506 φάλαγγας
1201 1432 1374 1486 αὐτῶν
1409 1431 1690 1507 εὐψύχως,

301 1523 454 1577 8270
491 1525 623 1576 Θεοῦ
652 1520 821 1584 σθένει
853 1542 912 1575 τε
940 1521 1029 1576 καὶ
1057 1521 1384 1598 στρατηγίας
1413 1523 1604 1597 τέχνῃ.

494 1610 680 1672 Οὕτως
710 1609 972 1686 ἐχόντων,
1005 1611 1078 1673 ὡς
1108 1607 1264 1688 ἔφην,
1296 1616 1402 1664 τῶν
1435 1611 1794 1685 πραγμάτων,

494 1700 653 1756 Ἀσαν
678 1698 1038 1755 τολυπεύοντι
1068 1701 1134 1755 τὰ.
1159 1701 1296 1755 κατὰ
1326 1701 1536 1775 μάχην,

489 1787 840 1866 Ἀγγέλλεται
877 1791 1102 1862 μήνυμα
1135 1791 1325 1863 μεστὸν
1367 1789 1608 1862 πικρίας,

489 1878 578 1941 Ὠς
613 1878 839 1953 σύζυγός
873 1900 928 1933 τε
957 1879 1045 1934 καὶ
1078 1878 1170 1933 σὺν
1201 1881 1337 1953 αὐτῇ
1365 1878 1602 1947 παιδίον,

302 1971 447 2026 8375
484 1968 590 2024 Καὶ
623 1962 896 2043 Τρινόϐου
926 1966 1190 2044 πρόεδρος
1221 1967 1412 2023 αὐτίκα
1444 1966 1592 2041 μάλα

483 2060 742 2122 Τεθνᾶσιν
775 2054 886 2128 ἤδη
917 2058 1008 2112 τὸν
1045 2059 1162 2118 Βίον
1199 2057 1520 2119 λελοιπότες

484 2147 572 2209 Ὠς
605 2147 698 2201 οῦν
728 2148 877 2201 ταῦτ’
907 2148 1198 2216 ἠνώτιστο,
1233 2145 1400 2210 λύσας
1429 2147 1529 2215 τὴν
1565 2146 1777 2222 μάχην,

483 2234 662 2300 Εὐθὺς
685 2235 994 2306 ἐπανέζευξε
1023 2236 1158 2309 πρὸς
1185 2237 1284 2305 τὴν
1319 2235 1545 2306 Μυσίαν,

483 2326 620 2400 Πυρὶ
652 2322 933 2398 παραδοὺς
963 2325 1194 2399 τειχέων
1224 2323 1582 2401 καθαιρέσεις.

299 2426 450 2480 8280
491 2424 674 2480 Μόνον
710 2422 766 2478 δὲ
792 2422 964 2500 φῦλον
996 2421 1220 2478 Ἰταλῶν
1249 2422 1635 2498 λελειμμένον,

487 2513 585 2567 Καὶ
615 2514 761 2567 τοῦτ’
789 2512 1102 2583 έπανέζευξε
1129 2513 1266 2586 πρὸς
1295 2511 1612 2583 Βυζαντίδα,

487 2604 655 2656 "Ac-tu
687 2600 950 2664 λελοιπὸς
980 2602 1175 2670 ἀσινὲς,
1214 2598 1427 2677 βλάϐης
1449 2599 1602 2677 δίχα.

487 2692 645 2747 Ἀσᾶν
679 2689 736 2745 δὲ
767 2690 941 2755 συνεὶς
973 2695 1253 2768 συμφορᾶς
1287 2693 1384 2761 τήν
1416 2691 1587 2747 αἰτίαν

487 2783 575 2844 Ὡς
606 2779 807 2843 ἔκτισις
837 2782 1042 2854 πέφυκε
1071 2787 1170 2849 τῆς
1201 2780 1481 2857 έφορκίας,

298 2873 451 2928 8285
495 2865 850 2945 ΙΙρεσϐεὐεται
879 2871 1110 2944 τάχιστα
1138 2869 1273 2942 πρὸς
1308 2867 1554 2944 βασιλέα,

487 2961 750 3015 Ἀνανεῶν
782 2956 952 3028 κῆδός
981 2979 1040 3012 τε
1070 2957 1159 3012 καὶ
1193 2953 1571 3029 συμϐιϐάσεις,

484 3051 552 3106 Ἃ
585 3046 811 3123 δέδρακε
839 3048 990 3123 πρὶν,
1024 3049 1258 3117 ἠθέτησε
1289 3044 1335 3102 δ’
1368 3047 1621 3122 ὑστέρως.

485 3135 688 3196 Ὁδ’ἆ
774 3139 794 3170 ι
941 3137 986 3170 τ’·
1301 3132 1382 3190 ϐ’
1481 3135 1566 3190 λ’*
1657 3160 1678 3174 ρ

695 3159 905 3210 σμινως
934 3157 1136 3206 ηκουσε
1160 3157 1297 3210 πρεσ
1339 3157 1447 3198 ειας
1521 3157 1704 3212 οίους,

487 3229 585 3284 Καὶ
620 3225 902 3282 σπένδεται
937 3225 1002 3296 δὴ
1033 3227 1392 3300 συγγινώσκει
1423 3228 1470 3280 τ’
1501 3223 1564 3280 αὖ
1600 3227 1750 3299 μάλα

304 3321 454 3375 8290
492 3319 862 3374 Μετανοοῦντι
897 3314 1226 3392 Βουλγάρων
1257 3316 1559 3391 ἀρχηγέτῃ,

487 3409 598 3485 Ἐφ’
631 3409 714 3468 οἷς
745 3411 928 3470 κακῶς
957 3401 1177 3481 ἔπραξεν
1212 3404 1408 3481 ὅρκους
1440 3408 1698 3480 συγχέας·

484 3499 582 3559 Ὃς
613 3495 811 3551 λοιπὸν
845 3494 1162 3568 ἐκπέπομφε
1190 3495 1279 3548 καὶ
1313 3494 1594 3570 θυγατέρα,

486 3586 584 3640 Καὶ
620 3580 978 3658 συμϐιϐάσεις
1009 3581 1242 3657 ἐμπεδοῖ
1265 3583 1353 3638 καὶ
1382 3582 1590 3660 φιλίαν,

486 3675 590 3731 Καὶ
619 3673 786 3730 πάλιν
825 3672 1080 3728 Αὐσόνων
1108 3693 1166 3726 τε
1199 3670 1519 3747 Βουλγάρων
1545 3673 1710 3744 μέσον

295 3768 451 3823 8295
489 3765 760 3839 Ὑπῆρχιν
794 3763 1016 3838 εἰρήνης
1039 3783 1098 3816 τε
1127 3761 1217 3816 καὶ
1250 3760 1441 3836 φιλίας
1471 3760 1655 3824 κλέος.

491 3853 884 3926 Ἐξαπορηοεὶς
906 3857 1028 3913 τοῖς
1061 3849 1219 3913 ὅλοις
1248 3848 1582 3914 Βαλδουῖνος

485 3944 571 4006 Ὠς
606 3940 916 4005 συνελαθεὶς
951 3941 1026 4003 εἷς
1058 3938 1220 3995 πόλιν
1255 3939 1616 4014 πανταχόθεν,

490 4033 632 4108 Πρὸς
663 4036 753 4086 τεῦ
784 4034 1114 4106 κρατοῦντος
1147 4029 1400 4086 Αὐσόνων
1435 4029 1688 4086 Ἰωάννου

490 4123 632 4196 Πρὸς
661 4122 802 4198 ῥῆγα
833 4122 1103 4196 Φράγγων
1137 4119 1190 4174 έν
1219 4121 1468 4195 τριήρεσι
1497 4120 1677 4190 πΛέει,

302 4225 452 4280 8300
492 4220 588 4275 Καὶ
614 4219 968 4295 συμμαχικὸν
1001 4213 1329 4291 προσλαϐὼν
1365 4217 1620 4273 πλεῖστον
1661 4218 1826 4292 μάλα,

491 4311 591 4367 Καὶ
623 4307 903 4370 διοδεύσας
933 4305 1191 4374 Γαλλίας,
1221 4306 1478 4376 Ἰταλίαν,

487 4400 580 4464 Εἷς
610 4400 852 4454 Παιόνων
885 4392 1079 4476 ἔφθασε
1111 4395 1346 4471 λιπαρὰν
1380 4397 1568 4473 χθόνα’

489 4492 606 4568 Ἀφ’
638 4489 700 4544 οὗ
730 4490 966 4564 περάσας
996 4488 1087 4543 τὸν
1125 4484 1415 4561 βαθυδίνην
1441 4489 1674 4564 Ἴστρον,

486 4580 767 4656 Προσέσχε
795 4581 997 4635 Μυσῶν
1028 4581 1146 4638 τοῖς
1178 4577 1560 4651 ἀποκρήμνοις
1590 4577 1804 4648 τόποις,

299 4673 451 4728 8305
489 4668 558 4726 Ο’ί
585 4670 676 4723 καὶ
707 4669 983 4742 παρέσχον
1020 4663 1204 4720 δίοδον
1231 4671 1350 4727 τοῖς
1376 4666 1650 4733 Λατίνοις,

487 4757 592 4814 Τὰς
626 4757 762 4833 πρὸς
792 4759 1094 4829 κρατοῦντα
1125 4752 1361 4818 σπονδὰς
1393 4755 1744 4825 ἠθετηκότες,

486 4846 651 4904 Εἶλον
686 4845 729 4901 δ’
762 4845 963 4904 Ἰταλοὶ
998 4845 1086 4900 καὶ
1116 4840 1464 4919 Τζουρουλὸν
1495 4849 1574 4916 τῷ
1600 4846 1724 4902 τότε

488 4935 698 5000 Σκύθας
728 4934 951 5012 ἔχοντες
984 4934 1316 5008 συμμάχους
1345 4935 1704 5009 παριστρίους

483 5030 594 5081 Τοῦ
625 5023 940 5100 Πετραλίφα
970 5025 1104 5094 πρὸς
1136 5021 1385 5100 φυλακὴν
1415 5023 1697 5100 φρουρίου,

295 5128 446 5183 8310
487 5125 772 5186 Ἐνκοσθεν
805 5119 960 5184 ὄντος
991 5121 1242 5196 εὐγενοῦς
1274 5119 1658 5195 στρατηγέτου.

482 5213 644 5282 ’Ἅναξ
671 5208 716 5266 δ’
747 5210 990 5267 ἐπελθὼν
1019 5207 1386 5282 Νικομηδείας
1413 5209 1604 5272 τόποις

489 5305 566 5358 Δι’
603 5301 941 5378 ὑγσοχέρσου
972 5305 1223 5375 στρατιᾶς
1257 5296 1570 5376 ῥωμαλέας,

485 5389 792 5465 Δακιϐὐζης
824 5393 1086 5468 φρούριον
1120 5393 1230 5447 εἶΛε
1256 5395 1325 5466 τῇ
1360 5392 1541 5466 μάχῃ,

485 5483 702 5559 ’Έρυμά
725 5486 770 5538 τ’
804 5480 931 5539 ἄλλ’
961 5481 1006 5556 ᾧ
1038 5480 1236 5552 κλῆσις
1260 5481 1612 5551 Νικητιάτου.

298 5580 449 5636 8315
491 5575 588 5631 Καὶ
621 5575 769 5631 λείαν
802 5572 1053 5644 ἀπήλασε
1084 5570 1297 5642 πλῆθος
1327 5571 1605 5648 λαφύρων.

490 5666 733 5730 ΙΙέπονθε
764 5662 809 5719 δ’
842 5661 1032 5727 ἄλλως
1061 5663 1112 5718 ἐν
1148 5662 1332 5735 στόλῳ
1366 5661 1674 5739 δυστυχίαν·

483 5760 596 5815 Τοῦ
625 5757 729 5832 γὰρ
765 5755 1042 5833 Κοντοφρὲ
1074 5755 1342 5824 Μανουὴλ
1374 5753 1716 5828 κεκλημένου

1854 403 2212 458 CESARES.

1995 531 2050 597 Α
2080 527 2182 599 qui
2213 528 2519 585 domestici
2553 529 2751 601 magni
2783 545 2961 601 gener
2991 532 3116 584 erat

2084 618 2206 672 And
2219 618 2400 673 roniei
2433 621 2604 690 gente
2637 618 2965 690 Palmologi,

2085 709 2256 779 cujus
2289 708 2581 774 seniorem
2620 707 2800 762 filiam
2834 707 3074 762 Mariam
3109 709 3369 777 duxerat,

2085 807 2244 862 Idem
2277 813 2333 862 et
2366 807 2534 877 regim
2571 823 2784 862 mean
2820 807 3100 878 pincerna
3131 812 3282 875 erat;

2086 913 2220 951 mox
2250 902 2306 951 et
2334 913 2588 968 magnus
2619 897 2975 952 domesticus
3009 896 3117 951 fuit
3147 901 3376 952 creatus
3414 914 3426 951 :

2083 987 2170 1040 vir
2200 1003 2340 1042 sane
2370 988 2555 1056 tortis,
2589 987 2847 1057 prudens
2875 993 2929 1040 et
2962 987 3399 1056 magnanimus,

2083 1077 2402 1130 admodum
2439 1075 2749 1147 religiosus
2775 1074 2872 1129 Dei
2911 1075 3193 1142 famulus,

2083 1165 2317 1220 fortuna
2347 1170 2402 1220 et
2434 1164 2609 1220 rebus
2640 1163 2865 1220 bellicis
2900 1163 3236 1235 praeclarus.

2081 1255 2184 1309 Hic
2216 1255 2288 1310 ob
2321 1254 2533 1310 relatas
2568 1253 2780 1308 nobilis
2812 1253 3106 1322 victorias,

2083 1343 2351 1399 hostibus
2382 1348 2506 1398 erat
2539 1343 2743 1396 ﬁrmus
2776 1340 3169 1407 adversarius,
3203 1382 3214 1390 .

2078 1449 2329 1506 quorum
2365 1430 2684 1504 phalanges
2719 1430 3034 1500 repellebat
3064 1430 3290 1486 fortiter

2077 1524 2271 1579 divino
2303 1523 2517 1578 auxilio
2549 1523 2732 1575 fretus
2763 1524 2819 1573 et
2845 1526 2966 1574 arte
2997 1519 3222 1574 bellica.

2075 1613 2220 1668 Ecce
2252 1616 2449 1666 autem
2482 1610 2656 1664 rebus
2689 1609 2769 1663 ita
2798 1625 2860 1664 se
2891 1607 3248 1663 habentibus

2075 1702 2274 1768 Asani,
2310 1705 2374 1755 ut
2404 1700 2544 1766 dixi,
2581 1699 2649 1753 ad
2688 1698 2902 1754 bellum
2942 1698 3302 1754 incumbenti

2075 1791 2319 1846 nuntius
2347 1789 2504 1844 venit
2536 1788 2746 1860 plenus
2777 1787 3043 1844 amaritie

1991 1903 2038 1968 Β
2075 1881 2230 1952 quod
2265 1881 2392 1949 ejus
2424 1877 2602 1933 simul
2634 1894 2777 1932 uxor
2806 1894 2872 1932 ac
2910 1876 3145 1946 ﬁliolus,

2068 1975 2246 2040 atque
2279 1967 2660 2046 archipraesul
2692 1966 2963 2035 Ternobi,
2999 1971 3236 2037 repente

2063 2059 2242 2115 vitam
2275 2074 2405 2114 cum
2440 2062 2627 2112 morte
2659 2072 2844 2125 nuper
2873 2061 3402 2113 commutaverunt.

2067 2158 2291 2224 Quibus
2323 2157 2418 2213 ille
2449 2155 2692 2224 auditis,
2723 2153 2944 2210 omisso
2976 2153 3149 2224 bello,

2067 2246 2269 2304 statim
2302 2247 2361 2301 in
2392 2245 2652 2301 Moesiam
2688 2243 3007 2299 maturavit
3037 2244 3311 2311 reditum,

2067 2338 2198 2405 igne
2230 2335 2597 2406 consumptis
2628 2333 2852 2390 bellicis
2884 2335 3213 2388 tormentis.

2069 2427 2233 2482 Tunc
2267 2433 2318 2480 et
2350 2424 2555 2480 Latina
2584 2421 2861 2478 derelicta
2895 2422 3150 2491 phalanx

2069 2515 2411 2587 Byzantium
2444 2512 2557 2569 sibi
2589 2513 2956 2567 redeundum
2988 2513 3241 2580 censuit,

2070 2610 2127 2659 et
2157 2603 2241 2659 sic
2265 2602 2555 2657 Tzurulus
2589 2601 2842 2671 perstitit
2865 2600 3203 2655 incolumis.

2071 2694 2237 2748 Tunc
2270 2707 2402 2746 vero
2430 2693 2651 2746 Asanes
2684 2688 3072 2744 infortunium
3107 2706 3280 2744 suum

2064 2783 2288 2853 justam
2323 2779 2566 2852 perjurii
2600 2795 2828 2850 pinnam
2860 2793 2987 2834 esse
3019 2777 3376 2850 intelligens,

2073 2871 2338 2943 protinus
2371 2869 2534 2924 misit
2563 2869 2631 2924 ad
2668 2870 2949 2923 Caesarem
2985 2867 3209 2938 legatos

2073 2976 2273 3030 pacem
2309 2959 2649 3012 instaurans
2680 2961 2737 3010 et
2767 2955 3133 3022 affinitatem,

2074 3067 2248 3122 quam
2285 3049 2421 3105 olim
2459 3049 2506 3104 is
2539 3045 2923 3118 compositam
2957 3063 3091 3100 mox
3132 3047 3468 3102 resciderat.

2074 3146 2259 3197 Caesar
2289 3140 2540 3194 libenter
2567 3135 2921 3208 legationem
2955 3135 3161 3203 audiit,

2078 3232 2378 3302 {aedusque
2408 3227 2726 3292 renovavit,
2758 3230 2814 3281 et
2843 3225 3074 3280 veniam
3107 3225 3319 3280 obtulit

2079 3317 2449 3391 resipiscenti
2481 3316 2867 3388 Bulgarorum
2901 3315 3022 3385 regi

2075 3411 2145 3465 de
2175 3407 2392 3464 violato
2426 3407 2559 3461 ﬁdei
2584 3407 2795 3476 juratae
2820 3404 2989 3474 jure;

2074 3499 2174 3570 qui
2209 3515 2341 3554 mox
2371 3504 2425 3552 et
2457 3495 2637 3551 ﬁliam
2672 3493 2898 3549 remisit
2925 3493 2995 3548 ad
3031 3506 3338 3563 sponsum,

2073 3595 2130 3645 et
2159 3585 2530 3643 conﬁrmavit
2571 3583 2758 3638 fmdus
2791 3580 3081 3637 amicitiae.

2074 3692 2265 3758 Atque
2296 3685 2378 3739 ita
2410 3699 2618 3738 rursus
2650 3682 2803 3736 inter
2833 3697 2941 3736 nos
2973 3697 3039 3735 ac
3069 3677 3353 3751 Bulgaros

2074 3772 2491 3832 benevolentiae
2525 3789 2591 3826 ac
2623 3770 2785 3843 pacis
2819 3786 3037 3824 munus
3069 3768 3280 3824 ﬂoruit.

2070 3869 2143 3922 At
2173 3864 2498 3920 Bnlduinus
2529 3863 2706 3917 rebus
2738 3859 2863 3915 suis
2890 3859 3234 3930 desperans,

2075 3959 2382 4028 prepterea
2411 3953 2568 4024 quod
2602 3951 2660 4005 in
2697 3950 2839 4004 urbe
2869 3945 3373 4018 Constantinopoli

2074 4061 2316 4118 prorsus
2349 4041 2662 4098 conclusus
2695 4042 2852 4094 esset
2877 4055 2909 4092 a
2941 4042 3141 4092 nostro
3170 4038 3428 4104 Caesare;

2074 4133 2442 4205 adnavigavit
2469 4131 2539 4186 ad
2577 4131 2930 4184 Francorum
2966 4141 3184 4196 regem,

2073 4243 2106 4280 a
2137 4242 2249 4296 quo
2282 4219 2620 4295 permagnis
2650 4218 2978 4272 instructus
3013 4215 3246 4270 auxiliis

2074 4312 2510 4386 permeatisque
2541 4306 2748 4364 Galliis
2779 4310 2954 4376 atque
2987 4304 3152 4360 Italia

2075 4406 2146 4461 ad
2175 4409 2447 4458 Paeonum
2479 4397 2740 4470 pervenit
2770 4395 2984 4467 pingue
3019 4393 3244 4463 solum;

2073 4494 2173 4550 ubi
2205 4493 2448 4563 trajeeto
2481 4486 2736 4544 maximo
2769 4485 3037 4541 Danubio

2072 4581 2321 4640 accessit
2351 4581 2421 4636 ad
2453 4582 2764 4634 montanas
2795 4579 3104 4631 Moesorum
3135 4574 3331 4644 sedes,

2074 4674 2170 4745 qui
2204 4669 2521 4726 transitum
2554 4667 2776 4722 Latinis
2809 4666 3248 4728 concesserunt,

2072 4766 2276 4818 contra
2313 4758 2631 4830 promissas
2658 4754 2870 4811 Caesari
2907 4753 3292 4810 conditiones.

2071 4863 2238 4916 Tunc
2271 4857 2592 4913 Tzurulum
2625 4869 2860 4925 quoque
2893 4854 3172 4923 ceperunt
3201 4850 3328 4906 Itali

2074 4947 2495 5008 auxiliantibus
2526 4943 2756 5016 Scythis
2790 4941 2921 4997 Istri
2952 4939 3199 5008 accolis;

2073 5053 2410 5113 quanquam
2443 5033 2603 5090 illius
2636 5032 2786 5088 arcis
2818 5031 3087 5087 custodia
3121 5029 3332 5084 tradita

2075 5128 2256 5184 nobili
2290 5125 2423 5180 duci
2454 5120 2799 5192 Petraliphae
2834 5121 3042 5175 fuerat.

2072 5215 2577 5272 Nieomediensem
2609 5216 2796 5265 Caesar
2825 5209 3110 5264 invadens
3141 5224 3348 5280 agrum

2076 5306 2208 5361 forti
2241 5321 2307 5359 ac
2339 5305 2571 5374 potente
2605 5298 2858 5371 stipatus
2889 5297 3145 5352 exercitu

2075 5395 2131 5451 vi
2164 5391 2462 5465 superavit.
2494 5388 2792 5460 Dacibyzze
2823 5386 3155 5457 castellum,

2078 5483 2374 5552 aliamque
2405 5495 2596 5535 arcem
2635 5477 2848 5532 dictam
2882 5475 3197 5547 Nicetiata,

2079 5585 2472 5645 magnamque
2504 5567 2709 5640 praedae
2741 5565 2968 5638 copiam
3002 5566 3137 5621 inde
3170 5565 3382 5637 abegit.

2076 5663 2292 5717 Verum
2327 5657 2548 5729 accepit
2579 5656 2724 5711 mari
2759 5655 3201 5710 detrimentum.

2077 5752 2276 5817 Quoad
2309 5749 2463 5805 enim
2501 5745 2727 5803 Manuel
2759 5743 3166 5816 Contophreus

3631 401 3737 457 306
