4076 6404
320 371 426 426 307
1542 364 1918 424 ΕΡΗΒΕΜΙΙ

1542 364 1918 424 ΕΡΗΒΕΜΙΙ
1953 356 2529 414 CHRONOGRAPHI

323 496 442 552 dux
462 493 704 567 sapiens
732 498 788 549 et
817 494 901 549 rei
935 493 1184 551 nautica
1211 494 1437 567 peritus

2012 486 2068 552 Α
2273 476 2498 555 ’Δνδρὸς
2530 485 2863 558 στρατηγοῦ,
2893 478 3069 554 δεξιοῦ
3098 483 3421 560 ναυαρχίαν,

326 584 659 641 navarcbus
692 583 942 655 praefuit,
976 583 1185 639 classis
1215 585 1361 639 bene
1387 579 1596 637 habuit
1627 597 1641 635 :

2271 570 2467 631 ’Όντος
2497 568 2812 646 στολάρχου
2847 571 3060 646 τοπρὶν,
3090 572 3310 648 εὐτύχει
3343 574 3568 639 στόλος·

331 673 431 729 sed
468 676 779 745 postquam
817 672 872 727 id
908 673 1169 728 officium
1199 672 1457 728 obtinuit
1488 668 1770 750 Iaphreus

1730 684 1770 723 Is
2091 660 2235 717 8320
2268 663 2356 750 Ὡς
2386 656 2432 714 δ’
2468 660 2646 734 Ἰαφρὲ
2675 659 2956 737 ναύαρχος
2985 659 3038 717 ἒν
3070 661 3340 738 βασιλέως

334 778 369 818 a
397 761 643 829 Caesare,
676 766 733 829 et
762 777 894 816 cum
923 762 1085 817 Italis
1116 776 1373 833 pugnam
1405 760 1555 827 iniit,
1670 749 1673 750 ⁷

2271 749 2690 812 Ἀντικαταστὰς
2719 749 2953 814 Ἰταλοῖς
2986 751 3325 825 συνεπλάκη,

336 866 625 906 summam
656 850 728 906 ab
759 849 851 905 bis
882 866 1198 922 perpessus
1228 848 1452 904 cladem
1489 851 1597 914 est,

2270 839 2468 894 Ἠτταν
2505 838 2709 914 ῧπὲσχε
2737 841 2883 916 παρὰ
2911 840 3103 896 τούτον
3137 841 3398 918 ἐσχάτην,

334 939 393 994 in
415 938 624 1011 “praelio
654 939 893 995 amissis
923 938 1202 994 tredecim
1234 936 1503 1010 navigiis.

2269 924 2655 1001 Τρεισκαίδεκα
2684 933 2811 992 ναῦς
2839 924 3137 986 ἀποϐαλὼν
3168 929 3220 987 ἐν
3257 932 3432 1007 μάχη.

330 1033 522 1100 Atque
552 1027 647 1083 hic
681 1026 789 1083 fuit
819 1029 1106 1100 praedictae
1135 1034 1382 1085 eventus
1413 1026 1517 1083 rei.

2268 1020 2445 1071 Ταῦτα
2479 1018 2574 1091 μὲν
2608 1014 2699 1072 οὖν
2732 1015 2937 1094 ἔσχηκε
2965 1017 3122 1075 τόνδε
3148 1021 3242 1076 τὸν
3276 1022 3498 1097 τρόπον·

325 1119 553 1173 Asanes
584 1121 780 1173 autem
815 1118 876 1172 in
910 1118 1125 1174 fcedere
1156 1117 1460 1183 manebat,

2093 1106 2235 1163 8325
2272 1110 2326 1160 Ὀ
2360 1103 2407 1160 δ’
2438 1107 2671 1178 Ἀσάνης
2703 1102 2920 1183 ἔστεργε
2951 1105 3250 1182 συμϐάσεις
3277 1111 3437 1181 τέως,

327 1206 440 1262 etsi
473 1219 586 1261 non
622 1223 882 1278 prorsus,
916 1211 1179 1262 attamen
1210 1222 1280 1262 ex
1309 1209 1496 1277 parte.

2273 1194 2339 1253 El
2373 1196 2451 1269 μὴ
2482 1201 2756 1272 καθαρῶς,
2789 1196 2935 1253 ἀλλὰ
2962 1199 3025 1253 τὸ
3057 1197 3224 1255 πλέον
3261 1199 3447 1276 μέρος.

328 1295 386 1351 Is
415 1296 689 1350 defuncta
719 1295 858 1363 sibi,
892 1301 959 1351 ut
990 1312 1172 1367 supra
1204 1295 1483 1360 diximus,

2274 1284 2471 1357 Τούτῳ
2502 1287 2789 1357 θανούσης,
2822 1287 2895 1350 ὡς
2925 1284 3082 1366 ἔφην,
3112 1295 3213 1359 τῆς
3243 1289 3474 1365 συζύγου

332 1383 625 1455 Ungarica
654 1389 947 1447 consorte.
981 1384 1259 1441 secundis
1291 1382 1518 1455 nuptiis

2275 1375 2389 1437 T‘Fc
2421 1374 2471 1447 ἐξ
2502 1374 2798 1450 Οὐγγρίας,
2830 1378 2966 1453 πρὸς
2993 1376 3203 1453 γάμους
3232 1399 3297 1454 γε
3326 1375 3610 1455 δευτέρους

334 1472 501 1528 duxit
531 1489 770 1529 uxorem
802 1479 1011 1529 contra
1040 1475 1139 1545 jus
1169 1472 1519 1529 canonicum

2278 1463 2531 1539 Ἠγάγετ’
2559 1464 2811 1539 ἀθέσμως
2841 1487 2899 1521 τε
2929 1466 3019 1522 καὶ
3052 1468 3382 1544 παρανόμως

338 1562 626 1618 Theodori
657 1561 840 1617 filiam
871 1560 1358 1633 Comnenangeli,

2099 1553 2243 1609 8330
2279 1553 2392 1621 Τὴν
2426 1551 2712 1631 Θεοδώρου
2742 1552 2911 1610 παῖδα
2936 1555 3405 1634 Κομνηναγγὲλου

341 1665 519 1722 quem
552 1651 678 1723 ipse
707 1650 848 1714 olim
876 1651 1065 1708 oculis
1092 1652 1419 1722 orbaverat,

2279 1634 2381 1723 "0v
2413 1634 2590 1711 φωτὸς
2623 1634 2870 1708 ἐστέρησι
2900 1636 3095 1723 τοπρὶν
3126 1636 3416 1711 ὀμμάτων,

344 1740 584 1797 nomine
607 1739 859 1809 Irenem,
885 1745 1124 1813 aspectu
1158 1740 1669 1805 formosissimam,

2282 1721 2491 1813 Κλῆσιν
2524 1723 2787 1799 Εἰρήνην,
2820 1724 3024 1813 ἀγαθήν
3053 1720 3175 1799 ὄψιν
3210 1727 3374 1795 πάνυ,

343 1829 542 1885 fratris
572 1829 917 1885 afﬁnitatem
952 1810 1105 1886 haud
1137 1831 1441 1887 reveritus.

2021 1863 2070 1929 B
2280 1811 2373 1880 Μὴ
2392 1814 2736 1929 ἓκασιένήτου
2766 1810 2936 1878 κῆδος
2968 1817 3076 1889 (33)
3104 1814 3157 1871 ἐν
3189 1819 3268 1887 νῷ
3293 1810 3611 1890 λαμϐάνων·

2278 1901 2381 1929 "-3
2566 1902 2577 1921 ν
2613 1902 2829 1929 ,ελ-εΑ,.-
2859 1903 3112 1929 ___--_--__x
3136 1927 3147 1929 -
3179 1902 3443 1929 τιμελη

340 1921 519 1974 Erant
548 1918 689 1975 huic
717 1918 1019 1975 Theodoro
1050 1925 1304 1991 quatuor
1337 1918 1528 1988 liberi,

2021 1897 2070 1929 D
2278 1897 2496 1955 Παίδων
2531 1898 2577 1955 δ’
2613 1902 2831 1978 ὑπῆρχε
2858 1903 3148 1979 τετρακτὺς
3178 1902 3472 1980 Θεοδώρῳ,

339 2007 620 2078 Joannes,
650 2013 709 2064 et
741 1990 1084 2080 Demetrius,
1118 2013 1295 2080 atque
1324 2014 1520 2075 Anna,

2100 1990 2243 2046 8335
2280 1990 2537 2061 Ἰωάννης
2559 2011 2638 2062 τε,
2671 1993 2991 2068 Δημήτριος
3019 1992 3110 2048 σὺν
3143 1998 3337 2069 ’¹Αννῃ,

339 2077 789 2170 deniquelrene
819 2110 967 2153 Uxor
994 2077 1214 2155 Asianis:
1237 2096 1510 2171 Bulgari;

2280 2077 2490 2154 Εἰρήνη
2522 2081 2571 2135 τ’
2600 2078 2665 2135 αὖ
2699 2080 2949 2144 σύνευνος
2981 2082 3139 2139 Ἀσὰν
3171 2081 3514 2158 Βουλγάρου,

341 2203 470 2258 qua:
495 2166 654 2258 apud
687 2186 883 2259 ipsum
915 2188 1140 2260 peperit
1167 2192 1285 2243 tres
1317 2166 1535 2243 liberos

2280 2168 2352 2223 “Il
2381 2166 2581 2231 παῖδάς
2613 2169 2664 2223 οἱ
2688 2175 2837 2239 τρεῖς
2866 2171 3168 2245 ἀποτέξασα
3198 2173 3410 2250 φθάνει,

343 2257 1010 2344 ΜίοιειαειθωξΜατὶα-ω,
1043 2281 1100 2332 et
1131 2276 1521 2332 Theodoram.

2284 2257 2542 2333 Μιχαὴλ,
2577 2261 2793 2334 Μαρίαν
2822 2281 2881 2314 τε
2909 2262 2998 2316 καὶ
3030 2258 3337 2335 Θεοδώραν.

345 2368 588 2422 Carcere
620 2382 790 2438 porro
821 2367 1076 2423 emissus
1107 2368 1180 2421 ob
1212 2366 1359 2422 istas
1392 2365 1630 2438 nuptias

2286 2346 2521 2421 Είρκτῆς
2552 2345 2610 2403 δὲ
2640 2346 2852 2422 δεσμῶν
2885 2348 3132 2415 ἐκλυθεὶς
3163 2347 3369 2421 κήδους
3401 2352 3564 2427 χάριν

348 2437 691 2513 Theodorus
720 2454 840 2525 ille,
871 2456 943 2511 de
974 2472 1090 2527 quo
1122 2472 1275 2527 saepe
1307 2437 1587 2523 diximus,

2106 2437 2248 2492 8340
2284 2440 2340 2489 Ὁ
2368 2439 2767 2509 μνημονευθεῖς
2800 2437 3081 2514 Θεόδωρος
3114 2439 3410 2510 πολλάκις,

349 2541 826 2602 Thessalonicam
855 2525 1018 2600 venit
1049 2525 1452 2615 baud—absque
1483 2542 1616 2599 dolo
1652 2560 1663 2597 :

2286 2525 2682 2598 Θεσσαλονίκην
2713 2525 3117 2603 καταλαμϐάνει
3148 2528 3311 2585 πόλιν
3322 2549 3334 2562 ·

353 2648 491 2687 nam
523 2648 658 2688 cum
690 2630 887 2704 galero
912 2650 1294 2705 pannosaque
1327 2638 1483 2688 veste

2289 2615 2439 2674 Μετὰ
2468 2618 2703 2693 φενάκης
2735 2615 2780 2672 δ’
2810 2617 3048 2674 εὐτελῶν
3074 2641 3134 2674 τε
3167 2619 3369 2696 ῥακίων

351 2721 500 2778 clam
534 2701 932 2781 intravmcsnia
962 2722 1159 2794 oppidi
1193 2701 1484 2793 receptus,

2288 2701 2434 2761 Εἷ¹σω
2464 2704 2751 2782 παρελθὼν
2779 2705 2947 2776 τῆσδε
2977 2707 3158 2773 λαθὼν
3186 2707 3415 2783 τειχέων

347 2812 788 2882 conjuratorum
821 2812 1176 2884 conspiratis
1207 2813 1431 2869 viribus

2291 2795 2632 2870 Συνιστόρων
2667 2797 2838 2861 σθένει
2868 2818 2927 2853 τε
2947 2799 3035 2853 καὶ
3069 2798 3317 2874 συνεργίᾳ

343 2902 609 2972 fratrem,
643 2907 711 2957 ut
741 2902 931 2957 dicam
965 2882 1235 2971 breviter,
1269 2902 1329 2956 in
1360 2901 1554 2958 vincla
1584 2902 1843 2974 conjicit,

2107 2885 2252 2941 8345
2289 2890 2492 2974 Δεσμοῖ
2517 2886 2564 2938 τ’
2594 2882 2849 2974 άδελφὸν,
2884 2886 2935 2942 ὲν
2967 2886 3249 2964 κεφαλαίῳ
3279 2886 3462 2965 φάναι,

343 2989 664 3061 pristinum
698 2990 829 3061 ipse
854 2988 1222 3047 dominatum
1251 2990 1477 3061 recipit.
1696 2972 1707 2974 ἡ

2291 2973 2389 3030 Καὶ
2418 2974 2481 3029 τὸ
2511 2972 2635 3049 πρὶν
2665 2974 2928 3053 ἀνείληφε
2958 2982 3056 3046 τῆς
3089 2977 3277 3052 χώρας
3304 2977 3523 3052 κράτος·

341 3083 470 3135 Mox
500 3096 687 3135 unum
714 3096 746 3135 e
776 3079 901 3136 suis
933 3078 1137 3135 liberis
1170 3079 1455 3136 Joannem

2078 3074 2083 3079 ’
2289 3062 2401 3120 Εἶτ’
2432 3064 2691 3135 Ἰωάννην
2722 3066 2881 3120 υίέων
2911 3063 3090 3144 φίλων
3123 3062 3211 3121 ἕνα

342 3167 679 3240 insignibus
711 3168 905 3225 ornari
941 3168 1117 3240 regiis
1147 3167 1351 3239 voluit,

2285 3156 2415 3216 Τοῖς
2449 3151 2756 3227 βασιλικοῖς
2787 3153 3026 3229 ὡραΐσας
3063 3150 3387 3229 συμϐόλοις,

354 3234 529 3328 atque
559 3258 938 3330 hunc-regem
970 3234 1249 3329 appellari
1272 3234 1485 3329 jussit;

2029 3234 2072 3300 α
2291 3242 2433 3317 Πρὸς
2460 3239 2506 3296 δ’
2537 3240 2603 3295 αὖ
2633 3241 2914 3298 καλεῖσθαι
2944 3245 3198 3309 θεσπίσας
3231 3243 3480 3322 βασιλέα,

363 3346 490 3417 ipse
519 3346 780 3418 suscepit
808 3345 1145 3418 reipublicae
1177 3363 1399 3402 curam.
2115 3333 2257 3389 8350
2298 3330 2468 3396 Λῦτὸς
2499 3330 2674 3386 διεῖπε
2702 3335 3036 3410 πραγμάτων
3065 3336 3164 3397 τὰς
3194 3332 3507 3411 φροντίδας.

364 3436 541 3494 Porro
573 3451 917 3509 germanum
950 3434 1209 3492 exsulem
1243 3438 1312 3492 ad
1346 3436 1549 3493 urbem
1581 3436 1758 3493 Attali

2292 3421 2392 3476 Τὸν
2427 3423 2683 3498 σύγγονον
2716 3420 2772 3477 δὲ
2799 3425 2936 3498 πρὸς
2964 3424 3126 3480 πόλιν
3156 3425 3255 3493 τὴν
3289 3421 3555 3481 Ἀττάλου

365 3523 606 3596 eXpulit,
638 3526 883 3596 ejusque
912 3525 1219 3596 eonjugem
1251 3525 1502 3592 remisit,

2292 3513 2575 3586 Ἔπεμψεν
2607 3512 2904 3591 ἐξόριστον,
2933 3514 3099 3571 αὐτοῦ
3131 3512 3178 3569 δ’
3209 3513 3409 3571 εὐνέτιν

361 3630 394 3668 o
426 3614 677 3670 fortunae
707 3614 1165 3670 inconstantiam
1193 3614 1205 3668 ί
1241 3616 1310 3670 ad
1346 3619 1568 3685 patrem
1598 3617 1869 3672 Asanem.

1857 3657 1869 3668 ,
2296 3601 2455 3657 Ἀσᾶν
2489 3606 2654 3681 πατρὶ
2683 3606 2992 3683 πέπομφεν,
3024 3605 3257 3660 ἀστάτου
3286 3604 3465 3680 τύχης

359 3702 678 3774 Caeteroqui
708 3702 938 3757 Manucl
970 3704 1264 3776 profectus
1298 3704 1577 3776 Pergamo

2297 3688 2471 3747 Ἀλλὰ
2502 3691 2763 3764 Μανουὴλ
2800 3695 3010 3767 ἀπάρας
3042 3693 3093 3764 ἐξ
3125 3692 3391 3751 Ἀττάλου

362 3791 434 3850 ad
465 3795 751 3847 Caesarem
782 3790 1069 3856 Joannem
1102 3792 1349 3865 supplex
1378 3794 1554 3861 venit,

2113 3780 2255 3835 8355
2295 3781 2436 3854 Πρὸς
2461 3781 2555 3838 τὸν
2590 3785 2977 3858 χαριτώνυμον
3007 3782 3209 3840 ἄνακτα
3229 3786 3436 3862 τρέχει,

355 3881 600 3951 ejusque
634 3885 842 3937 nactus
875 3880 1037 3953 pium
1069 3882 1485 3954 patrocinium,

2289 3870 2390 3925 Καὶ
2419 3868 2581 3927 τοῦδε
2607 3874 2793 3949 τυχὼν
2826 3873 3085 3947 εὐμενοῦς
3113 3894 3175 3950 γε
3200 3876 3504 3950 προστάτου

352 3975 530 4041 atque
552 3974 618 4025 ut
649 3986 755 4041 par
784 3974 909 4026 erat
936 3975 1308 4041 peramanter
1335 3971 1595 4042 habitus,

2292 3960 2730 4040 Φιλοφρονηθείς
2764 3963 2810 4020 δ’
2838 3967 3040 4029 ἱκανῶς
3063 3965 3245 4041 ὥσπερ
3275 3963 3416 4038 δέον,

350 4058 597 4131 pecunia
626 4058 953 4115 instructus
984 4059 1242 4131 itemque
1268 4076 1369 4115 sex
1400 4060 1763 4129 triremibus,

2292 4053 2566 4125 Χρήματα
2597 4048 2780 4109 λαϐὼν
2813 4055 2903 4110 καὶ
2932 4058 3177 4132 τριήρεις
3210 4052 3262 4127 ἕξ
3293 4056 3457 4112 πάλιν

350 4145 567 4219 quibus
599 4149 669 4204 ad
701 4154 919 4205 terram
954 4155 1155 4221 posset
1185 4154 1314 4205 tuto
1346 4150 1719 4219 exscendere,

2290 4141 2368 4193 Δι’
2394 4141 2467 4195 ὧν
2498 4149 2792 4218 κατασχεῖν
2821 4143 3070 4215 ἠδυνήθη
3104 4145 3195 4200 τὸν
3227 4143 3418 4214 τόπον,

347 4236 420 4292 ad
452 4236 740 4293 Valachiaa
772 4254 905 4294 oras
938 4237 1149 4293 direxit
1177 4254 1417 4294 cursum
1449 4254 1462 4292 ι

2107 4228 2250 4284 8360
2288 4231 2429 4305 Πρὸς
2460 4233 2527 4286 τὰ
2560 4233 2805 4309 Βλαχίας
2839 4234 3176 4308 ἐξαπεστάλη
3214 4236 3376 4310 μὲρη·

345 4341 600 4398 cumque
631 4325 954 4398 appulisset
984 4343 1160 4382 naves
1190 4325 1621 4381 Demetriadem

2289 4322 2390 4378 Καὶ
2417 4322 2739 4379 καταλαϐὼν
2775 4325 3161 4400 Δημητριάδος
3187 4328 3375 4399 τόπον,

342 4415 658 4471 contractis
689 4414 847 4470 brevi
878 4413 1063 4485 copiis
1095 4415 1403 4486 occupavit

2289 4412 2588 4487 Στράτευμ²
2617 4414 2800 4471 ἱκανὸν
2834 4415 2886 4471 ἐν
2923 4419 3129 4493 Βραχεῖ
3167 4415 3477 4485 συναλίσας,

342 4504 640 4571 Pharsale,
674 4503 1072 4559 Platamonem
1106 4508 1163 4559 et
1194 4504 1507 4560 Larissam.

2283 4502 2479 4576 ’Ἁρχει
2512 4504 2841 4580 Φαρσαλων,
2880 4505 3281 4580 Πλαταμῶνος,
3322 4505 3616 4583 Λαρίσσης·

339 4593 469 4649 Mox
496 4594 554 4648 in
585 4591 946 4663 colloquium
978 4593 1137 4647 venit
1169 4609 1300 4647 cum
1334 4594 1567 4649 duobus

2026 4606 2071 4669 D
2283 4589 2411 4646 Εἶτα
2442 4594 2678 4662 συνῆλθε
2705 4599 2821 4650 τοῖν
2852 4591 3000 4649 δυοῖν
3035 4595 3363 4669 ὁμαιμόνοιν

338 4682 644 4749 fratribus,
674 4680 979 4737 Theodoro
1011 4698 1160 4737 casco
1191 4687 1247 4737 et
1277 4682 1658 4740 Constantino
1692 4702 1705 4738 :

2101 4679 2244 4736 8365
2282 4685 2454 4756 Πηρῷ
2485 4681 2753 4759 Θεοδώρῳ
2779 4705 2838 4740 τε
2863 4685 2952 4739 καὶ
2988 4686 3399 4758 Κωνσταντίνῳ,

338 4770 555 4844 quibus
586 4770 1020 4841 obtemperans,
1046 4771 1471 4842 jusjurandum
1503 4773 1702 4841 violat,

2282 4770 2381 4825 Καὶ
2412 4770 2595 4827 τοῖσδε
2623 4773 2862 4836 πεισθεὶς
2898 4771 3095 4847 ὀμελεῖ
3122 4778 3229 4829 τῶν
3265 4774 3462 4849 ὁρκίων

335 4859 538 4915 volens
568 4857 788 4915 scilicet
816 4858 1040 4925 nolens,
1076 4864 1139 4915 ut
1170 4861 1251 4916 ait
1283 4862 1681 4935 proverbium,

2280 4860 2451 4915 Ἐκὼν
2485 4858 2649 4931 ἄκων,
2684 4863 2758 4925 ὥς
2789 4860 2942 4940 φασι,
2971 4864 3061 4918 καὶ
3102 4865 3463 4939 συγκειμένων

338 4947 492 5019 quod
528 4963 712 5019 nuper
742 4953 941 5005 nostro
973 4950 1180 5006 Caesari
1211 4951 1594 5024 praestiterat;

2278 4953 2395 5003 Τῶν
2434 4952 2570 5026 πρὸς
2601 4952 2920 5028 κρατάρχην
2956 4950 3205 5007 Αὐσόνων
3235 4950 3512 5025 Ἰωάννην·

338 5041 395 5090 et
423 5051 559 5091 cum
590 5037 884 5107 germanis
916 5037 1257 5095 societatem
1291 5040 1442 5095 iniit.

2280 5042 2598 5096 Ἐσπείσατο
2628 5041 2775 5116 σφίσι
2808 5037 2865 5095 δὲ
2890 5042 2979 5095 καὶ
3006 5041 3329 5117 συνεκράθη.

336 5126 445 5181 Sed
478 5125 636 5180 enim
666 5126 838 5197 paulo
872 5131 1003 5199 post
1033 5128 1125 5184 hic
1161 5129 1392 5186 Manuel
1429 5131 1683 5187 moriens

2097 5130 2240 5185 8370
2280 5130 2414 5185 Μετ’
2445 5128 2507 5183 οὐ
2538 5126 2681 5183 πολὺ
2715 5131 2961 5199 θνήσκων
2997 5128 3053 5185 δὲ
3086 5129 3349 5201 Μανουήλ
3381 5129 3472 5187 ὅδε

336 5226 597 5273 amaram
634 5232 745 5284 prae
778 5233 839 5271 se
870 5215 1006 5273 tulit
1033 5219 1441 5289 paenitentiam

2275 5219 2523 5292 Ἐχρῆτο
2550 5216 2752 5291 πολλῷ
2780 5218 2871 5274 καὶ
2902 5225 3083 5295 πικρῷ
3115 5210 3410 5294 μεταμέλῳ

336 5304 409 5358 ob
440 5301 872 5359 violatamfidei
907 5303 1272 5376 religionem.

2279 5302 2621 5380 Παραϐασίας
2653 5308 2853 5385 ὁρκίων
2887 5310 3221 5388 φρικαλέων.

339 5390 563 5463 Regina
596 5407 829 5463 quoque
861 5395 1026 5448 Irene
1056 5395 1175 5449 vita
1204 5396 1452 5452 excessit

2277 5396 2463 5452 Λείπει
2493 5395 2551 5453 δὶ
2583 5397 2700 5473 βίον
2730 5400 2820 5454 καὶ
2856 5399 3072 5474 βασιλὶς
3101 5398 3335 5474 Εἰρήνη,

339 5483 519 5553 atque
549 5480 621 5535 ad
652 5478 918 5536 cmlestes
942 5482 1181 5538 transiit
1211 5484 1524 5551 stationes;

2276 5487 2378 5543 Καὶ
2409 5488 2545 5561 πρὸς
2578 5487 2746 5560 μονὰς
2783 5484 2983 5562 βέϐηκε
3009 5488 3105 5552 τὰς
3136 5490 3439 5566 οὐρανίους,

411 5661 524 5750 (83)
557 5676 767 5735 Recole
794 5682 848 5735 ν.
866 5677 1045 5733 8068.

3641 362 3757 419 308
