4076 6412
334 369 400 426 31
412 374 434 425 1
1550 357 1923 416 ΕΡΗΒΒΜΠ

1550 357 1923 416 ΕΡΗΒΒΜΠ
1958 356 2543 415 CHBONOGRAPHI

333 500 392 552 et
421 495 522 568 qui
552 492 868 552 concilium
900 492 1206 566 publicum
1241 488 1481 563 regebat

334 582 866 640 Tarcbaniatorum
897 583 971 638 de
1000 586 1174 654 gente
1202 578 1569 650 Nicephorus
1603 591 1616 629 :

338 674 788 744 protosebastus
818 672 960 727 item
988 668 1519 740 Contostephanus,

339 769 397 818 et
428 760 792 833 Petraliphas
823 776 1077 831 magnus
1108 754 1533 820 chartularius,

340 868 476 906 cum
508 850 642 907 aliis
671 848 874 906 multis
905 849 1082 904 claris
1114 845 1508 903 senatoribus.

339 940 490 997 Dum
523 940 606 995 ibi
638 940 949 995 imcumbit
978 940 1048 993 ad
1080 936 1299 993 bellum
1329 931 1639 1000 exercitus,

340 1045 475 1085 ecce
504 1030 769 1086 defertur
798 1028 1045 1084 nuntius
1075 1027 1141 1082 ad
1172 1027 1456 1082 Caesarem

341 1119 498 1190 quod
525 1118 944 1174 Tachariorum
977 1132 1121 1189 gens
1153 1112 1475 1170 commisso
1507 1109 1704 1182 przelio

342 1207 493 1262 vires
522 1206 844 1261 Turcarum
879 1204 1121 1277 penitus
1152 1200 1436 1272 fregisset.

342 1302 552 1361 Morari
585 1306 775 1360 Caesar
806 1303 1096 1375 nequiens
1128 1300 1352 1355 omissa

348 1393 658 1450 obsidione
686 1392 1055 1448 conditiones
1085 1388 1320 1456 obtulit,

356 1486 413 1537 et
439 1481 822 1538 mediatorem
856 1480 941 1535 rei
976 1480 1230 1551 legatum
1264 1475 1424 1531 misit

341 1570 537 1641 ipsum
566 1568 812 1626 Joannis
843 1576 1066 1641 patrem
1097 1566 1491 1623 Theodorum.

344 1658 666 1714 Mandabat
696 1660 891 1714 autem
926 1656 1118 1712 Caesar
1147 1659 1211 1711 ut
1238 1660 1491 1713 Joannes

340 1747 574 1817 imperii
605 1751 817 1803 cuncta
845 1746 1159 1818 deponeret
1188 1744 1446 1815 insignia

344 1836 570 1893 calceos
602 1837 834 1904 rubros,
868 1835 1191 1908 pyramidis
1220 1833 1523 1906 lapillum;

349 1940 676 1997 nomenque
705 1930 763 1982 et
793 1925 1146 1997 dignitatem
1177 1923 1421 1979 haberet
1450 1924 1724 1994 despotze,

346 2024 799 2096 benivolumque
826 2025 1090 2080 animum
1121 2028 1375 2080 servaret
1404 2024 1634 2079 Caesari.

341 2113 445 2169 His
477 2113 647 2184 actis,
677 2114 999 2185 imperator
1028 2113 1163 2168 inde
1192 2110 1448 2168 abcessit

341 2206 474 2274 post
502 2202 918 2259 confirmatum
954 2205 1321 2258 sacramento
1355 2199 1562 2256 faedus.

340 2290 837 2363 Theodorumque
863 2291 1148 2361 Angelum
1183 2289 1303 2346 filio
1334 2288 1597 2346 tradidit.

341 2380 595 2438 Reverso
626 2384 822 2436 autem
853 2380 1067 2436 Cmsari
1107 2380 1392 2436 orientem

343 2469 673 2527 Iathatines
701 2470 975 2526 sultanus
1007 2469 1185 2526 Iconii

342 2558 508 2615 misit
535 2558 760 2631 legatos
791 2564 969 2633 atque
996 2559 1185 2616 enixis
1218 2560 1491 2632 precibus

340 2650 413 2705 ab
445 2664 510 2703 eo
540 2648 843 2721 suppetias
875 2648 1045 2721 petiit
1073 2653 1132 2705 et
1171 2649 1529 2720 societatem,

339 2737 493 2793 male
525 2736 817 2793 mulcatus
848 2736 1071 2794 scilicet
1101 2755 1136 2793 a
1165 2739 1467 2794 Tacbariis

332 2825 524 2898 deque
554 2842 750 2882 rerum
784 2827 1169 2898 summajam
1204 2826 1567 2899 periclitans.

333 2923 485 2979 Utile
512 2923 625 2983 sibi
658 2923 852 2980 Caesar
880 2940 1010 2980 esse
1045 2924 1382 2995 intelligens

333 3011 385 3068 si
419 3011 708 3067 laboranti
737 3012 971 3068 sultano
1002 3014 1361 3079 subveniret,

333 3100 559 3155 libente
592 3100 790 3157 animo
821 3101 1048 3170 excepit
1078 3101 1453 3172 legationem,

336 3193 398 3246 et
428 3206 563 3247 cum
597 3190 831 3248 sultano
862 3192 1021 3247 venit
1046 3192 1105 3247 in
1136 3192 1495 3264 colloquium

340 3278 711 3352 Tripolitana
740 3279 798 3336 in
833 3280 977 3337 urbe
1008 3282 1079 3336 ad
1113 3280 1496 3350 Maeandrum,

336 3368 436 3425 ubi
464 3369 819 3442 conscriptis
851 3370 1101 3426 firmiter
1129 3370 1565 3427 conditionibus

316 3458 407 3513 .de
437 3458 806 3515 sufficiendis
836 3459 1086 3515 invicem
1120 3459 1354 3516 auxiliis

334 3547 392 3603 in
425 3544 601 3603 suum
633 3548 893 3619 quisque
926 3549 1098 3603 rediit
1129 3549 1466 3621 imperium.

335 3626 500 3689 Brevi
533 3640 667 3705 post
698 3634 845 3690 illud
880 3640 1113 3707 tempus
1144 3636 1201 3691 in
1232 3636 1537 3694 Thessalia

337 3721 588 3777 excessit
618 3722 733 3777 vita
765 3724 1008 3794 despota
1038 3726 1319 3794 Joannes,

339 3811 427 3864 vir
458 3812 674 3879 bonus,
709 3812 843 3883 pius
877 3812 1071 3885 legum
1107 3815 1615 3883 servantissimus,

339 3899 663 3967 modestus,
699 3901 909 3969 comis,
947 3901 1209 3960 clemens
1239 3921 1377 3976 erga
1409 3905 1702 3975 subditos,

334 3994 391 4044 et
420 4004 655 4060 semper
683 4006 862 4047 sacra:
894 3991 1129 4049 deditus
1160 3992 1496 4066 hymnodiae

327 4094 577 4150 cumque
608 4079 938 4152 potioribus
973 4083 1287 4139 monachis
1319 4100 1699 4142 conversans.

331 4175 518 4247 Hujus
549 4176 807 4234 defuncti
836 4179 1153 4237 stationem
1181 4181 1399 4255 excipit

331 4265 706 4339 despotmque
735 4285 769 4325 a
799 4268 1025 4325 Caesare
1055 4270 1409 4342 dignitatem

335 4353 515 4410 frater
546 4356 875 4413 Demetrius
907 4358 1173 4415 moribus
1206 4358 1550 4432 incomptis,

262 4476 269 4483 ο
334 4443 522 4499 amori
552 4444 866 4512 obnoxius,
899 4444 1144 4502 Veneris
1179 4448 1565 4518 mancipium,

330 4532 477 4588 viris
510 4532 861 4605 plerumque
892 4534 1174 4604 pessimis
1207 4552 1268 4591 se
1305 4538 1560 4606 socians,

331 4626 390 4676 et
418 4627 827 4693 corruptorum
854 4624 1137 4693 juvenum
1189 4625 1521 4683 familiaris.

327 4710 491 4766 Tunc
521 4711 749 4767 otiosus
780 4728 814 4766 a
842 4711 1017 4768 bellis
1047 4713 1369 4785 imperator

330 4799 535 4871 paucis
566 4798 822 4871 stipatus
854 4800 1298 4874 Hellespontum
1337 4805 1575 4877 trajicit,

330 4887 724 4958 occiduaeque
755 4893 945 4946 terras
975 4891 1158 4947 armis
1185 4895 1422 4965 appetit.

332 4975 562 5031 Cissum
587 4977 889 5035 castellum
924 4980 1182 5038 Thraciae
1215 4987 1517 5055 praeteriit,

330 5065 713 5137 Hebrumque
740 5068 957 5125 ﬂumen
991 5076 1191 5128 vectus
1222 5090 1372 5145 equo
1405 5080 1648 5134 tranans

329 5154 681 5210 Zichuorum
717 5156 870 5214 illico
901 5160 1092 5215 adfuit
1117 5163 1431 5222 urbeculee.

334 5243 417 5298 Ibi
441 5243 734 5315 intellixit,
767 5247 1151 5319 Bulgarorum
1187 5270 1383 5325 regem

329 5331 725 5389 Callimanum
759 5337 918 5392 vitali
955 5339 1239 5410 privatum
1276 5342 1422 5399 luce.

331 5422 600 5476 Attamen
636 5439 882 5494 pergens
911 5431 1112 5482 Serras
1145 5447 1335 5502 usque
1370 5434 1545 5506 venit,

336 5524 512 5579 quam
547 5514 605 5565 et
637 5527 845 5583 sagace
877 5514 1135 5570 obtinuit
1166 5520 1434 5589 consilio,

333 5602 506 5653 Masso
538 5600 791 5670 Dragota
821 5603 1102 5673 oppidum
1139 5609 1424 5675 tradente,

329 5686 505 5754 cujus
536 5690 808 5759 prresidio
826 5698 883 5746 et
915 5708 1067 5747 curae
1102 5699 1449 5755 mandatum
1482 5703 1690 5763 fuerat.

2017 486 2074 553 Α
2280 480 2579 559 Πράγματα
2606 484 2764 537 κοινὰ
2793 480 3083 561 φροντίδας
3117 484 3166 538 τ’
3197 484 3263 538 αὗ
3294 483 3507 560 ἀνέχων

2098 571 2241 629 8435
2278 574 2718 647 Ταρχανειωτῶν
2751 571 2811 628 ἐκ
2837 572 3026 648 γένους
3058 574 3403 652 Νικηφόρος,

2278 655 2736 734 Πρωτοσεϐαστὸς
2768 661 3201 737 Κοντοστέφανος
3229 660 3423 729 πάλιν,

2279 748 2377 803 Καὶ
2408 748 2751 825 Πετραλίφας
2783 748 3228 827 χαρτουλλάριος
3265 752 3436 826 μέγας

2275 838 2424 894 Mati
2450 861 2511 914 γε
2543 839 2770 896 πολλῶν
2804 839 3040 897 εὐκλεῶν
3076 839 3466 920 βουληφόρων.

2281 929 2800 1006 Ἀμφιπονουμένων
2838 928 2896 985 δὲ
2923 927 3056 1003 τῇδε
3082 933 3403 1005 ταγμάτων,

2100 1017 2242 1073 8440
2281 1017 2506 1095 ’Δφῖκτό
2536 1039 2589 1073 τι
2623 1020 2849 1093 μήνυμα
2879 1021 3017 1094 πρὸς
3048 1018 3294 1096 βασιλέα,

2279 1106 2368 1168 Ὦς
2396 1107 2691 1183 Ταχαρίων
2725 1106 2877 1171 ἔθνος
2907 1108 3298 1182 ὠνομασμένον

2279 1195 2549 1272 Τούρκοις
2579 1195 2860 1266 συνελθὸν,
2896 1197 3077 1270 έκνικᾷ
3108 1204 3243 1277 σφᾶς
3275 1197 3327 1254 ἐν
3366 1197 3537 1275 μάχῃ.

2277 1287 2436 1340 Ταῦτ’
2466 1282 2821 1360 ἐμϐραδύνειν
2859 1289 2934 1360 μὴ
2971 1287 3266 1363 δυνάμενος
3290 1288 3530 1364 κράτωρ,

2284 1374 2467 1449 ’Δφεὶς
2493 1378 2555 1431 τὸ
2584 1377 2830 1452 πορθεῖν,
2853 1377 3033 1456 ἀφορᾷ
3060 1379 3196 1455 πρὸς
3226 1373 3542 1452 συμϐάσεις,

2102 1475 2243 1531 8445
2281 1469 2523 1549 Ιῖρέσϐυν
2560 1477 2912 1549 μεσιτεύοντα
2940 1477 3164 1540 ταύταις
3205 1473 3504 1552 λαμϐάνων

2278 1564 2384 1620 Τὸν
2420 1566 2672 1621 Ἰωάννου
2703 1563 2985 1638 Θεόδωρον
3018 1567 3241 1643 πατέρα.

2281 1654 2364 1711 Τὰ
2392 1651 2439 1709 δ’
2470 1656 2669 1729 ὁρκίων
2697 1655 2765 1724 ἦν
2799 1656 2875 1720 ὡς
2904 1658 3093 1713 ἅπαντ’
3126 1657 3381 1729 Ἰωάννην

2281 1743 2365 1800 Τὰ
2394 1739 2649 1817 σύμϐολα
2680 1745 2910 1822 ῥίψαντα
2936 1753 3037 1817 τῆς
3067 1751 3427 1823 κραταρχίας.

2283 1830 2466 1890 11έδιλ’
2491 1832 2689 1910 ἐρυθρά
2711 1835 2803 1890 καὶ
2832 1833 3140 1910 πυραμίδος
3172 1836 3352 1909 λίθον,

2099 1924 2243 1978 8450
2281 1921 2491 1992 Κλῆσιν
2522 1925 2815 1993 κεκτῆσθαι
2845 1930 2934 1979 καί
2963 1926 3134 1997 τιμὴν
3164 1926 3262 1994 τήν
3298 1922 3584 1997 δεσπότου,

2281 2010 2383 2068 Καὶ
2415 2010 2575 2089 φίλον
2611 2010 2795 2067 εὔνουν
2833 2012 3048 2088 βασιλεῖ
3076 2015 3421 2071 καθεστάναι.

2279 2096 2438 2156 Οὕτω
2470 2096 2745 2173 δεδρακὼς
2779 2098 3036 2176 βασιλεὺς
3062 2101 3409 2180 ὑποστρέφει,

2279 2185 2710 2261 Κατεμπεδώσας
2743 2187 2951 2263 ὁρκίοις
2981 2191 3079 2252 τὰς
3113 2186 3409 2265 συμϐάσεις
3445 2210 3459 2225 °

2276 2274 2557 2349 Θεόδωρον
2591 2276 2638 2333 δ’
2670 2278 2935 2355 Ἄγγελον
2969 2280 3146 2335 λιπὼν
3180 2280 3446 2359 φιλτάτῳ.

2101 2368 2243 2424 8455
2279 2367 2369 2429 Ὧς
2402 2368 2492 2423 οὗν
2526 2366 2838 2439 έπανέζευξε
2866 2370 3004 2443 πρὸς
3033 2371 3101 2425 τά
3127 2373 3227 2441 τῆς
3257 2368 3354 2441 ἕω,

2280 2456 2582 2523 Ἰαθατίνης
2612 2456 2844 2513 σουλτάν
2877 2458 3150 2515 Ἰκονιέων

2278 2547 2533 2619 Ἔπεμψε
2560 2542 2813 2620 πρέσϐεις
2844 2546 3092 2620 λιπαρῶν
3130 2548 3356 2625 βασιλέα

2278 2639 2474 2710 Τυχεῖν
2511 2635 2764 2707 βοηθείας
2790 2656 2850 2691 τε
2877 2637 2967 2692 καὶ
2998 2639 3322 2715 συμμαχίας

2280 2725 2474 2787 Κακῶς
2504 2726 2814 2798 πεπονθὼς,
2846 2727 2920 2789 ὡς
2954 2723 3112 2804 ἔφην,
3136 2730 3457 2805 Ταχαρίοις,

2100 2815 2243 2869 8460
2282 2814 2377 2868 Καὶ
2408 2812 2730 2869 κινδυνεύων
2764 2814 3064 2872 ἀπολέσθαι
3094 2819 3395 2877 παντάπαν.

2281 2903 2471 2967 Συνεὶς
2504 2902 2759 2978 βασιλεὺς
2781 2905 2855 2967 ὡς
2886 2907 3062 2979 ἑαυτῷ
3093 2909 3355 2987 συμφέρει

2280 2993 2344 3051 Εἰ
2373 2990 2734 3068 δυστυχοῦντι
2758 2998 3119 3072 συμμαχήσει
3143 2996 3448 3073 σουλτάνῳ,

2282 3078 2573 3154 Πρεσϐείαν
2608 3081 2911 3140 είσδέδεκτο
2941 3085 3030 3141 καὶ
3066 3086 3196 3160 μάλ’
3227 3088 3475 3162 ἀσμένως
3509 3109 3521 3122 ⁸

2278 3174 2428 3228 Ὃθεν
2462 3175 2779 3250 κρατάρχης
2811 3174 2899 3230 καὶ
2934 3175 3166 3233 σουλτᾶν
3194 3178 3527 3251 συνηλθέτην

2021 3218 2063 3284 C
2100 3273 2242 3329 8465
2282 3273 2369 3331 Ἐν
2397 3275 2464 3345 τῇ
2496 3218 2859 3349 Σ,Γριπιύίλεῖτῇ
2890 3275 3027 3350 πρὸς
3059 3218 3355 3351 Μαιάνδρίρ
3383 3218 3543 3335 πόλει
3583 3299 3597 3314 ο

2282 3358 2642 3434 Σπεισάμενοι
2676 3360 2733 3417 δὲ
2760 3365 2849 3418 καὶ
2883 3361 3169 3440 δράσαντες
3200 3364 3496 3439 συμϐάσεις

2277 3451 2364 3513 Ὦς
2396 3449 2457 3505 ἂν
2490 3454 2862 3522 συνασπίζοιεν
2894 3452 3169 3525 ἀλλήλοις
3205 3456 3378 3532 μάχην

2280 3540 2421 3613 Πρὸς
2452 3538 2715 3613 πατρίδας
2748 3539 2966 3617 ᾤχοντο
2995 3543 3085 3598 καὶ
3118 3546 3477 3622 κραταρχίας.

2279 3628 2427 3687 Μετᾶ
2461 3626 2516 3684 δὲ
2550 3631 2743 3705 μικρὸν
2777 3629 3065 3688 ἀπολείπει
3094 3632 3185 3688 τὸν
3223 3633 3341 3710 βίον

2098 3718 2241 3774 8470
2279 3718 2366 3775 Ἐν
2391 3716 2662 3791 Θεσσαλίᾳ
2693 3717 2962 3792 δεσπότης
2998 3723 3279 3795 Ἰωάννης,

2275 3809 2445 3882 Ἀνὴρ
2478 3806 2695 3883 ἀγαθὸς,
2730 3806 2998 3884 εὐλαϐὴς,
3032 3811 3217 3885 νόμων
3246 3813 3445 3891 φύλαξ,

2281 3897 2550 3973 Σώφρων,
2583 3897 2797 3973 ἱλαρὸς,
2829 3899 3063 3972 εὐμενὴς
3098 3902 3392 3971 ὑπηκόοις,

2281 3985 2394 4041 Ἀεὶ
2425 3986 2716 4062 σχολάζων
2750 3990 2919 4064 ἱεραῖς
2955 3988 3276 4065 ὑμνῳδίαις,

2278 4075 2382 4131 Καὶ
2414 4077 2702 4151 ναζιραίων
2731 4079 3051 4153 προκρίτοις
3084 4081 3450 4158 έντυγχανων.

2096 4173 2240 4229 8475
2277 4172 2489 4231 Τούτου
2522 4174 2799 4249 θανόντος,
2831 4173 3101 4252 λαμϐάνει
3132 4178 3477 4258 κληρουχίαν

2277 4262 2381 4318 Καὶ
2414 4261 2737 4335 δεσποτικὴν
2773 4265 2823 4338 ἐξ
2855 4264 3085 4334 ἄνακτος
3112 4269 3261 4341 ἀξίαν

2278 4356 2596 4429 Δημήτριος
2630 4353 2917 4429 σύναιμος,
2950 4359 3019 4413 οὐ
3056 4357 3227 4421 καλὸς
3255 4361 3515 4436 τρόπους,

2276 4443 2518 4517 Ἔρωτος
2547 4442 2753 4517 ἥττων,
2785 4442 2983 4509 δοῦλος
3014 4446 3365 4525 ἀφροδισίων,

2273 4532 2353 4588 Τὰ
2380 4531 2569 4590 πολλὰ
2598 4536 2769 4590 συνὼν
2803 4535 3058 4613 ἀνδράσιν
3091 4532 3428 4613 ἀϐελτέροις,

2022 4593 2064 4658 D
2092 4623 2239 4679 8480
2278 4622 2379 4680 Καὶ
2416 4624 2722 4699 μειρανίοις
2756 4593 3072 4700 συνομιλῶν
3108 4593 3458 4705 δυστρόποίς.

2276 4714 2462 4788 Ἀγων
2494 4713 2552 4769 δὲ
2584 4716 2772 4790 μάχης
2807 4717 3107 4793 άνακωχὴν
3139 4719 3168 4773 ὁ
3198 4720 3440 4795 κράτωρ,

2274 4801 2513 4876 Περάσας
2543 4802 2955 4875 Ἑλλήσποντον
2991 4806 3106 4880 ἅμα
3138 4808 3398 4884 βραχέσιν

2276 4892 2680 4968 Ἐπιστρατεύει
2712 4899 2831 4957 τοῖς
2856 4896 2991 4951 κατὰ
3024 4893 3175 4953 δύσιν
3205 4897 3417 4961 τόποις.

2275 4983 2467 5037 Κισσὸν
2501 4981 2853 5057 παραμείψας
2887 4981 2943 5039 δὲ
2974 4986 3237 5062 φρούριον
3269 4987 3485 5064 Θρᾴκης

2094 5081 2237 5135 8485
2275 5077 2452 5155 Εὗρον)
2483 5100 2542 5135 τε
2568 5081 2661 5136 τὸν
2692 5081 2825 5158 ῥοῦν
2858 5081 3157 5160 ἐκπεράσας
3188 5085 3453 5157 ἱππότης,

2271 5168 2414 5233 Εὗθὺ
2439 5175 2652 5245 Ζιχνῶν
2680 5169 2890 5241 ἤλαυνε
2919 5178 3016 5229 τοῦ
3045 5174 3372 5252 πολιχνίου.

2270 5261 2509 5331 Μήνυμα
2541 5258 2586 5314 δ’
2616 5261 2743 5331 ἧκεν
2775 5263 2849 5324 ὡς
2876 5262 2904 5317 ὀ
2935 5263 3264 5341 Βουλγάρων
3298 5264 3425 5337 ἅναξ

2271 5344 2629 5422 Καλλιμάνος
2662 5347 2920 5409 λέλοιπεν
2944 5353 3111 5423 ἡλίου
3142 5353 3277 5432 φάος
3312 5374 3326 5389 ’

2272 5437 2481 5494 Βαίνων
2512 5435 2557 5493 δ’
2589 5437 2742 5512 ὅμως
2774 5442 3015 5518 πέφθαγε
3049 5442 3253 5520 Σέρῥας
3277 5451 3377 5515 τῆν
3415 5442 3608 5516 πόλιν,

2091 5528 2233 5584 8490
2268 5528 2370 5584 ’Ἡν
2400 5527 2489 5582 καὶ
2522 5531 2898 5604 παρεστήσατο
2929 5537 3045 5593 ταῖς
3077 5529 3388 5597 εύϐουλίαις
3432 5555 3445 5568 ’

2271 5618 2460 5672 Μυσοῦ
2493 5625 2754 5691 Δραγωτᾶ
2780 5619 3119 5694 παραδόντος
3148 5626 3248 5692 τὴν
3281 5623 3444 5680 πόλιν

2267 5709 2371 5759 Τοῦ
2400 5706 2566 5775 τῆσδε
2597 5708 2952 5785 φρουράρχου
2984 5731 3043 5767 τε
3070 5713 3160 5768 καὶ
3188 5720 3600 5792 πρωτοστάτου.

3651 359 3777 418 312
