4076 6408
327 365 434 423 315
1541 359 1915 418 ΕΡΗΒΕΜΙΙ

2141 359 2524 417 DNOGRAPHI
3642 360 3751 418 316

327 491 489 548 fama
520 490 855 562 clamorque
881 490 1110 546 diditur
1139 506 1241 562 per
1271 490 1473 545 urbem

2015 487 2063 552 Α
2271 486 2385 555 Βοή
2416 505 2499 547 τις
2532 482 2687 540 ἔνδον
2723 484 2933 562 ἀθρόως
2963 484 3223 563 έξερῥάγη

332 588 563 655 portam
593 597 627 636 a
655 580 795 636 viris
826 580 1173 653 patefactam
1207 579 1432 651 aliquot

2271 574 2361 638 Ὧς
2391 572 2556 637 πυλὶς
2588 574 2828 648 ἆνέῳκτό
2857 596 2999 631 τισιν
3035 573 3284 651 ἀνδράσιν

334 688 498 728 mare
529 675 913 742 spectantem,
945 674 1002 724 et
1033 670 1329 725 moenibus
1358 670 1650 739 receptam

2272 664 2333 718 Ἣ
2360 665 2478 728 καθ’
2509 660 2615 719 ἅλα
2643 663 2891 733 νεόουσα,
2922 663 3012 719 καὶ
3044 663 3309 741 συνερρύη

334 771 690 844 phalangem
724 774 1085 826 armatorum
1112 770 1236 839 jam
1269 768 1617 839 irrumpere.

2092 754 2236 810 8555
2273 751 2567 844 Ὁπὶιτική
2601 774 2685 816 τις
2715 751 2866 809 ἔνδον
2897 754 3128 829 τειχέων
3163 752 3393 831 φάλαγξ.

333 840 419 919 ibi
457 840 750 917 tumultus
782 859 1076 916 maximus
1106 865 1195 915 est
1224 862 1412 929 ortus,

2277 844 2361 899 Ἐν
2391 847 2472 915 τῷ
2499 840 2557 897 δέ
2586 863 2667 904 τις
2700 846 2863 918 θροῦς
2892 845 3191 918 παμμιγὴς
3214 840 3358 918 ἤρθη
3397 841 3581 919 μέγας,

337 960 391 1006 et
419 950 693 1005 reseratis
727 949 946 1005 foribus
977 950 1290 1017 introrsus,

2274 931 2377 988 Καὶ
2406 936 2514 987 τῶν
2549 929 2740 987 πυλῶν
2766 930 3013 996 ἔντοσθεν
3046 932 3431 1008 ἀνεῳγμένων,

337 1039 667 1112 ingreditur
704 1039 994 1095 exercitus
1025 1038 1331 1109 Caesarque
1364 1033 1541 1091 simul
1577 1050 1590 1090 :

2276 1021 2512 1095 Στρατιὰ
2543 1019 2843 1092 συνήλασεν
2876 1016 3027 1076 ἔνδον
3054 1023 3143 1077 καὶ
3170 1020 3409 1098 κράτωρ·

340 1108 665 1194 Deinetrius
697 1142 889 1192 autem
925 1136 1073 1208 fugit
1105 1136 1162 1190 in
1196 1134 1528 1207 aeropolin;

2275 1110 2469 1186 Φεόγει
2500 1108 2557 1166 δὲ
2588 1112 2906 1188 Δημήτριος
2938 1110 3017 1173 εἷς
3044 1112 3210 1187 ἄκραν
3243 1109 3428 1183 πόλιν,

339 1229 438 1300 qui
476 1244 609 1282 mox
638 1225 846 1283 salutis
880 1205 1135 1282 fide—sibi
1167 1205 1351 1290 data;

2093 1211 2238 1267 8560
2275 1208 2576 1300 Ἐχέγγυον
2610 1206 2667 1264 δὲ
2691 1205 3023 1285 προσλαϐὼν
3059 1210 3334 1286 σωτηρίας

340 1298 527 1373 semet
557 1333 691 1371 cum
725 1332 856 1371 arce
885 1314 1223 1386 imperatori
1253 1307 1512 1368 tradidit.

2271 1298 2443 1356 Αὐτὸν
2475 1320 2534 1354 τε
2563 1299 2806 1377 φρουρὰν
2838 1303 2918 1372 τῷ
2946 1300 3232 1375 κρατάρχῃ
3260 1300 3575 1376 προσνέμει.

337 1407 431 1462 Sic
464 1407 606 1461 urbs
638 1404 1051 1461 Thessalonica
1081 1408 1252 1475 capta
1283 1401 1394 1457 fuit
1426 1418 1439 1456 :

2272 1389 2460 1452 Οὕτως
2487 1388 2632 1443 ἑάλω
2662 1388 3031 1460 Θεσσαλονίκη
3063 1389 3249 1453 πόΛις·

335 1505 436 1561 ubi
470 1505 796 1575 imperator
824 1502 1092 1559 substitit
1118 1517 1452 1573 parumper,

2273 1477 2347 1533 Οὖ
2381 1476 2656 1575 διαγαγὼν
2694 1477 2952 1553 βασιλεὺς
2984 1478 3193 1554 βραχὺν
3226 1480 3453 1555 χρόνον,

336 1594 747 1663 ordinatisque
776 1592 953 1648 rebus
983 1607 1053 1646 ex
1084 1590 1395 1657 sententia,

2276 1566 2380 1625 Καὶ
2413 1564 2617 1632 διαθεὶς
2651 1568 2860 1622 ἅπαντα
2890 1567 3131 1642 καθάπερ
3165 1564 3308 1640 δέον,

329 1683 501 1739 laetus
532 1683 602 1737 ad
637 1698 773 1737 eoas
806 1680 1133 1751 provincias
1165 1679 1339 1735 rediit

2096 1661 2241 1717 8565
2277 1657 2499 1733 Χαίρων
2531 1656 2873 1729 έπανέζευξεν
2904 1657 2982 1721 εἷς
3013 1655 3087 1713 ἕω
3116 1658 3348 1731 τόπους,

328 1790 360 1828 a
393 1771 621 1828 cunctis
654 1746 983 1827 celebratus
1016 1787 1117 1825 ceu
1150 1768 1563 1840 triumphator.

2274 1747 2639 1823 Ὑμνούμενος
2670 1746 2940 1820 ξύμπασιν
2972 1748 3046 1810 ὡς
3076 1749 3394 1827 νικηφόρος.

333 1871 593 1943 Reliquit
622 1875 820 1926 autem
852 1869 1139 1925 exercitus
1172 1867 1402 1923 occidui

2014 1851 2063 1917 B
2274 1837 2456 1915 Ἀφεὶς
2487 1838 2791 1913 στρατηγὸν
2821 1841 2929 1891 τῶν
2966 1834 3195 1892 δυτικῶν
3228 1838 3518 1912 ταγμάτων

2274 1929 2317 1943 ..
2346 1926 2355 1939 ι
2531 1925 2545 1943 .
2701 1925 2712 1943 ι
3073 1930 3100 1941 ..
3210 1927 3224 1943 .
3308 1925 3318 1943 .

337 1960 794 2032 generalemque
828 1959 1066 2015 urbium
1099 1964 1382 2015 rectorem

2274 1926 2498 1985 Πάντων
2528 1925 2817 1996 ἐπιστάτην
2850 1947 2909 1980 τε
2940 1930 3167 2002 χωρῶν,
3199 1925 3401 1981 ἀστέων

2274 2022 2315 2032 ...
2361 2014 2380 2032 κ
2492 2015 2511 2032 κ
2543 2016 2555 2032 1
2691 2015 2705 2032 τ
2778 2011 2802 2032 δ
2987 2014 2998 2032 ι
3203 2015 3215 2032 ο

338 2067 620 2124 magnum
654 2050 1042 2128 domesticum
1077 2048 1470 2118 I’alteologum

338 2140 590 2196 ducendi
624 2139 1040 2211 pugnandique
1071 2136 1558 2205 scientissimum,

2274 2014 2655 2092 Παλαιολόγον
2688 2015 2740 2070 ἐν
2774 2011 3119 2087 δομεστίκοις
3155 2015 3346 2089 μέγαν,

2096 2109 2240 2165 8570
2277 2103 2480 2180 ’κνδρα
2512 2103 2846 2181 στρατηγίας
2876 2125 2934 2159 τε
2962 2104 3052 2159 καὶ
3083 2105 3272 2179 μάχης
3301 2101 3466 2179 ἴδριν,

2275 2194 2379 2252 Καὶ
2409 2191 2779 2256 παντοδαπαῖς
2810 2191 3109 2249 καλλοναῖς
3135 2195 3483 2267 ἠνθισμένον·

2275 2285 2378 2342 Τὸν
2414 2281 2461 2337 δ’
2486 2281 2551 2337 αὖ
2578 2283 2864 2356 Κομνηνὸν
2897 2281 3132 2358 Μιχαὴλ
3166 2282 3364 2338 τούτου
3391 2282 3575 2360 γόνον,

2273 2374 2373 2429 Τὸν
2408 2372 2651 2445 ὑστέροις
2683 2370 2907 2447 εἵρξαντα
2934 2372 3224 2447 Ῥωμαίων
3262 2372 3511 2449 χρόνοις,

2279 2465 2615 2518 Ἐπιστατεῖν
2652 2461 2871 2538 Σερῥῶν
2895 2483 2953 2517 τε
2976 2462 3067 2517 καὶ
3101 2461 3430 2532 Μελενίκου,

338 2243 513 2309 atque
546 2235 908 2292 ornamentis
937 2235 1335 2291 abundantem
1366 2232 1661 2289 omnibus.

334 2326 525 2399 Hujus
556 2342 689 2381 vero
722 2324 910 2380 {ilium
942 2322 1285 2381 Michaelem
1319 2324 1706 2391 Comnenum,

337 2425 437 2495 qui
473 2423 606 2478 dein
643 2423 965 2478 Romanum
997 2421 1191 2477 tenuit
1223 2420 1558 2493 imperium,

333 2513 522 2569 Serris
556 2512 812 2584 praefecit
839 2515 1015 2582 atque
1044 2509 1343 2577 Melenico,

337 2608 396 2660 et
425 2601 823 2672 circumjectis
853 2600 1131 2656 omnibus
1161 2600 1522 2673 regionibus.

337 2692 498 2748 Alios
533 2698 806 2761 praeterea
832 2691 1039 2747 statuit
1069 2691 1369 2762 praefectos

340 2782 613 2854 regendis
642 2781 822 2837 variis
850 2781 1099 2836 urbibus
1130 2796 1197 2834 ac
1229 2778 1567 2851 provinciis.

338 2882 702 2937 Demetrium
734 2883 930 2936 autem
963 2880 1023 2934 in
1062 2879 1203 2934 urbe
1231 2876 1528 2935 Lentianis

340 2972 440 3027 diu
473 2968 719 3026 retinuit
745 2969 1102 3024 custoditum
1135 2982 1388 3023 carcere.

337 3060 470 3116 Jam
504 3056 839 3131 patriarcha
868 3055 1124 3129 Byzantii
1157 3060 1445 3111 Germano

338 3149 520 3204 vitam
553 3147 872 3218 sedemque
902 3144 1081 3201 simul
1113 3145 1500 3216 relinquente,

343 3250 410 3301 ut
441 3247 497 3300 in
533 3248 782 3300 aeternas
813 3243 1093 3300 stationes
1126 3248 1419 3315 pergeret;
2021 3219 2066 3287 C

347 3333 680 3392 Methodius
710 3333 953 3405 quidam
985 3334 1056 3389 de
1086 3331 1393 3405 Hyacinthi
1426 3330 1688 3387 coenobio

347 3423 566 3480 insedit
593 3422 810 3478 solium
840 3428 1101 3494 tempore
1133 3420 1477 3477 brevissimo
1507 3437 1519 3475 :
1622 3482 1625 3489 ι

346 3512 481 3594 οἷΓᾶ
495 3521 801 3591 moriente,
834 3521 1006 3576 sedes
1036 3519 1357 3592 Byzantina

341 3611 546 3684 perdiu
581 3611 771 3666 caruit
801 3610 1049 3682 praeside
1080 3614 1336 3680 pastore.

343 3700 522 3756 Paulo
554 3704 687 3772 post
716 3700 895 3754 etiam
929 3715 1181 3770 magnus
1210 3697 1566 3753 domesticus

342 3789 579 3846 mortali
610 3789 860 3845 excessit
886 3789 1006 3844 vita
1036 3787 1399 3860 Palaeologus

346 3878 619 3935 monachi
651 3879 712 3933 in
743 3877 996 3950 speciem
1031 3878 1137 3933 rite
1166 3876 1528 3933 convestitus
1560 3893 1573 3931 :

348 3977 568 4033 missus
598 3983 689 4033 est
716 3982 913 4033 autem
945 3977 1283 4033 Theodorus
1320 3976 1511 4033 Philes

346 4067 445 4139 qui
477 4067 779 4139 copiarum
810 4068 1072 4140 regimen
1103 4066 1414 4138 exciperet.

343 4158 508 4213 Tunc
541 4158 681 4214 urbs
709 4157 1126 4213 Thessalonica
1154 4162 1211 4213 et
1240 4156 1513 4212 Berrhma

346 4246 759 4319 imperatorem
791 4247 986 4317 ipsum
1018 4245 1314 4301 habebant
1343 4243 1671 4299 dominum.

343 4336 689 4391 Theodorus
721 4340 917 4390 autem
950 4351 1140 4390 caecus
1172 4333 1605 4405 Angelonymus

345 4424 598 4479 Bodenis
631 4422 962 4494 imperabat
993 4428 1051 4477 et
1078 4421 1413 4489 Staridolis,

344 4529 479 4569 cum
512 4511 744 4567 Ostrobi
777 4511 1079 4582 provincia
1107 4516 1166 4566 et
1195 4510 1548 4565 conﬁnibus.

2096 2565 2240 2622 8575
2277 2562 2379 2621 Καὶ
2406 2567 2503 2617 τοῦ
2538 2561 2733 2634 μεταξὺ
2763 2561 2852 2616 καὶ
2884 2562 3037 2637 πέριξ
3069 2561 3275 2617 τούτων
3305 2563 3503 2618 τόπου⁸

2278 2653 2374 2707 Καὶ
2410 2650 2577 2707 πάλιν
2609 2648 2817 2715 ἄλλους
2849 2650 3104 2727 ἀλλαχοῦ
3132 2659 3237 2726 γῆς
3266 2653 3357 2706 καὶ
3386 2650 3560 2707 τόπου

2273 2744 2499 2818 ’Άρχειν
2528 2740 2694 2819 ἐφῆκε
2724 2740 2813 2794 καὶ
2843 2737 3137 2804 διευθύνειν
3170 2740 3383 2805 πόλεις.

2276 2832 2594 2907 Δημήτριον
2628 2829 2686 2885 δὲ
2719 2834 3018 2885 Λεντιανῶν
3050 2829 3100 2885 έν
3132 2831 3293 2886 πόλει

2273 2927 2622 2998 Ἐμφρουρον
2654 2920 2797 2995 εἶχεν
2829 2919 2881 2974 ἐν
2919 2924 3114 2993 μακρῷ
3138 2920 3544 2995 καθειργμένον.

2094 3015 2237 3069 8580
2272 3015 2378 3065 Τοῦ
2411 3007 2455 3065 δ’
2488 3008 2789 3084 ἀρχιθύτου
2819 3014 3094 3081 Γερμανοῦ
3124 3006 3452 3078 Βυζαντίδος

2276 3098 2398 3158 Βίον
2432 3098 2690 3160 λιπόντος
2717 3097 2807 3152 καὶ
2841 3097 2934 3151 σὺν
2967 3097 3114 3169 αὐτῷ
3142 3098 3232 3153 τὸν
3266 3099 3482 3174 θρόνον,

2277 3186 2717 3262 Ἀναδραμόντος
2751 3183 2798 3241 δ’
2828 3185 2907 3249 εἷς
2941 3187 3109 3260 μονὰς
3140 3186 3419 3259 αἰωνίους,

2284 3275 2556 3343 Μεθόδιός
2585 3298 2670 3341 τις
2699 3275 2759 3332 ἐκ
2792 3283 2960 3351 μονῆς
2992 3277 3275 3340 Ὑακίνθου

2283 3368 2408 3425 Ἐπὶ
2443 3368 2739 3443 βράχιστον
2768 3360 3182 3441 παραλαμϐάνει
3213 3364 3426 3441 θρόνον,

2104 3460 2247 3516 8585
2284 3457 2498 3515 Τούτου
2531 3455 2810 3525 θανόντος,
2841 3455 2917 3517 εἰς
2952 3455 3158 3530 μακρὸν
3181 3454 3387 3529 χρόνου
3420 3454 3614 3527 θρόνος

2283 3550 2535 3620 Ἔρημος
2568 3546 2708 3615 ὑπῆν
2741 3545 3005 3617 ποιμένος
3034 3543 3125 3599 καὶ
3156 3543 3486 3619 προστάτου.

2284 3636 2435 3693 Μετᾶ
2466 3633 2524 3689 δὲ
2557 3634 2751 3711 μικρὸν
2785 3633 2875 3688 καὶ
2908 3630 3231 3706 δομέστικος
3267 3633 3433 3707 μέγας

2283 3723 2664 3800 Παλαιολόγος
2698 3717 2967 3800 ἐξαμεὶϐει
2997 3721 3089 3777 τὸν
3127 3723 3272 3797 βίον,

2281 3814 2362 3871 Τὰ
2390 3818 2497 3869 τῶν
2535 3817 2789 3888 μοναχῶν
2817 3809 3057 3875 ἐνδυθεὶς
3088 3811 3240 3888 πρὶν,
3273 3812 3347 3875 ὡς
3380 3812 3557 3885 θέμις·

2103 3917 2247 3972 8590
2283 3913 2388 3969 Καὶ
2421 3910 2589 3991 φιλῇς
2616 3909 2899 3987 Θεόδωρος
2921 3911 3257 3983 ἐξαπεστάλη

2281 4006 2529 4079 Ἅρχειν,
2562 4006 2883 4078 στρατηγεῖν
2916 4000 3028 4056 ἀντ’
3059 4001 3267 4057 ἐκείνου
3296 4001 3613 4078 ταγμάτων.

2282 4091 2648 4162 Θεσσαλονίκη
2681 4092 2768 4146 καὶ
2801 4091 3032 4168 Βέρῥοια
3065 4093 3158 4164 μὶν
3191 4091 3384 4155 πόλεις

2282 4183 2381 4237 Τὸν
2411 4181 2759 4256 αὐσονάρχην
2796 4177 3062 4251 δεσπότην
3090 4183 3243 4256 εἶχον
3274 4180 3419 4251 τότε.

2284 4271 2469 4346 Πηρὸς
2502 4267 2559 4324 δὲ
2589 4267 2872 4343 Θεόδωρος
2896 4268 3059 4347 έκφὺς
3088 4267 3369 4345 Ἀγγέλων
3520 4342 3527 4349 ν

2104 4363 2247 4418 8595
2284 4364 2571 4434 Κατῆρχεν
2605 4358 2755 4421 αὖθις
2790 4355 3067 4432 Βοδηνῶν,
3100 4355 3478 4435 Σταριδόλων,

2289 4449 2394 4504 Σὺν
2422 4442 2722 4523 Ὀστροὸοὖ
2751 4445 2982 4521 κλίματι
3014 4448 3107 4503 καὶ
3136 4453 3244 4504 τῶν
3278 4446 3331 4503 έν
3362 4446 3573 4522 κύκλῳ.

2283 4542 2405 4594 Τῶν
2433 4535 2494 4592 ἐκ
2522 4535 2900 4610 Πλαταμῶνος
2935 4533 2993 4591 δὲ
3020 4538 3114 4592 καὶ
3141 4539 3433 4612 κατωτέρω

347 4608 396 4658 Α
428 4602 769 4659 Platamone
800 4606 999 4657 autem
1030 4606 1205 4673 atque
1235 4600 1481 4656 inferius

2030 4589 2078 4654 Β
2287 4630 2485 4703 Μερῶν
2516 4589 2812 4683 κλινόντων
2846 4627 2919 4689 ὡς
2948 4627 3084 4703 πρὸς
3117 4589 3608 4702 ὲσπέρανῗτόπους,

344 4693 405 4748 in
440 4691 706 4765 partibus
736 4692 807 4747 ad
843 4691 1159 4763 hesperum
1190 4691 1506 4757 conversis,

2287 4691 2395 4770 Σὺν
2422 4715 2483 4771 Ἀ
2496 4713 2630 4790 χαΐα
2656 4712 2900 4789 Βλαχίας
2931 4691 3021 4769 καὶ
3052 4715 3162 4769 τῶθ
3192 4691 3344 4791 πέριξ

352 4807 456 4846 nec
489 4807 604 4847 non
638 4788 958 4855 Blachiam,
991 4788 1270 4844 Achaiam
1304 4792 1360 4843 et
1389 4788 1687 4858 viciniam,

2107 4815 2251 4871 8600
2293 4788 2535 4874 Παλαιὸις
2568 4812 2831 4886 Ἠπείρου
2857 4833 2916 4866 τε
2947 4810 3038 4866 σὺν
3072 4788 3341 4884 Αἰτωλίᾳ,

346 4880 776 4953 antiquamque
807 4879 1046 4951 Epirum
1081 4894 1215 4933 cum
1249 4877 1477 4947 Aitolia,

490 4899 776 4981 illamque
799 4899 1046 4981 .mplnfr‘"
1081 4899 1215 4981 CUT
1249 4899 1477 4981 Πποξηξν
2286 4904 2417 4974 “Αμ⁹
2448 4899 2747 4975 Ἰλλυρικῷ
2771 4900 2863 4955 καὶ
2894 4899 3185 4977 Δυρραχίῳ
3206 4901 3390 4973 πόλει,

345 4969 731 5041 Illyriumque
761 4972 818 5025 et
848 4970 1131 5041 oppidum
1168 4967 1577 5041 Dyrrachium,

2287 4994 2409 5048 ’Έτι
2441 4989 2754 5065 Περιλάπου
2788 4988 3127 5065 Πελαγονίας
3158 4989 3317 5062 ὅλης,

341 5067 641 5140 Prilapum
672 5069 865 5135 etiam,
901 5068 1272 5140 Pelagoniam
1306 5074 1604 5133 cunctam,

2289 5078 2530 5149 Κλεινῆς
2567 5076 2851 5153 Ἀχρίδος.
2888 5078 3228 5156 σελασφόρου
3258 5081 3348 5135 καὶ
3383 5080 3661 5156 Πρέσπης,

341 5158 599 5215 nobilem
631 5157 870 5222 Acbrin,
904 5159 1397 5230 splendidamque
1430 5157 1727 5230 Prespam,

2286 5171 2345 5223 '0
2377 5166 2614 5244 Μιχαὴλ
2646 5171 2710 5237 ἦν
2741 5166 3007 5240 δεσπότης
3040 5171 3068 5224 ὁ
3100 5167 3365 5241 δεσπότης

342 5248 524 5313 Quem
560 5246 947 5302 clandestinis
982 5248 1204 5318 nuptiis
1235 5252 1520 5319 genuerat
1549 5245 1795 5304 Michael

1728 5246 1795 5304 tel
2107 5261 2251 5317 8605
2288 5261 2387 5321 ’Ός
2420 5256 2481 5312 ἐκ
2509 5256 2723 5322 νοθείας
2755 5256 2995 5333 Μιχαὴλ
3026 5260 3153 5332 πρὶν
3184 5258 3338 5337 ἐξέφυ

346 5343 639 5401 Theodori
672 5344 848 5399 frater
879 5345 1409 5417 Comnenangelus,

2286 5353 2364 5405 Κο
2374 5345 2754 5422 μνηναγγέλου
2786 5348 3057 5424 συγγόνου
3088 5345 3396 5421 Θεοδώρου,

347 5435 517 5503 cujus
543 5433 668 5503 jam
702 5437 902 5488 nostra
934 5433 1201 5489 meminit
1230 5433 1497 5488 historia.

2284 5440 2374 5501 Ὠς
2402 5436 2590 5491 ἀνόπιν
2624 5435 2808 5512 εἶ’ρηκε
2835 5436 3039 5514 φθάσας
3075 5458 3169 5511 μοι
3203 5437 3393 5514 λόγος.

347 5524 453 5579 Hie
483 5527 603 5578 erat
632 5537 826 5576 rerum
860 5521 918 5576 in
952 5521 1251 5577 occidente
1283 5527 1496 5577 status.

2285 5527 2440 5582 Οὕτω
2475 5527 2568 5599 μέν
2603 5522 2733 5601 ἔσχε
2760 5526 2826 5581 τὰ
2853 5527 2990 5601 πρὸς
3022 5527 3248 5604 ἑσπέραν
3285 5529 3446 5604 μέρη.

346 5620 536 5674 Caesar
567 5618 766 5673 relicta
796 5618 950 5690 regia
978 5618 1308 5691 Nymphmi,

2283 5615 2447 5685 ’Άναξ
2480 5614 2538 5670 δὲ
2571 5613 2750 5670 λιπὼν
2787 5612 3062 5690 βασίλειον
3097 5616 3389 5694 Νυμφαίου

344 5722 476 5764 vere
507 5710 836 5780 appetente,
870 5706 1311 5780 Hellespontum
1348 5708 1601 5777 transiit,

2105 5709 2249 5767 8610
2286 5707 2454 5781 Ἦρος
2488 5707 2741 5783 φανέντος
2772 5704 3183 5779 Ἑλλήσποντον
3223 5700 3400 5779 διέϐη,
