4076 6414
272 384 384 442 317

458 511 562 569 Καὶ
598 510 862 588 βάλλεται
895 513 1110 591 χάρακα
1138 521 1256 572 κατ’
1288 515 1417 573 ἄστυ
1449 520 1652 597 φθάσας

458 603 537 658 Τὸ
562 608 662 672 τῆς
696 603 1074 679 Τζουρουλοῦ,
1107 609 1195 660 καὶ
1227 606 1381 681 νόμῳ
1408 613 1487 681 τῷ
1515 616 1617 679 τῆς
1652 611 1841 684 μάχης

460 692 866 768 Καθαιρετικῶν
899 695 1320 770 μηχανημάτων
1351 698 1524 773 τέχνῃ

457 781 653 851 Ῥᾷστα
684 785 1062 857 παρεστήσατο
1097 786 1358 863 φρούριον
1400 786 1545 842 τόδε’

267 871 419 928 8615
460 870 538 928 Οὗ
568 874 906 945 κασιγνήτην
943 873 1186 949 Εἰρήνης
1230 873 1514 951 βασιλίδος

454 957 722 1016 Εὐδοκίαν
757 958 997 1026 ἔντοσθεν
1029 963 1197 1038 εὑρὼν
1235 965 1438 1020 εὐνέτιν

453 1053 587 1126 Παρ’
621 1051 854 1114 Ἰταλοῖς
887 1052 1157 1128 ἄρχοντος
1189 1053 1512 1112 Ἀσελδεκάε

454 1139 710 1211 Κάλλητι
740 1143 1093 1218 παρέπεμψεν
1121 1144 1198 1207 εἷς
1229 1143 1551 1214 Βυζαντίδα,

455 1229 682 1284 Πάντων
709 1231 1004 1305 γυμνώσας
1033 1235 1140 1285 τῶν
1169 1231 1398 1287 ἐνόντων
1430 1231 1764 1308 πραγμάτων

276 1325 419 1382 8620
459 1323 639 1395 Αὐτὴν
669 1345 729 1379 τε
753 1325 1109 1401 προσπόλους
1137 1349 1196 1382 τε
1223 1330 1310 1383 καὶ
1356 1326 1715 1408 δορυφόρους.

456 1415 664 1469 Ἐκεῖσε
694 1411 742 1468 δ’
772 1412 846 1470 ὢν
879 1416 1126 1479 σόνευνος
1157 1419 1327 1488 αὐτῆς
1360 1416 1568 1495 ἀπέδρα

455 1502 626 1578 Πρινὴ
658 1506 980 1581 κρατάρχην
1009 1501 1343 1581 προσϐαλεῖν
1375 1512 1454 1580 τῷ
1484 1529 1750 1586 ιρρουριῳ⁹

450 1591 652 1668 Τρόμῳ
680 1615 738 1648 τε
767 1593 999 1673 ληφθεὶς
1031 1597 1120 1650 καὶ
1152 1599 1339 1671 ψυχῆς
1377 1597 1610 1673 ἀγωνίᾳ,

453 1678 598 1752 ’Ἤδη
626 1686 1005 1756 παρεστήσατο
1035 1685 1126 1740 καὶ
1155 1687 1256 1755 τήν
1288 1687 1492 1758 Βιζόην

271 1773 418 1828 8625
454 1772 688 1846 Πέμψας
717 1775 836 1829 κατ’
865 1774 1032 1845 αὐτῆς
1063 1776 1314 1850 στρατιὰν
1346 1776 1719 1854 αὐτοκράτωρ.

455 1860 688 1924 Τούτοις
724 1860 871 1917 ἑάλω
895 1871 1018 1927 τοῖς
1050 1865 1276 1941 χρόνοις
1303 1873 1468 1935 νῆσος
1499 1864 1686 1929 Ῥόδος

454 1959 582 2016 Τοῖς
612 1953 920 2016 Γινουίταις
955 1955 1196 2016 Ἰταλοῖς
1231 1955 1367 2028 μετὰ
1398 1953 1588 2014 δόλου.

459 2044 613 2099 Ἐπεὶ
645 2043 747 2120 γὰρ
780 2041 1069 2117 ἀπόδημος
1101 2047 1168 2114 ἦν
1199 2045 1492 2114 ἐπιστάτης

459 2131 655 2189 Ῥόδου
689 2128 938 2196 Γαϐαλᾶς
972 2135 1228 2206 Ἰωάννης
1258 2139 1338 2207 τῷ
1367 2135 1492 2189 τότε

275 2233 420 2291 8630
457 2235 748 2306 ’Ὁμαιμος
777 2231 850 2286 ὣν
883 2233 1152 2308 Καίσαρος
1184 2231 1442 2309 ἄρξαντος
1468 2231 1663 2291 Ῥόδου

459 2322 938 2398 Συνεκστρατεόων
970 2322 1296 2399 Δύσονάρχῃ
1331 2321 1590 2398 δεσπότῃ,

454 2417 636 2479 Νῆσον
668 2413 936 2487 κατέσχον
971 2415 1023 2468 οἱ
1051 2412 1380 2489 λελεγμένοι
1410 2414 1604 2488 λάθρα·

455 2504 522 2560 Ὃ
553 2501 716 2577 γνοὺς
751 2501 1007 2577 βασιλεὺς
1042 2503 1093 2557 ἐν
1123 2503 1306 2578 Θρᾴκῃ
1335 2499 1655 2578 διατρίϐων,

456 2597 920 2663 Καντακουζηνῶν
958 2593 1018 2648 ἐκ
1045 2594 1233 2667 γένους
1263 2593 1520 2663 Ἰωάννην

263 2684 416 2739 8635
455 2683 560 2739 Σὺν
595 2687 820 2759 στρατιᾷ
848 2681 1104 2760 πέπομφε
1132 2681 1361 2738 Ῥοδίων
1395 2681 1577 2737 πόλειο

451 2774 554 2834 ’ος
586 2769 970 2834 ἐκπεπλευκὼς
999 2774 1089 2826 καὶ
1121 2774 1356 2847 κατάρας
1388 2771 1439 2827 ἐν
1468 2769 1667 2844 Ῥόδῳ,

457 2863 698 2936 Κατέσχε
730 2861 941 2938 Φιλέρη
955 2884 1054 2936 μον
1084 2860 1214 2917 όίστυ
1242 2865 1312 2935 τῇ
1349 2863 1525 2936 μάχῃ·

458 2952 579 3028 Ἀφ’
611 2949 778 3024 οὗπερ
815 2951 1037 3027 ἐχθροῖς
1067 2953 1331 3006 ἀντεπιὼν
1368 2950 1625 3025 εὐψύχως

455 3042 648 3112 Ῥᾷστα
676 3041 915 3096 κατέσπα
942 3043 1043 3109 τὴν
1077 3040 1244 3119 ὀφρὺν
1273 3045 1418 3120 σφῶν
1452 3041 1539 3096 καὶ
1575 3039 1792 3116 θράσος.

283 3132 424 3186 8640
460 3131 556 3186 Καὶ
576 3131 708 3205 τάχ’
740 3129 798 3185 ἂν
829 3132 940 3186 εἷλε
969 3131 1057 3186 καὶ
1088 3131 1254 3186 πόλιν
1285 3130 1422 3185 κατᾶ
1449 3129 1670 3204 κράτος,

455 3220 518 3276 El
552 3220 627 3292 μὴ
661 3219 895 3295 πρίγκιψ
921 3217 1101 3292 ἤμυνε
1128 3227 1228 3290 τῆς
1259 3218 1508 3295 Ἀχαίας,

454 3309 718 3370 Ὁπλίτας
752 3309 939 3371 αὐτοῖς
973 3311 1306 3384 συμμάχους
1338 3307 1467 3371 δοὺς
1499 3308 1754 3372 ἱππότας.

452 3399 543 3460 Ὦς
575 3397 666 3452 οὖν
702 3395 1037 3468 έπανέζευξεν
1069 3397 1131 3452 ὲκ
1163 3399 1352 3474 μάχης
1385 3399 1534 3469 ἄναξ,

451 3492 592 3549 Ναῦς
623 3487 980 3562 ἱππαγωγοὺς
1011 3487 1327 3563 εὐτρεπίσας
1362 3486 1454 3541 καὶ
1484 3486 1715 3556 στόλον,

262 3587 417 3644 8645
454 3587 687 3647 Ἵππους
719 3583 774 3640 ἐν
809 3587 895 3646 αἷς
927 3581 1094 3639 ἔϐαλε
1125 3583 1490 3660 τριακοσίους,

451 3675 562 3729 Εἶτ’
593 3673 862 3744 ἀποτάξας
893 3673 984 3728 καὶ
1016 3671 1332 3748 στολάρχην
1365 3676 1462 3727 τοῦ
1496 3670 1695 3728 στόλου

453 3765 590 3821 Τινά
625 3762 1060 3828 Κοντοστέφανον
1093 3760 1261 3837 ἄνδρα
1288 3757 1570 3838 γεννάδαν,

457 3848 924 3928 Πρωτοσεϐαστοῦ
948 3853 1049 3921 τὴν
1081 3853 1250 3925 τιμὴν
1284 3850 1576 3926 εἰληχότα,

453 3943 545 4006 Εἰς
576 3948 741 4012 νῆσον
779 3939 1063 3996 ἀπέστειλε
1093 3942 1193 4009 τὴν
1222 3944 1330 3995 τῶν
1359 3936 1607 3997 Ῥοδίων⁶

263 4036 415 4092 8650
453 4035 555 4091 Καὶ
587 4033 724 4088 κατὰ
757 4033 944 4107 μάχην
981 4031 1322 4105 συμπλακεὶς
1351 4028 1683 4097 Γενουίταις,

453 4124 602 4181 Κατὰ
631 4124 831 4198 κράτος
863 4127 998 4196 σφᾶς
1028 4120 1211 4191 ἐκνικᾷ
1241 4120 1328 4176 καὶ
1361 4114 1658 4193 συντρίϐει,

452 4213 552 4268 Καὶ
586 4218 752 4281 νῆσον
787 4210 1050 4266 ἀνέσωσεν
1087 4206 1289 4264 Αῧσοσι
1322 4208 1512 4266 πάλιν.

444 4307 502 4359 Ὀ
535 4298 579 4356 δ’
612 4299 967 4375 αὐτοκράτωρ
999 4300 1138 4375 πρὸς
1166 4298 1400 4374 Μιχαὴλ
1436 4296 1696 4365 δεσπότην
1794 4371 1797 4373 _

449 4388 626 4460 Κῆδός
653 4412 713 4445 τε
739 4395 892 4444 ποιεῖ
925 4383 1218 4462 συμϐάσεις
1246 4391 1292 4442 τ’
1324 4388 1658 4462 ἐνωμότους.

257 4483 408 4539 8655
443 4485 580 4542 Παῖς
614 4478 881 4535 δεσπότου
912 4479 1016 4555 γὰρ
1052 4476 1290 4552 Μιχαὴλ
1325 4479 1642 4553 Νικηφόρος

445 4568 542 4632 Εἷς
573 4571 818 4644 γαμετὴν
852 4566 1050 4646 εἷ’ληφε
1077 4568 1176 4637 τὴν
1212 4565 1500 4644 Θεοδώρου

446 4665 716 4720 νΑνακτος
749 4658 870 4712 υἱοῦ
903 4657 1119 4732 Μαρίαν
1151 4655 1436 4732 θυγατέρα·

446 4754 554 4818 Τῆς
583 4751 681 4803 τοῦ
714 4744 948 4822 Μιχαὴλ
982 4745 1211 4822 συζύγου
1245 4743 1529 4821 Θεοδώρας

447 4841 526 4892 Δι’
558 4835 978 4907 Ἑλλησπόντου
1009 4836 1289 4912 φθασάσης
1322 4836 1544 4910 χώρους
1579 4830 1678 4906 ἕω,

255 4940 406 4994 8660
445 4935 597 4994 Μετά
627 4955 688 5011 γε
718 4930 914 4996 παιδὸς
949 4932 1216 5010 φιλτάτου
1247 4932 1570 5010 Νικηφόρου

449 5025 548 5079 Καὶ
576 5025 679 5092 τὴν
710 5022 794 5078 ἐπ’
824 5023 974 5094 αὐτῷ
1000 5020 1307 5098 συγγένειαν
1344 5019 1640 5095 δρασάσης,

443 5115 577 5171 Εἶτα
606 5112 698 5167 σὺν
735 5114 886 5184 αὐτῷ
917 5111 1054 5185 πρὸς
1092 5109 1240 5165 δόσιν
1275 5112 1637 5187 χωρησάσης.

445 5199 629 5258 Ἀλλά
656 5199 896 5277 Μιχαὴλ
932 5200 1123 5273 Αἰθίοψ
1157 5200 1228 5254 ὥν
1257 5200 1529 5276 καρκίνος.

441 5291 560 5349 Οὐκ
588 5289 645 5345 εὖ
677 5287 915 5366 βαδίζειν
951 5286 1075 5343 οὐδὲ
1107 5289 1398 5365 ῥύπτεσθαι
1433 5289 1599 5352 θέλει·

257 5386 405 5441 8665
447 5378 781 5459 Συμφωνίας
812 5381 915 5455 γάρ
949 5380 1233 5450 ἠθετηκὼς
1268 5374 1584 5452 συμϐάσεις,

444 5469 840 5547 Ἀναπέφανται
875 5465 1147 5540 δυσμενὴς
1180 5468 1511 5539 ἀποστάτης,

446 5553 774 5632 Σύμϐουλον
808 5557 979 5632 εὑρὼν
1013 5555 1394 5634 πατράδελφον
1425 5557 1500 5620 εἰς
1531 5556 1656 5613 τόδε

444 5645 727 5718 Θεόδωρον
762 5644 1036 5723 ’Ἄγγελον
1061 5644 1280 5722 εὔριπον
1312 5647 1572 5718 τρόπους.

445 5739 536 5802 Ὡς
560 5735 651 5811 οὗν
682 5734 800 5792 τάδ’
827 5733 1098 5810 ἠνώτιστο
1123 5740 1202 5811 τῷ
1234 5736 1582 5815 στεφηφόρῳ,

1813 395 2174 452 ΟΕΒΔΒΒΒ.

1965 523 2022 590 Α
2051 518 2322 592 valloque
2353 524 2558 579 statim
2591 523 3004 580 circumclusit
3033 541 3225 585 arcem

2050 609 2308 679 Tzuruli,
2343 615 2400 668 et
2431 629 2564 669 mox
2596 613 2860 669 adhibito
2895 614 3101 668 Martis
3134 629 3327 686 opere,

2051 699 2303 756 admotis
2337 702 2629 758 machinis
2659 703 3158 776 obsidionalibus,

2050 786 2218 843 facile
2251 806 2443 845 arcem
2477 791 2589 846 sibi
2619 793 2942 847 vindicavit
2978 810 2991 848 :

2051 877 2148 932 ubi
2182 895 2440 935 sororem
2475 882 2687 954 reginae
2719 882 2918 936 uxoris
2951 898 3072 937 suae

2050 965 2364 1024 Eudociam
2396 970 2847 1041 deprehensam,
2879 987 3003 1041 quae
3035 977 3319 1042 nupserat

2052 1055 2367 1113 Aseldecao
2400 1059 2544 1114 Italo
2576 1061 2858 1132 dynastas,

2048 1146 2219 1202 celeri
2249 1164 2399 1218 equo
2432 1149 2771 1220 impositam
2805 1149 3148 1221 Byzantium
3184 1150 3368 1218 misit,

2047 1252 2246 1319 erepto
2279 1248 2438 1302 omni
2471 1253 2679 1303 ornatu
2715 1253 2770 1303 et
2802 1248 3165 1321 supellectile

2048 1336 2184 1408 ipsi,
2217 1336 2646 1405 comitibusque
2677 1341 2732 1393 et
2766 1338 3140 1394 satellitibus.

2051 1427 2196 1483 Nam
2231 1443 2486 1497 sponsus
2518 1428 2646 1498 eius
2677 1428 2815 1498 fuga
2846 1444 2907 1482 se
2937 1429 3296 1484 subduxerat

2051 1516 2308 1588 percitus
2340 1521 2521 1583 metu,
2556 1521 2964 1572 consternatus
2995 1518 3192 1576 animo

2045 1605 2394 1676 priusquam
2428 1621 2621 1661 arcem
2649 1605 2839 1661 Caesar
2867 1606 3183 1662 obsideret.

2044 1693 2241 1766 Neque
2271 1694 2372 1749 diu
2406 1698 2538 1767 post
2569 1695 2722 1766 cepit
2753 1711 2989 1767 quoque
3021 1696 3251 1766 Byziam

2048 1783 2248 1840 missis
2279 1783 2514 1839 infestis
2545 1784 2728 1854 copiis
2760 1785 3095 1856 imperator.

1966 1891 2014 1956 B
2045 1877 2153 1929 Per
2181 1874 2336 1930 idem
2371 1879 2605 1945 tempus
2636 1878 2766 1930 astu
2803 1876 2912 1929 fuit
2943 1880 3115 1947 capta

2049 1964 2122 2019 ab
2153 1962 2316 2018 Italis
2345 1962 2749 2018 Januensibus
2783 1963 3026 2018 Rhodus
3059 1965 3275 2020 insula.

2047 2057 2194 2108 Nam
2227 2068 2359 2107 cum
2396 2052 2629 2108 abesset
2657 2053 2870 2108 exteris
2903 2054 2961 2108 in
2997 2054 3166 2109 terris

2049 2140 2239 2198 Rhodi
2271 2141 2575 2213 praefectus
2606 2140 2855 2198 Gabalas
2885 2142 3143 2198 Joannes

2048 2230 2314 2303 (Caesaris
2346 2230 2523 2286 frater
2550 2231 2647 2303 qui
2678 2230 2866 2286 Rhodi
2900 2231 3172 2304 princeps
3205 2233 3414 2303 fuerat)

2047 2318 2422 2391 imperatoris
2453 2319 2677 2374 domini
2711 2322 2905 2376 castra
2935 2337 3214 2393 sequens,

2045 2406 2246 2463 hostes
2280 2408 2539 2479 praedicti
2571 2408 2720 2463 clam
2753 2415 3034 2480 ceperunt
3062 2410 3339 2464 insulam.

2048 2507 2191 2561 Rem
2221 2507 2320 2562 ubi
2352 2505 2411 2561 in
2443 2506 2693 2562 Thracia
2725 2507 2882 2562 novit
2913 2509 3252 2580 imperator,

2046 2599 2516 2651 Cantacuzenum
2550 2613 2682 2650 cum
2716 2599 2898 2668 copiis
2931 2598 3218 2653 Joannem

2049 2686 2122 2739 ad
2154 2684 2576 2740 Rhodiensium
2611 2687 2892 2756 oppidum
2926 2686 3156 2742 direxit.

2048 2772 2149 2828 Ille
2181 2790 2310 2829 cum
2342 2772 2589 2830 classem
2623 2773 2891 2830 Rhodum
2927 2776 3277 2848 appulisset,

2047 2863 2329 2934 oppidum
2362 2863 2515 2935 cepit
2546 2863 2742 2935 praelio
2775 2865 3203 2934 Phileremum;

2047 2968 2118 3007 ex
2147 2969 2259 3023 quo
2292 2969 2637 3026 progressus
2671 2955 2896 3009 fortiter
2927 2955 2984 3009 in
3019 2955 3220 3012 hostes

2047 3042 2313 3112 ipsorum
2346 3042 2514 3098 facile
2545 3045 2814 3098 contudit
2843 3045 3146 3100 audaciam
3186 3064 3198 3100 :

2037 3141 2284 3212 jamque
2313 3147 2592 3212 capturus
2622 3146 2744 3198 erat
2773 3147 2832 3197 et
2861 3143 3234 3214 metropolin,

1965 3256 2010 3324 α
2048 3229 2164 3284 nisi
2197 3228 2523 3285 obstitisset
2551 3229 2665 3303 ipsi
2697 3231 2927 3287 Achaiae
2959 3227 3256 3303 princeps,

2047 3318 2150 3391 qui
2183 3327 2439 3375 armatos
2469 3319 2696 3391 equites
2729 3320 3001 3376 hostibus
3034 3321 3346 3378 concessit.

2045 3410 2158 3465 Sed
2191 3426 2297 3465 suo
2329 3409 2481 3466 bello
2513 3410 2694 3466 redux
2727 3410 3044 3482 imperator

2026 3499 2421 3571 equestribus
2454 3499 2704 3572 navigiis
2737 3517 2872 3556 cum
2905 3500 3092 3556 classe
3126 3501 3430 3558 instructis

2045 3586 2126 3642 ibi
2159 3592 2449 3644 trecentos
2481 3605 2668 3660 equos
2701 3589 3002 3660 imposuit.

2045 3679 2194 3732 Tum
2227 3685 2284 3733 et
2317 3679 2677 3734 navarchum
2710 3678 2888 3734 classi
2925 3679 3306 3752 praepositum

2045 3767 2587 3839 Contostephanum
2621 3769 2936 3838 quemdam
2967 3769 3156 3824 virum
3190 3777 3499 3827 strenuum

2045 3857 2434 3927 protosebasti
2463 3857 2752 3928 dignitate
2785 3859 3124 3929 praeditum,

2046 3946 2104 3999 in
2136 3945 2523 4000 Rhodiensem
2555 3946 2639 4001 ire
2661 3947 2847 4017 jussit
2876 3947 3135 4003 insulam
3173 3966 3185 4003 :

2044 4034 2144 4106 qui
2173 4035 2499 4090 Januenses
2533 4035 2591 4089 in
2626 4035 2889 4107 praelium
2924 4043 3160 4093 vocatos

2044 4129 2310 4196 potenter
2339 4123 2648 4180 debellavit
2678 4141 2743 4180 ac
2776 4125 3068 4196 protrivit,

2041 4217 2100 4269 et
2130 4214 2210 4270 sic
2241 4213 2488 4286 imperio
2518 4213 2778 4270 insulam
2813 4215 3094 4271 restituit.

2039 4307 2112 4358 At
2141 4304 2456 4374 imperator
2487 4320 2620 4358 cum
2652 4302 2929 4359 Michaele
2962 4306 3206 4377 despota

2041 4393 2389 4448 afﬁnitatem
2423 4391 2625 4464 panxit
2654 4398 2710 4448 et
2741 4392 3086 4450 amicitiam.

2038 4481 2221 4538 Filius
2253 4482 2406 4537 enim
2439 4482 2696 4553 despotae
2727 4482 3092 4554 Nicephorus

2043 4586 2281 4626 uxorem
2314 4569 2424 4625 sibi
2455 4570 2757 4626 Theodoro
2789 4572 3051 4642 genitam

1962 4633 2012 4696 D
2043 4658 2412 4732 imperatoris
2441 4658 2557 4714 ﬁlio
2590 4633 2834 4714 Mariam
2860 4661 3080 4732 junxit.

2039 4749 2111 4803 Et
2142 4747 2448 4803 Theodora
2481 4748 2780 4804 Michaelis
2812 4750 3026 4820 conjux

2040 4855 2143 4910 per
2174 4836 2613 4908 Hellespontum
2646 4839 2746 4892 ivit
2783 4840 2838 4894 in
2871 4839 3154 4895 orientem

2040 4943 2157 4982 una
2189 4941 2321 4980 cum
2358 4926 2514 4981 dulci
2545 4924 2666 4980 ﬁlio
2696 4926 3024 4998 Nicephoro

2037 5016 2115 5070 ad
2143 5014 2503 5087 copulandas
2538 5021 2767 5084 nuptias
2800 5017 3110 5086 praedictas
3145 5036 3157 5072 2

2037 5105 2168 5161 exin
2200 5121 2333 5159 cum
2365 5105 2494 5175 ipso
2530 5104 2702 5159 rediit
2728 5105 2787 5158 in
2822 5106 3095 5176 patriam.

2035 5195 2301 5249 Attamen
2333 5192 2572 5248 Michael
2608 5192 2869 5266 {Ethiops
2899 5199 2956 5248 et
2989 5211 3198 5251 cancer

2035 5299 2140 5338 nec
2171 5288 2323 5338 recte
2356 5282 2626 5337 incedere
2661 5287 2886 5353 poterat
2919 5300 3022 5338 nec
3055 5285 3369 5344 albescere.

2035 5380 2302 5452 Namque
2334 5380 2537 5435 deletis
2572 5381 2732 5452 pacis
2763 5381 3204 5442 conditionibus

2037 5469 2306 5525 rabidum
2341 5473 2526 5524 semet
2559 5460 2808 5541 praebuit
2840 5472 3144 5542 rebellem,

2039 5563 2242 5616 nactus
2275 5559 2345 5614 ad
2379 5559 2488 5614 hoc
2519 5559 2953 5632 conspirantem
2991 5569 3263 5636 patruum

2032 5647 2322 5719 Angelum
2354 5648 2722 5704 Theodorum
2753 5652 3142 5722 versipellem.

2033 5738 2164 5794 Haec
2192 5737 2512 5810 imperator
2538 5755 2672 5796 cum
2705 5739 3112 5812 intellexisset,

3608 400 3712 456 318
