4076 6418
357 432 466 490 319
1583 428 1957 490 ΕΡΗΒΒΜῘΙ
1994 422 2569 481 ΟΗΒΟΝΟΘΒΔΡΗῙ

354 562 652 616 Romanas
681 559 833 617 vires
865 560 1058 616 denuo
1088 557 1347 632 collegit,

355 665 618 721 suosque
647 650 824 705 duces
853 650 1056 704 robore
1088 649 1443 721 praecipuos;

355 737 806 794 Tarchaniotam
842 736 1064 793 scilicet
1092 737 1484 808 Nicephorum

355 843 569 883 nomen
604 829 900 897 gerentem
936 825 1159 881 meritis
1192 825 1492 892 idoneum,

355 916 501 989 regii
535 915 885 987 insignitum
919 916 1208 987 pincernae
1239 914 1454 981 officio,

353 1005 780 1076 domesticique
812 1004 1009 1075 magni
1041 1009 1339 1076 gerentem
1372 1004 1531 1061 vices
1563 1021 1576 1059 :

351 1095 821 1166 strategopulum
853 1102 1163 1149 strenuum
1197 1093 1465 1150 Alexium
1501 1112 1515 1151 :

351 1184 539 1240 ﬁlium
574 1187 854 1254 praetcrea
887 1182 1084 1254 magni
1116 1183 1429 1238 domestici

350 1272 744 1345 Palmologum
776 1271 1123 1327 Michaelem
1160 1272 1651 1343 decusjuvenum
1686 1289 1699 1326 :

349 1363 588 1417 demum
624 1360 947 1417 Macrinum
980 1364 1038 1416 et
1067 1366 1384 1433 tyrannum
1419 1360 1725 1416 Budelum.

345 1459 448 1514 His
479 1459 733 1514 ducibus
763 1459 1022 1530 stipatus
1053 1463 1230 1529 atque
1260 1458 1516 1514 exercitu

346 1547 835 1604 Thessalonicam
869 1546 1121 1602 contulit
1150 1562 1214 1601 se
1247 1546 1307 1601 in
1339 1547 1545 1602 urbem
1580 1561 1596 1603 :

348 1640 521 1707 atque
553 1636 718 1691 illinc
750 1650 999 1707 pergens
1030 1636 1099 1690 ad
1133 1636 1434 1691 Bodenum
1466 1641 1753 1701 castrum,

348 1726 430 1783 ibi
465 1726 667 1781 deﬁxit
697 1726 923 1797 regium
957 1726 1295 1794 tentorium,

351 1817 571 1888 diuque
602 1816 815 1872 mcenia
846 1821 1116 1887 perstans
1147 1818 1543 1891 oppugnabat.

348 1906 455 1960 Sed
488 1906 832 1961 Theodorus
862 1905 1118 1961 evolarat
1145 1923 1277 1962 arce

350 1994 420 2049 ad
458 1992 805 2049 Michaelem
836 1994 1143 2065 despotam
1179 1995 1536 2068 profugiens.

347 2085 476 2137 Mox
507 2084 578 2137 ad
610 2083 841 2140 Ostrobi
878 2083 1070 2139 lacum
1103 2084 1206 2139 ivit
1235 2084 1445 2156 Caesar,

348 2171 789 2243 exercitumque
822 2172 987 2228 misit
1018 2177 1221 2229 contra
1252 2174 1581 2245 despotam.

348 2260 529 2315 Paulo
561 2265 694 2331 post
724 2260 881 2316 venit
911 2261 1248 2333 insperatus
1281 2264 1527 2319 nuntius

345 2350 417 2405 ad
449 2349 792 2405 comitatum
820 2351 1066 2407 Caesaris
1098 2350 1313 2409 Glahas
1345 2352 1586 2424 quidam

347 2443 574 2512 gratam
607 2439 875 2495 Castoria
905 2441 1164 2496 referens
1197 2442 1499 2510 notitiam;

347 2527 649 2600 simulque
680 2528 1042 2601 Petraliphas
1072 2534 1309 2586 senator
1338 2530 1576 2601 nobilis,

348 2617 448 2689 qui
485 2617 756 2673 Demetrii
786 2618 1045 2674 Tornicw
1071 2635 1247 2691 gener
1275 2624 1420 2686 erat,

345 2715 401 2763 et
432 2705 732 2763 Michaelis
763 2710 1018 2778 despotae
1052 2708 1216 2764 uxori
1247 2709 1445 2767 frater.

344 2795 418 2851 Ut
446 2812 584 2867 ergo
617 2796 688 2851 ad
722 2798 1005 2853 Caesarem
1042 2797 1302 2870 pervenit
1331 2799 1722 2873 Petraliphas,

344 2893 541 2962 ipsum
576 2894 1016 2966 exercitumque
1047 2894 1313 2967 implevit
1343 2898 1557 2967 gaudio
1593 2917 1606 2955 :

346 2983 427 3036 ait
462 2982 641 3046 enim,
674 2981 831 3038 illico
863 2982 1123 3039 deditam
1154 2984 1472 3041 Castoriam

251 3128 256 3134 ,
346 3086 483 3128 cum
519 3070 810 3126 territorio
841 3077 1052 3126 cuncto
1082 3076 1140 3127 et
1169 3088 1300 3128 cum
1332 3072 1591 3130 Deaboli.

347 3159 665 3217 Goleamus
696 3159 873 3215 etiam
908 3159 1120 3215 nobilis
1150 3161 1413 3218 Albanus

346 3249 561 3320 reginas
596 3250 787 3304 Irenes
818 3252 1050 3319 neptem
1083 3249 1143 3303 in
1179 3250 1555 3307 matrimonio

345 3337 573 3393 habens
603 3337 982 3408 desponsam,
1015 3337 1297 3394 invitatus
1328 3338 1539 3395 litteris

341 3427 557 3482 lubens
588 3427 661 3483 ad
696 3442 899 3497 pacem
931 3427 1398 3484 conﬁrmandam
1430 3429 1608 3486 venit.

347 3518 504 3581 Quos
530 3530 736 3570 omnes
766 3518 955 3571 Casar
985 3515 1252 3572 benivole
1281 3521 1555 3589 exceptos

350 3604 558 3659 multis
589 3604 813 3659 ornavit
845 3604 999 3660 ultro
1030 3605 1353 3662 beneficiis.

349 3693 455 3749 Ubi
492 3692 611 3748 haec
643 3692 879 3748 rescivit
909 3693 1149 3749 Michael
1181 3696 1426 3767 despota

349 3782 518 3838 misit
549 3782 797 3855 legatos,
826 3782 1107 3855 Naupacti
1141 3787 1508 3859 episcopum,

349 3871 608 3928 nobilem
644 3871 1052 3940 Maliasenum,
1086 3889 1153 3928 ac
1185 3875 1555 3947 Lampetem;

346 3965 449 4033 qui
480 3961 849 4018 conditiones
880 3962 1191 4018 firmarunt
1222 3981 1354 4020 cum
1387 3965 1631 4023 Caesare.

344 4060 533 4132 Igitur
564 4059 809 4116 Michael
841 4059 1139 4133 Prilapum
1173 4064 1487 4130 concessit,

342 4147 670 4212 Belessum,
705 4148 902 4217 Croas,
934 4149 1145 4205 ditioni
1177 4167 1460 4207 caesarem.

345 4238 553 4293 Postea
583 4238 954 4309 subscriptas
988 4237 1148 4293 misit
1180 4240 1545 4296 conditiones

343 4328 416 4382 ad
450 4326 793 4381 Michaelem
823 4327 1127 4399 despotam
1161 4326 1479 4399 imperator

341 4431 447 4486 per
480 4415 727 4471 Phocam
761 4415 1104 4487 episcopum
1139 4416 1576 4489 Philadelphia,

339 4502 630 4559 Isaacium
663 4504 899 4569 ducam,
931 4508 988 4558 et
1018 4502 1292 4576 Hyaleam
1328 4523 1340 4559 :

342 4593 443 4665 qui
473 4591 742 4648 Michaeli
777 4592 1023 4647 Larissae
1056 4599 1432 4650 occurrentes

337 4680 496 4752 pacis
528 4681 830 4751 negotium
864 4680 971 4736 rite
1000 4684 1414 4747 transegerunt
1440 4698 1453 4737 :

340 4782 516 4851 atque
547 4778 909 4834 abducentes
938 4777 1104 4833 illinc
1132 4778 1527 4851 Nicephorum

338 4869 591 4941 despotaa
625 4868 835 4936 tilium,
867 4884 999 4923 cum
1033 4884 1219 4941 eoque
1252 4870 1470 4940 pariter

340 4958 442 5029 qui
475 4957 786 5014 rebellat-at
810 4956 1093 5029 Angelum
1122 4957 1418 5030 captivum

338 5047 410 5103 ad
440 5051 729 5105 Caesarem
761 5046 932 5119 legati
968 5052 1304 5103 remearunt
1335 5067 1348 5107 :

334 5136 427 5191 cui
461 5135 762 5192 Michaelis
791 5135 949 5191 hunc
981 5135 1168 5192 {ilium
1201 5138 1594 5209 Nicephorum

333 5226 585 5296 despotaz
614 5224 901 5295 dignitate
933 5244 1141 5281 ornare
1173 5226 1412 5298 placuit.

333 5313 628 5384 Hesperiis
661 5313 838 5367 rebus
869 5315 953 5369 sic
982 5318 1171 5369 Caesar
1200 5315 1530 5388 dispositis,

332 5406 510 5473 atque
542 5401 794 5457 Bodenis
826 5401 1020 5457 hieme
1048 5408 1367 5469 transacto,

330 5492 484 5546 veris
515 5491 627 5547 sub
658 5496 811 5557 ortu,
845 5489 1082 5562 reliquit
1112 5491 1328 5547 ibidem

330 5579 641 5651 plerasque
672 5578 900 5651 copias;
936 5579 1059 5651 ipse
1091 5581 1511 5639 comitantibus

330 5668 536 5740 paucis
567 5668 832 5735 armatis,
865 5673 1059 5723 castra
1094 5685 1280 5739 nuper
1310 5670 1505 5726 dedita

328 5757 561 5827 invisit;
598 5773 807 5830 nempe
832 5759 991 5814 venit
1019 5758 1091 5815 ad
1127 5759 1329 5815 urbem
1363 5761 1753 5835 Lychnidum,

2037 550 2091 615 Α
2119 546 2263 602 8670
2299 546 2407 607 Τὰς
2431 543 2742 617 Ῥωμαϊκὰς
2777 541 3035 618 δυνάμεις
3066 544 3358 607 συναλίσας

2298 634 2395 689 Καὶ
2426 633 2555 698 τοὺς
2585 634 2675 688 ὑπ’
2705 631 2865 689 αὐτὸν
2900 632 3164 697 εὐσθενεῖς
3196 635 3588 712 στρατηγέτας,

2296 726 2735 799 Ταρχανειωτῶν
2767 720 2827 777 ἐκ
2855 722 3045 798 γένους
3076 722 3389 802 Νικηφόρον

2296 811 2504 881 Κλὴσιν
2538 811 2915 882 ἀληθεύουσαν
2948 812 3003 866 εὗ
3029 832 3195 881 κεκτη
3209 812 3390 885 μένον,

2295 907 2406 971 Τὴν
2438 902 2588 974 ἀξίαν
2618 923 2678 958 τε
2704 905 2804 973 τὴν
2838 901 2925 958 ἐπὶ
2955 910 3058 973 τῆς
3086 904 3381 977 τραπέζης,

2117 1004 2262 1060 8675
2301 1000 2628 1078 Πληροῦντα
2657 998 2702 1056 δ’
2734 998 2863 1076 ἔργα
2896 1001 3142 1077 μεγάλου
3175 999 3521 1074 δομεστίκου·

2299 1089 2796 1167 Στρατηγόπουλον
2828 1089 3074 1164 Ἀλέξιον
3100 1089 3380 1167 γεννάδαν,

2296 1180 2395 1235 Καὶ
2429 1180 2589 1258 φίλον
2626 1180 2741 1235 υἱὸν
2774 1179 3021 1255 μεγάλου
3056 1177 3381 1254 δομεστίκου

2294 1267 2682 1345 Ιίαλαιολόγον
2714 1268 2952 1346 Μιχαὴλ
2983 1268 3148 1333 κλέος
3178 1268 3333 1340 νέων,

2294 1360 2399 1415 Καὶ
2428 1360 2520 1415 τὸν
2552 1359 2842 1432 Μακρηνὸν
2870 1358 2960 1414 καὶ
2988 1359 3245 1432 τύραννον
3281 1357 3577 1418 Βουδελόν’

2112 1451 2253 1508 8680
2293 1444 2635 1523 Παραλαϐὼν
2665 1447 2895 1511 τούτους
2922 1469 2981 1504 τε
3009 1448 3100 1503 καὶ
3124 1449 3217 1512 τὰς
3251 1447 3533 1525 δυνάμεις,

2292 1535 2689 1607 Θεσσαλονίκην
2721 1531 3132 1610 καταλαμϐάνει
3170 1535 3353 1595 πόλιν.

2293 1628 2549 1691 Κάκεῖθεν
2583 1627 2715 1701 ἄρας
2747 1625 2797 1680 έν
2832 1623 3089 1697 Βοδηνῶν
3119 1627 3365 1705 φρουρίῳ

2292 1717 2680 1791 Ἀνακτορικὰς
2712 1716 2913 1786 σκηνὰς
2945 1713 3315 1791 ἐγκαθιδρύει,

2292 1805 2393 1863 Καὶ
2425 1809 2590 1859 τοῦτο
2620 1805 2814 1878 πορθεῖ
2848 1810 3123 1880 μηχαναῖς
3155 1806 3243 1860 καὶ
3277 1807 3369 1861 σὺν
3415 1804 3624 1882 χρόνῳ.

2034 1916 2080 1979 Β
2109 1897 2252 1952 8685
2290 1895 2467 1971 ’Έφῦη
2504 1892 2548 1948 δ’
2581 1891 2821 1967 ἀποδρὰς
2849 1890 3131 1969 Θεόδωρος
3164 1895 3454 1972 φρουρίου,

2292 1984 2397 2040 Καὶ
2427 1987 2507 2055 τῷ
2538 1982 2776 2059 Μιχαὴλ
2809 1980 3043 2057 δεσπότῃ
3072 1983 3410 2060 προσερρὐ.

2292 2074 2423 2128 Εἶτα
2457 2072 2712 2149 βασιλεὺς
2744 2068 3046 2148 Ὀστροϐοὖ
3079 2074 3265 2151 φθάνει
3299 2073 3527 2145 λίμνην,

2294 2162 2393 2218 Καὶ
2422 2162 2678 2238 στρατιὰν
2709 2162 2968 2238 πέπομφε
2991 2163 3130 2217 κατά
3160 2159 3446 2223 δεσπότου.

2294 2253 2445 2309 Μετά
2477 2250 2534 2307 δὲ
2568 2251 2760 2326 μικρὸν
2792 2251 2939 2327 παρᾶ
2966 2256 3137 2306 πᾶσαν
3171 2249 3371 2308 ἐλπίδα

2112 2343 2255 2400 8690
2296 2340 2673 2417 Προσελθέτην
2708 2338 2895 2396 ἄνακτι
2925 2336 3141 2404 Γλαϐἆς
3172 2342 3488 2413 τούπίκλην

2293 2432 2391 2488 Ἐκ
2423 2430 2745 2506 Καστορίας,
2781 2427 3045 2505 ἀγγελεὺς
3072 2433 3182 2484 τῶν
3216 2429 3567 2506 κρειττόνων,

2293 2522 2387 2576 Καὶ
2420 2520 2761 2598 Πετραλίφας
2791 2520 3018 2595 εὐγενῶν
3048 2524 3156 2575 τῶν
3190 2520 3243 2574 ἐν
3271 2519 3442 2590 τέλει,

2290 2605 2544 2685 Γαμϐρὸς
2574 2609 2805 2684 Τορνίκη
2838 2609 3130 2685 τυγχάνων
3166 2610 3516 2687 Δημητρίου,

2291 2696 2728 2775 Γυναικάδελφος
2758 2697 2996 2774 Μιχαὴλ
3026 2702 3123 2754 τοῦ
3156 2696 3444 2757 δεσπότου.

2110 2801 2252 2857 8695
2287 2804 2375 2861 Ὡς
2406 2798 2500 2853 οὗν
2529 2796 2815 2873 προσῆλθε
2848 2797 3064 2874 βασιλεῖ
3104 2796 3448 2875 ΙΙετραλίφας

2292 2887 2463 2943 Αὐτόν
2496 2908 2554 2942 τε
2586 2893 2759 2962 χαρᾶς
2790 2885 3090 2961 ἐμπιμπλᾷ
3121 2886 3430 2963 στράτευμά
3456 2876 3534 2943 τεο

2290 2976 2465 3041 Εὐθὺς
2496 2975 2807 3053 προσερρύη
2843 2977 2948 3051 γὰρ
2978 2978 3013 3044 ὴ
3047 2974 3318 3049 Καστορία

2289 3066 2387 3121 Καὶ
2419 3069 2484 3121 τὰ
2513 3066 2667 3139 πέριξ
2699 3066 2907 3121 ἅπαντα
2938 3066 3029 3120 σὺν
3064 3061 3346 3122 Δεαϐόλει.

2290 3157 2392 3214 Καὶ
2425 3155 2707 3228 Γολεάμος
2740 3150 3024 3211 ’Λλϐανῶν
3058 3157 3136 3217 εἷς
3166 3154 3398 3230 ἐντίμων

2031 3282 2076 3350 C
2111 3249 2254 3304 8700
2293 3244 2629 3319 Αὐτανεψιάν
2664 3243 2907 3320 Εἰρήνης
2940 3241 3225 3350 βασιλίδος

2295 3336 2559 3391 Σύνευνον
2591 3333 2797 3410 αὐχῶν,
2831 3333 2909 3396 είς
2941 3332 3127 3408 ὅμηρα
3158 3332 3342 3411 φιλίας

2292 3427 2583 3501 Γράμμασι
2613 3422 2875 3492 πεισθεὶς,
2910 3422 3343 3500 αὐτεπάγγελτος
3369 3424 3578 3502 φθάνει·

2290 3514 2501 3587 Οῧσπερ
2531 3515 2851 3588 κρατάρχης
2886 3512 3125 3586 εὐμενως
3158 3510 3482 3587 δεδεγμένος

2291 3602 2538 3664 ΙΙολλαῖς
2567 3600 2882 3675 ἐδωρήσατο
2914 3607 3034 3664 ταῖς
3062 3601 3359 3665 εὐποιίαις.

2110 3696 2251 3751 8705
2290 3694 2454 3751 Ταῦτ’
2486 3694 2587 3769 ἄρα
2622 3693 2808 3765 μαθὼν
2843 3689 3081 3766 Μιχαὴλ
3116 3692 3143 3746 ὁ
3176 3689 3446 3763 δεσπότης

2286 3787 2539 3857 Ἔπεμψε
2569 3777 2842 3855 πρέσϐεις,
2874 3783 3114 3856 ποιμένα
3142 3782 3524 3854 Ναυπακτίων,

2288 3871 2646 3944 Μαλιασηνὸν
2678 3872 2870 3948 εὐγενῆ
2903 3871 2992 3926 καὶ
3028 3872 3323 3945 Λαμπέτην

2287 3963 2432 4039 Πρὸς
2467 3963 2557 4018 τὸν
2590 3963 2918 4037 κρατοῦντα,
2947 3960 3038 4016 καὶ
3074 3965 3288 4025 τιθοῦσι
3322 3958 3623 4035 συμϐάσεις

2286 4053 2389 4110 Καὶ
2419 4051 2743 4128 παραχωρεῖ
2777 4048 3008 4125 Μιχαὴλ
3034 4054 3132 4106 τοῦ
3164 4050 3513 4126 Πριλλάπου,

2105 4156 2247 4211 8710
2284 4155 2577 4220 Βελεσσοῦ,
2609 4154 2795 4227 Κροῶν
2829 4150 3030 4205 ἀστέων
3065 4146 3414 4228 στεφηφόρῳ.

2284 4244 2393 4298 Εἶτ’
2425 4240 2684 4319 ἀσφαλεῖς
2709 4240 2922 4310 τίθησιν
2956 4239 3156 4310 ὅρκους
3188 4238 3498 4319 ἐγγράφως.

2284 4333 2382 4386 Καὶ
2413 4328 2648 4406 Μιχαὴλ
2680 4328 2965 4407 πέπομφεν
2994 4328 3116 4399 ἄναξ
3149 4325 3384 4404 δεσπότῃ

2284 4421 2362 4475 Δι’
2392 4418 2695 4494 ἀρχιθύτου
2728 4423 2898 4473 Φωκᾶ
2928 4415 3358 4497 Φιλαδελφείας,

2280 4506 2511 4566 Ἰσακίου
2544 4506 2719 4561 Δούκα
2747 4527 2806 4561 τε
2830 4508 2920 4561 καὶ
2950 4505 3165 4573 Ὑαλέα,

2102 4600 2246 4656 8715
2284 4595 2352 4656 Οἵ
2383 4598 2524 4673 πρὸς
2555 4595 2794 4672 Λαρίσσῃ
2825 4596 3063 4672 Μιχαὴλ
3096 4596 3408 4670 εὑρηκότες,

2283 4684 2533 4750 Σπονδάς
2561 4683 2961 4760 πεπληρώκασι
2992 4684 3234 4760 καθάπερ
3266 4682 3408 4739 δέον·

2277 4783 2503 4831 Ἔπειτα
2531 4772 2701 4831 παῖδα
2729 4772 2889 4829 τοῦδε
2910 4774 3000 4829 τὸν
3029 4773 3347 4851 Νικηφόρον

2280 4859 2698 4939 Παραλαϐόντες
2727 4863 2819 4918 καὶ
2855 4865 2972 4935 μετ’
3004 4863 3170 4917 αὐτοῦ
3202 4860 3249 4918 δ’
3281 4861 3346 4918 αὖ
3375 4861 3541 4919 πάλιν

2278 4955 2387 5011 Τὸν
2418 4950 2684 5028 ’Ἄγγελον
2719 4948 2942 5025 δέσμιον
2978 4952 3052 5014 ὡς
3084 4950 3468 5030 φαυλεργάτην

2098 5053 2240 5108 8720
2279 5051 2440 5114 Αὖθις
2470 5048 2867 5124 ὑποστρέφουσι
2898 5049 3036 5124 πρὸς
3068 5048 3314 5124 βασιλέα.

2273 5144 2418 5212 Τιμᾷ
2449 5136 2496 5193 δ’
2529 5139 2556 5193 ὁ
2588 5142 2802 5213 κρατῶν
2837 5136 2958 5210 ἄξια
2985 5142 3082 5192 τοῦ
3116 5134 3403 5211 δεσπότου,

2275 5230 2383 5287 Τὸν
2412 5232 2510 5283 τοῦ
2541 5224 2776 5302 Μιχαὴλ
2804 5224 2973 5282 παῖδα
3003 5226 3096 5282 τὸν
3126 5228 3468 5305 Νικηφόρον.

2273 5316 2432 5376 Οὕτω
2463 5315 2694 5393 περάνας
2725 5316 2793 5371 τὰ
2820 5316 2956 5392 πρὸς
2986 5315 3211 5389 ἑσπέραν
3238 5318 3480 5394 κράτωρ,

2273 5406 2380 5464 Κάν
2411 5412 2529 5469 τοῖς
2565 5403 2812 5482 βοδηνῶν
2844 5406 3263 5481 παραχειμάσας
3293 5406 3509 5475 τόποις,

2093 5498 2236 5554 8725
2274 5498 2445 5572 Ἠρος
2477 5496 2735 5577 φανέντος
2758 5491 3075 5550 καταλιπὼν
3108 5495 3299 5560 αὐτόθι

2274 5587 2538 5641 Πλεῖστον
2568 5590 2843 5660 στρατιᾶς,
2874 5583 2965 5638 σὺν
3001 5583 3253 5649 ὁπλίταις
3289 5586 3542 5661 μετρίοι;

2273 5676 2501 5748 Βλέψων
2535 5674 2697 5747 ἀπῄει
2730 5674 3075 5749 προσρυέντα
3104 5675 3401 5750 φρουρίων·

2274 5765 2497 5843 Ἀφῖκτο
2530 5762 2724 5819 λοιπὸν
2760 5762 2836 5826 εἷς
2868 5761 3141 5839 Λυχνιδὸν
3173 5766 3273 5836 τὴν
3314 5764 3501 5840 πόλιν,

3674 423 3785 481 320
