4076 6428
305 383 417 440 321

490 502 734 582 Ἕϐλεψε
765 504 1028 565 Δεάϐολιν
1061 512 1151 566 καὶ
1181 512 1513 588 Καστορίαν.

301 599 454 654 8730
493 597 704 661 Ἐλθὼν
741 595 787 652 δ’
817 597 1015 653 ἐκεῖθεν
1049 596 1340 656 ἀναλαϐὼν
1368 601 1620 673 δυνάμεις

493 684 897 758 Θεσσαλονίκην
928 691 1278 764 παραμείψας
1304 692 1352 745 τ’
1386 689 1450 745 αὖ
1481 691 1668 762 πόλιν,

491 775 657 832 Ἐνθα
688 773 1041 852 δικαστήριον
1073 778 1329 852 ἀθροίσας
1364 777 1519 855 μέγα,

492 864 693 939 Κριτάς
724 869 769 918 τ’
800 863 850 918 έν
881 865 1026 937 αύτῴ
1057 866 1146 920 καὶ
1181 863 1434 929 δικαστὰς
1465 867 1714 939 καθίσας,

493 947 810 1025 Προῧθηκεν
843 952 1075 1024 ἐξέτασιν
1117 953 1346 1009 ἀστάτου
1380 953 1550 1030 λόγου

303 1043 454 1098 8735
491 1043 590 1099 Ὃν
624 1039 1020 1116 Μαγκλαϐίτης
1052 1043 1322 1106 Νικόλαος
1353 1043 1413 1100 ἐκ
1445 1044 1646 1122 φθόνου

494 1132 580 1187 Ἐν
613 1135 728 1193 τοῖς
764 1129 1034 1203 Βοδηνοῖς
1072 1132 1290 1208 βασιλεῖ
1320 1136 1676 1208 σκηνουμένῳ

493 1220 708 1292 Έξεῖπε
738 1219 914 1295 λάθρα
943 1221 1078 1276 κατά
1109 1221 1492 1295 Κομνηνιάδου

495 1311 696 1378 Κλήσει
731 1309 968 1384 Μιχαὴλ
1002 1310 1394 1386 Παλαιολόγων
1437 1313 1651 1387 γένους.

492 1398 548 1450 Ὀ
579 1395 623 1452 δ’
656 1399 800 1474 εἶχεν
836 1396 965 1469 ὧδε,
1001 1401 1334 1475 συντεμόντα
1369 1424 1434 1476 με
1464 1404 1682 1480 φράσαι·

309 1498 456 1552 8740
497 1497 643 1552 Ἐπεὶ
676 1499 778 1572 γάρ
813 1495 1102 1554 ἐκλέλοιπε
1133 1499 1403 1574 Τορνίκης
1438 1500 1581 1576 βίον,

494 1586 680 1647 Ὅστις
713 1593 958 1660 προσῆκε
991 1588 1228 1664 Μιχαὴλ
1255 1589 1390 1644 κατᾶ
1418 1590 1597 1666 γένος,

496 1675 596 1730 Ἦν
633 1675 958 1750 βαρυθυμῶν
991 1676 1080 1731 καί
1112 1680 1518 1754 σκυθρωπάζων
1552 1677 1664 1747 ὅδε,

495 1768 716 1827 Ηενθων
751 1764 1004 1838 στέρησιν
1035 1772 1326 1842 συγγενοῦς
1359 1766 1554 1842 ἀνδρὸς
1583 1770 1749 1844 τάχα·

495 1855 672 1927 Ἀπερ
706 1850 752 1907 δ’
783 1851 870 1907 ἐπὶ
899 1855 1117 1918 τούτοις
1147 1877 1210 1931 γε
1241 1855 1392 1934 φιλεῖ
1417 1858 1751 1934 συντρέχειν,

311 1945 460 2000 8745
500 1943 661 1996 Ὀτου
694 1944 880 2018 χάριν,
912 1937 1014 2018 ἔφη
1045 1967 1150 2017 τις,
1184 1947 1406 2022 ἡγεμὼν
1438 1948 1607 2001 στένει
1637 1968 1651 2018 ;

495 2032 555 2088 Ὁ
582 2035 766 2085 πεῦσιν
800 2031 1034 2096 ἀκούσας
1063 2032 1120 2088 δὲ
1149 2034 1364 2106 τάληθῆ
1402 2034 1571 2110 λέγει,

496 2119 684 2175 Αἴτιον
720 2121 851 2176 εἶναι
884 2122 1120 2197 Τορνίκη
1156 2122 1360 2201 φράσας
1398 2124 1589 2201 μόρον.

494 2211 554 2266 Ὀ
583 2208 628 2262 δ’
660 2210 953 2275 ἀνανεύσας
983 2209 1162 2268 ὠδίνει
1196 2213 1481 2287 πονηρίαν,

493 2300 734 2354 Κάκεῖνα
765 2301 956 2376 φάσκει
986 2303 1121 2356 κατᾶ
1151 2302 1537 2379 ΙΙαλαιολόγου

310 2399 458 2453 8750
496 2399 566 2453 "A
598 2393 728 2469 μηδ’
760 2396 847 2451 ἐπὶ
875 2403 994 2452 νοῦν
1030 2395 1344 2472 ἐμϐέϐληκε
1373 2401 1648 2476 παράπαν,

499 2486 642 2556 Μήτ’
675 2483 813 2540 οἶδεν
846 2486 1015 2542 εἶ’πεῖν
1040 2487 1076 2558 ἢ
1111 2491 1397 2564 γινώσκειν
1430 2489 1696 2552 συνόλως·

497 2576 642 2638 Νοῦς
668 2572 714 2629 δ’
748 2576 987 2631 ὑπέτεινε
1015 2577 1272 2654 βασκάνῳ
1305 2581 1596 2655 συνηγόρῳ

497 2670 583 2728 Ὡς
613 2661 774 2734 δῆθεν
808 2665 860 2720 έν
893 2671 970 2740 νῷ
1000 2667 1281 2745 συστρέφει
1313 2668 1643 2744 κακουργίαν

499 2754 734 2826 Γνώμην
762 2756 809 2808 τ’
843 2755 1177 2812 ἀποστάτιδα
1207 2757 1611 2834 Παλαιολόγος·

317 2844 463 2900 8755
502 2842 600 2897 Καὶ
636 2842 892 2918 βούλεταί
924 2866 984 2920 γε
1013 2847 1149 2920 πρὸς
1177 2849 1358 2923 γάμου
1389 2846 1676 2902 κοινωνίαν

502 2926 703 2986 Λαϐεῖν
734 2930 976 3012 ἀδελφὴν
1009 2933 1374 3010 Καλλιμάνου
1403 2939 1501 3006 τὴν
1536 2939 1747 3012 Θάμαρ·

499 3022 634 3078 Εἶτα
661 3029 956 3098 κατασχεῖν
990 3024 1079 3080 καὶ
1114 3025 1412 3084 Μιλενίκου
1443 3024 1607 3082 πόλιν

502 3109 608 3164 Σὺν
642 3116 757 3174 τοῖς
791 3112 942 3188 πέριξ
971 3114 1135 3169 ἅπασι
1165 3115 1446 3192 φρουρίοις
1481 3116 1695 3179 τόποις·

501 3197 612 3256 Κᾶν
636 3205 798 3256 τοῦτο
832 3199 1039 3276 συμϐῇ,
1073 3208 1169 3280 φεῦ
1198 3205 1390 3267 τόποις
1419 3210 1535 3268 τοῖς
1571 3203 1754 3260 ἐνθάδε

319 3290 467 3345 8760
505 3294 636 3350 Τοῖς
668 3288 789 3364 ἄρτι
820 3291 1142 3347 κατάστασιν
1176 3292 1232 3348 εὖ
1265 3299 1489 3369 σχοῦσιν
1526 3293 1651 3373 ἔφη.

503 3379 852 3453 Ἀποκριθεὶς
883 3378 930 3435 δ’
962 3379 1174 3458 εἴρηκεν
1208 3381 1398 3460 ἅτερος
1428 3382 1575 3439 τάδε·

500 3473 734 3545 Ἑταῖρε,
764 3469 860 3525 κᾶν
890 3471 1098 3544 γένοιτε
1127 3478 1399 3545 τοιοῦτον,
1434 3473 1582 3548 φίλε,

501 3557 578 3614 Ού
609 3557 817 3634 χείρον’
846 3555 994 3615 ἔσται
1024 3563 1092 3616 τὰ
1119 3564 1238 3626 καθ’
1267 3565 1417 3637 ἡμᾶς
1448 3564 1537 3617 καὶ
1577 3563 1770 3619 πάλιν·

503 3647 590 3701 Ἐν
623 3647 996 3725 Θεσσαλονίκῃ
1029 3653 1130 3727 γάρ
1163 3653 1386 3727 ἡγεμὼν
1422 3649 1495 3706 ἔνι

317 3737 468 3792 8765
509 3735 895 3814 Παλαιολόγος
928 3738 980 3793 ἐν
1016 3737 1362 3813 δομεστίκοις
1400 3743 1590 3816 μέγας·

507 3826 595 3881 Ἐν
631 3823 678 3880 δ’
708 3827 773 3881 αὗ
806 3830 931 3904 παρ’
964 3830 1100 3901 ἡμῖν
1131 3828 1367 3905 Μιχαὴλ
1398 3830 1596 3885 τούτου
1626 3833 1787 3906 γόνος

508 3915 823 3970 Ἐπιστατεῖ
852 3917 1040 3993 χώρας
1067 3939 1127 3973 τε
1156 3917 1244 3972 καὶ
1275 3923 1381 3972 τῶν
1415 3921 1772 3994 πραγμάτων·

509 4005 656 4068 Ὠσθ⁷
689 4005 792 4059 ὑπὸ
822 4005 1037 4060 τούτοιν
1069 4007 1136 4061 τὰ
1163 4008 1280 4061 καθ’
1310 4009 1458 4081 ἡμᾶς
1491 4007 1707 4082 ὴγμένα

510 4092 583 4146 Ού
612 4096 885 4168 κοσμικὴν
917 4095 974 4149 ἂν
1011 4098 1379 4167 καθυποσααίη
1419 4096 1612 4168 ζάλην.

321 4193 471 4248 8770
509 4193 604 4248 Ἐκ
631 4190 793 4248 τῶνδ’
825 4195 1054 4256 ἀναστάς
1089 4196 1278 4272 ἅτερος
1313 4191 1668 4271 Μαγκλαϐίτῃ

507 4283 588 4340 Τὰ
620 4282 830 4360 θατέρῳ
862 4282 1128 4363 πέφραδεν
1158 4285 1511 4359 ὡμιλημένα·

505 4367 906 4446 Μαγκλαϐίτης
935 4371 983 4428 δ’
1013 4372 1077 4428 αῦ
1113 4373 1329 4450 βασιλεῖ
1358 4373 1663 4451 καταλέγει.

505 4463 939 4538 Κατασχεθέντες
966 4469 1252 4538 τοιγαροῦν
1281 4461 1470 4539 ἄνδρες
1500 4463 1594 4519 δύο

507 4551 574 4608 Οἱ
605 4553 722 4606 καθ’
753 4551 976 4614 ἑαυτοὺς
1006 4554 1098 4608 τὸν
1127 4552 1294 4628 λόγον
1329 4551 1667 4630 δεδρακότες,

315 4641 465 4699 8775
503 4641 901 4704 Ἐπυνθάνοντο
930 4647 1038 4697 τῶν
1073 4642 1414 4718 λελεγμένων
1449 4643 1633 4718 χάριν·

501 4730 600 4784 Καὶ
629 4729 792 4785 τῶνδ’
825 4732 853 4785 ὁ
890 4731 985 4804 μὲν
1017 4737 1236 4787 συνεῖπε
1267 4732 1358 4787 νὸν
1393 4730 1555 4805 λόγον
1587 4733 1772 4809 φάναι,

503 4818 657 4888 Πλὴν
690 4819 778 4896 ἀφ’
812 4820 1003 4875 ἑαυτοῦ
1033 4821 1267 4895 μηδενὸς
1295 4819 1603 4885 συνειδότος

500 4910 821 4984 Κατήγορος
853 4908 900 4963 δ’
927 4907 1122 4988 ἔφασκε
1151 4911 1242 4966 καὶ
1277 4907 1583 4973 συνειδότος

498 4995 707 5052 Τούτου
738 4997 974 5073 Μιχαὴλ
1013 4997 1396 5076 Παλαιολόγου
1426 4999 1607 5077 φάναι·

309 5095 462 5151 8780
500 5093 561 5151 Ὁ
589 5091 636 5148 δ’
665 5091 976 5151 ἀντέϐαινεν
1010 5096 1254 5173 ἰσχυρῶς
1281 5097 1596 5174 ἀντιλέγων·

500 5183 600 5237 Καὶ
632 5181 829 5240 λοιπὸν
861 5186 1193 5262 ηὐτρέπιστο
1224 5188 1420 5241 τούτου
1452 5185 1518 5257 δὴ
1549 5193 1710 5262 χάριν

499 5276 854 5348 Στρατηγική
891 5295 972 5336 τις
1007 5271 1284 5346 ἀπόδειξις
1319 5274 1378 5331 ἐκ
1411 5278 1622 5351 μάχης.

495 5362 782 5439 Ἑκάτερος
809 5369 940 5440 γοῦν
963 5363 1201 5435 ὁπλίτης
1235 5363 1584 5439 δεδειγμένος

493 5450 736 5522 Εἷσῆλθε
763 5453 828 5508 τὸ
861 5451 1078 5511 στάδιον
1113 5454 1310 5516 ἱππεὺς
1343 5453 1641 5529 λογχίτης·

305 5542 457 5596 8785
500 5542 628 5597 Εἶτα
661 5541 1078 5613 συνεπλάκησαν
1111 5541 1278 5619 ἄμφω
1309 5544 1445 5620 πρὸς
1483 5542 1693 5618 μάχην·

494 5631 601 5686 Καὶ
631 5632 731 5701 τὴν
760 5631 922 5703 νίκην
947 5633 1254 5709 κατήγορος
1284 5631 1592 5706 κομίζεται,

492 5720 679 5796 Ῥίψας
712 5722 806 5778 τὸν
840 5719 1186 5796 ἀνθάμιλλον
1217 5723 1308 5798 ἀφ’
1333 5720 1510 5777 ἵππου
1535 5723 1704 5779 κάτω.

1851 389 2213 444 CESARES.

2001 525 2056 589 Α
2087 511 2372 584 spectavit
2401 518 2453 566 et
2483 505 2764 565 Deabolin
2798 521 2863 561 ac
2894 501 3240 559 Castoriam.

2087 601 2338 672 Moxque
2367 614 2656 664 reversus,
2691 594 2944 651 exercitu
2977 594 3207 662 recepto

2086 689 2566 746 Thessalonicam
2602 688 2793 741 denuo
2827 681 3118 755 migravit,

2088 779 2184 833 ubi
2219 781 2426 833 senatu
2459 774 2673 832 celebri
2705 777 2928 842 coacto,

2086 867 2443 938 deiectisque
2470 863 2864 938 quaestoribus
2897 877 2962 916 ac
2985 859 3318 931 judicibus,

2085 955 2344 1012 instituit
2374 954 2756 1026 quaestionem
2792 952 2861 1006 de
2893 950 3068 1005 dubio
3101 948 3344 1003 crimine

2085 1046 2240 1116 quod
2277 1044 2654 1100 manclavites
2682 1040 2954 1095 Nicolaus
2984 1038 3219 1092 invidus

2085 1136 2238 1204 apud
2275 1135 2537 1189 Bodenos
2569 1133 2641 1187 ad
2672 1133 2957 1187 Caesarem
2989 1126 3280 1182 detulerat

2084 1225 2234 1278 clam
2266 1222 2719 1278 Comneniadem
2754 1224 2954 1275 contra
2993 1216 3341 1272 Michaelem

2086 1312 2544 1384 Palzeologorum
2575 1310 2840 1382 genitum
2875 1305 3098 1362 familia
3131 1323 3143 1360 :

2085 1405 2255 1474 cujus
2288 1402 2506 1474 negotii
2538 1401 2749 1456 seriem
2783 1399 2941 1452 brevi
2973 1396 3255 1452 evolvam.

2084 1491 2400 1563 Postquam
2431 1489 2708 1545 Tornices
2741 1488 2919 1541 vitam
2955 1483 3289 1554 dereliquit,

2085 1581 2184 1652 qui
2219 1580 2562 1636 Michaelem
2595 1593 2806 1650 genere
2838 1575 3182 1646 attingebat,

2085 1669 2179 1725 hic
2209 1674 2333 1725 erat
2360 1673 2605 1724 mcestus
2637 1667 2902 1736 facieque
2933 1663 3114 1729 tristi,

2085 1758 2318 1830 cognati
2349 1759 2456 1812 viri
2490 1758 2694 1814 dolens
2725 1754 3040 1810 desiderio.

2087 1849 2160 1904 Ut
2188 1854 2386 1904 autem
2421 1847 2515 1902 his
2545 1847 2604 1902 in
2633 1848 2810 1901 rebus
2843 1844 3000 1898 haud
3036 1857 3163 1896 raro
3194 1840 3407 1908 evenit,

2089 1939 2332 2010 rogabat
2363 1938 2628 2010 quidam,
2660 1935 2776 1989 Cur
2808 1935 2927 1988 dux
2957 1935 3158 1986 noster
3186 1930 3418 2002 gemit?

2084 2036 2262 2092 Porro
2296 2036 2344 2091 is
2378 2035 2478 2108 qui
2510 2033 2786 2090 audiebat
2820 2028 3122 2102 respondit
3151 2043 3303 2092 vere,

2085 2142 2324 2181 causam
2362 2123 2625 2179 maeroris
2655 2139 2805 2188 esse,
2835 2119 3098 2175 TorniCae
3133 2117 3340 2172 fatum.

2086 2214 2187 2270 Ille
2225 2215 2386 2286 prior
2417 2229 2662 2285 negans,
2699 2210 2950 2283 parturit
2981 2206 3292 2272 malitiam,

2085 2319 2269 2375 eaque
2300 2302 2443 2358 dicit
2473 2307 2675 2357 contra
2708 2298 3120 2368 Palaeologum,

2088 2409 2214 2463 qua:
2250 2409 2492 2464 prorsus
2523 2391 2621 2446 ille
2654 2394 2846 2445 mente
2877 2404 2992 2443 non
3023 2383 3368 2452 revolverat,

2089 2483 2308 2538 nedum
2338 2481 2531 2538 verbis
2562 2480 2839 2551 attigerat
2868 2484 2967 2532 aut
2998 2474 3230 2531 notitia.

2088 2570 2235 2626 Hinc
2267 2573 2572 2625 accusator
2601 2567 2836 2622 invidus
2868 2564 3130 2635 putabat,

2091 2659 2247 2715 mala
2275 2658 2544 2725 consilia,
2581 2659 2837 2711 mentem
2871 2653 3282 2724 apostaticam,

2089 2764 2321 2804 versare
2351 2763 2549 2804 secum
2583 2750 2638 2800 et
2669 2744 2824 2800 alere
2856 2741 3248 2813 Palaeologum
3285 2757 3310 2799 :,

2091 2843 2149 2892 et
2177 2838 2330 2909 quod
2364 2842 2642 2908 praeterea
2672 2833 2981 2902 coniugem
3013 2830 3266 2884 ambiret

2091 2922 2349 2983 Thamar
2377 2923 2687 2980 Callimani
2718 2923 2931 2976 ducere
2967 2935 3227 2974 sororem
3265 2934 3279 2973 ε

2096 3032 2230 3072 mox
2261 3031 2548 3086 occupare
2579 3009 2844 3067 Melenici
2877 3009 3085 3064 urbem

2094 3121 2227 3160 cum
2262 3120 2370 3159 sua
2398 3101 2612 3157 vicinia
2643 3096 3009 3169 munitisque
3040 3095 3185 3151 locis
3225 3113 3236 3151 :

2095 3193 2250 3264 quod
2285 3191 2334 3248 si
2364 3190 2487 3258 ﬁat,
2521 3188 2735 3260 inquit,
2769 3204 2854 3241 vae
2887 3186 3056 3242 terris
3086 3184 3308 3240 nostris

2016 3270 2060 3336 C
2094 3298 2223 3353 quae
2257 3285 2398 3337 sunt
2428 3282 2657 3334 recente
2689 3280 2781 3331 vix
2812 3291 2953 3347 pace
2985 3274 3340 3344 compositae.

2099 3381 2263 3434 Alter
2289 3377 2654 3449 respondens
2687 3374 3042 3446 loquebatur
3071 3373 3154 3426 ita
3188 3388 3200 3425 :

2097 3468 2141 3524 Ο
2175 3469 2369 3535 sodes,
2402 3465 2635 3522 etiamsi
2672 3465 2816 3519 forte
2845 3462 2966 3516 haec
2999 3461 3292 3527 eveniant,

2099 3576 2192 3615 res
2222 3563 2426 3613 nostra
2456 3554 2692 3627 publica
2725 3553 2892 3624 pejus
2928 3568 3042 3606 non
3074 3549 3315 3605 habebit
3349 3567 3360 3604 :

2100 3646 2536 3704 Thessalonicae
2563 3643 2781 3699 etenim
2815 3641 3146 3697 moderator

2101 3753 2357 3808 magnus
2389 3738 2480 3790 est
2509 3732 2867 3788 domesticus
2898 3729 3258 3800 Palaeologus
3292 3744 3306 3783 :

2103 3827 2257 3899 apud
2294 3842 2401 3880 nos
2433 3827 2631 3879 autem
2665 3821 2824 3876 filius
2855 3820 2984 3890 ejus
3012 3818 3256 3873 Michael

2104 3933 2198 3972 res
2228 3919 2287 3970 et
2317 3913 2674 3986 provinciam
2710 3908 3091 3982 magistratus
3123 3907 3269 3978 regit
3301 3923 3315 3961 :

2104 4022 2287 4078 quare
2317 4020 2410 4059 res
2443 4005 2676 4067 nostrae,
2705 3999 2922 4054 talibus
2954 3996 3325 4069 praesidibus,

2102 4094 2334 4167 magnis
2361 4090 2576 4164 jactari
2608 4087 3000 4144 incommodis
3030 4086 3185 4140 haud
3221 4088 3519 4156 poterunt.

2099 4194 2230 4250 Jam
2262 4193 2420 4247 hunc
2452 4202 2783 4245 sermonem
2817 4184 2965 4240 alter
2989 4181 3449 4253 colloquentium

2102 4284 2171 4339 ad
2205 4279 2560 4337 Manclavitaa
2591 4275 2802 4332 detulit
2833 4271 3101 4329 notitiam
3133 4289 3145 4327 :

2099 4374 2151 4429 is
2183 4377 2378 4428 autem
2408 4370 2694 4424 Caesarem
2730 4361 3034 4420 conscium
3067 4361 3147 4417 rei
3183 4359 3335 4416 fecit.

2100 4461 2490 4529 Quamobrem
2524 4451 2933 4527 comprehensi
2962 4451 3073 4505 viri
3102 4451 3241 4518 duo,

2101 4567 2251 4622 quos
2282 4547 2562 4603 habuisse
2596 4542 2946 4614 scripsimus
2979 4538 3360 4605 colloquium,

2014 4642 2061 4706 D
2092 4639 2535 4709 interrogantur
2566 4633 2849 4705 quidnam
2881 4630 3035 4685 inter
3067 4646 3128 4685 se
3159 4626 3434 4683 dixerint.

2097 4731 2288 4800 Atque
2319 4726 2527 4780 horum
2563 4739 2740 4788 unus,
2775 4719 2858 4776 sic
2893 4719 3153 4775 locutum
3189 4718 3415 4784 lassus;

2099 4819 2197 4874 sed
2231 4819 2439 4888 sponte
2471 4829 2598 4879 sua,
2634 4809 2882 4878 addidit,
2916 4807 3150 4864 conscio
3182 4805 3436 4860 nemine.

2095 4921 2171 4972 At
2199 4917 2506 4970 accusator
2535 4908 2868 4966 affirmabat
2896 4905 3130 4961 conscio

2095 5005 2250 5060 dicta
2281 5001 2400 5056 haec
2433 4998 2613 5054 fuisse
2644 4994 2922 5050 Michaele
2952 4991 3307 5064 Palteologo;

2093 5093 2192 5148 ille
2221 5093 2557 5147 constanter
2587 5089 2789 5141 contra
2820 5081 3195 5155 pernegabat.

2093 5185 2245 5238 Tum
2282 5175 2520 5234 militari
2554 5190 2716 5230 moro
2750 5173 2815 5226 fit
2844 5172 3144 5226 decretum

2092 5288 2214 5328 rem
2244 5264 2710 5340 cognoscendam
2744 5276 2874 5316 esse
2907 5276 3006 5331 per
3038 5257 3324 5314 duellum.

2095 5361 2344 5430 Uterque
2369 5355 2551 5427 igitur
2580 5368 2715 5408 cum
2747 5349 2928 5405 lorica
2959 5353 3015 5404 et
3045 5347 3209 5420 galea

2090 5450 2249 5508 venit
2277 5447 2336 5503 in
2371 5442 2627 5501 stadium
2661 5457 2840 5512 eques
2872 5439 3103 5494 hastam
3136 5442 3374 5505 tenens;

2090 5545 2148 5598 et
2178 5553 2311 5594 mox
2343 5535 2611 5591 conserto
2644 5529 2836 5586 valido
2869 5527 3064 5584 duello

2091 5623 2419 5688 accusatori
2453 5620 2651 5677 arrisit
2677 5618 2947 5685 victoria,

2093 5721 2194 5795 qui
2226 5711 2596 5792 proturbavit
2625 5707 3027 5768 adversarium
3058 5723 3227 5778 equo.
