4076 6402
369 403 474 456 323
1595 401 1966 455 EPHREMII
2002 396 2578 456 CHRONOGRAPHI
3685 404 3789 461 324

370 529 535 584 Tunc
567 529 676 584 istc
705 527 908 582 eadem
941 541 1118 596 super
1147 541 1207 579 se
1235 527 1493 595 rogatur,

2316 529 2356 576 Κ
2397 522 2410 540 “
2505 523 2556 578 ’λ
2802 529 2827 540 “’
2994 529 3017 540 “
3318 527 3330 546 ’

2052 536 2107 601 Α
2360 544 2412 576 αι
2444 545 2519 578 πα
2568 546 2610 577 ιν
2643 526 2895 600 ἠρωτατο
2926 547 3022 580 του
3054 523 3225 602 λόγου
3259 546 3445 602 χαριν,

369 617 468 688 qui
503 616 803 688 superiore
836 619 1113 671 constans
1146 614 1201 668 in
1233 628 1504 669 sermone

2311 616 2364 663 ‘0
2423 609 2467 666 δ’
2524 611 2775 687 ἐμμένων
2835 615 2900 684 ἦν
2961 621 3078 677 τοῖς
3138 617 3264 690 πρὶν
3325 615 3434 692 οὐχ
3484 617 3648 686 ἦττον
3692 617 3790 675 λό-

3552 709 3714 784 [γοις,

369 799 444 852 rei
487 797 828 852 Michaelem
864 795 1112 849 inscium
1149 795 1400 848 affirmat
1435 810 1447 847 :

2133 791 2275 846 8790
2309 792 2518 854 Ἀθῶον
2549 793 2680 847 εῖναι
2715 795 2950 869 Μιχαὴλ
2985 794 3200 870 φάσκων
3236 793 3422 871 λόγου·

371 889 752 958 quamobrem
787 884 982 956 gladio
1010 882 1394 938 decollandus
1425 882 1713 952 traditur;

2310 883 2464 944 Ὅθεν
2496 883 2852 956 κατακέκριτο
2883 885 3062 939 θανεῖν
3095 884 3153 938 ἐκ
3184 885 3387 962 ξίφους·

368 982 685 1051 statimque
717 978 931 1034 vinctis
965 977 1260 1042 manibus,
1289 975 1494 1030 velatis
1525 974 1732 1042 oculis,

1683 991 1732 1042 ε,
2312 971 2490 1033 Δεθεὶς
2523 972 2613 1026 οὗν
2647 975 2732 1027 καὶ
2767 972 3064 1051 καλυφθεὶς
3087 975 3155 1028 τὰ
3185 975 3291 1052 φάη

360 1071 586 1142 judicio
621 1071 838 1139 injuste
871 1068 942 1121 ad
977 1082 1173 1121 necem
1209 1065 1550 1120 ducebatur.

2309 1060 2564 1134 Ἀπήγετ’
2595 1061 2668 1122 είς
2699 1063 2918 1116 θάνατον
2952 1059 3122 1134 ἀδίκῳ
3150 1063 3341 1134 κρίσει.

366 1161 477 1214 Sed
513 1177 644 1215 cum
674 1157 954 1212 cervicem
984 1156 1104 1225 jam
1139 1156 1372 1210 offerret
1405 1154 1568 1222 ictui,

2309 1145 2628 1222 Προίίτεινεν
2662 1150 2863 1226 αὐχένα
2897 1149 2953 1206 δὲ
2984 1149 3231 1222 δέξασθαι
3267 1153 3457 1226 μόρον·

364 1251 761 1319 interrogatur
791 1263 998 1301 rursus
1032 1262 1064 1299 a
1097 1246 1371 1300 carnifice
1404 1262 1416 1300 :

2126 1246 2269 1300 8795
2317 1247 2411 1302 Καὲ
2445 1249 2610 1302 πάλιν
2642 1250 2894 1324 ἠρωτᾶτο
2925 1251 3070 1323 παρὰ
3101 1248 3325 1322 δημίου·

365 1340 538 1393 homo
569 1342 910 1392 constanter
941 1335 1130 1389 adhuc
1163 1340 1220 1388 et
1251 1340 1447 1388 sancte
1479 1333 1746 1404 dejerans

2305 1337 2364 1392 Ὁ
2396 1334 2442 1390 δ’
2475 1338 2868 1409 ἀμετακίνητος
2896 1340 2962 1406 ἦν
2999 1337 3363 1414 δεδογμένων,

361 1429 687 1483 immunem
717 1424 984 1481 criminis
1016 1423 1359 1478 Michaelem
1393 1422 1491 1478 ait.

2305 1427 2528 1501 Ὅρκοις
2560 1427 2750 1481 ἀθωῶν
2777 1427 3012 1503 Μιχαὴλ
3045 1427 3381 1507 φρικαλὲοις·

365 1520 592 1588 Injusto
627 1521 767 1570 tunc
801 1513 1155 1568 subducitur
1185 1511 1495 1584 supplicio,

2302 1512 2462 1569 Ἀλλ’
2491 1514 2648 1578 οὗτος
2677 1515 2908 1592 ἐῤῥύσθη
2943 1519 3036 1590 μὲν
3070 1516 3264 1572 ἀδίκου
3299 1517 3492 1594 μόρου,

361 1607 618 1661 traditur
648 1609 838 1659 tamen
871 1603 1119 1658 carceris
1152 1603 1450 1657 custodire.

2305 1606 2698 1678 Καθειργμένος
2731 1605 2788 1660 δὲ
2819 1605 3066 1684 φυλακην
3113 1605 3389 1662 ὑπεισὲδυ·

361 1696 614 1760 Ουτοειὶο
647 1693 858 1749 deinde
883 1692 1322 1762 exploratioque
1353 1690 1620 1746 criminis

2123 1691 2267 1748 8800
2303 1695 2365 1750 Ἡ
2400 1691 2446 1748 δ’
2483 1693 2715 1764 ἐξέτασις
2747 1695 2836 1749 καὶ
2872 1696 3103 1771 βάσανος
3133 1700 3230 1751 τοῦ
3262 1694 3431 1772 λόγου

361 1787 418 1840 in
455 1783 790 1839 Michaelem
827 1782 1070 1836 vertitur
1099 1785 1459 1834 Comnenum
1488 1798 1500 1846 ;

2301 1783 2442 1854 Πρὸς
2475 1784 2565 1837 τὸν
2601 1785 2890 1856 Κομνηνὸν
2924 1785 3157 1860 Μιχαὴλ
3194 1785 3529 1860 μετηνέχθη·

360 1873 460 1944 qui
496 1873 714 1928 ferrum
750 1871 1008 1926 candens
1041 1875 1280 1938 tangere
1305 1869 1571 1938 jubetur,

2042 1909 2088 1973 Β
2301 1873 2400 1973 Καί
2430 1872 2586 1958 τόν-δε
2619 1870 2820 1946 μύδρον
2859 1873 3094 1948 χειρίσαι
3125 1874 3435 1946 κατηξίουν,

357 1968 534 2034 atque
565 1961 646 2016 ita
677 1960 1016 2031 ambiguam
1049 1958 1505 2013 controversiam
1538 1955 1777 2012 solvere.

2044 1955 2088 1973 ﬂ
2299 1961 2403 2016 Καὶ
2437 1955 2622 2035 σκέψιν
2653 1962 2825 2024 οὕτως
2859 1959 3317 2040 ἀμφιϐάλλουσαν
3350 1965 3529 2019 λῦσαι·

361 2061 460 2115 llie
492 2060 853 2115 conﬁdenter
885 2057 1189 2128 respondit
1212 2055 1514 2126 judicibus
1551 2071 1563 2108 :

2294 2051 2354 2107 Ὁ
2383 2047 2428 2104 δ’
2461 2051 2727 2127 ἀντεπῆγε
2751 2053 2888 2128 πρὸς
2917 2052 3103 2127 κριτὰς
3127 2052 3489 2115 πεποιθότως·

357 2149 416 2206 Si
450 2149 854 2204 testimonium
889 2146 1182 2217 quispiam
1219 2145 1276 2200 in
1311 2161 1399 2199 me
1431 2143 1665 2212 diceret,

2115 2149 2259 2206 8805
2296 2149 2384 2212 Ὡς
2416 2148 2482 2205 Εἴ
2517 2151 2609 2222 μὲν
2642 2152 2707 2218 ἦν
2739 2171 2821 2212 τις
2853 2155 2969 2204 κατ’
3003 2149 3138 2223 ἐμοῦ
3168 2153 3313 2226 τάχα
3344 2149 3541 2227 λέγων,

356 2238 493 2293 huic
527 2254 632 2310 ego
663 2236 846 2291 armis
877 2233 1148 2305 equidem
1180 2233 1544 2300 resisterem;

2295 2238 2438 2314 Πρὸς
2470 2238 2628 2293 αὐτὸν
2665 2239 2722 2292 ἂν
2757 2241 3114 2312 ἠγωνισάμην
3141 2240 3229 2293 σὺν
3267 2239 3485 2302 ὁπλοις·

355 2345 514 2383 nune
545 2330 854 2381 accusante
884 2323 1138 2393 nemine,
1175 2339 1288 2376 non
1321 2321 1484 2377 video

2297 2329 2618 2403 Κατηγόρου
2650 2325 2705 2382 δὲ
2741 2330 2816 2401 μὴ
2845 2329 3114 2401 παρόντος
3150 2351 3244 2403 μοι
3273 2331 3431 2401 τὲως,

355 2421 560 2472 contra
594 2430 767 2487 quem
804 2411 1024 2485 possim
1055 2412 1282 2481 judicio
1314 2410 1682 2466 contendere.

2295 2419 2436 2490 Πρὸς
2468 2418 2588 2472 τίνα
2621 2415 2704 2471 δεῖ
2737 2439 2802 2490 με
2831 2420 2930 2487 τήν
2960 2416 3116 2488 δίκην
3149 2419 3507 2490 καθεστάναι;

355 2507 516 2570 Quod
551 2505 598 2561 si
630 2510 861 2577 patrare
885 2503 1100 2574 jubeor
1129 2501 1437 2566 miracula,

2297 2506 2358 2562 Εἴ
2389 2514 2817 2583 θαυματουργεῖν
2852 2506 2898 2562 δ’
2930 2507 3270 2584 ἐγκελεύεταί
3309 2507 3374 2582 με
3402 2530 3503 2571 τις.

356 2598 528 2651 homo
562 2597 832 2666 peccator
861 2590 1132 2662 equidem
1169 2607 1285 2644 non
1320 2594 1540 2660 potero.

2115 2597 2258 2653 8810
2297 2594 2452 2650 Ἀλλ’
2485 2595 2557 2649 ὢν
2590 2595 2835 2672 ἀλιτρὸς,
2868 2596 2930 2650 οὐ
2963 2594 3271 2670 δυνήσομαι
3302 2594 3449 2668 τόδε,

350 2689 481 2739 Jam
518 2685 894 2738 fervefactum
929 2681 1062 2750 igne
1093 2679 1282 2750 siquis
1315 2677 1532 2732 ferrum

2297 2686 2500 2746 Ἐνθεὶς
2533 2682 2589 2740 δέ
2620 2705 2702 2747 τις
2737 2683 2962 2759 σίδηρον
2997 2686 3386 2760 ἐκκεκαυμένον

350 2774 599 2828 viventis
634 2771 809 2826 nudis
843 2769 1084 2824 collocet
1115 2769 1170 2822 in
1206 2767 1505 2834 manibus,

2295 2777 2561 2838 Πνὲοντος
2590 2773 2785 2849 ἀνδρὸς
2819 2776 3008 2851 χερσὶν
3039 2775 3430 2850 ἐψιλωμέναις,

347 2863 545 2919 nescio
579 2879 684 2918 cur
718 2876 926 2915 manus
961 2875 1076 2913 nor.
1111 2858 1186 2912 sit
1218 2858 1653 2912 ambuslurum.

2291 2862 2405 2919 Οὐκ
2437 2861 2556 2919 οῖδα
2585 2869 2701 2926 πῶς
2728 2863 2788 2919 ἂν
2819 2865 2881 2919 οὐ
2913 2865 3237 2941 καταφλέξοι
3259 2866 3445 2942 χέρας·

351 2961 432 3017 lbi
468 2962 620 3016 inter
642 2959 876 3031 judices
908 2959 1118 3012 sedens
1148 2955 1460 3028 episcopus

2296 2955 2488 3027 Παρὼν
2524 2951 2581 3008 δὲ
2611 2955 2822 3027 ποιμήν
2849 2961 2949 3023 τῆς
2981 2951 3335 3030 Φιλαδέλφου
3365 2954 3508 3020 τότε,

352 3049 790 3120 Philadelphia,
827 3045 1142 3118 gratificari
1177 3044 1399 3111 volens,

2113 3043 2256 3098 8815
2296 3044 2495 3117 Λαχὼν
2526 3040 2760 3112 δικάζειν
2789 3044 2968 3098 καὶτὰ
2994 3044 3130 3120 πρὸς
3165 3045 3323 3118 χάριν
3360 3043 3559 3120 λέγειν,

352 3139 511 3194 hunc
542 3135 883 3194 Michaelem
919 3138 1151 3190 sevocat
1181 3141 1423 3202 secreto,

2295 3135 2502 3188 Τοῦτον
2535 3132 2771 3207 Μιχαὴλ
2812 3128 3146 3206 παραλαϐὼν
3181 3131 3311 3205 ἰδίᾳ,

351 3234 408 3284 et
439 3228 521 3284 sic
549 3244 682 3282 cum
717 3225 816 3280 illo
849 3224 1199 3296 insipienter
1229 3221 1532 3292 loquitur:

2041 3281 2078 3296 η
2294 3220 2530 3278 Τοιαῢτά
2559 3223 2611 3276 τὶ
2645 3219 2910 3292 δήπουθεν
2947 3221 3044 3276 οὐκ
3074 3223 3131 3275 εὗ
3163 3221 3383 3294 ὡμίλει·

348 3324 491 3372 Cum
525 3317 607 3372 sis
639 3320 698 3371 tu
744 3314 923 3370 nobili
960 3312 1047 3368 vir
1077 3311 1434 3376 conditione,

2036 3281 2079 3349 C
2299 3311 2385 3370 Ὡς
2422 3311 2496 3364 Σὺ
2533 3311 2626 3383 μὲν
2659 3310 2796 3385 ἀνὴρ
2829 3311 3050 3386 εὐγενὴς
3083 3311 3157 3365 ὥν
3188 3313 3479 3386 τυγχάνεις

349 3413 406 3463 et
436 3409 507 3462 de
539 3405 836 3462 nobilibus
869 3403 1103 3474 genitus
1136 3401 1500 3473 parentibus,

2294 3399 2402 3470 Κάξ
2431 3398 2662 3474 εὐγενῶν
2697 3397 2824 3476 ἔφυς
2860 3398 2917 3455 δῖε
2947 3402 3194 3476 πατέρων
3227 3399 3414 3456 πάλιν·

352 3500 582 3568 oportet
613 3500 669 3551 te
700 3511 802 3566 pro
836 3492 1068 3565 generis
1097 3490 1384 3560 dignitate

2112 3499 2255 3553 8820
2294 3497 2396 3555 Καὶ
2429 3494 2512 3552 δεῖ
2543 3518 2600 3552 σε
2631 3497 2824 3552 λοιπὸν
2872 3502 2968 3552 τοῦ
2998 3499 3188 3574 γένους
3221 3497 3454 3568 ἐπαξίως

348 3591 404 3640 et
435 3586 691 3656 cogitare
723 3599 955 3654 semper
983 3585 1040 3635 et
1070 3578 1296 3650 operari
1335 3594 1346 3631 :

2292 3588 2450 3641 Πάντ’
2478 3585 2680 3642 εὐνοεῖν
2713 3608 2771 3642 τε
2799 3587 2890 3642 καὶ
2921 3589 3114 3661 πέρατι
3149 3585 3372 3641 διδόναι·

347 3691 482 3729 cum
512 3689 650 3746 ergo
684 3676 864 3727 testes
897 3668 1166 3724 criminis
1201 3684 1313 3722 non
1347 3665 1566 3721 adsint.

2288 3677 2444 3732 Ἐπεὶ
2474 3676 2574 3752 γὰρ
2609 3676 2669 3731 οὐ
2701 3681 2917 3752 πάρεισι
2954 3675 3222 3751 μάρτυρες
3254 3674 3425 3752 λόγου

346 3763 546 3818 divino
578 3767 632 3817 te
657 3759 886 3831 judicio
918 3758 1256 3814 committas
1287 3755 1480 3821 velim,

2291 3765 2418 3836 Θείᾳ
2445 3786 2503 3820 τε
2535 3762 2693 3836 δείξει
2725 3765 2814 3820 καὶ
2849 3771 3008 3840 σαφεῖ
3036 3764 3321 3840 τεκμηρίῳ

348 3852 548 3922 tuique
585 3851 764 3906 facias
799 3866 899 3920 per
930 3849 1122 3919 ignem
1159 3845 1452 3918 peritiam,

2293 3851 2503 3928 Μύδρῳ
2537 3853 2717 3929 χρεὼν
2751 3851 2984 3929 ἔλεγχον
3019 3853 3247 3922 ἐκτίσαι,
3282 3852 3428 3928 φίλε.

344 3941 641 3997 Audacter
672 3938 768 3994 ille
801 3943 856 3993 et
887 3937 1194 3991 commode
1228 3935 1532 4008 respondit
1565 3951 1578 3987 :

2109 3944 2254 4000 8825
2293 3945 2352 4000 Ὀ
2385 3941 2431 3998 δ’
2463 3942 2735 4020 ἀνδρικῶς
2760 3941 2954 4022 ἔφησεν
3000 3939 3375 4013 εὐεπηϐόλως·

345 4031 523 4086 Miror
552 4046 658 4084 cur
683 4035 898 4092 vectes,
932 4042 1024 4082 res
1056 4041 1222 4080 sacra
1254 4025 1518 4090 dicatur;

2289 4034 2516 4104 Τὲθηπα
2545 4039 2662 4095 πῶς
2699 4034 2848 4106 ἅγιον
2883 4030 3064 4103 ᾅδεται
3097 4030 3302 4108 μύδρος

318 4137 514 4193 quem
548 4120 742 4176 hercle
775 4120 944 4173 timet
978 4133 1188 4171 manus
1222 4132 1348 4170 mea
1381 4113 1739 4185 contingere,

2289 4125 2459 4202 ᾯπερ
2494 4121 2711 4178 δέδοικα
2741 4124 2888 4199 χειρί
2928 4145 3036 4195 μου
3067 4121 3480 4198 προσεγγίσθαι,

342 4220 442 4292 qui
472 4236 600 4274 sum
634 4222 922 4290 peccator,
961 4220 1025 4270 ut
1057 4219 1226 4270 antea
1250 4214 1374 4284 jam
1409 4211 1546 4266 dixi.

2288 4214 2377 4274 Ὠς
2408 4210 2466 4267 ἂν
2499 4212 2744 4289 ἂλιτρὸς,
2775 4214 2915 4286 ᾗπερ
2947 4209 3136 4267 ἀνόπιν
3171 4207 3326 4290 ἔφην.

340 4311 424 4364 Τι]
460 4325 593 4365 vero
628 4311 871 4362 sanctus
903 4309 960 4359 et
993 4304 1128 4358 dius
1165 4303 1260 4356 Dei
1295 4301 1569 4356 sacerdos

2289 4301 2364 4356 Σὺ
2397 4299 2442 4356 δ’
2475 4303 2627 4376 ἅγιός
2657 4323 2715 4356 τε
2744 4301 2832 4356 καὶ
2865 4306 2998 4356 Θενῦ
3031 4307 3174 4365 θεῖος
3208 4300 3373 4370 θύτης

339 4403 452 4454 Deo
480 4395 833 4453 sacriﬁcium
871 4392 1149 4447 manibus
1180 4389 1386 4444 offerre
1418 4386 1650 4456 solitus,

2105 4393 2248 4448 8830
2285 4391 2452 4465 Xepc‘:
2483 4391 2774 4466 προσάγων
2809 4390 2990 4465 Κυρίῳ
3020 4392 3119 4460 τήν
3154 4389 3360 4453 θυσίαν·

336 4487 383 4542 si
417 4487 522 4540 tibi
560 4485 770 4556 placet,
805 4497 930 4552 age,
967 4480 1155 4551 captis
1189 4477 1392 4532 infulis

2284 4481 2350 4538 Et
2381 4484 2511 4556 γοῦν
2543 4479 2805 4550 κελεύεις,
2839 4476 2990 4541 ἐνδὺς
3023 4477 3308 4554 ἱεραρχίας

335 4581 578 4646 totaque
609 4571 760 4628 stola
792 4572 900 4625 rite
933 4570 1312 4632 convestitus,

2287 4569 2361 4624 Σὺ
2393 4571 2493 4638 τήν
2526 4567 2729 4637 στολὴν
2765 4569 2997 4639 ἅπασαν,
3031 4568 3107 4630 ὡς
3138 4565 3279 4622 ἔστιν
3311 4561 3455 4637 ἔθος,

335 4669 557 4720 vectem
589 4662 830 4717 ardente
864 4658 1111 4714 fervefac
1143 4656 1396 4721 camino,

2019 4661 2067 4726 D
2281 4656 2542 4732 Σιδήριον
2577 4659 2833 4734 πύρωσον
2868 4658 2918 4712 ἐν
2951 4661 3018 4731 τῇ
3051 4656 3293 4730 καμίνῳ,

337 4753 576 4820 tuisque
608 4750 773 4823 puris
805 4747 1081 4804 manibus
1117 4744 1418 4802 sublatum

2281 4749 2384 4806 Καὶ
2415 4754 2577 4804 τοῦτο
2609 4744 2792 4805 λαϐὼν
2825 4753 2894 4824 τῇ
2925 4753 3133 4824 καθαρᾷ
3162 4745 3312 4823 χειρί
3344 4767 3440 4801 σου

333 4844 392 4898 in
429 4859 590 4898 meas
621 4839 878 4896 transfer
909 4836 1244 4893 sordidatus
1278 4849 1510 4888 manus.

2100 4850 2243 4906 8835
2283 4849 2478 4920 Χερσὶν
2505 4849 2684 4913 ἐπίθες
2713 4854 2831 4911 ταῖς
2861 4846 3018 4920 ἐμαῖς
3047 4853 3165 4909 ταῖς
3193 4845 3475 4920 ἀνάγνοιςο

332 4939 491 4989 Tune
519 4948 660 5007 sane
691 4947 859 5002 spero
893 4927 1356 4998 omnipotentem
1390 4924 1567 4978 Deum

2283 4939 2380 4992 Καὶ
2414 4935 2480 5007 δὴ
2515 4942 2630 5009 Θεῷ
2659 4937 2892 4991 πέποιθα
2917 4933 3314 5008 παντοδυνάμῳ

333 5041 454 5078 rem
487 5022 571 5078 tui
606 5021 798 5093 gratia
831 5019 1035 5074 miram
1074 5019 1469 5088 peracturum,

2282 5030 2368 5090 Ὠς
2400 5029 2844 5101 θαυματουγήσει
2877 5032 2997 5090 ταῖς
3026 5032 3146 5085 σαῖς
3179 5024 3479 5087 δυσωπίαις

333 5111 730 5168 dissimulatis
762 5109 995 5164 interim
1031 5105 1285 5178 peccatis
1318 5103 1485 5158 meis.

2282 5117 2506 5188 Ηληθὺν
2534 5113 2778 5192 παριδὼν
2808 5120 2918 5171 τῶν
2953 5115 3099 5191 ἐμῶν
3133 5113 3483 5192 ἁμαρτάδων·

330 5203 423 5257 sic
455 5198 723 5256 Michael.
758 5197 1077 5269 Respondit
1107 5201 1303 5251 autem
1339 5191 1722 5263 archiprmsul
1757 5209 1770 5246 :

2275 5206 2433 5264 Οὕτω
2467 5191 2723 5282 Μιχαήλ’
2761 5205 3062 5282 ἀρχιθύτης
3097 5203 3143 5259 δ’
3175 5191 3398 5283 ἀντὲφη·

331 5303 434 5357 Est
461 5300 576 5365 hie,
612 5315 644 5354 ο
674 5298 866 5366 sodes,
901 5295 1292 5351 Barbarorum
1328 5292 1498 5360 ritus,

2096 5299 2240 5354 8840
2279 5297 2366 5358 Ὠς
2396 5297 2590 5364 Οὗτος,
2623 5297 2668 5348 ὧ
2705 5294 2974 5371 βέλτιστε,
3002 5289 3291 5371 βαρϐάρων
3320 5292 3510 5366 νόμος,

335 5388 614 5445 Romanis
648 5385 890 5440 minime
920 5383 1148 5453 legibus
1181 5379 1495 5452 ascriptus,

2279 5387 2353 5440 Οὐ
2389 5387 2720 5458 Ῥωμαϊκοῖς
2749 5383 3159 5460 ἐγκατάγραφος
3188 5384 3404 5459 νόμοις,

334 5494 523 5549 neque
555 5474 740 5531 sacris
772 5471 1094 5527 canontbus
1128 5467 1394 5524 Ecclesia;

2280 5474 2357 5534 Οὐ
2389 5475 2577 5530 κανόσι
2613 5474 2784 5537 θείοις
2810 5494 2869 5528 τε
2898 5480 2998 5542 τῆς
3031 5471 3359 5543 Ἐκκλησίας

334 5571 603 5639 receptus
638 5579 924 5636 unquam,
959 5575 1146 5631 neque
1177 5558 1395 5613 sanctis
1425 5557 1699 5614 Patribus
1738 5575 1751 5615 :

2279 5564 2472 5626 Δεκτὸς
2503 5565 2759 5640 πέφυκεν,
2792 5561 2854 5616 οὐ
2886 5562 3157 5633 Πατράσιν
3192 5561 3384 5637 ἁγίοις·

333 5672 513 5729 quare
547 5657 816 5711 insuetus
848 5651 1017 5706 nobis
1048 5649 1142 5703 hic
1180 5663 1305 5702 mos
1337 5647 1703 5703 barbaricus.

2272 5653 2434 5726 Ἠμῖν
2470 5649 2517 5706 δ’
2549 5651 2723 5726 ἀγνώς
2755 5670 2836 5711 τις
2871 5643 3202 5726 βαρϐαρικάς
3231 5651 3279 5704 θ’
3311 5650 3339 5704 ὁ
3364 5649 3591 5723 τρόπος.

334 5748 507 5804 Recte
537 5743 838 5815 respondit
869 5738 1114 5797 Michael
1145 5737 1403 5809 sciteque
1435 5737 1749 5793 admodum
1788 5756 1802 5794 :

2091 5745 2234 5800 8845
2269 5745 2344 5798 Ἦ
2374 5738 2421 5795 δ’
2452 5741 2510 5803 ὃς
2538 5737 2771 5815 Μιχαὴλ
2799 5743 3113 5818 προσφυῶς,
3146 5733 3460 5811 ἐπηϐόλως·
