4076 6420
298 430 410 485 325

479 551 712 622 Οὐκοῦν,
751 549 969 625 μέγιστε
997 547 1350 623 ποιμενάρχα
1381 546 1607 622 Κυρίου,

483 641 566 697 Τὰ
593 642 715 695 κατ’
743 639 975 712 ἐμαυτὸν
1011 635 1392 706 ἐκτελεσθῆναι
1426 633 1568 707 δέον,

483 733 575 793 Ὡς
605 728 910 802 Ῥωμαϊκοὶ
944 725 1265 782 διατυποῦσι
1295 725 1480 798 νόμοι⁸

487 821 551 879 Εἰ
588 820 681 894 μὲν
716 819 820 894 γὰρ
852 818 1013 880 αὐτὸς
1047 816 1228 894 ἐξέφυν
1257 815 1316 870 ἐκ
1351 809 1665 890 βαρϐάρων,

303 923 450 979 8850
487 920 559 974 Ἦ
595 913 957 994 βαρϐαρικοῖς
991 916 1402 989 ἀνατέθραμμαι
1433 912 1649 986 νόμοις,

488 1009 626 1082 Τάχ’
659 1006 720 1061 ἂν
755 1004 982 1067 δικαίως
1016 1009 1162 1082 σφῶν
1201 1005 1488 1078 ὑπήγομεν
1524 999 1720 1064 δίκαις·

497 1098 771 1170 Ῥωμαῖος
806 1094 1069 1170 ὑπάρχων
1105 1091 1160 1148 δὲ
1190 1093 1296 1148 κάκ
1322 1091 1519 1146 τούτου
1549 1088 1759 1165 γένους,

490 1191 619 1248 Τοῖς
649 1185 982 1257 Ῥωμαϊκοῖς
1015 1183 1410 1257 ὑπαχοήσομαι
1442 1179 1662 1253 νόμοις,

492 1274 654 1332 Οὕτω
696 1274 925 1350 Μιχαὴλ
959 1273 1186 1348 φαμένῳ
1215 1272 1281 1326 τά
1314 1273 1410 1335 τῆς
1444 1267 1618 1335 δίκης.

312 1369 456 1423 8855
494 1369 728 1422 Ἀνεῖται
760 1367 1058 1434 τηνικαῦτα
1085 1362 1222 1435 πρὸς
1257 1360 1548 1436 βασιλέως·

489 1455 683 1527 (Ὅμως
711 1458 974 1528 παρεῖχεν
1010 1451 1071 1507 οὐ
1108 1453 1304 1526 μικρὰν
1337 1449 1598 1523 ὑποψίαν,

494 1544 702 1616 Πέμπει
733 1542 796 1597 τὸ
829 1540 1024 1597 λοιπὸν
1058 1540 1452 1616 χαριτώνυμος
1485 1539 1702 1612 κράτωρ

496 1635 704 1690 Τοῦτον
737 1631 873 1706 πρὸς
903 1629 1020 1685 υἱὸν
1052 1630 1142 1684 καὶ
1175 1625 1435 1703 διάδοχον
1464 1628 1694 1697 κράτους

498 1722 602 1778 Καὶ
626 1722 1012 1796 ποιμενάρχην
1047 1717 1316 1786 Μανουήλ
1349 1713 1694 1786 Βυζαντίδος,

309 1815 458 1870 8860
497 1812 668 1872 Οὗτος
698 1811 800 1887 γὰρ
831 1810 977 1886 ἦρχε
1013 1809 1292 1879 τηνικαῦτ’
1319 1803 1676 1876 Ἐκκλησίας⁹

497 1901 556 1958 Ὀ
589 1897 635 1954 δ’
672 1894 978 1954 ὑποϐάλλει
1013 1896 1247 1972 Μιχαὴλ
1279 1893 1598 1974 φρικαλέοις

499 1989 860 2062 Ἐπιτιμίοις,
892 1988 1221 2062 ἀφορισμοῖς
1254 1985 1345 2040 καὶ
1377 1981 1574 2059 λέγειν,

498 2083 572 2135 Ἦ
600 2079 708 2152 μὴν
739 2081 994 2151 καθαρῶς
1027 2075 1228 2131 εὐνοεῖν
1258 2075 1338 2146 τῴ
1370 2071 1605 2145 δεσπότῃ

499 2167 601 2223 Καὶ
637 2164 854 2241 βασιλεῖ
882 2164 1056 2220 πάντα
1086 2185 1149 2238 γε
1185 2162 1278 2218 τὸν
1313 2165 1456 2232 ζωῆς
1480 2159 1706 2236 χρόνον,

313 2258 459 2313 8865
500 2257 695 2312 Μισεῖν
722 2261 770 2309 τ’
801 2252 1137 2309 ἀποστάτιδα
1166 2253 1398 2329 γνώμην
1422 2250 1686 2312 ἐκτόπως.

500 2344 712 2402 Τούτου
743 2343 1084 2419 πραχθέντος
1121 2341 1376 2418 βασιλεὺς
1407 2339 1664 2410 Ἰωάννης

501 2434 596 2497 Εἰς
632 2436 918 2512 συνάφειαν
937 2433 1178 2509 γαμικὴν
1212 2429 1522 2506 συζευγνύει

500 2523 686 2597 Τούτῳ
713 2521 956 2598 ,Μιχαὴλ
989 2519 1384 2594 Παλαιολόγων
1417 2519 1602 2594 γένους

501 2615 612 2682 Τὴν
641 2609 924 2687 Θεοδώραν
957 2608 1172 2688 ἔγγονον
1203 2613 1300 2664 τοῦ
1329 2609 1593 2684 συγγόνου

318 2714 466 2770 8870
503 2714 613 2769 Τοῦ
645 2707 1143 2786 σεϐαστοκράτορος
1172 2707 1459 2766 Ἰσαακίουο

503 2802 609 2858 Καὶ
642 2799 838 2856 λοιπὸν
868 2800 1026 2856 αὐτὸν
1069 2799 1310 2872 εὐμενῶς
1341 2797 1408 2867 ἦν
1436 2791 1824 2872 προσϐλέπων,

505 2893 606 2949 Καὶ
640 2892 948 2946 συνέταττεν
985 2889 1229 2944 εὐνοοῦσι
1261 2887 1521 2962 γνησίως.

501 2980 660 3039 Οὕτω
692 2979 1000 3054 συνηνέχθη
1041 2979 1132 3053 μὲν
1178 2977 1404 3052 ὑπάρξαι
1426 2973 1573 3030 τάδε·

498 3073 561 3129 Ὁ
588 3069 636 3126 δ’
668 3069 1020 3146 αὐτοκράτωρ
1051 3072 1181 3138 ἧκεν
1214 3067 1290 3130 εἷς
1321 3067 1563 3123 Νικαέων

329 3162 464 3218 8875
503 3160 690 3231 Μηνὸς
723 3159 846 3234 περί
876 3180 980 3221 που
1011 3158 1186 3234 τέρμα
1216 3151 1614 3232 Φεϐρουαρίου.

497 3249 619 3305 Ἐπὶ
657 3248 851 3320 κλίνης
884 3245 941 3302 δὲ
970 3248 1195 3308 καθίσας
1227 3247 1344 3300 καθ’
1377 3246 1602 3320 ἑσπέραν

499 3344 768 3414 Παρεῖχεν
799 3337 1096 3392 ἀνάπαυσιν
1126 3337 1293 3391 αὐτοῦ
1326 3335 1552 3410 σαρκίῳ·

503 3430 658 3486 Μετά
690 3427 871 3504 βραχὺ
904 3425 950 3482 δ’
981 3426 1180 3501 εὕρητο
1210 3426 1426 3500 πρηνὴς
1460 3423 1511 3479 ἐν
1541 3421 1704 3496 κλίνῃ

506 3519 797 3591 Ἐξαπίνης
831 3514 1087 3587 ἄναυδος,
1121 3515 1220 3570 οὐκ
1249 3512 1476 3572 ἐπαΐων.

321 3619 472 3675 8880
509 3617 670 3672 Ταῦτ’
701 3612 803 3690 ἄρα
833 3611 1167 3688 συνέδραμον
1200 3608 1603 3682 Ἀσκληπιάδαι

511 3711 773 3766 Ἕκαστος
805 3699 1172 3778 συμφέροντες
1206 3703 1333 3762 ἄκος
1363 3708 1463 3771 τῆς
1491 3699 1676 3772 νόσου,

513 3796 657 3871 Πρὸς
682 3792 729 3848 δ’
758 3793 823 3849 αὖ
855 3793 1076 3868 ἀμυχὰς
1111 3792 1162 3848 ἐν
1196 3791 1325 3846 ποσὶ
1355 3791 1679 3857 τεθεικότες,

511 3881 705 3940 Τάλλα
731 3905 789 3938 τε
822 3880 1056 3958 δρῶντες
1088 3883 1160 3936 ὧν
1196 3877 1524 3941 διδάσκαλος
1555 3877 1748 3954 τέχνηο

519 3972 680 4029 Ἀλλ’
719 3970 875 4027 οὐδὲν
906 3975 1069 4040 ἧττον
1099 3972 1308 4044 ἡμέραν
1341 3969 1417 4031 εἷς
1451 3967 1702 4044 δευτέραν

331 4067 481 4122 8885
517 4065 791 4138 Ὑπῆρχεν
825 4061 1107 4133 ἀκίνητος,
1141 4058 1357 4136 ἄφωνος
1383 4059 1623 4135 κράτωρ,

519 4150 862 4226 Ἐμπληξίας
891 4150 1038 4223 νόσῳ
1067 4171 1125 4222 γε
1155 4149 1583 4224 συνισχημένος·

521 4242 698 4296 Νόσου
731 4239 789 4295 δὲ
823 4241 1015 4315 μικρὸν
1051 4238 1238 4316 ῥαΐσας
1269 4239 1416 4309 πλὴν
1451 4235 1724 4292 δυσκόλου

525 4331 660 4406 Εἶχε
689 4331 861 4406 χρόαν
892 4330 1145 4403 σώματος
1171 4327 1590 4401 ἠλλοιωμενην·

520 4423 745 4495 Ἀφῖκτο
777 4417 976 4474 λοιπὸν
1005 4419 1082 4480 εἷς
1113 4415 1430 4493 βασιλείους
1464 4413 1670 4489 δόμους

327 4519 480 4574 8890
515 4516 656 4580 Τοὺς
691 4515 740 4572 ἐν
777 4515 1063 4594 Νυμφαίῳ⁹
1093 4513 1183 4570 καί
1219 4514 1427 4591 βραχὺν
1463 4514 1619 4590 βιοὺς
1650 4511 1846 4589 χρόνον

523 4606 772 4676 Ἀπῆλθε
800 4606 940 4681 πρὸς
972 4604 1172 4671 Κύριον
1201 4603 1446 4659 ἐκλιπὼν
1486 4602 1624 4678 βίον·

522 4697 690 4766 ’Ἁναξ
720 4695 922 4770 ἀγαθὸς
955 4694 1045 4749 καὶ
1080 4694 1384 4769 στρατηγὸς
1412 4689 1672 4767 γεννάδας

521 4784 662 4857 Πρὸς
697 4782 846 4838 δυσὶν
880 4783 1144 4853 ἑξήκοντα
1179 4783 1381 4857 βιώσας
1415 4778 1533 4848 ἔτη,

527 4872 616 4944 Ἐξ
648 4873 719 4926 ὧν
747 4872 982 4946 κατῆρξε
1010 4873 1147 4947 πρὸς
1177 4871 1473 4945 τριάκοντα
1503 4867 1646 4943 τρία.

334 4963 487 5019 8895
525 4960 678 5017 Ἐπεῖ
713 4958 760 5016 δ’
791 4959 1135 5036 ἐτετρύχωτο
1171 4957 1384 5034 χαλετῇ
1411 4957 1577 5030 νόσῳ,

523 5049 908 5120 Ἐπιπολάζων
939 5055 1058 5114 τοῖς
1085 5048 1277 5111 τόποις
1307 5050 1374 5118 ἦν
1407 5045 1722 5125 Νυμφαίου,

527 5141 676 5196 Κατά
706 5137 1052 5213 διαστήματα
1080 5139 1311 5214 πάσχων
1342 5143 1440 5192 τοῦ
1471 5138 1700 5212 χρόνου·

527 5229 614 5285 Ἐν
644 5229 897 5301 παλατιῳ
929 5226 1126 5304 διάγων
1159 5227 1258 5303 γάρ
1291 5223 1400 5281 ἔσθ’
1436 5228 1525 5282 ὅτε

527 5318 651 5374 Ἐπὶ
682 5317 876 5389 κλίνης
909 5314 1141 5381 ἄναυδος
1167 5317 1234 5386 ἦν
1267 5315 1616 5393 ἐρῥιμμένος³

335 5409 488 5468 8900
531 5407 725 5464 Ένίοτ’
759 5407 913 5471 αὗθις
946 5405 1186 5478 ἱππότης
1217 5403 1565 5480 δεδειγμένος

529 5491 893 5549 Ἐκινδύνευεν
928 5491 1170 5548 ἐκπεσεῖν
1202 5489 1534 5570 ἐφεστρίδος,

525 5583 593 5639 Εἴ
626 5584 702 5656 μὴ
736 5581 1173 5658 παριππεύοντες
1205 5581 1458 5656 ἀντεῖχον
1490 5583 1625 5634 νέοι·

529 5672 662 5730 Εἶτα
689 5672 967 5737 καθεστὼς
1000 5672 1058 5726 τὸ
1092 5671 1351 5749 φρόνημα
1382 5664 1705 5742 λαμϐάνων,

530 5760 712 5834 Βάδην
749 5763 999 5838 ὑπῆρχεν
1031 5759 1106 5822 είς
1138 5758 1343 5835 δόμους
1376 5757 1726 5834 ὑποστρέφων

1843 424 2206 479 CESARES.

1992 555 2046 620 Α
2079 547 2277 616 igitur,
2311 564 2342 603 ο
2376 549 2456 603 mi
2489 549 2741 606 maxime
2772 549 2871 606 Dei
2902 549 3182 622 pontifex,

2085 652 2173 691 me
2208 653 2336 692 meo
2363 640 2496 708 jure
2529 655 2699 710 agerc
2731 639 2804 694 sit
2833 657 3095 711 aequum,

2082 731 2257 796 atque
2289 726 2565 782 Romanis
2594 727 2824 800 legibus
2857 729 3215 800 praecipitur.

2081 815 2226 870 Nam
2261 817 2308 871 si
2344 817 2685 888 parentibus
2712 823 2886 873 natus
2917 835 3104 874 essem
3139 818 3431 883 barbaris,

2083 910 2258 976 atque
2287 906 2609 962 barbaricis
2641 908 2965 962 innutritus
2996 908 3248 980 legibus,

2077 995 2260 1063 juste,
2298 1002 2360 1050 ut
2391 997 2618 1068 opinor,
2651 999 2720 1052 ad
2757 997 2863 1052 hoc
2889 1000 2989 1068 jus
3023 998 3406 1070 compellerer
3443 1016 3456 1054 :

2085 1110 2242 1149 nunc
2275 1111 2410 1149 cum
2444 1096 2706 1150 Romana
2735 1096 2917 1166 stirpe
2949 1096 3062 1151 sim
3098 1101 3360 1168 creatus,

2087 1183 2368 1239 Romanis
2397 1184 2526 1240 volo
2558 1186 2893 1257 desceptare
2924 1186 3173 1258 legibus.

2087 1273 2181 1328 Sic
2213 1274 2552 1330 Michaelem
2586 1276 2697 1330 cibi
2733 1277 3194 1346 patrocinantem

2087 1366 2278 1419 Czesar
2306 1371 2447 1419 tunc
2477 1365 2717 1436 quidem
2745 1366 3163 1422 dimittendum
3195 1369 3465 1436 censuit;

2089 1470 2194 1508 nec
2225 1458 2424 1509 tamen
2454 1454 2550 1509 ille
2580 1455 2738 1526 gravi
2771 1457 3108 1526 suspicione
3135 1458 3344 1514 caruit.

2092 1545 2340 1600 Mittitur
2369 1562 2505 1617 ergo
2534 1563 2567 1600 a
2597 1547 2836 1601 domino
2868 1548 3128 1618 gratioso

2092 1636 2160 1689 ad
2197 1633 2382 1689 filium
2415 1651 2588 1690 suum
2625 1635 2854 1706 imperii
2888 1653 3288 1693 successorem

2091 1724 2532 1796 Manuelemque
2563 1725 2870 1797 praesulem
2905 1727 3164 1798 Byzantii

2091 1813 2210 1884 (hic
2241 1815 2396 1869 enim
2429 1831 2531 1885 per
2562 1815 2618 1869 id
2651 1820 2883 1886 tempus
2929 1817 3196 1871 Ecclesiae
3231 1817 3496 1888 praeerat)

2094 1903 2194 1973 qui
2243 1919 2521 1974 perquam
2552 1904 2827 1975 gravibus
2859 1904 3199 1960 Michaelem
3230 1907 3410 1961 minis

2094 1993 2513 2064 canonicisque
2537 1993 2809 2063 jussi'ous
2840 1993 2996 2064 cogit
3015 1994 3231 2060 dicere,

2094 2098 2156 2137 se
2186 2098 2320 2136 vere
2351 2081 2586 2138 domino
2619 2083 2764 2137 bene
2793 2083 2940 2137 velle
2970 2085 3204 2150 Caesari,

2096 2171 2391 2242 fidemque
2420 2172 2479 2226 in
2513 2172 2669 2226 omni
2705 2173 2820 2228 vita
2852 2178 3241 2240 servaturum,

2094 2262 2270 2330 atque
2302 2258 2596 2330 apostasia
2626 2277 2871 2331 prorsus
2902 2260 3155 2316 alienum
3191 2262 3329 2316 fore.

2094 2356 2349 2413 Peractis
2382 2357 2472 2412 his
2503 2359 2753 2414 Joannes
2785 2359 3103 2429 imperator

2097 2445 2516 2501 matrimoniali
2548 2447 2783 2517 copulat
2813 2449 3107 2503 consortio

2096 2533 2232 2588 huic
2263 2534 2533 2589 Michaeli
2563 2535 2745 2607 stirpe
2775 2535 3097 2609 Palaeoiogo

2094 2623 2458 2678 Theodoram
2492 2629 2722 2694 neptem
2753 2626 3020 2696 germani
3055 2627 3179 2693 sui,

2095 2712 2574 2768 sebastocratoris
2608 2712 2832 2768 scilicet
2863 2716 3070 2770 Isaacii
3105 2732 3116 2768 :

2087 2802 2333 2872 jamque
2365 2816 2500 2856 eum
2535 2801 2786 2873 benigno
2820 2803 3174 2873 respiciebat
3206 2803 3396 2876 vultu,

2096 2894 2272 2959 atque
2303 2889 2623 2944 amicorum
2656 2890 2910 2946 habebat
2941 2891 2998 2946 in
3032 2909 3299 2951 numero.

2097 2977 2201 3032 Hic
2235 2977 2344 3032 fuit
2370 2979 2506 3032 dicti
2538 2979 2727 3033 exitus
2761 2979 2995 3050 negotii.

2097 3067 2306 3124 Postea
2351 3067 2599 3122 Nicaeam
2632 3067 2736 3122 ivit
2785 3069 3110 3140 imperator

2098 3158 2278 3212 ferme
2311 3157 2420 3212 sub
2453 3157 2677 3212 mensis
2709 3157 2886 3213 ﬁnem
2923 3158 3246 3215 Februarii.

2019 3242 2062 3310 C
2101 3245 2348 3317 Vespere
2381 3262 2552 3318 porro
2583 3245 2795 3302 lectulo
2820 3247 3184 3304 decumbens

2099 3334 2434 3407 corpusculi
2464 3335 2647 3407 quieti
2680 3335 3028 3409 indulgebat
3062 3355 3075 3392 :

2101 3424 2276 3496 paulo
2310 3432 2440 3496 post
2466 3426 2659 3481 subito
2693 3443 2947 3482 cernuus
2981 3425 3040 3481 in
3075 3427 3348 3484 culcitam

2107 3519 2306 3570 mutus
2338 3515 2608 3571 inventus
2639 3521 2730 3570 est
2758 3520 2816 3570 et
2852 3515 2997 3570 nihil
3028 3517 3275 3573 audiens
3311 3535 3324 3573 :

2108 3614 2492 3684 quamobrem
2525 3618 2900 3669 accurrentes
2935 3613 3284 3686 Asclepiades

2109 3702 2312 3758 morbo
2344 3701 2630 3758 medelam
2667 3704 2888 3758 variam
2925 3704 3310 3772 adhibebant,

2111 3796 2168 3847 et
2200 3791 2377 3863 pedes
2407 3792 2580 3847 etiam
2615 3792 2882 3864 punctim
2914 3793 3284 3862 vellicabant,

2112 3885 2448 3951 promentes
2478 3880 2621 3936 artis
2653 3898 2824 3937 omne
2854 3883 3283 3954 magisterium.

2111 3969 2305 4025 Nihilo
2337 3974 2534 4025 tamen
2571 3970 2766 4024 minus
2787 3971 2910 4040 jam
2945 3971 3038 4025 die
3068 3973 3330 4027 secunda

2108 4059 2435 4114 immobilis
2468 4067 2785 4129 mulusque
2808 4061 3040 4131 jacehat
3071 4061 3268 4129 Cesar,

2112 4148 2389 4204 sensibus
2419 4147 2648 4204 cunctis
2676 4149 2879 4205 morbo
2911 4149 3255 4221 consopitis.

2115 4237 2247 4293 Mox
2275 4237 2646 4310 aliquantum
2678 4237 2963 4309 reviguit;
2998 4255 3360 4310 quamquam

2111 4326 2463 4399 corpusculo
2495 4327 2818 4383 deﬂuxerat
2849 4328 3043 4384 omnis
3075 4327 3260 4384 color.

2113 4415 2302 4479 Quare
2333 4415 2593 4471 defertur
2621 4417 2680 4471 in
2707 4416 2995 4489 Nimpbaei
3028 4416 3274 4488 regiam,

2114 4504 2214 4560 ubi
2245 4509 2338 4560 sat
2367 4505 2528 4562 brevi
2562 4511 2824 4577 tempore
2854 4511 3176 4579 superstes,

2039 4601 2084 4665 ι)
2115 4599 2319 4665 postea
2348 4593 2663 4649 defunctus
2691 4595 2761 4650 ad
2795 4593 3111 4650 Dominum
3150 4595 3295 4650 abiit
3325 4611 3340 4651 :

2119 4707 2218 4746 rex
2247 4707 2386 4746 sane
2415 4691 2608 4748 bonus
2638 4695 2695 4747 et
2721 4692 2888 4748 fortis
2919 4692 3265 4762 imperator,

2117 4779 2289 4836 annis
2322 4781 2552 4836 duobus
2584 4798 2764 4852 supra
2794 4783 3100 4852 sexaginta

2117 4869 2279 4936 vixit,
2311 4870 2372 4925 in
2406 4870 2652 4942 imperio
2686 4871 2930 4942 triginta
2961 4872 3174 4927 tribus.

2118 4958 2173 5014 Is
2204 4963 2518 5030 postquam
2549 4975 2782 5031 gravem
2820 4960 3027 5015 incidit
3056 4961 3115 5015 in
3153 4962 3447 5032 morbum,

2120 5048 2275 5104 circa
2328 5048 2633 5120 Nymphaei
2664 5049 2884 5122 regiam
2919 5049 3224 5107 diversans

2117 5154 2186 5192 ex
2211 5137 2513 5193 intervallo
2545 5138 2848 5194 deficiebat
2879 5139 3098 5195 animo.

2032 5285 2036 5292 κ
2121 5227 2422 5282 Interdum
2451 5227 2608 5283 enim
2639 5226 2698 5281 in
2730 5227 2946 5298 palatio
2976 5228 3200 5300 degens

2119 5314 2354 5387 loquela
2380 5315 2439 5371 in
2470 5315 2622 5372 lecto
2655 5333 2861 5372 carens
2895 5319 3278 5375 recumbebat
3311 5337 3323 5374 :

2121 5404 2420 5460 interdum
2451 5405 2628 5462 etiam
2662 5405 2936 5478 equitans
2959 5407 3017 5462 in
3048 5408 3308 5480 publico,

2123 5492 2398 5563 lapsurus
2426 5499 2550 5549 erat
2581 5511 2833 5550 cernuus
2865 5495 3142 5568 ephippio

2124 5581 2183 5637 ni
2214 5582 2628 5653 adequitantes
2659 5584 3338 5656 subvenissentjuvenes
3369 5604 3382 5642 :

2124 5675 2181 5726 et
2211 5688 2346 5727 mox
2377 5677 2627 5741 erectus,
2659 5672 2871 5744 spiritu
2907 5679 3162 5747 recepto,

2126 5761 2528 5818 revertebatur
2560 5762 2810 5833 pedibus
2839 5763 2898 5818 in
2932 5765 3177 5834 regiam,
