4076 6402
355 359 460 414 327
1566 357 1944 412 ΕΡΗΒΒΜΙΙ

2165 356 2427 416 lNOGRA
2435 361 2558 415 PHI
3671 364 3775 420 328

352 487 438 545 vel
472 491 738 559 gestatus
767 503 799 540 a
829 483 1067 540 famulis
1090 483 1149 538 in
1183 482 1411 539 sellula.

527 601 912 659 THODORUS
951 602 1171 657 DUCAS
1210 599 1555 656 LASCARIS
1585 598 1701 653 AN.
1737 598 1834 654 IlI.

885 674 1099 730 MENS.
1135 673 1472 739 ALIQUOT.

352 785 447 838 Sic
480 783 607 838 vitae
638 783 892 838 termino
921 781 1179 836 Joannes
1213 780 1487 852 imposito

353 873 640 927 hzcredem
675 870 982 942 dignitatis
1009 877 1064 925 et
1096 869 1324 940 imperii

2039 485 2090 548 Α
2121 479 2263 536 8905
2299 483 2367 537 Ἥ
2397 481 2486 536 καὶ
2511 477 2755 555 φοράδην
2787 488 2903 545 τοῖς
2939 484 3428 559 ὑπηρετουμένοις.

2119 671 2124 677 δ
2193 599 2549 655 θΕΟΑΩΡΟΣ
2592 600 2862 656 ΔΟΥΚΑΣ
2903 604 2948 657 0
2986 603 3340 658 ΛΑΣΚΑΡΙΣ
3383 602 3508 660 ET’.
3545 603 3619 676 1",
3660 623 3711 666 ς.

2297 776 2454 835 Οὕτω
2488 777 2548 832 τὸ
2585 778 2738 852 βιοῦν
2774 777 3055 854 έκμετρῶν
3090 781 3347 850 Ἰωάννης

2294 865 2576 943 Θεόδωρον
2601 864 2919 942 κληροῦχον
2957 868 3137 943 ἀρχῆς
3165 863 3254 924 καὶ
3285 869 3519 944 κράτους

2294 959 2402 1015 Τὸν
2435 955 2602 1013 παῖδα
2625 958 2939 1032 κατέλιπεν,
2974 957 3033 1014 ἐκ
3064 960 3384 1036 Λασκαρίων

2293 1047 2670 1121 Τούπώνυμον
2704 1046 2934 1126 φέροντα
2961 1053 3067 1104 τῶν
3101 1049 3486 1125 προπατόρων·

2113 1139 2256 1193 8910
2294 1140 2530 1214 ’Άγοντα
2553 1141 2845 1213 τριάκοντα
2875 1143 2972 1193 τοῦ
3003 1139 3126 1214 βίου
3157 1138 3394 1214 χρόνους

2292 1228 2434 1300 Πρὸς
2463 1228 2640 1303 τρισὶν
2675 1225 2892 1297 ἄλλοις,
3039 1223 3236 1304 ἔφασαν
3270 1226 3494 1291 εἰδότες.

2291 1319 2387 1378 Ὃς
2419 1316 2771 1391 αὐτοκράτωρ
2799 1315 3054 1390 βασιλεὺς
3085 1315 3169 1371 ἐπ’
3196 1316 3422 1380 ἀσπίδος

2291 1406 2704 1482 Ἀναγορευοεῖς
2731 1406 2870 1460 κατὰ
2899 1413 3174 1482 κρατῆσαν
3206 1403 3350 1481 ἔθος,

2292 1493 2471 1557 Εὐθὺς
2506 1495 2713 1570 ἀπάρας
2748 1496 2854 1550 ἀπὸ
2888 1500 3079 1570 χώρου
3111 1497 3418 1573 Νυμφαίου,

2111 1587 2253 1641 8915
2289 1586 2402 1654 Τὴν
2438 1582 2798 1657 Φιλαδέλφου
2827 1582 3240 1659 καταλαμβάνει
3269 1583 3454 1658 πόλιν,

352 1677 451 1731 ubi
482 1693 613 1732 cum
636 1676 868 1731 sultano
903 1676 1089 1731 foedus
1123 1677 1509 1732 confirmavit.

2286 1675 2406 1751 Ἀφ’
2438 1676 2500 1728 οὗ
2535 1675 2755 1748 βεβαιοῖ
2776 1675 2871 1736 τὰς
2901 1673 3038 1747 πρὸς
3069 1673 3304 1730 σουλνὰν
3336 1669 3651 1748 συμϐάσεις.

348 1765 519 1820 lllinc
549 1765 842 1820 Nicacnarn
891 1781 1238 1836 progressus
1271 1765 1328 1820 in
1365 1767 1568 1820 urbem

2289 1765 2548 1820 Κάκεῖθεν
2581 1762 2753 1818 ἐλθὼν
2786 1763 2861 1827 εἷς
2893 1765 3143 1822 Νικαέων
3177 1762 3362 1836 πόλιν,

350 1854 578 1926 regium
605 1855 877 1926 plausum
920 1855 1107 1909 audiit
1138 1853 1496 1910 solemniter.

2033 1852 2080 1916 B
2291 1853 2593 1923 Βασιλικῆς
2622 1851 2783 1928 ἔτυχε
2813 1860 2914 1921 τῆς
2945 1853 3246 1930 εὐφημίας·

350 1943 481 1999 Mox
511 1944 882 2015 congregatis
917 1943 1178 2015 undique
1210 1944 1547 2015 pastoribus

2293 1941 2403 1998 Εἶτ’
2435 1941 2734 2017 ἀρχιοῦτας
2766 1940 2959 2004 ἁλίσας
2991 1941 3329 2017 πανταχόθεν

353 2033 765 2104 prmcipuaque
798 2032 906 2088 rite
936 2032 1075 2088 cleri
1109 2039 1272 2104 parte

2111 2033 2254 2088 8920
2294 2030 2519 2107 Κλήρου
2551 2052 2609 2086 τε
2640 2031 2840 2094 παντὸς
2867 2030 2996 2094 τοὺς
3028 2027 3267 2106 λογάδας
3302 2033 3376 2092 ὡς
3412 2028 3553 2100 δέον,

355 2139 489 2178 cum
519 2121 612 2178 his
644 2122 713 2177 de
744 2139 979 2176 summo
1021 2123 1268 2193 praesule
1298 2121 1682 2193 deliberabat,

2294 2120 2397 2175 Σὺν
2431 2117 2602 2174 τοῖσδ’
2632 2118 2790 2196 ἐδίφα
2819 2121 3128 2194 προστάτην
3166 2119 3487 2192 Ἐκκλησίᾳ,

353 2211 633 2283 quoniam
666 2211 900 2267 Manuel
934 2211 1268 2283 patriarcha
1299 2213 1523 2267 obierat

2290 2215 2394 2264 Τοῦ
2426 2208 2806 2284 ποιμενάρχου
2833 2208 3100 2277 Μανουήλ
3131 2209 3461 2279 τεθνηκότος

354 2301 656 2356 mensibus
689 2304 821 2355 ante
853 2304 1137 2355 Caesarem
1171 2301 1424 2356 duobus.

2294 2301 2466 2374 Ηρινὴ
2499 2301 2676 2353 Θανεῖν
2710 2298 2910 2353 ἄνακτα
2943 2298 3078 2371 μησί
3109 2321 3215 2354 που
3249 2296 3386 2358 δύο.¹

353 2395 540 2461 Atque
570 2389 627 2444 id
664 2389 930 2461 urgebat,
965 2394 1029 2444 ut
1059 2402 1293 2460 accepto
1321 2395 1631 2445 stemmate

2293 2386 2588 2446 Ἕσπευδεν
2624 2389 2714 2443 οὗν
2748 2389 2820 2450 ὡς
2849 2388 3155 2450 ταινιωθεὶς
3183 2393 3262 2460 τῷ
3283 2389 3465 2462 στέφει

356 2481 416 2534 in
448 2480 807 2536 occidentem
844 2478 952 2533 iret
975 2495 1109 2534 cum
1141 2479 1420 2546 exercitu,

2113 2482 2255 2536 8925
2293 2477 2733 2550 Ἐπιστρατεύσει
2758 2483 2878 2540 τοῖς
2905 2479 3042 2532 κατὰ
3074 2475 3222 2533 δύσιν
3253 2477 3446 2540 τόποις

357 2586 448 2623 res
473 2567 550 2624 ibi
587 2569 863 2622 turbante
895 2567 1176 2623 Michaele
1211 2569 1458 2639 Bulgaro

2292 2568 2572 2644 Πάσχουσι
2603 2571 2782 2629 κακῶς
2815 2569 2953 2642 πρὸς
2982 2565 3212 2641 Μιχαὴλ
3237 2566 3557 2642 Βουλγάρου

357 2674 532 2728 quem
569 2674 636 2712 ex
670 2661 858 2712 Asane
890 2658 1155 2712 ediderat
1187 2657 1306 2713 lilia
1337 2656 1561 2730 Angeli.

2289 2661 2389 2717 "Ov
2421 2658 2685 2734 Ἀγγέλου
2715 2663 2842 2719 παῖς
2875 2657 3154 2712 ἀπέτικτεν
3184 2657 3403 2730 Ἀσάνῃ·

351 2745 594 2801 Caesaris
626 2745 782 2800 enim
819 2745 910 2800 hic
944 2745 1143 2800 audito
1169 2746 1357 2814 obitu,

2293 2751 2496 2806 Μαθὼν
2527 2749 2628 2824 γὰρ
2663 2745 2821 2810 οὗτος
2849 2747 2943 2800 τὸν
2979 2746 3145 2820 μόρον
3172 2744 3440 2820 βασιλέως

351 2842 553 2891 nostra
586 2835 924 2890 incursabat
956 2836 1207 2904 graviter
1237 2836 1480 2891 castella

2294 2835 2553 2916 Σφοδρῶς
2575 2837 2729 2910 ἐπῄει
2761 2838 3096 2908 Ἀωμαϊκοῖς
3131 2836 3417 2912 φρουρίοις

359 2925 764 2996 llesperiisque
790 2925 1038 2980 nocebat
1060 2926 1393 2995 provinciis.

2111 2931 2253 2985 8930
2292 2931 2421 2989 Τοῖς
2455 2927 2590 2981 κατὰ
2622 2924 2770 2980 δύσιν
2801 2923 3070 2997 κειμένοις
3100 2924 3192 2979 καὶ
3223 2923 3473 2998 χωρίοις.

355 3016 555 3085 Itaque
586 3013 717 3068 aliis
741 3013 886 3067 alios
919 3012 1272 3083 eligenlibus

2288 3017 2510 3074 Ἃλλων
2545 3017 2671 3091 παρ’
2703 3013 2888 3069 ἄλλων
2920 3017 3206 3090 τοιγαροῦν
3228 3010 3583 3086 καλουμένων

355 3105 425 3160 ad
461 3103 806 3174 patriarchae
839 3119 1135 3157 summam
1168 3103 1537 3175 dignitatem,

2293 3107 2390 3164 Εἰσ
2419 3105 2819 3180 ποιμεναρχίαν
2850 3126 2908 3158 τε
2937 3105 3024 3158 καὶ
3059 3100 3375 3178 προεδρίαν,

354 3192 687 3250 communis
720 3193 954 3248 demum
991 3191 1390 3266 Blemmydam
1425 3193 1713 3250 sententia

2035 3221 2078 3288 C
2296 3198 2356 3250 Ἡ
2393 3193 2519 3264 δόξα
2550 3195 2708 3261 κοινή
2745 3190 3076 3265 Βλεμμύδην
3113 3191 3426 3268 Νικηφόρον
3462 3192 3578 3261 (84)

353 3284 745 3356 Nicephorum
781 3282 1000 3338 honore
1031 3282 1272 3352 dignum
1306 3285 1551 3351 censuit,

2041 3278 2077 3288 ν
2295 3283 2630 3360 Προστασίας
2663 3280 2808 3352 ἄξιον
2839 3282 2970 3335 εἶναι
3003 3278 3309 3354 προύτίθει,

353 3375 544 3429 virum
577 3373 788 3427 virtute
823 3381 873 3427 et
908 3378 1101 3427 mente
1133 3374 1716 3444 praestantissimum,

2113 3377 2256 3433 8935
2293 3371 2479 3448 ”Ανδρ’
2511 3373 2674 3444 ἀρετῇ
2701 3391 2758 3426 τε
2782 3371 2982 3425 συνέσει
3003 3370 3358 3441 κεκασμένον.

352 3463 514 3520 omni
543 3469 883 3517 exornatum
919 3463 1316 3518 doctrinarum
1343 3479 1575 3535 genere,

2294 3461 2464 3536 ’Ίδριν
2497 3460 2688 3534 σοφίας
2716 3457 3068 3526 παντοδαπῆς
3103 3459 3192 3513 καὶ
3223 3457 3432 3532 λόγων,

353 3567 594 3623 sumque
627 3551 814 3606 aitatis
849 3550 1071 3606 nemini
1104 3553 1454 3621 secundum,

2293 3552 2392 3606 Καὶ
2423 3555 2531 3607 τῶν
2562 3550 2678 3604 κατ’
2713 3547 2870 3603 αὐτὸν
2905 3545 3121 3609 οὐδενὸς
3153 3545 3541 3619 λελειμμένον,

351 3638 769 3710 ᾱὶεἰιοιίηειῐιυω
793 3641 1059 3694 omnium
1095 3641 1445 3713 magistrum

2289 3638 2634 3715 Τετρακτῦος
2669 3635 2994 3692 διδάσκαλον
3034 3638 3174 3710 μαθη
3187 3637 3392 3709 μάτων,

353 3736 408 3785 et
440 3746 673 3786 summo
698 3745 884 3783 amore
913 3730 1120 3785 Caesari
1147 3731 1508 3798 devinctum,

2291 3727 2570 3786 Φιλοῦντα
2603 3725 2867 3806 φιλοῦντα
2896 3727 3031 3800 πρὸς
3069 3723 3363 3795 βασιλέως,

353 3819 447 3874 cui
475 3818 694 3873 litteras
728 3819 975 3873 discenti
1011 3825 1332 3891 praeceptor
1365 3823 1570 3892 fuerat,

2111 3823 2254 3878 8940
2293 3817 2630 3874 Διδάσκαλον
2666 3817 2896 3894 φανέντα
2925 3811 3066 3887 τῷδε
3095 3818 3203 3868 τῶν
3238 3813 3446 3887 λόγων,

352 3924 579 3964 necnon
613 3909 681 3962 ad
711 3907 855 3962 alias
891 3907 1166 3978 pulchras
1198 3909 1560 3982 disciplinas.

2291 3905 2544 3968 Παιδείας
2575 3905 2754 3976 ἄλλης
2783 3904 2874 3959 καὶ
2904 3903 3088 3958 καλῶν
3124 3899 3491 3975 διδαγμάτων·

352 3998 495 4053 Mire
526 4013 663 4068 ergo
693 3997 903 4052 Caesari
937 3997 1201 4068 placebat
1238 3999 1462 4066 electio,

2291 3998 2392 4054 Καὶ
2429 3995 2683 4072 βασιλεὺς
2717 3995 2828 4068 οὐχ
2854 3995 3017 4062 ἦττον
3054 3989 3240 4064 ἠγάπα
3268 3986 3413 4044 τόδε.

351 4087 448 4158 qui
485 4085 641 4142 hunc
681 4087 753 4142 ad
788 4103 1022 4140 sacrum
1056 4087 1270 4143 solium
1305 4090 1548 4144 vocabat

2288 4084 2579 4143 ’Έσπευδεν
2614 4084 2808 4139 οὐκοῦν
2839 4080 2985 4136 τόνδ’
3019 4077 3291 4154 ένιδρῦσαι
3324 4077 3523 4154 θρόνῳ,

349 4177 506 4233 haud
540 4195 738 4248 preces
770 4178 960 4233 solum
991 4180 1092 4234 sed
1127 4181 1241 4234 vim
1275 4197 1507 4252 quoque
1539 4180 1844 4237 adhibens.

2288 4180 2485 4252 ΙΙεῖραν
2517 4172 2836 4250 προσάγων,
2868 4167 3184 4247 προστιθείς
3217 4189 3267 4221 τι
3299 4169 3387 4221 καὶ
3422 4165 3560 4241 βίας.

2109 4271 2251 4326 8945
2287 4270 2376 4328 Ὡς
2408 4264 2455 4321 δ’
2484 4263 2621 4320 εἶδεν
2653 4263 2714 4317 οὐ
2749 4261 2907 4326 θέλον
2961 4281 2988 4314 α
3014 4261 3114 4328 τὴν
3147 4253 3463 4334 προεδρίαν,

2286 4357 2485 4431 Τρόπῳ
2512 4351 2569 4408 δέ
2598 4351 2759 4408 παντὶ
2794 4347 3057 4424 μηδόλως
3090 4343 3471 4418 πεπεισμένον,

2289 4444 2412 4504 Ἐπὶ
2450 4441 2692 4517 μοναχὸν
2727 4437 3000 4514 Ἀρσένιον
3041 4435 3273 4510 ἐτράπη,

2284 4533 2560 4592 Ἀσκοῦντ’
2588 4525 3041 4589 Ἀπολλωνιάδος
3071 4526 3207 4580 κατά
3238 4523 3463 4596 λίμνην,

2288 4628 2482 4698 Πεῖραν
2518 4620 2712 4697 ὀλίγην
2741 4616 3084 4694 γραμμάτων
3117 4613 3473 4686 κεκτημένον.

2106 4718 2250 4774 8950
2286 4710 2662 4772 Ἐπιπολαίως
2693 4711 3086 4785 γραμματικῆς
3117 4701 3393 4777 ἡμμένον,

2288 4800 2507 4860 Ἀυλων
2533 4797 2578 4855 δ’
2608 4796 2864 4874 ἄγευστον
2899 4793 3160 4871 ἐγκρίτων
3193 4789 3556 4865 μαθημάτων.

357 964 540 1019 {ilium
575 962 810 1033 reliquit
836 962 1202 1017 Theodorum
1241 959 1540 1015 Lascarim

355 1070 674 1125 cognomen
708 1053 760 1106 id
796 1051 1105 1107 habentem
1140 1069 1172 1106 a
1211 1050 1558 1121 majoribus,

350 1160 538 1198 annos
568 1147 709 1197 tunc
740 1145 940 1196 natum
972 1145 1090 1196 tres
1121 1157 1301 1212 supra
1333 1140 1596 1210 triginta,

353 1237 415 1285 ut
451 1231 818 1286 tradiderunt
848 1236 1179 1301 temporum
1222 1230 1412 1300 periti.

353 1321 515 1374 llunc
544 1337 703 1376 more
735 1320 904 1374 solito
929 1320 1130 1391 clypeo
1163 1319 1464 1375 sublatum

351 1412 764 1480 imperatorem
798 1409 1076 1465 salutavit
1110 1408 1364 1482 populus
1401 1427 1412 1463 :

351 1499 520 1570 isque
548 1498 856 1570 Nymphasi
889 1499 1046 1569 regia
1080 1499 1376 1570 profectus

351 1587 818 1658 Philadelphiam
849 1587 976 1642 sine
1008 1603 1172 1642 mora
1204 1587 1472 1654 accessit,

347 4267 456 4321 Sed
487 4274 912 4338 repugnantem
936 4268 1209 4338 dignitati
1244 4285 1512 4337 cernens,

343 4372 534 4426 neque
567 4372 627 4410 se
659 4357 901 4411 omnino
935 4355 1250 4425 patienlem
1283 4357 1460 4422 flecti,

351 4445 423 4500 ad
459 4444 816 4499 monachum
851 4443 1161 4498 Arsenium
1197 4445 1544 4517 suffragium
1575 4446 1750 4502 vertit

345 4535 655 4604 degentem
691 4548 871 4602 prope
901 4531 1094 4586 lacum
1128 4532 1574 4604 Appolloniatis,

344 4619 509 4676 nulla
541 4621 967 4692 propemodum
1002 4621 1307 4690 praeditum
1351 4623 1633 4690 doctrina,

345 4709 524 4766 unius
559 4709 766 4766 leviter
795 4709 1096 4765 conscium
1145 4712 1570 4782 grammaticae,

2026 4583 2074 4648 D

346 4798 626 4868 gravibus
659 4814 902 4870 prorsus
927 4798 1189 4854 scientiis
1222 4804 1535 4870 expertem.

343 4892 538 4959 Atque
568 4888 726 4943 hunc
759 4887 1012 4942 accitum
1049 4889 1366 4944 festinatim
1392 4890 1602 4959 Caesar,

345 4977 584 5048 jamque
615 4981 980 5048 prmsentem,
1015 4977 1410 5048 patriarcham
1435 4980 1608 5051 elegit
1639 4997 1652 5035 :

347 5066 800 5137 pastoribusque
833 5068 1117 5138 praecipit,
1145 5067 1414 5123 celeriter

349 5153 548 5225 ipsum
581 5156 893 5211 ordinibus
924 5156 1226 5212 initiareut
1255 5159 1437 5213 sacris
1472 5175 1484 5214 :

345 5243 445 5314 qui
479 5243 658 5298 tridui
694 5245 886 5314 spatio
914 5251 1264 5301 consecrant
1295 5248 1605 5304 Arsenium

345 5332 662 5386 diaconum
695 5332 1100 5404 presbyterum
1137 5339 1193 5388 et
1220 5334 1562 5405 episcopum
1600 5353 1611 5390 :

345 5438 377 5476 a
409 5437 523 5492 quo
554 5421 881 5493 imperator
912 5438 1126 5478 corona
1160 5423 1470 5479 redimitus

2282 4895 2480 4946 Τοῦτον
2518 4887 2899 4963 μετεστείλατο
2925 4883 3143 4957 ταχέως
3172 4879 3414 4956 κράτωρ,

2287 4981 2386 5036 Καὶ
2416 4978 2482 5048 δὴ
2516 4977 2760 5052 παρόντα
2787 4971 3135 5048 πατριάρχην
3167 4967 3418 5025 δεικνύει·

2287 5069 2392 5126 Καὶ
2423 5066 2830 5138 ποιμενάρχαις
2863 5059 3197 5136 έγκελεόεται
3228 5058 3400 5132 τάχος

2109 5163 2253 5218 8955
2288 5157 2513 5216 “Απαντ’
2546 5153 2628 5208 ἐπ’
2662 5151 2808 5224 αὐτῷ
2838 5152 2904 5206 τά
2931 5149 3069 5204 κατὰ
3096 5147 3301 5220 νόμους
3333 5142 3547 5221 δράσαι,

2287 5252 2387 5320 ’Ὀν
2417 5245 2507 5300 καὶ
2538 5241 2786 5299 τελοῦσιν
2817 5239 2870 5296 έν
2890 5239 3033 5315 τρισὶ
3064 5234 3206 5292 τόνδ’
3236 5234 3470 5309 ἡμέραις

2289 5334 2546 5393 Δικάονόν
2565 5355 2623 5389 τε
2653 5332 2743 5387 καὶ
2777 5329 2942 5400 θύτην
2973 5327 3062 5383 καὶ
3094 5327 3349 5398 ποιμένα·

2287 5427 2423 5504 Παρ’
2447 5425 2508 5480 οὗ
2545 5420 2801 5499 βασιλεὺς
2832 5415 3143 5481 ταινιωθεῖς
3171 5418 3250 5486 τῷ
3284 5410 3485 5490 στέφει,

417 5616 530 5696 (48)
564 5616 665 5696 Hic
696 5621 804 5696 est,
836 5618 1006 5688 cujus
1027 5617 1351 5696 orationem
1374 5617 1439 5674 de
1466 5620 1613 5691 regis
1643 5624 1848 5696 ofﬁcio,
1882 5630 1954 5686 ad
1985 5628 2357 5686 Theodorum
2402 5623 2548 5696 imp.
2578 5619 2882 5692 scriptam,
2930 5631 3038 5688 ego
3091 5627 3279 5685 nuper
3325 5609 3486 5667 edidi
3538 5607 3600 5664 in
3630 5606 3770 5664 coll.

344 5689 475 5744 Vat.
509 5688 805 5746 volumine
826 5691 1103 5746 secundo.
