4076 6442
319 375 421 431 331
1532 375 1903 429 EPHREMII
1940 368 2510 427 CHRONOGRAPHI
3638 369 3750 424 332

319 504 378 557 et
409 498 771 557 defectorum
806 497 1045 554 feminis
1076 514 1144 553 ac
1174 495 1379 554 liberis

2004 495 2057 562 Α
2266 490 2367 545 Καὶ
2396 490 2495 555 τὰς
2524 486 2765 545 ἀπίστων
2795 488 3036 566 γαμετὰς
3063 489 3154 545 καὶ
3183 486 3367 545 τεκνία

320 589 438 645 alio
470 588 800 658 translatis,
834 587 1037 659 procul
1068 586 1365 642 Melenico.

2267 579 2612 657 Ηορῥωτάτω
2643 580 2753 641 θεὶς
2786 576 2975 644 ἄστεος
3007 577 3334 651 Μελενίκου,

319 677 806 736 Thessalonicam
837 676 999 733 illinc
1029 680 1120 732 est
1151 692 1457 732 reversus:

2080 670 2222 726 9020
2263 671 2497 733 Ἐκεῖθεν
2529 671 2657 738 ἧκεν
2693 667 2768 730 είς
2802 666 3258 723 Θεσσαλονικέωνο

316 769 474 824 unde
502 766 857 824 transmisso
889 766 1029 820 Axio
1062 766 1374 836 profundo,

312 859 581 916 Bodenos
607 857 767 912 venit
797 854 970 927 aquis
1001 856 1411 910 abundantes:

313 945 415 1000 ubi
446 945 724 1001 laborans
755 944 976 999 ventris
1009 942 1334 1010 doloribus,

308 1034 556 1107 paulum
586 1041 891 1106 propterea
913 1033 1179 1088 substitit
1208 1032 1439 1088 diebus.

309 1123 445 1179 Mox
478 1127 799 1191 recreatus,
830 1121 1130 1193 Prilapurn
1161 1121 1388 1191 invisit,

307 1213 408 1268 ubi
440 1230 557 1269 non
591 1212 796 1284 paucis
828 1212 1089 1284 perstitit
1115 1211 1347 1267 diebus.

302 1300 524 1357 Deinde
554 1301 791 1357 transiit
823 1301 895 1356 ad
932 1300 1206 1356 Belesum
1243 1299 1563 1371 oppidum;

304 1402 509 1455 contra
541 1400 699 1471 quod
734 1398 1032 1454 machinis
1064 1397 1299 1453 bellicis
1326 1397 1586 1466 directis,

305 1489 365 1544 in
399 1488 760 1545 deditionem
785 1504 921 1543 mox
953 1487 1108 1543 cives
1132 1487 1376 1558 accepit,

306 1578 406 1650 qui
440 1578 681 1634 obtenta
707 1577 929 1649 nequid
962 1580 1301 1649 paterentur
1330 1576 1445 1631 fide

303 1670 492 1723 semet
522 1684 589 1722 ac
624 1667 911 1740 oppidum
946 1666 1347 1739 permiserunt
1375 1664 1611 1722 Caesari.

301 1757 693 1822 Quamobrem
727 1756 846 1811 arci
882 1756 1162 1828 imposito
1191 1755 1484 1827 presidio,

303 1864 410 1922 per
439 1848 871 1920 Nautzapoleo‘s
903 1848 1130 1903 aridam
1170 1848 1494 1919 regionem,

301 1958 458 2015 aqua
486 1941 762 1997 laborans
794 1944 969 2013 atque
1002 1942 1357 2007 commeatu,

308 2046 459 2102 aegre
488 2029 754 2102 pervenit
784 2032 986 2085 tamen
1018 2030 1088 2084 ad
1123 2029 1329 2084 urbem
1352 2028 1589 2098 Serras;

307 2120 410 2175 ubi
443 2136 512 2175 ex
542 2119 778 2177 Oriente
809 2118 1024 2175 litteris
1056 2118 1322 2191 perlatis,

309 2210 538 2265 Turcas
571 2212 782 2281 agente
815 2208 1254 2264 Tacharionum
1287 2208 1482 2263 denuo

302 2298 627 2369 periclitari
660 2297 944 2369 intelligit
964 2302 1021 2353 et
1051 2296 1413 2353 conturbari.

303 2387 468 2452 Quod
500 2386 603 2441 ubi
625 2387 819 2443 Caesar
851 2385 1030 2456 novit,
1064 2403 1239 2442 cursu
1269 2385 1520 2454 concito,

302 2476 591 2548 processit
621 2477 748 2531 sine
780 2493 947 2531 mora
979 2477 1049 2531 ad
1086 2476 1344 2531 Hebrum
1376 2476 1599 2531 ﬂumen
1627 2493 1641 2531 :

302 2574 405 2630 ubi
436 2590 733 2629 rumorem
768 2573 985 2630 falsum
1017 2590 1150 2629 esse
1180 2573 1540 2646 intelligens.

301 2664 373 2717 de
399 2661 608 2718 itinere
640 2666 916 2733 suscepto
950 2661 1222 2718 nonnihil
1254 2662 1495 2718 devians

305 2751 779 2825 Didymotichum
813 2751 1063 2808 contulit
1092 2767 1155 2807 se
1184 2752 1244 2807 in
1273 2751 1503 2823 urbem,

298 2842 512 2897 deinde
543 2841 615 2896 ad
641 2840 925 2914 inclytam
958 2842 1079 2897 Had
1092 2840 1445 2913 rianOpolin,

1992 1866 2040 1932 B

2258 760 2382 834 ’Λφ’
2414 758 2477 813 οὗ
2509 758 2748 833 περάσας
2783 757 2985 827 Ἀξειὸν
3024 754 3317 833 βαθυδίνην

2257 849 2424 905 "Actu
2456 844 2716 917 Βοδηνῶν
2753 844 3114 922 ὑδατόρῥυτον
3143 848 3347 924 φθάνει’

2253 938 2417 993 Ἒνθα
2446 939 2679 1008 νοσήσας
2708 935 2993 992 κοιλιακόν
3025 957 3079 990 τι
3108 936 3297 1006 πάθος,

2255 1027 2468 1102 Μικρόν
2491 1047 2543 1079 τι
2575 1027 2747 1102 χώρῳ
2778 1026 3075 1101 προσμένει
3101 1025 3298 1081 τούτου
3331 1025 3511 1102 χάριν.

2076 1118 2222 1171 9025
2260 1116 2393 1172 Εἶτα
2425 1114 2615 1191 ῥαῖσας
2649 1116 2778 1170 ἄστυ
2811 1114 3142 1190 [Ιριλλάπου
3179 1114 3391 1191 βλέπει,

2253 1205 2331 1261 Οὗ
2365 1202 2637 1279 διαγαγὼν
2668 1204 2767 1259 οὐκ
2808 1203 2994 1278 ὀλίγας
3024 1204 3253 1279 ἡμέρας,

2255 1295 2359 1349 Ἐπ
2390 1293 2665 1369 στρατεύει
2698 1293 2920 1366 Βελεσῷ
2948 1314 3050 1347 τινι
3083 1293 3266 1367 πόλει,

2256 1384 2645 1458 Καθαιρετικάς
2679 1383 2933 1458 μηχανάς
2963 1381 3293 1457 ἐπηγμένοις·

2251 1474 2455 1547 ’Ήνπερ
2487 1474 2865 1548 παρεστήσατο
2896 1471 2965 1546 τῇ
2998 1476 3291 1549 συμφωοίᾳ

2077 1573 2220 1628 9030
2258 1574 2370 1626 Τοῦ
2405 1572 2479 1643 μή
2512 1571 2585 1625 τι’
2604 1571 2790 1625 παθεῖν
2824 1568 2985 1646 ὅρκον
3020 1568 3406 1643 εἰσδεξαμένων

2257 1664 2383 1718 Τῶν
2416 1658 2570 1715 ἔνδον
2605 1657 2774 1716 ὄντων
2806 1660 2897 1715 καὶ
2926 1659 3240 1735 προδόντων
3272 1664 3372 1731 τήν
3404 1663 3589 1719 πόλιν.

2255 1751 2501 1806 Ἀπαντα
2529 1749 2708 1803 τοίνυν
2740 1751 2796 1803 εὖ
2830 1746 3031 1811 διαθεὶς
3066 1750 3356 1825 φρουρίου,

2252 1838 2349 1893 Διὰ
2380 1837 2822 1907 Ναυτζαπόλεως
2858 1836 3091 1913 ἀνύδρου
3116 1838 3287 1894 τόπου

2262 1930 2365 1983 Σὺν
2395 1928 2599 2003 ἀπορίᾳ
2629 1928 2718 1983 καὶ
2750 1933 2931 1984 ποτῶν
2960 1930 3050 1984 καὶ
3085 1930 3414 2005 βρωμάτων,

2079 2019 2220 2074 9035
2258 2018 2353 2081 Εἷς
2388 2018 2591 2093 Σέῤῥας
2620 2021 2718 2086 ἧκε
2748 2016 3045 2088 τληπαθῶς
3077 2018 3222 2089 πλὴν
3256 2021 3354 2089 τήν
3386 2018 3549 2077 πόλιν

2252 2110 2416 2172 Ἔνθα
2447 2109 2657 2185 γραφὴν
2693 2104 2909 2163 δέδεκτο
2939 2108 3076 2181 πρὸς
3104 2112 3212 2163 τῶν
3236 2109 3285 2182 ἐξ
3315 2108 3409 2170 ἔω.

2252 2200 2375 2255 ’Ότι
2404 2196 2471 2253 τὰ
2500 2197 2762 2272 Τούρκων
2795 2199 2930 2274 πρὸς
2962 2198 3248 2274 Ταχαρίων
3281 2196 3469 2264 ἔθνους

2255 2286 2588 2360 Κυμαίνεται
2620 2291 2710 2341 νῦν
2743 2287 2831 2341 καὶ
2862 2287 3182 2363 ταράσσεται
3214 2288 3403 2349 πάλιν,

2248 2380 2430 2434 Ταῦτα
2462 2374 2731 2452 διαγνοὺς,
2764 2378 3172 2451 συντεταγμένῳ
3205 2376 3397 2453 δρόμῳ

2073 2475 2216 2530 9040
2255 2472 2527 2549 Πέφθακεν
2561 2470 2735 2544 Εὗρον
2764 2472 2855 2525 τὸν
2889 2474 3135 2546 ποταμὸν
3171 2473 3221 2528 ἑν
3244 2475 3425 2549 τάχει’

2252 2561 2329 2619 Οὗ
2364 2562 2589 2633 μήνυμα
2619 2563 2782 2635 γνοὺς
2813 2560 3029 2636 ἀερεκές
3064 2564 3140 2634 μὴ
3172 2566 3488 2639 τυγχάνειν,

2248 2646 2450 2724 Τρίϐου
2479 2648 2841 2723 παρεκκλίνας
2863 2671 2915 2704 τι
2948 2647 3356 2725 καταλαμϐάνει

2252 2736 2648 2813 Διδυμότειχον
2684 2738 3080 2812 ὠνομασμένην
3112 2740 3296 2796 πόλιν’

2244 2831 2379 2885 Εἶτα
2409 2824 2666 2898 κυδίστην
2701 2825 2991 2904 Ἀδριανοῦ
3018 2831 3118 2898 τήν
3150 2830 3337 2887 πόλιν.

2071 2920 2215 2973 9045
2254 2916 2357 2973 Καὶ
2388 2914 2555 2972 πάλιν
2588 2916 2905 2994 ἐστράτευσε
2928 2920 3065 2973 κατά
3094 2920 3416 2992 Τζεπαίνης·

295 3021 396 3076 sed
428 3035 565 3075 cum
597 3019 746 3075 nihil
779 3020 1087 3092 proﬁceret
1118 3035 1387 3075 reversus
1419 3024 1509 3074 est

2245 3008 2345 3060 Καὶ
2381 3005 2678 3079 μηδοτιοῦν
2714 3004 3009 3083 δεδρακὼς,
3045 3009 3368 3088 ὑποστρέφει

298 3109 370 3165 ad
404 3108 704 3164 munitum
738 3108 1023 3181 oppidum
1051 3108 1573 3181 Didymoticbum:

2241 3094 2392 3150 Κατὰ
2424 3093 2817 3170 Διδυμότειχον
2852 3096 3068 3173 ἀσφαλῆ
3100 3097 3285 3154 πόλιν·

292 3197 395 3253 ubi
428 3197 627 3253 relicto
655 3214 772 3254 non
806 3198 1035 3253 modico
1068 3196 1323 3253 exercitu

1981 3226 2023 3292 Ο
2245 3186 2407 3241 Ἔνθα
2437 3183 2715 3247 λελοιπὼς
2752 3187 3002 3263 στρατιάν
3036 3187 3097 3242 οὐ
3132 3192 3377 3266 μετρίαν,

2244 3277 2279 3292 ,ι
2323 3275 2338 3292 κ
2607 3274 2617 3291 1
2867 3277 2879 3292 .
2970 3276 3012 3292 η
3372 3281 3377 3292 .

296 3301 431 3341 cum
464 3285 714 3341 ducibus
737 3289 794 3341 et
823 3284 1021 3356 oppidi
1046 3284 1415 3354 custodibus,

1983 3274 2023 3292 υ
2243 3275 2338 3330 Καὶ
2374 3274 2767 3350 ταγματάρχας
2796 3277 2882 3331 καὶ
2918 3276 3161 3353 φύλακας
3185 3281 3470 3357 φρουρίου,

295 3374 533 3431 Lascari
565 3373 857 3443 Manuele,
891 3379 949 3430 et
978 3375 1292 3446 Margarite

290 3463 531 3519 homine
560 3466 862 3520 rusticano
894 3468 951 3519 et
980 3464 1143 3535 pulte
1169 3463 1311 3519 alito

287 3552 744 3625 Neocastrisque
775 3554 1062 3625 originem
1092 3552 1399 3620 trahente;

296 2934 350 2985 et
380 2930 452 2985 ad
482 2931 828 3002 ’I‘zepaenam
861 2930 1321 3003 oppugnandam
1354 2929 1559 2997 rediit;

2061 3374 2203 3428 9050
2242 3372 2501 3441 Μανουήλ
2533 3375 2621 3428 τὸν
2655 3375 2926 3449 Λάσκαριν
2954 3378 3045 3431 καὶ
3078 3379 3437 3455 Μαργαρίτην

2237 3463 2529 3537 Ἀγροῖκον
2555 3460 2721 3537 ἄνδρα
2749 3466 2999 3537 πιτύροις
3024 3468 3394 3542 τεθραμμένον

2238 3552 2333 3608 Ἐκ
2362 3552 2716 3627 Νεοκάστρων
2753 3553 2932 3628 σείρὰν
2964 3551 3197 3610 ἕλκοντα
3226 3558 3436 3632 γένους·

293 3643 538 3714 insuper
564 3642 703 3697 belli
729 3642 935 3698 ordine
970 3642 1334 3713 praescripto;

291 3730 459 3786 illinc
491 3731 803 3787 discedens
838 3731 1285 3803 Hellespontum
1318 3731 1577 3799 transiit,

296 3829 705 3901 stationesque
735 3828 1036 3902 Lampsaci
1068 3829 1413 3885 constituit:

300 3917 403 3972 ubi
429 3933 568 3974 suos
600 3918 779 3975 duces
813 3917 986 3975 celsis
1018 3917 1404 3990 dignitatibus

299 4006 482 4073 auxit,
514 4009 760 4077 ornavit,
796 4008 1153 4080 praemiaque
1183 4007 1503 4063 distribuit.

297 4096 608 4169 Georgium
640 4099 880 4170 quidem
908 4098 1081 4168 vulgo
1114 4096 1483 4153 Muzalonem

291 4187 722 4256 protovestiarii
755 4192 812 4245 et
842 4187 1023 4244 simul
1055 4186 1449 4259 protosebasti

289 4292 395 4331 nec
428 4293 544 4333 non
576 4277 1075 4349 stratopedarchae
1107 4276 1333 4332 orvavit
1366 4274 1593 4332 titulis:

286 4363 467 4436 hujus
498 4370 693 4422 autem
728 4366 968 4422 fratrem
990 4365 1418 4432 Andronicum,

285 4453 485 4526 magni
513 4455 751 4510 donavit
780 4454 973 4511 ofﬁcio
1006 4453 1352 4509 domestici:

281 4542 573 4615 Angelum
601 4542 856 4614 denique
883 4543 1022 4599 fecit
1052 4546 1557 4614 protostratorem.

279 4629 385 4684 His
417 4629 567 4685 actis
598 4629 917 4701 imperator
948 4632 1350 4687 revertebatur

276 4718 349 4772 ad
384 4733 560 4774 suum
592 4719 785 4789 regale
814 4719 1118 4792 Nymphaei
1153 4719 1475 4791 palatium:

274 4806 373 4861 ubi
406 4823 510 4879 per
540 4808 749 4865 hiemis
771 4814 1038 4881 tempora
1059 4815 1347 4877 versatus,

269 4912 402 4951 vere
429 4903 739 4971 appetente
768 4900 1091 4969 exercitum
1124 4899 1358 4972 collegit

266 4984 646 5043 innumerum
677 4990 1008 5059 pedestrem
1043 4994 1221 5061 atque
1252 4994 1610 5060 equestrem,

262 5080 605 5132 concretum
639 5077 860 5145 Moesis,
893 5079 1079 5149 Italis,
1106 5084 1280 5151 atque
1312 5078 1563 5150 Scythis.

262 5173 554 5246 praecipue
586 5178 784 5232 tamen
817 5177 958 5233 viris
990 5177 1179 5234 nostri
1211 5177 1480 5247 generis:

261 5262 643 5335 dirigensque
674 5266 783 5321 iter
804 5266 864 5322 in
892 5268 1273 5338 occidentem,

256 5351 769 5425 Helespontiacam
803 5355 1180 5427 Lampsacum
1215 5358 1478 5413 devenit:

260 5440 361 5496 ubi
392 5441 620 5499 cladem
656 5445 947 5500 exercitus
976 5446 1263 5501 intellexit

251 5531 601 5604 ducumque
628 5534 971 5589 relictorum
1008 5535 1421 5605 Didymotichi.

250 5619 397 5675 Nam
433 5622 658 5678 Caesare
690 5623 749 5678 in
777 5623 1112 5694 longinquis
1143 5625 1380 5680 absente
1408 5624 1578 5697 locis,

245 5723 341 5762 rex
375 5708 767 5783 Bulgarorum
801 5713 1131 5786 conscripta
1153 5714 1501 5786 Scytharum

1967 4597 2015 4658 D

2237 3641 2336 3695 Καὶ
2368 3644 2697 3713 νουθετήσας
2728 3648 2860 3719 σφᾶς
2895 3641 3083 3699 δέοντα
3111 3647 3248 3720 πρὸς
3283 3648 3457 3725 μάχα³

2240 3732 2478 3788 Ἐκεῖθεν
2510 3730 2642 3808 ἄρας
2672 3730 3080 3804 Ἑλλήσποντον
3115 3732 3295 3796 διέϐη·

2056 3823 2199 3879 9055
2241 3822 2337 3875 Καὶ
2372 3823 2573 3892 σκηνὰς
2606 3821 2771 3877 αὐτοῦ
2800 3824 3030 3899 πηγνύει
3062 3826 3198 3912 πρὸς
3224 3828 3534 3902 Λαμψάκῳ,

2236 3912 2342 3969 Καὶ
2372 3913 2499 3976 τοὺς
2530 3914 2614 3989 ὑφ’
2651 3915 2815 3969 αὑτὸν
2848 3914 3018 3985 ἀξίαις
3051 3916 3373 3992 ὑπερτάταις

2233 4007 2396 4075 Τιμᾷ,
2428 3999 2665 4057 κυδαίνει
2702 4000 2907 4077 δωρεάς
2937 4025 2995 4059 τε
3019 4007 3337 4081 προσνέμει.

2235 4092 2503 4167 Γεώργιον
2542 4093 2637 4165 μὲν
2668 4092 3015 4162 Μουζάλωνα
3043 4096 3345 4169 τούπίκλην

2233 4176 2739 4256 Πρωτοϐεστιάριον
2771 4179 3103 4239 ἀναδεικνυει

2053 4279 2196 4334 9060
2237 4274 2694 4351 Πρωτοσεϐαστὸν
2720 4282 3204 4360 στρατοπεδάρχην
3237 4286 3426 4362 μέγαν·

2234 4365 2585 4443 Ἀνδρόνιλον
2613 4368 2670 4425 δὲ
2701 4371 2954 4447 σύγγονον
2985 4374 3183 4430 τούτου
3224 4375 3389 4433 πάλιν

2230 4459 2406 4534 Μέγαν
2435 4458 2819 4533 κατωνόμασεν
2852 4461 2901 4517 ἐν
2933 4460 3303 4537 δομεστίκοις·

2228 4548 2335 4605 Τὸν
2370 4548 2638 4625 ’Ἄγγελον
2674 4547 2731 4606 δὲ
2760 4556 3237 4632 πρωτοστράτωρα
3257 4555 3422 4613 πάλιν

2222 4640 2403 4695 Ταῦτα
2437 4636 2714 4714 δεδρακὼς
2751 4641 3007 4718 βασιλεὺς
3042 4644 3365 4724 ὑποστρέφει

2045 4728 2188 4783 9065
2226 4729 2369 4802 Πρὸς
2400 4729 2711 4803 βασιλείους
2737 4731 2864 4794 τοὺς
2894 4732 2946 4787 ἐν
2969 4736 3245 4811 Νυμφαίῳ
3279 4734 3487 4811 δόμους

2221 4818 2298 4875 Οὗ
2331 4815 2605 4896 διαγαγὼν
2638 4824 2958 4897 χειμερινὰς
2989 4825 3221 4899 ἡμέρας,

2221 4910 2389 4982 Ἠρος
2418 4910 2674 4986 φανέντος
2706 4912 2957 4986 στρατιὰν
2994 4913 3286 4978 συναλίσας

2218 4999 2601 5073 Μυριάριθμον
2627 5001 2854 5070 πεζικὴν
2886 5002 2947 5056 οὗ
2981 5004 3203 5059 ἱππότιν

2215 5088 2424 5149 Μυσοῖς
2455 5090 2959 5165 συγκροτουμένην,
2988 5093 3247 5162 Σκύθαις,

2036 5178 2178 5233 9070
2219 5175 2474 5235 Μάλιστα
2495 5178 2710 5233 πάντων
2742 5181 3025 5255 Ῥωμαϊκῇ
3059 5180 3292 5253 πληθύϊ,

2209 5267 2299 5329 Ὣς
2324 5267 2462 5341 πρὸς
2488 5265 2635 5322 δύσιν
2669 5266 2864 5325 ἔτεινεν
2895 5270 3129 5345 ὅρμημα
3156 5275 3397 5347 κράτωρ,

2211 5354 2309 5408 Καὶ
2342 5356 2642 5429 Λάμψακον
2674 5357 2941 5436 πέφθακεν
2976 5360 3437 5430 Ἑλλησποντίαν

2207 5445 2375 5508 Ἔνθα
2404 5466 2503 5519 περ
2532 5443 2668 5523 ἔγνω
2701 5450 2992 5523 συμῳοράν
3023 5452 3441 5525 στρατευμάτων

2203 5533 2309 5590 Καὶ
2338 5539 2446 5589 τῶν
2483 5543 2797 5611 στρατηγῶν
2829 5542 2936 5593 τῶν
2971 5540 3023 5593 ἐν
3056 5538 3467 5617 Διδυμοτείχῳ.

2018 5626 2162 5681 9075
2206 5622 2354 5677 Ἐπεὶ
2384 5623 2484 5699 γὰρ
2517 5627 2657 5695 ἀπῆν
2694 5626 2950 5701 βασιλεὺς
2986 5631 3195 5705 μακρὰν
3222 5632 3418 5704 τόπου,

2195 5714 2255 5770 Ὁ
2285 5714 2672 5791 Βουλγαράναξ
2705 5715 2763 5772 ἐκ
2795 5718 3014 5774 Σκυθῶν
3050 5717 3340 5785 συναλίσας
