4076 6428
361 446 471 503 333

540 563 806 630 Χιλιάδας
829 566 1114 641 τέτταρας,
1144 561 1252 619 εἴτε
1279 562 1371 618 καὶ
1401 560 1595 632 πλέον,

541 657 685 715 Κατά
713 656 928 733 Θρᾴκης
957 653 1215 729 πέπομφε
1253 656 1477 728 χωρῶν,
1509 651 1712 707 ἀστέων
1745 669 1758 682 '

537 750 605 806 Οἳ
638 747 775 823 πρὸς
808 746 1056 818 ποταμὸν
1086 744 1313 818 Ῥηγῖνα
1340 740 1662 818 κεχυμένοι,

351 842 498 899 9080
535 837 770 894 Ἀπαντ’
801 832 1019 890 ἐποίουν
1056 833 1330 901 Σκυθικὴν
1358 830 1592 908 ἐρημίαν
1628 850 1642 865 ο

542 930 709 992 Ἔνθα
740 923 1035 1001 στρατηγοὶ
1067 928 1381 998 προσταγῆς
1414 920 1686 997 βασιλέως

539 1017 649 1072 Οὐκ
678 1012 798 1070 οἶδα
826 1014 877 1069 τί
905 1013 1167 1078 παθόντες
1197 1010 1611 1083 ἐκλελησμένοι,

541 1108 831 1183 Ἐπαφιᾶσι
853 1104 952 1172 τήν
987 1102 1237 1178 στρατιάν
1270 1106 1386 1162 τοῖς
1422 1099 1654 1164 Σκύθαις
1690 1118 1705 1132 ο

542 1195 867 1273 Συρῥήξεως
899 1190 991 1247 οὖν
1022 1185 1308 1265 συμϐάσης
1340 1189 1638 1265 ἑκατέροις,

358 1291 497 1346 9085
537 1289 789 1344 Νικῶσαν
822 1283 1119 1357 ἠνέγκαντο
1154 1275 1441 1357 βαρϐάρων
1473 1278 1682 1357 στίφος,

537 1374 641 1433 Καὶ
671 1372 934 1428 κτείνεται
970 1371 1279 1446 στράτευμα
1306 1366 1593 1441 Ῥωμαίων
1627 1366 1765 1445 ξίφει
1802 1386 1814 1399 ⁸

541 1461 851 1521 Ἀλίσκεται
884 1459 942 1516 δὲ
966 1460 1320 1537 Μαργαρίτης
1351 1464 1468 1521 τοῖς
1503 1458 1738 1519 Σκύθαις

539 1552 781 1614 Πολλοῖς
814 1550 1027 1623 σύναμα
1056 1548 1145 1603 καὶ
1176 1549 1538 1623 πιπράσκεται
1568 1547 1749 1626 σφίσιν
1785 1565 1798 1579 ·

537 1646 600 1697 '0
628 1641 789 1716 γνοὺς
819 1642 847 1695 ὁ
878 1642 1088 1715 κρατῶν
1119 1639 1502 1712 καταταχήσας
1537 1635 1730 1712 δρόμῳ

358 1736 504 1791 9090
544 1728 993 1808 Βουλγαροφύγῳ
1022 1726 1391 1805 προσπελάζει
1423 1726 1667 1803 φρουρίῳ

538 1822 636 1877 Καί
664 1841 809 1880 τινας
840 1820 1012 1894 εὑρὼν
1050 1814 1339 1894 βαρϐάρων
1367 1817 1419 1871 ἐν
1453 1816 1648 1891 Βιζύῃ,

534 1915 737 1987 Ἔργον
767 1911 976 1979 σπάθης
1002 1908 1215 1979 τίθησιν
1249 1905 1445 1969 αὐτοὺς
1476 1908 1563 1960 καὶ
1598 1905 1803 1983 ξίφους,

540 2001 693 2070 Πλὴν
725 1993 1050 2055 καταΑαϐὼν
1080 1995 1173 2052 τόν
1201 1997 1447 2070 ποταμὸν
1478 1997 1725 2071 Ῥηγῖνα,

541 2092 758 2161 Σκηνὰς
789 2088 902 2145 ἐκεῖ
929 2089 1168 2163 πήγνυσι
1199 2088 1289 2142 καί
1320 2084 1623 2161 παραμένει
1657 2102 1671 2117 °

352 2186 501 2241 9095
537 2183 703 2239 Ἔνθα
732 2199 832 2254 περ
863 2179 1038 2252 Οὖρον
1069 2178 1269 2231 Ῥῶσον
1298 2176 1689 2250 ὠνομασμένον

534 2271 645 2329 Τὸν
674 2269 916 2325 Παιόνων
947 2268 1201 2344 πέπομφε
1234 2267 1376 2342 ῥῆγα
1408 2268 1463 2340 (8
1502 2269 1516 2337 )
1552 2263 1794 2335 Μυσάναξ

537 2361 681 2435 Πρὸς
712 2358 803 2413 τὸν
833 2358 1154 2432 κρατάρχην
1188 2353 1466 2431 Θεόδωρον
1502 2353 1779 2423 Αὐσόνων,

538 2452 629 2511 Ὠς
660 2447 721 2504 ἃν
756 2448 1050 2524 ἐρωτήσειε
1074 2446 1139 2501 τά
1164 2446 1299 2513 πρὸς
1330 2439 1647 2517 συμϐάσεις.

540 2538 872 2616 Ἀφιγμένος
895 2539 1027 2611 γοῦν
1060 2537 1261 2597 Ῥὦσος
1293 2535 1369 2596 ὡς
1402 2531 1633 2610 βασιλέα

349 2632 497 2688 9100
532 2631 625 2684 Ὧν
660 2625 920 2702 πενθερός
947 2646 1011 2701 γε
1043 2622 1373 2701 Βουλγάρων
1405 2622 1724 2699 ἀρχηγέτου

536 2716 730 2778 Καλῶς
761 2712 960 2790 ἐδέχθη
1002 2713 1092 2769 καὶ
1123 2713 1244 2769 λιαν
1278 2712 1654 2789 φιλοφρόνως,

537 2807 639 2864 Καὶ
671 2798 1028 2877 συμϐιϐάσεις
1059 2800 1271 2858 ἐκτελεῖ
1297 2804 1388 2856 σὺν
1422 2800 1631 2876 ὁρκίοις
1666 2820 1679 2834 '

533 2896 601 2953 At
632 2892 679 2950 δ’
710 2894 865 2963 ἦσαν,
900 2893 974 2954 ὡς
1008 2893 1285 2961 Τζέπαινα
1312 2888 1600 2964 Ῥωμαίων
1629 2888 1813 2965 κράτει

530 2985 672 3060 Πρὸς
705 2984 1033 3057 Βουλγάρων
1071 2983 1343 3057 ἄρχοντος
1376 2981 1548 3058 ἀφεθῇ
1580 2979 1745 3035 πάλιν
1782 2998 1797 3012 ⁸

357 3079 495 3133 9105
533 3074 755 3131 Τούτων
792 3070 1010 3148 βασιλεῖ
1036 3073 1174 3126 κατά
1201 3076 1329 3126 νοῦν
1356 3064 1778 3145 πεπραγμένων,

533 3166 704 3240 Ἄρας
736 3161 961 3231 ἐκεῖθεν,
993 3158 1398 3231 Θεσσαλονίκην
1437 3158 1653 3234 βλέπει,

524 3256 713 3329 Ἔχων
749 3252 865 3326 μεθ’
896 3251 1061 3307 αὐτοῦ
1090 3250 1180 3305 καὶ
1210 3249 1446 3326 Μιχαὴλ
1473 3245 1735 3305 δεσπότου

531 3343 798 3397 Σύνευθον
832 3340 945 3413 ἅμα
976 3338 1224 3419 φιλτάτῳ
1255 3339 1585 3414 Νικηφόρῳ,

532 3428 996 3504 Ὀδοιποροῦντας
1026 3426 1101 3490 εἷς
1134 3427 1436 3504 περάτωσιν
1465 3428 1679 3501 γάμων.

344 3524 493 3578 9110
532 3523 767 3578 ’Ήνυστο
798 3518 981 3573 τοίνυν
1010 3517 1077 3573 τά
1102 3522 1209 3572 τῶν
1234 3519 1425 3593 γάμων
1458 3516 1534 3580 ὡς
1564 3513 1682 3571 δέον
1715 3534 1728 3550 ⁸

529 3606 703 3665 Παῖδα
731 3609 1049 3684 κρατάρχου
1078 3605 1291 3680 Μαρίαν
1326 3604 1641 3680 Νικηφόρος

528 3698 679 3756 Κατά
706 3697 909 3772 νόμους
942 3697 1091 3772 σχὼν
1125 3697 1201 3758 ei:
1232 3698 1416 3771 γάμου
1445 3694 1757 3752 κοινωνίαν.

537 3789 690 3858 Πλὴν
722 3787 953 3863 πρόσθεν
981 3786 1245 3842 ἀπέλυσεν
1281 3783 1531 3839 Αὐσόνων
1556 3784 1741 3859 κράτει

542 3873 745 3954 Σέρϐια
776 3874 1084 3953 Δυρράχιον
1121 3876 1277 3935 οὗτος
1308 3870 1578 3942 δεσπότης

344 3970 494 4025 9115
533 3966 662 4042 Περὶ
692 3964 949 4042 γυναικὸτ
978 3963 1200 4020 δειλιῶν
1232 3964 1319 4019 καὶ
1355 3962 1619 4041 φιλτάτου
1654 3980 1670 3998 ο

534 4057 621 4113 Ἐν
646 4052 832 4110 τοῖσδε
863 4051 1145 4129 διάγοντος
1178 4052 1407 4113 ἄνακτος
1437 4052 1582 4122 τότε,

539 4146 760 4220 Γραφήν
791 4163 874 4206 τις
907 4141 1253 4220 ἐκπέπομφέν
1284 4142 1335 4195 οἱ
1369 4140 1657 4204 Βιθυνόοεν

541 4233 847 4304 Διεξιοῦσαν
882 4232 957 4294 ὡς
988 4228 1299 4304 ἀποδράσας
1333 4227 1450 4305 ἔχει

532 4322 673 4396 Πρὸς
708 4319 969 4396 Περσίδος
998 4327 1100 4396 γῆν
1132 4319 1354 4397 ἡγεμὼν
1388 4316 1607 4376 Βιθυνία

352 4414 500 4470 9120
539 4407 919 4485 Ηαλαιολόγος
955 4409 1186 4484 Μιχαὴλ
1218 4409 1627 4482 Κομνηνόπαις.

537 4501 693 4555 Τοῦτ’
724 4500 962 4569 άνακυκᾷ
991 4496 1217 4573 καρδίαν
1253 4497 1523 4574 βασιλέως
1559 4515 1573 4530 ⁶

536 4590 730 4661 ’Όμως
758 4589 935 4644 ἀπιὼν
971 4588 1025 4644 ἐν
1056 4591 1199 4665 φυγῇ
1230 4587 1368 4663 πρὸς
1398 4584 1635 4659 Περσίδα

541 4678 754 4752 Γράμμ⁹
788 4678 1107 4754 ὲγχαράττει
1138 4674 1471 4751 προστάταις
1503 4673 1762 4738 Βιθυνίας

543 4768 629 4822 Ἐν
662 4767 1005 4845 ὑπογιοαφαῖς
1027 4764 1352 4844 ἀσφαλισθὶν
1383 4761 1550 4825 ἰδίαις
1584 4781 1598 4795 ο

354 4860 505 4915 9125
546 4860 868 4933 Διαγορεῦον
904 4856 979 4918 ὡς
1010 4857 1249 4917 Ἐκείνος
1285 4854 1378 4927 μέν
1410 4853 1557 4925 τάχα

544 4944 740 5020 Φεύγει
774 4942 968 5006 δεδιὼς
1003 4945 1105 5012 τήν
1137 4938 1318 4999 σϐέσιν
1350 4946 1457 4997 τῶν
1493 4940 1757 5014 ὀμμάτων
1789 4958 1804 4974 ο

542 5034 707 5092 Αὐτοὶ
737 5031 786 5088 δ’
817 5032 1011 5109 ἔχεσθε
1034 5035 1311 5108 νουνεχῶς
1338 5029 1446 5087 τῶν
1478 5029 1843 5106 πραγμάτων,

544 5122 652 5181 Καὶ
677 5123 849 5179 πάντα
881 5122 1044 5199 δρᾶτε
1072 5123 1208 5198 πρὸς
1233 5120 1484 5200 φυλακὴν
1514 5121 1718 5176 ἀστέων

544 5215 739 5290 Χώρας
768 5234 827 5268 τε
859 5211 1086 5283 λοιπῆς,
1112 5211 1267 5289 φησὶ,
1302 5212 1389 5266 καὶ
1423 5211 1862 5285 στρατευμάτων.

349 5308 502 5364 9130
542 5303 711 5361 Τουτὶ
742 5304 1001 5377 κομισθέν
1030 5302 1120 5358 τὸν
1153 5302 1472 5377 κρατάρχην
1505 5298 1697 5370 ἡδύνει
1732 5319 1746 5332 ·

548 5390 705 5462 Πλήν
736 5389 940 5454 διαθεὶς
975 5392 1033 5446 εὖ
1062 5392 1129 5446 τά
1158 5392 1276 5445 καθ’
1302 5389 1528 5464 ἑσπέραν
1558 5390 1708 5461 ἄναξ,

544 5481 699 5538 Meti
730 5487 983 5556 στρατιᾶς
1016 5480 1263 5557 ἐκτρέχει
1296 5479 1432 5554 πρὸς
1463 5479 1561 5547 τὴν
1594 5475 1667 5532 ἕω

546 5570 735 5626 Λιπὼν
765 5570 1108 5647 στρατηγοὺς
1137 5571 1276 5626 κατά
1306 5566 1709 5638 Θεσσαλονίκην

442 5720 557 5791 (85)
596 5717 742 5777 Falli
814 5718 1050 5775 videtur
1106 5716 1499 5790 Ephremiu‘s.
1540 5712 1876 5786 Acropoltia
1923 5712 2082 5770 enim
2143 5714 2285 5771 dicit
2331 5714 2489 5773 hunc
2548 5716 2729 5775 Urum
2791 5719 3057 5791 Ungariaa
3114 5721 3269 5794 regis
3322 5739 3629 5797 generum,
3682 5744 3798 5784 non

374 5807 601 5866 regem.

1891 436 2257 492 CESARBS.

2043 562 2100 629 Α
2130 559 2295 616 milla
2321 560 2501 617 ferme
2528 561 2784 631 quatuor
2812 562 2913 616 aut
2934 560 3108 617 etiam
3143 562 3318 634 plura

2121 667 2224 722 per
2252 651 2508 707 Thracia)
2539 649 2790 705 immisit
2818 654 3004 706 terras
3036 656 3213 724 atque
3239 652 3413 709 urbes
3439 668 3453 708 :

2118 741 2219 812 qui
2251 742 2403 797 circa
2433 741 2675 811 ﬂumen,
2709 740 2803 796 cui
2835 759 3046 799 nomen
3079 745 3320 815 Regina,

2116 830 2247 903 vagi
2280 830 2542 903 palantes
2574 830 2773 886 omnia
2794 834 3271 905 corrumpebant.

2117 921 2278 976 Tunc
2311 921 2496 977 nostri
2528 921 2727 990 duces,
2762 921 3008 977 Cesaris
3042 923 3319 979 mandato

2119 1009 2315 1066 nescio
2346 1026 2459 1081 quo
2484 1014 2651 1081 pacto
2682 1010 2959 1066 oblivioni
2992 1013 3224 1081 tradito,

2120 1117 2255 1156 cum
2289 1101 2412 1155 suis
2444 1101 2627 1171 copiis
2660 1100 3085 1171 aggrediuntur
3105 1101 3391 1174 Scythas:

2119 1196 2176 1247 et
2197 1191 2322 1261 jam
2355 1189 2631 1261 utrinque
2664 1190 2842 1246 armis
2875 1191 3394 1262 concurrentibus,

2117 1280 2367 1335 barbara
2398 1279 2655 1351 phalanx
2683 1279 2882 1334 retulit
2913 1280 3237 1349 victoriam,

2120 1385 2422 1439 eassusque
2454 1374 2653 1423 noster
2684 1368 2793 1423 fuit
2821 1368 3016 1440 gladio
3048 1371 3337 1427 exercitus
3363 1388 3376 1426 :

2120 1459 2246 1530 ipse
2276 1459 2417 1529 quin
2451 1457 2626 1513 etiam
2654 1459 2998 1530 Margarites
3032 1460 3266 1531 capitur

2120 1563 2255 1603 cum
2288 1545 2421 1602 aliis
2452 1546 2677 1613 multis,
2709 1552 2884 1618 atque
2916 1564 2949 1603 a
2978 1548 3207 1621 Scythis
3238 1550 3531 1606 venditur.

2119 1636 2309 1692 Caesar
2340 1653 2401 1692 re
2424 1637 2678 1709 cognitu,
2715 1636 2971 1693 subditis
3003 1638 3333 1695 calcaribus

2121 1727 2193 1781 ad
2223 1741 2419 1781 arcem
2454 1726 2967 1798 Bulgarophygum
3002 1729 3259 1783 accurrit
3292 1728 3496 1785 statim
3526 1747 3539 1785 :

2123 1816 2421 1888 Byziaaque
2453 1820 2662 1871 nactus
2692 1815 3029 1887 aliquantos
3056 1818 3358 1887 barbaros,

2044 1922 2093 1987 Β
2122 1906 2423 1964 occidione
2448 1923 2653 1962 omnes
2685 1906 2880 1979 gladio
2913 1908 3147 1964 occidit.

2123 1996 2334 2053 Verum
2367 2011 2718 2068 progressus
2749 1997 2820 2051 ad
2856 1996 3140 2068 Reginam
3173 1998 3440 2071 ﬂuvium,

2119 2085 2436 2141 tentorium
2465 2084 2547 2139 ibi
2578 2085 2722 2153 ﬁxit,
2756 2090 2931 2157 atque
2964 2087 3251 2143 substitit.

2120 2176 2306 2245 Atque
2333 2173 2473 2230 illuc
2506 2178 2687 2229 Urum
2721 2181 3107 2247 cognomento
3136 2182 3361 2233 Rosum

2119 2265 2363 2320 Paeoniae
2395 2280 2590 2335 regem
2623 2264 2785 2321 misit
2818 2282 2914 2321 rex
2945 2266 3293 2339 Bulgaricus

2119 2353 2190 2408 ad
2223 2356 2545 2409 Romanum
2572 2352 2857 2409 Caesarem
2889 2354 3263 2411 Theodorum

2123 2447 2186 2497 ut
2219 2445 2290 2497 de
2327 2442 2679 2515 integranda
2710 2460 2852 2515 pace
2881 2444 3057 2500 verba
3084 2445 3319 2502 faceret.

2120 2532 2534 2603 Imperatorem
2566 2532 2747 2604 igitur
2777 2534 3127 2590 conveniens
3157 2535 3369 2603 Rosus,

2120 2621 2221 2692 qui
2251 2637 2417 2676 socer
2446 2625 2573 2676 erat
2603 2622 2928 2692 regnatoris
2960 2621 3220 2695 Bulgari,

2120 2714 2386 2766 amanter
2407 2714 2496 2765 est
2524 2714 2802 2781 exceptus
2834 2716 2891 2766 et
2923 2711 3267 2782 honoriﬁce,

2112 2800 2436 2870 juratazque
2469 2797 2631 2869 pacis
2660 2804 2803 2855 sunt
2832 2799 3197 2856 conditiones

2121 2904 2331 2959 nempe
2365 2893 2429 2943 ut
2458 2888 2720 2944 Romano
2752 2891 3089 2961 Tzepzenam
3132 2890 3379 2962 imperio

2121 2995 2220 3033 rex
2244 2977 2635 3049 Bulgarorum
2669 2978 2860 3034 denuo
2893 2981 3258 3036 concederet.

2120 3072 2241 3135 Qua
2275 3084 2334 3124 re
2367 3072 2599 3140 peracta
2629 3085 2698 3124 ex
2729 3069 2910 3125 animi
2942 3071 3256 3142 sententia,

2117 3157 2598 3214 Thessalonicam
2628 3157 2794 3213 illinc
2820 3160 3013 3215 Caesar
3042 3161 3221 3229 venit,

2034 3283 2080 3348 ο
2120 3248 2373 3347 despota;
2405 3262 2642 3318 quoque
2674 3246 2981 3303 Michaelis
3010 3247 3240 3348 habens

2119 3336 2179 3391 in
2211 3335 2493 3393 comitatu
2528 3353 2767 3392 uxorem
2800 3353 2933 3393 cum
2966 3336 3084 3393 filio
3116 3354 3223 3393 suo

2113 3426 2187 3482 ob
2219 3425 2583 3498 peragendas
2614 3426 2852 3497 nuptias
2883 3426 3230 3497 Nicephoro.

2114 3516 2263 3587 Ergo
2296 3516 2635 3587 nuptiarum
2679 3514 3011 3571 celebratur
3042 3516 3213 3587 ritus,

2114 3604 2356 3662 Caesaris
2388 3604 2571 3660 filiam
2605 3605 2847 3661 Mariam
2878 3605 3241 3678 Nicephorus

2116 3694 2378 3767 legitimo
2410 3694 2683 3766 conjugio
2716 3693 2830 3750 sibi
2861 3696 3115 3766 copulat.

2114 3785 2300 3839 Antea
2331 3787 2529 3839 tamen
2562 3788 2820 3839 cesserat
2847 3782 3097 3856 imperio

2119 3876 2319 3928 nostro
2355 3871 2738 3945 Dyrrachium
2770 3873 3228 3946 Serviorumque
3249 3879 3511 3933 castrum

2119 3964 2367 4034 despota
2400 3961 2561 4016 uxori
2595 3960 2832 4033 ﬁlioque
2868 3964 3108 4019 timens.

2119 4052 2271 4108 Dum
2290 4050 2351 4106 in
2383 4049 2492 4106 hoc
2522 4050 2715 4106 Caesar
2742 4055 3016 4107 versatur
3043 4052 3277 4124 negotio

2123 4141 2336 4212 accipit
2367 4140 2594 4195 litteras
2629 4139 2845 4196 missas
2871 4157 2941 4195 ex
2970 4141 3238 4214 Bithynia

2122 4229 2522 4302 signiﬁcantes
2554 4229 2887 4301 profugisse
2918 4230 2988 4285 ad
3022 4231 3243 4287 Turcas

2126 4318 2410 4392 Bithyniae
2435 4323 2718 4375 rectorem
2753 4318 3145 4393 Palazologum

2124 4408 2468 4465 Michaelem
2502 4408 2672 4464 illum
2704 4409 3021 4467 Comnenis
3048 4415 3251 4467 natum
3278 4428 3291 4468 :

2126 4516 2253 4572 quaa
2279 4515 2371 4554 res
2402 4499 2660 4555 turbavit
2686 4500 3056 4571 imperatoris
3084 4501 3373 4558 animum.

2128 4589 2273 4643 Cum
2304 4586 2402 4642 ille
2434 4592 2630 4643 tamen
2668 4588 2740 4643 ad
2771 4592 2991 4645 Turcas
3023 4590 3381 4663 profugeret,

2043 4652 2096 4717 D
2129 4676 2407 4733 schedam
2438 4676 2723 4749 Bithyniae
2756 4676 2996 4750 scripsit
3023 4652 3473 4751 magistratibus

2133 4781 2313 4835 quam
2345 4766 2580 4838 prepria
2613 4783 2795 4822 manu
2826 4768 3208 4825 subscribens
3242 4770 3533 4827 ﬁrmavit:

2133 4854 2500 4927 signiﬁcans,
2534 4871 2596 4911 se
2628 4855 2867 4927 quidem
2901 4862 3190 4914 extorrem
3224 4860 3333 4926 ire,

2133 4959 2204 4999 ne
2231 4948 2529 5017 pateretur
2559 4945 2863 5002 oculorum
2895 4949 3182 5004 damnum
3211 4968 3225 5017 ;

2134 5039 2408 5090 caeterum
2441 5034 2556 5105 ipsi
2589 5050 2715 5091 rem
2748 5036 3070 5107 prudenter
3096 5042 3393 5108 gererent,

2132 5128 2190 5177 et
2219 5122 2586 5177 custodirent
2614 5123 2822 5179 sedulo
2852 5123 3140 5181 civitates.

2135 5210 2619 5283 provinciamque
2648 5217 2706 5268 et
2736 5212 2954 5268 milites
2979 5219 3131 5270 recte
3163 5223 3458 5288 regerent.

2135 5302 2273 5366 Quae
2302 5316 2396 5356 res
2427 5303 2697 5358 nuntiata
2726 5301 3067 5374 imperatori
3100 5303 3331 5377 placuit
3357 5325 3370 5363 :

2125 5389 2373 5461 jamque
2405 5391 2689 5447 ordinatis
2722 5391 2781 5447 in
2813 5392 3117 5450 occidente
3149 5397 3352 5465 rebus,

2132 5479 2203 5534 ad
2232 5479 2517 5537 orientem
2546 5498 2676 5537 cum
2713 5482 2878 5538 mlite
2907 5484 3185 5555 excurrit,

2134 5567 2335 5624 relicto
2368 5570 2516 5626 duce
2546 5571 2980 5630 Thessalonicae

3674 436 3782 491 334
