4076 6432
280 412 389 466 335
1513 412 1886 468 EI‘HREMII
1924 410 2496 465 CHRONOGRAPHI

277 534 511 591 Lascari
546 532 838 591 Michaele
870 532 993 591 viro
1025 538 1289 603 strenuo,

272 622 498 695 Prilapi
528 626 727 678 autem
759 623 1022 679 Scuterio
1055 622 1230 696 Xylea

276 729 605 785 congruum
639 712 751 767 sibi
784 728 1106 783 cognomen
1141 716 1396 783 gerente.

279 803 515 858 Belesso
547 801 829 873 imposuit
858 800 1123 872 locisque
1152 801 1421 856 ﬁnitimis

278 893 582 948 custodem
614 892 983 947 Theodorum
1015 890 1445 962 Calampacem.

273 980 539 1053 Illyrium
573 979 827 1051 denique
855 979 1180 1035 Chabaroni
1205 979 1465 1035 tradidit.

272 1070 375 1125 His
406 1087 605 1141 super,
635 1086 868 1123 summo
902 1069 1213 1141 dignitatis
1244 1069 1429 1139 apice,

273 1161 580 1217 constituit
609 1161 925 1232 Georgium
958 1158 1342 1231 acropolitam

270 1250 536 1321 praetoris
558 1249 724 1305 titulo
758 1249 986 1319 pridem
1020 1253 1388 1305 exornatum.

269 1340 552 1412 Georgius
584 1338 679 1395 hic
712 1339 962 1395 contulit
992 1356 1054 1394 se
1087 1338 1464 1408 Berrhoeam,

271 1429 369 1484 ubi
400 1430 822 1503 exspectabant
857 1446 991 1484 eum
1026 1428 1203 1501 legati
1235 1443 1436 1500 papas:

270 1518 626 1590 quibuscum
662 1535 729 1573 ex
760 1517 1053 1573 sententia
1085 1516 1385 1589 negotium
1419 1515 1625 1588 gessit,

269 1624 486 1680 eosque
511 1607 784 1679 posthinc
816 1607 1041 1662 dimisit
1071 1605 1130 1661 in
1161 1606 1431 1677 patriam.

269 1696 492 1752 Deinde
524 1697 773 1752 accessit
805 1697 875 1752 ad
904 1695 1240 1752 Serviorum
1274 1700 1554 1764 castrum,

272 1785 734 1859 praeteriensque
765 1786 979 1859 oppido
1011 1785 1292 1855 Castoria,

269 1892 373 1947 per
400 1876 613 1930 Acbrin
647 1875 757 1930 iter
790 1874 1009 1930 faciens
1040 1874 1334 1930 Albanum
1361 1874 1539 1941 venit,

270 1968 446 2037 atque
478 1962 643 2019 illinc
677 1964 917 2019 demum
950 1964 1019 2019 ad
1056 1964 1261 2020 urbem
1293 1964 1659 2037 Epidaurum
1687 1981 1700 2020 :

269 2061 328 2116 in
363 2078 482 2133 qua
512 2060 817 2134 dispositis
849 2066 1024 2134 prout
1052 2062 1247 2117 visum
1281 2065 1371 2117 est
1403 2062 1603 2132 rebus,

264 2150 421 2206 viam
457 2167 736 2206 emensus
771 2168 873 2223 per
903 2150 1295 2217 Chunabiam,
1328 2154 1565 2217 Matem,

266 2239 528 2295 Citzabin
557 2243 733 2311 atque
761 2240 989 2296 Debren
1024 2257 1231 2311 parvas
1265 2240 1460 2305 urbes,

267 2332 332 2384 ut
362 2328 552 2399 potuit
584 2329 847 2400 pervenit
878 2330 950 2384 ad
983 2330 1188 2385 urbem
1221 2329 1545 2401 Prilapum.

267 2425 454 2489 Atque
487 2416 567 2473 ibi
597 2418 857 2474 versanti
890 2418 1233 2491 Acropolitae

266 2507 453 2562 tristis
485 2511 724 2578 repente
758 2525 960 2563 rumor
987 2514 1077 2563 est
1106 2507 1463 2580 intellectus,

259 2596 651 2651 Chabarorem
684 2595 909 2652 scilicet
936 2598 1392 2653 Constantinum

257 2685 315 2739 in
340 2684 695 2741 Caninorum
731 2685 1075 2742 conclusum
1109 2686 1372 2755 castello,

258 2793 291 2829 a
321 2792 530 2830 sonore
561 2776 760 2831 uxoris
797 2775 1106 2831 Michaelis
1138 2777 1393 2848 despota;

254 2864 439 2919 Maria
468 2864 776 2936 deceptum
814 2864 1036 2935 nuptiis
1068 2868 1127 2919 et
1157 2880 1377 2931 amore,

254 2953 521 3008 vinctum
551 2952 735 3008 teneri
771 2952 974 3008 ferreis
1007 2953 1415 3023 compedibus.

260 3048 501 3104 Interim
533 3065 667 3104 vero
701 3047 1045 3104 Michaelem
1081 3049 1387 3121 despotam

257 3137 422 3209 pacis
453 3153 585 3192 cum
620 3138 844 3193 Caesare
875 3135 1088 3193 violato
1112 3138 1272 3207 jure,

250 3224 535 3281 ditionem
573 3230 836 3281 nostram
870 3225 1051 3282 armis
1083 3243 1435 3282 concursare
1468 3244 1479 3279 :

241 3323 486 3394 jamque
517 3322 817 3378 invanisse
850 3327 1122 3378 cunctam
1154 3323 1551 3394 Pelagoniam,

250 3410 714 3480 universumque
748 3411 963 3484 Prilapi
995 3412 1380 3477 territorium,

250 3502 424 3559 unico
456 3508 697 3575 excepto
732 3503 946 3576 Prilapi
984 3504 1278 3574 praesidio,

251 3591 408 3664 quod
439 3596 634 3649 tamen
668 3592 856 3664 ipsam
881 3592 1211 3663 proditione
1241 3593 1414 3664 cepit.

250 3680 600 3751 acropolites
633 3686 828 3737 autem
858 3680 918 3735 in
952 3697 1082 3736 arce
1113 3681 1351 3753 degens,

248 3770 506 3840 quadam
540 3785 861 3825 conscensa
892 3768 1116 3825 castelli
1150 3771 1457 3843 turricula,

245 3859 546 3929 perstabat
577 3857 696 3913 illic
717 3874 738 3921 ;
771 3858 952 3914 donec
977 3858 1242 3929 juratam
1273 3860 1449 3916 ﬁdem

248 3946 462 4004 obtulit
495 3947 578 4003 illi
603 3949 870 4019 despota,
902 3948 1056 4003 force
1088 3947 1469 4021 incolumem,

253 4041 434 4111 atque
467 4038 537 4093 ad
574 4054 748 4094 suum
783 4037 1070 4095 Caesarem
1103 4038 1417 4095 dimissum
1451 4040 1544 4104 iri,

248 4127 415 4183 Tunc
446 4144 507 4182 se
538 4126 803 4197 permisit
831 4126 985 4182 hosti
1020 4143 1153 4182 cum
1181 4127 1487 4185 turricula.

249 4216 493 4272 Michael
531 4221 727 4272 tamen
761 4217 1007 4287 despota
1038 4217 1310 4287 perjurus

240 4305 453 4362 solidis
482 4305 649 4361 illum
684 4305 937 4361 vinculis
969 4305 1269 4362 astrinxit.

240 4397 384 4452 Ecce
416 4399 616 4451 autem
645 4395 899 4449 Michael
931 4398 1292 4450 Comnemus
1325 4394 1444 4465 ille,

240 4502 416 4557 quem
451 4500 602 4555 saepe
636 4484 987 4537 memoravit
1010 4482 1259 4539 historia
1286 4487 1508 4553 nostra,

241 4590 354 4629 non
381 4573 508 4627 sine
541 4575 912 4627 sacramento
945 4572 1005 4625 in
1037 4571 1211 4626 fidem
1246 4573 1487 4628 Caesaris

239 4678 445 4717 rursus
474 4664 774 4732 recuptus,
806 4677 840 4715 a
870 4660 1077 4715 Turcis
1111 4660 1478 4732 regreditur:

238 4756 294 4806 et
327 4768 460 4807 cum
483 4752 869 4808 Macedonum
904 4748 1162 4804 militum
1190 4750 1447 4805 exercitu

240 4842 297 4895 in
334 4841 696 4897 occidentem
732 4839 989 4895 mittitur
1012 4844 1217 4895 contra
1247 4840 1573 4911 despotam.

233 4945 287 4997 Is
320 4940 500 5013 igitur
531 4957 594 4996 se
625 4939 877 4996 contulit
907 4938 1392 4995 Thessalonicam
1422 4964 1436 5008 ;

230 5046 484 5101 moxque
514 5031 864 5101 conjunctus
897 5029 1164 5085 Michaeli
1200 5030 1433 5085 Lascari

230 5118 408 5175 simul
440 5118 499 5173 in
533 5135 742 5191 agrum
777 5118 1025 5173 incurrit
1056 5118 1375 5189 Berrhoeze,

168 5232 172 5235 Α
232 5213 408 5280 atque
441 5206 576 5263 inde
607 5208 867 5279 praedam
900 5208 1193 5263 abstrahit
1224 5208 1620 5266 innumeram.

229 5297 323 5353 Sic
354 5296 694 5368 perturbato
729 5295 811 5351 rei
847 5295 1096 5366 publicae
1128 5301 1306 5364 statu,

230 5385 526 5457 pessimus
554 5384 732 5439 etiam
765 5383 1161 5439 Triballorum
1194 5387 1469 5458 princeps

229 5475 500 5547 perjurus
531 5474 638 5543 vir,
670 5472 947 5539 crudelis,
980 5474 1355 5542 temerarius,

228 5563 386 5618 mille
418 5563 772 5634 conscriptis
805 5566 861 5617 et
891 5563 1141 5633 amplius
1176 5564 1489 5634 militibus,

230 5654 521 5708 Romanas
555 5657 744 5708 terras
776 5668 994 5724 vagans
1029 5653 1367 5708 infestabat.

227 5748 419 5812 Neque
449 5742 718 5799 cessabat
748 5741 805 5795 in
838 5741 1137 5798 occidente
1171 5741 1426 5799 Michael

1963 535 2017 601 Α
2227 528 2467 605 Μιχαὴλ
2494 526 2795 603 Λασκάριον
2829 522 2996 602 ἄνδρα
3025 521 3305 601 γεννάδαν,

2037 621 2179 675 9135
2222 622 2308 677 Ἐν
2341 618 2397 673 δὲ
2428 616 2737 693 Πριλλάπῳ
2770 614 3094 688 Σκουτέριον
3124 609 3335 667 Ξυλέαν

2222 707 2569 781 Ἐπωθυμίαν
2603 707 2800 779 ἀτρεκῆ
2837 699 3169 776 κεκτημένον
3207 722 3220 735 ·

2219 799 2303 854 Ἐν
2337 795 2383 851 δ’
2418 798 2479 851 αὖ
2513 796 2762 867 Βελεσσῖρ
2792 800 2907 856 τοῖς
2939 789 3256 866 περικύκλῳ
3283 789 3476 854 τόποις

2218 886 2446 941 Φύλακα
2476 884 2755 959 Θεόδωρον
2776 884 2867 939 τὸν
2903 882 3294 955 Καλαμπάκην
3328 900 3341 914 ·

2217 973 2507 1050 Ἰλλυριῶν
2544 972 2600 1029 δέ
2630 968 2912 1049 Χαϐἀρων²
2945 969 3261 1040 ἐπιστάτην.

2036 1074 2178 1129 9140
2221 1074 2359 1146 [ἱρὸς
2390 1070 2576 1127 τοῖσδε
2606 1070 2878 1147 Γεώργιον
2914 1066 3312 1144 Ἀκροπολίτην

2217 1164 2495 1237 Ἀρχοντα
2524 1164 2742 1216 πάντων
2776 1160 2865 1214 καὶ
2896 1156 3165 1234 πρόεδρον
3198 1154 3451 1226 δεικνύει,

2218 1252 2454 1326 Πρόσθεν
2484 1252 2720 1323 τιμήσας
2750 1253 2820 1322 τῇ
2850 1249 3162 1321 πραίτωρος
3198 1245 3335 1318 ἀξίᾳ.

2216 1341 2404 1403 Οὕτως
2440 1342 2634 1416 ἀφῖκτο
2666 1339 2805 1415 πρὸς
2834 1333 2996 1393 πόλιν
3028 1336 3379 1413 Βερῥοιαίων,

2213 1432 2443 1486 Κάκεῖσε
2473 1424 2726 1505 πρέσϐεις
2757 1426 3162 1503 προσμένοντας
3194 1429 3289 1480 τοῦ
3318 1427 3472 1480 πάπα

2033 1521 2175 1577 9145
2212 1521 2287 1577 Εὖ
2317 1520 2383 1574 τὰ
2413 1522 2527 1574 κατ’
2557 1518 2754 1580 αὐτοὺς
2788 1515 2991 1577 διαθεὶς
3025 1516 3207 1591 ὥσπερ
3239 1513 3380 1586 δέον,

2211 1611 2591 1685 Ύποστρέφειν
2624 1606 2847 1682 δέδρακε
2877 1606 3012 1682 πρὸς
3044 1606 3142 1673 τήν
3173 1602 3429 1679 πατρίδα.

2212 1698 2344 1754 Εἶτα
2375 1696 2660 1771 παρελθὼν
2696 1697 2957 1771 φρούριον
2990 1698 3100 1749 τῶν
3135 1689 3400 1768 Σερϐίων,

2217 1788 2318 1844 Καὶ
2352 1786 2646 1861 Καστορίαν
2680 1784 3029 1859 παραμείψας
3057 1784 3155 1851 τήν
3183 1781 3371 1855 πόλιν,

1956 1902 2002 1966 Β
2213 1879 2288 1932 Δι’
2323 1873 2585 1951 ’Λχρίδος
2616 1872 2881 1952 πέφθακεν
2916 1868 3185 1929 ’Λλϐάνου
3216 1873 3405 1944 τόπον,

2031 1970 2173 2023 9150
2210 1968 2467 2023 Κάκεῖθεν
2498 1968 2625 2034 ἧκεν
2663 1963 2739 2026 εἷς
2774 1961 3107 2036 Ἐπίδαμνον
3141 1961 3328 2035 πόλιν,

2208 2056 2372 2110 Κάκεῖ
2403 2052 2602 2116 διαθεὶς
2634 2053 2699 2108 τὰ
2728 2057 2863 2107 κατὰ
2890 2056 3016 2107 νοῦν
3048 2052 3123 2115 ὡς
3156 2048 3297 2121 δέον,

2209 2146 2307 2200 Διά
2339 2138 2641 2205 Χουναϐίας
2669 2164 2728 2197 τε
2757 2142 2846 2197 καὶ
2877 2142 3067 2211 Μάτης
3096 2141 3306 2209 τόπων,

2210 2228 2526 2303 Κιτζάϐεως
2556 2231 2759 2307 Δεόρης
2779 2252 2837 2286 τε
2865 2236 2973 2285 τῶν
3007 2229 3340 2304 πολιχνίων,

2208 2324 2295 2385 Ὠς
2328 2325 2448 2397 εἶχε
2478 2316 2770 2376 κατέλαϐεν
2806 2322 2935 2375 ἄστυ
2968 2317 3295 2395 Ιῐριλλάπου
3332 2338 3344 2350 ⁸

2025 2424 2168 2478 9155
2204 2423 2371 2485 Ἔνθα
2392 2414 2728 2490 διατρίϐοντι
2760 2420 2874 2472 κατ’
2909 2415 3036 2471 ἄστυ
3066 2414 3193 2471 τόδε

2205 2506 2543 2585 Δυσάγγελος
2578 2510 2737 2587 φήμη
2769 2529 2852 2570 τις
2882 2508 3012 2576 ἧκεν
3040 2505 3261 2582 ἀθρόον,

2202 2604 2325 2656 ’Ὁτι
2358 2619 2459 2674 περ
2492 2597 2657 2659 ἁλοὺς
2686 2593 2951 2673 Χαϐάρων
2986 2598 3397 2657 Κωνσταντῖνος

2204 2692 2287 2746 Ἑν
2319 2687 2633 2759 καστελλίῳ
2664 2686 2905 2742 Κανίνων
2934 2687 3071 2761 πρὸς
3106 2684 3320 2759 Μαρίας

2202 2776 2649 2853 Γυναικαδέλφης
2677 2776 2914 2851 Μιχαὴλ
2943 2779 3041 2830 τοῦ
3073 2772 3361 2846 δεσπότου,

2021 2872 2162 2926 9160
2202 2867 2640 2944 Ἐρωτοδέσμαις
2671 2865 2967 2937 ἀπατηθεὶς
2995 2866 3081 2920 καὶ
3115 2864 3275 2938 γάμῳ

2198 2960 2434 3033 Εὶρκτῆν
2467 2956 2823 3031 κατακέκριτο
2853 2954 3016 3010 κλοιὰ
3045 2955 3133 3009 καὶ
3164 2952 3351 3015 πέδας.

2198 3048 2299 3103 Καὶ
2328 3051 2626 3117 τηνικαῦτα
2656 3044 2888 3120 Μιχαὴλ
2923 3046 2950 3098 ὁ
2983 3042 3252 3113 δεσπότης

2196 3137 2308 3198 Τὰς
2336 3137 2471 3210 πρὸς
2497 3139 2796 3210 κρατοῦντα
2826 3129 3120 3206 συμϐάσεις
3149 3130 3432 3200 διαλύσας,

1943 3262 1983 3326 C
2201 3227 2395 3301 Χώρας
2430 3224 2587 3299 ἐπῄει
2617 3223 2932 3297 Ῥωμαϊκὰς
2963 3222 3054 3278 σὺν
3090 3220 3308 3291 ὅπλοις,

2022 3325 2167 3379 9165
2206 3321 2385 3375 Πᾶσάν
2415 3342 2473 3376 τε
2503 3318 2809 3393 κατέδραμε
2842 3317 3200 3393 Πελαγονίαν,

2197 3412 2298 3468 Καὶ
2329 3411 2421 3465 τὸν
2454 3409 2608 3484 πέριξ
2643 3410 2854 3462 ἅπαντα
2882 3412 3066 3483 χῶρον
3099 3403 3426 3481 Πριλλάπου
3460 3423 3473 3439 ’

2195 3500 2269 3555 Τὸ
2300 3499 2562 3577 φρούριον
2596 3496 2853 3553 λέλειπτο
2891 3494 3213 3570 Ηριλλάπου
3250 3496 3436 3568 μόνον,

2193 3593 2368 3662 ’Όπερ
2400 3586 2718 3663 προδόντων
2751 3582 3015 3642 συνέλαϐε
3042 3585 3131 3639 καὶ
3157 3583 3282 3639 τόδε
3315 3605 3326 3616 ·

2195 3676 2601 3751 Ἀκροπολίτης
2635 3675 2680 3733 δ’
2714 3677 2951 3751 εὑρεθεὶς
2985 3672 3135 3729 ἔνδον
3168 3674 3310 3744 τότε,

2012 3772 2155 3826 9170
2196 3767 2500 3841 Ἐρόματός
2528 3789 2581 3822 τι
2611 3761 2934 3821 καταλαϐὼν
2967 3765 3221 3840 πυργίον,

2196 3860 2339 3913 Ἐκεῖ
2370 3854 2544 3929 διῆγε,
2575 3854 2666 3909 καὶ
2700 3849 2883 3909 λαϐὼν
2918 3853 3052 3928 πρὸς
3087 3850 3355 3907 δεσπότου

2190 3949 2387 4021 Ὃρκια
2412 3950 2592 4000 κακῶν
2625 3944 2805 4013 ἀπαθῆ
2840 3944 3133 4021 πεφηνέναι

2194 4037 2293 4090 Καὶ
2325 4035 2788 4109 παραπεμφθῆναι
2822 4030 2879 4087 δὲ
2909 4033 3043 4107 πρὸς
3080 4030 3327 4106 βασιλέα,

2193 4126 2374 4182 Αὑτὸν
2404 4121 2759 4200 παραδέδωκε
2789 4124 2880 4176 σὺν
2912 4125 2992 4192 τῷ
3022 4119 3260 4194 πυργίῳ.

2013 4218 2157 4272 9175
2195 4218 2254 4273 Ὀ
2288 4213 2522 4289 Μιχαὴλ
2556 4211 2601 4267 δ’
2634 4210 2862 4290 ἔφορκος
2897 4209 2968 4265 ὢν
3004 4211 3030 4264 ὁ
3064 4208 3356 4279 δεσπότης,

2193 4309 2423 4377 Δεσμοῖς
2451 4298 2773 4379 περιέϐαλεν
2805 4300 2967 4355 αὐτὸν
3000 4299 3280 4378 ἀφύκτοις.

2188 4396 2247 4451 Ὀ
2282 4392 2327 4448 δ’
2359 4391 2423 4447 αὖ
2456 4388 2748 4463 Κομνηνός
2783 4387 3040 4465 Μιχαὴλ,
3075 4390 3135 4443 οὗ
3175 4386 3450 4451 πολλάκις

2188 4484 2426 4555 Μνήμην
2462 4481 2794 4552 ἐποιησαμεν
2830 4479 3021 4534 ἆνόπιν
3051 4478 3242 4554 λόγου,

2188 4576 2390 4649 "Opima
2422 4565 2605 4624 λαϐὼν
2639 4570 2805 4623 πιστὰ
2833 4569 2967 4641 πρὸς
3003 4566 3295 4643 βασιλέως,

2008 4676 2153 4729 9180
2192 4671 2336 4743 Πρὸς
2368 4665 2513 4723 τόνδ’
2547 4665 2886 4735 ἔπανέζευξεν
2923 4665 2980 4719 ἐκ
3009 4673 3108 4734 τῆς
3141 4662 3401 4737 Περσίδος
3434 4686 3447 4699 ·

2187 4762 2254 4836 ⁷ῼ
2287 4757 2412 4819 δοὺς
2444 4756 2695 4832 στρατιὰν
2730 4755 2788 4809 ἐκ
2819 4752 3144 4811 Μακεδόνων
3172 4755 3321 4824 ἅναξ,

2186 4848 2282 4910 Εἷς
2314 4847 2541 4920 ἑσπέραν
2576 4845 2835 4921 πέπομφε
2864 4846 2999 4898 κατὰ
3031 4841 3295 4897 δεσπότου
3330 4860 3343 4873 ·

2186 4937 2289 4995 Καὶ
2320 4935 2638 4991 καταλαόὼν
2674 4932 3068 4999 Θεσσαλονίκην
3103 4931 3267 4988 πόλιν

2183 5027 2280 5082 Καί
2314 5048 2420 5081 που
2454 5024 2724 5087 συνελθὼν
2757 5022 2989 5098 Μιχαὴλ
3023 5023 3339 5096 Λασκαρίῳ,

2000 5120 2144 5175 9185
2185 5117 2291 5171 Σὺν
2322 5111 2453 5187 τῷδ’
2487 5112 2694 5181 ἐπῆλθε
2722 5111 2788 5166 τὰ
2821 5111 2960 5187 μέρη
2992 5119 3094 5178 τῆς
3126 5110 3400 5188 Βερροίας,

2178 5207 2282 5263 Καὶ
2316 5203 2463 5259 λείαν
2495 5200 2775 5272 ἀπήλασεν
2809 5198 2957 5278 ἔνφεν
2997 5202 3216 5275 μυρίαν.

2177 5298 2301 5352 Τῶν
2331 5293 2665 5367 πραγμάτων
2701 5290 2843 5346 οὕτω
2872 5290 2929 5345 δέ
2959 5288 3345 5363 διακειμένων,

2176 5384 2280 5440 Καὶ
2314 5377 2713 5457 Τριϐαλάρχης
2744 5383 2777 5449 ἡ
2812 5382 3067 5441 κάκιστος
3099 5376 3314 5454 καρδία,

2174 5470 2513 5535 Ἔκσπονδος
2544 5472 2704 5546 ἀνὴρ,
2735 5471 3001 5548 ἀποφρὰς,
3036 5467 3344 5545 μιαιφόνος,

1993 5567 2136 5622 9190
2174 5564 2333 5635 ’Υπὲρ
2364 5560 2586 5637 χιλίους
2622 5560 2871 5634 στρατιὰν
2905 5557 3221 5626 συναλίσας,

2180 5653 2255 5708 Τὰ
2280 5651 2562 5725 Ῥωμαϊκᾶ
2587 5647 2894 5723 κατέδραμε
2925 5650 3128 5725 χωρία.

2171 5746 2229 5802 Ὀ
2260 5742 2528 5813 δεσπότης
2563 5739 2618 5795 δὲ
2650 5738 2889 5814 Μιχαὴλ
2916 5738 2981 5795 τὰ
3016 5739 3154 5815 πρὸς
3187 5734 3335 5792 δόσιν

1932 4627 1977 4690 D

3601 399 3709 455 336
