2038 3202
180 205 234 233 337

270 267 360 304 Δῃῶν,
376 264 488 302 ἐρημῶν
505 263 554 292 οὐκ
567 262 653 301 ἔληγε
666 260 788 293 καθόλου

268 310 322 338 Καὶ
336 311 371 347 τῇ
388 310 446 337 κατ’
458 309 540 337 αὐτὸν
557 306 713 345 προστιθεὶς
729 306 837 341 ἐξουσίᾳ

177 356 251 384 9195
269 355 349 383 Ὀθεν
364 353 491 392 στρατιὰν
506 353 602 386 ἱκανὴν
617 351 766 390 ἀποκρίνας

269 400 319 430 Ἦς
333 398 447 436 ἡγεμὼν
463 400 527 428 παῖς
542 396 685 435 Θεόδωρός
697 406 740 426 τις
755 392 844 430 νόθος,

269 443 342 482 Πρὸς
353 444 388 471 τὰ
405 440 534 478 Βοδηνῶν
551 439 744 477 ἐξαποστέλλει
762 439 844 477 μέρη·

266 489 303 517 Ἠ
319 487 467 525 Ῥωμαϊκῷ
484 485 656 523 συντυχοῦσα
669 495 723 512 που
737 483 839 523 στίφει,

267 534 414 568 Ἥττησεν,
430 531 571 559 ἐσκέδασεν
586 530 654 558 αὐτὸ
665 528 776 568 ῥᾳδίως·

177 584 249 612 9200
267 583 300 609 ¹Ὀ
315 581 397 620 γνοὺς
413 580 530 618 Μιχαὴλ
550 579 741 616 [ίαλαιολόγος
751 576 814 605 τόδε

267 627 354 664 Ἀνὴρ
372 626 511 664 μαχητὴς,
527 623 665 664 γεννάδας,
682 621 840 659 Ῥωμαλέος

265 672 312 702 Ὠς
327 671 399 709 εἶχεν
416 670 559 707 ἐξώρμησε
574 670 632 697 κατ’
648 667 814 695 ἀντιπάλων·

265 716 317 745 Καί
333 726 394 743 τινα
409 717 450 751 τῷ
465 713 558 752 δόρατι
574 714 679 749 πλήξας
696 712 827 746 ἱππότην,

268 760 331 798 (⁷Ην
347 760 371 788 δ’
386 759 438 798 ἄρα
451 758 592 796 Θεόδωρος
607 761 672 790 παῖς
687 757 861 791 tinos-tito»),

171 807 246 834 9205
266 805 314 837 Εἲς
328 809 379 844 γῆν
392 802 597 839 καταϐέϐληκεν
614 803 639 837 ἐξ
655 800 821 841 ἐφεστρίδος.

262 851 293 879 Ὁ
309 849 333 878 δ’
348 849 381 877 αὖ
392 851 531 884 Κομνηνῷ
546 847 732 886 προσδραμὼν
745 843 887 881 ἠντιϐόλει

265 897 344 929 Ζωῆς
357 905 387 922 τε
401 895 482 932 χάριν
497 894 540 921 καὶ
558 894 652 931 ψυχῆς
667 890 849 930 πεφιλμὲνης,

262 940 315 968 Καὶ
331 941 490 975 συμπαθοῦς
505 938 585 975 ἔτυχε
601 937 767 974 συγγνώμης
782 936 854 964 τότε.

262 983 339 1019 Πλήν
355 985 484 1021 ἠγνοεῖτο
499 983 540 1014 τίς
556 982 607 1020 ἄρα
619 982 663 1009 καὶ
678 982 821 1019 τυγχάνει·

169 1030 244 1058 9210
263 1030 311 1065 Τῷ
323 1039 365 1056 τοι
380 1027 564 1066 παραδίδωσιν
582 1026 726 1066 φυλάσσειν
741 1025 864 1063 Τούρκῳ.

258 1074 286 1100 Ὀ
303 1072 332 1100 δὲ
347 1072 379 1100 αὖ
395 1072 501 1110 φονεύει
517 1073 560 1099 καὶ
577 1072 752 1108 παραπέμπει
768 1070 856 1107 μόρῳ.

259 1118 342 1147 Τουτὶ
360 1117 407 1154 μὶν
425 1117 497 1144 οὕτω
513 1116 628 1154 Μιχαὴλ
645 1115 808 1153 δεδραμένος

259 1162 311 1190 Σὺν
326 1164 386 1193 τοῖς
399 1162 422 1189 δ’
444 1162 487 1200 ὑφ’
504 1161 584 1188 αὐτὸν
600 1161 722 1197 ἀρεῖκοῖς
738 1158 850 1197 ἀνδράσι

258 1207 451 1246 Παφλαγονίαν
468 1205 586 1243 πατρίδα
601 1205 793 1241 κεκτημένοις,

165 1257 239 1285 9215
257 1255 387 1287 Πολλοὺς
405 1256 451 1292 μὲν
468 1254 546 1293 ἔργον
561 1254 705 1291 εἰργάσατο
720 1255 767 1281 τοῦ
783 1253 889 1291 ξίφους·

257 1300 348 1331 Ζωοὺς
364 1299 393 1328 δὲ
410 1299 573 1337 συνέσχηκεν
590 1298 690 1326 εἴκοσιν
703 1298 785 1325 πάλιν

257 1345 377 1384 ’Δνδρας
391 1345 512 1382 τιμίους,
528 1344 667 1381 ἐγκρίτους
683 1343 832 1379 ἀποστάτῃ.

258 1392 351 1419 Ταῦτα
367 1390 414 1427 μὲν
432 1388 504 1417 οὕτω
521 1386 690 1425 συμϐέϐηκεν
709 1388 745 1418 ὡς
762 1387 839 1426 ἔφην·

257 1435 288 1464 Ὁ
305 1434 424 1473 Μιχαὴλ
440 1434 605 1472 Βουλγάρων
617 1432 783 1470 ἀρχηγέτης,

165 1481 237 1509 9220
256 1480 305 1511 Ὅς
323 1479 357 1514 δὴ
371 1478 587 1517 γυναικάδελφος
600 1478 633 1513 ἦν
652 1476 797 1515 βασιλέως,

258 1524 375 1562 Ἐχθρὸς
392 1523 414 1551 δ’
430 1523 565 1554 ἄσπονδος
582 1522 710 1551 Αὐσόνων
725 1519 889 1559 κραταρχίᾳ,

256 1570 329 1606 Πρὸς
344 1568 525 1605 Καλλιμᾶνου
538 1568 644 1604 καιρίαν
663 1564 748 1604 βεϐλη
755 1567 832 1602 μένος

255 1612 485 1651 Πρωτεξαδέλφου
500 1614 665 1651 προηενοῦς
681 1611 846 1649 πεφυκότος,

256 1658 399 1694 Ἐξαπίνης
415 1657 542 1690 τέθνηκεν
559 1656 678 1684 ἐκλιπὼν
696 1657 774 1695 φάος·

163 1703 237 1731 9225
255 1702 294 1731 Οὗ
308 1705 342 1740 τῇ
358 1702 467 1740 γυναικὶ
483 1702 625 1741 συναφθεῖς
639 1700 828 1737 Καλλιμάνος,

254 1746 364 1784 Ἔδοξεν
380 1747 471 1785 ἀρχὴν
488 1744 656 1784 προσλαϐεῖν
671 1745 716 1773 καὶ
735 1745 912 1782 Βουλγάρων.

254 1791 345 1820 Ἀλλὰ
359 1793 458 1823 Ῥῶσος
475 1791 563 1829 Οὗρος
581 1791 627 1827 μὶν
645 1791 682 1821 ὡς
699 1789 830 1827 Θυγατὲρα

254 1836 329 1864 Μετὰ
343 1839 470 1875 στρατιᾶς
487 1836 631 1872 συμπεσὼν
648 1831 869 1872 προσλαμϐάνει·

253 1880 399 1908 Φονεύεται
415 1880 443 1908 δὲ
460 1880 639 1917 Καλλιμάνος
655 1877 836 1915 Βουλγάροις.

161 1931 237 1959 9230
254 1931 382 1968 ’Έρημον
397 1928 495 1957 οὐκοῦν
512 1928 626 1966 γνησίου
643 1926 776 1964 διαδόχου

254 1974 376 2011 Ύπῆρχε
391 1973 489 2001 λοιπὸν
505 1974 536 2000 τὸ
551 1973 650 2011 κράτος
663 1974 721 2004 τοῖς
737 1971 920 2008 Βουλγάροις·

252 2018 330 2047 Ἀλλ’
343 2018 370 2046 ol
384 2019 448 2056 παρ’
462 2018 557 2049 αὐτοῖς
573 2016 691 2055 ἔγκριτοι
708 2015 885 2054 Βουληφόροι

252 2063 432 2101 Ἀρχηγιτεῖν
446 2063 589 2091 τάσσουσιν
606 2063 696 2100 ἀρχῆς
711 2060 876 2098 Βουλγάρων

252 2108 355 2146 Τείχου
369 2108 416 2135 τὸν
431 2108 494 2135 Υἱόν
509 2108 554 2135 τὸν
569 2106 653 2135 καλὸν
669 2107 884 2134 Κωνσταντῖνον·

158 2153 234 2182 9235
252 2153 297 2184 Ὧς
312 2151 341 2180 ἂν
359 2152 388 2180 δὲ
401 2153 446 2180 καὶ
463 2150 562 2190 δόξειεν
576 2153 605 2179 ἐκ
619 2151 791 2189 κληρουχίας

252 2197 300 2228 Εἲς
319 2196 499 2236 βουλγαρικὸν
516 2197 708 2235 ἐγκαθεστάναι
723 2195 818 2232 θρόνον

250 2241 392 2279 Ἐρίτιμοι
407 2243 548 2279 πέμπουσι
563 2239 689 2279 πρέσϐεις
705 2239 871 2278 Βουλγάρων

253 2286 326 2324 Πρὸς
339 2287 385 2314 τὸν
401 2289 551 2324 κρατοῦντα
569 2285 708 2323 Θεόδωρον
724 2284 851 2313 Αὐσόνων

251 2332 310 2360 Ἵνα
324 2332 447 2370 συναφθῇ
462 2332 501 2368 τῷ
515 2332 618 2369 Τείχου
635 2329 828 2365 Κωνσταντίνῳ

161 2382 236 2410 9240
255 2381 360 2419 Εἰρήνη
376 2381 473 2420 πρώτη
490 2380 570 2409 τοῦδε
582 2383 636 2408 τῶν
653 2379 806 2417 θυγατέρων

255 2426 336 2454 Ἀσὰν
351 2426 509 2464 κρατάρχου
526 2425 690 2463 Βουλγάρων
707 2423 764 2451 ouo"
780 2422 887 2460 ἐγγόνη·

253 2467 288 2495 Ἀ
303 2467 347 2494 καὶ
362 2469 477 2504 περαιτοῖ
492 2466 538 2494 σὺν
555 2466 696 2504 προθυμίᾳ
710 2464 828 2502 κράτωρ.

254 2510 327 2538 Ἐπεὶ
344 2509 367 2538 δ’
382 2511 397 2539 ὁ
411 2510 511 2549 Τείχου
526 2511 560 2545 ἦν
575 2510 646 2548 ἔχων
664 2509 815 2546 ὁμευνὲτιν,

253 2555 361 2591 Ταύτην
379 2554 563 2593 διαζεύξαντες
578 2554 675 2593 ἀνδρὸς
690 2553 810 2590 ἀνόμως,

160 2601 235 2628 9245
253 2598 302 2632 Εἷς
317 2599 442 2639 φυλακὴν
459 2601 600 2637 πέμπουσι
616 2602 657 2635 τῷ
672 2598 846 2637 στεφηιρόρῳ.

254 2644 333 2673 Μετᾶ
347 2644 376 2672 δὲ
389 2647 474 2673 ταῦτα
488 2644 673 2683 χαλεπωτάτῃ
691 2643 762 2679 νόσῳ

254 2690 412 2727 Περιπεσὼν
428 2688 514 2718 ἔκειτο
530 2690 690 2728 κρατάρχης
706 2687 795 2725 κλίνῃ·

251 2733 284 2762 Ἦ
298 2732 322 2761 δ’
336 2733 372 2768 ἧν
387 2734 562 2773 ἀνιάτριυτος
577 2731 807 2768 ⁷Δσκληπιάδαις,

249 2777 301 2806 Καὶ
340 2781 416 2817 σφῶν
451 2780 560 2818 τέχναις
597 2777 741 2816 ἄκαμπτος
779 2775 837 2804 οὐδ’
871 2774 993 2804 εί¹κουσάι

874 2821 956 2858 [πως.

159 2868 235 2898 9250
252 2867 351 2898 Τοίνυν
368 2867 507 2907 ἀπογνοὺς
519 2869 564 2898 καὶ
583 2867 707 2908 διαγνοὺς
724 2867 760 2899 ὡς
777 2864 850 2903 δέον,

948 199 1130 226 ΟΕΞΔΕΕΒ.

1022 262 1050 294 Α
1064 259 1186 295 despota
1205 260 1321 289 damnis
1337 260 1505 298 omnigenis
1521 260 1662 289 faciendis

1065 305 1095 331 et
1109 313 1169 332 sua
1184 304 1289 333 ditioni
1305 306 1393 333 terris
1408 305 1593 342 subigendis.

1066 348 1139 377 Nam
1155 353 1325 386 comparato
1341 350 1446 379 idoneo
1461 350 1601 384 exercitu,

1064 401 1151 429 quem
1168 395 1257 423 notho
1270 395 1330 423 filio
1344 396 1498 424 Theodoro
1513 395 1647 428 tradidit,

1059 438 1152 473 jussit
1168 439 1306 468 invadere
1320 440 1506 469 Bodenorum
1524 448 1628 476 agrum
1646 447 1653 466 :

1062 490 1150 523 atque
1166 488 1207 515 ibi
1223 490 1340 517 nostras
1356 497 1430 525 quas
1445 489 1569 517 offendit
1584 488 1683 525 copias

1061 533 1141 566 vicit,
1158 532 1297 569 dispersit
1312 534 1390 562 facili
1408 534 1536 570 negotio.

1062 576 1184 605 Michael
1201 586 1231 605 re
1246 579 1363 614 cognito.
1379 578 1559 615 Palaeologus

1062 622 1184 649 bellator
1198 622 1243 649 vir
1255 623 1475 658 magnanimus,
1495 623 1591 657 fortis,

1062 666 1187 702 abrupta
1203 675 1284 695 more
1302 668 1435 695 hostibus
1451 668 1600 695 occurrit:

1061 712 1089 738 et
1105 712 1263 747 quemdam
1284 712 1368 740 hasta
1385 713 1513 748 equitem
1532 720 1707 748 percussum

1062 757 1135 792 (erat
1151 758 1175 785 is
1192 757 1270 785 filius
1287 758 1390 793 perﬂdi
1406 758 1592 793 Theodorus)

1062 802 1143 829 humi
1159 803 1281 838 projecit
1292 803 1430 839 ephippio
1447 803 1616 839 depulsum.

1062 846 1112 874 Ille
1127 848 1266 875 Comneni
1285 848 1454 883 provolutus
1471 848 1597 884 genibus

1061 891 1148 918 vitam
1165 893 1287 927 rogabat
1302 892 1358 920 sibi
1376 895 1572 927 conservaret,

1017 945 1039 978 B
1061 944 1149 971 reque
1164 936 1229 972 ipsa
1244 937 1358 964 veniam
1376 937 1476 964 mitem
1494 936 1673 973 impetravit,

1055 989 1225 1016 quanquam
1239 982 1302 1017 ejus
1319 982 1421 1018 ignota
1438 982 1567 1009 conditio
1579 983 1643 1009 erat
1660 989 1667 1008 :

1054 1030 1211 1065 'l‘urczeque
1227 1030 1339 1058 homini
1355 1031 1565 1058 custodiendus
1582 1030 1719 1064 traditur,

1054 1074 1103 1110 qui
1121 1075 1261 1102 miserum
1279 1076 1426 1111 captivum
1445 1075 1542 1111 gladio
1560 1075 1689 1110 perimit.

1054 1122 1148 1154 Atque
1164 1120 1240 1147 hanc
1256 1120 1409 1148 victoriam
1425 1119 1548 1147 Michael
1566 1120 1691 1155 patravit

1053 1164 1260 1192 Mavortiorum
1277 1173 1351 1201 quos
1368 1165 1494 1192 ducebat
1511 1164 1640 1191 militum

1052 1217 1138 1243 opera
1154 1217 1237 1244 usus,
1251 1209 1345 1245 patria
1362 1208 1595 1245 Paphlagonum.

1051 1253 1085 1280 Et
1105 1253 1212 1281 multos
1229 1253 1348 1289 quidem
1366 1253 1516 1281 interemit
1533 1253 1644 1286 hostes,

1051 1300 1191 1333 praeterea
1205 1298 1307 1333 viginti
1324 1298 1403 1326 vivos
1420 1297 1497 1333 cepit

1050 1342 1127 1370 viros
1143 1342 1275 1378 insignes
1292 1343 1327 1370 de
1344 1342 1462 1369 rebellis
1480 1342 1556 1369 aula.

1051 1389 1143 1422 Atque
1159 1387 1236 1414 hunc
1254 1387 1391 1422 przedicta
1407 1395 1452 1414 res
1468 1388 1578 1414 exitum
1601 1385 1715 1421 habuit,

1051 1431 1173 1459 Michael
1191 1434 1287 1459 autem
1305 1431 1497 1467 Bulgarorum
1513 1431 1665 1465 dominus,

1050 1476 1135 1510 cujus
1154 1484 1236 1503 soror
1251 1476 1355 1503 Caesari
1373 1478 1466 1511 nupta
1483 1477 1554 1510 erat,

1050 1520 1142 1547 nostri
1160 1520 1333 1556 fmdit‘ragus
1350 1520 1444 1548 hostis
1461 1520 1589 1556 imperii,

1051 1573 1066 1592 a
1083 1565 1259 1593 consobrino
1276 1574 1328 1593 suo
1345 1565 1507 1593 Callimano

1012 1626 1032 1659 Ο
1053 1609 1202 1637 mortifero
1219 1612 1336 1646 repente
1351 1618 1509 1645 percussus
1524 1608 1644 1636 vulnere

1052 1654 1140 1681 vitam
1156 1662 1221 1681 cum
1238 1657 1331 1682 morte
1347 1654 1444 1682 statim
1462 1653 1656 1681 commutavit
1673 1661 1680 1680 :

1051 1698 1134 1733 cujus
1150 1707 1239 1726 uxore
1255 1699 1343 1726 ducta
1357 1699 1540 1727 Callimanus

1050 1743 1131 1771 visus
1147 1746 1192 1771 est
1208 1752 1330 1780 regnum
1348 1743 1478 1771 obtinere
1494 1742 1694 1778 Bulgaricum.

1051 1787 1105 1815 Sed
1124 1788 1203 1823 regis
1219 1796 1302 1816 socer
1317 1797 1475 1816 accurrens
1488 1787 1697 1824 cumlexercitu

1051 1832 1146 1860 Rosus
1165 1832 1239 1860 Urus
1256 1832 1344 1860 tiliam
1362 1841 1445 1860 suam
1463 1832 1567 1868 recipit
1585 1841 1591 1859 :

1050 1877 1253 1912 occiditurque
1269 1886 1286 1905 a
1304 1877 1435 1913 Bulgaris
1450 1877 1642 1905 Callimanus.

1050 1925 1176 1961 Jamque
1191 1926 1308 1954 carebat
1323 1934 1492 1954 successore
1512 1926 1643 1962 legitimo

1050 1969 1211 2006 Bulgaricm
1227 1971 1394 2006 reipublicae
1409 1979 1516 1998 vacans
1532 1970 1668 1997 thronus.

1051 2015 1101 2042 sed
1118 2014 1274 2050 optimates
1290 2015 1387 2049 gentis
1403 2023 1436 2042 ac
1453 2017 1603 2042 senatores

1051 2059 1086 2086 ad
1103 2059 1294 2094 Bulgarorum
1311 2059 1449 2086 thronum
1469 2059 1656 2086 advocarunt

1050 2103 1200 2139 egregium
1217 2103 1299 2131 Tichi
1316 2103 1409 2130 filium
1427 2102 1664 2130 Constantinum.

1050 2150 1145 2183 Atque
1160 2150 1192 2176 ut
1207 2147 1337 2183 legitimo
1351 2147 1529 2175 successoris
1541 2147 1609 2182 jure

1051 2202 1173 2229 regnum
1192 2193 1271 2221 adire
1287 2193 1434 2221 videretur
1451 2192 1647 2229 Bulgaricum,

1051 2239 1086 2265 ad
1105 2238 1302 2265 Romanorum
1319 2238 1460 2266 Caesarem
1476 2237 1664 2264 Theodorum

1051 2282 1142 2310 mittit
1157 2284 1278 2310 senatus
1293 2281 1468 2318 legationem
1486 2283 1588 2318 petens

1047 2329 1079 2354 ut
1089 2328 1262 2363 jungeretur
1277 2327 1354 2354 dicto
1370 2326 1562 2354 Constantino

1052 2372 1141 2399 Irenze
1157 2371 1216 2399 ﬁlia
1231 2372 1352 2399 Caesaris
1370 2373 1440 2399 natu
1455 2371 1560 2406 major,

1051 2425 1114 2452 quae
1130 2416 1235 2444 Asanis
1250 2416 1328 2452 regis
1339 2416 1459 2452 Bulgari
1475 2416 1571 2452 neptis
1588 2417 1660 2443 erat.

1050 2463 1085 2488 Et
1098 2463 1192 2488 Caesar
1206 2463 1306 2488 noster
1321 2468 1382 2488 rem
1399 2461 1523 2488 libenter
1539 2459 1646 2488 annuit

1050 2510 1125 2537 Tum
1139 2510 1210 2545 quia
1221 2510 1284 2545 jam
1301 2509 1492 2537 Constantino
1508 2517 1580 2536 uxor
1595 2510 1669 2543 erat,

1049 2554 1126 2582 hanc
1142 2563 1158 2582 θ.
1173 2562 1226 2582 suo
1242 2554 1302 2581 viro
1318 2554 1496 2581 abstractam
1512 2553 1613 2581 illicite

1050 2599 1220 2635 imperatori
1233 2599 1457 2627 custodiendam
1475 2597 1608 2625 mittunt.

1050 2644 1150 2672 Morbo
1167 2646 1232 2680 post
1247 2643 1307 2671 haec
1323 2645 1475 2679 correptus
1490 2642 1665 2679 gravissimo

1049 2690 1144 2717 Czesar
1158 2689 1329 2716 Theodorus
1344 2688 1502 2716 tenebatur
1516 2687 1590 2716 lecto
1604 2696 1611 2722 ;

1049 2735 1076 2761 et
1091 2733 1132 2761 nil
1148 2733 1292 2761 medendo
1308 2733 1502 2768 proficiebant
1518 2732 1634 2766 medici,

1048 2779 1140 2806 artem
1156 2777 1342 2814 Hippocratis
1358 2780 1515 2814 superante
1532 2778 1645 2806 morbo.

1008 2310 1031 2341 D

1049 2867 1143 2900 Quare
1159 2874 1210 2903 spe
1226 2866 1290 2895 vitae
1306 2867 1467 2903 prudenter
1481 2866 1596 2903 abjecta

1841 198 1894 224 338
