4076 6448
212 389 318 446 339
1428 390 1802 445 EPHREMII
1840 388 2411 450 CHBONOGRAPHI
3538 384 3647 439 340

216 513 703 587 ornamentisque
736 513 912 587 regiis
944 512 1231 587 depositis

2158 512 2345 589 Ῥίψας
2391 513 2457 568 τὰ
2507 509 2741 586 λαμπρὰ
2787 513 2890 565 τοῦ
2940 510 3173 586 κράτους
3225 507 3317 564 καὶ
3373 512 3471 564 τοῦ
3527 506 3644 563 στέ-

3462 601 3644 677 [φους,

218 692 492 749 monachi
524 694 718 749 Caesar
744 692 937 749 induit
967 692 1319 764 tuniculam,

2162 692 2237 747 Τὰ
2258 696 2366 747 τῶν
2400 695 2661 767 μοναχῶν
2694 686 3060 745 ένδιδύσκεται
3093 687 3228 765 ῥάκη

219 782 420 839 omnia
450 800 559 839 sua
591 783 879 839 conﬁtens
910 788 1149 855 peccata

2161 781 2550 857 Ἐξαγορεύσας
2582 783 2757 835 πάντα
2782 780 2835 835 οἱ
2865 779 3217 854 πεπραγμένα

226 888 425 929 coram
457 872 801 929 hominibus
833 872 933 928 sed
969 872 1278 944 presertim
1313 877 1426 928 Deo

2164 873 2226 925 Ἐ
2238 883 2509 946 μπροσθεν
2545 871 2846 946 ἀνθρώπων
2878 890 2937 924 τε
2962 869 3052 924 καὶ
3082 871 3217 925 Θεοῦ
3248 866 3438 922 πλέον·

226 966 509 1036 (namque
540 965 700 1020 hunc
732 968 1131 1020 transversum
1168 968 1409 1036 egerant
1438 961 1725 1018 illecebrzn

1985 962 2129 1018 9255
2166 960 2381 1035 Πόρνης
2407 961 2508 1037 γὰρ
2542 958 2703 1019 οὗτος
2734 960 3015 1037 σώφρονος
3050 956 3489 1033 θρυλλουμέντιετ

222 1071 508 1127 amorque
540 1054 719 1111 scorti
754 1053 970 1112 nobilis
1001 1053 1156 1109 haud
1186 1052 1461 1125 protriti).

2166 1051 2277 1122 Τὴν
2332 1048 2511 1106 πίστιν
2576 1049 2628 1105 έν
2689 1052 2765 1122 νῷ
2843 1043 3177 1123 προσλαϐὼν
3242 1046 3333 1102 καὶ
3394 1045 3486 1101 τὸν
3548 1044 3653 1100 πό-

3385 1136 3501 1210 [οον
3537 1136 3651 1209 (86)

227 1233 529 1291 Accedens
560 1248 698 1305 ergo
728 1233 798 1289 ad
831 1231 1141 1305 Mitylenes
1173 1232 1520 1304 episcopum

2168 1233 2265 1302 Τῷ
2295 1230 2648 1304 ποιμενάρχῃ
2680 1224 3052 1304 προσδραμὼν
3084 1223 3404 1297 Μιτυλήνης

228 1323 323 1379 cui
353 1322 619 1379 conﬁteri
649 1321 862 1379 solitus
894 1326 1133 1395 peccata
1162 1320 1372 1391 fuerat,

2169 1324 2236 1397 ᾯ
2270 1318 2606 1394 σφαλμάτων
2629 1321 2694 1387 ’ἦν
2726 1316 3122 1373 ἀνακαλύπτων
3165 1314 3330 1392 βάρη,

228 1413 300 1468 ad
334 1412 515 1484 hujus
547 1413 729 1485 pedes
764 1412 978 1468 accidit
1008 1414 1345 1483 prostratus
1376 1408 1546 1463 humi

2173 1407 2266 1470 Εἰς
2297 1404 2569 1485 τοῦδαφος
2602 1408 2884 1462 πέπτωκεν
2918 1406 3088 1461 αὐτοῦ
3116 1405 3252 1481 πρὸς
3284 1400 3478 1475 πόδας,

226 1517 446 1572 eosque
472 1500 680 1557 calidis
713 1500 1018 1572 perluehat
1049 1499 1347 1571 lacrymis,

1995 1499 2139 1553 9260
2177 1496 2281 1552 Καὶ
2314 1494 2506 1552 τούσδε
2536 1498 2759 1569 Θερμοῖς
2790 1492 3045 1571 δάκρυσιν
3079 1490 3378 1549 ἀποπλύνει

230 1608 332 1647 ceu
367 1591 670 1661 quondam
703 1589 920 1645 Christi
947 1589 1165 1644 femina
1198 1587 1490 1661 peccatrix
1523 1604 1536 1642 :

2174 1590 2265 1653 Ὠς
2294 1590 2420 1664 πρὶν
2451 1590 2588 1663 γυνή
2625 1583 2869 1664 βέϐηλος
2901 1590 3143 1663 Χριστοῦ
3171 1583 3456 1641 δεσπότου·

233 1695 420 1749 quare
449 1684 507 1735 et
539 1678 813 1734 madebat
840 1678 978 1734 ﬂetu
1011 1677 1431 1749 pavimentum.

2175 1679 2264 1741 Ὡς
2295 1678 2384 1734 καὶ
2414 1679 2661 1754 γενέσθαι
2691 1676 2872 1749 πηλὸν
2907 1675 2966 1732 ἐκ
2991 1681 3100 1732 τῶν
3135 1673 3408 1753 δακρύων.

234 1773 429 1840 Atque
460 1768 580 1824 haec
611 1769 786 1824 verba
817 1768 1155 1838 geminabat
1184 1767 1471 1823 conﬁtens
1507 1782 1519 1819 :

2178 1769 2526 1843 Ἐξαγορείας
2554 1773 2721 1824 ταῦτα
2751 1768 3011 1845 συνείρων
3044 1766 3256 1842 λόγοις·

238 1858 340 1927 Te,
374 1858 620 1927 Christe,
655 1858 941 1930 dereliqui
970 1877 985 1927 ;
1020 1858 1309 1929 propitius
1340 1860 1487 1914 esto.

1926 1879 1973 1943 Β
2185 1859 2278 1927 Σὲ,
2304 1860 2520 1932 Χριστὲ,
2550 1858 2863 1914 κατέλιπνν·
2890 1856 3062 1920 τίλεως
3095 1855 3206 1916 ἔσο.

246 1946 343 2004 Sic
375 1948 744 2003 continenter
773 1952 1041 2018 repetens
1069 1947 1259 2002 bonus
1291 1946 1508 2013 Caesar,

2010 1951 2153 2006 9265
2192 1947 2350 2006 Οὕτω
2384 1945 2657 2024 δεδρακὼς
2690 1953 2935 2022 συνεχῶς
2977 1946 3219 2023 χρηστὸς
3244 1945 3485 2022 κράτωρ,

250 2037 323 2094 ad
357 2037 647 2094 stationes
676 2037 908 2093 transiit
935 2036 1220 2104 caelestes,

2189 2037 2333 2113 Πρὸς
2359 2037 2456 2101 τὰς
2491 2042 2660 2111 μονὰς
2692 2033 2886 2113 βέϐηκε
2912 2039 3009 2100 τὰς
3040 2036 3345 2115 οὐρανίους,

248 2127 372 2182 ﬁlio
403 2127 741 2199 relinquens
774 2143 1020 2199 regnum
1048 2125 1262 2182 Joanni

2190 2129 2380 2186 Λιπὼν
2404 2128 2468 2184 τὸ
2498 2130 2697 2205 κράτος
2720 2125 2873 2183 παιδὶ
2902 2125 2982 2201 τῷ
3012 2129 3239 2202 Ἰωάννῃ

250 2216 521 2288 septenni
553 2217 735 2274 ferme
764 2222 932 2273 astate
962 2221 1066 2273 aut
1095 2215 1270 2289 paulo
1304 2214 1561 2289 amplius
1596 2232 1609 2271 :

2190 2219 2467 2277 Ἑπταέτει
2499 2241 2604 2274 που
2632 2219 2965 2294 τυγχάνοντι
2996 2217 3087 2273 καὶ
3118 2215 3309 2273 πλέον·

247 2306 376 2379 ipse
400 2311 652 2380 quatuor
682 2308 945 2364 nondum
975 2306 1180 2379 plenos
1211 2323 1397 2363 annos

2191 2310 2375 2379 Μήπω
2404 2314 2655 2385 καθαρῶς
2685 2310 2942 2385 τέτταρας
2974 2306 3142 2371 ὅλους
3179 2306 3420 2383 χρόνους

248 2400 582 2453 Romanum
614 2402 846 2469 sceptro
880 2402 1108 2454 rexerat
1138 2396 1453 2469 imperium
1487 2412 1500 2451 :

2013 2400 2157 2455 9270
2192 2400 2306 2467 Τὴν
2334 2399 2654 2471 Ῥωμαϊκὴν
2690 2396 2871 2462 ἷθύνας
2900 2397 3258 2473 κραταρχίαν·

248 2486 337 2542 vir
365 2504 507 2544 sane
536 2487 750 2553 bonus,
782 2492 1057 2560 regnator
1086 2487 1421 2559 religiosus,

2194 2488 2360 2561 Ἀνήρ
2393 2486 2617 2561 ἀγαθὸς,
2650 2481 2877 2556 εὐσεϐής
2909 2485 3283 2562 αὐτοκράτωρ,

249 2575 477 2646 hilaris,
509 2575 785 2646 blandus,
817 2577 1075 2633 subditis
1115 2575 1464 2647 benivolus,‘

2193 2573 2382 2648 Ἠδὺς,
2415 2574 2628 2651 ἱλαρὸς,
2662 2575 2895 2649 εὐμενὴς
2930 2576 3220 2646 ὑπηκόοις,

244 2666 407 2722 omni
438 2666 705 2723 doctrina
733 2671 792 2723 et
816 2665 1026 2723 litteris
1057 2670 1336 2735 ornatus;

2191 2662 2360 2741 ’Ίδρις
2394 2665 2583 2741 σοφίας
2617 2662 2971 2735 παντοδαπῆς
3003 2664 3094 2720 καὶ
3125 2666 3327 2739 λόγων.

248 2756 441 2813 ﬁdelis
472 2756 702 2812 Domini
734 2760 910 2830 atque
934 2757 1195 2830 prudens
1227 2755 1488 2811 famulus

2194 2755 2392 2818 Πιστὸς
2428 2753 2654 2831 Κυρίου,
2686 2755 2958 2831 νουνεχής
2984 2753 3280 2831 ὑπηρέτης,

248 2845 351 2917 qui
382 2845 545 2918 regni
576 2845 866 2902 talentum
900 2844 1227 2918 ampliavit,
1260 2844 1442 2913 auxit,

2017 2846 2161 2903 9275
2195 2844 2467 2901 Τάλαντον
2500 2841 2699 2916 αὔξων,
2731 2843 3021 2901 πλατύνων
3053 2843 3416 2921 κραταρχίας,

250 2939 307 2991 et
336 2934 757 3007 patrimonium
789 2940 1029 2992 strenue
1060 2934 1315 3006 protexit
1347 2950 1362 2989 :

2198 2931 2644 3011 Προκινδυνεύων
2674 2932 2933 3008 εὐψύχως
2952 2931 3318 3009 κληρουχίας·

248 3023 524 3096 princeps
555 3024 864 3096 benignus,
894 3025 1063 3080 fortis
1093 3024 1433 3095 imperator,

2194 3025 2356 3095 ’Δναξ
2387 3025 2695 3101 προσηνὴς,
2728 3022 2818 3078 καὶ
2852 3023 3158 3099 στρατηγὸς
3180 3020 3464 3098 γεννάδας,

251 3112 474 3185 quique
505 3113 565 3168 in
596 3112 857 3170 Ecclesia
887 3111 1035 3168 nihil
1066 3111 1381 3182 innovavit,

2196 3111 2383 3185 Μηδὲν
2411 3113 2739 3189 νεοχμώσας
2768 3134 2823 3169 τι
2851 3120 2953 3183 τῆς
2986 3109 3337 3183 Ἐκκλησίας,

246 3200 560 3259 laudabilis
590 3206 719 3258 tum
749 3203 867 3259 vita
897 3206 1023 3259 tum
1057 3200 1304 3274 imperio
1331 3220 1345 3270 ;

1935 3238 1979 3305 α
2199 3202 2515 3266 Ἐπαινετός
2544 3223 2602 3258 τε
2624 3208 2722 3257 τοῦ
2758 3201 2882 3278 βίου
2912 3203 3000 3257 καὶ
3032 3206 3130 3258 τοῦ
3161 3202 3417 3279 κράτους,

2019 3294 2156 3305 MM
2199 3295 2241 3305 -.
2286 3291 2299 3305 .
2617 3292 2630 3305 .
2734 3298 2761 3305 _
2896 3288 2916 3305 κ
2942 3294 2971 3304 -
3230 3290 3241 3305 .

245 3292 478 3364 egregio
506 3292 742 3350 demum
772 3309 841 3349 ex
870 3292 980 3348 hac
1010 3295 1168 3348 terra
1198 3288 1454 3346 transitu

1937 3288 1979 3305 υ
2016 3294 2160 3349 9280
2198 3291 2302 3350 Καὶ
2338 3292 2672 3368 μακαριστὸς
2694 3298 2794 3361 τῆς
2824 3288 2999 3361 καλῆς
3028 3290 3305 3365 μετοικίας

246 3386 422 3453 atque
452 3382 674 3439 salubri
708 3381 1051 3455 pcenitentia
1083 3380 1255 3438 felix!

2188 3381 2288 3436 Καὶ
2318 3383 2416 3451 τῆς
2455 3379 2738 3455 μετανοίας
2768 3401 2831 3456 γε
2858 3387 2960 3451 τῆς
2985 3382 3278 3455 σωτηρίου.

245 3470 514 3529 Delatum
546 3476 636 3529 est
664 3474 910 3530 cadaver
940 3472 1012 3529 ad
1040 3470 1374 3527 coenobium

2189 3470 2402 3528 Τούτου
2433 3470 2690 3534 θανόντος
2723 3469 2799 3532 εἷς
2828 3470 3004 3547 ταφὴν
3038 3472 3192 3525 νέκυν
3227 3471 3376 3548 φέρει

246 3578 281 3617 a
310 3566 472 3634 patre
500 3567 862 3619 exstructum
894 3561 1245 3619 salutarium
1282 3562 1634 3633 martyrum,

2190 3561 2344 3630 Μενή
2376 3560 2603 3636 πατρῴα
2634 3557 2973 3636 Σωσάνδρων
3002 3558 3346 3634 κεκλημένη,

249 3651 351 3707 ubi
377 3656 435 3709 et
464 3652 917 3724 fundatorjacet
947 3651 1292 3709 honorifice.

2191 3647 2270 3707 Οὗ
2300 3648 2389 3705 καὶ
2419 3652 2599 3725 πατὴρ
2629 3651 2865 3716 τέθαπτο
2899 3650 3071 3715 θανὼν
3106 3648 3364 3723 ἐντίμως·

320 3813 642 3871 JOANNES
672 3812 1042 3871 THEODORI
1092 3813 1322 3870 FILIUS
1369 3814 1459 3869 ET
1509 3812 1832 3870 MICHAEL

2117 3814 2431 3871 ΙΩΑΝΝΗΣ
2473 3812 2517 3871 Ο
2555 3813 2685 3869 ΤΟΥ
2732 3814 3086 3869 ΘΕΟΔΩΡΟΥ
3125 3813 3247 3870 ΚΑΙ
3284 3811 3566 3867 ΜΙΧΔΗΛ

824 3886 1325 3942 PALZEOLOGUS.

2575 3885 3103 3942 ΠΑΛΑΙΟΛΟΓΟΣ.

253 4011 507 4070 Moriens
537 4010 881 4068 Theodorus
912 4015 1031 4069 tres
1059 4010 1297 4085 reliquit
1330 4011 1491 4068 domi

2010 4013 2153 4067 9285
2192 4006 2365 4072 Οὗτος
2403 4006 2507 4085 βίῳ
2538 4005 2767 4065 λέλοιπε
2797 4005 2989 4065 παιδία
3015 4008 3161 4084 τρία,

252 4101 426 4170 ﬁlios,
460 4118 636 4175 quem
668 4102 783 4157 dixi
808 4101 1113 4175 parvulum
1145 4102 1429 4158 Joannem

2187 4101 2285 4157 "Ov
2314 4098 2546 4174 πρόσθεν
2579 4099 2729 4154 εἷπον
2761 4098 3150 4174 χαριτώνυμον
3182 4096 3299 4153 νέον

251 4192 539 4249 heredem
573 4191 878 4265 dignitatis
904 4197 962 4249 et
984 4193 1239 4265 imperii,

2186 4188 2513 4264 Κληροῦχον
2548 4186 2729 4265 ἀρχῆς
2756 4188 2848 4243 καὶ
2879 4184 3143 4263 διάδοχον
3173 4187 3428 4263 κράτους·

250 4283 518 4354 duasque
543 4281 821 4353 innuptas
851 4281 1096 4353 insuper
1126 4279 1526 4352 virgunculas,

2189 4277 2292 4335 Καὶ
2324 4276 2499 4348 θήλεα
2529 4274 2575 4332 δ’
2605 4275 2777 4353 ἄζυγα
2805 4278 2944 4353 πρὸς
2974 4277 3154 4350 τούτῳ
3186 4274 3306 4348 δύο,

250 4372 571 4428 Eudociam
600 4371 872 4428 videlicet
898 4388 961 4427 ac
992 4370 1380 4427 Theodoram.

2191 4364 2461 4423 Εὐδοκίαν
2492 4387 2551 4421 τε
2582 4365 2671 4421 καὶ
2702 4364 2985 4444 Θεοδώραν
3019 4367 3152 4441 ἅμα.

248 4463 398 4516 Nam
431 4462 622 4533 major
646 4464 788 4516 natu
819 4462 984 4515 Irene
1013 4459 1195 4514 Ticho
1227 4460 1530 4529 nupserat,

2010 4458 2157 4512 9290
2193 4456 2393 4531 Πρώτη
2427 4453 2472 4509 δ’
2504 4454 2715 4532 Εἰρήνη
2746 4461 2827 4529 τῷ
2859 4456 3048 4532 Τείχῳ
3080 4456 3338 4534 συνεζύγη

252 4550 497 4607 Mariam
531 4550 816 4607 minorem
853 4548 1101 4602 duxerat
1131 4545 1497 4619 Nicephorus

1937 4607 1976 4625 ἢ
2188 4548 2251 4601 Ἡ
2285 4541 2507 4619 δευτέρα
2538 4543 2596 4600 δὲ
2626 4544 2809 4620 Μαρία
2835 4545 3138 4625 Νικηφόρῳ

253 4640 436 4711 ﬁlius,
470 4645 535 4696 ut
563 4638 703 4705 dixi,
740 4635 1048 4693 Michaelis
1081 4607 1360 4708 despotze.

1932 4607 1979 4671 Ι)
2191 4630 2353 4689 Παιδὶ
2384 4607 2643 4710 Μιιχαήλ,
2676 4607 2752 4698 ὡις
2780 4607 3009 4713 ἔφαμεν,⁸
3037 4607 3322 4696 δεσπότου.

252 4730 476 4787 Tenera
509 4727 677 4799 plane
706 4730 871 4781 aetate
896 4725 1157 4781 Joannes
1187 4729 1315 4780 erat
1344 4745 1359 4794 ;

2189 4725 2483 4787 Νεώτατος
2517 4722 2564 4779 δ’
2593 4724 2659 4793 ἦν
2694 4730 2821 4788 παῖς
2867 4724 3118 4797 Ἰωάννης
3150 4725 3309 4781 πάνυ·

254 4818 640 4889 quamobrem
672 4831 882 4871 cavens
910 4831 1009 4870 rex
1040 4818 1204 4887 pater
1236 4812 1438 4883 ﬁliolo,

2185 4815 2345 4877 "06sv
2381 4811 2573 4877 δεδιὼς
2600 4812 2814 4869 τεκνίου
2846 4812 3019 4891 φύτης
3052 4815 3198 4889 ἄναξ,

255 4906 394 4962 huic
423 4904 720 4979 supremis
742 4903 959 4962 tabulis
993 4903 1304 4976 imperium
1338 4903 1608 4973 liquerat,

2012 4904 2153 4959 9295
2196 4904 2284 4960 ’Ev
2316 4899 2602 4975 διαθήκαις
2631 4901 2773 4976 τῷδε
2803 4903 2981 4959 λείπει
3010 4904 3074 4959 τὸ
3103 4906 3323 4980 κράτος,

256 4996 480 5052 adactis
511 4994 674 5067 prius
705 4995 763 5050 in
797 4993 1509 5065 sanctumjusjurandum

2064 5064 2065 5067 η
2191 4991 2431 5068 Ηρόσθεν
2463 4987 2783 5070 προϐάντων
2815 4992 3014 5067 ὁρκίων
3049 4993 3358 5072 φρικαλέων

255 5085 511 5143 subditis
538 5083 828 5141 universis
861 5101 927 5140 ac
959 5083 1406 5156 magistratibus

2188 5082 2480 5153 Ὑπηκόοις
2511 5082 2677 5138 ἅπασι
2707 5080 2799 5137 καί
2828 5088 2943 5145 τοῖς
2974 5081 3026 5139 ἐν
3059 5084 3202 5140 τέλει

254 5180 322 5233 ut
346 5179 760 5232 conservarent
789 5173 1061 5230 stabilem
1093 5172 1273 5228 ﬁliolo
1308 5171 1482 5227 ﬁdem
1512 5190 1525 5229 :

2188 5172 2257 5228 Ἦ
2294 5172 2402 5244 μὴν
2435 5169 2686 5249 φυλάξειν
2717 5171 2912 5246 τεκνίῳ
2937 5172 3138 5245 πίστιν,
3169 5175 3377 5251 σχέσιν·

254 5282 429 5339 quem
457 5261 891 5322 commendavit
920 5266 1123 5335 postea
1152 5260 1471 5329 tutoribus,

2190 5260 2323 5317 Εἶτα
2352 5258 2692 5338 παραδίδωσι
2721 5266 2839 5325 τοῖς
2868 5261 3209 5339 ἐπιτρόποις,

329 5469 437 5596 ἳξόὃ)
471 5464 618 5549 Hinc
646 5459 1051 5543 intelligimus.
1077 5460 1215 5542 quid
1261 5462 1485 5543 spectet
1535 5458 1902 5543 Nicephorus
2012 5458 2374 5542 Ephraemius
2406 5477 2458 5517 v.
2504 5461 2685 5544 7896;
2720 5461 2976 5519 Aliatius
3017 5467 3209 5546 autem
3244 5464 3302 5520 in
3326 5464 3631 5549 adnotatio
3653 5497 3676 5508 -

397 5538 686 5596 praedicta
718 5536 997 5589 orationis
1037 5538 1227 5596 lmth,
1260 5533 1359 5585 ubi
1395 5540 1647 5596 gravuer
1675 5531 1903 5587 invehi-
2015 5531 2193 5587 nibus
2217 5532 2288 5587 ad
2323 5532 2722 5596 Acropolilam
2766 5550 2894 5596 cap.
2935 5536 3007 5589 52
3046 5536 3356 5596 Nicephori
3400 5538 3673 5596 eiusdem

259 5530 370 5598 sub
397 5530 686 5612 praedicta
718 5530 997 5612 orationis
1037 5530 1359 5612 initioku‘bi
1395 5531 1649 5612 graviter
1675 5530 1903 5587 invehi-
2015 5530 2288 5612 nibusad
2323 5532 2722 5612 acropolilam
2766 5550 2894 5612 ca_p_.
2935 5536 3007 5589 52
3024 5536 3356 5612 _Nicep_hori
3400 5538 3673 5612 ejusdem

259 5620 358 5670 tur
387 5602 448 5667 in
478 5622 739 5683 amorem
772 5602 1165 5683 illegitimum.
1223 5603 1572 5683 Quanquam
1617 5602 1901 5683 Joannem
2012 5602 2576 5683 recitat_episto_lam_
2620 5605 2692 5661 de
2746 5602 2956 5677 pellice
3014 5602 3262 5683 Joannis
3322 5602 3671 5683 Marcesina,

261 5700 498 5758 quoque
513 5676 817 5758 Theodori
849 5672 1301 5758 p‘arentem'prze
1330 5672 1516 5729 oculis
1559 5674 1772 5758 habere
1797 5690 1899 5758 po:
2013 5690 2193 5746 quam
2227 5672 2353 5753 ipse
2387 5672 2942 5749 Nicephorus'sacra
2973 5680 3095 5734 aede
3125 5680 3471 5738 excluserat.

260 5745 603 5827 fuit-cujus
660 5752 721 5807 in
775 5745 972 5805 amore
1027 5745 1404 5819 fragilitatem
1450 5749 1652 5803 noster
1706 5745 1903 5802 innuit
2030 5745 2047 5746 ί
2252 5745 2283 5753 ““
