4076 6442
348 442 453 496 341

345 567 493 623 9300
531 567 626 619 Ὠν
660 569 880 639 πρῶτος
914 565 1053 633 ὑπῆν
1088 563 1359 639 Γεώργιος
1388 560 1691 632 Μουζάλων

534 651 1038 731 Πρωτοϐεστιάριος
1068 652 1139 708 ὢν
1172 656 1270 723 τὴν
1303 652 1473 724 ἀξίαν.

534 744 711 803 Ἀλλὰ
737 750 982 822 τριταῖος
1019 742 1239 799 οὐδέπω
1270 743 1405 819 πρὸς
1438 747 1516 814 τῷ
1548 743 1705 820 τάφῳ

533 838 749 891 Ἔκειτο
780 834 966 908 νεκρὸς
998 831 1226 895 ἄνακτος
1255 832 1587 905 τεθειμένος,
1714 848 1717 853 ·

531 923 630 979 Καὶ
662 923 819 978 πάντ’
847 922 1045 997 ἀναμίξ
1077 924 1246 996 μεστά
1270 942 1328 977 τε
1358 921 1673 996 τρικυμίας,

345 1026 493 1081 9305
530 1022 629 1087 Εἲς
656 1022 755 1098 γὰρ
791 1020 1129 1095 Σωσάνδρων
1160 1023 1260 1091 τὴν
1293 1020 1463 1095 μονὴν
1501 1019 1811 1097 ἀφιγμένων

526 1114 649 1168 Τῶν
683 1111 733 1166 έν
761 1109 907 1167 τέλει
936 1132 995 1166 τε
1018 1111 1105 1165 καὶ
1139 1108 1552 1184 στρατευμάτων
1586 1105 1832 1181 στίφους]

525 1203 615 1264 Ὠς
645 1201 705 1257 ἂν
735 1202 885 1256 ὁσίαν
924 1205 1058 1265 θῶσι
1087 1200 1399 1270 τεθνηκότι,

525 1296 652 1353 Τοῖς
684 1291 1034 1367 κασιγνήτοις
1069 1295 1359 1363 συμπαρῆν
1392 1287 1482 1342 καὶ
1516 1283 1854 1355 Μουζάλων.

528 1380 629 1437 Καὶ
656 1386 758 1449 τῆς
791 1376 1102 1457 φρικώδους
1136 1378 1320 1442 θυσίας
1353 1374 1719 1449 τελουμένης,

340 1471 494 1527 9310
532 1466 838 1539 Μουζάλων
867 1467 1167 1544 παρίστατο
1204 1465 1295 1520 σὺν
1330 1465 1618 1541 ὁμογνίοις
1651 1486 1664 1499 ·

527 1557 685 1615 Ἀλλ’
717 1560 768 1613 οἱ
801 1557 1090 1633 γερουσίας
1119 1578 1177 1611 τε
1206 1556 1295 1611 καὶ
1326 1560 1434 1611 τῶν
1464 1553 1516 1609 ἐν
1546 1553 1691 1610 τέλει

525 1647 982 1722 Συσπειραθέντες
1012 1647 1206 1709 πάντες
1236 1645 1311 1707 είς
1344 1644 1679 1720 ὁμαιχμίαν,

524 1739 614 1800 Ὡς
644 1735 831 1813 ἄγριοι
862 1738 1024 1811 θῆρές
1052 1757 1109 1791 τε
1139 1734 1227 1790 καὶ
1264 1735 1643 1811 βροτοκτόνοι,

525 1825 645 1881 Ἐπῖ
682 1828 854 1899 μονήν
888 1824 1091 1894 ἥλαντο
1120 1825 1218 1892 τὴν
1254 1818 1571 1896 σεϐασμίαν,

334 1920 486 1975 9315
523 1914 969 1985 Ῥινηλατοῦντες
1000 1911 1294 1987 ἐκλαφόξαι
1328 1911 1418 1966 σὺν
1457 1912 1545 1987 βίᾳ

526 1999 1031 2080 Πρωτοὸεστιᾶριον
1063 2001 1155 2057 σὺν
1190 2002 1519 2075 ὁμαιμόνοις
1556 2019 1569 2031 ·

521 2094 624 2150 Σὺν
658 2095 1008 2169 κασιγνήτοις
1030 2091 1335 2161 Μουζάλων
1363 2090 1503 2165 ᾔσθη
1519 2090 1700 2163 μένος,

522 2182 717 2243 Ἐνδον
749 2184 1026 2261 τραπέζης
1057 2185 1327 2258 παναγοῦς
1363 2176 1636 2235 ὑπεισέδυ.

518 2272 682 2331 Ἀλλ’
710 2275 762 2329 οἱ
798 2273 985 2350 μιαροὶ
1021 2275 1110 2328 καί
1143 2269 1359 2347 φονικοὶ
1388 2269 1517 2333 τοὺς
1544 2267 1782 2345 τρόπους

331 2376 478 2431 9320
518 2373 651 2428 Ποσὶ
688 2367 953 2449 βεϐήλοις
988 2368 1372 2443 εἰσδραμόντες
1403 2366 1601 2431 εὐθέως

522 2462 616 2525 Εἷς
651 2462 799 2537 ἱερὰν
830 2460 1098 2538 τράπεζαν
1130 2457 1478 2533 ἱλαστηρίου,

516 2551 836 2630 Ξιφηφόροι
868 2571 925 2604 τε
950 2549 1039 2604 καὶ
1071 2551 1246 2621 Θυμοῦ
1275 2544 1653 2618 πεπνευκότες,

519 2645 628 2697 Φεῦ
657 2634 903 2701 ἀσεϐείας
940 2633 1278 2714 βαρϐαρικῆς
1316 2636 1543 2711 μανίαςί

518 2726 776 2800 Μεληδὸν
810 2726 1122 2801 ἐκτέμνουσι
1151 2726 1281 2789 τοὺς
1310 2724 1603 2797 ἀναιτίους,

329 2823 475 2877 9325
514 2818 699 2874 Καίτοι
731 2815 999 2888 διαθήκης
1025 2838 1085 2872 τε
1114 2816 1204 2871 καὶ
1233 2819 1339 2870 τῶν
1371 2813 1570 2890 ὁρκίων

512 2912 740 2985 Τρανῶς
772 2929 830 2962 τε
862 2910 1043 2985 σαφῶς
1074 2905 1498 2981 ἀνεγνωσμένων
1528 2900 1712 2978 τρίτου

510 2998 636 3055 Ἐπὶ
666 2995 953 3073 γερουσίας
981 3016 1040 3050 τε
1069 2994 1158 3049 καὶ
1193 2990 1635 3069 στρατευμάτων,

504 3088 600 3142 Καὶ
633 3083 819 3142 τοῖσδε
843 3084 1042 3146 παντὸς
1076 3081 1327 3156 ἐμμένειν
1359 3080 1648 3156 εἴρηκότος
1683 3097 1696 3113 ⁸

508 3175 658 3232 Μετὰ
689 3172 747 3231 δὲ
776 3172 943 3246 τήνδε
965 3174 1065 3243 τήν
1097 3172 1269 3241 κακὴν
1303 3170 1651 3247 φονουργίαν,

324 3269 466 3324 9330
505 3265 580 3325 Οἵ
601 3268 651 3342 γ’
686 3264 737 3320 ἐν
768 3263 916 3320 τέλει
946 3284 1004 3319 τε
1033 3262 1121 3318 καὶ
1149 3261 1385 3337 λοχαγοὶ
1415 3261 1728 3337 ταγμάτων,

503 3355 723 3432 Κλῆρος
754 3355 1104 3430 πατριάρχης
1134 3373 1191 3407 τε
1217 3351 1308 3406 σὺν
1338 3350 1663 3428 ἀρχιθύταις

510 3444 1005 3522 Συνεισδραμόντες
1038 3444 1114 3505 είς
1150 3443 1276 3517 μίαν
1312 3442 1657 3518 συμφωνίαν,

510 3538 709 3611 Σκέψιν
742 3534 948 3591 ἐτίθουν
981 3531 1315 3609 πραγμάτων
1343 3534 1544 3585 κοινῶν
1576 3531 1765 3607 χάριν,

504 3626 600 3690 Τίς
630 3623 688 3680 ἂν
720 3619 1073 3699 κυϐερνήσειε
1103 3618 1569 3696 προσδεδεγμένος

322 3727 473 3784 9335
508 3727 622 3794 Τῆς
649 3724 968 3797 Ῥωμαϊκῆς
995 3717 1204 3777 ὁλκάδα
1231 3718 1570 3794 κραταρχίας
1604 3735 1619 3752 ·

500 3812 896 3870 Ἐπυνθάνοντο
926 3813 1219 3886 τοιγαροῦν
1246 3810 1382 3863 κατᾶ
1405 3806 1534 3882 γένη

510 3902 613 3961 Καὶ
644 3902 780 3958 κατᾶ
804 3902 948 3974 τάξιν
981 3898 1174 3960 πάντες
1205 3898 1257 3952 o't
1287 3902 1393 3952 τῶν
1427 3896 1477 3951 ἐν
1509 3895 1679 3955 τέλει.

498 3990 597 4047 Καὶ
628 3990 877 4047 πλείοσιν
907 3990 977 4059 ἧν
1007 3990 1041 4059 ἡ
1078 3987 1221 4063 ῥοπὴ
1254 3986 1343 4043 καὶ
1373 3982 1571 4062 καρδία

493 4081 623 4139 Ἐπὶ
655 4079 938 4154 Κομνηνὸν
974 4076 1210 4153 Μιχαὴλ
1239 4075 1530 4149 τεταμένη.

312 4173 460 4229 9340
495 4172 653 4229 ’Όθεν
680 4170 734 4225 τί
772 4166 1012 4243 μακροὺς
1046 4164 1130 4222 δεῖ
1158 4168 1433 4242 περιάγειν
1466 4163 1740 4236 κύκλους;

493 4259 795 4336 Χειρίζεται
827 4256 893 4327 δὴ
925 4258 1024 4326 τήν
1058 4254 1326 4327 διοίκησιν
1357 4254 1504 4309 ὅλων

492 4349 592 4404 Καὶ
623 4350 951 4422 Ῥωμαϊκῶν
984 4346 1323 4423 πραγμάτων
1356 4347 1457 4415 τὴν
1484 4342 1745 4423 φροντίδα

494 4440 668 4501 Οὗτος
698 4435 940 4513 Μιχαὴλ
967 4434 1365 4511 Παλαιολόγων
1398 4435 1609 4511 γένους,

492 4526 832 4604 Δραστήριός
858 4546 941 4589 τις
969 4524 1060 4580 καὶ
1091 4524 1345 4604 πεφυκὼς
1376 4525 1514 4601 πρὸς
1543 4522 1690 4598 τόδε,

304 4629 454 4683 9345
493 4623 653 4689 Εἶδος
683 4622 1008 4703 προδεικνὺς
1036 4624 1182 4695 ἄξιον
1215 4622 1551 4699 τυραννίδος,

490 4716 801 4793 Βλοσσυρὸν
836 4715 970 4785 ἦθος
1003 4714 1093 4769 καὶ
1126 4712 1397 4769 λεόντειον
1431 4713 1631 4791 φέρων,

488 4807 724 4881 Φρικτὸς
754 4804 848 4879 μὶν
880 4802 1124 4879 ἐχθροῖς,
1159 4801 1368 4877 ἥμερος
1403 4798 1449 4855 δ’
1494 4800 1781 4874 ὑπηκόοις,

486 4897 649 4969 Ἀναξ
679 4892 927 4970 ἀριστεὺς
958 4891 1047 4947 καὶ
1079 4892 1373 4968 στρατηγὸς
1404 4889 1683 4966 γεννάδας,

488 4989 685 5060 Πρῶτα
719 4984 812 5057 μὲν
847 4980 1063 5056 ἀξίωμα
1092 4974 1276 5036 λαϐὼν
1308 4976 1593 5053 δεσπότου,

296 5077 446 5133 9350
486 5074 640 5132 Μετᾶ
669 5071 726 5129 δὲ
758 5071 952 5149 μικρὸν
982 5070 1287 5131 ταινιωθεὶς
1315 5074 1394 5142 τῷ
1424 5068 1601 5149 στέφει

487 5165 624 5240 Παρ’
653 5161 953 5240 ἀρχιθύτου
983 5160 1119 5215 κατὰ
1136 5162 1235 5228 τήν
1269 5158 1539 5218 Νικαέων.

484 5254 661 5317 Οὗτος
694 5252 962 5313 Λατίνους
996 5247 1262 5323 ἐξελαύνει
1297 5248 1556 5325 πατρίδος

479 5348 589 5412 Τῆς
622 5338 1036 5399 Κωνσταντίνου
1070 5336 1356 5414 βασιλίδος
1389 5338 1613 5409 ἀστέων,

480 5429 888 5507 Ἐλευθερώσας
918 5425 1084 5501 τήνδε
1112 5427 1355 5485 Λατίνων
1389 5426 1527 5503 βίας.

295 5525 445 5581 9355
481 5527 625 5596 Τιμᾷ
655 5518 700 5576 δ’
732 5518 967 5596 ἀδελφὸν
1001 5518 1286 5593 Κομνηνὸν
1320 5517 1577 5589 Ἰωάννην

483 5614 569 5685 Τῇ
599 5605 1100 5684 σεϐαστοκράτορος
1131 5606 1285 5669 εὐθὺς
1318 5606 1457 5679 ἀξίᾳ,

483 5697 654 5771 Ἕκδη
667 5720 769 5774 μον
800 5694 929 5755 ὄντα
956 5702 1072 5760 τοῖς
1101 5697 1220 5761 καθ’
1251 5696 1477 5771 ἑσπέραν
1508 5696 1698 5761 τόποις
1725 5716 1738 5732 ο

486 5787 732 5862 ’Δλέξιον
766 5784 829 5845 δι
855 5784 1353 5864 Στρατηγόπουλον
1384 5780 1550 5843 πάλιν

1897 439 2253 493 CESARES.

2035 561 2090 629 Α
2120 580 2373 636 quorum
2404 566 2687 639 Georgius
2721 566 2947 623 Muzalo
2982 566 3211 641 primus
3240 571 3366 623 erat

2121 656 2549 725 protovestiarii
2583 661 2722 713 tunc
2754 656 2974 713 honore
3006 658 3278 730 fungens.

2118 746 2227 800 Sed
2258 747 2416 802 enim
2451 748 2699 803 necdum
2732 748 2997 804 triduum
3031 753 3334 821 peractum
3365 752 3491 805 erat

2119 850 2188 890 ex
2220 852 2335 907 quo
2366 837 2685 909 imperator
2715 838 2945 893 tumulo
2969 839 3225 910 jacebat,

2112 924 2355 997 jamque
2384 927 2710 983 asstuabant
2741 929 2941 983 omnia
2971 933 3251 1000 tanquam
3284 945 3465 997 mare,

2116 1013 2382 1087 Namque
2411 1018 2479 1071 ad
2512 1016 2841 1072 coenobium
2875 1017 3226 1074 salutarium
3260 1028 3587 1093 martyrum

2116 1105 2447 1177 progressis
2472 1105 2918 1177 magistratibus
2945 1112 3122 1180 atque
3154 1108 3414 1165 exercitu

2116 1194 2453 1266 utprincipi
2484 1196 2757 1252 defuncto
2782 1197 2945 1267 justa
2976 1197 3289 1266 solverent,

2112 1292 2336 1349 Muzalo
2367 1310 2602 1367 quoque
2633 1311 2769 1352 cum
2805 1297 3099 1367 germanis
3129 1297 3309 1352 venit.

2116 1384 2263 1438 Dum
2290 1399 2427 1455 ergo
2457 1401 2626 1441 sacra
2654 1385 2982 1441 celebratur
3012 1386 3214 1455 missa,

2114 1471 2413 1529 Muzalone
2443 1489 2577 1530 cum
2610 1473 2894 1529 fratribus
2926 1475 3217 1546 adstante,

2112 1578 2183 1617 en
2216 1567 2518 1619 senatores
2541 1562 2759 1636 aliique
2790 1564 3175 1636 magistratus

2112 1652 2547 1724 conspiratione
2580 1652 2844 1709 unanimi
2880 1654 3153 1723 conﬂata,

2110 1757 2211 1796 ceu
2242 1741 2571 1797 furibunda:
2604 1743 2733 1799 feras
2766 1747 2944 1815 atque
2973 1742 3285 1799 homicidae

2108 1830 2167 1884 in
2197 1835 2467 1887 sanctum
2502 1832 2723 1888 cursim
2755 1832 2992 1888 irruunt
3025 1832 3358 1889 ccsnobium

2028 1937 2078 2003 B
2109 1920 2181 1975 ob
2212 1922 2589 1977 lacerandum
2620 1921 2891 1978 violentis
2922 1922 3223 1993 unguibus

2107 2026 2243 2065 cum
2274 2010 2401 2067 suis
2430 2010 2727 2082 germanis
2757 2010 3273 2084 protovestiarium
3307 2029 3319 2067 :

2104 2099 2202 2169 qui
2234 2116 2295 2155 re
2326 2099 2643 2170 intellecta,
2677 2101 2787 2155 sub
2818 2099 3047 2173 asylum
3081 2117 3316 2156 sacrum

2105 2204 2321 2243 mensas
2352 2188 2739 2244 sanctissima
2776 2191 2993 2260 raptim
3027 2189 3445 2260 confugerunt.

2101 2276 2316 2333 Verum
2350 2276 2584 2333 scelesti
2614 2276 2700 2332 illi
2733 2281 2789 2333 et
2820 2278 3185 2350 sanguinarii

2102 2364 2346 2435 pollutis
2374 2365 2622 2437 pedibus
2653 2365 2945 2435 penetrale
2977 2365 3233 2437 ingressi

2102 2471 2290 2526 usque
2322 2455 2393 2509 ad
2428 2471 2542 2510 arte
2572 2455 2827 2526 pacifica).
2861 2470 3129 2510 mensam
3164 2471 3419 2523 sacram,

2100 2543 2385 2599 districtis
2414 2542 2626 2614 gladiis
2659 2543 2877 2613 turgidi
2912 2544 3128 2610 furore,

2097 2632 2231 2689 hem
2265 2636 2481 2707 tetrum
2514 2631 2745 2688 scelus!
2781 2632 2917 2687 hem
2951 2633 3173 2687 rabiem
3207 2632 3576 2689 barbaricam
3606 2633 3617 2687 Ι

2099 2731 2394 2786 frustatim
2428 2730 2641 2803 gladiis
2674 2730 3017 2786 innocentes
3048 2732 3299 2786 caedunt.

2096 2821 2216 2876 Etsi
2249 2837 2535 2892 suprema:
2567 2818 2779 2876 tabulas
2811 2824 2900 2875 tcr
2932 2821 3162 2875 fuerant

2093 2927 2227 2968 cum
2261 2912 2613 2967 sacramenti
2646 2910 2897 2967 formula
2929 2909 3212 2981 praelecta?

2092 3018 2288 3057 coram
2318 3004 2525 3057 senatu
2544 3004 2613 3056 ~et
2642 3016 2835 3056 coram
2868 3000 3241 3068 exercitibus,

2093 3090 2194 3164 qui
2225 3108 2288 3147 se
2317 3090 2376 3146 in
2407 3089 2687 3160 obsequio
2717 3089 2836 3145 fore
2869 3088 3064 3145 cuncti
3093 3088 3386 3144 dixerant.

2090 3182 2226 3237 Post
2256 3180 2405 3236 hanc
2439 3179 2745 3236 scelestam
2779 3182 3171 3251 perpetratam
3204 3178 3443 3246 caedem,

2007 3303 2052 3373 ο
2091 3270 2291 3325 civiles
2324 3268 2704 3343 magistratus
2734 3272 2794 3324 et
2821 3268 3002 3373 duces
3034 3266 3313 3334 militum,

2090 3358 2282 3415 clerus
2313 3374 2448 3415 cum
2477 3357 2809 3429 patriarcha
2838 3356 3088 3427 aliisque
3118 3355 3435 3428 episcopis,

2091 3450 2163 3505 ad
2195 3448 2359 3521 regni
2384 3447 2566 3504 veluti
2598 3455 2871 3502 coeuntes
2904 3445 3167 3513 comitia,

2090 3539 2162 3595 de
2192 3536 2525 3609 reipublicae
2554 3553 2787 3592 summa
2817 3536 3240 3604 deliberabant,

2088 3629 2364 3700 quisnam
2390 3627 2659 3684 videlicet
2688 3627 2748 3681 in
2781 3625 3072 3681 demortui
3102 3625 3229 3681 loco

2086 3726 2333 3783 Romani
2365 3726 2598 3798 imperii
2631 3741 2836 3781 navem
2870 3726 3030 3780 clavo
3062 3727 3291 3796 regeret
3324 3739 3338 3781 :

2085 3821 2141 3872 et
2170 3815 2530 3887 rogabantur
2560 3813 2848 3869 nobilium
2883 3813 3190 3869 sententias

2084 3924 2186 3979 per
2217 3904 2484 3977 singulas
2517 3902 2768 3959 familias
2798 3918 3017 3975 perque
3048 3903 3305 3959 ordines.

2080 3997 2162 4051 Ac
2193 3994 2609 4065 suffragiorum
2643 4008 2783 4047 sane
2815 3993 3006 4062 major
3034 4007 3319 4047 numerus

2078 4088 2447 4141 Comnenum
2479 4081 2830 4154 designabat
2861 4079 3222 4136 Michaelem.

2079 4175 2195 4231 Cur
2222 4190 2360 4247 ergo
2392 4171 2585 4245 longis
2618 4171 2880 4226 differam
2914 4186 3036 4225 rem
3060 4169 3431 4226 sermonibus
3452 4170 3481 4225 ?

2077 4263 2181 4319 Rei
2213 4261 2460 4336 publicae
2501 4259 2784 4316 universae
2817 4259 3192 4315 moderamen

2075 4352 2438 4424 Romanique
2460 4349 2692 4423 imperii
2724 4365 2864 4404 cura
2893 4347 3147 4403 traditur

2075 4443 2213 4499 huic
2243 4439 2516 4497 Michaeli
2552 4443 2722 4513 gente
2754 4438 3115 4508 Palaeologo;

2076 4533 2177 4605 qui
2207 4532 2298 4589 vir
2326 4535 2451 4587 erat
2471 4532 2676 4587 efﬁcax
2706 4535 2763 4586 et
2792 4530 2875 4585 rei
2917 4530 3188 4601 idoneus,

2073 4621 2335 4695 corporis
2367 4622 2612 4676 formam
2647 4635 2826 4691 regno
2858 4618 3095 4689 dignam
3129 4634 3373 4691 gerens;

2711 4675 2744 4691 υ
2922 4675 2952 4689 υ
3129 4675 3135 4688 ,

1993 4675 2044 4738 D
2073 4726 2272 4767 severo
2300 4726 2460 4766 more
2491 4713 2549 4765 et
2576 4708 2739 4764 vultu
2769 4707 3135 4776 truculento;

2070 4799 2343 4856 hostibus
2374 4798 2804 4865 forminandus,
2838 4796 3024 4853 comis
3054 4797 3308 4853 subditis
3335 4822 3350 4866 ;

2070 4890 2333 4963 optimus
2366 4889 2660 4961 princeps,
2693 4892 2752 4943 et
2784 4886 2952 4942 fortis
2983 4886 3326 4959 imperator.

2070 4988 2127 5043 Is
2158 4986 2345 5058 primo
2368 4986 2593 5057 accepit
2622 4986 2971 5058 dignitatem
3003 4985 3260 5057 despotze
3294 5003 3307 5042 :

2070 5078 2246 5149 paulo
2279 5081 2413 5148 post
2441 5081 2635 5131 autem
2668 5074 2727 5129 in
2763 5075 2909 5129 urbe
2940 5074 3173 5130 Nicaena

2070 5185 2104 5222 a
2134 5166 2458 5236 patriarcha
2490 5168 2801 5220 stemmate
2832 5168 2922 5218 est
2954 5162 3287 5220 redimitus.

2070 5256 2173 5312 Hic
2200 5260 2309 5324 est,
2340 5255 2442 5328 qui
2484 5256 2686 5310 nostra
2718 5252 2908 5325 patria
2940 5251 3180 5310 Latinos
3210 5255 3453 5327 expulit,

2068 5344 2453 5417 reginamque
2482 5342 2716 5398 urbium
2740 5341 3310 5416 Constantinopolim

2066 5434 2272 5490 Latino
2295 5434 2442 5506 jugo
2470 5432 2716 5488 liberam
2751 5431 3025 5488 assuerit.

2070 5524 2123 5579 Is
2153 5526 2515 5579 Comnenum
2548 5521 2829 5579 Joannem
2864 5521 3101 5577 fratrem
3136 5538 3313 5579 suum

2067 5612 2282 5669 creavit
2307 5611 2435 5668 sine
2464 5627 2629 5667 mora
2658 5612 3202 5669 sebastocratorem.

2065 5716 2406 5775 quanquam
2436 5699 2736 5757 absentem
2770 5699 2829 5755 in
2861 5699 3158 5771 Hesperiis
3188 5701 3458 5773 partibus

2060 5787 2532 5865 Strategopulum
2565 5788 2809 5863 insuper
2836 5786 3100 5845 Alexium

3669 443 3777 496 842
