4076 6406
279 396 315 453 3
323 395 389 451 43
1497 385 1758 438 ΕΡΗΒΕ
1766 380 1873 436 ΜΠ
1910 376 2481 434 ΘΗΒΟΝΟΟΒΔΡΗΙ
3597 385 3665 439 34
3674 384 3707 438 4

281 520 354 576 ad
388 516 696 575 domestici
715 514 914 587 magni
947 512 1206 571 ofﬁcium
1236 509 1415 582 legit:

284 608 470 665 alium
503 605 758 677 denique
790 606 1026 660 fratrem
1055 601 1507 658 Constantinum

284 702 551 755 Caesarea
577 695 866 768 dignitate
898 692 1281 763 conspicuum
1315 690 1468 755 fecit,

285 792 465 859 atque
496 786 568 842 ad
602 785 878 841 tuendam
904 781 1066 838 misit
1095 776 1576 851 Paphlagoniam,

282 877 367 933 Ad
400 874 747 931 Michaelem
777 891 910 929 vero
944 871 1156 943 legavit
1186 870 1490 939 despotam

286 964 512 1021 Philem
543 964 913 1021 Theodorum
946 962 1017 1017 ob
1050 959 1359 1032 petendam
1388 971 1590 1028 pacem

286 1052 936 1125 constringendumque
966 1048 1269 1105 vinculum
1302 1045 1595 1114 amicitiae,

206 1202 211 1205 Α
286 1143 795 1215 reposcendasque
828 1139 1075 1213 imperio
1108 1154 1268 1195 arces
1303 1135 1530 1207 aliquot
1563 1150 1576 1189 :

287 1240 585 1311 simulque
617 1244 680 1295 ut
710 1240 855 1295 duos
891 1237 1150 1310 captivos
1183 1234 1341 1291 tristi
1372 1234 1654 1288 eximeret

287 1329 686 1401 Acropolitam
720 1344 948 1384 carcere
981 1332 1038 1382 et
1068 1325 1490 1382 Chabaronem.

290 1420 540 1491 Despota
569 1422 768 1473 tamen
800 1418 988 1472 durus
1019 1419 1077 1471 et
1108 1412 1481 1469 refractarius

291 1506 666 1579 imperatoris
698 1506 1050 1578 legationem
1080 1503 1290 1570 audiit,

292 1612 399 1653 nec
429 1595 752 1668 postulanti
787 1596 1115 1667 quidquam
1144 1608 1389 1664 prorsus
1418 1588 1652 1646 annuit.

290 1685 681 1751 Quamobrem
708 1684 1027 1755 imperator
1054 1682 1139 1737 ira
1166 1680 1422 1753 percitus

294 1775 536 1847 scripsit
564 1775 633 1830 ad
671 1775 909 1829 fratrem
943 1774 1493 1838 sebastocratorem,

294 1864 397 1938 qui
429 1865 488 1919 in
521 1862 839 1928 occidente,
874 1867 935 1918 ut
967 1861 1086 1917 dixi
1116 1860 1457 1916 versabatur

297 1971 433 2010 cum
465 1952 696 2009 selectis
724 1952 977 2009 ducibus
1016 1956 1074 2007 et
1102 1968 1235 2007 cum
1269 1949 1547 2015 exercitu,

295 2048 362 2099 ut
388 2041 655 2097 Michaeli
690 2041 908 2097 bellum
937 2041 1175 2096 inferret
1204 2039 1477 2109 despotaz.

295 2133 461 2198 Quod
488 2133 608 2203 jam
643 2136 1006 2187 commotum
1032 2131 1277 2201 despota
1308 2143 1685 2199 cognoscens,

292 2224 394 2295 qui
427 2222 751 2278 Castoriam
784 2237 920 2276 cum
953 2219 1132 2275 armis
1164 2218 1477 2284 insidebat,

290 2314 490 2385 fugam
526 2311 780 2383 arripuit
808 2328 912 2382 per
943 2313 1268 2381 praeruptos
1298 2306 1478 2364 locos.

294 2410 741 2467 Sebastocrator
769 2414 966 2465 autem
1000 2410 1085 2465 sic
1114 2406 1456 2479 ditfugiente

293 2498 596 2556 Michaelis
628 2499 884 2555 exercitu
915 2498 1271 2563 adversario,

294 2588 583 2660 impetum
615 2589 751 2645 fecit
782 2593 989 2644 contra
1021 2588 1196 2643 urbes
1229 2590 1485 2657 despotaa

294 2678 616 2750 Bulgarum
650 2678 1046 2750 patriarcham
1080 2694 1279 2733 secum
1314 2677 1537 2731 ducens

293 2766 623 2823 Cabasilam
645 2767 845 2823 divum
878 2766 1359 2827 Constantinum,

293 2858 465 2928 cujus
498 2855 750 2929 egregiis
782 2857 1022 2912 monitis
1051 2861 1109 2911 et
1139 2853 1403 2910 consiliis

295 2944 577 3017 inclytam
611 2945 928 3016 acquisivit
951 2944 1155 2999 urbem
1188 2942 1399 2997 Achrin
1436 2958 1448 2996 :

298 3034 563 3090 Dealolin
593 3034 809 3090 deinde
837 3050 1031 3089 arcem
1067 3033 1310 3087 alteram

301 3123 593 3179 machinis
622 3128 680 3179 et
708 3123 848 3179 belli
878 3122 1096 3178 viribus
1129 3119 1501 3191 expugnavit.

302 3212 466 3267 Tunc
495 3210 738 3267 Michael
767 3212 837 3268 de
868 3227 1103 3267 summa
1133 3208 1446 3275 sollicitus,

302 3304 593 3373 quotquot
624 3301 873 3357 habebat
904 3300 1087 3371 copiis
1115 3298 1505 3371 congregatis,

302 3390 523 3446 Latinis
554 3408 787 3462 quoque
817 3390 1143 3461 assumptis
1175 3387 1561 3444 auxiliaribus

297 3483 370 3536 ab
403 3479 631 3536 Achaiae
667 3481 953 3553 principe,
985 3479 1315 3549 Siciliaeque
1344 3495 1376 3532 τι
1406 3493 1562 3548 rege,

300 3586 556 3641 quorum
590 3576 838 3641 uterque
870 3574 991 3624 erat
1022 3586 1199 3639 gener
1229 3569 1507 3638 despotae,

301 3659 377 3715 ad
410 3659 892 3714 committendam
923 3658 1063 3713 exiit
1094 3657 1403 3711 nobiscum
1441 3672 1720 3727 pugnam.

304 3757 652 3813 Praeteriens
683 3773 819 3829 ergo
852 3757 1013 3811 Stani
1046 3755 1324 3826 Soscique
1352 3770 1514 3809 arces

307 3851 365 3902 et
392 3846 714 3919 Pelagonia
762 3846 1046 3901 humilem
1082 3844 1402 3917 planitiem,

308 3934 519 4007 Prilapi
555 3940 794 4009 propter
819 3935 1084 3992 constitit
1114 3934 1454 4007 praesidium
1492 3949 1504 3988 :

304 4025 407 4080 ubi
438 4042 501 4080 se
525 4026 795 4098 angustis
829 4041 1076 4082 cernens
1106 4028 1437 4079 versantem
1474 4028 1671 4089 rebus,

304 4114 671 4187 fortunaque
707 4115 893 4171 aleam
929 4114 1348 4186 periculosam,

306 4210 482 4259 noctu
514 4204 772 4276 profugit
803 4221 938 4260 cum
973 4203 1093 4259 filio
1125 4202 1473 4273 Nicephoro,

306 4293 627 4349 exercitum
658 4295 717 4349 in
750 4293 960 4350 castris
996 4292 1118 4348 illic
1150 4292 1448 4347 deserens.

309 4383 419 4438 Sed
448 4388 645 4439 tamen
678 4400 847 4439 mane
884 4387 1119 4453 postero
1150 4398 1242 4436 res
1275 4384 1583 4444 nocturna,

307 4490 377 4529 ex
408 4473 499 4528 his
529 4490 659 4545 quae
687 4476 830 4527 sunt
860 4475 1086 4538 secuta,
1120 4469 1290 4523 nobis
1325 4467 1536 4522 notuit.

307 4562 448 4617 Pars
477 4562 636 4618 enim
668 4561 771 4615 illa
801 4560 1105 4631 copiarum
1138 4559 1416 4629 despotaa,

303 4668 431 4720 quae
464 4656 676 4706 nostra
708 4649 903 4721 gentis
937 4647 1123 4703 milite
1155 4646 1399 4702 conﬂata
1431 4649 1576 4714 erat,

303 4756 441 4795 cum
470 4738 609 4794 viris
643 4754 706 4793 se
736 4736 1036 4793 nobilibus
1069 4741 1247 4807 atque
1278 4734 1531 4791 ducibus

304 4828 750 4884 sebastocratori
784 4826 1026 4883 tradidit
1053 4825 1262 4883 Joanni
1297 4842 1311 4882 :

304 4930 482 4997 atque
512 4926 571 4981 in
602 4926 694 4981 his
725 4931 846 4983 erat
877 4925 1155 4996 fugientis
1186 4925 1435 4994 deepolae

308 5014 678 5073 adulterinus
710 5016 951 5088 quidam
984 5016 1236 5071 Joannes
1268 5014 1449 5069 ﬁlius.

310 5105 461 5160 Tum
493 5106 795 5161 auxiliaris
826 5109 1076 5161 cunctus
1113 5106 1356 5159 Latinus
1389 5103 1558 5158 miles

306 5192 515 5249 vinclis
547 5193 827 5250 astrictus
858 5211 991 5249 cum
1019 5194 1249 5249 Achaiae
1284 5193 1547 5265 principe

308 5283 595 5339 dimissus
622 5288 712 5339 est
739 5284 811 5338 ad
844 5285 1121 5339 Caesarem
1154 5284 1436 5353 captivus.

306 5372 611 5429 Provincia
639 5377 837 5429 autem
871 5373 1063 5428 omnis
1093 5388 1223 5427 eum
1261 5369 1555 5426 urbeculis

305 5460 369 5517 in
400 5467 659 5517 nostram
691 5461 869 5517 cessit
902 5462 1142 5517 subdita
1174 5460 1480 5515 ditionem.

308 5550 514 5607 Postea
544 5550 905 5607 domesticus
940 5566 1187 5621 magnus
1222 5546 1481 5616 Alexius,

308 5641 455 5696 Raul
479 5644 734 5697 Joannes
764 5644 822 5695 et
848 5637 1266 5710 Srategopulus

310 5749 499 5806 usque
529 5734 601 5790 ad
633 5730 918 5804 oppidum
951 5734 1099 5787 Artaa
1134 5730 1542 5802 decurrerunt,

1964 513 2019 581 Α
2227 495 2605 575 Προῦϐάλλετ’
2637 500 2713 564 εἷς
2740 500 2992 579 μὲγιστον
3024 504 3077 560 ἐν
3105 502 3450 580 δομεστίκοις
3476 525 3491 543 ⁸

2043 590 2187 646 9360
2226 595 2621 647 Κωνσταντῖνον
2652 589 2824 648 ἄλλον
2856 590 2913 649 δὲ
2943 594 3212 671 σύγγονον
3246 593 3414 651 πάλιν

2226 683 2303 753 Τῇ
2338 682 2645 755 Καισαρικῇ
2677 683 2969 747 ταινιώσας
2996 682 3195 757 ταινίᾳ,

2222 770 2523 845 Πρόμαχον
2554 771 2843 827 ἀπέστειλε
2872 774 2981 827 τῶν
3016 772 3390 853 Παφλαγόνων
3429 793 3443 807 ⁸

2226 859 2326 915 Καὶ
2358 860 2493 934 πρὸς
2527 860 2759 937 Μιχαὴλ
2790 860 3106 942 ὲκπὲπομφε
3145 862 3412 934 δεσπότην

2223 947 2331 1004 Τὸν
2366 948 2546 1019 Φιλῆν
2580 948 2884 1026 Θεόδωρον,
2920 952 3086 1007 αἰτῶν
3121 950 3308 1030 φιλίαν

2046 1046 2189 1101 9365
2230 1044 2542 1121 Σόνδεσμον
2573 1047 2798 1125 εἷ’ρήνης
2829 1050 2918 1105 καὶ
2948 1054 3047 1117 τῆς
3079 1051 3417 1130 συμφωνίας,

2228 1135 2331 1191 Καί
2359 1158 2476 1191 τινα
2506 1136 2667 1192 λῦσαι
2700 1139 2975 1216 φρουρίων
3001 1138 3301 1213 Ῥωμαίδυ

2229 1224 2370 1299 Πρὸς
2406 1222 2453 1279 δ’
2484 1224 2548 1281 αὖ
2576 1227 2999 1304 καθειργμένους
3036 1250 3089 1305 γε
3117 1234 3224 1285 τῶν
3268 1229 3317 1303 ἐξ
3350 1228 3606 1287 Αὐσόνων

2230 1307 2540 1379 Χαϐάρωνά
2566 1336 2622 1370 τε
2650 1318 2739 1371 καὶ
2769 1318 2861 1372 τὸν
2892 1317 3323 1393 Ἀκροπολίτην.

2226 1400 2386 1457 Ἀλλ’
2416 1405 2484 1473 ἦν
2516 1404 2742 1474 ἀπειθὴς
2775 1406 3010 1482 Μιχαὴλ
3044 1409 3181 1485 πρὸς
3211 1408 3341 1472 τοὺς
3374 1407 3575 1486 λόγους

2050 1492 2192 1546 9370
2232 1486 2658 1565 Πρεσϐευτικοὺς
2688 1493 2938 1566 ἄνακτος,
2974 1494 3231 1573 ἄτεγκτος
3262 1498 3423 1571 πάνυ,

2231 1582 2336 1636 Καὶ
2371 1580 2671 1655 μηδοτιοῦν
2701 1583 2934 1641 ἐκτελῶν
2967 1585 3302 1661 αἰτουμένων
3336 1609 3349 1621 ⁸

2227 1674 2388 1735 ’Όθεν
2425 1672 2707 1747 βαρυνθεὶς
2739 1675 2997 1751 βασιΛεὺς
3023 1676 3232 1732 τούτων
3259 1677 3421 1753 χόλῳ

2228 1766 2321 1833 Τῷ
2348 1757 2802 1842 σεϐαστοκράτορι
2836 1768 3084 1843 συγγόνῳ
3112 1770 3305 1846 γράφει

1973 1876 2023 1940 Β
2232 1853 2361 1908 Τοῖς
2394 1852 2531 1909 κατᾶ
2560 1850 2769 1928 δυσμὴν
2804 1855 3095 1929 ἐμμένοντί
3126 1879 3231 1913 που
3258 1859 3473 1929 τόποις,

2054 1947 2198 2003 9375
2236 1948 2387 2003 Μετὰ
2415 1956 2669 2023 στρατιᾶς
2698 1950 2787 2005 καὶ
2820 1957 3135 2028 στρατηγῶν
3170 1952 3432 2029 ἐκκρίτων

2233 2036 2437 2112 Μάχην
2474 2041 2703 2113 συνάψαι
2729 2039 2964 2116 Μιχαὴλ
2996 2046 3075 2114 τῷ
3108 2040 3365 2119 δεσπότῃ.

2233 2124 2335 2181 Καὶ
2366 2127 2530 2181 τοῦτο
2556 2126 2795 2203 δρῶντος
2828 2132 3003 2193 συνεὶς
3035 2133 3062 2187 ὁ
3092 2130 3359 2205 δεσπότης

2232 2218 2455 2291 Στρατῷ
2488 2220 2931 2295 συνυπάρχοντος
2962 2221 3015 2277 ἐν
3048 2224 3324 2297 Καστορίᾳ

2231 2306 2415 2381 Φυγάς
2441 2307 2655 2379 ἀπέπτη
2690 2312 2806 2365 κατ’
2838 2309 3213 2386 ἀποκρήμνων
3248 2312 3454 2369 τόπων.

2052 2397 2196 2451 9380
2238 2390 2696 2474 Σεϐαστοκράτωρ
2730 2396 2776 2453 δ’
2809 2398 3053 2455 ἐκποδὼν
3089 2402 3400 2477 ὑπαρξάσης

2231 2484 2384 2540 Οὕτω
2411 2492 2663 2562 στρατιᾶς
2692 2489 2922 2563 Μιχαὴλ
2956 2490 3289 2566 ἀντιμάχου,

2234 2575 2363 2630 Κατ’
2390 2574 2592 2631 ἀστέων
2626 2576 2851 2650 ὥσμησε
2879 2583 2987 2634 τῶν
3009 2584 3105 2633 τοῦ
3138 2577 3424 2653 δεσπότου,

2232 2664 2419 2738 Ἔχων
2457 2668 2572 2738 μεθ’
2606 2668 2773 2722 αὐτοῦ
2804 2668 3189 2745 ποιμενάρχην
3232 2666 3563 2746 Βουλγάρων

2233 2755 2333 2808 Τὸν
2368 2756 2510 2809 θεῖον
2542 2752 2849 2813 Καϐάσιλαν
2882 2759 2973 2813 τὸν
3007 2761 3411 2816 Κωνσταντῖνον
3444 2780 3458 2794 ⁸

2057 2845 2200 2899 9385
2240 2844 2316 2900 Οὗ
2346 2846 2649 2909 νουθεσίαις
2676 2848 2763 2902 καὶ
2796 2847 2989 2911 καλαῖς
3024 2844 3388 2922 συμϐουλίαις

2238 2930 2407 2986 Πόλιν
2440 2938 2816 3009 παρεστήσατο
2849 2935 3071 3008 κλεινὴν
3104 2938 3360 3015 Ἀχρίδος
3396 2958 3409 2972 ⁸

2234 3024 2462 3078 Ἔπειτα
2494 3020 2755 3081 Δεάϐολιν
2791 3026 2931 3081 ἄλλο
2963 3028 3237 3104 φρουρίων

2236 3114 2369 3175 Ταῖς
2401 3116 2842 3191 μηχανουργίαις
2873 3137 2931 3170 τε
2960 3118 3049 3172 καὶ
3088 3120 3273 3194 μάχης
3304 3118 3487 3193 νόμῳ.

1984 3248 2028 3313 C
2246 3200 2633 3276 Ἐξαπορηθεὶς
2665 3203 2897 3278 Μιχαὴλ
2930 3208 3059 3278 γοῦν
3090 3210 3213 3267 τοῖς
3255 3206 3435 3280 ὅλοις,

2066 3301 2208 3355 9390
2248 3300 2498 3356 Ἐνοῦσαν
2532 3301 2683 3374 αὐτῳ
2717 3303 2969 3377 στρατιὰν
3003 3300 3293 3367 συναλίσας

2243 3389 2348 3445 Καὶ
2378 3392 2747 3465 Συμμαχικὸν
2780 3387 3111 3467 προσλαϐὼν
3142 3391 3203 3448 ἐκ
3233 3394 3477 3449 Λατίνων

2242 3480 2366 3535 Τῶν
2396 3477 2557 3533 τοῦδε
2586 3474 2851 3555 γαμϐρῶν
2888 3482 3188 3555 πρίγκιπός
3214 3484 3263 3538 τ’
3295 3482 3519 3558 Ἀχαΐας

2246 3568 2349 3624 Καὶ
2383 3568 2628 3624 Σικελῶν
2657 3567 2927 3645 ἄρχοντος
2960 3568 3135 3626 ἄλλου
3166 3571 3428 3649 νυμφίου,

2247 3656 2341 3719 Εἰς
2371 3657 2787 3733 ἀντιπαράταξιν
2820 3660 2949 3727 ἧκεν
2984 3660 3243 3715 Αὐσόνων
3281 3680 3294 3693 ⁸

2063 3748 2207 3803 9395
2248 3747 2450 3802 Στανὸν
2480 3750 2829 3821 παραμείψας
2863 3745 2940 3817 δὲ,
2976 3749 3196 3805 Σωσκὸν
3231 3749 3431 3826 χωρία,

2244 3838 2342 3890 Καὶ
2376 3836 2715 3913 Πελαγονίας
2752 3835 2809 3892 δὲ
2835 3838 2930 3899 τὰς
2956 3835 3217 3902 πεδιάδας

2244 3926 2451 4001 Ἀγχοῦ
2475 3926 2803 4000 Πριλλάπου
2834 3926 3099 4003 φρουρίου
3131 3929 3431 4000 κατεστάθη
3472 3947 3485 3962 ’

2244 4015 2408 4070 Κάκεῖ
2439 4012 2669 4070 συνιδὼν
2704 4016 2779 4077 ὡς
2807 4014 2959 4069 στενά
2990 4015 3041 4069 οἱ
3072 4017 3330 4092 τυγχάνει

2242 4104 2318 4157 Τά
2344 4112 2445 4174 τῆς
2474 4104 2653 4179 τόχης
2688 4104 2892 4159 ἅπαντα
2921 4103 3011 4158 καὶ
3042 4103 3232 4179 πλήρη
3265 4103 3458 4176 ζάλης,

2063 4204 2207 4259 9400
2243 4203 2473 4278 Νύκτωρ
2508 4202 2713 4277 ἀπέδρα
2744 4203 2835 4259 σὺν
2867 4206 3039 4277 τέκνῳ
3065 4203 3390 4281 Νικηφόρῳ,

2245 4295 2631 4366 Σκηνοόμενον
2666 4294 2973 4367 στράτευμα
3003 4292 3180 4349 λιπὼν
3215 4293 3422 4350 αὐτόθι.

2244 4386 2450 4440 ’Έωῦεν
2484 4382 2677 4457 ἀμέλει
2712 4382 2769 4439 δὲ
2799 4382 3201 4459 ὃιεγνωσμένου

2247 4474 2330 4529 Τά
2358 4471 2519 4528 τοῦδε
2548 4472 2644 4529 τοῦ
2677 4471 2953 4549 δράματος
2988 4473 3049 4529 ἐκ
3077 4478 3185 4529 τῶν
3218 4472 3577 4549 πραγμάτων,

2246 4562 2600 4636 ΠροστίΘεται
2638 4564 2734 4635 μὶν
2765 4563 2823 4618 ἐκ
2849 4562 3134 4641 φάλαγγος
3162 4560 3428 4618 δεσπότου

1990 4609 2036 4673 D
2066 4652 2209 4707 9405
2246 4609 2320 4708 'Hr
2340 4609 2779 4726 Ῥωμαϊκοὲτοῦ
2809 4609 3343 4728 γένουςικατηγμὲνη

2247 4740 2351 4795 Σὺν
2384 4741 2803 4819 ταγματάρχαις
2836 4739 3059 4817 ἀνδράσι
3090 4746 3135 4795 τ’
3164 4739 3435 4817 ἐριτίμοις

2245 4835 2332 4903 Τῷ
2365 4826 2825 4908 σεϐαστοκράτορι
2858 4830 3233 4906 χαριτωνόμῳ
3268 4849 3281 4864 ⁸

2245 4922 2333 4977 Ἐν
2368 4923 2451 4985 οἷς
2480 4943 2541 4997 γε
2574 4923 2895 4976 συντέτακτο
2926 4922 3013 4975 καὶ
3044 4925 3174 4984 παῖς
3201 4941 3284 4981 τις
3313 4919 3474 4984 νόθος

2245 5010 2306 5067 Ὁ
2340 5011 2600 5080 Ἰωάννης
2629 5015 2724 5066 τοῦ
2753 5009 2994 5088 φυγάδος
3022 5008 3309 5065 δεσπότου.

2064 5101 2205 5155 9410
2247 5099 2611 5175 Συμμαχικὸν
2647 5100 2859 5173 ξύμπαν
2891 5098 2948 5154 δὲ
2977 5099 3221 5156 Λατίνων
3247 5096 3436 5174 γένους

2248 5189 2353 5244 Σὺν
2386 5188 2616 5265 Ἀχαίας
2650 5190 2998 5267 συσχεθέντες
3030 5188 3336 5266 πριγκίπῳ,

2250 5279 2392 5355 Πρὸς
2421 5279 2513 5333 τὸν
2543 5282 2859 5355 κρατάρχην
2894 5278 3196 5349 ἐστάλησαν
3230 5277 3279 5332 ἐν
3314 5276 3527 5339 πέδαις.

2245 5370 2415 5439 Χώρα
2446 5365 2503 5422 δὲ
2532 5375 2678 5424 πᾶσα
2708 5368 2799 5424 σὺν
2831 5368 3154 5444 πολιχνίοις
3183 5365 3339 5429 ὅλοις

2244 5461 2338 5530 Τῷ
2368 5460 2664 5532 Ῥωμαϊκῷ
2691 5458 3063 5528 καθυπεκλίθη
3092 5462 3298 5532 κράτει.

2065 5550 2208 5605 9415
2247 5546 2492 5621 ’Λλὲξιος
2520 5553 2651 5623 γοῦν
2684 5549 2737 5604 ἐν
2769 5546 3118 5622 δομεστίκοις
3155 5548 3318 5623 μέγας

2246 5636 2750 5713 Στρατηγόπουλος
2771 5638 2857 5694 καὶ
2892 5634 3086 5693 Ῥαοὺλ
3121 5638 3376 5706 Ἰωάννης

2243 5727 2351 5784 Καὶ
2379 5728 2578 5804 μίχρις
2603 5725 2773 5801 αὐτῆς
2804 5724 3148 5803 κατέδραμον
3176 5731 3277 5800 τῆς
3301 5726 3535 5803 ’Δρτηςι
