4076 6400
235 406 347 462 345

422 526 857 598 Λεηλατοῦντες,
890 516 1232 598 ἐκτρίϐοντες
1263 520 1509 596 ἐσχάτως

420 616 625 690 Χώραν
657 611 894 689 Μιχαὴλ
927 609 1193 667 δεσπότου
1227 611 1318 665 σὺν
1352 605 1660 684 φρουρίοις.

234 709 382 764 9420
424 699 891 777 Σεϐαστοκάάτωρ
922 702 1184 771 Ἰωάννης
1217 696 1264 755 δ’
1295 700 1359 754 αὗ
1389 696 1553 753 πάλιν

425 794 576 867 Πρὸς
608 792 826 866 ΙΙάτραν
860 788 1178 865 ἐστράτευσε
1206 790 1305 857 νὴν
1328 787 1592 863 νεωτέραν

426 886 615 958 "Ewa
654 883 771 954 μεθ’
804 879 969 936 αὐτοῦ
999 878 1092 935 καὶ
1121 880 1213 934 τὸν
1241 879 1357 932 υἱὸν
1391 874 1679 931 δεσπότου.

429 974 509 1029 Οὗ
543 972 677 1050 φθᾶς
719 968 1125 1044 ἐμνημόνευσεν
1156 969 1345 1023 ἀνόπιν
1377 961 1564 1041 Λόγος,

424 1062 615 1122 ⁴Οστις
643 1061 735 1114 σὺν
771 1058 969 1121 ἄλλοις
997 1054 1303 1133 ἀπνδράσας
1337 1054 1576 1130 μετρίοις

250 1162 393 1219 9425
428 1158 631 1235 Τρέχει
662 1157 799 1233 πρὸς
833 1157 1001 1211 αὐτοῦ
1030 1153 1236 1233 πατέρα
1264 1155 1355 1210 τὸν
1390 1151 1680 1222 δεσπότην,

426 1250 649 1320 Νήσους
680 1245 1053 1322 περιπλέοντα
1075 1245 1170 1307 τὰς
1204 1243 1601 1322 ἀμφιρρύτους,

425 1341 538 1408 Τὴν
569 1342 676 1393 τῶν
708 1334 1041 1415 Κεφαλήνων
1073 1356 1132 1390 τε
1160 1335 1249 1389 καὶ
1278 1334 1383 1402 τὴΛ
1412 1328 1680 1400 Λευκάδα,

431 1430 682 1502 νΕρημος
717 1427 790 1480 ὧν
821 1423 1012 1489 ἅθλιος
1042 1426 1222 1499 ἀρχῆς
1256 1419 1536 1495 πατρίδος·

426 1517 577 1573 Ἐπεὶ
606 1512 653 1570 δ’
686 1513 1025 1589 ἑπανέδραμε
1058 1513 1193 1589 πρὸς
1222 1512 1317 1567 τὸν
1349 1511 1577 1585 πατέρα,

242 1608 391 1665 9430
436 1605 539 1661 Σὺν
570 1602 703 1677 τῷδ’
734 1603 993 1678 ἀθροίσας
1024 1602 1278 1679 στρατιὰν
1312 1602 1374 1656 οὐ
1409 1600 1654 1674 μετρίαν,

426 1695 542 1762 Τὴν
573 1693 894 1765 Ῥωμαϊκὴν
924 1689 1197 1762 ἐξελαύνει
1232 1689 1499 1764 μακρόθεν

435 1787 619 1859 ’Όρων
652 1785 891 1844 παλαιᾶς
924 1780 1181 1853 Ἠπείρου
1217 1781 1405 1855 μάχης
1434 1778 1610 1853 νόμῳ.

436 1872 615 1929 Ἀλλά
646 1872 1036 1947 χαριτώνυμος
1068 1864 1511 1942 σεϐαστοκράτωρ
1523 1914 1537 1937 ,

432 1963 541 2018 Καὶ
572 1958 722 2016 τοῦδ’
754 1961 940 2036 ἑκυρὸς
969 1964 1377 2020 Κωνσταντῖνος
1406 1957 1677 2032 Τορνίκης

250 2054 396 2110 9435
435 2054 523 2107 Ἐν
553 2056 620 2126 τῇ
650 2052 940 2125 Λαμψάκῳ
974 2049 1190 2125 βασιλεῖ
1219 2047 1626 2125 προσηλθέτην·

436 2143 533 2197 Καὶ
566 2142 657 2196 τὸν
695 2142 789 2214 μὶν
823 2137 1159 2215 αὐτάδελφον
1192 2137 1358 2193 αὐτοῦ
1388 2138 1487 2205 τὴν
1513 2137 1674 2212 χάριν

428 2234 524 2304 Τῷ
556 2228 865 2301 δεσποτικῷ
894 2233 1098 2283 ταινιοῖ
1130 2228 1372 2302 Λαμπρῴ
1406 2226 1606 2303 στέφει⁶

426 2321 524 2383 Εἷς
557 2320 705 2393 ἀξίαν
743 2316 802 2374 δὲ
824 2313 1351 2393 σεϐαστοκρατορίας

430 2404 783 2477 Ἀναϐιϐάζει
814 2408 1085 2481 Τορνίκην
1114 2408 1543 2463 Κωνσταντῖνον⁶

244 2512 392 2569 8440
432 2507 682 2578 ’Λλέξεον
717 2504 775 2562 δὲ
810 2503 1314 2581 Στρατηγόπουλον
1342 2504 1507 2560 πάλιν

435 2596 534 2659 Εἷς
563 2596 846 2670 Καισάρων
879 2592 1051 2670 ἤγαγε
1079 2594 1336 2668 λαμπρὰν
1369 2594 1542 2664 ἀξίανο

428 2686 533 2744 Τὸν
570 2686 812 2759 Καίσαρα
844 2682 901 2738 δὲ
933 2683 1195 2759 σύγγονον
1226 2687 1633 2739 Κωνσταντῖνον

434 2776 531 2837 Εἷς
564 2770 1042 2849 σεϐαστοκράτορα
1070 2773 1161 2827 καὶ
1185 2770 1327 2828 τόνδ’
1360 2771 1563 2846 ἀνάγει·

440 2864 595 2933 Πλὴν
630 2869 963 2942 χρυσουφεῖς
994 2863 1185 2926 ἀετοὺς
1217 2868 1401 2939 φορεῖν
1429 2862 1584 2936 νέμει

251 2959 397 3015 6445
434 2957 519 3010 Ἑν
550 2961 672 3018 τοῖς
700 2952 973 3023 πεδίλοις,
1006 2954 1338 3028 παράσημον
1369 2951 1536 3025 ἀξίας.

432 3047 605 3120 Ἠρος
637 3041 683 3098 δ’
714 3041 1136 3117 ἐπιλάμψαντος
1166 3040 1299 3118 ἄρας
1332 3042 1639 3115 Λαμψάκου

442 3133 605 3203 Ἀναξ
632 3131 870 3208 Μιχαὴλ
901 3130 993 3185 σὺν
1029 3130 1422 3206 στρατεύμασιν
1452 3128 1608 3192 ὅλοις

438 3221 874 3298 Ἐπιστρατεύειν
904 3223 973 3295 τῇ
1008 3220 1412 3275 Κωνσταντίνου
1450 3217 1635 3290 πόλει,

440 3311 512 3369 Ei’
534 3332 651 3374 πως
683 3308 893 3384 δυνηθῇ
934 3312 1224 3379 Λατινικῆς
1256 3309 1448 3371 κακίας

256 3401 403 3457 9450
443 3399 841 3475 Ἐλευθερῶσαι
868 3396 1033 3468 τήνδε
1060 3404 1181 3460 ταῖς
1213 3397 1590 3473 στρατηγίαις.

433 3489 541 3544 Καὶ
569 3489 717 3543 ταῦτ’
750 3486 923 3542 ἐποίει
952 3491 1072 3549 τοῖς
1106 3485 1294 3561 λόγοις
1320 3484 1686 3556 πεπεισμένος

436 3576 561 3652 Οὐχ
588 3578 755 3647 ἦττον
786 3575 927 3651 ἤπερ
958 3580 1036 3647 τῷ
1069 3574 1484 3651 στρατευμάτων
1520 3573 1714 3642 σθένει,

441 3664 669 3743 Ἀνδρὸς
700 3666 941 3721 Λατίνου
960 3663 1161 3735 κλῆσιν
1194 3662 1516 3721 Ἀσελδεκάε

440 3751 611 3810 Πόλιν
645 3752 949 3830 προδώσειν
988 3751 1205 3829 βασιλεῖ
1233 3750 1608 3828 προφαμένου.

254 3856 406 3910 9455
446 3852 598 3909 Ἐπεὶ
631 3852 678 3908 δ’
708 3851 1121 3925 ἐπεστράτευσεν
1149 3849 1205 3905 ἐτ
1235 3847 1539 3919 Βυζαντίδι,

442 3942 544 3996 Καὶ
575 3944 820 4016 φανερῶς
849 3937 1056 4015 ἔγνωκε
1082 3940 1151 3994 τά
1177 3945 1279 4008 τῆς
1310 3938 1543 4008 ἀπάτης,

440 4029 609 4095 Λῦθις
640 4030 985 4100 ἐπανέζευξεν
1018 4027 1094 4091 εἰς
1122 4024 1197 4083 ἓω
1225 4028 1449 4095 τόπους,

438 4122 603 4183 Ἔνθα
631 4118 953 4194 προσελθὼν
981 4116 1246 4191 Τορνίκης
1278 4116 1338 4172 ἐκ
1374 4116 1605 4177 Νικαίας

441 4210 522 4263 Δι’
552 4208 826 4283 Ἀρσένιον
862 4206 1112 4282 λιπαρῶς
1141 4202 1426 4275 ἠντιϐόλει

254 4301 405 4356 9460
443 4299 533 4361 Ὠς
562 4296 826 4374 ἐγκρατὴς
857 4316 1067 4371 γενοιτο
1098 4294 1262 4351 πάλιν
1293 4299 1391 4350 τοῦ
1423 4294 1640 4372 θρόνου⁶

438 4387 593 4445 Ἐπεῖ
625 4388 728 4463 γὰρ
762 4387 1020 4463 ἐστέρητο
1052 4386 1321 4460 ποιμένος
1350 4385 1546 4462 θρόνος

441 4478 599 4553 Ἀρτι
631 4477 884 4541 θανόντος
916 4476 1144 4554 Ἐφέσου
1174 4476 1497 4552 Νικηφόρου

440 4567 538 4630 "Oc
568 4563 635 4634 δὴ
672 4566 926 4642 μετήχθη
962 4565 1099 4641 πρὸς
1135 4564 1329 4640 θρόνον
1363 4562 1706 4634 Βυζαντίδος’

440 4658 555 4713 Τοῖ’)
586 4653 635 4710 δ’
665 4654 950 4730 Ἀρσενίου
978 4658 1170 4710 τοῦτον
1203 4654 1601 4726 ἀπειπαμένου,

249 4756 399 4810 9465
441 4749 652 4808 Ἐδεῖτο
684 4749 854 4807 πάλιν
886 4749 1047 4808 τόνδε
1078 4746 1265 4807 λαϐεῖν
1296 4752 1389 4807 τὸν
1424 4751 1638 4827 θρόνον·

438 4840 678 4898 Δόσνουν
708 4839 755 4897 δ’
785 4842 960 4914 ἑαυτῷ
988 4840 1374 4918 ποιμενάρχην
1409 4841 1486 4913 μὴ
1519 4839 1693 4895 θέλων

438 4935 667 5007 νΛρχειν
700 4929 981 5008 βασιλεὺς,
1013 4928 1388 5007 παρακλήσεις
1418 4930 1649 5007 ἠκύρου.

443 5020 621 5085 Οὗτος
649 5023 750 5098 γὰρ
785 5021 1066 5097 Ἀρσένιος
1101 5017 1174 5076 ὢν
1204 5020 1500 5097 ἀρχιθύτης

443 5110 638 5188 Στέφει
672 5108 909 5185 Μιχαὴλ
940 5114 1019 5182 τῷ
1048 5129 1386 5185 κραταρχιας
1421 5108 1624 5187 στέφει,

247 5202 395 5257 9470
433 5206 670 5258 ’Δνακτα
697 5198 876 5271 δείξας
906 5198 1266 5275 αὐτοκράτορ’
1297 5200 1573 5256 Αὐσόνωνο

435 5293 665 5343 Ἔπειτα
695 5286 882 5367 φανεὶς
916 5284 1189 5361 δυσμενὴς
1225 5287 1323 5343 οὐκ
1349 5286 1449 5344 οἶδ’
1491 5290 1643 5351 ὅπως

433 5376 540 5433 Σὺν
589 5375 931 5455 Ἀνδρονίκῳ
964 5375 1219 5452 Σάρδεων
1252 5377 1519 5454 ἀρχιθότῃ

442 5469 585 5542 Πρὸς
615 5465 662 5523 δ’
693 5466 758 5523 αὖ
789 5466 1056 5537 Μανουὴλ
1087 5472 1167 5540 τῷ
1197 5466 1658 5537 Θεσσαλονικέων,

442 5560 596 5633 Μονῇ
627 5552 1012 5632 παραδέδωκεν
1044 5554 1203 5611 αὐτὸν
1237 5553 1463 5634 διάγειν,

256 5645 406 5701 9475
447 5646 617 5703 Ἐκὼν
652 5644 932 5707 λελοιπὼς
961 5643 1061 5714 τὴν
1091 5642 1204 5701 λεὼ
1231 5642 1541 5722 προεδρίαν

442 5740 597 5807 Ὅθεν
636 5732 896 5817 βασιλεὺς
920 5738 1318 5812 ποιμεναρχῶν
1346 5735 1409 5793 τὸ
1443 5733 1630 5813 στίφος

1948 1897 1994 1962 Β

1779 393 2147 447 ΟΕΒΔΒΕΒ.

1941 517 1995 584 Α
2025 517 2391 589 diripientes,
2423 517 2681 574 vastitati
2713 518 2919 574 dantes

1920 637 1925 642 -
2019 618 2231 670 terram
2261 631 2544 687 arcesque
2573 614 2880 671 Michaelis
2911 614 3171 684 despotse

2019 704 2463 760 Sebastocrator
2491 705 2704 760 deinde
2731 705 2995 760 Joannes

2019 794 2091 848 ad
2124 810 2301 849 novas
2333 798 2542 850 Patras
2575 794 2851 866 produxit
2881 792 3231 858 exercitum,

2018 882 2245 938 habens
2277 883 2335 938 in
2367 884 2647 939 comitatu
2680 882 2870 938 filium
2902 883 3162 953 despotae

2019 972 2288 1042 spurium
2319 971 2487 1027 illum
2520 974 2590 1027 de
2615 988 2731 1044 quo
2758 976 2911 1027 retro
2942 970 3202 1025 diximus
3237 987 3251 1028 :

2020 1061 2123 1132 qui
2155 1062 2293 1133 fuga
2323 1060 2560 1134 elapsus
2592 1078 2724 1116 cum
2759 1061 2961 1133 paucis
2992 1060 3316 1115 comitibus

2020 1150 2235 1222 raptim
2270 1167 2538 1206 reversus
2567 1156 2656 1205 est
2683 1153 2753 1205 ad
2788 1154 3008 1222 patrem
3040 1150 3366 1220 despotam,

2021 1250 2122 1320 qui
2154 1249 2463 1305 oberrabat
2493 1248 2718 1321 cymbis
2752 1248 2907 1304 circa
2938 1246 3166 1303 insulas

2020 1338 2436 1409 Cephaleniam
2472 1337 2672 1393 infelix
2703 1342 2880 1409 atque
2912 1337 3235 1393 Leucadem

2020 1427 2180 1483 exsul
2215 1432 2273 1483 et
2298 1427 2485 1499 patrio
2518 1427 2807 1499 spoliatus
2840 1443 3036 1497 regno.

2022 1518 2135 1572 Sed
2167 1518 2325 1573 enim
2356 1521 2491 1589 post
2520 1533 2816 1572 reversum
2849 1518 2919 1571 ad
2950 1532 3011 1571 se
3034 1516 3220 1570 filium

2021 1606 2379 1677 recuperatis
2404 1606 2596 1661 adhuc
2620 1622 2735 1661 non
2770 1606 2960 1678 parvis
2992 1604 3199 1676 copiis,

2022 1697 2340 1751 exercitum
2373 1700 2693 1751 nostratem
2725 1695 2926 1766 procul
2956 1692 3182 1766 expulit

2021 1785 2267 1856 antiqua
2295 1785 2467 1856 Epiro
2498 1785 2678 1840 armis
2709 1783 3081 1840 debellatum.

2022 1875 2456 1930 Sebastocrator
2483 1874 2716 1930 interim
2748 1875 3002 1930 Joannes

2024 1981 2159 2019 cum
2191 1964 2573 2019 Constantino
2605 1979 2805 2019 socero
2832 1963 3081 2020 Tornice

2021 2052 2435 2124 imperatorem
2470 2051 2776 2124 Lampsaci
2816 2054 3251 2116 convenerunt;

2024 2141 2077 2197 is
2099 2146 2294 2197 autem
2317 2142 2552 2197 fratrem
2583 2146 2821 2212 propter
2848 2156 2913 2195 ea
2944 2155 3074 2211 quas
3103 2140 3364 2209 gesserat

2027 2230 2269 2287 sublimi
2301 2230 2584 2303 dignitate
2613 2229 2842 2286 ornavit
2867 2230 3121 2300 despotaa
3157 2244 3171 2282 :

2024 2320 2453 2391 Tornicemque
2483 2318 2662 2375 simul
2695 2318 3147 2374 Constantinum

2027 2418 2319 2489 promovit
2347 2419 2417 2473 ad
2450 2417 2709 2473 officium
2743 2414 3228 2472 sebastocratoris
3260 2429 3274 2468 :

2026 2506 2104 2561 ite
2135 2524 2162 2556 'l
2190 2505 2452 2561 Alexium
2487 2504 2966 2576 Strategopulum

2027 2595 2335 2666 splendido
2365 2594 2537 2650 titulo
2569 2595 2862 2650 decoravit
2889 2592 3155 2660 Caesaris,

2026 2683 2410 2739 Constantino
2441 2683 2698 2755 denique
2732 2683 2893 2737 fratri
2924 2682 3138 2737 Caesari

2027 2774 2507 2829 scbastocratoris
2539 2772 2749 2828 detulit
2778 2773 3090 2839 honorem;

2028 2878 2235 2917 aureas
2261 2862 2503 2933 insuper
2522 2862 2751 2932 aquilas
2784 2859 3076 2915 concessit

2026 2951 2311 3006 indicium
2344 2950 2648 3022 dignitatis
2679 2956 2908 3023 gestare
2939 2951 2996 3003 iu
3021 2947 3250 3003 calceis.

2030 3041 2159 3098 Mox
2187 3056 2321 3096 vere
2352 3045 2570 3111 exorto,
2603 3044 2923 3112 Lampsaco
2952 3037 3263 3093 discedens

2031 3147 2161 3186 cum
2188 3131 2372 3201 copiis
2404 3130 2632 3187 cunctis
2662 3130 2982 3201 imperator
3014 3126 3253 3185 Michael

2032 3220 2599 3292 Constantinopolim
2628 3237 2833 3276 versus
2859 3219 3072 3273 direxit
3105 3218 3248 3285 iter;

2035 3309 2316 3366 nimirum
2348 3314 2695 3382 experturus
2726 3327 2799 3364 an
2831 3313 2955 3365 arte
2986 3307 3197 3363 bellica

2027 3399 2178 3455 hanc
2208 3400 2573 3472 possetjugo
2604 3400 2801 3454 Latino
2833 3399 3181 3456 subducere.

2028 3488 2211 3559 quue
2244 3490 2510 3545 tentahat
2539 3488 2843 3544 conlidens
2872 3487 3183 3559 promissis

2027 3587 2211 3655 (haud
2246 3603 2387 3642 sane
2418 3586 2613 3642 secius
2644 3602 2820 3656 quam
2848 3586 3070 3640 viribus
3101 3583 3330 3640 bellicis

2028 3675 2215 3730 Latini
2246 3676 2376 3740 viri,
2411 3676 2503 3732 cui
2536 3692 2744 3731 nomen
2778 3675 3111 3743 Aseldecae,

2030 3766 2235 3819 urbem
2269 3765 2614 3836 spondentis
2644 3764 2813 3820 nobis
2844 3765 3233 3836 proditurum.

2029 3855 2137 3908 Sed
2171 3853 2271 3908 ubi
2293 3854 2541 3909 accessit
2559 3854 2629 3908 ad
2663 3854 2916 3925 Byzantii
2950 3853 3184 3921 mcenia,

2031 3958 2211 4012 seque
2240 3942 2551 4014 deceptum
2583 3941 2769 3997 sensit
2798 3941 3135 4012 imperator,

2030 4031 2091 4085 in
2125 4030 2408 4086 orientem
2442 4029 2601 4085 ﬂexit
2632 4046 2871 4085 cursum
2905 4031 3119 4085 denuo.

2032 4119 2113 4174 lbi
2145 4120 2376 4176 Nicena
2405 4120 2465 4174 in
2496 4120 2642 4175 urbe
2672 4119 2908 4174 obvium
2942 4118 3148 4172 habuit

2030 4209 2336 4265 Tornicem
2369 4208 2799 4281 supplicantem
2827 4213 2891 4263 ut
2920 4208 3204 4263 Arsenius

2032 4298 2482 4371 patriarchalem
2514 4299 2709 4354 sedem
2740 4300 3131 4369 recuperaret.

2032 4388 2177 4445 Nam
2209 4388 2495 4444 destituta
2526 4386 2781 4444 Ecclesia
2811 4391 3042 4460 pastore
3070 4386 3260 4441 fuerat

2033 4484 2266 4535 mortuo
2296 4496 2484 4552 nuper
2518 4479 2770 4552 Ephesio
2800 4478 3124 4550 Nicephoro

2034 4567 2196 4624 illinc
2225 4569 2511 4626 translato
2539 4570 2613 4625 ad
2646 4570 2845 4626 sedem
2876 4566 3287 4641 Byzantinam;

2033 4674 2211 4729 quam
2246 4674 2378 4715 cum
2421 4660 2704 4715 Arsenius
2734 4664 2945 4731 sponte
2974 4657 3353 4723 deseruisset,

2037 4773 2195 4811 nunc
2217 4774 2279 4812 se
2309 4757 2539 4813 volebat
2570 4774 2777 4813 rursus
2809 4758 2867 4812 in
2898 4772 3023 4812 eam
3057 4754 3310 4811 restitui.

2034 4844 2249 4901 Verum
2295 4846 2592 4902 infensum
2620 4846 3010 4918 patriarcham
3046 4859 3331 4915 respuens

2036 4934 2275 4990 obtrudi
2308 4935 2421 4991 sibi
2454 4935 2693 4993 Michael
2728 4935 3042 5001 abnuebat,

2038 5022 2142 5079 Hic
2164 5040 2305 5081 sane
2333 5025 2619 5081 Arsenius
2650 5025 2909 5097 pontifex
2938 5024 3079 5078 dum
3112 5026 3268 5077 esset

2039 5113 2262 5185 regiam
2295 5130 2569 5170 coronam
2601 5113 2867 5169 Michaeli
2899 5113 3283 5183 imposuerat,

2038 5205 2489 5276 Romanumque
2522 5204 2735 5258 fecerat
2762 5201 3201 5272 imperatorem.

2043 5291 2175 5347 Mox
2205 5292 2475 5349 Michaeli
2502 5291 2698 5348 nescio
2725 5309 2829 5348 cur
2853 5291 3057 5359 iratus,

2041 5398 2178 5437 cum
2210 5382 2543 5439 Andronico
2564 5382 2832 5437 Sardium
2853 5382 3151 5454 episcopo,

2039 5475 2096 5526 et
2124 5471 2389 5528 Manuale
2419 5471 2951 5543 Thessalonicensi,

2036 5561 2106 5614 ad
2142 5562 2479 5617 monasterii
2514 5562 2774 5635 quietem
2815 5578 2877 5618 se
2905 5561 3253 5631 contulerat,

2037 5653 2245 5721 sponte
2272 5650 2520 5710 dimissa
2548 5651 2868 5722 Byzantina
2896 5653 3058 5709 sede.

2035 5738 2223 5803 Quare
2243 5744 2564 5817 imperator
2591 5757 2662 5801 ex
2690 5741 2898 5815 synodi
2930 5742 3223 5800 sententia

3571 382 3677 437 346
