4076 6434
344 402 451 458 347
1567 398 1943 453 EPHRBMII
1989 394 2563 452 CHBONOGRAPHI

342 526 782 601 metropolitani
814 525 1031 598 Ephesi
1062 525 1462 599 Nicephorum

346 620 416 674 ad
449 616 803 690 Byzantinas
829 614 1048 670 infulas
1072 614 1474 671 transtulerat.

342 705 510 762 Nunc
544 705 879 778 postulante
912 722 1119 759 rursus
1153 704 1424 770 utilitate,

344 796 548 851 volens
579 795 807 861 nolens,
841 796 907 850 ut
937 793 1173 862 dicitur,
1216 792 1463 849 Tornice
1492 793 1718 860 orante,

345 886 543 941 sedem
568 882 812 939 Arsenio
845 882 1037 937 reddit
1065 882 1407 952 imperator.

347 973 446 1027 Hic
479 971 589 1027 fuit
618 970 757 1025 dicti
788 970 977 1026 exitus
1012 968 1250 1040 negotii.

344 1062 625 1117 Idoneum
658 1063 862 1131 postea
883 1057 1195 1115 collectum
1227 1057 1546 1114 exercitum

345 1149 754 1223 Strategopulo
781 1147 996 1204 Caesari
1026 1148 1416 1216 demandans,

342 1240 503 1296 misit
531 1239 602 1295 ad
632 1238 948 1309 Hesperios
978 1237 1355 1293 debellandos
1386 1236 1609 1291 hostes.

343 1339 544 1394 Obiter
574 1346 769 1394 tamen
801 1343 859 1393 et
890 1336 1232 1409 Byzantium
1268 1334 1455 1391 visere

332 1427 536 1499 jussit,
565 1432 625 1483 et
652 1426 736 1481 illi
767 1426 961 1481 minas
994 1429 1312 1481 ostentare.

345 1520 459 1574 Res
491 1516 575 1573 ita
598 1521 689 1573 est
720 1519 870 1572 acta.
905 1515 1098 1570 Caesar
1124 1513 1265 1569 illuc
1295 1512 1538 1569 veniens

346 1607 592 1664 armatis
623 1621 865 1660 vacuam
890 1604 1277 1675 deprehendit
1309 1604 1532 1669 urbem,

348 1697 490 1770 quia
519 1694 692 1767 paulo
717 1698 851 1749 ante
882 1693 1091 1750 classis
1122 1692 1381 1765 profecta
1403 1695 1531 1747 erat

348 1788 420 1843 ad
454 1784 825 1857 spoliandam
856 1782 1113 1839 insulam
1148 1781 1572 1854 Dapbnusiam.

346 1876 420 1932 Ut
453 1892 590 1947 ergo
626 1879 799 1930 noctu
831 1874 1082 1931 accessit
1108 1875 1180 1931 ad
1208 1873 1426 1929 mcenia
1455 1877 1645 1927 Caesar

346 1967 593 2023 comites
624 1964 850 2021 habens
883 1965 1170 2037 quosdam
1204 1979 1273 2019 ex
1303 1964 1447 2019 urbe
1487 1962 1786 2033 perfugas,

347 2056 419 2112 ab
454 2055 549 2111 his
579 2054 691 2109 fuit
720 2054 935 2110 certior
954 2054 1166 2123 factus,
1197 2068 1328 2109 esse
1354 2051 1679 2123 antiquitus

349 2143 562 2201 urbani
598 2143 895 2215 quoddam
929 2142 1084 2198 muri
1118 2143 1381 2198 foramen
1413 2145 1643 2212 patens.

349 2234 627 2290 Protinus
658 2249 795 2305 ergo
827 2231 1055 2288 adstitit
1084 2231 1168 2286 illi
1192 2231 1318 2288 loco
1354 2246 1367 2287 :

350 2323 451 2380 ubi
483 2323 881 2394 introgressus
915 2336 1019 2392 per
1050 2321 1315 2376 foramen
1349 2318 1520 2375 miles

348 2412 598 2485 reliquis
628 2411 801 2467 sociis
829 2409 1000 2466 valde
1038 2410 1345 2466 audaciam
1379 2409 1573 2479 auxit;

347 2505 432 2560 ita
461 2509 527 2560 ut
556 2503 716 2559 aliud
749 2520 881 2559 mox
914 2502 1234 2574 penetrarit
1263 2501 1434 2557 miles
1460 2517 1473 2569 ;

346 2594 559 2651 deinde
588 2594 822 2661 tertius,
858 2598 1038 2663 atque
1076 2592 1149 2647 ad
1180 2595 1509 2647 extremum
1544 2588 1884 2661 quindecim
1914 2604 1926 2643 :

348 2692 449 2764 qui
482 2691 762 2747 continuo
793 2689 1063 2746 refractis
1096 2689 1392 2745 introrsus
1422 2687 1609 2760 portis

352 2784 655 2853 patentem
682 2779 915 2836 cunctis
945 2778 1131 2851 copiis
1164 2779 1432 2834 fecerunt
1470 2775 1721 2833 aditum.

352 2875 424 2925 At
445 2870 600 2926 cives
623 2869 944 2941 improviso
976 2866 1230 2940 perculsi
1262 2884 1401 2923 casu

350 2960 410 3014 in
434 2958 834 3015 subterraneis
865 2957 1057 3030 adytis
1089 2956 1372 3029 cellisque
1400 2954 1619 3011 abditis

354 3048 417 3103 in
447 3047 684 3119 angulis
720 3046 988 3103 obscuris
1019 3046 1322 3116 sacrisque
1352 3044 1595 3117 templis

349 3137 441 3193 vel
472 3135 849 3193 monasteriis
886 3140 1071 3192 semet
1102 3134 1547 3191 abstrudebant.

352 3226 594 3283 Latinus
627 3229 823 3281 autem
855 3228 1047 3281 Caesar
1076 3224 1395 3280 Balduinus

350 3315 571 3371 cursim
602 3331 665 3371 se
695 3312 925 3387 regium
956 3312 1208 3370 contulit
1237 3313 1307 3368 ad
1342 3311 1652 3384 palatium,

351 3422 421 3461 ex
451 3420 570 3476 quo
600 3404 773 3460 celeri
805 3419 950 3464 nave
972 3402 1031 3458 in
1063 3403 1315 3474 patriam
1343 3401 1514 3473 fugit.

351 3493 598 3550 Interim
627 3498 827 3549 noster
863 3492 1034 3549 miles
1065 3491 1357 3565 spoliabat
1380 3491 1608 3556 urbem,

348 3582 474 3638 vias
513 3598 901 3648 concursans,
928 3580 1087 3637 vicos
1108 3585 1165 3637 et
1199 3580 1569 3653 angiportus,

347 3670 480 3727 Jam
513 3688 642 3743 quas
673 3671 746 3727 ad
778 3670 1180 3742 Dapbnusiam
1211 3669 1420 3725 classis
1449 3668 1634 3725 iverat

351 3760 625 3833 cognovit
656 3760 821 3816 urbis
854 3777 1053 3817 casum
1087 3761 1241 3831 apud
1273 3759 1589 3832 Anaplum,

350 3850 688 3923 raptimque
720 3850 793 3905 ad
820 3851 949 3921 ejus
971 3850 1216 3907 tutelam
1240 3849 1572 3906 advolabat.

348 3938 565 3994 Verum
590 3940 718 4010 jam
752 3943 951 3996 noster
983 3938 1151 3996 miles
1176 3940 1415 3995 Latinas
1437 3939 1643 3995 domos

348 4028 484 4101 igne
514 4029 779 4100 subjecto
811 4034 1054 4087 cunctas
1086 4029 1503 4086 concremabat
1530 4043 1544 4085 :

352 4134 480 4190 quae
511 4134 606 4175 res
636 4134 666 4174 e
699 4118 849 4175 mari
880 4118 1085 4192 procul
1119 4123 1383 4192 spectata
1414 4116 1599 4188 Italis,

351 4207 566 4263 horum
589 4207 853 4264 cohibuit
884 4210 1190 4280 impetum,
1222 4207 1506 4280 dispersit
1546 4207 1819 4272 classem,

348 4305 442 4362 Sic
474 4306 547 4362 ad
577 4306 906 4364 Romanum
935 4307 1109 4365 rediit
1138 4306 1457 4379 imperium

349 4396 887 4469 Constantinopolis
918 4397 1157 4453 urbium
1188 4395 1408 4467 regina,

355 4484 678 4543 Indictione
709 4489 944 4558 quarta,
976 4485 1119 4542 Julii
1151 4484 1378 4540 mensis

350 4572 560 4645 quinta
589 4591 772 4647 supra
796 4574 1140 4630 vicesimam
1174 4572 1411 4630 labente
1441 4571 1554 4627 die.

351 4679 506 4719 anno
537 4679 606 4718 ex
635 4680 749 4734 quo
777 4662 1039 4718 mundus
1070 4663 1187 4720 Deo
1220 4666 1454 4719 creante
1481 4661 1655 4733 coepit

348 4750 772 4807 sexmillesimo
804 4755 861 4806 et
889 4750 1429 4822 septingentesimo.

350 4843 749 4911 praetereaque
771 4856 924 4896 nono
952 4843 1010 4895 et
1036 4841 1418 4913 sexagesimo.

350 4929 471 4984 Sub
503 4926 783 4984 Italorum
805 4928 1067 4986 hostium
1100 4930 1382 4987 dominio.

350 5017 785 5089 quinquaginta
813 5024 871 5076 et
899 5023 1028 5077 octo
1060 5037 1246 5078 annos
1276 5021 1487 5078 fuerat.

349 5116 639 5172 Nimirum
669 5118 784 5175 Deo
817 5119 1087 5177 collibuit
1117 5125 1181 5177 ut
1209 5120 1581 5177 Constantini

351 5205 615 5260 omnium
646 5206 864 5280 linguis
896 5208 1190 5267 celebrata
1218 5209 1423 5267 civitas

348 5310 482 5349 vere
514 5296 721 5352 mundi
754 5297 1106 5355 miraculum
1140 5304 1197 5355 et
1218 5316 1500 5373 magnum
1531 5299 1711 5355 decus

345 5382 693 5440 liberaretur
721 5386 1057 5444 Latinorum
1088 5389 1399 5460 tyrannide

348 5473 655 5545 nostrique
682 5474 917 5548 imperii
946 5492 1155 5533 rursus
1185 5478 1395 5535 ditioni
1425 5478 1745 5535 accederet.

344 5562 593 5619 Michael
624 5562 949 5637 imperator
978 5570 1120 5622 tunc
1150 5566 1455 5625 diversans

346 5651 417 5706 ad
448 5651 794 5711 Meteorium
826 5654 1015 5711 audiit
1047 5660 1287 5728 repente

346 5738 624 5799 nuntium
653 5757 941 5801 remoram
971 5742 1272 5817 voluptate
1301 5743 1543 5819 plenum

3200 610 3539 685 .

3274 700 3420 773 ,

2098 789 2243 843 9480
2485 789 2655 860 ,
2796 810 2945 867 ,

3094 879 3307 953 ,

2792 962 3157 1041 ,

3078 1056 3391 1126 ,

2102 1248 2246 1302 9485

3022 1602 3356 1677 ,

2105 1693 2247 1747 9490

3275 1964 3507 2036 ,

2103 2152 2249 2206 9495
3177 2148 3373 2206 .

3346 2237 3544 2310 ,

3065 2328 3468 2405 ,

3262 2504 3454 2576 ,

2103 2600 2246 2656 9500
2620 2595 2818 2665 ,

3324 2772 3493 2836 ,

2802 2949 2979 3026 ,
3329 2952 3493 3028 ,

2108 3048 2251 3103 9505
3222 3042 3446 3117 ,

3272 3129 3498 3206 .

2030 3230 2075 3298 G

3223 3309 3453 3384 ,

3298 3395 3554 3475 .

2106 3503 2249 3559 9510

3285 3581 3527 3663 .

3366 3765 3550 3838 ,

3217 3855 3401 3928 ,

2106 3952 2251 4007 9515

3083 4125 3373 4200 ,

2110 4397 2252 4454 9520

3167 4482 3311 4550 ,

2034 4607 2085 4670 D
3150 4569 3408 4641 ,

2111 4855 2254 4910 6525
3282 4845 3439 4905 .

3363 5024 3615 5102 -

2109 5299 2253 5353 9530

3146 5473 3356 5551 ,

2108 5742 2250 5800 9535
