2038 3212
118 203 176 231 353

207 264 382 302 Λυμαντικὸς
396 262 480 295 λόκος
489 273 543 298 τις,
560 263 591 292 οὐ
606 263 717 301 νομεὺς,
733 263 807 297 ὅλως

207 307 426 348 Ηαρεισφθαρεὶς
441 305 519 336 ἔλαθε
534 307 639 346 ποίμνῃ
656 309 803 337 Δεσπότου·

115 355 190 383 9635
208 354 258 383 "Ov
272 352 410 384 ἀπελάσας
427 353 614 385 Κωνστάντιος
624 355 673 381 τοῦ
687 353 785 392 θρόνου

209 399 249 426 Δι’
264 397 311 429 οὕς
326 408 358 436 γε
372 397 555 435 προῦξένησεο
571 396 682 429 ἀδίκους
696 398 807 438 φόνους,

204 442 257 472 Καὶ
276 442 385 480 μᾶλλον
402 443 498 479 οἷσπερ
515 443 587 480 ἱερον
603 443 706 481 πατρὸς
722 444 799 471 νέκυν

205 487 392 524 Ἀνακομίσας
410 486 485 514 ὦπτο
500 489 565 515 νηοῦ
580 487 713 526 Κηρύκων

198 531 254 563 Ἐἲς
271 531 401 560 Ἀκακίου
419 531 557 570 μάρτυρος
573 532 646 560 θεῖον
664 531 760 570 δόμον,

116 578 187 606 9640
203 574 319 611 ’Ἀδοξον
337 574 466 613 Εὐδόξιον
485 576 592 614 Ἀρείου
609 576 689 615 φίλον

206 622 398 657 Ἀντικαθιστᾷ
415 620 497 648 λύκον
514 621 571 649 ἀντὶ
589 622 731 659 ποιμένος-

205 667 255 697 ¹Ός
270 665 413 704 τυγχάνων
430 665 565 704 πρόεδρος
582 666 786 703 Γερμανικείας,

203 711 270 739 Εἶτα
285 710 433 748 κατασχὼν
449 710 625 748 Ἀντιοχείας
640 712 745 749 θρόνον,

206 755 294 786 Τέλος
309 757 437 793 τυραννεῖ
452 754 497 782 καί
513 756 608 793 θρόνον
626 755 802 790 Βυζαντίδος.

112 805 185 832 9645
204 804 276 842 Πρὸς
288 802 381 832 τοῖσδε
396 803 558 841 Δημόφιλος
575 804 679 841 μύστης
696 804 803 842 Ἀρείου

205 848 370 879 Ἐπίσκοπός
385 859 428 880 τις
443 847 565 887 Βεῤῥόης
580 852 630 884 τῆς
645 849 670 876 ἐν
685 849 775 886 Θρᾴκῃ

203 893 368 924 Μετατεθεὶς
384 890 488 931 ᾔσχυνε
499 894 548 927 τὴν
565 893 724 931 προεδρίαν,

201 936 293 976 Οὗπερ
307 938 339 965 τὸ
358 938 434 976 βιοῦν
451 937 668 975 ἐκμετρήσαντος
687 939 773 976 μόρῳ,

200 981 335 1020 Εὖάργιός
348 993 390 1014 τις
406 981 564 1020 ὀρθοδοξίκς
578 982 658 1021 φίλος

110 1028 184 1055 9650
203 1025 355 1064 Προεδρίαν
372 1026 470 1066 εἷ’)ηφε
484 1031 534 1062 τῆς
550 1028 755 1055 Κωνσταντίνου

202 1071 275 1109 Πρὸς
292 1071 441 1100 Εὖσταθίου
455 1075 624 1110 μακαριστοῦ
641 1073 783 1109 ποιμένος,

200 1117 294 1148 Ὅστις
309 1116 378 1154 πρὸς
391 1116 542 1148 Οὐάλεντος
554 1117 656 1152 ἐξώσθη
674 1118 782 1154 θρόνου,

207 1160 288 1196 Μηδέ
305 1160 395 1199 βραχύ
407 1172 434 1188 τι
449 1163 497 1188 τοῦ
514 1161 623 1199 λάχους
639 1162 812 1199 γεγευμένος,

203 1206 270 1234 Εἶτα
279 1205 399 1242 προέστη
416 1206 538 1243 κοσμίως
554 1205 720 1242 Ἐκκλησίας

108 1251 182 1279 9655
200 1251 232 1279 Ὁ
244 1251 382 1288 γρήγορος
395 1253 471 1284 νοῦς,
482 1252 499 1286 ἡ
513 1251 644 1288 θεηγόρος
660 1250 730 1289 λύρα

200 1297 259 1331 Θεῷ
273 1295 396 1330 κινηθεὶς
412 1295 481 1333 πρὸς
495 1293 656 1333 κυϐέρνησιν
674 1296 784 1333 θρόνου,

201 1342 293 1371 Ὅστις
308 1338 407 1375 ἀνέτλη
425 1340 538 1377 μυρίους
552 1339 616 1371 τοὺς
637 1339 779 1372 κινδύνους

200 1385 383 1422 ’Υπερμαχῶν
398 1384 534 1412 κάλλιστα
548 1389 598 1419 τῆς
613 1385 788 1421 Ἐκκλησίας·

200 1430 259 1466 Ἐφ’
276 1429 307 1456 οὗ
323 1430 437 1465 συνέστη
453 1430 522 1457 κατὰ
533 1429 703 1458 Μακεδονίου

109 1478 186 1506 9660
204 1478 359 1516 Ἀθροισμα
374 1478 471 1506 σεπτὸν
488 1477 602 1506 συνόδου
616 1482 666 1513 τῆς
682 1478 806 1516 δευτέρας

211 1525 253 1550 Ἔν
270 1522 394 1561 βασιλιδι
409 1525 442 1560 τῇ
460 1524 666 1551 Κωνσταντίνου
682 1524 772 1552 πόλει.

203 1568 377 1606 Ᾱῦθαιρέτως
391 1567 491 1595 τούτου
508 1567 537 1595 δὲ
553 1569 684 1599 λιπόντος
697 1569 791 1606 θρόνον

203 1613 234 1641 Ἡ
247 1611 362 1645 σύνοδος
377 1612 487 1650 χρίουσι
504 1614 622 1649 ποιμένα
637 1613 716 1641 πόλει

200 1656 351 1695 Νεκτάριον
367 1656 514 1693 λάμποντα
532 1657 583 1695 βίῳ
598 1659 642 1685 καὶ
659 1657 744 1696 λόγῳ,

110 1702 182 1730 9665
203 1701 400 1739 Συγκλητικῶν
413 1712 443 1729 τε
459 1702 504 1729 καὶ
521 1701 670 1739 περιόόξων
690 1701 748 1738 ἕνα,

202 1746 399 1784 Χριστώνυμον
417 1746 477 1783 μὲν,
495 1746 618 1783 ἀμύητον
634 1745 657 1774 δ’
673 1747 764 1775 εἷσέτι·

199 1792 248 1819 Ὃν
265 1791 322 1828 ἅμα
339 1791 509 1829 βαπτίζουσι,
525 1791 635 1829 χρίουσι
652 1791 746 1826 θότην.

203 1836 296 1873 Οὗπερ
314 1836 532 1872 μεταλλάξαντος
552 1836 655 1874 εὐαγῶς
674 1836 742 1873 βίον,

199 1879 286 1912 Κλέτς
304 1883 443 1918 μοναστῶν
460 1882 516 1917 ἅμα
531 1881 576 1908 καὶ
592 1879 782 1918 πρεσϐυτέρων

107 1927 182 1954 9670
204 1926 299 1962 Στόμα
314 1926 344 1954 τὸ
360 1928 480 1964 χρυσοῦν
496 1927 512 1960 ὴ
531 1924 673 1956 θεόσδοτος
689 1926 783 1963 χάρις,

199 1970 232 1999 ἹῙ
249 1972 302 1998 τῶν
318 1970 410 2008 λόγων
425 1970 555 2005 θάλασσα,
573 1969 651 2009 φύσις
666 1972 684 2005 ἡ
701 1970 774 2005 ξένη,

200 2015 339 2052 Ααμπτήρ
355 2015 476 2052 καθάπερ
493 2015 594 2052 ἀρετῶν
610 2014 727 2051 λάμπων
746 2014 805 2054 φάει

199 2059 246 2094 Ἐξ
261 2057 410 2097 Ἀντιόχου
424 2059 595 2096 κατηόγασεν
612 2059 711 2090 ένθὲως

201 2106 258 2139 Τῆς
273 2104 480 2132 Κωνσταντίνου
495 2104 541 2131 τὸν
558 2104 720 2141 περικλυτὸν
738 2104 844 2141 θρόνον,

109 2154 184 2182 9675
202 2153 239 2182 ’ΊῙ
256 2152 363 2190 μᾶλλον
381 2152 466 2180 εἰπεῖν
479 2153 528 2187 τὴν
544 2153 727 2191 τετράκλιμον
743 2154 830 2180 κτίσιν

202 2196 397 2228 Διδασκαλίαις
412 2196 554 2236 φαιδρύνει
570 2203 638 2232 καοη
645 2197 736 2235 μέραν,

203 2241 377 2277 Οἱκουμένης
393 2240 475 2276 ἥλιος
491 2239 527 2268 ὤν
545 2242 734 2280 ψυχοτρόφος.

199 2285 239 2314 Οὗ
254 2287 303 2313 τοῦ
319 2285 418 2321 θρόνου
433 2288 482 2325 φεῦ
500 2286 506 2314 Ι
523 2285 723 2317 ἀπελασθέντος
739 2285 841 2323 φθόνῳ,

203 2329 250 2361 Εἰς
266 2328 289 2357 δ’
303 2329 467 2364 ἀλλοδαπὴν
484 2329 685 2368 έκδιωχθὲντος
697 2331 783 2368 χθόνα

106 2376 181 2404 9680
199 2375 254 2409 Τὴν
271 2374 296 2402 ἐν
312 2375 453 2412 Κομάνοις
465 2374 584 2412 ἐσχάτην
600 2375 726 2413 ἐρημίαν,

199 2420 239 2448 Οὔ
255 2419 421 2457 μακαριστὸν
437 2416 503 2457 ἔσχε
517 2419 562 2447 καὶ
577 2420 664 2457 τέρμα
682 2419 754 2457 βίου,

199 2463 319 2502 Γηραιὸς
333 2465 482 2502 Ἀρσάκιος
497 2463 624 2502 ἔμψυχος
643 2465 721 2496 νέκυς

202 2508 276 2544 Πρὸς
293 2506 437 2546 βασιλίδος
450 2508 629 2546 ἐγκατεστᾶοη
648 2508 734 2546 θρόνῳ

202 2551 346 2588 Εὐδοξίας,
362 2555 411 2592 φεῦ
425 2554 483 2584 οἶος
499 2550 536 2580 ὤν
556 2554 623 2589 μετὰ
637 2554 695 2581 τίνα
713 2555 719 2582 Ι

106 2604 182 2632 9685
201 2603 268 2631 Μετ’
283 2602 362 2637 ἣλιον
382 2602 505 2639 ζόῳωσις
519 2602 566 2630 εἶτ’
581 2602 709 2639 ἀκοσμία.

199 2648 307 2677 Τούτου
323 2647 556 2685 καταστρέψαντος
573 2647 598 2675 έν
616 2648 703 2686 θρόνῳ
721 2649 789 2686 βίον,

199 2689 388 2731 ῐίρεσϐύτερός
404 2702 446 2723 τις
463 2690 584 2727 εὐλαϐὴς
598 2692 764 2728 Ἐκκλησίας

194 2737 301 2772 Κλῆσιν
319 2737 455 2770 Ἀττικὸς,
471 2736 618 2775 ἐμπρέπων
636 2737 700 2775 βίῳ,
717 2738 807 2775 λόγῳ,

196 2784 304 2820 Κοσμεῖ
318 2781 452 2821 καθέδραν
469 2783 543 2821 ἱερὰν
560 2782 735 2818 Βκζαντιδος.

101 2829 179 2857 9590
196 2829 264 2857 Μεθ’
283 2827 313 2856 ὅν
327 2838 371 2859 τις
388 2826 523 2859 Σισίννιος
539 2828 608 2866 ἀνὴρ
628 2825 780 2865 πρεςϐύτης

197 2876 253 2909 Τῆς
268 2873 326 2901 κατ’
342 2871 453 2901 Ἐλαίαν
470 2869 507 2899 ὧν
524 2873 607 2908 θύτης
623 2872 782 2908 ἐκκλησίας,

888 204 1068 233 ΟωΗΚΒ.

963 267 992 300 Α
1005 273 1103 298 vorax,
1119 274 1178 294 non
1190 268 1303 302 pastor,
1319 266 1369 295 ille
1384 266 1674 296 Pnsumatomachus

1005 310 1035 338 in
1051 318 1169 347 gregem
1186 310 1303 339 Domini
1324 311 1492 339 clanculum
1509 311 1614 348 irrupit
1631 320 1639 340 :

1005 354 1096 383 donec
1111 363 1178 383 eum
1195 356 1265 383 sede
1280 355 1393 391 pepulit
1408 356 1609 392 Constantius,

1004 401 1124 436 propter
1136 401 1269 436 patratas
1286 400 1390 435 caedes,
1402 402 1431 428 et
1445 401 1609 437 praesertim

1004 446 1122 480 propter
1136 444 1313 472 translatum
1331 444 1516 473 Constantini
1532 446 1626 481 patris

1004 496 1122 516 sacrum
1134 489 1258 517 cadaver
1272 497 1288 517 e
1303 489 1412 525 templo
1427 489 1635 525 Apostolorum

1002 533 1038 560 ad
1054 533 1194 570 martyris
1208 533 1306 562 Acacii
1322 542 1436 562 sacram
1452 535 1544 562 eadem
1562 543 1569 564 :

1006 583 1221 619 substituitque
1236 583 1378 611 infamem
1395 583 1463 611 huic
1482 584 1643 613 Eudoxium

1001 628 1060 654 Arii
1078 628 1256 663 studiosum,
1273 628 1376 664 lupum
1393 637 1445 664 pro
1462 632 1597 665 pastore;

1001 672 1130 707 quicum
1146 673 1250 700 fuisset
1264 673 1371 708 prmsul
1388 674 1588 708 Germaniciae,

1002 717 1212 744 Antiochenam
1230 720 1331 753 postea
1348 718 1491 745 tenuisset
1507 719 1617 753 sedem,

998 762 1124 797 denique
1140 765 1167 789 et
1182 762 1371 797 Byzantinam
1387 762 1486 798 inique
1501 763 1617 791 invasit.

998 806 1122 833 Secutus
1139 809 1184 834 est
1199 806 1390 842 Demophilus
1405 807 1464 834 Arii
1481 808 1645 843 discipulus

998 851 1048 886 qui
1063 859 1097 878 ex
1113 851 1282 887 episcopatu
1300 851 1467 879 Berrohoete
1483 852 1621 879 Threicia:

996 895 1169 928 translatus,
1186 896 1264 923 hunc
1279 896 1438 931 primatum
1456 896 1602 924 decoravit
1617 905 1624 925 :

958 949 980 981 B
997 945 1081 979 cujus
1097 952 1162 972 cum
1178 945 1266 972 vitam
1283 945 1374 972 fatum
1391 945 1568 981 abrupisset,

996 989 1138 1024 Evagrius
1154 989 1321 1017 orthodoxae
1336 991 1422 1017 tenax
1438 991 1502 1018 ﬁdei

997 1044 1013 1061 a
1027 1035 1115 1062 beatae
1128 1036 1274 1063 memoriae
1285 1036 1439 1063 Eustathio
1455 1037 1591 1072 episcopo

998 1080 1026 1106 in
1040 1079 1197 1115 Byzantina
1211 1080 1279 1107 sede
1296 1080 1504 1115 constituitur;

997 1124 1047 1159 qui
1062 1124 1161 1151 statim
1179 1133 1195 1152 θ,
1210 1124 1331 1152 Valente
1346 1125 1426 1152 exsul
1443 1125 1574 1161 pellitur,

998 1177 1033 1196 ne
1049 1177 1151 1204 parum
1168 1169 1286 1205 quidem
1299 1170 1454 1205 degustato
1471 1170 1590 1198 honore.

998 1213 1104 1240 Deinde
1120 1213 1237 1249 praefuit
1253 1215 1407 1250 magniﬁce
1426 1214 1556 1242 Ecclesia:

998 1258 1155 1293 Gregorius
1171 1258 1233 1293 lyra
1247 1260 1276 1286 et
1291 1262 1388 1286 animo
1407 1259 1560 1295 theologus

997 1311 1012 1329 n
1029 1302 1086 1329 Deo
1103 1304 1255 1338 promotus
1269 1303 1305 1330 ad
1318 1303 1396 1330 sedis
1412 1304 1646 1339 gubernaculum
1661 1313 1666 1331 :

998 1347 1046 1382 qui
1062 1355 1093 1374 se
1109 1347 1273 1375 innumeris
1290 1347 1397 1375 obtulit
1414 1347 1552 1383 periculis

998 1392 1068 1418 dum
1085 1391 1153 1419 forti
1169 1400 1258 1419 manu
1275 1393 1400 1428 protegit
1415 1392 1588 1422 Ecclesium.

996 1436 1056 1463 Sub
1072 1436 1127 1463 hoc
1139 1436 1247 1463 coaluit
1262 1439 1363 1464 contra
1379 1437 1582 1465 Macedonium

998 1481 1126 1508 secunda
1141 1481 1257 1508 Patrum
1273 1482 1439 1509 veneranda
1455 1482 1585 1517 synodus

998 1527 1026 1552 in
1043 1525 1225 1552 Constantini
1241 1526 1321 1560 regia
1334 1526 1495 1561 metropoli.

997 1570 1135 1605 Gregorio
1152 1572 1255 1605 sponte
1269 1570 1368 1598 sedem
1386 1571 1582 1606 relinquente,

959 1633 980 1666 Ο
1000 1615 1130 1651 synodus
1146 1614 1210 1642 urbi
1228 1615 1346 1650 praeficit
1364 1618 1511 1650 pastorem

1000 1659 1167 1687 Nectarium
1184 1660 1240 1686 vita
1255 1662 1283 1686 et
1298 1659 1404 1687 litteris
1422 1660 1592 1696 fulgentem,

999 1706 1162 1731 senatorem
1179 1703 1307 1731 nobilem
1325 1706 1353 1731 et
1366 1704 1548 1739 optimatem,

999 1748 1140 1776 asseclam
1157 1748 1275 1781 Christi,
1292 1749 1342 1776 sed
1360 1749 1488 1776 nondum
1505 1749 1652 1777 initiatum
1669 1758 1676 1777 :

999 1802 1089 1829 quare
1105 1794 1253 1829 baptizant
1270 1793 1358 1821 simul
1375 1796 1402 1821 et
1418 1798 1542 1830 myslsm
1560 1797 1685 1830 ungunt.

999 1843 1094 1877 Atque
1109 1842 1164 1870 hoc
1180 1844 1280 1869 sancte
1295 1842 1385 1870 vitam
1401 1843 1606 1878 concludente,

999 1887 1208 1914 monachorum
1225 1887 1298 1914 illud
1314 1887 1403 1915 decus
1420 1891 1447 1915 et
1461 1888 1645 1924 presbyterii,

998 1939 1120 1959 aureum
1138 1940 1181 1964 os,
1197 1931 1311 1959 coalitus
1327 1932 1421 1967 gratia
1437 1932 1514 1966 dats,

999 1984 1078 2003 mare
1094 1975 1278 2009 eloquentiae,
1295 1975 1447 2011 ingenium
1468 1976 1682 2012 prodigiosum,

997 2021 1139 2048 virtutum
1157 2020 1221 2047 luce
1237 2020 1397 2056 splendens
1410 2024 1551 2056 tanquam
1567 2021 1693 2057 lampas,

997 2065 1153 2093 Antiochia
1169 2064 1307 2092 divinitus
1323 2065 1433 2093 effulsit

998 2111 1031 2137 ad
1050 2109 1238 2146 Byzantinam
1255 2109 1488 2137 collustrandam
1506 2110 1627 2144 sedem;

997 2154 1041 2182 vel
1059 2154 1156 2190 potius
1173 2154 1309 2182 universo
1323 2154 1419 2181 illuxit
1436 2155 1555 2190 mundo,

999 2208 1086 2235 quem
1103 2199 1270 2234 magisterio
1287 2208 1339 2226 suo
1355 2199 1485 2234 quotidie
1501 2199 1661 2235 illuminat,

1000 2252 1066 2271 vere
1082 2243 1210 2271 universi
1227 2243 1307 2271 orbis
1322 2243 1365 2271 sol
1381 2244 1524 2271 vivificus.

1001 2291 1095 2324 Atque
1107 2288 1162 2315 hoc
1175 2288 1243 2315 sede
1259 2288 1294 2315 ab
1308 2288 1415 2315 invidis
1428 2288 1549 2324 expulso

999 2336 1086 2369 atque
1104 2333 1139 2360 ad
1156 2335 1308 2360 extraneas
1323 2333 1478 2367 proterrito
1492 2333 1637 2369 regiones,

997 2386 1102 2413 nempe
1118 2377 1152 2404 ad
1168 2377 1354 2404 Comanicam
1371 2378 1454 2405 Ponti
1471 2377 1673 2413 solitudinem,

999 2423 1048 2449 ubi
1064 2424 1092 2449 et
1107 2422 1226 2449 beatum
1244 2421 1348 2449 habuit
1362 2422 1426 2449 vitae
1440 2422 1621 2456 terminum;

998 2471 1166 2507 decrepitus
1182 2470 1316 2498 Arsacias
1332 2473 1361 2498 et
1375 2471 1422 2498 vix
1436 2471 1553 2506 spirans

999 2515 1134 2544 Eudoxia
1147 2516 1235 2550 jussu
1253 2517 1384 2550 augustas
1400 2515 1428 2542 in
1445 2516 1585 2551 pastorali

997 2560 1104 2597 (qualis
1121 2561 1186 2595 post
1203 2562 1344 2595 quantum
1360 2560 1378 2595 !)
1395 2561 1442 2587 sed
1460 2560 1668 2595 constituitur;

999 2613 1104 2641 nempe
1119 2607 1183 2640 post
1198 2604 1290 2632 solem
1305 2604 1430 2632 tenebrze
1447 2607 1476 2632 et
1490 2605 1636 2634 confusio.

998 2651 1057 2678 Hoc
1071 2650 1161 2677 vitam
1175 2649 1264 2676 simul
1278 2650 1438 2686 sedemque
1452 2649 1646 2686 relinquente,

997 2695 1111 2722 Atticus
1127 2694 1233 2721 ﬂorens
1250 2694 1381 2722 moribus
1397 2697 1425 2722 et
1439 2694 1556 2730 litteris,

997 2740 1048 2776 qui
1067 2739 1132 2775 pius
1144 2740 1205 2765 erat
1221 2739 1373 2775 presbyter
1388 2739 1532 2772 Ecclesize,

997 2792 1111 2813 sacram
1127 2783 1242 2811 ornavit
1257 2783 1426 2812 cathedram
1445 2785 1586 2820 Byzantii.

996 2830 1063 2857 Post
1081 2829 1158 2856 hunc
1173 2829 1348 2863 grandaevus
1361 2831 1444 2857 letale
1459 2830 1617 2865 Sisinnius,

996 2873 1145 2902 Eccclesize
1162 2873 1301 2901 sacerdos
1317 2874 1352 2902 ad
1369 2874 1469 2902 Oleam
1485 2875 1597 2910 posilm,
