4076 6424
245 410 352 467 357

422 537 608 597 Ὃσιος
631 532 792 609 ἀνὴρ,
821 530 1126 611 ὀρθοδόξων
1158 534 1491 612 προστάτης,

423 624 623 680 Ὅντιν’
654 624 950 698 ἀναθεματι
983 626 1060 699 μὴ
1088 624 1450 699 πεπεισμένον

424 707 839 769 Καθυποϐαλεῖν
872 710 1103 769 σύνοδον
1132 709 1451 790 τρισολϐίαν

424 804 514 860 Ἐν
547 799 862 873 Χαλκηδόνι
895 801 1301 868 συναλισθεῖσαν
1334 803 1507 859 πάλαι

243 895 385 951 9755
424 891 590 962 Ἀναξ
623 889 974 955 Ἀναστάσιος
1004 887 1250 948 ἐκϐαλὼν
1287 892 1505 969 θρόνου,

424 981 657 1052 Τίθησιν
688 980 958 1057 ἐξόριστον
992 980 1168 1056 ἀδίκῳ
1199 980 1344 1057 δικῃ·

420 1073 800 1141 Ἀντικαθιστᾷ
826 1070 872 1125 δ’
904 1069 980 1133 εἷς
1012 1071 1207 1145 θρόνον
1240 1068 1568 1141 Βυζαντίδος

422 1163 641 1214 Σκευῶν
680 1160 842 1234 μέγαν
877 1159 1094 1239 φύλακα
1120 1167 1222 1230 τῆς
1258 1158 1589 1232 Ἐκκλησίας

424 1253 578 1304 Θεῖον
612 1245 948 1304 Μακεδόνιον
980 1248 1039 1304 ἐκ
1067 1244 1469 1325 πρεσϐυτέρων·

252 1342 384 1397 9760
419 1342 518 1398 "Ov
552 1341 812 1410 ἀθετῆσαι
848 1338 1123 1415 μηδαμῶς
1156 1342 1266 1417 ᾑρη
1280 1342 1439 1415 μενον

421 1427 729 1502 Εἷρημὲνον
762 1427 1015 1502 σύστημα
1047 1434 1256 1484 σεπτῶν
1288 1430 1568 1505 Πατὲρων,

420 1518 521 1580 Εἷς
554 1517 808 1593 Εὗχάϊτα
839 1516 1126 1596 φυγαδεύει
1155 1521 1258 1589 την
1290 1514 1480 1575 πόλιν.

427 1608 701 1681 Τιμόθεον
735 1605 782 1661 δ’
811 1606 1004 1681 ἄτιμον
1038 1607 1398 1685 ἐγκαθιδρύει,

427 1695 603 1767 Θύτην
641 1697 736 1770 μὲν
767 1694 917 1767 ὅντα,
953 1697 1335 1776 σκευοφύλακά
1363 1700 1405 1753 θ’
1440 1699 1553 1772 ἅμα

242 1797 385 1851 9765
419 1793 753 1865 Ἐκκλησίας
783 1794 934 1870 πρὶν,
965 1796 1236 1871 αἱρετικὸν
1269 1794 1316 1851 δ’
1341 1796 1406 1852 αὖ
1438 1792 1624 1866 σὲϐας,

426 1882 791 1960 Ὀρθόφροσιν
822 1886 995 1960 ἄχθος
1024 1907 1078 1940 τι
1111 1886 1341 1963 φανέντα
1374 1886 1534 1961 μέγα.

423 1973 631 2028 Τούτου
661 1973 1135 2049 καταστρέψαντος
1161 1975 1370 2039 ἀθλίως
1407 1976 1548 2050 βίον,

432 2064 692 2134 Ἰωάννης
721 2062 1031 2139 σύγκελλος
1067 2067 1179 2138 ἅμα
1209 2067 1298 2121 καὶ
1334 2066 1524 2138 θύτης,

431 2151 582 2207 Γένει
615 2150 983 2224 Καππαδόκης
1015 2152 1095 2223 δὲ,
1129 2149 1399 2227 λαμϐάνει
1432 2154 1645 2228 θρόνον’

250 2244 395 2298 9770
434 2243 617 2318 Οὗπερ
642 2241 1074 2312 τελευτήσαντος
1108 2242 1157 2298 ἐν
1190 2242 1476 2320 προεδρίᾳ,

436 2332 759 2405 Ἑπιφάνιος
790 2329 1037 2409 ἐμφανὴς
1067 2331 1139 2387 ὣν
1173 2337 1264 2387 τὸν
1300 2332 1415 2409 βίον

433 2415 810 2497 Ηρεσϐύτερος
843 2420 1149 2496 σύγκελλος
1179 2420 1308 2499 ἔσχε
1335 2423 1426 2477 τὸν
1459 2423 1673 2498 θρόνον.

430 2509 643 2567 Τούτου
683 2509 942 2574 θανόντος
973 2512 1238 2584 ’Λνθιμος
1267 2514 1680 2587 Τραπεζοῦντος

430 2595 734 2670 Ἐπιϐάτης
766 2596 1008 2655 δέδεικτο
1039 2603 1138 2655 τοῦ
1171 2605 1369 2655 σεπτοῦ
1402 2602 1617 2675 θρόνου,

243 2699 391 2754 9775
429 2698 623 2757 Νοσῶν
658 2692 908 2773 Σεϐήρου
937 2698 1027 2752 καὶ
1062 2697 1367 2774 Διοσκόρου
1396 2697 1579 2770 νόσον,

428 2789 523 2845 “Ov
555 2786 862 2863 Ἀγαπητὸς
893 2785 1139 2851 καθελὼν
1170 2789 1392 2860 Ῥώμης
1419 2789 1625 2851 πάπας.

431 2878 527 2939 Εἰς
558 2876 938 2952 ποιμενάρχην
967 2879 1067 2947 τῆς
1103 2875 1388 2953 βασιλίδος
1422 2877 1565 2953 χρίει

428 2969 619 3037 Μηνᾶν
654 2965 809 3042 λόγῳ
840 2965 1131 3039 λάμποντα
1159 2966 1250 3021 καὶ
1287 2967 1391 3042 βίῳ
1421 2964 1588 3023 πλέον

427 3054 761 3127 Ἐκκλησίας
790 3055 1061 3135 τρόφιμον
1091 3052 1221 3111 ὄντα
1248 3056 1338 3111 καὶ
1373 3057 1539 3128 θύτην

257 3146 399 3200 9780
432 3141 814 3222 ’Δλεξανδρέα,
843 3150 952 3200 τῶν
985 3146 1227 3219 Σαμψὼν
1262 3143 1573 3221 ξενοδόχον.

428 3233 607 3310 Οὗπερ
639 3233 1077 3307 μεταλλάξαντος
1110 3233 1315 3311 εύαγῶς
1349 3234 1466 3311 βίον

429 3322 697 3399 Εὐτύχιός
728 3344 812 3386 τις
841 3324 931 3379 καὶ
971 3326 1245 3397 μοναστής
1276 3326 1365 3380 καὶ
1396 3323 1561 3396 θύτης

428 3414 618 3483 Μονῆς
647 3413 768 3468 κατ’
796 3412 1093 3487 Ἀμάσειαν
1127 3413 1504 3490 εύαγεστάτης,

424 3501 612 3578 Λόγων
646 3504 859 3579 ἑταῖρος
890 3504 1088 3579 ἀρετῆς
1118 3506 1170 3559 τ’
1200 3504 1264 3557 αὗ
1296 3501 1551 3579 ἐργάτης,

238 3603 386 3658 9785
424 3601 643 3676 Νομιῦς
674 3602 874 3677 ἀγαθὸς
906 3603 1058 3657 ὧπτο
1090 3607 1328 3677 Χριστοῦ
1356 3603 1709 3679 θρεμμάτων·

422 3694 541 3770 Ἐφ’
571 3694 634 3747 οὗ
665 3714 729 3769 γε
757 3692 1019 3767 πέμπτης
1052 3691 1281 3749 συνόδου
1316 3700 1463 3757 θεῖον
1497 3696 1682 3774 στίφος

426 3783 629 3843 Καλῶς
657 3783 878 3847 άλισθὶν
913 3782 965 3838 ἐν
1000 3781 1244 3859 βασιλίδι
1276 3780 1437 3837 πόλει

429 3876 700 3947 Στοιχοῦν
729 3871 991 3948 τετάρτης
1027 3871 1252 3927 συνόδου
1285 3872 1450 3935 θείοις
1484 3874 1633 3948 ὅροις

428 3962 629 4025 Αὐτοῖς
663 3983 727 4039 γε
758 3963 1147 4038 συγγράμμασι
1178 3962 1270 4017 τὸν
1305 3961 1587 4038 Ὠριγένην

239 4054 387 4109 9790
428 4051 658 4123 Τίθησιν
692 4051 1024 4129 ἐκκήρυκνον
1059 4053 1174 4127 ἅμα
1206 4050 1431 4126 Διδύμῳ

428 4142 525 4196 Καὶ
559 4139 841 4217 Θεόδωρον
872 4142 964 4197 τὸν
992 4149 1092 4212 τῆς
1114 4141 1510 4217 Μοψουεστίας.

429 4231 770 4305 Ἐξωσμὲνυυ
803 4232 997 4300 θρόνου
1025 4229 1083 4286 δὲ
1111 4229 1260 4287 τοῦδ’
1292 4232 1569 4307 Εύτυχίου

425 4321 544 4393 Ἐφ’
573 4320 744 4395 οὗπερ
776 4319 1044 4396 ἐξήλεγχε
1072 4322 1162 4377 τὸν
1196 4320 1423 4396 βασιλέα

426 4410 616 4485 Δόγμα
645 4411 917 4485 στυγητὸν
948 4411 1283 4485 κρατύνοντα
1314 4411 1402 4466 καὶ
1435 4411 1591 4475 νόθον

231 4507 383 4562 9795
422 4508 548 4562 Τῶν
582 4506 755 4582 σάρκα
787 4507 1029 4583 φθαρτὴν
1088 4507 1164 4578 μὴ
1198 4504 1474 4581 λεγόντων
1511 4512 1664 4583 σχεῖν
1701 4507 1906 4584 Λόγον,

423 4594 807 4670 Σχολαστικός
836 4616 920 4657 τις
955 4591 1183 4665 εὐσεϐὴς
1211 4598 1467 4666 Ἰωάννης

420 4686 538 4751 Τῆς
569 4685 867 4760 Ἀντιόχου
897 4684 1185 4760 τυγχάνων
1220 4685 1528 4757 θυηπόλος,

418 4770 715 4849 Προεδρίαν
751 4770 948 4847 εἷ’ληφε
976 4779 1077 4842 τῆς
1110 4774 1544 4830 Κωνσταντίνου.

418 4862 778 4938 Χρησαμὲνου
808 4860 957 4917 τὲλει
992 4860 1049 4916 δὲ
1077 4861 1237 4917 τοῦδε
1266 4868 1363 4918 τοῦ
1402 4862 1550 4939 βίου,

228 4956 382 5012 9800
422 4953 529 5007 Καὶ
559 4950 728 5007 πάλιν
758 4951 1036 5027 Εὖτύχιος
1056 4951 1276 5029 εὐτυχεῖ
1300 4952 1507 5028 θρόνον.

420 5042 554 5100 Μεθ’
586 5043 643 5096 ὅν
676 5040 986 5117 καθωράϊσε
1014 5043 1112 5111 τήν
1147 5043 1497 5113 Ἐκκλησίαν,

420 5134 593 5210 Ἀνὴρ
624 5134 1037 5209 χαριτώνυμος,
1069 5128 1261 5189 ὄλϐιον
1296 5137 1454 5211 κάρα,

417 5224 738 5293 Νηστευτὴς
768 5222 1133 5296 τοὺπώνυμον
1168 5222 1218 5295 ἐξ
1251 5220 1422 5299 ἔργων
1457 5226 1632 5303 φέρων

414 5311 746 5383 Ἐκκλησίας
773 5313 1045 5389 τρόφιμος
1076 5317 1149 5368 ὧν
1176 5314 1265 5368 καὶ
1302 5313 1544 5386 λευΐτης.

221 5404 372 5461 9805
408 5401 730 5477 Σύγκελλος
757 5402 904 5473 ἀξίαν
939 5399 997 5456 δὲ
1027 5401 1339 5477 Ηνεύματος
1373 5401 1566 5477 δόμος,

410 5494 508 5556 ⁸ος
538 5490 846 5567 Μαυρίκιον
873 5497 1078 5546 ταινιοῖ
1107 5491 1353 5568 λαμπρῷ
1384 5493 1586 5571 στέφει.

403 5581 617 5639 Τούτου
645 5580 690 5637 δ’
722 5580 1097 5646 ἆναλύσαντος
1128 5582 1203 5645 εἷς
1243 5582 1421 5646 θείους
1454 5581 1686 5658 δόμους,

407 5668 682 5747 Κυριακός
715 5694 800 5736 τις
830 5671 1122 5745 οἰκονόμος
1154 5672 1244 5727 καὶ
1277 5672 1443 5744 θύτης

410 5765 544 5818 Θεοῦ
580 5762 830 5839 μεγάλης
863 5761 1018 5839 ἁγίας
1050 5759 1402 5836 Ἑκκλησίας,

1788 410 2148 467 CESARES.

1939 540 1994 605 Α
2022 534 2113 591 vir
2144 536 2388 591 sanctus
2413 537 2471 590 et
2499 537 2792 606 protector
2820 534 3280 591 orthodoxorum
3318 549 3332 591 :

2018 639 2197 695 quem
2226 626 2567 679 renuentem
2600 623 2854 679 subdere
2884 622 3247 679 anathemati

2015 713 2253 770 beatum
2285 711 2453 768 illum
2486 717 2700 769 coetum
2734 714 3150 785 episcoporum

2015 801 2117 874 qui
2146 802 2506 858 Chalcedone
2538 803 2679 859 olim
2712 807 2948 859 coactus
2976 804 3190 872 fuerat,

2014 892 2204 947 Caesar
2229 909 2259 949 ο
2285 892 2421 947 sede
2452 892 2678 964 depulit
2706 892 3063 949 Anastasius

2015 985 2421 1053 extorremque
2452 981 2582 1036 fecit
2612 981 2801 1037 edicto
2833 981 3039 1052 iniquo
3076 998 3089 1038 :

2017 1081 2264 1151 ejusque
2294 1079 2420 1135 loco
2448 1080 2519 1135 ad
2552 1080 2891 1136 cathedram
2924 1080 3181 1150 Byzantii

2015 1168 2223 1225 extulit
2252 1185 2534 1241 magnum
2567 1168 2832 1225 Ecclesiae
2863 1168 3345 1241 scevophylacem

2015 1260 2213 1315 divum
2241 1259 2647 1315 Macedoniam
2679 1264 2817 1315 tunc
2849 1260 3277 1331 presbyterum,

2014 1365 2191 1420 quem
2221 1349 2363 1405 item
2395 1354 2737 1405 renuentem
2768 1348 3086 1405 valedicere

2013 1438 2288 1510 praedicto
2318 1438 2557 1493 Patrum
2584 1438 2769 1493 nobili
2795 1438 3038 1494 concilio

2014 1528 2082 1582 ad
2116 1526 2319 1582 urbem
2350 1527 2751 1583 Euchaiticam
2783 1527 2974 1582 Caesar
3001 1525 3225 1598 expulit
3255 1566 3267 1581 .

2015 1615 2512 1687 Timotheumque
2543 1616 2864 1688 ignobilem
2896 1616 3171 1683 obtrusit,

2016 1704 2376 1759 sacerdotem
2408 1703 2649 1776 quidem
2682 1709 2739 1760 et
2770 1703 3252 1777 scevophylacem

2018 1793 2286 1851 Ecclesiae
2320 1793 2569 1865 pridem,
2604 1795 2704 1849 sed
2738 1792 2948 1849 haeresi
2979 1791 3275 1865 pollutum
3309 1808 3323 1847 :

1944 1895 1993 1959 B
2022 1892 2079 1947 id
2113 1895 2271 1964 quod
2301 1892 2602 1965 aegerrime
2630 1891 2893 1947 tulerunt
2923 1889 3255 1946 orthodoxi.

1941 3256 1985 3323 C

1936 4626 1983 4690 D

2022 1987 2157 2038 Post
2184 1983 2364 2054 hujus
2396 1987 2592 2037 autem
2627 1982 2918 2037 infelicem
2947 1981 3200 2049 obitum,

2022 2071 2318 2145 syncellus
2349 2070 2531 2127 simul
2560 2076 2617 2126 et
2648 2071 2951 2142 presbyter
2977 2070 3237 2125 Joannes

2023 2162 2335 2235 Cappadox
2365 2166 2536 2234 gente
2567 2161 2765 2216 sedem
2797 2159 3119 2232 occupavit.

2023 2253 2161 2308 Post
2185 2267 2359 2322 quem
2395 2250 2648 2324 pastoris
2678 2249 2738 2304 in
2768 2264 3012 2305 munere
3043 2248 3410 2313 defunctum,

2024 2340 2353 2413 splendidis
2378 2340 2691 2412 przedictus
2722 2339 3083 2411 Epiphanius
3115 2336 3384 2393 moribus

2023 2431 2327 2503 presbyter
2350 2434 2407 2486 et
2432 2430 2728 2500 syncellus
2758 2430 2829 2484 ad
2863 2429 3063 2483 sedem
3095 2427 3274 2484 venit.

2023 2521 2143 2577 Hoc
2169 2536 2402 2592 quoque
2434 2523 2688 2585 mortuo,
2721 2516 3151 2589 Trapezuntius
3179 2514 3501 2571 Anthimus

2021 2611 2220 2666 sedem
2249 2607 2689 2664 sanctissimam
2719 2608 2922 2676 jussus
2951 2610 3040 2662 est
3066 2603 3476 2669 conscendere,

2022 2715 2363 2772 quanquam
2393 2702 2600 2753 Severo
2633 2697 2866 2753 deditus
2895 2699 2952 2751 et
2983 2696 3255 2751 Dioscoro
3290 2709 3303 2748 :

2021 2807 2138 2862 quo
2168 2793 2364 2844 tamen
2392 2790 2687 2860 Agapetus
2719 2787 2913 2842 Romae
2946 2801 3096 2857 papa

2020 2881 2415 2947 exauctorato,
2447 2877 2581 2932 fecit
2614 2876 3011 2947 patriarcham

2020 2969 2293 3024 Mennam
2325 2965 2785 3023 Alexandrinum
2817 2962 3092 3019 facundia
3116 2961 3340 3017 clarum

2022 3059 2329 3130 magisque
2360 3056 2645 3124 moribus,
2676 3055 2986 3110 alumnum
3029 3052 3390 3107 sacerdotem

2022 3146 2310 3215 Ecclesiae,
2341 3144 2704 3200 xenodochio
2737 3144 3073 3215 praefectum
3100 3137 3468 3212 Sampsonis.

2022 3248 2143 3311 Quo
2177 3246 2267 3318 pie
2301 3245 2608 3300 mortalem
2642 3244 2948 3299 deserente
2976 3241 3184 3307 vitam,

2018 3334 2342 3409 Eutychius
2374 3333 2608 3406 quidam
2638 3332 2965 3388 monachus
2997 3335 3056 3387 et
3087 3329 3359 3386 sacerdos

2019 3443 2089 3482 ex
2115 3428 2405 3481 Amaseno
2436 3422 2811 3479 sanctissimo
2844 3420 3107 3477 coenobio

2019 3515 2245 3573 amicus
2277 3514 2630 3581 litterarum,
2660 3511 2895 3568 virtutis
2927 3516 3152 3578 auctor,

2018 3604 2338 3661 Christiani
2370 3603 2561 3659 bonus
2595 3606 2794 3675 pastor
2823 3600 2990 3657 ovilis
3024 3600 3155 3655 fuit.

2018 3696 2139 3754 Sub
2171 3711 2237 3750 eo
2269 3693 2490 3764 quintae
2522 3692 2730 3763 synodi
2763 3692 2934 3747 divus
2965 3694 3150 3746 coetus

2018 3783 2199 3857 regali
2231 3783 2290 3837 in
2324 3783 2469 3839 urbe
2494 3782 2606 3838 rite
2638 3784 3054 3853 congregatus,

2016 3872 2301 3928 insistens
2332 3874 2552 3942 quartae
2585 3869 2791 3938 synodi
2823 3868 3151 3923 canonibus

2017 3962 2280 4034 ipsisque
2311 3960 2578 4031 ejusdem
2614 3957 2905 4023 formulis,
2942 3955 3251 4027 Origenem

2016 4052 2185 4123 ejecit
2216 4050 2289 4106 ab
2318 4048 2594 4116 Ecclesia,
2629 4046 2926 4117 simulque
2956 4045 3295 4116 Didymum,

2015 4151 2069 4198 et
2089 4140 2461 4197 Theodorum
2493 4137 2865 4209 Mopsuestia:
2896 4134 3258 4206 episcopum.

2016 4230 2295 4304 Eutychio
2326 4233 2531 4301 postea.
2560 4226 2840 4282 cathedra
2869 4224 3142 4296 depulso,

2016 4325 2319 4394 propterea
2350 4318 2504 4390 quod
2536 4313 3010 4389 reprehendisset
3040 4314 3349 4378 Caesarem,

2016 4412 2116 4483 qui
2152 4409 2366 4466 falsum
2400 4409 2614 4480 dogma
2644 4410 2703 4462 et
2734 4404 3062 4477 pessimum
3095 4402 3326 4458 fovebat

2016 4512 2087 4566 de
2118 4507 2333 4566 Christi
2361 4507 2420 4563 in
2452 4512 2609 4562 terra
2639 4521 2813 4560 carne
2842 4498 3282 4573 incorruptibili
3309 4515 3324 4565 ;

2015 4598 2402 4656 scholasticus
2430 4596 2692 4651 Joannes
2722 4594 2897 4650 homo
2924 4591 3057 4664 pius

2013 4689 2383 4746 Antiochena
2413 4703 2483 4742 ex
2512 4686 2657 4741 urbe
2686 4688 2827 4739 tunc
2853 4682 3124 4738 sacerdos

2016 4777 2476 4852 patriarchatum
2506 4774 2649 4830 adiit
2676 4772 3088 4843 Byzantinum.

2016 4870 2124 4926 Sed
2162 4868 2260 4924 ubi
2294 4867 2344 4923 is
2374 4880 2609 4937 quoque
2639 4864 2765 4919 vitae
2799 4865 3014 4917 metam
3045 4858 3260 4930 attigit,

2016 4975 2221 5016 rursus
2252 4954 2569 5027 Eutychius
2595 4954 2654 5008 in
2686 4953 2820 5008 sede
2846 4948 3246 5006 constituitur.

2014 5052 2151 5106 Post
2182 5062 2357 5121 quem
2392 5042 2662 5101 Ecclesia
2692 5039 3039 5113 splendidus
3064 5036 3263 5092 illuxit

2013 5139 2272 5196 Joannes
2296 5137 2460 5203 alter,
2494 5134 2671 5189 homo
2704 5128 3107 5197 beatissimus,

2015 5229 2208 5284 dictus
2237 5240 2440 5282 verace
2469 5222 2641 5278 titulo
2671 5221 3002 5291 Jejunator,

2014 5317 2116 5391 qui
2146 5314 2421 5373 Ecclesiae
2449 5312 2731 5369 alumnus
2760 5310 2949 5365 fuerat
2978 5310 3034 5363 et
3065 5305 3242 5363 levita

2014 5406 2425 5480 syncellusque
2456 5401 2646 5459 ofﬁcio
2675 5402 2735 5457 in
2761 5400 2885 5455 aede
2909 5397 3187 5469 Spiritus.

2013 5497 2117 5553 Hic
2147 5493 2490 5551 Mauricium
2524 5490 2815 5548 redimivit
2849 5492 3177 5544 stemmate.

2013 5588 2161 5644 Cum
2192 5591 2389 5641 autem
2418 5600 2664 5655 superas
2695 5581 2936 5637 adiisset
2968 5580 3161 5645 sedes,

2012 5678 2292 5749 Cyriacus
2324 5690 2665 5731 mconomus
2694 5676 2752 5727 et
2783 5669 3055 5726 sacerdos

2013 5784 2240 5843 magna
2272 5770 2448 5839 atque
2480 5768 2699 5822 sancta
2727 5761 2830 5819 Dei
2861 5758 3137 5817 Ecclesiae
