4076 6440
374 386 483 442 359
1598 382 1971 437 EPHREMII
2008 380 2581 439 CHRONOGRAPHI

372 527 609 569 sacrum
639 508 927 567 successit
955 509 1016 564 in
1047 507 1482 581 pontiﬁcatum,

372 600 609 655 divinus
635 599 722 653 vir
748 602 803 654 et
835 597 1191 654 orthodoxia
1224 595 1515 652 columen.

372 692 495 755 Quo
527 690 835 743 deserente
867 693 1166 743 terrenum
1201 685 1352 740 hunc
1386 685 1729 757 primatum,

374 781 446 835 ad
475 778 761 833 Thomam
795 776 1167 832 sacellarium
1199 780 1256 831 et
1289 775 1657 830 sacerdotem

374 868 634 923 defertur
664 867 861 940 populi
896 883 1061 922 sacer
1092 865 1484 937 principatus,

374 957 759 1029 apostolicum
790 954 1086 1011 hominem
1122 953 1661 1026 religiosissimum.

373 1055 516 1110 Huic
546 1056 795 1111 solarem
830 1054 1120 1111 deserenti
1150 1053 1338 1109 lucem

371 1161 681 1201 successor
711 1145 883 1199 datus
911 1148 1000 1199 est
1026 1143 1199 1198 levita
1233 1142 1499 1199 Ecclesia

370 1233 802 1306 ptnchotropbii
840 1234 1147 1306 praefectus
1177 1233 1248 1287 ad
1285 1237 1517 1302 portum
1552 1231 1747 1287 Phrixi

370 1324 609 1395 Sergius
641 1322 904 1395 pollutus
936 1324 1215 1393 dogmate
1248 1320 1739 1392 monophysitico.

368 1414 468 1468 Cui
504 1413 773 1468 morienti
811 1412 1065 1484 Pyrrhus
1095 1410 1480 1466 substituitur

366 1502 524 1556 haud
559 1502 757 1557 minus
782 1502 983 1571 Sergio
1010 1500 1216 1555 haeresi
1248 1504 1585 1568 corruptus.

367 1591 503 1645 Erat
534 1591 584 1646 is
617 1607 839 1662 magna
871 1591 1169 1662 presbyter
1198 1590 1485 1657 Ecclesia,

365 1681 676 1750 prafectus
703 1680 1153 1744 monachorum,
1186 1678 1435 1735 coenobii
1466 1679 1650 1734 abbas

365 1770 519 1840 quod
552 1774 641 1825 est
667 1774 832 1825 trans
860 1770 1069 1825 frelum
1102 1769 1159 1823 in
1195 1770 1336 1825 urbe
1368 1768 1735 1843 Chrysopoli,

366 1858 549 1913 divini
580 1858 753 1914 Verbi
789 1860 960 1916 Matri
992 1860 1328 1914 dedicatum

364 1947 812 2019 antiquitusque
842 1948 1144 2003 conditum
1178 1966 1211 2003 a
1242 1947 1590 2021 Philippico.

361 2040 680 2108 Postquam
714 2037 995 2110 expulsus
1031 2038 1286 2109 Pyrrhus
1316 2038 1573 2093 Ecclesia
1605 2038 1731 2107 fuit,

360 2134 579 2190 Paulus
613 2134 879 2191 Ecclesia
912 2152 1251 2192 aconomus
1282 2140 1337 2190 et
1368 2136 1660 2206 sacerdos,

361 2241 578 2294 praeses
610 2226 944 2295 custodum,
978 2226 1253 2296 dogmate
1282 2242 1616 2296 perversus,

360 2318 548 2369 semet
576 2314 709 2370 ovili
746 2314 1030 2370 obstrusit
1059 2318 1344 2386 tanquam
1380 2314 1578 2387 lupus.

359 2407 498 2458 Post
528 2420 703 2475 quem
738 2404 1079 2461 defunctum
1114 2404 1295 2474 impie
1319 2404 1376 2459 in
1414 2404 1739 2461 ministerio

352 2493 556 2547 sedem
591 2493 955 2563 recuperavit
983 2494 1175 2548 denuo
1207 2493 1483 2565 Pyrrhus.

354 2580 569 2636 Deinde
598 2581 805 2637 Petrus
834 2582 1131 2652 pessimus
1160 2582 1232 2636 ad
1268 2583 1467 2637 sedem
1495 2583 1675 2649 venit,

349 2670 530 2725 levita
561 2669 852 2736 Ecclesia,
882 2688 1100 2742 prases
1132 2672 1584 2743 ptochotrOphii,

348 2759 805 2825 referendarius,
839 2764 1193 2831 curatorque
1224 2776 1430 2815 senum

344 2847 402 2902 in
430 2864 497 2903 eo
528 2849 683 2920 quod
722 2852 811 2903 est
839 2849 1083 2921 Neapoli
1118 2849 1570 2920 ptocbodochio,

344 2937 528 3008 Sergii
562 2937 883 3008 Pyrrhique
915 2943 972 2992 et
1001 2938 1163 2992 Pauli
1198 2942 1431 2994 sectans
1462 2939 1755 2996 haresim.

346 3024 465 3079 Hoc
500 3041 694 3096 passo,
730 3030 795 3079 ut
828 3043 958 3081 vere
990 3027 1204 3093 dicam,
1241 3032 1483 3083 mortem
1516 3030 1833 3102 duplicem,

353 3113 522 3169 Alius
552 3113 804 3169 Thomas
836 3115 1192 3169 orthodoxia
1226 3133 1454 3185 amans,

345 3203 445 3274 qui
476 3202 745 3258 Ecclesia
776 3203 1054 3259 alumnus
1085 3208 1208 3260 erat
1237 3210 1294 3260 et
1322 3205 1517 3273 levita,

340 3290 613 3363 praclare
644 3294 993 3365 gubernavit
1023 3294 1239 3351 Christi
1271 3295 1614 3352 Ecclesiam.

337 3393 526 3462 Atque
557 3391 667 3447 hoc
700 3392 791 3464 pie
825 3392 1213 3449 concludente
1239 3395 1439 3467 vitam,

342 3480 752 3551 pontificatum
786 3482 933 3537 adiit
960 3483 1242 3551 Joannes,

339 3570 614 3625 sacerdos
642 3574 700 3625 et
731 3572 1101 3643 protecdicus
1132 3573 1423 3643 Ecclesia,

338 3659 745 3731 scevophylax,
780 3661 1096 3730 syncellus,
1131 3666 1187 3717 et
1215 3679 1574 3732 ceconomus,

337 3752 395 3802 et
419 3749 732 3819 gerocomii
769 3748 1055 3805 Rosorum
1090 3751 1451 3809 Dexiocratis

338 3837 648 3906 prafectus
678 3854 690 3905 ;
729 3842 926 3908 pastor
958 3839 1119 3896 utilis
1149 3841 1306 3898 ovili.

336 3928 459 3991 Quo
493 3927 800 3996 moriente,
832 3928 1009 3985 levita
1037 3931 1479 4005 Constantinus,

332 4032 605 4071 vasorum
640 4020 839 4072 custos
871 4018 926 4073 in
963 4019 1221 4076 Ecclesia
1254 4022 1369 4077 Dei.

332 4104 673 4175 periodeuta
704 4106 969 4164 Thracia
1002 4113 1058 4163 et
1080 4109 1453 4181 Macedonia,

333 4194 402 4249 ad
436 4194 706 4249 Ecclesia
739 4202 1102 4254 summatum
1135 4205 1223 4255 est
1247 4207 1597 4272 provectus;

333 4293 617 4364 probatus
647 4293 752 4361 vir,
785 4300 843 4350 et
865 4296 1043 4352 decus
1072 4297 1552 4354 orthodoxorum.

333 4380 451 4435 Hoc
482 4381 542 4435 in
575 4398 857 4453 suprema
886 4384 1167 4441 cathedra
1197 4387 1523 4457 demortuo,

332 4486 498 4524 sacer
524 4469 867 4525 Theodorus
892 4472 1110 4528 Christi
1144 4475 1239 4530 Dei
1269 4478 1541 4533 sacerdos

330 4561 673 4613 sanctorum
708 4558 764 4612 in
798 4559 1058 4616 Ecclesia
1089 4580 1361 4620 vasorum
1395 4572 1615 4638 custos,

328 4644 623 4717 syncellus
652 4646 957 4719 dignitate,
993 4653 1297 4721 prafectus
1322 4658 1651 4728 monachis,

328 4750 566 4789 summa
592 4751 724 4790 cum
756 4735 931 4791 laude
967 4741 1199 4810 prafuit
1225 4744 1515 4814 Ecclesia,

328 4829 503 4896 atque
532 4825 854 4882 orthodoxa
895 4828 1171 4901 dogmata
1200 4833 1479 4891 defendit.

324 4914 431 4969 Sed
466 4919 660 4971 tamen
698 4916 805 4972 hoc
842 4918 1063 4989 injuste
1093 4921 1340 4994 depulso
1374 4925 1511 4981 sede

327 5004 610 5075 Georgius
639 5006 951 5080 religiosus
978 5009 1190 5067 Christi
1227 5016 1552 5087 presbyter,

329 5093 427 5163 qui
462 5110 736 5152 summus
765 5103 890 5153 erat
923 5102 1311 5175 scev0phylax
1338 5105 1630 5175 Ecclesia,

325 5187 383 5237 et
413 5183 707 5255 synccllus
741 5186 917 5242 etiam
954 5191 1322 5260 patriarcha,

321 5273 700 5345 pontiﬁcatus
727 5291 971 5333 munere
997 5280 1158 5353 fungi
1182 5284 1377 5355 capit,

324 5361 499 5432 epilio
533 5362 745 5431 bonus,
781 5371 981 5422 custos
1013 5368 1220 5425 divina
1255 5372 1401 5446 legis
1436 5392 1449 5429 :

325 5452 433 5506 sub
469 5468 607 5523 quo,
641 5456 958 5510 mandante
989 5458 1212 5515 Casare
1243 5466 1629 5522 Constantino

325 5540 645 5597 orthodoxe
680 5544 943 5616 principe
976 5546 1293 5619 Pogonato,

325 5630 559 5686 divinus
590 5634 930 5688 veneranda
964 5640 1149 5693 catus
1180 5641 1383 5711 synodi

326 5718 500 5791 regali
533 5720 590 5775 in
625 5721 768 5777 urbe
798 5723 906 5779 rite
937 5732 1322 5800 congregatus

2059 506 2112 574 Α
2140 504 2283 561 9810
2320 506 2432 573 Τὴν
2462 505 2608 582 ἱερὰν
2643 503 2868 580 εἷ’ληφεν
2901 502 3210 582 ἲεραρχίαν,

2322 594 2475 649 Θεῖός
2514 615 2597 657 τις
2631 595 2768 670 ἀνὴρ
2802 593 3117 670 ὀρθοδοξίας
3152 595 3370 659 στύλος.

2318 682 2534 741 Τούτου
2567 680 2827 745 λιπόντος
2855 685 2955 754 τὴν
2990 683 3135 739 κάτω
3166 683 3483 760 προεδρίαν,

2316 776 2515 845 Θωμᾶς
2551 772 2914 849 σακελλάριος
2945 773 3060 847 ἅμα
3088 774 3179 828 καὶ
3211 774 3378 845 Ούτης

2320 862 2631 917 Πιστεύεται
2664 858 2730 929 δὴ
2762 862 2859 931 τὴν
2890 861 3000 917 λεὼ
3033 863 3384 937 προστασίαν,

2134 952 2276 1006 9815
2316 949 2733 1023 Ἀποστολικὸς,
2764 946 3144 1014 εὐσεϐέστατος
3176 947 3358 1015 σέϐας.

2314 1037 2498 1116 Οῦπερ
2528 1041 2590 1095 τὸ
2625 1040 2757 1119 φάος
2790 1037 3186 1105 ἐκλελοιπότος
3213 1039 3358 1112 τόδε,

2313 1130 2699 1200 Ἀντικατὲστη
2734 1127 2956 1200 λευΐτης
2999 1129 3329 1201 Ἑκκλησίας

2313 1218 2724 1296 ΙΙτωχοτρόφος
2749 1240 2808 1273 τε
2840 1217 3067 1292 λιμένος
3096 1224 3203 1275 τῶν
3234 1225 3331 1276 τοῦ
3366 1223 3570 1298 Φρίξου

2310 1309 2536 1384 Σέργιος
2570 1309 2706 1384 ἀνὴρ
2739 1307 3074 1385 Οἷοφυσίτης
3107 1305 3288 1373 σέϐας.

2130 1409 2273 1463 9820
2311 1407 2524 1464 Τούτου
2556 1408 2836 1479 θανόντος,
2868 1408 3225 1479 ἀντικατέστη
3259 1408 3497 1487 Πύρρος,

2312 1498 2477 1572 Ἀνὴρ
2509 1496 2704 1570 ὅμοιος
2740 1497 2947 1571 Σεργίῳ
2977 1499 3114 1553 κατὰ
3146 1494 3328 1571 σέϐας,

2309 1586 2485 1655 Θύτης
2520 1586 2765 1660 μεγάλης
2792 1590 2888 1640 τοῦ
2919 1591 3053 1641 Θεοῦ
3088 1586 3443 1657 Ἑκκλησίας,

2308 1679 2537 1751 ’Ἄρχων
2569 1675 2829 1748 σεμνείων
2863 1676 2949 1730 καὶ
2985 1684 3159 1751 μονῆς
3190 1677 3482 1747 ἐπιστάτης

2308 1768 2393 1824 Ἐν
2427 1766 2769 1842 Χρυσοπόλει
2805 1764 3150 1841 διακειμένης
3181 1768 3370 1846 πέραν,

2049 1879 2097 1943 Β
2125 1858 2269 1914 9825
2309 1856 2622 1928 Ἀνειμὲνης
2655 1853 2711 1910 δὲ
2741 1855 2808 1930 τῇ
2838 1860 2971 1911 Θεοῦ
3002 1858 3183 1933 Μητρὶ
3217 1857 3398 1933 Λόγου

2302 1947 2415 2014 Τῆς
2449 1944 2772 2016 Φιλιππικῷ
2805 1945 3157 2016 συσταθείσης
3188 1947 3294 2021 πρὸ
3322 1945 3563 2021 χρόνων.

2297 2032 2509 2090 Τούτου
2541 2031 2875 2110 διιοχθέντος
2910 2031 2968 2089 δὲ
2996 2041 3094 2105 τῆς
3129 2034 3468 2106 Ἐκκλησίας

2298 2121 2604 2194 Οἰκονόμος
2635 2121 2725 2176 καὶ
2757 2122 2925 2193 θύτης
2956 2129 3058 2191 τῆς
3087 2122 3423 2194 Ἐκκλησίας

2298 2211 2439 2266 Κάπὶ
2468 2211 2725 2289 φυλακῶν
2760 2207 3025 2280 δυσσεϐὴς
3054 2211 3272 2275 Ηαῦλος
3307 2207 3466 2275 σέϐας

2117 2314 2257 2369 9830
2298 2312 2708 2387 Παρεισεφθᾶρη
2742 2310 2984 2383 ποιμνίῳ
3013 2331 3097 2374 τις
3122 2310 3197 2373 ὡς
3231 2309 3422 2373 λύκος.

2294 2405 2472 2476 Οῦπερ
2514 2400 2770 2464 θανόντος
2801 2395 3074 2462 δυσσεϐῶς
3106 2398 3156 2454 ἐν
3187 2404 3266 2473 τῷ
3296 2400 3500 2477 θρόνῳ,

2292 2491 2389 2545 Καὶ
2415 2491 2579 2545 πάλιν
2613 2484 2855 2545 ἀπέλαϐε
2883 2490 2973 2544 τὸν
3006 2488 3200 2564 θρόνον
3235 2489 3474 2566 Πύρρος.

2292 2582 2424 2638 Εἶτα
2465 2581 2669 2655 Πέτρος
2698 2582 2952 2644 κάκιστος
2982 2575 3113 2654 ἔσχε
3141 2580 3234 2635 τὸν
3269 2581 3486 2657 θρόνον,

2292 2669 2620 2741 Ἐκκλησίας
2646 2665 2719 2723 ὤν
2755 2667 2979 2740 λευΐτης
3010 2670 3433 2748 πτωχοτρόφος,

2108 2763 2251 2817 9835
2290 2758 2387 2814 Καὶ
2423 2756 2864 2837 ῥαιφερενδάριος
2894 2758 2983 2813 καὶ
3016 2759 3340 2835 γηροκόμος

2287 2853 2391 2903 Τοῦ
2422 2849 2557 2903 κατὰ
2588 2848 2863 2903 Νεάπολιν
2896 2849 3175 2924 πτωχείου
3207 2850 3353 2920 τότε,

2288 2937 2563 3015 Σύμφρων
2601 2936 2829 3013 Σεργίου
2860 2936 2950 2992 καὶ
2984 2937 3198 3014 Πύρρου
3228 2939 3318 2993 καὶ
3352 2937 3598 2996 Παύλου.

2283 3027 2490 3082 Τούτου
2523 3026 2773 3091 θανόντος
2802 3028 2894 3082 τὸν
2926 3024 3155 3081 διπλοῦν
3189 3022 3363 3094 ὅντως
3395 3028 3605 3105 μόρον,

2285 3122 2484 3190 Θωμᾶς
2516 3137 2599 3176 τις
2632 3114 2802 3178 ἄλλος
2836 3114 3149 3189 ὀρθοδοξίας
3183 3115 3345 3194 φίλος

2025 3237 2068 3303 C
2108 3218 2249 3273 9840
2289 3213 2619 3285 Ἐκκλησίας
2648 3215 2919 3303 τρόφιμος
2950 3213 3023 3268 ὣν
3054 3215 3143 3269 καὶ
3177 3214 3400 3287 λευΐτης

2284 3307 2523 3379 Χριστοῦ
2551 3301 2737 3366 καλῶς
2773 3302 2916 3358 ἷὈυνε
2944 3306 3043 3373 τὴν
3078 3304 3432 3375 Ἐκκλησίαν.

2282 3396 2460 3468 Οῦπερ
2496 3392 2936 3467 μεταλλάξαντος
2969 3390 3205 3456 εὐσεϐῶς
3241 3394 3379 3471 βίον,

2283 3485 2536 3552 Ἰωάννης
2567 3481 2762 3560 εἴληφε
2789 3484 2888 3551 τήν
2923 3480 3244 3558 προεδρίαν,

2281 3573 2455 3644 Θύτης
2486 3592 2545 3627 τε
2570 3569 2946 3648 πρωτὲκδικος
2978 3572 3052 3626 ὥν
3083 3572 3439 3646 Ἐκκλησίας,

2100 3667 2245 3721 9845
2282 3666 2388 3720 Καῖ
2418 3660 2781 3739 σκευοφύλαξ,
2815 3660 3143 3735 σύγκελλος,
3178 3662 3496 3737 οἰκονόμος,

2282 3752 2608 3827 Γηροκόμος
2638 3772 2695 3805 τε
2724 3752 2943 3806 Ῥωσῶν
2972 3753 3361 3826 Δεξιοκράτους

2282 3841 2525 3914 ΙΙοίμνην
2556 3838 2819 3915 ποδηγῶν
2853 3841 2990 3917 πρὸς
3017 3841 3193 3913 νομὰς
3224 3842 3641 3922 ψυχοτρόφους.

2285 3930 2500 3988 Τούτου
2529 3929 2785 3994 θανόντος
2816 3936 3223 3993 Κωνσταντῖνος
3263 3930 3485 4003 Λευίτης

2281 4019 2380 4075 Καὶ
2411 4018 2749 4096 σκευοφύλαξ
2779 4019 2881 4086 τῆς
2914 4024 3047 4075 Θεοῦ
3076 4023 3127 4095 γ’
3158 4020 3505 4096 Ἐκκλησίας,

2100 4114 2245 4169 9850
2284 4108 2653 4184 Ιῐεριοδευτὴς
2685 4108 2923 4184 Θρᾴκης,
2957 4107 3293 4174 Μακεδονίας

2283 4198 2624 4275 Ἀρχιθύτης
2658 4196 2899 4253 δὲδεικτο
2929 4205 3030 4265 τῆς
3062 4199 3416 4271 Ἐκκλησίας’

2283 4286 2595 4349 Σπουδαῖος
2627 4286 2786 4361 ἀνὴρ,
2822 4282 3227 4366 εύσεϐοφρόνων
3259 4288 3443 4353 κλὲος.

2278 4376 2491 4434 Τούτου
2521 4375 2925 4437 καταλύσαντος
2960 4375 3012 4430 ἐν
3043 4377 3219 4449 θρόνῳ
3255 4378 3395 4454 βίον,

2275 4464 2556 4540 Θεόδωρός
2584 4486 2667 4527 τις
2700 4465 2844 4540 ἱερὸς
2876 4471 3117 4541 Χριστοῦ
3149 4466 3317 4538 Ούτης

2014 4604 2061 4667 D
2094 4570 2237 4623 9855
2277 4564 2606 4635 Ἐκκλησίας
2636 4564 2683 4617 τ’
2715 4562 2778 4618 αὖ
2808 4564 2968 4641 ἱερῶν
3000 4570 3201 4620 σκευῶν
3236 4566 3432 4641 φύλαξ,

2271 4658 2491 4731 Ἀρχων
2529 4657 2709 4727 μονῶν
2742 4674 2820 4723 τε,
2852 4652 3151 4729 σύγκελλος
3181 4657 3280 4725 τήν
3314 4657 3484 4729 ἀξίαν,

2268 4743 2598 4820 Προίσταται
2628 4741 2898 4799 κάλλιστα
2926 4750 3028 4814 τῆς
3062 4744 3410 4817 Ἐκκλησίας,

2267 4836 2470 4911 Ὁρῦῶν
2504 4838 2815 4910 προμαχῶν
2848 4828 3079 4888 εὐσεϐῶν
3112 4856 3170 4889 τε
3202 4833 3516 4911 δογμάτων.

2162 4923 2374 4982 Τούτου
2408 4922 2654 4999 ῥιφέντος
2685 4919 2888 4984 ἀδίκως
2920 4922 3163 4995 ποίμνης
3196 4924 3414 5000 θρόνου,

2089 5018 2231 5071 9860
2270 5007 2546 5089 Κεώργιὸς
2576 5033 2659 5073 τις
2689 5006 2929 5081 εὐλαϐὴς
2958 5014 3199 5089 Χριστοῦ
3228 5014 3394 5086 θύτης

2270 5102 2655 5174 Ἑκκλησίαςτ
2679 5102 2893 5176 ἑγεστος
2927 5102 2999 5156 ὣν
3034 5104 3393 5182 σκευοφύλαξ,

2269 5193 2373 5249 Καὶ
2404 5190 2781 5267 ποιμενάρχου
2816 5190 3117 5267 σύγκελλος
3146 5195 3244 5262 τὴν
3280 5195 3449 5270 ἀξίαν,

2265 5280 2597 5353 Ἐκκλησίας
2632 5278 2827 5359 εἶ’ληφε
2855 5283 2954 5351 τὴν
2985 5281 3299 5359 προεδρίαν,

2266 5371 2479 5447 Νομεὺς
2509 5370 2709 5446 ἀγαθὸς
2742 5373 2829 5427 καὶ
2865 5377 2999 5427 Θεοῦ
3029 5371 3209 5446 νόμων
3239 5374 3433 5451 φύλαξ·

2085 5467 2228 5523 9865
2265 5465 2383 5539 Ἐφ’
2416 5462 2476 5514 οῦ
2507 5458 2751 5516 κελεύσει
2782 5460 3054 5536 κράτορος
3088 5466 3499 5521 Κωνσταντίνου

2265 5546 2627 5629 Ὀρθόφρονός
2656 5572 2718 5625 γε
2746 5550 3055 5622 τούπίκλην
3092 5555 3435 5630 Πωγωνάτου

2262 5643 2459 5710 Ἑκτῆς
2490 5634 2754 5709 σεϐαστῆς
2780 5638 3011 5695 συνόδου
3044 5648 3186 5706 θεῖον
3220 5643 3408 5721 στίφος

2262 5737 2347 5787 Ἐν
2384 5726 2628 5807 βασιλίδι
2663 5726 2979 5794 συναλιτθέν
3012 5734 3080 5806 τῇ
3112 5729 3297 5804 πόλει,

3694 386 3804 444 360
