2038 3208
143 210 198 239 361

235 271 299 301 Ἐπί
311 282 344 311 γε
357 274 474 311 Χριστοῦ
488 275 536 301 τοῦ
552 273 727 312 θεανθρώπου
742 274 832 312 Λόγου

142 318 217 345 9870
237 319 337 349 Καλῶς
352 316 528 356 ἒδογμάτισεν
545 316 749 358 εύσεϐοφρρνως

237 362 333 394 Διττᾶς
350 361 475 398 θελήσεις
489 363 533 391 καὶ
549 363 642 403 φύσεις
658 364 815 401 ἡνωμένας,

235 408 286 435 Καὶ
300 408 389 435 πάντα
402 408 570 446 κατῄσχυνεν
580 408 762 448 οἷόφυσίτην,

235 454 274 483 Οὗ
287 455 369 492 γῆθεν
386 454 541 492 ἀπάραντος
562 455 600 487 εἱς
613 455 713 491 σκητᾶς
728 454 792 491 ἄνω,

235 497 378 535 Θεόδωρος
394 498 426 527 αὖ
442 497 630 537 ἆπολαμϐάνει
648 500 755 538 θρόνον.

140 546 214 574 9875
233 544 338 572 Τούτου
357 544 538 582 μεταστάντος
556 544 584 572 δὲ
598 545 666 583 πρὸς
682 546 746 573 Θεὸν
765 545 854 583 μόρῳ,

231 590 280 618 Ἐκ
295 588 442 627 βασιλείων
457 589 609 626 ἆσηκρῆτίς
622 601 664 621 τις
680 589 789 621 Παῦλος

233 637 422 670 Ιιοιμαντικῆς
437 633 517 672 ἔτυχε
532 635 577 662 καὶ
594 634 747 672 προεδρίας,

234 681 423 715 Ποιμαντικῆς
439 679 511 714 ἄξιος
524 679 560 706 ὥν
577 680 621 707 καὶ
637 682 685 706 τοῦ
705 680 812 716 θρόνου.

233 723 284 751 Καὶ
298 722 378 751 τοῦδε
390 723 422 751 τὸ
439 726 486 758 ζῆν
502 723 718 762 ἐκμετρησαντος
737 723 824 761 μόρῳ,

140 769 215 797 9880
235 767 401 799 Καλλίνικός
417 779 460 800 τις
473 767 603 806 γεννάδας
619 767 759 804 θυηπόλος

233 812 284 840 Καὶ
300 813 470 852 σκευοφύλαξ
486 813 652 851 Βλαχερνῶν
668 813 827 848 ἐκκλησίας,

232 858 314 895 ’Δνήρ
331 856 411 895 λόγῳ
430 857 482 896 βίῳ
496 868 524 885 τε
539 859 632 889 καλῶς
648 857 807 895 ἐμπρέπων,

233 901 332 930 Λαϐὼν
348 901 513 941 ἐκυϐέρνησε
527 904 576 938 τήν
593 903 767 939 Ἑκκλησίαψ

231 950 344 977 ’Ὀιρτινα
357 949 539 985 Ῥινότμητος
555 947 618 984 ἄναξ
631 948 733 979 ἀδίκως

138 995 214 1023 9885
233 993 326 1031 Πηρὸν
341 992 479 1031 δεδρακὼς
497 993 630 1030 ἐξελαύνει
646 996 694 1020 τοῦ
710 994 818 1029 θρόνου.

232 1039 323 1076 Κῦρον
341 1036 365 1065 δ’
379 1038 424 1065 ἀπ’
440 1037 621 1076 Ἀμάστριδος
636 1038 744 1076 ἀγαγὼν
767 1038 849 1073 θύτην

231 1082 410 1120 Ἔγκλειστον
427 1080 501 1119 ὅντα,
514 1082 704 1120 ποιμενάρχην
721 1081 847 1110 δεικνύει⁸

226 1127 276 1156 Ὃν
292 1127 464 1158 Φιλιππικὸς
479 1127 607 1166 βασιλεὺς
622 1128 636 1154 ὁ
650 1126 790 1164 Βαρδάνης

225 1172 454 1210 Ὑπερμαχοῦντα
470 1171 614 1210 δογμάτων
629 1174 684 1199 τῶν
705 1172 799 1199 ἐνθέων

133 1216 207 1244 9890
225 1216 330 1253 Θρόνου
345 1226 375 1243 τε
391 1216 511 1252 ποίμνης
526 1216 662 1248 ἀπελάσας
678 1215 789 1251 ἀδίκως,

221 1261 350 1292 ’Δντικαθ
356 1262 415 1295 ιστᾷ
432 1260 541 1295 Αευΐτην
560 1261 697 1296 Ἰωάννην.

222 1304 305 1332 Ὄντα
320 1304 542 1343 χαρτουλλάριον
559 1305 735 1342 οἶκονομείου

221 1346 328 1386 Ἀνδρα
344 1349 487 1387 στυγητὸν,
504 1349 656 1386 Εὐτυχοῦς,
674 1349 824 1387 Διοσκόρου

221 1393 382 1432 Ὁμόφρονα
400 1393 504 1429 μύστην
521 1404 559 1428 τε,
575 1397 624 1428 τῆς
639 1394 760 1430 ποίμνης
781 1394 876 1430 λύκον,

130 1438 204 1466 9895
221 1438 272 1469 Ὃς
287 1435 421 1474 ἐξεϐλήθη
437 1440 485 1465 τοῦ
501 1438 598 1475 θρόνου
615 1438 679 1475 μάλ’
695 1438 816 1470 ἐνδίκως.

222 1482 311 1517 Θύτης
328 1481 357 1510 δὲ
371 1483 489 1521 Χριστοῦ
504 1483 548 1510 καὶ
564 1483 664 1519 νομεὺς
680 1484 857 1522 ψυχοτρόφος

221 1530 297 1559 Θεῖος
312 1527 449 1564 Γερμανὸς
464 1528 572 1565 ἀρεταῖς
589 1527 706 1564 λάμπων
724 1528 829 1566 λόγοις,

222 1572 283 1600 Ἐπὶ
299 1571 415 1610 λυχνίαν
432 1572 545 1604 ἐντεθεὶς
563 1571 598 1603 ὣς
614 1583 655 1603 τις
672 1571 774 1610 λύχνος

220 1616 276 1650 Τῆς
293 1616 501 1644 Κωνσταντίνου
516 1618 556 1652 τῷ
571 1617 712 1653 περιόπτῳ
728 1617 827 1654 θρόνῳ⁷

128 1660 203 1688 9900
221 1659 310 1698 Λόγον
328 1659 456 1698 διδαχαῖς
472 1660 681 1698 κατελάμπρυνε
696 1661 781 1688 κτίσιν
797 1663 863 1698 (ΩΟ).

218 1705 315 1736 ’Ὅστις
330 1703 439 1743 προϐλη
446 1705 500 1737 θεὶς
514 1706 706 1743 ποιμενάρχης
724 1706 841 1740 Κυζίκου

220 1749 271 1777 Καὶ
286 1751 344 1780 τοῖς
359 1749 445 1777 ἐκεῖσε
462 1750 500 1786 μὴ
518 1749 625 1787 δεχθεὶς
641 1751 690 1777 οὐκ
705 1749 756 1777 οἷδ’
772 1751 847 1783 ὅπως

219 1793 305 1828 Ὑπῆν
325 1792 472 1832 σχολάζων
489 1794 535 1821 τόν
553 1793 684 1831 διαμέσου
700 1795 812 1832 χρόνον·

219 1838 382 1871 Μετατεθεὶς
398 1837 426 1866 δὲ
441 1839 509 1875 πρὸς
526 1838 690 1873 Βυζαντίόος
707 1840 814 1876 θρόνον,

124 1883 200 1912 9905
219 1882 344 1920 Ποίμνην
360 1882 554 1922 καθωδήγησεν
565 1881 782 1920 εὐσεϐοφρόνως,

218 1926 302 1956 Τοὺδ¹
317 1927 517 1960 ἆπελασθὲντος
533 1927 560 1955 δὲ
575 1930 665 1959 κακῶς
680 1931 728 1955 rei
745 1928 843 1966 θρόνου

223 1972 294 2010 Πρὸς
307 1973 443 2010 κράτορος
459 1973 574 2003 Λέοντος
590 1973 614 2009 ἐξ
632 1973 765 2009 Ἰσαυρίας

221 2017 336 2055 Πρώτου
351 2014 489 2044 σεϐαστῶν
507 2017 618 2045 εἰκόνων
632 2017 796 2053 καταλύτου,

220 2062 278 2101 Ἐφ’
294 2062 369 2099 ᾧπερ
386 2061 519 2099 ἐξηλεγχε
533 2065 631 2090 τοῦτον
646 2062 754 2097 ὲνθὲως,

124 2106 199 2135 9910
220 2106 306 2138 Νέκυς
318 2107 376 2143 (91)
391 2107 567 2138 Ἀναστάσιος
583 2107 694 2134 εἷ’κόνων
711 2107 795 2142 λύτης

220 2148 406 2189 Πρεσϐύτερος
423 2151 576 2189 σύγκελλος
592 2152 628 2179 ὣν
643 2151 819 2187 Ἐκκλησίας,

221 2195 347 2232 Ποίμνην
361 2198 487 2232 τυραννεῖ
503 2193 669 2232 παραλαϐὼν
685 2196 730 2223 τὸν
749 2195 852 2233 θρόνον.

221 2240 365 2272 Μισθωτὸς
381 2240 502 2278 οἰκτρὸς,
518 2239 645 2276 ἄντικρυς
662 2239 743 2271 λύκος
759 2241 871 2279 φθόρος,

220 2284 270 2315 Ὃς
285 2287 395 2323 πρῶτος
409 2285 526 2319 ἡθέτησε
540 2285 625 2321 τιμὴν
642 2285 762 2313 εἰκόνων.

127 2330 202 2358 9915
220 2328 328 2357 Τούτου
344 2327 461 2356 διπλοῦν
476 2329 587 2356 θάνατον
607 2330 802 2368 ὑφεστηκότος,

222 2376 426 2405 Κωνσταντῖνος
443 2373 537 2405 ἅθλιος
555 2374 674 2402 Συλαίου
693 2374 775 2405 λύκος

221 2418 391 2455 Ἀναστασίῳ
406 2419 483 2447 πάντ’
500 2419 599 2450 ἐοικὼς
614 2419 651 2450 εἷς
667 2417 756 2454 σέϐας,

224 2463 338 2502 Σχολήν
353 2463 437 2503 ἄγων,
453 2464 560 2502 ἥρπασε
573 2465 619 2492 τὸν
637 2468 709 2497 θεῖον
726 2465 833 2502 θρόνον·

222 2509 335 2538 Ὅντινα
350 2509 550 2547 Κοπρώνυμος,
566 2509 632 2536 αἰνῶ
645 2511 679 2543 c',
694 2509 716 2536 ὦ
733 2508 807 2545 δίκη,

128 2555 204 2582 9920
223 2554 325 2591 Θρόνου
339 2554 512 2585 κατασπάσας
527 2565 558 2592 γε
571 2554 616 2581 καὶ
634 2553 698 2590 μάλ’
715 2553 838 2588 ἐνδίκως,

221 2598 274 2635 (Οὐ
291 2598 407 2629 πίστεως
422 2598 454 2626 αὖ
471 2597 533 2625 οὐδὲ
549 2597 692 2636 δογμάτων
710 2599 802 2637 χάριν)

220 2643 338 2679 Ἔθηκεν
352 2643 489 2682 ἐξόριστον
505 2643 542 2674 εἰς
556 2643 714 2680 ἀλλοτρίαν·

165 2736 223 2777 (90)
239 2735 383 2777 σοι-αξιοηῄ
394 2735 484 2777 hujus
501 2736 654 2777 prolixum.
662 2736 831 2777 Tractatum
849 2736 963 2777 devites

128 2770 259 2800 termino
274 2774 361 2800 antea
377 2770 533 2805 ineditum,
543 2770 633 2800 habes
647 2771 676 2798 in
694 2772 876 2800 collectionis
886 2773 964 2800 Vali-

127 2815 212 2844 eaner
224 2806 376 2844 volumine
389 2808 456 2844 17,7p.
473 2807 614 2844 285-315;
644 2808 722 2843 quod
746 2807 889 2844 scriptum
906 2808 962 2836 sibi

128 2815 209 2836 eane
224 2814 376 2836 votumine
389 2814 411 2842 ι,
451 2827 456 2834 .
473 2814 614 2841 uso-31:);
644 2814 722 2843 quon
746 2814 889 2844 scriptum
906 2814 962 2836 Blbl

128 2843 254 2880 Photius
269 2843 300 2871 in
315 2814 791 2880 Amphiiiichianisrusurpaverat,
807 2844 855 2880 uti
875 2844 962 2872 docui

130 2878 197 2908 coll.
213 2880 304 2916 ιιι-ωτι.
319 2881 342 2908 t.
358 2878 395 2916 II,
410 2888 439 2916 p.
455 2878 519 2915 682,
535 2879 586 2907 ubi
601 2878 736 2915 ejusdem
762 2879 964 2916 complemen-

293 2937 427 2969 Ριτιιοι..
452 2937 507 2968 Gs.
534 2937 664 2968 CXLIII.

914 215 1096 243 CESARES.

989 276 1016 310 Α
1032 276 1068 304 de
1082 276 1189 305 Christi
1206 277 1292 305 Verbi
1307 278 1436 307 essentia
1449 278 1674 316 theanthropica

1805 218 1860 246 362

1031 323 1140 350 rectam
1157 323 1335 351 sententiam
1349 323 1472 359 protulit
1484 326 1513 352 et
1528 324 1715 360 catholicam,

1031 366 1106 394 duas
1116 366 1283 395 voluntates
1299 369 1431 396 statuens
1447 370 1475 397 et
1489 369 1564 396 duas
1579 371 1702 398 naturas

1030 411 1222 446 conjunctae;
1239 420 1342 440 omnes
1358 413 1504 441 damnans
1522 413 1755 450 Monophysitas.

1030 455 1153 491 Georgio
1169 464 1235 484 mox
1250 456 1393 485 translato
1408 458 1443 485 ad
1458 458 1543 486 sedes
1558 467 1691 494 superas,

1029 498 1136 528 iterum
1152 500 1320 528 Theodorus
1336 502 1446 538 recepit
1462 502 1583 538 pedum.

1030 544 1092 576 Quo
1104 546 1275 573 transeunte
1290 546 1326 573 ad
1342 546 1498 575 Dominum
1514 555 1567 583 per
1582 547 1708 583 obitum,

1030 588 1137 617 Paulus
1152 589 1200 624 qui
1217 589 1245 617 in
1263 590 1343 625 regis.
1358 593 1419 618 erat
1434 599 1449 619 ιι
1465 592 1584 620 secretis

1030 634 1216 669 patriarchali
1234 635 1344 663 honore
1359 635 1518 671 insignitus
1536 636 1603 670 fuit,

1030 678 1136 713 dignus
1152 688 1250 707 revera
1266 681 1405 715 postorali
1424 689 1556 709 munere.

1028 725 1098 750 Post
1113 724 1190 751 hunc
1203 725 1352 752 communi
1369 726 1428 752 fato
1444 728 1613 761 exemptum
1630 726 1713 761 vivis,

1029 768 1186 796 Callinicus
1202 769 1336 805 egregius
1352 770 1401 797 Dei
1418 771 1555 798 sacerdos

1028 812 1057 839 in
1071 813 1297 841 Blachernarum
1314 814 1425 850 templo
1440 823 1579 842 vasorum
1595 817 1703 848 custos,

1028 856 1072 884 vir
1086 857 1192 885 litteris
1205 860 1232 885 et
1246 858 1377 886 moribus
1394 860 1544 894 spectatus
1561 859 1733 894 admodum,

1028 901 1163 929 Ecclesia:
1179 911 1279 930 curam
1296 904 1494 939 gubernanda)
1506 905 1620 940 excepit
1636 913 1642 931 :

988 954 1013 986 B
1030 954 1116 982 quem
1129 947 1334 975 Rhinotmetus
1350 949 1444 975 Caesar
1458 947 1558 983 iniquo
1574 949 1660 984 jussu

1030 991 1123 1018 oculis
1139 994 1314 1019 excaecatum
1332 993 1401 1020 sede
1418 993 1531 1028 pepulit
1547 1001 1555 1021 :

1029 1035 1242 1072 substituitque
1258 1037 1363 1073 Cyrum
1380 1045 1415 1065 ex
1429 1037 1597 1065 Amastride

1026 1080 1241 1116 presbyterum,
1260 1089 1274 1108 e
1291 1082 1444 1110 monachis
1461 1091 1534 1118 quos
1549 1082 1633 1110 aiunt
1648 1082 1790 1112 inclusos.

1025 1125 1078 1152 Sed
1096 1125 1175 1153 hunc
1191 1126 1289 1154 divina
1304 1127 1444 1163 dogmata
1459 1129 1587 1155 tuentem

1025 1168 1208 1206 Philippicus
1223 1171 1369 1199 Bardanes
1386 1172 1498 1207 potitus
1514 1174 1629 1208 sceptro

1024 1214 1170 1242 sententia
1185 1215 1296 1250 injusta
1312 1216 1425 1252 pepulit
1441 1216 1521 1251 ovili,

1022 1257 1198 1294 levitamque
1214 1260 1249 1287 ad
1268 1261 1367 1287 sedem
1383 1261 1526 1288 Joannem
1544 1261 1659 1298 extulit,

1022 1302 1072 1338 qui
1089 1306 1289 1332 mconomatus
1306 1307 1369 1332 erat
1384 1305 1594 1338 chartulsrius,

1021 1347 1252 1375 abominandum
1270 1349 1432 1384 hominem,
1449 1350 1601 1386 Eutycheti

1020 1391 1218 1428 Dioscoroque
1234 1394 1378 1427 deditum,
1397 1394 1425 1421 in
1441 1402 1528 1430 grege
1544 1394 1666 1431 lupum;

1020 1436 1069 1471 qui
1085 1437 1203 1464 demum
1221 1439 1289 1465 sede
1306 1438 1409 1473 pulsus
1425 1441 1469 1466 est
1481 1439 1659 1473 justissime.

1018 1483 1159 1510 Sacerdos
1176 1485 1274 1510 autem
1291 1483 1396 1510 Christi
1414 1486 1441 1510 et
1457 1487 1557 1519 pastor
1574 1485 1668 1512 bonus

1018 1527 1102 1554 divus
1118 1527 1292 1561 Germanus,
1310 1528 1415 1555 litteris
1431 1537 1464 1556 ac
1480 1529 1638 1556 virtutibus

1018 1570 1190 1606 splendens,
1202 1571 1322 1599 lucerna
1337 1572 1425 1599 veluti
1441 1573 1468 1600 in
1487 1573 1674 1608 candelabro,

1019 1624 1034 1642 e
1051 1616 1209 1651 Byzantina
1225 1617 1338 1644 eminus
1354 1617 1512 1652 conspicua
1529 1619 1597 1645 sede

1018 1660 1163 1688 sermonis
1181 1661 1351 1696 magisterio
1367 1661 1482 1689 eﬂ‘ulsit
1496 1662 1569 1689 orbi.

1017 1705 1223 1740 Cyzicenorum
1241 1708 1340 1741 pastor
1355 1706 1466 1734 electus
1485 1707 1597 1741 fuerat;

1017 1750 1067 1776 sed
1085 1749 1183 1777 nescio
1199 1759 1251 1778 cur
1267 1751 1302 1778 ab
1318 1751 1378 1778 illis
1395 1760 1452 1778 non
1470 1754 1614 1787 receptus,

1017 1794 1135 1822 interim
1152 1795 1261 1823 mansit
1277 1804 1380 1831 expers
1396 1796 1561 1824 ministerio
1580 1806 1586 1824 :

1018 1842 1119 1875 postea
1133 1840 1292 1867 translatus
1308 1841 1343 1867 ad
1361 1841 1549 1876 Byzantinam
1567 1842 1667 1870 sedem

1016 1892 1133 1919 gregem
1146 1884 1345 1912 Christianum
1362 1886 1449 1913 rectis
1465 1886 1589 1914 minavit
1605 1887 1729 1915 semitis.

1015 1929 1070 1956 Sed
1087 1928 1163 1956 enim
1180 1928 1258 1956 hunc
1275 1929 1395 1957 sceleste
1414 1930 1540 1958 detraxit
1555 1931 1624 1958 sede

1017 1974 1070 2000 Leo
1087 1973 1182 2000 Casar
1199 1974 1357 2006 lsauricus,
1374 1975 1424 2010 qui
1442 1974 1550 2002 bellum

1016 2018 1129 2054 primus
1145 2018 1251 2045 indixit
1266 2019 1377 2046 sanctis
1390 2019 1581 2054 imaginibus,

1015 2064 1187 2099 objurgante
1204 2063 1343 2091 divinitus
1359 2065 1514 2092 Germano.

1016 2108 1164 2135 Successit
1180 2108 1252 2135 falso
1269 2109 1388 2135 nomine
1406 2109 1579 2136 Anastasius

1016 2152 1166 2187 presbyter
1181 2155 1207 2180 et
1224 2152 1371 2188 syncellus
1388 2153 1417 2180 in
1433 2153 1573 2185 Ecclesia,

1015 2196 1063 2223 sed
1076 2196 1284 2224 iconomachus
1300 2199 1328 2224 et
1343 2199 1487 2232 tyrannus
1504 2198 1613 2233 gregis,

1016 2241 1214 2269 mercenarius
1231 2242 1330 2276 miser,
1346 2242 1435 2277 lupus
1449 2242 1601 2276 exitiosus,

1016 2285 1065 2321 qui
1082 2285 1221 2314 honorem
1241 2287 1354 2322 primus
1370 2287 1521 2322 abrogavit
1537 2287 1712 2323 imaginum.

1018 2329 1076 2357 Hoc
1092 2330 1245 2365 temporali
1263 2335 1355 2358 morte
1372 2334 1537 2367 aeternaque
1553 2332 1710 2366 exstincto,

1017 2375 1118 2402 infelix
1134 2375 1344 2403 Constantinus
1359 2375 1441 2411 Sylaai
1457 2376 1559 2412 lupus,

1019 2428 1071 2455 par
1086 2420 1240 2447 Anastasio
1257 2420 1404 2455 dogmatis
1419 2421 1580 2456 impietate,

1019 2465 1209 2491 munere"suo
1224 2472 1346 2497 vacuus,
1363 2464 1469 2492 invasit
1484 2466 1603 2493 sedem:

1019 2516 1105 2543 quem
1121 2510 1322 2545 Copronymus
1339 2511 1448 2542 tamen,
1465 2510 1519 2536 vah
1534 2510 1540 2537 l
1554 2511 1638 2545 justa
1652 2518 1738 2546 pcena

1019 2553 1087 2580 sede
1103 2553 1228 2580 detraxit
1243 2562 1311 2581 sane
1329 2554 1578 2582 merentissimum

1019 2597 1217 2633 (nequaquam
1236 2598 1302 2625 ﬁdei
1319 2606 1409 2625 causa
1424 2607 1519 2633 neque
1534 2599 1731 2635 dogmatum),

1019 2645 1047 2669 et
1064 2642 1163 2677 procul
1182 2642 1252 2669 urbe
1269 2642 1381 2677 pepulit
1396 2646 1539 2671 extorrem
1559 2652 1565 2671 :

1018 2734 1080 2759 tum
1097 2740 1131 2759 ex
1142 2732 1199 2759 alio
1216 2732 1314 2760 codice
1330 2733 1448 2768 protuli.

1054 2768 1110 2803 (91)
1127 2769 1247 2808 ᾼιηευῐίτι
1262 2769 1417 2808 Ephraemii
1432 2772 1477 2798 est
1493 2771 1689 2808 decenti-Varia
1703 2772 1850 2808 signiﬁca-

1019 2803 1098 2831 tione
1119 2804 1196 2834 νέκυς
1218 2811 1247 2832 et
1269 2803 1444 2842 ἀναστάσιος,
1459 2806 1543 2842 quasi
1567 2803 1787 2844 viciﬁcangsel
1801 2816 1850 2836 re—

1018 2848 1143 2875 surgens.

1649 2942 1688 2972 12
