4076 6446
326 406 435 463 363
1541 398 1914 455 EPHREMII

2159 398 2526 454 noenum
3654 387 3769 445 364

325 530 536 585 deinde
568 546 777 585 rursus
806 527 1151 600 Byzantium
1184 531 1539 597 revocatum,

2009 526 2065 591 Α
2273 522 2370 577 Καὶ
2401 522 2723 599 καταγαγὼν
2755 520 2911 585 αὖθις
2944 519 3100 574 αὐτὸν
3135 517 3210 580 εἷς
3244 515 3412 572 πόλιν

327 619 793 692 impositumque
827 618 1006 673 asello
1038 617 1468 682 circumduxit;

2268 607 2623 673 Ἐπιϐιϐάσας
2654 610 2744 666 καὶ
2781 605 3147 685 θριαμϐεύσας
3188 604 3298 680 ὄνῳ

328 710 592 779 dumque
621 708 933 762 ederentur
966 706 1088 761 ludi
1122 707 1179 761 in
1214 705 1403 761 stadio
1434 707 1756 774 equestres,

1651 720 1756 769 res,
2088 700 2230 756 9925
2266 699 2658 775 Ἱπποδρομίας
2693 701 2940 776 ἡγμένης
2970 698 3022 753 ἐν
3059 694 3261 769 σταδίῳ

329 798 614 852 miserum
648 795 768 851 illic
790 796 975 866 jussit
1006 794 1265 849 truncari
1299 794 1489 864 capite
1524 810 1536 848 :

2268 790 2541 863 Τέτμηκεν
2575 792 2741 845 αὐτοῦ
2770 791 2869 859 τὴν
2903 785 3207 851 παναθλίαν
3240 784 3431 860 κάραν·

327 902 506 958 quem
538 890 673 940 ante
704 889 1029 939 extremum
1061 883 1733 953 ictumjnterrogarunt,

2270 880 2365 935 Ὃν
2395 879 2557 953 ἤρετο
2588 880 2715 954 πρὶν
2746 878 2989 933 ἐκλιπεῖν
3024 878 3165 954 ξίφει
3204 876 3347 951 βίον,

326 980 526 1030 utrum
559 974 829 1045 probaret
861 973 1149 1043 synodum
1185 970 1633 1027 Iconomacham
1664 988 1677 1038 ;

2272 968 2335 1022 Εἰ
2368 967 2590 1023 σύνοδον
2627 970 2861 1045 στέργειε
2889 969 2988 1037 τὴν
3020 988 3145 1037 κατ,
3178 965 3424 1019 εἰκόνων.

328 1078 386 1128 et
417 1086 757 1143 quanquam
789 1069 935 1127 dixit
964 1074 1118 1123 recte
1148 1069 1405 1124 sensisse
1436 1068 1752 1139 synodum,

2275 1057 2372 1112 Καὶ
2401 1057 2566 1129 τήνδε
2595 1058 2780 1120 καλῶς
2816 1059 3061 1133 φαμένου
3096 1054 3449 1130 δογματίσαι,

330 1160 514 1216 nihilo
541 1166 735 1214 tamen
774 1159 973 1213 minus
1004 1162 1361 1212 truncarunt
1391 1156 1603 1228 capite.

2095 1156 2238 1211 9930
2276 1154 2399 1230 Οὒχ
2421 1156 2587 1224 ἦττον
2619 1154 2949 1228 ἐκτὲτμηκεν
2983 1155 3151 1209 αὐτοῦ
3175 1153 3275 1221 τὴν
3309 1149 3496 1226 χάραν·

332 1248 627 1306 Successit
651 1247 788 1302 huic
819 1246 1054 1303 Nicetes
1084 1246 1395 1302 eunuchus
1428 1262 1653 1313 servus,

2276 1247 2405 1309 Μεθ’
2437 1246 2495 1299 ὃν
2529 1248 2767 1316 Νικήτας
2798 1243 3053 1316 ἐκτομίας
3089 1241 3364 1314 οἰκότριψ,

332 1339 450 1394 imo
482 1337 845 1409 mancipium
876 1335 988 1392 vile
1016 1341 1075 1392 et
1107 1336 1587 1403 inscitissimum,

2278 1333 2508 1389 Μᾶλλον
2545 1332 2602 1389 δέ
2631 1336 2721 1389 καὶ
2751 1332 3043 1409 τρίδουλος
3080 1332 3297 1405 ἀμαθὴς
3330 1330 3497 1398 πάνυ,

332 1428 744 1501 Apostolorum
775 1427 1083 1498 presbyter
1112 1426 1172 1481 in
1207 1427 1349 1493 aede,

2284 1421 2659 1499 Πρεσϐύτερος
2697 1425 2791 1498 μὲν
2824 1424 3081 1497 κηρύκων
3118 1422 3267 1486 θείου
3302 1418 3503 1495 δόμου,

335 1514 842 1587 scevophylaxque
873 1513 1076 1584 templi
1107 1513 1675 1585 Chalcopratiorum,

2293 1513 2444 1569 Ναοῦ
2475 1513 2814 1588 σκευοφύλαξ
2847 1510 2904 1567 δὲ
2938 1511 3418 1587 χαλκοπρατείων,

338 1607 661 1660 advocatus
692 1602 961 1658 Ecclesiae
988 1608 1044 1658 et
1075 1603 1506 1673 cmnobiarcha,

2101 1604 2246 1659 9935
2284 1606 2509 1679 ’Ἄρχων
2541 1604 2828 1677 σεμνείων,
2860 1597 3073 1663 ἔκδικός
3106 1603 3155 1655 τ’
3184 1598 3537 1671 Ἐκκλησίας,

337 1698 677 1750 sanctarum
712 1691 926 1748 Christi
959 1692 1286 1764 imaginum
1320 1692 1676 1762 destructor,

2281 1694 2517 1765 Χριστοῦ
2552 1688 2821 1747 σεϐαστῶν
2856 1690 3081 1745 εἰκόνων
3111 1688 3462 1763 καθαιρέτης,

339 1784 438 1855 qui
472 1782 713 1854 irrepsit
744 1782 803 1837 in
836 1781 987 1837 ovile
1019 1787 1300 1852 tanquam
1334 1781 1482 1837 lues.

2285 1784 2497 1856 Ποίμνῃ
2528 1783 2927 1859 παρεισέφρησε
2949 1780 3087 1843 καθά
3114 1800 3197 1841 τις
3231 1778 3407 1851 λύμη.

339 1875 481 1930 Post
510 1873 668 1928 hunc
701 1872 962 1930 Nicetam
998 1872 1057 1925 in
1089 1870 1280 1926 ofﬁcio
1315 1874 1614 1926 mortuum

2029 1899 2078 1965 B
2285 1872 2492 1927 Τούτου
2532 1870 3001 1947 καταστρέψαντος
3033 1868 3083 1923 ἐν
3119 1869 3297 1942 θρόνῳ
3334 1867 3474 1942 βίον,

339 1962 558 2019 Paulus
589 1962 775 2034 Cypro
807 1961 1093 2027 oriundus
1125 1966 1182 2015 et
1211 1961 1297 2014 vir
1329 1960 1535 2027 laicus,

2029 1956 2075 1965 -
2290 1962 2382 2017 Ἕκ
2413 1958 2620 2015 λαϊκῶν
2654 1959 2871 2022 Παῦλός
2900 1981 2983 2022 τις
3010 1959 3147 2033 ἀνὴρ
3180 1956 3464 2032 Κυπρόθεν

342 2067 535 2124 neque
566 2067 866 2106 sacrarum
898 2054 1207 2107 venerator
1239 2049 1588 2121 imaginum,

2111 2060 2252 2115 9940
2291 2057 2368 2116 Οὐ
2400 2059 2761 2132 χρηματίζων
2789 2058 3175 2133 προσκυνητὴς
3216 2055 3461 2126 εἰκόνων,

340 2142 413 2197 ad
448 2140 881 2197 hierarchicum
913 2139 1070 2195 venit
1101 2139 1519 2210 principatum.

2287 2146 2586 2224 Ηροεδρίαν
2621 2148 2843 2225 εἴληφεν
2874 2146 3183 2223 ίεραρχίας.

340 2230 445 2285 Hic
481 2230 683 2284 morbo
717 2233 988 2299 arreptus
1020 2229 1363 2282 cathedram
1397 2227 1677 2298 deseruit,

2289 2237 2461 2299 Οὗτος
2494 2240 2734 2308 νοσήσας
2762 2237 2853 2291 καὶ
2877 2236 3055 2291 λιπὼν
3089 2232 3383 2309 προεδρίαν

340 2324 717 2389 atratumque
750 2323 807 2373 et
837 2323 1076 2373 tonsum
1108 2334 1170 2372 se
1201 2317 1336 2371 fecit
1369 2316 1748 2386 monachum,

2290 2330 2449 2401 Μονῇ
2481 2327 2801 2403 προσελθὼν
2831 2328 3067 2401 κείρεται
3106 2324 3486 2403 μελαμφόρος,

343 2424 596 2463 maerens
627 2408 955 2479 lugensque
986 2408 1141 2477 quod
1178 2406 1384 2461 fuisset
1411 2407 1624 2477 praesul

2292 2417 2521 2489 Στιένων⁹
2556 2415 2802 2492 δακρύων
2837 2420 2921 2479 οἷς
2946 2417 3179 2489 κατέσχε
3208 2416 3299 2469 τὸν
3338 2413 3529 2488 θρόνον

343 2500 486 2554 dum
519 2504 825 2555 vexaretur
856 2498 1187 2553 miserrime
1220 2496 1501 2567 Ecclesia,

2109 2507 2250 2562 9445
2290 2506 2615 2576 Ἐκκλησίας
2648 2506 2904 2581 αἶ’σχιστα
2934 2504 3403 2580 τυραννουμένης,

344 2595 401 2645 et
433 2592 586 2661 quod
623 2590 912 2660 imagines
945 2588 1055 2644 coli
1089 2588 1395 2644 vetuisset.

2288 2593 2388 2648 Καί
2422 2595 2617 2658 σεπτάς
2644 2597 2877 2666 ἡθὲτησε
2904 2599 3067 2667 τιμᾷν
3103 2593 3341 2656 εἰκόνας⁹

343 2680 511 2735 Hunc
542 2679 905 2734 internuntio
938 2677 1122 2733 misso
1154 2680 1493 2748 regnatores

2288 2684 2387 2739 Ὃν
2419 2684 2471 2737 οἱ
2506 2683 2888 2758 βασιλεύοντες
2921 2681 3319 2744 ἀπεσταλκότες

300 2824 303 2827 ,
350 2768 637 2839 quidnam
669 2768 990 2839 gerendum
1019 2771 1177 2822 esset
1209 2767 1644 2837 interrogarunt
1677 2783 1689 2820 :

2288 2774 2524 2848 ’Ἣροντο
2555 2773 2770 2836 τούτοις
2808 2771 3098 2837 ὑποθέσθαι
3132 2772 3394 2848 πρακτέα¹

343 2866 652 2937 respondit
682 2866 754 2935 is,
786 2866 1107 2937 cogendam
1142 2880 1270 2919 esse
1302 2864 1595 2935 synodum

2288 2863 2357 2917 Ἦ
2395 2859 2441 2916 δ’
2473 2862 2553 2932 ὃς,
2590 2860 2877 2917 Συνελθεῖν
2913 2859 3137 2917 σύνοδον
3173 2858 3255 2916 δεῖ
3285 2857 3538 2934 ΙΙατέρων

344 2971 475 3024 qua;
510 2953 685 3009 malis
709 2954 940 3009 obviam
974 2955 1086 3008 iret
1115 2953 1558 3020 cecumenicam,

2111 2953 2254 3008 9950
2290 2951 2692 3024 Οἰκουμενικὴν
2723 2952 2799 3016 εἷς
2829 2950 2968 3006 ἴασιν
2999 2958 3099 3021 τῆς
3127 2950 3310 3006 νόσου.

346 3043 749 3113 onitatemque
779 3041 1043 3097 Ecclesia:
1076 3043 1523 3111 procurandum,

2294 3040 2635 3112 Ἐκκλησιῶν
2673 3044 2719 3105 θ’
2748 3038 2940 3096 ἕνωσιν
2973 3036 3412 3116 ἀπεσχισμένων·

347 3147 537 3203 neque
570 3131 781 3187 salutis
812 3129 990 3187 aliam
1020 3147 1185 3201 spem
1218 3146 1347 3186 esse
1378 3129 1687 3201 reliquam.

2292 3129 2518 3194 Ἀλλως
2546 3135 2733 3205 τυχεῖν
2762 3131 2865 3206 γὰρ
2897 3131 2996 3185 οὐκ
3027 3128 3101 3185 ἔνι
3135 3127 3434 3204 σωτηρίας.

347 3221 437 3277 Illi
470 3221 718 3277 remisso
752 3220 979 3291 nuntio,
1008 3220 1296 3292 rogabant
1326 3220 1518 3274 denuo
1551 3236 1564 3274 :

348 3311 461 3329 n,,,,
830 3326 948 3329 μα,
1000 3309 1325 3329 ,νη-μη,
1371 3309 1558 3329 ,λεμη

2034 3257 2079 3329 c
2294 3220 2361 3276 Οἱ
2393 3216 2439 3273 δ’
2468 3221 2767 3295 ἀντεπῆγον
2798 3217 2930 3293 τῷδ’
2957 3220 3269 3282 ἐπιστάντες
3306 3214 3496 3272 πάλιν·

2303 3310 2345 3329 τι
2391 3309 2402 3324 ι
2485 3313 2510 3323 -ι
2751 3307 2774 3329 δ
2822 3309 2832 3329 ι
2964 3308 2976 3327 ι
3076 3307 3156 3329 nx
3279 3304 3300 3329 κ
3328 3327 3349 3329 κ,
3383 3300 3496 3329 ιρι.

346 3311 465 3366 Cur
494 3315 691 3365 autem
726 3314 791 3365 tu
823 3326 958 3364 cum
992 3309 1330 3365 cathedram
1366 3309 1560 3364 adires

2035 3300 2079 3329 u
2302 3309 2405 3365 Καὶ
2434 3313 2576 3380 πῶς,
2608 3307 2897 3383 προεδρίαν
2930 3308 2993 3364 σὺ
3026 3307 3249 3382 μέλλων
3279 3300 3602 3379 λαμϐάνειν,

344 3400 610 3456 colendis
630 3399 992 3470 imaginibus
1022 3399 1374 3454 interdixisti
1394 3398 1421 3451 ?

2122 3407 2265 3461 9955
2307 3404 2717 3480 Ἀπηγόρευσας
2748 3406 3117 3481 προσκύνησιν
3162 3406 3424 3475 εἷκόνωνς

344 3490 449 3547 Ille
474 3490 761 3545 incusavit
792 3489 1133 3561 principum
1164 3488 1489 3544 vesaniam.

2299 3499 2353 3547 Ὀ
2385 3492 2432 3549 δ’
2463 3493 2527 3549 αὖ
2557 3495 2899 3570 κρατούντων
2926 3496 3121 3571 ᾐτιᾶτο
3157 3493 3369 3567 μανίαν·

350 3579 422 3633 Et
452 3594 608 3632 nunc
635 3577 705 3632 ad
739 3576 926 3631 Deum
958 3575 1307 3646 confugiens
1334 3591 1470 3630 cum
1504 3573 1782 3647 lacrymis

2302 3585 2459 3641 ’Όθεν
2489 3585 2689 3639 στένων
2719 3590 2809 3640 νῦν
2836 3584 3263 3662 προσπεφευγὼς
3296 3581 3482 3657 Κυρίῳ

356 3665 747 3721 universalem
778 3665 1037 3735 judicem
1071 3664 1345 3719 exorabat

2300 3673 2670 3729 Κατικετεύων
2706 3671 2955 3750 λιπαρῶς
2988 3675 3180 3747 κριτήν
3209 3671 3379 3743 ὅλων,

358 3771 431 3810 ne
462 3755 535 3809 de
565 3771 627 3810 se
653 3771 759 3810 ceu
794 3753 1435 3825 patriarchajudiearet
1461 3770 1473 3815 ;

2299 3764 2388 3826 Ὡς
2417 3766 2800 3838 ποιμενάρχην
2838 3766 2912 3837 μὴ
2946 3764 3196 3837 κριθῆναί
3243 3783 3310 3834 με
3333 3762 3531 3834 κρίσει⁶

361 3853 655 3925 pauloque
688 3856 818 3924 post
850 3851 1079 3908 devenit
1108 3853 1179 3906 ad
1211 3852 1340 3907 vitae
1365 3852 1707 3907 terminum.

2120 3854 2263 3908 9960
2304 3853 2454 3910 Μετᾶ
2483 3851 2539 3907 δὲ
2572 3856 2765 3927 μικρὸν
2799 3852 3090 3908 ἀπολείπει
3117 3852 3209 3907 τὸν
3246 3851 3381 3926 βίον.

362 3942 583 3998 Deinde
606 3959 832 3998 sacram
868 3941 1182 3997 illustravit
1213 3942 1412 3997 sedem

2298 3944 2428 3998 Μεθ’
2459 3944 2515 3996 ὃν
2548 3944 2911 4018 κατηγλάισεν
2943 3943 3088 4013 ἱερὸν
3118 3942 3308 4016 θρόνον

360 4033 637 4087 Tarasius
668 4037 840 4088 rectae
872 4032 1006 4087 fidei
1040 4032 1331 4099 defensor,

2299 4033 2566 4105 Ταράσιος
2599 4036 2893 4106 πρόμαχος
2929 4028 3264 4105 ὀρθοδοξίας,

352 4121 568 4178 litteris
599 4139 762 4194 eaque
792 4126 848 4178 et
879 4121 1144 4177 moribus
1172 4120 1445 4192 insignis,

2298 4121 2691 4194 Κοσμούμενος
2725 4121 2828 4196 βίῳ
2856 4142 2915 4176 τε
2942 4119 3184 4196 λαμπρῷ
3213 4118 3303 4174 καὶ
3334 4117 3510 4189 λόγῳ,

357 4212 791 4282 protasecretis,
822 4211 1035 4266 nobilis
1068 4212 1251 4281 stirpe
1280 4216 1338 4265 et
1368 4212 1564 4265 animo
1599 4226 1612 4265 :

2297 4216 2781 4283 Πρωτασηκρῆτις,
2815 4210 3042 4284 εὐγενὴς
3073 4209 3281 4283 ψυχὴν,
3318 4204 3503 4278 δὲμας·

352 4302 463 4355 sub
494 4317 611 4371 quo
642 4300 912 4356 convenit
942 4302 1015 4355 ad
1044 4299 1339 4355 Nicaanam
1374 4300 1580 4354 urbem

2116 4301 2259 4356 9965
2295 4300 2413 4374 Ἐφ’
2444 4299 2505 4354 οὗ
2538 4300 2763 4369 συ-σέστη
2798 4300 2933 4354 κατὰ
2954 4299 3175 4354 Νίκαιαν
3208 4295 3372 4352 πόλιν

347 4389 817 4443 venerandorum
845 4394 1083 4443 Patrum
1117 4387 1438 4443 concilium
1474 4386 1817 4459 septimum,

2294 4394 2403 4457 Τῆς
2433 4384 2676 4461 ἑϐδόμης
2710 4390 2984 4464 ἄθροισμα
3014 4392 3219 4442 σεπτῶν
3252 4384 3530 4460 Πατὲρωψ

349 4477 450 4547 qui
483 4478 868 4532 decreverunt
896 4477 1081 4532 sacris
1114 4476 1478 4546 imaginibus

2292 4476 2360 4536 Ο’ί
2390 4480 2477 4533 καὶ
2510 4484 2763 4552 κυροῢσιν
2799 4478 3007 4541 εἰκόνας
3040 4473 3335 4550 σεϐασμίας

348 4566 712 4621 reddendum
744 4581 874 4620 esse
906 4569 969 4619 ut
994 4568 1165 4620 antea
1195 4564 1475 4621 honorem
1504 4565 1771 4622 debitum
1808 4582 1823 4621 :

1808 4582 1823 4621 ε
2037 4624 2075 4642 ἢ
2293 4568 2380 4629 Ὣς
2409 4566 2535 4642 πρὶν
2562 4573 2724 4641 τιμᾷν
2757 4590 2815 4623 τε
2844 4568 2932 4623 καὶ
2964 4562 3137 4622 σέϐειν
3167 4563 3395 4634 ἐπαξίως

347 4664 751 4735 Nicetamque,
788 4663 1190 4733 Anastasium,
1222 4671 1273 4718 et
1304 4664 1781 4735 Constantinum,

2368 4624 2377 4629 -
2453 4624 2461 4642 .
2624 4624 2632 4641 .
2678 4624 2687 4638 .
3282 4624 3295 4634 .

2034 4624 2078 4689 D
2285 4656 2456 4711 Νὲκυν
2488 4655 2533 4710 δ’
2566 4658 2915 4713 Ἀναστάσιον
2944 4656 3035 4711 καὶ
3066 4656 3475 4710 Κιιινσταντῖνον

345 4753 737 4809 mercenarios
769 4768 987 4819 revera,
1022 4770 1137 4808 non
1171 4758 1459 4824 pastores,

2105 4755 2247 4809 9970
2288 4752 2392 4808 Σὺν
2420 4758 2498 4825 τῷ
2527 4755 2742 4824 Νικήτᾳ
2772 4754 3020 4826 μισθίους
3051 4751 3112 4807 οὐ
3145 4749 3413 4824 ποιμὲνας

342 4844 715 4899 anathemate
737 4844 901 4914 justo
931 4842 1328 4914 perculerunt.

2284 4846 2608 4917 Ἀναθέματι
2639 4843 2966 4921 παρὲδωκακ
2997 4843 3245 4905 εἰκότως.

336 4936 464 4989 Jarn
497 4948 632 4988 cum
663 4934 939 4988 Tarasius
971 4933 1043 4987 ad
1076 4949 1349 4988 securum
1381 4936 1615 5003 portum

2283 4935 2424 5005 Πρὸς
2454 4934 2724 5007 νηνὲμους
2759 4932 2815 4988 δὲ
2847 4932 3080 5006 λιμένας
3111 4929 3383 5008 Ταρασίου

336 5038 406 5077 ex
437 5026 785 5094 tempestate
814 5024 941 5078 vitae
973 5022 1299 5095 appulisset
1330 5039 1563 5092 navem,

2283 5023 2405 5077 Βίον
2434 5023 2865 5096 καθορμίσαντος
2897 5022 2958 5078 ἐκ
2986 5022 3276 5098 τρικυμίας

336 5112 496 5166 sedis
528 5127 594 5166 ac
626 5127 851 5166 morum
883 5113 1100 5183 pariter
1132 5128 1439 5167 successor

2281 5109 2553 5187 Διάδοχος
2586 5114 2779 5188 θρόνου
2808 5134 2868 5168 τε
2892 5110 3054 5167 τοῦδε
3082 5112 3174 5166 καὶ
3195 5105 3401 5185 τρόπου

334 5197 698 5268 Nioephorus
728 5198 947 5254 electus
978 5204 1067 5254 est
1099 5200 1534 5269 protasecretis,

2098 5205 2241 5259 9975
2278 5202 2596 5277 Νικηφόρος
2631 5199 2871 5258 δὲδεικτο
2902 5207 3385 5277 πρωτασηκρῆτις.

330 5286 421 5340 vir
450 5302 591 5341 sane
623 5287 805 5359 stirpe
838 5288 1019 5342 nobili
1051 5294 1106 5343 et
1139 5288 1425 5359 patricius

2277 5291 2444 5365 Ἀνήρ
2473 5311 2555 5352 τις
2588 5286 2758 5355 ὄντως
2788 5291 3028 5365 εὐγενὴς,
3065 5286 3418 5363 εὐπατρίδης,

328 5375 663 5431 divinorum
698 5379 1044 5448 dogmatum
1077 5376 1320 5431 tutelam
1348 5392 1579 5446 gerens,

2274 5378 2714 5454 Προκινδυνεύων
2751 5379 3039 5456 δογμάτων
3069 5384 3178 5434 τῶν
3213 5377 3434 5442 ἐνθὲων.

328 5470 501 5535 atque
532 5471 596 5521 ut
627 5483 731 5537 par
760 5472 885 5521 erat
914 5465 1130 5520 Christi
1165 5482 1399 5536 gregem
1432 5471 1765 5538 protegens.

2270 5474 2512 5543 Χριστοῦ
2540 5491 2599 5525 τε
2628 5470 2872 5543 ποίμνης
2906 5467 3227 5543 ὑπεραθλῶν
3253 5467 3327 5529 ὠς
3362 5466 3542 5539 θέμις,

324 5552 500 5609 Porro
529 5554 688 5609 hunc
718 5553 852 5609 ovili
887 5552 1113 5624 depulit
1143 5569 1208 5609 ac
1240 5554 1377 5609 sede

2269 5558 2493 5615 Ὀντινα
2516 5559 2758 5632 ποίμνης
2790 5557 3065 5620 ἀπελάσας
3098 5557 3191 5611 καὶ
3222 5556 3418 5631 θρόνου

323 5642 642 5699 Armenius
673 5643 770 5698 ille
805 5643 1014 5697 merito
1042 5643 1237 5697 dictus
1271 5644 1406 5709 Leo,

2089 5650 2231 5704 9980
2270 5647 2355 5718 Ἐξ
2383 5647 2680 5723 ’Λρμενίας
2712 5649 3066 5723 θηριώνυμος
3100 5647 3249 5701 Λέων

321 5731 461 5809 quia
491 5732 879 5789 dissidentem
911 5732 1188 5804 dogmate
1218 5730 1454 5787 videbat

2267 5737 2365 5800 Οἷς
2397 5741 2815 5815 συμφρονοῦντα
2849 5734 3122 5813 μηδαμῶς
3153 5731 3299 5813 ἔχων
3334 5728 3494 5797 σέϐας
