4076 6406
322 423 434 480 367

322 552 495 603 Hunc
525 544 800 619 spoliavit
827 543 1054 601 honore
1084 542 1197 599 Leo
1225 542 1471 615 Sapiens

322 639 564 710 quartas
592 637 893 690 vetantem
926 631 1218 690 celebrari
1251 630 1511 703 nuptias,

320 724 762 798 syncellamque
793 722 1194 795 Euthymium
1225 738 1326 793 pro
1357 737 1423 777 eo
1455 717 1787 775 constituit.

332 814 551 871 Verum
585 813 694 869 hoc
726 812 858 885 ipso
890 812 1176 885 dignitate
1206 814 1378 866 exuto

330 904 550 960 iterum
582 901 860 958 Nicolaus
890 900 1108 972 recepit
1134 900 1354 955 sedem.

333 993 443 1049 Sed
480 991 590 1048 hoc
621 991 922 1059 defuncto,
954 989 1291 1060 Stephanus
1323 990 1651 1044 Amasenus

333 1079 654 1136 eunuchus
686 1078 861 1150 frugi,
894 1077 1169 1133 sacerdos
1202 1077 1535 1144 ordinatus,

340 1167 753 1241 pontiﬁcatum
781 1182 944 1221 novae
974 1169 1170 1221 Romae
1202 1165 1479 1221 obtinuit.

336 1256 631 1328 Stephano
657 1255 997 1311 communis
1030 1255 1133 1310 fati
1166 1254 1452 1311 exstincto
1485 1253 1732 1322 viribus,

336 1347 402 1401 ﬁt
432 1343 770 1417 patriarcha
802 1342 1394 1415 Constantinopoleos

335 1434 664 1491 monachus
691 1432 992 1505 Tryphon,
1026 1432 1341 1504 religiosus
1375 1447 1555 1488 senex
1588 1449 1604 1488 ε

333 1549 510 1606 quem
538 1536 856 1605 postquam
885 1532 1023 1587 sede
1055 1530 1412 1603 depulerunt
1443 1530 1597 1595 dolo,

330 1622 583 1681 Romani
612 1621 995 1693 imperatoris
1028 1620 1366 1676 eunuchum
1399 1619 1589 1675 ﬁlium

335 1711 575 1767 nomine
603 1708 1114 1783 Theophylactum
1150 1710 1299 1782 pedo
1332 1710 1559 1765 donant
1594 1726 1607 1763 :

339 1800 441 1872 qui
474 1814 665 1870 neque
695 1802 896 1854 sancte
926 1798 1070 1853 vixit
1101 1814 1205 1854 nec
1236 1797 1632 1870 pastoraliter,

343 1889 446 1946 sed
474 1888 773 1945 venationi
804 1903 1038 1959 semper
1066 1889 1323 1944 absurde
1354 1887 1613 1957 deditus,

344 1977 516 2051 equis
547 1977 877 2033 nutriendis
907 1980 965 2033 et
990 1977 1206 2033 cursim
1236 1976 1596 2033 exercendis.

344 2067 465 2124 Hoc
494 2066 623 2121 vitae
648 2070 705 2121 et
734 2065 1045 2138 dignitatis
1078 2066 1321 2122 faciente
1352 2066 1555 2134 ﬁnem,

344 2160 656 2229 promotus
685 2160 779 2212 est
803 2159 870 2210 ut
899 2157 1057 2211 esset
1088 2155 1183 2211 Dei
1219 2155 1481 2227 pontifex

345 2245 564 2317 dignus
595 2261 900 2301 sacrorum
934 2244 1099 2316 apice
1130 2244 1505 2317 Polyeuctus,

341 2333 617 2407 egregius
649 2349 792 2389 sane
820 2333 913 2388 vir
941 2332 1292 2406 cunctisque
1322 2331 1623 2404 amabilis,

341 2424 529 2496 gloria
558 2422 1005 2492 monachorum,
1036 2422 1325 2478 virtutum
1353 2425 1558 2495 typus,

342 2512 626 2568 doctrinae
656 2510 786 2566 luce
811 2510 1009 2567 clarus
1041 2511 1141 2567 sed
1178 2511 1364 2584 magis
1395 2511 1684 2567 moribus.

344 2609 463 2666 Hoc
493 2608 675 2665 etiam
709 2606 1077 2680 relinquente
1109 2609 1393 2664 caducam
1425 2609 1633 2675 vitam,

343 2697 563 2755 insedit
593 2697 938 2753 cathedram
969 2697 1225 2753 Basilius
1259 2697 1586 2753 monachus

348 2788 541 2843 dictus
574 2804 608 2842 a
639 2786 829 2860 patria
857 2785 1031 2858 vulgo
1062 2787 1563 2843 Scamandrenus.

353 2877 498 2932 Huic
528 2876 809 2948 abrogato
843 2876 1112 2946 posthinc
1140 2876 1508 2949 pontificatu,

353 2964 490 3036 pius
521 2964 811 3019 Antonius
841 2963 913 3019 de
939 2963 1129 3018 Studii
1164 2965 1430 3020 coenobio

351 3054 421 3109 fit
451 3052 789 3124 patriarcha
819 3052 1149 3124 Byzantina:
1182 3054 1369 3108 urbis.

349 3141 494 3198 Exin
522 3141 805 3197 honorem
840 3141 1147 3196 abdicanle
1175 3141 1448 3207 Antonio,

348 3229 626 3288 Nicolaus
657 3230 1004 3301 cognomine
1032 3230 1465 3302 Chrysoberges

349 3323 586 3375 evectus
616 3324 705 3375 est
730 3319 801 3374 ad
836 3321 1032 3375 sedem
1068 3319 1547 3387 famosissimam,

350 3410 474 3477 Quo
504 3412 851 3465 transeunte
881 3408 952 3464 ad
985 3408 1218 3464 Domini
1249 3415 1628 3480 conspectum

355 3496 637 3570 magister
667 3497 1006 3553 cathedram
1040 3497 1258 3553 insedit
1287 3499 1606 3569 Sisinnius,

352 3586 570 3642 litteris
602 3585 834 3654 doctus,
859 3585 1173 3654 medicina,
1207 3591 1264 3641 et
1294 3585 1554 3659 legibus,

358 3674 460 3747 qui
489 3674 839 3729 afﬁnitatum
878 3672 1116 3745 scripsit
1139 3675 1338 3744 justos
1372 3676 1610 3747 gradus.

361 3766 680 3834 Postquam
715 3761 951 3818 vitalem
982 3761 1172 3818 lucem
1205 3763 1299 3819 hic
1331 3764 1613 3832 deseruit,

361 3867 590 3908 sacram
623 3850 846 3921 excepit
875 3851 1226 3921 dignitatem
1262 3853 1501 3924 Sergius

367 3939 612 3996 cmnobii
643 3938 926 3995 alumnus
957 3939 1245 3996 Manuelis
1275 3942 1436 3997 dicti.

367 4031 503 4087 Post
532 4031 705 4101 cujus
735 4032 965 4088 obitum
994 4030 1205 4103 praesul
1236 4033 1617 4090 constituitur

364 4119 711 4176 Eustathius
743 4121 1016 4193 princeps
1047 4122 1520 4193 presbyterorum

360 4208 457 4279 qui
490 4209 550 4264 in
581 4210 705 4265 aede
734 4208 995 4282 palatina
1025 4226 1150 4266 rem
1182 4226 1409 4266 sacram
1441 4214 1671 4267 curant.

365 4306 480 4362 Hoc
506 4322 738 4379 quoque
766 4307 896 4362 vitas
926 4307 1248 4362 terminum
1278 4308 1625 4379 attingente,

360 4395 581 4467 potitus
613 4399 705 4452 est
735 4394 958 4451 honore
991 4395 1230 4451 Alexius
1262 4397 1613 4466 monachus,

360 4482 752 4539 ecclesiarcha
780 4483 841 4537 in
873 4482 1063 4559 Studii
1096 4485 1385 4551 coenobio,

359 4573 449 4626 vir
480 4570 763 4642 liberalis,
794 4570 1140 4642 splendidus
1171 4574 1462 4629 sacerdos.

361 4660 485 4724 Quo
518 4663 721 4716 sancto
753 4658 1139 4718 concludente
1170 4661 1346 4717 vitam
1380 4663 1567 4731 obitu,

359 4748 606 4804 Michael
637 4755 1026 4821 cognomento
1057 4750 1391 4807 Cerularius

358 4837 577 4894 nobilis
605 4838 696 4893 vir
724 4838 1088 4910 professione
1119 4840 1445 4897 monachus

357 4928 773 5000 episcoporum
805 4928 1017 5000 prmsul
1049 4931 1430 4986 constituitur
1463 4948 1477 4987 :

355 5025 733 5084 turbulentus
763 5027 960 5095 homo,
991 5034 1361 5103 contemptor
1392 5029 1586 5103 legum
1612 5052 1627 5103 ;

357 5129 535 5185 quem
564 5116 825 5172 Isaacius
855 5116 1048 5173 Caesar
1076 5119 1405 5176 detractum
1440 5121 1577 5178 sede

358 5218 476 5258 non
504 5201 632 5258 sine
663 5204 794 5259 dolo
828 5205 991 5262 misit
1019 5207 1080 5262 in
1112 5208 1415 5265 exsilium.

358 5291 540 5357 Cujus
572 5297 702 5361 post
732 5292 957 5348 obitum
991 5296 1270 5353 cathedra
1303 5299 1527 5370 potitur

358 5384 414 5435 et
446 5379 777 5450 patriarcha
809 5398 1059 5454 magnus
1089 5388 1471 5444 constituitur

358 5468 655 5525 Lichudes
683 5469 940 5526 eviratus
966 5472 1407 5548 Constantinus,

357 5559 458 5629 qui
490 5557 779 5630 dignitate
808 5565 933 5615 erat
966 5565 1450 5632 protovestiarius
1483 5586 1496 5625 :

357 5646 643 5717 probatus
668 5647 865 5717 homo,
900 5649 1059 5721 pius,
1085 5655 1142 5706 et
1162 5652 1278 5710 Deo
1310 5655 1582 5727 dilectus,

355 5734 417 5790 in
448 5736 815 5808 negotiorum
849 5738 1221 5812 publicorum
1251 5760 1395 5802 cura

1550 417 1925 472 ΕΡΗΒΕΜΙΙ
1960 411 2499 475 CHRONOGRAPH
2505 424 2529 475 Ι
3645 410 3756 468 368

2014 536 2071 603 Α
2311 544 2404 596 Ὃν
2443 539 2697 613 ἐξελάσας
2734 539 2831 594 τοῦ
2862 537 3063 614 θρόνου
3096 534 3262 615 σοφὸς
3292 535 3443 591 Λέων

2317 630 2695 706 Τετραγαμίας
2729 627 2863 704 ἄγος
2894 626 2955 684 ού
2987 624 3326 703 δεδεγμένον,

2317 718 2591 792 Εὐθύμιον
2628 716 2929 794 σύγκελλον
2963 713 3325 792 ἐγκαθιδρύει.

2107 805 2281 863 10040
2319 806 2536 862 Τούτου
2570 803 2902 882 διωχθέντος
2934 802 2992 859 δὲ
3019 809 3119 870 τῆς
3145 801 3456 880 προεδρίας,

2318 897 2493 952 Ηάἱλιν
2527 898 2555 952 ὁ
2585 895 2862 958 Νικόλαος
2894 892 3025 970 ἔσχε
3052 895 3142 950 τὸν
3177 892 3388 968 θρόνον.

2319 985 2533 1042 Τούτου
2565 985 2837 1054 θανόντος,
2874 985 3148 1062 Στέφανος
3180 982 3475 1057 Ἀμασείας

2326 1072 2632 1138 Σπουδαῖος
2664 1074 2927 1150 εὐνοῦχός
2955 1094 3059 1145 τις,
3090 1073 3237 1148 ἱερὸς
3274 1072 3465 1144 θύτης,

2320 1165 2545 1239 Ῥώμης
2576 1166 2697 1227 νέας
2728 1161 2929 1242 εἴληφε
2956 1164 3056 1233 τὴν
3083 1160 3401 1238 προεδρίαν.

2110 1266 2286 1321 10045
2322 1262 2536 1321 Τούτου
2562 1264 2625 1319 τὸ
2661 1263 2812 1339 βιοῦν
2846 1260 3252 1323 καταλύσαντος
3285 1259 3461 1336 μόρῳ,

2321 1350 2642 1428 Ἀρχιερεὺς
2669 1349 2912 1407 δέδεικτο
2941 1357 3044 1421 τῆς
3076 1350 3486 1407 Κωνσταντίνου

2320 1442 2555 1520 Τρύφων
2589 1443 2886 1515 μοναστῆς,
2919 1434 3163 1511 εὐλαϐής
3193 1460 3252 1495 τε
3279 1438 3369 1494 καὶ
3401 1441 3576 1515 γέρων
3610 1456 3623 1471 ⁸

2316 1529 2473 1586 Τοῦδ’
2499 1530 2865 1596 ἅπελαθέντος
2895 1527 2953 1585 δὲ
2983 1533 3079 1584 τοῦ
3112 1529 3309 1605 θρόνου
3342 1525 3518 1602 δόλῳ,

2320 1622 2606 1696 Εὐνοῦχος
2637 1621 2753 1683 υἱὸς
2785 1619 3071 1693 Ῥωμανοῦ
3106 1616 3377 1694 βασιλέως

2109 1711 2285 1767 10050
2321 1708 2529 1776 Κλῆτιν
2563 1709 2945 1787 Θεοιρύλακτος
2978 1706 3138 1783 αὐχεῖ
3165 1706 3258 1762 τὸν
3294 1707 3511 1781 θρόνον,

2321 1798 2442 1875 Οὐχ
2470 1799 2678 1874 εὐαγῶς
2715 1802 2819 1868 ζῶν
2853 1795 2978 1854 οὐδὲ
3007 1796 3145 1853 κατὰ
3163 1797 3451 1869 ποιμένας,

2029 1893 2078 1959 Β
2325 1888 2683 1963 Κυνηγεσίοις
2712 1887 3099 1963 προστετηκὼς
3124 1885 3171 1942 δ’
3200 1884 3469 1959 ἐκτόπως,

2324 1978 2457 2039 Ταῖς
2480 1975 2843 2050 ἱππομανίαις
2874 1997 2932 2031 τε
2962 1976 3051 2030 καὶ
3082 1974 3290 2030 τούτων
3321 1972 3573 2052 δρόμοις.

2324 2067 2536 2123 Τούτου
2566 2065 3031 2142 καταστρέψαντος
3062 2064 3113 2120 έν
3147 2059 3325 2138 θρόνῳ
3358 2064 3499 2141 βίον,

2113 2158 2292 2215 40055
2330 2156 2715 2226 ’Δντικατέστη
2752 2155 3141 2230 ποιμενάρχης
3172 2154 3379 2231 Κυρίου

2327 2243 2673 2307 Πολύευκτος
2704 2242 2850 2318 ἄξιος
2879 2243 3188 2319 ἱεραρχίας,

2326 2332 2591 2389 Εύκταῖον
2626 2329 2798 2394 ὄντως
2831 2339 3028 2408 χρῆμα
3058 2331 3149 2386 καὶ
3180 2335 3309 2386 πᾶσι
3336 2328 3524 2408 φίλον,

2332 2421 2503 2484 Κλέος
2537 2426 2848 2496 μοναστῶν,
2882 2421 3084 2496 ἀρετῶν
3110 2421 3299 2476 πασῶν
3328 2420 3524 2494 τύπος,

2331 2512 2653 2588 Διαπρέπων
2688 2511 2839 2586 λόγῳ
2863 2510 2955 2566 καὶ
2985 2509 3175 2588 τρόπῳ
3204 2507 3391 2567 πλέον.

2119 2614 2294 2669 10060
2330 2609 2495 2668 Τοῦὂ’
2522 2609 2912 2673 ἐκλελοιπότος
2943 2607 3000 2665 δὲ
3027 2610 3118 2665 τὸν
3153 2609 3385 2689 φθαρτὸν
3422 2608 3558 2686 βίον,

2334 2699 2596 2775 Μοναχὸς
2630 2698 2915 2762 Βασίλειος
2946 2695 3075 2775 ἔσχε
3103 2699 3195 2753 τὸν
3228 2697 3415 2774 θρόνον

2333 2791 2427 2844 Ἐκ
2454 2796 2555 2859 τῆς
2584 2786 2844 2864 πατρίδος
2881 2785 3312 2862 Σκαμανδρηνὸς
3340 2789 3438 2857 τὴν
3473 2789 3617 2853 θέσιν
3648 2806 3663 2822 ⁸

2331 2879 2750 2954 Καθαιρεθέντος
2775 2874 2939 2932 τοῦδε
2965 2883 3066 2947 τῆς
3098 2874 3412 2953 προεδρίας,

2334 2967 2621 3030 Ἀντώνιός
2649 2988 2731 3029 τις
2763 2961 3002 3035 εὐλαϐὴς
3036 2967 3064 3021 ὁ
3096 2962 3387 3036 στουδίτης

2120 3057 2299 3114 10065
2337 3055 2675 3131 Ἀρχιθύτης
2703 3060 2912 3130 πέφηνε
2940 3061 3040 3125 τῆς
3072 3051 3423 3124 Βυζαντίδος.

2333 3149 2438 3199 Τοῦ
2472 3143 2519 3200 δ’
2547 3143 2847 3202 Ἀντωνίου
2880 3149 3055 3209 θῶκον
3090 3145 3488 3217 ἀπειπαμένου,

2043 3250 2087 3316 α
2337 3235 2399 3293 Ὀ
2430 3231 2706 3296 Νικόλαος
2733 3228 3120 3310 Χρυσοϐέργης
3148 3230 3455 3304 τούπίκλην

2338 3321 2432 3386 Εἰς
2463 3321 2609 3377 τόνδ’
2640 3322 2860 3398 ἀνήχθη
2893 3323 2982 3378 τὸν
3008 3322 3336 3397 περίπυστον
3371 3321 3587 3398 θρόνον.

2335 3411 2547 3471 Τούτου
2582 3412 2943 3485 μεταστάντος
2977 3409 3034 3467 δὲ
3063 3412 3199 3484 πρὸς
3228 3411 3319 3467 τὸν
3350 3408 3649 3485 Δεσπὸτην,

2123 3511 2298 3568 10070
2338 3504 2580 3585 Κατέσχε
2611 3509 2849 3573 Σισίνιος
2885 3512 3183 3584 μάγιστρος
3214 3507 3429 3583 θρόνον,

2338 3596 2594 3661 Παιδείας
2626 3595 2766 3675 ἴδρις
2800 3598 3050 3675 ῗατρικῆς
3080 3599 3166 3654 καὶ
3200 3598 3413 3672 νόμων,

2339 3687 2595 3762 Βαθμοὺς
2628 3689 2655 3743 ὁ
2688 3688 2900 3750 συνθεὶς
2934 3686 3285 3764 συγγενικοὺς
3314 3686 3607 3761 ἐννόμους.

2340 3777 2555 3835 Τούτου
2588 3777 2845 3843 θανόντος
2873 3779 2960 3833 καὶ
2995 3775 3325 3840 λελοιπότος
3358 3777 3513 3854 φάος,

2342 3869 2534 3934 Μονῆς
2564 3867 2845 3944 προεστὼς
2879 3866 3146 3936 Μανουὴλ
3177 3864 3528 3937 κεκλῃμένης

2130 3959 2305 4014 10075
2337 3957 2574 4034 Σέργιος
2605 3957 2743 4030 ἀνὴρ
2775 3951 3194 4032 παραλαμϐάνει
3228 3955 3441 4032 θρόνον.

2341 4046 2551 4101 Τούτου
2584 4046 2840 4109 θανόντος
2874 4046 3252 4123 έγκαθίσταται
3284 4044 3462 4121 θρόνῳ

2345 4137 2573 4213 Πρῶτός
2601 4159 2684 4200 τις
2709 4137 3006 4202 Εύστάθιος
3030 4138 3083 4192 ἐν
3115 4132 3503 4213 πρεσϐυτέροις

2342 4227 2463 4285 Τῶν
2500 4225 2550 4281 έν
2588 4225 2891 4303 βασιλείοις
2920 4247 2981 4303 γε
3010 4226 3471 4301 κατειλεγμένων.

2340 4316 2442 4373 Καὶ
2472 4314 2632 4373 τοῦδε
2660 4319 2722 4373 τὸ
2757 4317 2853 4392 ζῇν
2888 4316 3318 4393 έκμετρήσαντος
3352 4314 3532 4392 μόρῳ,

2126 4416 2307 4473 10080
2346 4412 2803 4492 Ἐκκλησιάρχης
2830 4422 2931 4486 τῆς
2968 4423 3136 4490 μονῆς
3163 4419 3261 4470 τοῦ
3295 4410 3560 4469 Στουδίου

2342 4505 2602 4581 Μοναχὸς
2633 4503 2878 4579 Ἀλέξιος
2906 4504 3106 4580 εἴληφε
3138 4505 3329 4580 θρόνον
3365 4522 3380 4536 ⁸

2049 4621 2098 4686 D
2344 4594 2506 4668 Ἀνὴρ
2542 4592 2954 4670 μεγαλόδωρος,
2989 4588 3183 4655 ὄλϐιος
3217 4591 3406 4686 θύτης.

2342 4682 2524 4758 Οὗπερ
2561 4681 2999 4756 μεταλλάξαντος
3034 4684 3247 4758 εὐαγῶς
3284 4680 3426 4755 βίον,

2341 4770 2546 4837 Κλῆσιν
2578 4772 2815 4848 Μιχαὴλ
2843 4770 3225 4848 Κηρουλάριος
3255 4772 3398 4835 θέσιν

2125 4862 2301 4918 10085
2339 4859 2699 4937 Εὐπατριδῶν
2732 4864 2809 4925 εἷς
2831 4864 2919 4917 καὶ
2950 4860 3310 4935 μονοτρόπων
3338 4859 3457 4933 ἅμα

2340 4951 2661 5015 Καθίσταται
2695 4949 2962 5027 πρόεδρος
2992 4951 3409 5027 ἆρχιποιμένων
3446 4968 3460 4981 ·

2338 5041 2690 5116 Θερμουργὸς
2721 5040 2882 5116 ἀνὴρ,
2917 5041 3230 5117 ὑπερόπτης
3259 5044 3368 5095 τῶν
3401 5040 3613 5112 νόμων.

2335 5131 2431 5187 Ὃν
2463 5130 2784 5206 καταγαγὼν
2815 5128 3080 5194 Ἰσαάκιος
3112 5131 3331 5208 θρόνου,

2340 5218 2435 5280 Εἷς
2470 5218 2675 5294 έξορίαν
2708 5221 3034 5294 παρέπεμψε
3065 5219 3159 5275 σὺν
3191 5217 3362 5292 δόλῳ.

2124 5309 2302 5366 10090
2340 5309 2511 5372 Ἔνθα
2541 5308 2820 5382 θανόντος,
2854 5307 3232 5385 ἐγκαθίδρυται
3267 5308 3449 5386 θρόνῳ

2341 5396 2437 5452 Καὶ
2469 5398 2849 5474 ποιμενάρχης
2882 5396 3252 5454 ἀναδείκνυται
3286 5398 3454 5474 μέγας

2338 5486 2742 5550 Κωνσταντῖνός
2769 5509 2853 5550 τις
2888 5486 3151 5562 ἐκτομίας
3183 5484 3526 5563 Λιιχούδης,

2337 5571 2850 5654 Πρωτοϐεστιάριος
2882 5574 2955 5633 ὢν
2987 5580 3087 5649 τήν
3122 5579 3292 5650 ἀξίαν,

2340 5662 2647 5729 Σπουδαῖος
2677 5663 2869 5740 ὅντως,
2901 5664 3165 5742 εὐλαϐὴς,
3198 5672 3316 5741 Θεῷ
3346 5664 3533 5747 φίλος,

2126 5755 2304 5815 10095
2341 5755 2431 5814 Ἐν
2460 5753 2755 5830 δημοσίαις
2785 5759 3126 5836 πραγμάτων
3170 5756 3539 5836 λειτουργίαις
