2038 3211
150 200 206 229 369

259 263 359 294 Φανεῖς
375 263 505 302 ἀμιμφής
521 263 708 300 ἀνεπίληπτος
723 263 804 299 πάνυ,

261 307 364 345 Πολλῷ
381 307 410 336 δὶ
426 307 535 345 μᾶλλον
551 309 578 337 ἐν
591 309 684 338 καλῶν
698 309 853 347 ἐργασιαις.

260 353 299 382 Οὔ
314 353 358 380 τὸν
375 353 498 390 παρόντα
515 353 717 385 καταλύσαντος
734 354 804 392 βίον,

259 398 287 424 Ὀ
302 396 450 436 Ξινριλῖνος
468 397 574 435 χαρίεις
591 398 720 433 Ἰωάννης

150 442 241 472 10100
260 441 426 477 Ἐκκλησίας
441 442 523 470 ἰθύνει
540 443 589 477 τήν
604 441 761 481 προεδρίαν,

258 486 327 524 Βίῳ,
344 486 421 524 λόγῳ
436 488 506 524 γένει
521 498 551 515 τε
565 486 701 524 λαμπρῶς
721 487 879 525 ἒμπρὲπωψ

258 532 306 563 ’Ὀς
320 531 436 569 πρόσθεν
452 530 488 559 ὤν
504 533 543 563 εἷς
559 532 673 570 εὐγενῶν
689 535 743 560 τῶν
760 532 786 560 ἐν
802 532 886 569 τέλει,

259 576 369 613 Κόσμον
387 576 537 612 λελοίπὼς,
554 577 587 604 τὰ
604 580 734 614 μοναχῶν
757 576 850 612 ὑπέδυ,

259 621 309 648 Καὶ
324 622 518 660 ποιμενάρχης
536 621 629 659 ἐκρίθη
649 621 815 656 Βυζαντίδος

153 671 240 699 10105
257 670 362 699 Τούτου
377 671 425 698 τὸν
441 670 611 707 ἀνθρώπινον
627 668 754 702 ἐκϐάντος
773 672 844 709 βίον,

257 718 370 752 Κοσμᾰς
388 715 510 753 μοναχὸς
529 715 735 753 Ἰεροσολυμίτη
742 727 764 751 ς,

257 760 342 798 Ἀνὴρ
358 759 467 797 ἀγαθὸς,
485 760 586 797 ἀρετῶν
603 762 675 792 θεῖος
690 759 775 796 δόμος

256 804 408 841 Χειρίζεται
425 803 458 839 δὴ
474 805 523 839 τήν
537 804 591 832 λεὼ
607 805 783 842 προστασίαν.

257 850 307 881 ’Ός
323 849 510 888 δυσχεραίνων
527 851 694 887 πραγμάτων
711 850 745 887 τῇ
762 850 890 888 συγχύσει

146 896 239 924 10110
257 894 344 922 Ἐχὼν
365 894 549 932 ἀπηγόρευσεν
567 894 728 931 ἱερωσύνην,

256 938 357 969 Καλῶς
373 939 504 970 ὑπεκστὰς
518 939 562 966 καὶ
579 938 676 976 Θρόνου
692 939 735 966 καὶ
748 939 889 976 ποιμνίου,

256 984 313 1012 Εἶτ’
329 983 473 1021 ἐγκατέστη
489 986 528 1019 τῷ
544 983 696 1020 πανυψήλῳ
712 984 800 1020 θρόνῳ

258 1029 390 1066 Μοναχὸς
408 1028 573 1064 Εύστράτιος
587 1028 703 1066 Γαριδᾶς
719 1028 801 1064 Οὲσιν,

258 1073 331 1110 Πρὸς
347 1076 399 1100 πᾶν
414 1074 504 1100 ὁτιοῦν
524 1074 561 1110 μή
578 1074 704 1111 πεφυκὼς
719 1074 893 1110 κρειττόνων,

149 1123 240 1151 10115
258 1121 428 1153 Παιδιύσεως
440 1122 555 1159 ἄμοιρος
573 1121 629 1158 ἅμα
644 1123 687 1150 καὶ
706 1122 806 1160 λόγων,

254 1166 376 1205 Ἦσοχίᾳ
389 1177 428 1202 τε,
446 1166 543 1204 γωνίᾳ,
559 1167 665 1203 μᾶλλον
681 1167 790 1203 πρὲπων

253 1213 288 1239 Ἦ
299 1211 451 1249 προστασίᾳ
466 1212 510 1239 καὶ
528 1211 582 1239 λεὼ
599 1210 739 1249 προεδρίᾳ.

252 1255 331 1285 Τεῦδ’
343 1255 527 1287 ἀπελαθέντος
543 1266 573 1293 γε
587 1259 637 1289 τῆς
652 1255 813 1293 προεδρίας,

252 1301 346 1332 Ὀσιος
358 1301 438 1339 ἀνὴρ,
456 1298 585 1334 εὐλαϐὴς,
603 1303 689 1337 πρᾶος
703 1301 790 1339 φύσει,

146 1346 236 1375 10120
255 1347 313 1382 Θεῷ
327 1342 497 1383 προϐληθεὶς
514 1345 652 1376 Νικόλαος
669 1345 759 1380 ἀξίως,

134 1386 138 1390 ”
254 1390 387 1428 Μοναχὸς
402 1389 568 1428 ἐλλόγιμος,
584 1389 656 1426 ἄξιος
673 1391 780 1428 θρόνου,

257 1434 423 1470 Ἐκκλησίας
441 1433 525 1467 ἴθυνεν
543 1435 580 1466 ὡς
597 1438 655 1471 Θεῷ
671 1435 762 1473 φίλον.

256 1479 364 1509 Τούτοᾶ
382 1490 561 1516 μετασταντος
579 1479 606 1507 δὲ
622 1481 688 1517 πρὸς
705 1480 793 1511 Θείους
813 1480 886 1516 νόας,

253 1525 337 1562 ’Δνήρ
354 1525 549 1563 χαριτώνυμος
565 1525 710 1563 ἐμπρέπων
728 1524 822 1562 λόγοις

155 1569 237 1598 101%
256 1569 446 1607 Ἱερομνήμων
464 1568 574 1604 λευίτης
589 1568 763 1603 Ἐχκλησίας,

253 1615 298 1650 Τῷ
311 1615 461 1648 τηνικαῦτα
476 1614 586 1649 ποιμένι
605 1612 784 1649 Χαλκηδόνος

254 1659 360 1696 ’Δγχοῦ
375 1659 433 1685 καθ’
448 1660 516 1695 αἷμα
531 1659 574 1686 καὶ
591 1658 667 1696 γένος
685 1659 875 1695 συνημμένος,

254 1703 294 1732 Τὸ
310 1702 332 1730 δ’
348 1703 487 1741 ἀγαπητὸς
503 1704 541 1734 ὡς
556 1703 700 1739 ἐπώνυμον
720 1704 819 1742 φέρων,

254 1748 396 1786 Ἀνάγεται
413 1746 446 1782 δὴ
463 1748 531 1785 πρὸς
549 1748 643 1784 θρόνον
660 1746 833 1782 Βυζαντίδος.

145 1794 235 1822 10130
254 1793 292 1822 Οὔ
306 1793 354 1820 τὸν
365 1793 486 1830 παρόντα
498 1792 712 1829 καταλείψαντας
728 1793 798 1829 βίον,

256 1840 388 1872 Στυππῆς
403 1838 477 1866 Κίων
495 1836 592 1876 εἴληφε
607 1838 656 1871 τήν
674 1836 830 1874 προεδρίαν,

257 1881 415 1918 Οἱκονόμος
431 1879 479 1917 ὤν,
496 1881 606 1916 leui-tn:
618 1881 792 1916 Ἑκκλησιας.

256 1928 306 1956 Καὶ
321 1927 403 1956 τοῦδε
417 1929 448 1955 τὸ
467 1930 513 1962 ζῆν
531 1927 556 1955 ἐν
575 1928 662 1965 θρόνῳ
678 1927 852 1963 λελοιπότος,

257 1971 395 2011 Πρόεδρος
409 1970 484 2008 ὥσθη
501 1973 690 2010 ποιμενάρχης
706 1973 737 1999 αὖ
756 1972 839 2009 μέγας

149 2022 239 2051 10135
258 2022 363 2058 Σεμνὸς
378 2020 494 2058 Μιχαὴλ
510 2021 618 2059 ἀρεταῖς
636 2020 765 2057 λάμπων,
782 2020 888 2057 λόγοις,

257 2068 351 2101 Μονῆς
367 2066 506 2103 προεστὼς
523 2065 636 2103 εὐαγοῦς
649 2069 696 2100 τῆς
713 2065 814 2100 Ὀξείας

257 2112 350 2142 ’Ὀστις
366 2109 434 2138 ἑκὼν
447 2110 575 2138 λέλοιπεν
592 2111 745 2147 ἱεραρχίαν·

257 2155 331 2194 Πρὸς
345 2154 443 2191 νησίδοι
459 2154 488 2182 δὲ
502 2156 548 2183 καὶ
566 2155 651 2191 μονὴν
665 2158 715 2189 τῆς
730 2153 831 2189 Ὀξείοις

256 2199 490 2237 Ἐπαναδραμὼν,
509 2200 618 2230 ὑποθεὶς
636 2200 681 2226 τὸν
700 2199 801 2236 αὐχένα

149 2246 241 2275 10140
261 2245 335 2274 Ναοῦ
350 2244 424 2281 πύλῃ
440 2243 571 2282 δόχμιον,
588 2242 609 2271 ὥ
625 2245 713 2281 πράου
727 2243 849 2280 τρόπουι

259 2292 356 2317 Πατεῖν
369 2292 500 2327 παρεῖχεν
512 2289 624 2317 εἰσιοῦσι
639 2288 685 2316 τὸν
701 2287 797 2325 δόμον·

259 2335 319 2374 Ἐφ’
334 2335 376 2365 οἷς
389 2335 508 2365 ἀποστὰς
525 2337 574 2369 τῆς
593 2337 678 2370 μονῆς
693 2337 742 2368 τῆς
758 2332 829 2364 ἰδίας

261 2379 441 2418 Ἀξυμφόρως
458 2378 555 2418 εἶ’ληρε
569 2379 618 2413 τὴν
634 2376 791 2415 προεδρίαν.

260 2423 341 2453 Οὕτω
359 2424 540 2461 μεταστάντος
557 2423 585 2450 δὲ
601 2422 714 2457 Μιχαὴλ
731 2422 840 2459 θρόνου,

149 2475 241 2504 10145
260 2474 373 2510 Κοσμᾶς
390 2473 514 2504 Ἀττικὸς
530 2473 634 2509 κόσμος
649 2471 804 2510 ἱεραρχίας,

256 2519 318 2547 Τῶν
335 2518 438 2556 ἀρετῶν
455 2515 562 2555 ὄχημα,
574 2516 666 2544 καλῶν
682 2517 766 2549 ἑστία,

255 2562 434 2601 Προφητικός
448 2573 493 2593 τις
510 2561 555 2589 καὶ
571 2561 602 2589 τὸ
621 2560 724 2597 μέλλον
742 2558 918 2599 προϐλὲπων,

257 2607 429 2646 Ἀρχιθύτης
445 2606 566 2634 δέδεικτο
581 2609 630 2641 τῆς
646 2605 861 2640 Κωνσταντίνου,

257 2653 368 2689 Ποιμήν
382 2652 483 2690 ἀγαθὸς
498 2651 543 2679 καὶ
559 2651 658 2688 νομεὺς
675 2652 861 2690 ψυχοτρόφος·

149 2699 240 2728 10150
257 2698 362 2735 ’Ὁνπερ
377 2696 488 2729 καθεῖλε
501 2695 635 2731 Μανουήλ
655 2695 716 2731 ἅναξ
733 2696 839 2733 θρόνου,

260 2742 377 2773 Ψευδεῖς
393 2742 544 2779 προφάσεις
559 2741 648 2772 αἷτιας
657 2752 686 2768 τε
703 2741 875 2777 συμπλάσας.

259 2786 344 2815 Ὅθεν
360 2785 512 2823 προαχθεὶς
529 2786 723 2822 ποιμενάρχης
739 2785 752 2811 ὁ
771 2783 880 2822 βλέπων

260 2831 298 2860 ’Ἠ
315 2831 369 2867 μὴν
388 2832 475 2868 μενεῖν
488 2828 609 2868 ἄκαρπον
629 2829 742 2868 όίρῥινος
756 2830 841 2857 τόκου

261 2875 377 2913 Μήτραν
391 2875 579 2913 προηγόρευσε
593 2877 643 2910 υῆς
659 2873 814 2905 Βασιλίδος.

919 201 1099 229 ΟΒΒΔΒΕΒ.

1058 202 1099 229 ΞΒ.
1810 206 1863 234 370

995 264 1023 298 Α
1038 265 1101 294 sine
1118 268 1246 303 querela
1260 268 1397 297 inventus
1413 271 1441 297 et
1455 269 1654 305 inculpabilis,

1037 311 1147 339 nedum
1163 312 1193 339 in
1209 312 1249 340 rei
1267 314 1424 342 sanctioris
1440 313 1614 341 ministerio.

1037 358 1123 390 atque
1139 356 1192 384 hoc
1209 357 1299 386 etiam
1315 358 1484 386 dimittente
1498 358 1597 394 vitam,

1035 400 1081 427 vir
1095 401 1243 437 gratiosus
1258 402 1429 439 Xiphilinus
1443 403 1573 431 Joannes

1037 444 1166 473 Ecclesiae
1181 448 1269 483 ccepit
1280 456 1379 484 regere
1395 448 1606 484 principatum,

1036 489 1138 526 stirpe,
1155 491 1223 527 vita,
1239 492 1346 520 litteris
1362 492 1496 528 apprime
1507 491 1618 528 clarus,

1036 534 1145 563 nobilis
1161 537 1310 571 quondam
1326 536 1402 565 inter
1417 539 1567 565 senatores
1581 545 1588 570 ;

1035 579 1142 607 deinde
1155 581 1265 609 omisso
1281 582 1391 609 mundo
1407 590 1438 610 se
1454 581 1522 610 fecit
1535 581 1734 616 monachum;

1035 628 1154 664 Byzanti
1170 630 1290 657 demum
1306 631 1398 659 evasit
1414 630 1589 666 patriarcha.

1034 673 1167 701 Jamvero
1183 674 1238 702 hoc
1258 675 1399 703 humanis
1415 678 1549 712 exempto
1565 675 1653 703 rebus

1035 719 1156 746 monaoh
1163 728 1196 746 us
1212 720 1334 748 Cosmus
1352 721 1372 748 Η
1379 721 1602 756 icrosolymites,

1036 762 1077 789 vir
1093 763 1186 791 bonus
1201 767 1228 791 et
1244 764 1385 792 virtutum
1402 766 1561 793 thesaurus
1577 764 1682 798 mirus,

1034 807 1133 842 populi
1147 808 1258 844 accepit
1273 818 1389 837 sacrum
1407 809 1617 845 principatum.

1034 852 1088 879 Sed
1105 852 1184 880 enim
1198 853 1223 880 is
1239 855 1372 881 turbatas
1388 863 1433 882 res
1451 854 1614 888 fastidiens,

1033 899 1136 932 sponte
1152 898 1296 925 abdicavit
1312 907 1427 926 sacrum
1445 898 1657 933 ministerium,

995 946 1017 978 Β
1033 941 1099 968 sede
1115 944 1143 969 et
1158 942 1224 969 ovili
1241 944 1380 971 secedens
1396 943 1593 971 laudabiliter.

1034 985 1102 1012 Exin
1120 987 1260 1014 statuitur
1275 988 1303 1014 in
1318 988 1437 1015 sublimi
1454 988 1594 1015 cathedra

1032 1031 1198 1058 Eustratius
1214 1033 1376 1060 monachus
1393 1034 1588 1068 cognomento
1605 1031 1732 1060 Garidas

1031 1080 1065 1106 ad
1083 1079 1194 1107 nullam
1211 1089 1269 1108 rem
1287 1082 1454 1116 praeclaram
1471 1081 1721 1116 naturaintoneus,

1032 1132 1120 1159 egens
1137 1125 1275 1152 doctrinas
1292 1127 1389 1153 omnis
1405 1126 1584 1160 litterarum,

1033 1169 1150 1204 ungulis
1167 1172 1194 1196 et
1210 1170 1328 1198 silentio
1345 1171 1430 1206 longe
1447 1171 1545 1206 aptior

1032 1222 1120 1248 quam
1139 1214 1272 1250 dignitati
1290 1218 1317 1242 et
1333 1215 1434 1251 populi
1451 1215 1604 1251 primatui.

1031 1258 1105 1293 Ergo
1122 1261 1186 1293 post
1201 1259 1279 1286 hunc
1295 1260 1421 1295 ejectum
1439 1259 1615 1293 ministerio,

1030 1303 1074 1329 vir
1089 1306 1219 1336 sanctus,
1235 1303 1401 1339 religiosus,
1418 1304 1482 1331 miti
1500 1303 1632 1339 ingenio,

1031 1347 1088 1374 Deo
1104 1347 1218 1375 volente
1233 1348 1344 1376 electus
1360 1348 1509 1380 Nicolaus,

1032 1392 1193 1419 monachus
1209 1393 1354 1426 eruditus,
1371 1394 1439 1420 sede
1455 1393 1574 1428 dignus,

1031 1436 1164 1464 Ecclesiae
1182 1445 1243 1464 rem
1259 1438 1366 1465 direxit
1382 1440 1414 1465 ut
1429 1437 1486 1465 Deo
1504 1437 1607 1473 placet.

1030 1480 1148 1509 Nicolao
1165 1483 1336 1510 transeunte
1352 1483 1387 1509 ad
1404 1485 1495 1509 castus
1512 1490 1645 1517 superos.

1030 1530 1157 1558 Joannes
1172 1531 1258 1559 laude
1276 1532 1439 1559 litterarum
1457 1532 1575 1565 ﬂorens,

1031 1575 1263 1609 hieromnemon,
1281 1579 1309 1603 et
1326 1576 1411 1604 levita
1427 1575 1570 1608 Ecclesiae,

1031 1620 1260 1648 Chalcedonensi
1278 1620 1397 1656 praesuli
1413 1621 1589 1655 conjunctus

1032 1665 1187 1700 sanguinis
1197 1665 1262 1700 jure
1275 1673 1307 1692 ac
1323 1665 1570 1697 neccessitudine,

1031 1709 1157 1736 dilectus
1173 1710 1229 1736 dici
1246 1718 1296 1736 ceu
1314 1712 1507 1745 cognomento
1519 1708 1634 1744 solitus,

1032 1755 1068 1782 ad
1084 1754 1274 1790 Byzantinam
1291 1754 1461 1782 cathedram
1478 1753 1623 1781 evehitur.

1032 1799 1092 1830 Quo
1108 1798 1330 1834 derelinquente
1346 1799 1486 1826 caducam
1505 1798 1607 1830 vitam,

1031 1843 1235 1879 pontificatum
1256 1844 1328 1871 adiit
1342 1846 1466 1880 Styppes
1482 1846 1548 1875 Leo,

1031 1888 1238 1923 Ecclesiaejam
1255 1897 1424 1916 ceconomus
1440 1891 1468 1915 et
1484 1888 1580 1916 levita.

1032 1933 1091 1961 Hoc
1107 1933 1195 1960 etiam
1212 1933 1300 1960 vitam
1317 1933 1346 1959 in
1363 1934 1431 1960 sede
1447 1933 1626 1966 dimittente,

1033 1986 1159 2013 magnus
1177 1977 1320 2013 processit
1336 1977 1466 2012 pontifex
1481 1979 1510 2004 et
1525 1976 1636 2011 primas

1032 2022 1137 2050 litteris
1152 2022 1276 2050 Michael
1293 2021 1392 2049 clarus
1408 2024 1436 2048 et
1453 2021 1614 2049 virtutibus

1034 2067 1129 2095 sancti
1147 2066 1272 2094 cmnobii
1290 2074 1398 2101 praeces
1415 2065 1534 2093 Oxitani
1553 2074 1558 2092 :

1034 2112 1083 2147 qui
1102 2115 1199 2139 tamen
1216 2114 1318 2146 sponte
1334 2111 1475 2138 honorem
1492 2109 1649 2142 abdicavit,

1037 2160 1127 2192 atque
1144 2156 1179 2184 ad
1195 2156 1271 2183 Oxitc
1288 2155 1501 2183 monasterium
1518 2153 1620 2181 insula:

1034 2209 1178 2233 reversus,
1195 2199 1304 2227 collum
1321 2199 1446 2235 praebuit
1462 2201 1629 2234 protentum

1034 2245 1063 2272 in
1081 2244 1182 2280 templi
1201 2244 1324 2278 foribus,
1343 2245 1413 2280 proh
1432 2242 1709 2271 mansuetudinem!

1036 2293 1265 2330 ingredientium
1281 2293 1415 2320 omnium
1432 2292 1606 2320 calcandum
1624 2291 1757 2327 pedibus,

1037 2341 1191 2375 propterea
1206 2338 1282 2373 quod
1301 2338 1432 2365 rcenobio
1449 2336 1551 2364 relicto
1568 2344 1621 2364 suo

1037 2382 1173 2410 inutilem
1188 2383 1329 2410 honorem
1347 2382 1513 2417 recepisset.

1038 2428 1085 2456 Sic
1101 2427 1239 2455 Michaele
1255 2428 1408 2454 deserente
1425 2427 1536 2460 sedem,

1038 2472 1148 2500 Atticus
1164 2474 1284 2500 Cosmas
1300 2471 1457 2499 sacerdotii
1473 2472 1574 2503 decus,

1038 2517 1144 2545 cinnus
1158 2517 1312 2551 virtutum,
1330 2516 1491 2543 honestatis
1507 2523 1589 2550 apex,

1039 2561 1144 2597 spiritu
1159 2569 1276 2596 quoque
1293 2561 1431 2596 praeditus
1448 2559 1627 2595 prophetico,

1039 2606 1183 2642 processit
1199 2604 1306 2641 praesul
1322 2604 1627 2639 Constantinopoleos,

1039 2651 1168 2678 nutritor
1184 2649 1361 2683 animarum,
1379 2651 1478 2685 pastor
1491 2649 1588 2676 bonus
1606 2656 1612 2676 :

1038 2703 1125 2731 quem
1142 2698 1240 2722 tamen
1257 2694 1456 2722 exauctoravit
1471 2694 1585 2721 Manus!
1603 2695 1698 2721 Caesar

1039 2740 1103 2768 falsi
1121 2740 1244 2767 conﬁcto
1261 2738 1396 2766 criminis
1411 2738 1532 2766 obtentu
1552 2746 1558 2765 :

1039 2793 1130 2821 quare
1145 2784 1173 2812 in
1187 2783 1332 2819 judicium
1350 2783 1518 2819 patriarcha
1534 2783 1690 2817 adductus,

1038 2831 1080 2858 ait
1095 2829 1276 2865 prophetans
1291 2830 1407 2856 uterum
1425 2827 1532 2864 reginas

1039 2874 1171 2903 mascula
1188 2873 1266 2909 prole
1281 2872 1410 2901 sterilem
1427 2873 1572 2900 futurum.
