2038 3218
162 215 218 244 373

269 277 389 317 Ἔφασκε
403 276 499 308 νυκτὸς
514 274 660 313 συλλόγων
676 275 880 314 ἠθροισμένων,

269 320 350 353 Εῖδός
364 331 405 355 τε,
420 320 533 356 κλῆσινΙ
549 321 648 357 ἀρετὴν
662 319 739 348 τοῦδ’
754 320 895 358 εὐστόχως

269 365 371 397 Καλῶς
387 364 571 402 διαγράψασαν
587 365 624 396 ὡς
639 364 666 392 ἐν
681 365 776 399 εἰκόνι,

159 413 251 442 10215
270 410 358 440 Ἀλλά
372 421 403 449 γε
415 411 461 438 καὶ
475 409 548 437 τόνδ’
565 410 709 438 ἀπελαύνει
724 412 772 437 τοῦ
788 410 896 447 θρόνου,

268 455 360 485 Πάντα
374 454 496 493 παριδὼν
512 455 546 482 τὰ
558 455 798 492 προηγορευμένα·

269 500 420 529 Μετάθεσιν
437 498 466 527 δὲ
482 498 688 538 δραματουργεῖ
701 499 846 536 ποιμένος·

266 545 436 583 Ἀρχιθύτην
452 546 505 582 γὰρ
520 546 570 577 τῆς
583 545 654 572 Σιὼν
675 547 724 579 τῆς
738 544 814 582 ἁγίας

268 589 375 625 Κλῆσιν
392 588 536 624 θεοδόσιον
555 590 611 625 (95)
628 591 712 627 φῦντα
728 589 862 625 Λατίνων,

161 641 248 670 10220
268 638 368 672 Ἐθάδα
383 639 440 676 (96)
455 637 526 675 τῷδε
540 639 585 666 καὶ
601 639 759 676 προήγορον
774 638 901 676 κράτους,

266 684 315 716 Εἰς
333 685 423 716 θῶκον
439 683 557 721 ἀνήγαγε
570 687 620 718 τῆς
637 683 853 711 Κωνσταντίνου,

267 728 344 758 ’Δλλ’
360 727 442 756 οὐδὲν
460 728 586 755 ἀπώνατο
602 731 652 763 τῆς
668 728 842 766 κακουργίας·

266 774 387 812 ’Δμφοῖν
405 773 455 810 γὰρ
472 772 642 800 ἐκπέπτωκεν
659 773 812 810 ἱεραρχίαιν

265 818 316 847 Καὶ
332 816 415 845 τῶνδ’
429 816 536 854 ἀτίμως
551 819 565 844 ὁ
580 815 749 852 προϐληθεὶς
770 817 899 854 ἀκρίτως.

150 865 245 894 10225
263 866 380 892 Ἔπειτα
394 863 530 900 Γεώργιος
548 863 561 889 ὁ
577 861 724 901 Ξιτριλῐνος

266 906 442 947 Σκδυορύλαξ
459 907 496 934 ὧν
510 908 560 941 τῆς
573 909 640 934 Θεοῦ
656 908 682 944 γ’
698 906 862 942 Ἐκκλησίας

264 953 453 988 Ποιμαντικήν
470 950 569 990 εἴληφε
580 951 624 979 καὶ
641 950 787 989 προεδρίαν
804 953 870 989 (97).

266 997 373 1026 Τούτου
388 993 516 1028 Θανόντος
531 996 718 1033 ἐγκαθίσταται
735 996 822 1034 θρόνῳ
840 998 895 1034 (98)

263 1042 295 1070 Ὁ
310 1041 475 1078 Καματηρὸς
491 1040 589 1075 εὐεπής
607 1041 744 1076 Ἰωάννης,

151 1088 246 1116 10230
264 1085 351 1124 Ἵδρις
366 1085 462 1123 σοφίας
474 1084 650 1120 παντοδαπῆς
666 1086 711 1112 καὶ
727 1085 826 1123 λόγων,

262 1129 421 1166 Ἐπήϐολός
436 1140 466 1158 τε
481 1129 627 1168 δογμάτων
643 1133 696 1158 τῶν
711 1129 819 1165 ἐνθέων,

263 1174 428 1211 Ἐκκλησίας
446 1174 481 1202 ὥν
499 1174 621 1210 λευίτης,
639 1175 824 1213 "inpugnati-

259 1221 290 1249 ’E
313 1220 321 1231 '
336 1219 367 1248 οῦ
382 1230 420 1247 πα
441 1220 588 1254 εστήσαντο
605 1222 715 1247 Λατῖνοι
731 1219 825 1247 πόλιν·

293 1231 310 1259 φ
423 1229 436 1257 ρ

260 1266 311 1296 ’⁸ος
327 1264 461 1300 ἐξελαθεὶς
478 1263 621 1302 δυστυχῶς
636 1265 704 1302 πρὸς
721 1264 842 1292 Λατίνων

145 1316 240 1344 10235
259 1313 364 1352 Θρόνου
380 1312 512 1351 πατρίδος
526 1316 576 1347 τῆς
591 1317 693 1350 σεμνῆς
719 1314 774 1350 (99)
803 1313 979 1349 Βυζαντίδος,

261 1359 342 1388 Οἷκεῖ
357 1356 555 1395 Διδυμότειχον
573 1357 612 1388 εἰς
629 1356 824 1396 ἅστυφθάσας,

260 1404 345 1432 Ἔνθα
361 1402 448 1430 θανὼν
466 1401 559 1429 ἔλιπεν
575 1401 658 1436 ἡλίου
674 1403 750 1441 φάος.

259 1449 337 1477 Μετᾶ
352 1446 381 1475 δὲ
395 1449 491 1474 τοῦτον
506 1447 634 1483 ποιμένες
653 1445 811 1484 βυζαντίδος

260 1493 343 1521 Οῦτοι
359 1488 572 1529 προεϐλήθησαν
590 1491 616 1519 ὲν
629 1492 763 1519 Νικαέων*

155 1538 240 1566 102ιο
255 1539 374 1576 Πρῶτος
389 1536 504 1573 Μιχαὴλ
520 1536 707 1574 Αὖτωρειανὸς
723 1536 794 1568 θέσιν

260 1581 459 1619 Βακελλάριος,
476 1580 586 1616 λευΐτης
600 1581 778 1616 Ἑκκλησίας,

258 1625 347 1665 Ἴδρις
360 1626 456 1665 σοφίας
470 1629 608 1662 κοσμικῆς
625 1626 699 1657 θείας
716 1627 781 1662 ἅμα.

260 1671 351 1707 Οὖπερ
367 1669 582 1707 μεταλλάξαντες
599 1669 624 1697 ἐν
641 1670 730 1707 θρόνῳ
753 1670 822 1708 βίον,

259 1714 400 1754 Θεόδωρος
417 1714 514 1753 εἴληφε
526 1715 577 1749 τὴν
592 1713 737 1752 προεδρίαν

150 1762 240 1791 10245
258 1760 423 1796 Ἐκκλησίας
440 1757 476 1787 ὤν
494 1758 617 1794 λευΐτης,
635 1759 821 1798 χαρτοφόλαξ,

258 1805 448 1841 Τούπώνυμον
466 1804 542 1842 σχὼν
558 1804 705 1841 Εἷρηνικὸς
721 1805 868 1843 πατρόθεν,

259 1850 425 1888 Φιλοσόφων
442 1849 543 1877 ὕπατον
560 1849 642 1885 ἀξίαν,
660 1848 772 1887 λόγους.

260 1896 311 1924 Καὶ
323 1893 405 1923 τοῦδε
422 1894 549 1926 θανόντος
565 1893 603 1930 δὲ,
619 1894 669 1928 τὴν
686 1893 830 1932 προεδρίαν

259 1940 384 1977 Μάξιμος
401 1939 482 1977 αὐχεῖ
496 1939 541 1966 καὶ
559 1939 690 1976 μοναχὸς,
707 1939 751 1966 καὶ
768 1939 851 1975 Οότης

152 1991 242 2020 10250
260 1990 355 2025 Μονῆς
369 1988 510 2027 προεστὼς
526 1987 637 2026 εὖαγοῦς
653 1989 822 2025 ἀκοιμήτων.

260 2035 326 2067 Μεθ’
342 2034 371 2062 ’ὸν
387 2032 520 2068 Μανουήλ
537 2032 694 2072 Φιλόσοφ)ς
709 2034 755 2060 τὸν
771 2033 866 2071 λόγον,

261 2079 353 2116 Φύλαξ
368 2075 486 2116 ἀκριϐὴς
502 2078 547 2105 καὶ
562 2077 655 2114 νόμων
672 2078 715 2105 καὶ
731 2078 861 2106 κανόνων.

259 2123 365 2153 Τούτου
381 2123 526 2154 λειπόντος
542 2123 591 2157 τὴν
607 2123 680 2149 κάτω
696 2123 852 2159 παροικίαν,

257 2168 350 2201 Πολὺς
361 2167 500 2206 Γερμανὸς
520 2167 566 2195 τὸν
583 2167 642 2205 βίον
659 2167 703 2194 καὶ
719 2171 764 2194 τὸν
782 2167 865 2205 λόγον

149 2219 240 2248 10255
260 2218 428 2256 ’Δρχιθύτης
444 2215 578 2244 δὲδεικται
593 2219 642 2250 τῆς
659 2216 875 2253 Κωνσταντίνου,

260 2263 344 2300 Ἀνὴρ
362 2262 513 2299 μοναστής,
528 2260 573 2288 καὶ
587 2263 654 2288 Θεοῦ
671 2261 824 2296 θυηπόλος,

259 2308 360 2344 Αὖχῶν
378 2303 528 2334 Ἀνάπϐουν
545 2304 662 2342 πατρίδα
679 2305 878 2343 Προποντίδος,

260 2350 423 2387 Ἐκκλησίας
437 2350 574 2388 τρόφιμος
591 2349 627 2377 ὢν
643 2353 693 2385 τῆς
708 2350 733 2377 ἐν
751 2350 842 2378 πόλει·

259 2396 327 2425 Εἶτα
343 2397 474 2433 μονάσας,
488 2396 534 2422 καὶ
551 2394 643 2433 φανεὶς
656 2397 722 2422 Θεοῦ
735 2394 841 2433 λάτρις,

151 2442 242 2471 10260
260 2440 389 2479 Γεωργίῳ
406 2440 523 2478 μάρτυρι
537 2439 583 2467 καὶ
598 2439 776 2478 πεφιλμένος,

258 2484 365 2523 Ἔλαχε
379 2484 501 2522 ποίμνην
516 2483 616 2516 ὶθύνειν
634 2482 809 2518 Βυζαντίδος.

185 2558 244 2595 (95)
258 2558 306 2595 sic
320 2558 409 2595 etiam
426 2565 452 2585 v.
468 2557 549 2585 6030.
561 2556 650 2595 Atqui
667 2556 983 2595 huncqpassim‘appel-

185 2566 244 2595 (νο)
258 2566 306 2587 διο
320 2566 409 2586 etiam
426 2566 452 2585 V.
468 2566 549 2585 Ουῦυ.
561 2566 650 2592 Λιιιυι
667 2566 745 2584 nunc
760 2566 871 2592 passm]
887 2566 983 2620 appet-

147 2595 213 2623 lant
228 2594 278 2622 alii
303 2594 478 2626 Dositheum,
494 2601 569 2629 quos
585 2592 663 2619 inter
687 2593 857 2620 Methodius
873 2592 901 2620 in
920 2602 950 2621 ra
965 2602 983 2621 a

146 2630 236 2659 nobis
250 2631 394 2659 edendus.
409 2630 464 2657 Sed
487 2629 565 2657 enim
593 2629 735 2656 Dosithru:
752 2629 824 2656 nihil
841 2629 920 2656 aliud
938 2632 983 2658 est

146 2667 205 2695 nisi
223 2666 396 2695 metathesis
419 2666 468 2692 τοῦ
495 2664 666 2692 Theodosius.
684 2664 731 2692 Sic
754 2665 781 2691 in
800 2664 864 2692 coll.
881 2665 945 2692 Vat.
959 2668 979 2692 t.

146 2703 186 2745 l_l,
201 2710 231 2745 ρ.
247 2703 310 2737 441,
328 2709 417 2738 quem
438 2700 577 2737 Polybius
591 2699 980 2745 lappellpvﬂeratuTheotinum,

148 2736 294 2767 Diodorus
309 2736 377 2766 cum
393 2736 616 2773 anagrammate
632 2736 703 2773 dicit
720 2736 896 2773 Timotheum.

183 2773 243 2810 (96)
259 2773 390 2810 Allatius
401 2773 436 2800 de
445 2770 537 2810 Cons:
555 2772 657 2810 p.702,
674 2772 787 2810 legebat
803 2770 905 2806 ενϐάόε,
916 2781 981 2808 qua:

149 2808 224 2838 mihi
254 2809 360 2838 melior
383 2809 470 2837 lectio
491 2808 616 2836 videtur.
640 2808 735 2835 Codex
759 2811 857 2836 tamen
883 2810 982 2835 noster

149 2849 214 2876 tum
230 2844 278 2874 hic
292 2848 357 2874 tum
375 2853 403 2873 ν.
417 2844 486 2872 6031
504 2844 593 2872 habet
608 2841 699 2874 eaeam.

185 2883 241 2919 (97)
262 2881 380 2911 Recitat
404 2883 463 2909 tres
493 2880 545 2908 hos
573 2879 609 2907 de
638 2879 791 2915 Xiphilino
820 2879 979 2908 versiculos

66 3179 145 3200 agt“;
152 3197 156 3203 Ξ
166 3191 173 3194 _
197 3199 215 3203 ﬂ

931 212 1112 241 CESARES.

1827 217 1881 245 374

1007 277 1035 310 Α
1050 276 1167 306 dicebat
1182 278 1313 307 Isaacius
1328 278 1438 306 astanti
1453 278 1559 314 turbis,

1049 325 1136 350 noctu
1153 325 1364 356 monstratum,
1380 325 1409 351 et
1424 323 1534 351 ali‘abre
1550 323 1729 359 descriptam

1048 368 1178 402 corporis
1193 368 1321 404 speciem
1338 376 1406 396 cum
1422 367 1529 396 virtute
1544 376 1577 396 ac
1592 368 1722 396 nomine.

1047 411 1145 439 Nihilo
1161 415 1256 440 tamen
1273 413 1373 440 minusl
1388 412 1467 440 hunc
1483 413 1552 440 sede
1567 412 1681 449 depulit

1047 458 1149 492 postea
1163 457 1308 485 dictorum
1326 457 1478 493 negligens
1491 465 1623 485 suorum.

1046 500 1179 536 Namque
1194 502 1353 529 transferre
1368 501 1462 529 voluit
1477 501 1659 537 episcopum.

1045 546 1156 572 Sanctae
1174 554 1278 581 nempe
1292 545 1388 573 Bionis
1408 545 1607 581 patriarcham

1047 590 1136 626 stirpe
1154 591 1301 625 Latinum,
1317 591 1514 618 Theodosium
1532 592 1662 626 nomine,

1045 636 1192 671 cognitum
1211 636 1278 670 sibi,
1295 638 1383 671 atque
1400 636 1515 671 imperii
1531 638 1641 669 vatem,

1045 681 1080 708 ad
1097 681 1271 716 Byzantines
1286 681 1394 708 infulas
1412 681 1554 716 provexit.

1045 726 1099 753 Sed
1117 726 1228 753 homini
1246 726 1285 752 nil
1303 726 1412 761 proluit
1429 726 1496 753 facti
1513 727 1639 762 novitas,

1044 771 1189 798 ambobus
1204 771 1284 799 enim
1301 771 1474 799 sacerdotiis
1490 771 1598 799 excidit

1043 825 1108 844 cum
1124 817 1296 852 ignominia,
1314 817 1447 851 nequiter
1462 817 1584 844 electus.

1041 864 1165 889 Secutus
1181 864 1226 889 est
1241 862 1384 898 Georgius
1400 861 1573 897 Xiphilinus

1042 916 1056 935 e
1071 907 1277 943 scevophylace
1293 907 1322 933 in
1338 907 1467 934 Ecclesia
1483 907 1532 934 Dei

1002 959 1025 992 Β
1041 953 1076 980 ad
1093 952 1267 988 pastoralem
1285 952 1454 979 cathedram
1473 952 1640 979 subvectus.

1046 999 1102 1025 Hoc
1117 997 1176 1024 vita
1192 997 1302 1029 functo,
1319 997 1475 1024 stationem
1492 997 1645 1032 occupavit

1044 1043 1102 1071 oris
1119 1043 1235 1070 facundi
1252 1043 1380 1070 Joannes
1397 1044 1567 1069 Camaterus

1043 1089 1198 1124 omnigena
1214 1088 1382 1115 cumulatus
1399 1087 1545 1123 sapientia
1560 1095 1592 1114 ac
1608 1087 1716 1115 litteris

1042 1136 1070 1160 et
1085 1133 1251 1160 divinorum
1269 1133 1441 1167 dogmatum
1458 1131 1700 1165 callentissimus,

1042 1180 1128 1205 antea
1143 1177 1228 1204 levita
1244 1177 1377 1204 Ecclesiae
1394 1178 1422 1204 et
1435 1176 1655 1212 cbartophylax.

1041 1223 1099 1250 Sub
1115 1231 1149 1250 eo
1165 1222 1351 1257 metropolim
1369 1221 1464 1249 Latini
1480 1223 1732 1256 expugnaverunt.

1042 1268 1237 1301 Quamobrem
1253 1266 1410 1294 infeliciter
1425 1267 1461 1293 ab
1477 1266 1524 1293 his
1541 1266 1680 1302 expulsus

1041 1314 1109 1341 sede
1125 1315 1212 1348 atque
1229 1312 1306 1339 alma
1324 1312 1418 1347 patria
1433 1311 1697 1347 Constantinopoli,

1040 1358 1278 1394 Didymoticbum
1296 1357 1450 1385 transtulit
1464 1356 1632 1392 stationem,

1039 1404 1139 1439 ibique
1156 1402 1262 1430 clausit
1278 1402 1378 1429 oculos
1397 1401 1477 1429 vitali
1494 1401 1564 1428 luci.

1039 1449 1107 1477 Post
1122 1449 1201 1475 hunc
1220 1449 1352 1483 pastores
1370 1447 1451 1474 urbis
1468 1445 1634 1482 Byzantina:

1038 1494 1069 1521 hi
1085 1494 1261 1521 creabantur
1276 1493 1304 1519 in
1320 1492 1426 1528 oppido
1443 1492 1548 1519 Nicaea.

1040 1539 1153 1567 Primus
1169 1540 1214 1565 est
1229 1537 1363 1572 Michael,
1380 1537 1477 1564 dictus
1494 1537 1684 1570 Autorianus,

1038 1584 1174 1613 Ecclesiae
1191 1583 1364 1611 sacellarius
1380 1585 1408 1610 et
1422 1582 1519 1616 levita,

998 1638 1020 1673 α
1039 1630 1198 1659 mundanis
1214 1628 1322 1656 litteris
1338 1628 1506 1663 divinisque
1522 1628 1689 1673 abundans.

1036 1677 1106 1705 Post
1122 1683 1207 1711 quem
1225 1673 1254 1701 in
1273 1674 1341 1701 sede
1357 1673 1546 1707 exstinctum,
1562 1672 1734 1700 Theodorus

1036 1720 1113 1750 sacri
1130 1720 1274 1755 primatus
1290 1718 1362 1745 adiit
1379 1718 1534 1752 honorem,

1037 1769 1122 1796 antea
1137 1765 1226 1793 levita
1241 1764 1375 1791 Ecclesia:
1392 1766 1420 1791 et
1435 1763 1655 1799 chartophylax,

1036 1810 1140 1840 Irenici
1158 1817 1320 1845 cognomen
1336 1817 1351 1835 a
1367 1811 1449 1844 patre
1466 1808 1597 1842 trahens,

1035 1857 1065 1884 in
1083 1854 1190 1883 studiis
1207 1853 1420 1889 philosophicis
1438 1853 1530 1889 gradu
1551 1853 1684 1888 hypatus.

1035 1902 1097 1934 Quo
1114 1899 1268 1933 moriente,
1286 1906 1374 1926 sacrae
1391 1898 1432 1925 rei
1448 1898 1609 1933 primatum

1035 1945 1180 1973 Maximus
1196 1943 1266 1970 tulit
1280 1942 1444 1970 monachus
1461 1942 1609 1977 sacerdos,

1036 1990 1253 2018 Accemetarum
1270 1987 1446 2023 przepositus
1463 1986 1606 2014 coenobio.

1036 2035 1105 2062 Post
1120 2033 1199 2060 hunc
1216 2031 1412 2067 philosophus
1428 2031 1559 2059 oratione
1574 2031 1700 2067 Manuel,

1035 2079 1132 2115 legum
1150 2078 1286 2106 defensor
1302 2085 1510 2112 canonumque
1525 2076 1657 2105 sedulus.

1035 2126 1095 2157 Quo
1111 2125 1265 2151 deserente
1282 2125 1430 2150 terrenum
1447 2122 1622 2156 incolatum,

1035 2170 1132 2198 clarus
1149 2169 1283 2197 doctrina
1300 2172 1326 2196 et
1343 2168 1475 2195 moribus
1492 2168 1658 2195 Germanus

1035 2218 1152 2244 creatur
1167 2214 1273 2250 praesul
1291 2214 1597 2249 Constantinopoleos,

1036 2260 1080 2287 vir
1096 2258 1305 2286 monachatum
1324 2259 1476 2293 proﬁtens,
1490 2258 1541 2285 Dei
1558 2259 1705 2292 sacerdos,

1037 2305 1144 2341 oppido
1161 2304 1304 2332 oriundus
1321 2304 1434 2339 Anaplo
1451 2304 1480 2331 in
1499 2305 1687 2340 Propontide,

1036 2351 1067 2378 in
1083 2351 1155 2378 urbe
1171 2358 1188 2377 a
1203 2349 1328 2385 pueritia
1344 2349 1478 2377 Ecclesia:
1494 2349 1644 2384 alumnus,

1039 2395 1145 2423 deinde
1161 2394 1254 2422 factus
1271 2395 1433 2422 monachus
1450 2396 1477 2422 et
1491 2394 1543 2422 Dei
1559 2394 1705 2428 minister,

1039 2450 1125 2469 carus
1142 2440 1286 2476 pracipue
1302 2440 1423 2477 martyri
1440 2440 1578 2476 Georgio;

1039 2488 1188 2523 postremo
1203 2485 1383 2522 Byzantinus
1399 2486 1490 2514 evasit
1504 2487 1612 2522 pastor.

1037 2557 1162 2586 Allatius
1174 2558 1209 2586 de
1225 2557 1357 2593 Georgiis
1374 2566 1402 2593 p.
1419 2558 1482 2593 664,
1500 2558 1545 2586 ed.
1562 2558 1673 2586 Fabric.

1074 2594 1130 2635 (9E3)
1144 2595 1185 2635 Ea
1209 2594 1422 2635 hoqversiculo
1447 2602 1540 2635 usque
1565 2595 1600 2622 ad
1616 2603 1642 2622 v.
1660 2594 1747 2635 103_lO
1773 2595 1866 2635 habes

1038 2630 1221 2665 patriarchas
1249 2630 1608 2666 Constantinopolitanae,
1634 2631 1685 2666 qui
1709 2631 1738 2658 in
1764 2632 1866 2660 exsilio

1037 2666 1120 2693 electi
1133 2666 1353 2704 fueruntLapud
1365 2665 1504 2704 Allatium
1517 2666 1552 2704 de
1562 2665 1758 2704 consensione
1769 2667 1820 2696 lib.
1835 2677 1866 2704 ii,

1037 2710 1101 2737 cap.
1119 2702 1160 2736 14,
1177 2710 1205 2737 p.
1221 2702 1283 2728 725.
1302 2701 1372 2729 Item
1391 2702 1496 2736 partim
1520 2702 1550 2729 in
1573 2703 1642 2730 adn.
1659 2703 1695 2731 ad
1713 2701 1866 2739 Acropolié

1035 2739 1096 2765 tam
1114 2746 1176 2765 can.
1192 2738 1219 2765 6.

1049 2745 1096 2765 am
1114 2746 1176 2765 OED.
1192 2745 1219 2765 Ό-

1072 2746 1271 2811 (ἓὶξὶῗειξίιὲίίυβ
1286 2772 1316 2800 in
1333 2775 1459 2808 utroque
1484 2773 1571 2801 citato
1594 2774 1657 2811 loco
1673 2783 1725 2810 pro
1750 2778 1864 2811 σεμνῆς,

1036 2809 1130 2841 almae,
1153 2809 1225 2844 legit
1249 2808 1329 2844 ἐμῆς,
1346 2817 1421 2836 meae.
1448 2811 1523 2836 Num
1550 2817 1618 2845 ergo
1643 2808 1711 2838 hinc
1734 2808 1798 2839 orta
1821 2808 1866 2840 est

1036 2845 1144 2872 Allatio
1166 2844 1263 2879 opinio
1289 2845 1366 2880 quod
1390 2845 1545 2879 Ephrwmii
1571 2844 1662 2881 patria
1689 2846 1877 2881 Byzantium,

1036 2881 1140 2915 fuerit;
1157 2881 1397 2917 quandoquidem
1413 2889 1481 2908 eum
1503 2881 1633 2917 appellat
1655 2882 1866 2917 Byzantium?
