4090 6402
335 361 408 418 37
408 363 445 419 5
1564 362 1937 418 EPHBEMII
1972 356 2548 415 CHRONOGRAPHI
3656 356 3771 412 376

336 490 446 545 Sed
478 488 588 545 hoc
620 505 723 561 per
753 489 981 545 obitum
1020 494 1369 546 transeunte
1398 489 1471 544 ad
1506 487 1821 544 Dominum

2030 483 2085 549 Α
2328 477 2539 536 Τούτου
2569 480 2928 553 μεταστάντος
2959 477 3016 536 δὶ
3045 481 3183 555 πρὸς
3209 480 3301 535 τὸν
3336 480 3612 550 Δισπότην

338 582 396 633 et
427 578 777 650 patriarchis
810 580 1030 634 sanctis
1063 584 1504 645 connumerato,

2314 570 2412 624 Καὶ
2446 570 2808 647 συναφθέντος
2842 575 3199 645 πατριαρχῶν
3243 570 3447 645 ἁγίοις,

339 667 669 724 Melhodius
702 668 842 723 item
876 668 1204 724 monachus
1236 674 1291 723 et
1325 670 1421 723 Dei
1457 666 1755 736 sacerdos,

2319 656 2592 721 Μεθόδιός
2623 680 2706 720 τις
2734 660 2825 714 καὶ
2861 660 3107 734 μοναχὸς
3133 658 3223 715 καὶ
3257 658 3443 729 θύτης,

339 760 484 812 tunc
517 757 827 829 Hyacinthi
862 758 1180 829 praesidens
1212 758 1501 824 coenobio,

2104 749 2278 803 10265
2318 749 2517 819 Μονῆς,
2536 748 2815 823 προεστὼς
2848 752 2947 813 τῆς
2977 749 3261 803 Ὑακίνθου
3281 749 3425 817 τότε,

338 850 601 918 tempore
634 848 828 902 sedem
864 846 1049 902 tenuit
1082 847 1449 903 brevissimo.

2318 836 2441 893 Ἐπὶ
2479 836 2778 913 βράχιστον
2815 837 3081 893 ἀπολαύει
3110 842 3207 892 τοῦ
3240 840 3455 913 θρόνου·

341 936 465 1000 Quo
499 937 855 992 moribunda
888 937 1195 991 deserente
1229 938 1515 1004 membra,

2316 926 2497 1002 Οὗπερ
2531 928 2804 997 θανόντος,
2835 927 2925 981 καὶ
2958 924 3217 989 λιπόντος
3246 928 3338 982 τὸν
3377 928 3521 1003 βίον,

345 1026 563 1098 pedum
595 1027 881 1096 corripuit
911 1026 1143 1081 Manuel
1177 1026 1648 1098 archipresbyter

2316 1016 2377 1072 Ὁ
2408 1016 2770 1091 πρωτοθότης
2802 1015 3067 1085 Μανουὴλ
3098 1012 3227 1093 ἔσχε
3260 1018 3450 1091 θρόνον

343 1114 505 1183 cleri,
536 1117 635 1186 qui
671 1132 900 1170 sacram
933 1116 1114 1171 aedem
1148 1116 1350 1186 palatii
1381 1123 1573 1183 curat;

2316 1107 2439 1161 Τῶν
2472 1104 2521 1159 ἐν
2558 1106 2823 1180 βσιλείοις
2852 1128 2912 1180 γε
2938 1105 3394 1181 κατειλεγμένων,

342 1220 520 1261 senex
554 1204 865 1277 benignus,
899 1206 1227 1261 mansuetis
1265 1206 1554 1260 moribus.

2105 1196 2285 1251 10270
2324 1193 2502 1270 Γέρων
2536 1197 2846 1270 προσηνὴς,
2882 1197 3163 1272 μειλίχιος
3194 1199 3286 1251 τὸν
3313 1196 3541 1272 τρόπον.

343 1301 532 1366 Atque
563 1292 673 1349 hoc
704 1296 882 1349 etiam
915 1295 1299 1350 concludente
1326 1296 1528 1358 vitam,

2321 1287 2680 1358 Χρησαμένου
2709 1284 2856 1340 τέλει
2893 1284 2948 1340 δὲ
2976 1284 3136 1341 τοῦδε
3165 1291 3260 1341 τοῦ
3291 1286 3434 1363 βίου,

342 1383 628 1439 Arsenius
659 1382 811 1439 inter
843 1384 1165 1439 monachos
1198 1389 1414 1455 pietate
1448 1382 1699 1455 fulgens,

2320 1374 2597 1449 Ἀρσένιός
2628 1397 2709 1437 τις
2743 1370 2981 1445 εὐλαϐὴς
3013 1377 3392 1450 μονοτρόπων,

340 1472 625 1527 virtutum
657 1472 872 1527 eximia
903 1477 1080 1543 atque
1112 1472 1373 1526 animata
1405 1472 1600 1543 sedes,

2322 1465 2445 1518 Τῶν
2479 1466 2682 1539 ἀρετῶν
2717 1464 3037 1533 κάλλιστος,
3070 1460 3323 1540 ἔμψυχος
3358 1465 3546 1540 θρόνος

344 1561 565 1616 electus
597 1568 688 1616 est
719 1561 984 1632 Byzantii
1016 1561 1372 1632 patriarcha.

2323 1551 2417 1613 Εἷς
2452 1555 2835 1628 ποιμενάρχην
2870 1553 3039 1629 ᾑρέθη
3076 1552 3426 1623 Βυζαντίδος,

345 1653 400 1706 Is
433 1654 607 1705 natus
639 1650 881 1721 quidem
913 1658 1032 1706 erat
1064 1652 1123 1705 in
1158 1651 1297 1706 urbe
1324 1650 1513 1723 regia;

2112 1642 2284 1697 10275
2324 1642 2516 1717 Σειράν
2551 1643 2739 1717 γένους
2766 1640 2942 1697 ἕλκων
2972 1645 3065 1716 μέν
3100 1642 3157 1697 ἐκ
3188 1643 3477 1712 Βυζαντίου

347 1741 448 1795 sed
483 1740 543 1794 in
574 1740 827 1795 Nicenis
861 1741 1235 1795 monasteriis
1270 1746 1472 1811 postea

2323 1730 2511 1804 Κόμην
2542 1729 2597 1785 δὲ
2628 1733 2811 1807 καρεὶς
2844 1731 2893 1787 ἐν
2931 1739 3124 1803 μοναῖς
3152 1740 3251 1802 τῆς
3283 1733 3537 1801 Νικαίας,

346 1830 685 1885 tetenderat
710 1828 1016 1900 capillum,
1049 1835 1107 1884 et
1137 1829 1319 1885 abbas
1350 1832 1536 1885 fuerat
1572 1847 1584 1883 :

2035 1857 2080 1921 Β
2324 1822 2426 1874 Καὶ
2459 1817 2593 1894 τῇδε
2622 1818 2858 1895 δειχθεὶς
2890 1821 3188 1893 καὶ¹μονῆς
3219 1820 3535 1890 ἐπιστάτης·

347 1935 505 1973 nunc
537 1918 839 1974 solitarius
871 1920 972 1973 uni
1006 1918 1121 1975 Deo
1154 1920 1395 1974 vacabat

2035 1909 2078 1921 “’
2331 1909 2447 1973 Εἶθ’
2478 1911 2771 1985 ἡσυχάζων
2802 1910 2891 1964 καὶ
2924 1915 3037 1983 Θεῷ
3059 1909 3416 1985 προσανέχων

350 2008 414 2063 In
446 2007 850 2079 Apolloniadis
883 2008 1047 2063 urbis
1077 2008 1405 2075 asceteriis;

2331 1999 2415 2053 Ἐν
2449 1996 2901 2061 Ἀπολλωνιάδος
2935 1999 3296 2074 ἀσκητηρίοις

351 2114 467 2169 quo
502 2102 763 2168 tempore
797 2097 1047 2153 Nicaeam
1083 2097 1191 2152 fuit
1223 2097 1446 2152 accitus

2118 2091 2292 2145 10280
2333 2089 2560 2162 Ἀφῖκτο
2591 2087 2820 2156 κληθεὶς
2852 2088 2929 2152 εἷς
2955 2089 3115 2145 πόλιν
3150 2088 3394 2146 Νικαέων

346 2203 382 2241 a
412 2185 718 2242 Theodoro
748 2190 970 2242 Caesare
1001 2187 1265 2241 Romano
1302 2204 1314 2240 :

2328 2178 2471 2253 Πρὸς
2498 2181 2596 2232 τοῦ
2624 2183 2949 2253 κρατοῦντος
2978 2178 3230 2235 Αὐσόνων
3264 2177 3570 2253 Θεοδώρου·

346 2276 448 2331 ubi
481 2275 725 2347 expletis
755 2278 985 2332 cunctis
1018 2275 1287 2331 Ecclesia:
1322 2275 1602 2347 gradibus

2328 2268 2431 2324 Καὶ
2462 2267 2634 2321 πάντα
2671 2269 2876 2342 βαθμὸν
2910 2269 3103 2331 ἀνύσας
3135 2267 3464 2337 Ἐκκλησίας

343 2365 415 2420 ad
449 2382 751 2420 summum
792 2365 1139 2420 hierarchia:
1173 2366 1438 2436 pervenit
1470 2366 1717 2435 apicem.

2331 2356 2426 2420 Εἷς
2457 2355 2594 2435 ὕψας
2626 2355 2771 2433 ἤρθη
2805 2359 3213 2433 ποιμεναρχίας
3245 2360 3404 2433 μέγα.

341 2455 482 2509 Cum
517 2457 713 2508 autem
748 2458 959 2525 sponte
989 2453 1317 2509 dimisisset
1349 2454 1589 2525 pedum,

2329 2447 2683 2521 Αὐθαιρέτως
2718 2446 2912 2501 τούτου
2945 2445 3002 2501 δὲ
3035 2447 3289 2511 λιπόντος
3324 2447 3535 2524 θρόνον,

342 2542 732 2598 monasticam
766 2542 1025 2614 quietem
1058 2542 1153 2614 pie
1184 2548 1477 2615 repetens,

2116 2536 2294 2591 10285
2332 2534 2579 2609 Μονῇςδὶ
2611 2536 2771 2591 αὐτὸν
2804 2536 3011 2611 εὐαγῶς
3046 2534 3347 2599 δεδωκότος

341 2633 413 2687 ad
448 2633 834 2705 Byzantinum
868 2633 1105 2687 transiit
1136 2632 1623 2703 patriarchatum,

2328 2625 2639 2700 Ν.κηφόρος
2672 2623 2938 2701 πρόεδρος
2968 2626 3040 2680 ὣν
3074 2627 3333 2704 Ἐφεσίων

342 2721 731 2793 Ephesiorum
765 2720 1133 2793 Nicephorus
1165 2722 1649 2794 archiepiscopus

2328 2712 2627 2788 Προεδρίαν
2661 2712 2857 2793 εἴληφε
2886 2723 2985 2785 τῆς
3021 2718 3450 2787 Κωνσταντίνου,

342 2811 444 2883 qui
474 2809 615 2867 olim
650 2811 851 2882 palatii
885 2812 1075 2867 fuerat
1106 2812 1599 2883 archipresbyter,

2325 2806 2425 2866 Ὀς
2461 2803 2821 2880 ἀρχιλευίτης
2856 2806 2980 2881 πρὶν
3013 2806 3079 2875 ἦν
3110 2805 3399 2874 παλατίου,

343 2898 633 2955 Innocens
661 2900 771 2967 vir,
806 2905 1126 2972 perpetuus
1158 2900 1527 2957 Parthenius.

2323 2895 2493 2967 Ἀνὴρ
2528 2894 2810 2972 ἀμεμφής,
2843 2898 3133 2969 παρθένιος
3166 2899 3242 2969 (1)
3277 2894 3365 2951 διὰ
3390 2895 3531 2973 βίου.

341 2990 532 3059 Atque
564 2987 669 3044 hoc
702 2989 902 3043 sedem
937 3006 1070 3043 cum
1100 2988 1215 3044 vita
1246 2991 1569 3057 deserente,

2113 2984 2294 3040 10290
2332 2982 2546 3040 Τοότου
2576 2980 2999 3053 τελευτήσαντος
3032 2984 3083 3039 ἐν
3116 2983 3379 3061 προεδρίᾳ

343 3077 624 3132 Arsenius
655 3076 885 3149 primus
915 3075 1173 3131 liberatae
1207 3077 1370 3131 urbis

2324 3073 2600 3142 Ἀρσένιος
2631 3073 2937 3146 πρώτιστος
2970 3070 3348 3147 ἀπολαμϐάνει

342 3182 577 3221 sacrum
610 3164 974 3237 recuperavit
1000 3166 1422 3238 principatum.

2034 3227 2069 3238 Α
2323 3164 2429 3230 Τῆς
2463 3158 2744 3237 βασιλίδος
2777 3162 2925 3236 ἱερὰν
2955 3160 3265 3237 προεδρίαν·

340 3254 450 3311 Sed
486 3254 640 3310 idem
675 3227 875 3326 postea
905 3227 1213 3326 depositus
1239 3256 1532 3313 sententia

2027 3227 2070 3294 α
2322 3227 2641 3325 Καθαιρέσει
2669 3227 2865 3305 τούτο-υ
2898 3248 2955 3305 δὲ
2992 3227 3413 3328 καθυπηγμὲνου

336 3343 748 3415 episcoporum
781 3342 1465 3416 aliorumquejudicum,

2320 3339 2465 3415 Πρὸς
2496 3345 2887 3416 ποιμιναρχῶν
2923 3341 3014 3395 καὶ
3044 3339 3310 3398 δικαστῶν
3340 3346 3448 3399 τῶν
3479 3342 3626 3417 τότε,

336 3433 710 3505 Ecelesiaque
742 3433 1061 3489 abscedere
1092 3444 1352 3504 coactus,

2104 3427 2284 3485 10395
2321 3430 2430 3484 Εἶτ’
2463 3427 2828 3493 ἀπελαθέντος
2856 3451 2915 3484 τε
2942 3437 3043 3499 τῆς
3086 3431 3434 3505 Ἐκκλησίας,

335 3524 395 3577 in
430 3523 874 3579 Przeconnesum
907 3521 1168 3577 insulam
1204 3523 1566 3593 deportatur.

2320 3518 2414 3582 Εἰς
2443 3520 2815 3591 Προικόνησον
2851 3518 2897 3574 δ’
2928 3520 3267 3596 ἀπαχθέντος
3304 3520 3515 3593 νησίδα,

338 3611 785 3682 Germanusque
817 3610 1031 3682 praesul
1070 3612 1480 3684 lladrianopoli

2317 3614 2431 3677 Τῆς
2466 3605 2754 3684 Ἀδριανοῦ
2780 3610 3055 3683 Γερμανὸς
3084 3610 3415 3686 ἀρχιθότης,

335 3700 661 3757 translatus
692 3704 779 3755 est
813 3700 884 3755 ad
921 3701 1123 3754 urbem
1155 3701 1545 3757 Constantini.

2319 3695 2615 3753 Μεταθέσει
2649 3695 2889 3753 δέδεικτο
2920 3699 3009 3753 καὶ
3042 3698 3389 3769 Βυζαντίδος.

342 3791 556 3845 Verum
588 3789 876 3845 Germano
909 3788 1218 3845 abdicante
1252 3792 1558 3857 honorem,

2317 3786 2520 3841 Τούτου
2552 3790 2874 3863 παραιτήσει
2910 3787 2965 3844 δὲ
2998 3787 3261 3853 λιπόντος
3292 3789 3507 3865 θρόνον,

337 3878 633 3951 Josephus
664 3883 836 3934 rectae
867 3878 1166 3950 religionis
1199 3880 1496 3952 columen,

2107 3878 2281 3933 10300
2319 3878 2482 3953 Ἀνὴρ
2515 3878 2707 3951 ’[ωσὴρ
2744 3876 3059 3953 ὀρθοδοξίας
3092 3878 3289 3942 στύλος
3319 3882 3417 3953 (2),

339 3968 817 4041 presbyterorum
849 3969 1030 4024 decus
1061 3974 1118 4024 et
1150 3971 1577 4027 monachorum

2324 3967 2488 4032 Κλέος
2522 3972 2801 4041 μοναστῶν
2837 3970 2951 4041 ἅμα
2979 3969 3068 4024 καὶ
3108 3964 3513 4046 πρεσϐυτέρων,

338 4061 540 4113 sancto
572 4056 833 4112 ccenobio
867 4058 1216 4129 praapositus
1251 4060 1493 4127 Galesii,

2321 4059 2513 4126 Μονῆς
2548 4058 2830 4131 προεστὼς
2863 4059 3088 4133 εὐαγοῦς
3119 4058 3415 4130 Γαλησίου,

337 4146 520 4218 mitis,
552 4146 869 4218 benignus,
902 4146 1115 4202 divinae
1147 4147 1293 4219 legis
1325 4166 1617 4219 reverens,

2321 4151 2521 4221 Πρᾶος,
2556 4148 2771 4221 χαρίεις
2799 4147 2887 4201 καὶ
2916 4152 3048 4202 Θεοῦ
3077 4148 3293 4223 τρέμων
3325 4147 3550 4222 νόμους,

335 4237 592 4294 nutritor
619 4252 962 4307 egenorum,
997 4242 1208 4293 natura
1246 4238 1530 4309 clemens,

2319 4237 2747 4311 Πτωχοτρόφος,
2778 4235 3083 4313 φίλοικτος,
3120 4235 3503 4314 εὕσπλαγχνος
3535 4238 3720 4315 φύσει,

336 4324 805 4398 patriarcharum
839 4326 1130 4381 celebrem
1164 4326 1381 4383 insedit
1412 4328 1690 4384 thronum

2107 4327 2283 4381 10305
2322 4325 2415 4386 Εἷς
2440 4329 2795 4399 πατριαρχῶν
2826 4326 2920 4379 τὸν
2952 4325 3280 4399 περίπυστον
3326 4323 3514 4400 θρόνον

339 4414 517 4485 digne
546 4417 604 4468 et
632 4412 933 4468 canonicis
966 4414 1185 4485 regulis
1219 4415 1459 4472 electus.

2320 4414 2594 4488 Ἀνάγετςι
2629 4411 2695 4482 δὴ
2727 4419 3053 4477 κανονικῶς.
3084 4414 3267 4489 ἀξίως,

341 4502 397 4560 Is
428 4503 588 4573 regio
622 4503 680 4557 in
713 4501 866 4558 clero
898 4504 1205 4575 presbyter
1236 4505 1374 4561 olim
1408 4507 1617 4576 fuerat,

2318 4502 2547 4577 Κλήρου
2578 4503 2761 4558 πέλων
2796 4506 2872 4565 εἷς
2903 4508 2999 4558 τοῦ
3035 4503 3315 4578 βασιλείου
3346 4504 3540 4574 πάλαι,

344 4591 684 4663 sanctisque
717 4591 942 4662 nuptiis
975 4591 1157 4647 filiam
1191 4601 1593 4665 procreaverat
1627 4615 1639 4652 :

2029 4600 2074 4662 D
2321 4593 2395 4662 Γή
2409 4613 2509 4664 μας
2542 4612 2601 4646 τε
2632 4595 2846 4665 σεμνῶς
2872 4591 2963 4647 καὶ
2991 4592 3161 4647 τεκὼν
3194 4593 3479 4669 θυγατέρα·

343 4686 547 4755 postea
576 4698 708 4737 vero
739 4681 1018 4737 viduatus
1049 4684 1318 4755 conjuge,

2321 4682 2432 4737 Εἶτ’
2462 4676 2759 4736 ἀποϐαλὼν
2797 4681 3009 4753 θανάτῳ
3040 4685 3360 4749 συνευνέτιν,

345 4770 732 4829 monasticam
768 4771 1067 4843 professus
1100 4772 1352 4829 libenter
1382 4775 1559 4831 vitam

2107 4774 2283 4828 10310
2324 4771 2420 4824 Καὶ
2448 4772 2516 4825 τὰ
2550 4776 2807 4845 μοναχῶν
2839 4771 3043 4833 ὑποδὺς
3079 4772 3408 4848 ὁμοψόχως,

346 4862 673 4917 ccelestium
708 4863 992 4917 virtutum
1030 4879 1163 4917 arca
1197 4865 1469 4936 apparuit
1502 4883 1516 4923 :

2320 4862 2495 4934 Ὡφθη
2531 4857 2749 4935 δοχεῖον
2784 4861 2988 4936 ἀρετῶν
3020 4866 3128 4916 τῶν
3163 4861 3378 4925 ἐνθέων·

348 4951 478 5008 exin
507 4951 753 5006 caanobii
788 4950 1046 5008 Galesini
1081 4952 1286 5024 abbas,

2324 4951 2789 5024 Ἔπειταξποιμὴν
2822 4957 2922 5019 τῆς
2960 4958 3133 5023 μονῆς
3167 4950 3461 5022 Γαλησίου,

347 5041 661 5111 episcopus
696 5045 986 5111 postremo
1017 5045 1074 5096 et
1105 5058 1356 5113 magnus
1390 5043 1668 5115 pontifex.

2327 5038 2425 5093 Καὶ
2459 5040 2843 5113 ποιμενᾶίρχης
2878 5038 3184 5115 ἀρχιθότης
3213 5041 3258 5095 τ’
3290 5038 3354 5094 αὖ
3389 5041 3576 5116 μέγας.

344 5132 487 5184 Cum
523 5134 715 5184 autem
750 5128 1032 5185 Italorum
1065 5132 1282 5202 dogma
1314 5132 1531 5189 invasit

2329 5127 2477 5182 Ἐπεὶ
2511 5124 2556 5181 δ’
2588 5126 2813 5182 Ἰταλῶν
2844 5125 3022 5201 δόγμα
3051 5131 3454 5207 παρεισεφθάρη

347 5216 669 5275 Ecclesiam
702 5223 963 5274 nostram
993 5219 1153 5276 haud
1186 5220 1583 5290 laudabiliter,

2118 5219 2291 5275 10315
2330 5218 2414 5272 Ἐν
2442 5220 2511 5289 τῇ
2543 5217 2661 5270 καθ’
2691 5218 2839 5288 ἡμᾶς
2872 5216 2931 5271 οὐ
2964 5216 3148 5281 καλῶς
3181 5216 3481 5293 Ἑκκλησίᾳ
3510 5221 3586 5295 (3)

534 5412 785 5495 ᾼΠιὶὶὶυξ
814 5412 1001 5495 habet
1023 5414 1311 5495 παρθένος.
1339 5488 1351 5495 _
1733 5492 1743 5495 _
1772 5494 1781 5495 ί

2191 5421 2697 5495 (3)Ερ1]ι·εεωῇυω
2757 5422 3020 5478 animum
3074 5440 3317 5494 prorsus
3366 5440 3567 5495 gerere
3621 5425 3788 5481 schi-

416 5488 505 5568 .(2_)
538 5483 1037 5568 Imo.schis_matis
1079 5483 1707 5568 tenacissimus,atque_
1729 5492 1946 5549 idcirco
1977 5511 2010 5549 a
2120 5483 2456 5568 smaticum,
2492 5492 2655 5562 alibi,
2686 5511 2924 5568 quoque
2967 5483 3465 5568 cognovimusilet
3496 5513 3653 5551 nunc
3686 5498 3791 5554 his

356 5557 635 5638 LII-ichaele
666 5556 987 5638 galbeologe
1016 5558 1159 5629 imp.
1187 5562 1322 5615 sede
1348 5556 1749 5635 ejectum-quia
1773 5582 2010 5621 concor-
2121 5565 2382 5620 factiosis
2414 5556 2470 5619 in
2501 5556 3136 5638 Jose'ph‘um'laudibus
3170 5556 3377 5622 rursus
3409 5569 3787 5625 demonstra-

359 5629 467 5710 diaa
499 5644 633 5684 cum
669 5626 1443 5710 Ecclesiaiﬂomanatquam
1477 5626 1790 5710 praedictus
1820 5639 2013 5710 impe-
2120 5642 2235 5693 tur.
2270 5638 2395 5691 Non
2429 5626 2740 5710 est‘aut‘em
2790 5638 2882 5710 hic
2922 5637 3085 5710 locus
3118 5640 3412 5694 refutandi
3443 5640 3787 5698 Graecorum

360 5705 517 5757 rator
546 5698 976 5774 conciliaverat,
1005 5698 1377 5761 subscribere
1408 5698 1613 5762 noluit.
1906 5698 1925 5710 ⁸
2122 5723 2348 5765 errores
2379 5713 2437 5764 et
2466 5708 2755 5777 schisma;
2788 5708 2845 5763 id
2871 5709 3025 5781 quod
3046 5711 3173 5781 jam
3207 5710 3534 5768 doctissimi
3566 5711 3788 5769 catho-
