4076 6416
267 402 383 458 377

480 524 689 580 Τοότου
721 522 1058 587 διιθόνοντος
1088 517 1322 584 εὐσεϐῶς
1353 524 1566 598 θρόνον,

490 616 590 672 Καὶ
617 612 751 686 τῷδ’
785 612 990 684 ἐπῆκτο
1020 610 1139 666 τάδ’
1168 612 1407 667 ἐπαινεῖν
1438 634 1519 674 τις
1557 611 1667 688 βίᾳ,

484 706 546 761 Ὀ
580 702 627 758 δ’
656 703 898 765 ακλινῶς
928 699 1171 778 ἥδραστο
1208 700 1493 779 δογμάτων
1534 702 1704 776 βάσει⁶

487 788 853 851 Ἐκϐάλλεται
887 791 953 861 δὴ
985 796 1081 846 τοῦ
1116 793 1311 867 θρόνου
1346 790 1474 863 μάλ’
1507 790 1735 859 ἀδίκως,

267 886 451 942 10320
487 885 577 945 Ὠς
612 881 931 959 ὑπεραθλῶν
969 879 1264 956 δογμάτων
1298 881 1472 955 ὀρθῶν
1510 878 1662 955 ἄγαν,

483 974 579 1034 Εἷς
613 971 659 1026 δ’
691 969 1018 1039 ἀλλοδαπὴν
1052 970 1413 1025 ἀπελαύνεται
1448 969 1643 1044 χθόνα,

484 1062 885 1135 Καθαιρετικὴν
920 1062 1099 1137 ψῆφον
1134 1060 1551 1135 ἀρχιποιμένων

486 1149 904 1226 Σχεδιασάντων
937 1150 1072 1204 κατὰ
1102 1146 1251 1203 τοῦδ’
1282 1148 1583 1211 ἀναιτίως·,

489 1240 653 1298 Τοῦτ’
685 1239 1046 1301 ἀπελαθέντος
1081 1236 1139 1293 δὲ
1163 1245 1265 1308 τῆς
1295 1238 1651 1312 προστασίας,

272 1334 447 1388 10325
486 1331 746 1399 Ἰωάννης
778 1350 861 1391 τις
891 1329 993 1397 τήν
1025 1329 1318 1397 ἐπίκλησιν
1352 1329 1555 1389 Βέκκος

481 1420 868 1488 Ἀντικατέστη
903 1422 1229 1496 συμφρονῶν
1266 1423 1383 1481 τοῖς
1414 1417 1691 1479 Λατίνοις.

482 1509 814 1580 Ἐκκλησίας
847 1506 921 1563 ὢν
951 1506 1309 1586 χαρτοιρύλαξ
1342 1506 1588 1579 λευίτης,

481 1600 654 1673 Ἀνὴρ
689 1598 857 1675 σοφός
888 1618 970 1657 τις
1003 1597 1437 1671 ἐντεθραμμένος
1468 1596 1684 1670 λόγοις.

484 1686 652 1746 Τοῦδ⁷
684 1686 1086 1761 ἐκδιωχθέντος
1119 1683 1175 1740 δὲ
1205 1693 1307 1756 τῆς
1340 1686 1676 1755 Ἐκκλησίας

262 1782 446 1837 10330
485 1778 673 1832 Νεύσει
707 1781 1035 1852 κρατοῦντος
1067 1770 1320 1837 εὐσεϐοῦς
1352 1774 1700 1850 Ἀνδρονίκου
1733 1778 1807 1850 (4)

485 1868 651 1939 Ζήλῳ
680 1887 738 1920 τε
769 1868 1001 1932 πιστῶν,
1033 1866 1108 1926 ὡς
1134 1866 1434 1938 προμάχου
1468 1864 1710 1918 Λατίνων

488 1953 660 2013 Πάλιν
691 1957 768 2028 (5)
800 1956 1005 2024 Ἰωσὴφ
1039 1949 1421 2026 ἀπολαμϐάνει
1452 1953 1667 2029 θρόνον·

484 2046 667 2120 Οὗπερ
701 2042 962 2105 λιπόντος
994 2043 1084 2097 τὸν
1124 2042 1237 2117 βίον
1268 2044 1356 2097 καὶ
1386 2042 1478 2097 τὸν
1513 2038 1729 2119 θρόνον>

484 2134 667 2211 Σοφὸς
695 2155 781 2196 τις
814 2133 949 2206 ἀνὴρ
984 2135 1286 2208 Γρηγόριος
1318 2132 1594 2206 Κυπρόθεν

266 2228 450 2283 10335
489 2224 683 2298 Λόγων
718 2227 901 2300 σοφῶν
935 2219 1229 2293 παίδευμα,
1263 2226 1479 2293 μουσῶν
1515 2219 1683 2293 ἑστία,

481 2314 576 2377 Εἰς
608 2316 967 2390 πατριαρχῶν
1000 2306 1349 2365 ἆνεόιϐάσθαι
1392 2310 1608 2385 θρόνον⁸

480 2405 671 2467 ’Ὁστις
700 2399 969 2477 πατρίδος
997 2400 1086 2455 καὶ
1118 2406 1389 2476 πατρικῆς
1423 2400 1595 2463 οἰκίας

482 2493 666 2567 Φυγὰς
695 2493 933 2566 ὑπάρξας
965 2496 1093 2552 παῖς
1126 2487 1203 2543 ἔτι
1237 2510 1324 2543 πω
1354 2490 1669 2564 τυγχάνων,

486 2578 831 2642 Παιδεῦσεως
864 2579 1026 2656 ἔρωτι
1057 2578 1146 2633 καὶ
1184 2580 1526 2652 μαθημάτων

264 2675 443 2730 10340
484 2669 696 2729 Ἐλθὼν
727 2675 972 2725 κατοικεῖ
998 2669 1137 2743 πρὸς
1166 2667 1329 2723 πόλιν
1364 2670 1775 2725 Κωνσταντίνου

483 2760 663 2816 Αὐτὸν
694 2757 753 2814 δὲ
787 2761 1101 2832 μαθήμασιν
1136 2755 1325 2821 ἐκδοὺς
1356 2757 1446 2812 καὶ
1477 2758 1668 2820 πόνοις

491 2852 719 2926 Ἀφῖκτο
750 2848 886 2920 πρὸς
920 2846 1055 2924 μέγα
1078 2869 1131 2902 τι
1163 2845 1413 2909 παιδείας
1451 2846 1635 2923 βάθ⁰ς’

481 2939 615 2996 Εἶτα
643 2937 910 2999 καταστὰς
943 2937 1227 3012 γνώριμος
1260 2938 1588 3013 στεφηυόρῳ

484 3028 582 3082 Καὶ
617 3026 901 3102 συνταγεὶς
931 3024 1129 3099 κλήρῳ
1157 3046 1216 3081 τε
1244 3025 1341 3080 τοῦ
1372 3025 1664 3096 παλατίου,

288 3118 452 3173 10345
488 3115 824 3192 Ἀρχιθύτης
854 3114 1061 3192 πέφηνε
1088 3121 1187 3184 τῆς
1219 3114 1650 3185 Κωνσταντίνου,

482 3205 565 3263 Τὰ
591 3209 701 3260 τῶν
737 3208 996 3280 μοναχῶν
1029 3204 1157 3279 πρὶν
1186 3202 1485 3273 τελεσθεὶς,
1528 3204 1602 3266 ὠς
1633 3201 1754 3268 ἔθος

481 3293 830 3368 Αὐθαιρέτως
856 3292 1052 3347 τούτου
1080 3290 1135 3347 δὲ
1163 3290 1422 3355 λιπόντος
1452 3293 1665 3368 θρόνον,

479 3382 797 3447 Ἀθανάσιος
830 3381 891 3437 ἐκ
918 3381 1096 3451 καλῆς
1127 3383 1368 3457 ἡσυχίας

485 3472 815 3543 ’Δσκητικός
844 3492 928 3533 τις
960 3470 1011 3525 ἐν
1050 3471 1420 3545 μονοτρόποις
1451 3471 1642 3542 θύτης,

262 3564 438 3619 10350
478 3560 743 3623 Γεννάδας
777 3562 937 3635 ἀνὴρ,
966 3561 1291 3636 καρτερικὸς
1321 3562 1459 3636 πρὸς
1493 3562 1717 3628 πόνους,

486 3652 868 3721 Ἀντικατὲστη
902 3655 983 3723 τῷ
1010 3648 1340 3719 Βυζαντίδος
1373 3649 1576 3723 θρόνῳ.

484 3740 697 3798 Τούτου
728 3740 1055 3813 παραιτήσει
1090 3737 1147 3795 δὲ
1178 3738 1438 3802 λιπόντος
1476 3738 1695 3813 θρόνον,

485 3832 675 3893 ’Ὁσιος
709 3829 850 3905 ἀνὴρ
883 3823 1125 3897 εὐλαϐὴς
1161 3830 1444 3899 Ἰωάννης,

486 3918 755 3990 Γαληνὸς,
790 3918 1154 3986 εὐὲντευκτος,
1189 3919 1392 3995 ἀρετῶν
1427 3918 1641 3993 θρόνος,

271 4010 449 4065 10355
490 4005 661 4070 Κλέος
694 4012 957 4083 μοναχῶν
990 4010 1103 4081 ἅμα
1131 4007 1220 4062 καὶ
1246 4002 1651 4083 πρεσϐυτέρων,

490 4097 659 4152 [1λέον
696 4095 753 4152 δὲ
782 4095 1041 4152 πλουτῶν
1076 4098 1361 4172 πραότητα
1390 4095 1639 4172 καρδίας,

489 4185 758 4257 Ἐπαξίως
787 4185 986 4264 εἷ’ληφε
1016 4188 1114 4256 τήν
1147 4185 1462 4262 προεδρίαν.

484 4277 661 4351 Ὠρμη
675 4277 837 4349 μενος
874 4277 971 4349 μὶν
1005 4275 1064 4331 ἐκ
1097 4281 1276 4352 μερῶν
1310 4270 1672 4351 Μεσημϐρίας
1709 4279 1807 4350 (6),

484 4365 693 4437 Γάμοις
726 4362 1004 4437 ὁμιλήσας
1039 4362 1095 4419 δὲ
1129 4369 1349 4437 σεμνοῖς
1378 4365 1429 4419 ἐν
1467 4365 1595 4441 βίῳ,

269 4457 449 4512 10360
488 4454 588 4508 Καὶ
618 4452 814 4516 παιδὸς
846 4453 1030 4531 ὀφθεὶς
1058 4450 1279 4530 ἄρρενος
1311 4454 1661 4532 φυτοσπόρος

1806 399 2172 455 CESARES.

1961 526 2017 592 Α
2048 525 2138 596 pie
2167 525 2422 597 Josepho
2454 527 2651 582 sedem
2684 525 3071 598 gubernante,

2041 616 2168 686 ipse
2199 617 2267 670 ad
2303 632 2661 671 consensum
2695 616 2747 669 vi
2777 612 3269 685 compellebatur,

2043 704 2141 759 sed
2176 705 2431 773 perstitit
2464 705 2743 758 immotus
2778 704 2835 757 in
2870 702 2995 757 basi
3027 701 3393 773 dogmatum.

2044 794 2284 849 Pellitur
2314 810 2450 866 ergo
2484 795 2621 849 sede
2645 793 2872 862 judicio
2906 791 3131 862 iniquo,

2043 887 2349 954 propterea
2371 884 2533 954 quod
2569 899 2670 954 pro
2704 885 2859 936 recto
2903 882 3191 952 pugnaret
3221 878 3515 949 dogmate,

2042 978 2217 1043 atque
2250 972 2306 1026 in
2341 978 2685 1027 extraneum
2713 972 3056 1040 deportatur
3086 967 3304 1033 solum,

2043 1067 2356 1133 postquam
2391 1066 2656 1132 pastores
2688 1060 2863 1133 primi
2896 1062 3103 1114 contra
3136 1058 3461 1112 innocuum

2044 1150 2432 1223 depositionis
2464 1148 2721 1205 tulerant
2753 1148 3129 1205 sententiam.

2049 1240 2189 1295 Post
2220 1239 2377 1295 hunc
2408 1244 2699 1293 remotum
2731 1253 2958 1292 summo
2990 1234 3409 1306 gubernaculo,

2041 1329 2297 1385 Joannes
2329 1327 2570 1400 quidam
2603 1330 2989 1397 cognomento
3019 1329 3244 1379 Veccus

2044 1418 2325 1473 suffectus
2356 1423 2463 1485 est,
2500 1416 2870 1472 consentiens
2903 1431 3035 1469 cum
3071 1413 3315 1478 Latinis,

2043 1507 2465 1579 chartophylax
2496 1506 2760 1561 Ecclesia:
2794 1522 2859 1560 ac
2891 1504 3086 1568 levita,

2040 1598 2131 1653 vir
2159 1613 2300 1653 sane
2332 1598 2570 1668 sapiens
2604 1600 2659 1649 et
2690 1594 2904 1650 litteris
2933 1592 3281 1647 innutritus.

2044 1686 2153 1740 Sed
2187 1685 2342 1739 hunc
2372 1684 2631 1739 Ecclesia
2662 1684 2887 1755 pepulit
2917 1681 3178 1736 fidelium
3214 1680 3372 1735 zelus

2043 1782 2099 1829 et
2126 1776 2203 1845 pii
2238 1774 2749 1845 regnantis'nutus
2785 1771 3119 1836 Andronici,

1962 1891 2011 1955 Β
2045 1869 2108 1919 ut
2143 1864 2475 1919 Latinarum
2509 1864 2766 1935 partium
2795 1862 3161 1927 studiosum;

2039 1954 2095 2009 et
2126 1971 2295 2009 suam
2327 1954 2544 2025 recepit
2574 1953 2912 2008 cathedram
2945 1949 3256 2020 Josephus.

2043 2044 2165 2109 Quo
2197 2044 2523 2115 deponente
2555 2060 2689 2097 cum
2721 2041 2911 2097 ofﬁcio
2944 2040 3146 2105 vitam,

2041 2131 2355 2205 Gregorius
2390 2132 2625 2203 sapiens
2654 2131 2742 2186 vir
2767 2130 3056 2186 oriundus
3087 2128 3273 2200 Cypro

2041 2220 2317 2276 alumnus
2347 2221 2768 2289 doctrinarum,
2802 2235 3108 2275 musarum
3145 2233 3265 2285 ara,

2043 2312 2112 2365 ad
2149 2311 2873 2382 patriarchmzdignitatem
2901 2308 3077 2364 venit.

2041 2402 2148 2457 Hic
2181 2402 2387 2473 patriis
2420 2400 2645 2456 laribus
2679 2402 2985 2471 patrioque
3017 2398 3141 2453 solo

2036 2491 2161 2560 jam
2196 2491 2394 2561 indeija
2424 2492 2641 2545 teneris
2673 2487 2949 2544 exsulans
2978 2484 3339 2558 unguiculis,

2045 2580 2538 2635 addiscendarum
2574 2579 2825 2650 cupidus
2854 2576 3305 2647 disciplinarum

2046 2669 2318 2740 migravit
2347 2668 2677 2740 inquilinus
2709 2663 3277 2735 Constantinopolim
3317 2680 3329 2717 :

2044 2759 2143 2813 ubi
2174 2776 2237 2813 se
2269 2758 2484 2814 studiis
2512 2758 2752 2812 tradens
2784 2752 3225 2827 impensissime

2045 2864 2327 2919 magnum
2360 2846 2654 2917 sapientiae
2687 2844 2977 2915 congessit
3006 2844 3355 2898 thesaurum
3389 2858 3401 2896 :

2044 2938 2201 2992 unde
2233 2936 2500 3007 regnanti
2533 2935 2743 2991 Czssari
2771 2936 2837 2990 ﬁt
2867 2933 3160 3006 cognitus,

2046 3026 2519 3097 adscribiturque
2551 3024 2704 3081 clero
2737 3023 3021 3096 palatino,

2045 3122 2102 3173 et
2132 3116 2482 3187 Byzantinus
2513 3116 2765 3185 denique
2794 3118 3026 3169 creatur
3056 3111 3291 3184 pressu],

2048 3204 2322 3261 monachi
2354 3204 2596 3261 adscitis
2625 3208 2819 3269 antea,
2853 3206 2917 3257 ut
2948 3218 3076 3257 mos
3107 3204 3216 3270 est,
3248 3201 3534 3258 vestibus.

2054 3297 2167 3350 Hoc
2197 3301 2393 3350 autem
2428 3297 2635 3365 sponte
2668 3292 2949 3348 honorem
2984 3293 3337 3363 deponente,

2046 3389 2253 3441 sancta
2282 3383 2641 3439 Athanasius
2672 3382 2913 3438 veniens
2944 3381 3263 3437 solitudine

2046 3474 2336 3529 asceticus
2366 3477 2423 3529 et
2454 3474 2759 3545 presbyter
2788 3472 2941 3526 inter
2972 3470 3313 3535 monachos,

2048 3564 2465 3636 magnanimus
2496 3563 2602 3630 vir,
2638 3561 2904 3616 laborum
2942 3560 3433 3633 patientissimus,

2046 3651 2260 3724 praesul
2294 3651 2582 3722 processit
2614 3651 2779 3706 urbis
2813 3651 3164 3722 Byzantines.

2045 3741 2163 3796 Hoc
2194 3742 2335 3795 item
2368 3757 2597 3795 sacram
2628 3740 2939 3794 abdicante
2970 3740 3193 3805 sedem,

2044 3831 2132 3885 vir
2164 3830 2296 3901 pius
2327 3830 2583 3886 Joannes
2614 3829 2925 3884 sanctitate
2958 3827 3211 3901 fulgens,

2047 3920 2326 3988 affabilis,
2356 3918 2739 3989 tranquillus,
2771 3919 3057 3973 virtutum
3091 3917 3325 3987 cinnus,

2047 4007 2394 4081 presbyterii
2427 4007 2604 4062 decus
2638 4006 2817 4062 simul
2849 4011 2906 4062 et
2937 4006 3349 4073 monachatus,

2047 4100 2311 4171 apprime
2340 4102 2534 4152 tamen
2568 4097 2728 4151 dives
2762 4095 3241 4160 mansuetudine,

2046 4190 2220 4261 digne
2252 4192 2559 4242 assecutus
2591 4191 2680 4241 est
2710 4187 2950 4240 honoris
2984 4184 3233 4256 apicem.

2045 4279 2149 4333 Hic
2179 4277 2465 4332 oriundus
2498 4275 2766 4347 partibus
2800 4273 3164 4330 Mesembria

2045 4367 2272 4439 nuptiis
2305 4382 2539 4437 quoque
2569 4366 2628 4420 in
2659 4362 2871 4420 saeculo
2904 4363 3224 4419 contractis

2045 4455 2292 4512 masculi
2325 4455 2431 4510 filii
2459 4454 2641 4511 edidit
2671 4453 3008 4527 progegiem
3043 4470 3056 4509 :

3593 395 3700 451 378

272 4670 367 4724 lici
427 4669 845 4742 praestiterunt,
880 4670 1156 4742 princeps
1187 4670 1426 4740 quidem
1463 4671 1668 4725 merito
1700 4676 1755 4726 et
1797 4670 1934 4726 infi-
1966 4658 2014 4720 D
2046 4688 2180 4727 cum
2212 4671 2476 4727 Romana
2518 4670 2773 4726 Ecclesia
2817 4670 3054 4742 scriptis
3102 4668 3466 4725 doctissimis
3497 4669 3697 4724 defen-

2045 4744 2149 4809 dit,
2185 4749 2241 4797 et
2266 4760 2455 4813 usque
2493 4744 2563 4797 ad
2603 4758 2891 4797 carcerem
2922 4743 3266 4811 obitumque
3299 4742 3559 4795 retinuit.
3595 4742 3697 4796 Le-

2045 4816 2201 4883 gesis
2236 4816 2394 4870 Vecci
2446 4819 2864 4869 testamentum
2910 4814 3066 4885 apud
3096 4813 3376 4868 Allatium
3410 4813 3506 4868 Gr.
3540 4813 3694 4869 orth.

272 4744 400 4796 nita
432 4741 702 4795 doctrina
732 4741 1001 4814 Allatius,
1035 4741 1157 4797 tum
1192 4744 1503 4801 Arcutlius.
1529 4742 1933 4814 Caryophilus,

272 4814 518 4896 Galeca,
541 4813 977 4896 Papadopulus,
1004 4814 1557 4896 Baronius,‘Nata.l_is
1588 4813 1931 4896 Aleaander,

269 4884 599 4956 Lequinius
623 4884 708 4939 fin
742 4884 982 4949 dissert,
1015 4891 1072 4940 et
1123 4884 1384 4957 panopl.,
1417 4885 1633 4956 aliique
1665 4884 1929 4957 plurimi.

270 4958 353 5013 De
385 4957 797 5030 defensoribus
828 4956 1065 5027 quidem
1118 4956 1332 5012 Graecis
1387 4957 1624 5030 legesis,
1650 4956 1932 5014 Allatium

271 5030 344 5084 de
396 5029 604 5099 synod.
659 5029 869 5097 Ephes.
908 5044 1031 5099 cap.
1068 5045 1201 5092 ινιτ,
1235 5045 1291 5100 p.
1323 5029 1464 5085 371.7
1486 5031 1563 5084 Ex
1590 5029 1664 5083 iis
1710 5036 1929 5093 autem,

272 5101 373 5171 qui
408 5106 553 5155 tunc
596 5100 967 5172 concordiam
1003 5116 1137 5154 cum
1186 5101 1407 5155 Latinis
1440 5102 1838 5172 dogmatibus,
1872 5102 1929 5157 id

269 5179 360 5227 est
391 5188 526 5226 cum
560 5171 911 5226 orthodoxia
940 5172 1076 5225 tuiti
1110 5178 1271 5238 sunt,
1299 5174 1446 5227 duos
1478 5171 1805 5228 memorare
1837 5190 1933 5227 sa-

271 5247 348 5300 tis
379 5248 509 5317 epti
559 5259 814 5317 quorum
865 5243 1509 5317 primus_Nicephorus
1566 5245 1930 5317 Blemmyda,

273 5316 343 5371 ab
390 5315 723 5387 Ephrazmio
769 5319 971 5369 nostro
1021 5332 1074 5368 ν.
1107 5315 1270 5387 8939.
1306 5333 1437 5387 sqq.
1471 5316 1684 5371 eximia
1732 5315 1929 5382 laude,

270 5393 557 5459 tanquam
590 5386 897 5458 sapientiae
926 5386 1268 5459 coryphmus
1312 5386 1371 5443 et
1404 5386 1808 5459 patriarchatu
1843 5389 1928 5443 di-

267 5458 621 5529 gnissimus,
664 5461 1018 5523 exornatus;
1066 5458 1213 5513 alter
1258 5458 1514 5515 Joannes
1546 5463 1790 5525 Veccus,
1825 5477 1925 5515 cu-

259 5534 361 5600 jus
394 5532 532 5585 item
567 5529 861 5599 sapientia
893 5530 962 5584 ab
995 5530 1320 5599 Ephraemio
1341 5547 1396 5584 v.
1424 5532 1598 5585 10346
1629 5531 1925 5598 laudatur,

267 5603 367 5684 qui
395 5602 569 5684 lectis
603 5601 955 5684 Blemmydae
985 5602 1274 5684 scriptis.
1297 5620 1329 5656 a
1378 5602 1698 5684 schismate
1728 5605 1797 5684 ad
1831 5621 1926 5684 or—

268 5672 609 5730 thodoxiam
642 5672 914 5745 transiit,
939 5676 1018 5745 u_t_
1033 5673 1115 5729 ait
1136 5672 1529 5745 ’Pachymeres
1562 5674 1701 5730 hist.
1736 5675 1804 5744 V,
1838 5677 1924 5745 15,

266 5746 736 5819 patriarchatum
805 5743 1091 5803 catholica
1156 5743 1370 5819 gessit,
1431 5743 1928 5820 concordiamque

2044 4888 2109 4942 T.
2146 4890 2188 4952 1,
2223 4904 2278 4957 p.
2317 4887 2438 4941 37s.

2113 4955 2512 5039 (~i)_Nimirum
2544 4956 2915 5039 Anndronicus
2947 4956 3017 5025 ll,
3042 4972 3176 5039 cum
3205 4972 3452 5039 regnum
3487 4955 3694 5024 adiret,

2043 5030 2113 5084 ad
2168 5028 2221 5083 id
2278 5035 2515 5084 coactus
2575 5030 2685 5084 fuit
2745 5028 2997 5083 factione
3050 5028 3586 5099 schismaticorum,
3632 5032 3698 5083 ut

2043 5100 2289 5155 historia
2320 5100 2633 5156 notissima
2668 5100 2868 5154 tradit.

2112 5172 2188 5243 (5)
2222 5172 2367 5226 Hinc
2425 5188 2614 5242 usque
2671 5172 2742 5224 ad
2799 5187 2851 5223 v.
2914 5170 3089 5224 10363
3145 5170 3326 5225 edidit
3376 5170 3694 5226 versiculos

2040 5243 2292 5299 Allatius
2341 5246 2399 5299 in
2445 5260 2539 5314 ορ.
2572 5245 2645 5297 De
2672 5258 2818 5296 cons.

2855 5259 2909 5312 p.
2942 5244 3068 5302 776.
3104 5248 3159 5296 et
3189 5243 3246 5296 in
3281 5243 3695 5298 dissertatione

2041 5314 2568 5387 chGeorgiis,nbi
2620 5314 2741 5387 agit
2794 5314 2864 5387 de
2917 5314 3539 5387 patriarchaGeorgio
3590 5320 3693 5387 Cy-

2082 5385 2187 5454 rio,
2222 5384 2329 5458 qui
2354 5386 2570 5441 dicitur
2616 5386 2790 5440 etiam
2824 5384 3159 5457 Gregorius.
3194 5384 3471 5458 Allatius:
3495 5384 3692 5443 aulein

2062 5456 2288 5531 egebat,
2316 5475 2415 5514 seu
2448 5463 2601 5513 certe
2631 5457 2861 5523 edebat,
2883 5476 2988 5511 που
3021 5476 3124 5530 pro
3152 5462 3341 5527 mmet
3373 5456 3558 5518 ἐνδοὺς
3593 5475 3695 5531 pro

2039 5527 2252 5591 ἐκδούς.

2108 5604 2186 5674 (6)
2223 5601 2569 5674 Lequinius,
2595 5601 2755 5674 dicit,
2788 5601 3107 5674 oriundum
3140 5601 3420 5674 sozopoli.
3466 5601 3691 5674 AVerum

2038 5672 2290 5745 utraque
2322 5672 2471 5728 'urbs
2522 5672 2868 5745 Mesembria
2899 5678 2955 5728 et
2982 5672 3300 5745 Sozopolis’
3332 5672 3584 5745 pertinet
3616 5673 3685 5730 ad

2038 5743 2541 5815 Hemimontium,
2574 5761 2679 5801 nec
2708 5743 2875 5801 valde
2904 5743 3305 5803 distant‘inter
3332 5743 3416 5799 se.
