4090 6398
352 415 459 470 379
1571 416 1944 473 BPHRBMII
1980 411 2552 469 CHRONOGRAPHI
3430 392 3437 393 ί
3657 400 3774 459 380

352 542 561 613 Sponte
592 539 839 597 dimisso
870 546 1073 613 postea
1099 540 1393 615 conjugio,

2029 540 2084 605 Α
2325 534 2496 592 Έκών
2528 555 2587 589 τι
2615 532 2792 589 λιπὼν
2824 537 3070 609 γαμετῆς
3100 527 3401 599 συνοικίαν,

352 632 510 687 diam
543 629 928 686 asceticorum
962 632 1137 687 vitam
1174 631 1427 703 praetulit
1460 648 1473 686 :

2321 623 2638 695 Ἀσκητικὸν
2673 620 2994 695 προῦκρινεν
3028 619 3208 684 ἔνθεον
3246 620 3385 695 βίον·

353 720 411 775 in
446 737 560 790 quo
590 719 723 774 vitae
758 721 1053 791 proposito
1085 721 1183 775 diu
1220 722 1562 793 persistens,

2321 716 2649 776 Ἐνστάσεως
2681 712 2772 768 οὖν
2808 711 3224 786 συμπροϊούσης
3262 708 3384 784 βίῳ,

353 809 607 881 denique
639 826 797 864 novas
832 809 1029 865 Romae
1060 811 1122 865 fit
1155 810 1508 881 patriarcha.

2320 805 2540 876 Ῥώμης
2574 800 2794 877 ἐδείχθη
2828 803 3181 877 πατριάρχης
3208 806 3307 868 τῆς
3335 796 3478 860 νέας.

353 900 463 955 Sed
502 904 812 971 postquam
846 906 1055 969 sponte
1084 900 1131 955 is
1160 900 1333 955 etiam
1368 900 1595 955 dimisit
1626 899 1865 971 pedum,

2107 895 2285 951 10365
2322 894 2527 948 Τούτου
2560 891 2606 947 δ’
2638 892 2858 954 ἑκόντος
2890 889 3259 951 ἀπολιπόντος
3288 888 3505 964 θρόνον,

354 988 570 1044 iterum
604 989 960 1044 Athanasius
991 990 1061 1044 ad
1097 990 1290 1043 sedem
1325 991 1484 1045 venit
1515 1007 1527 1043 :

2324 981 2494 1037 Πάλιν
2530 984 2847 1046 Ἀθανάσιος
2880 978 3007 1055 ἔσχε
3038 980 3128 1034 τὸν
3160 978 3371 1051 θρόνον·

352 1079 510 1149 quod
544 1095 672 1132 cum
710 1078 759 1132 is
795 1096 999 1133 rursus
1034 1080 1262 1149 pondus
1299 1079 1644 1149 iastidisset,

2322 1072 2427 1130 Καὶ
2456 1070 2613 1127 τόνδε
2645 1069 2857 1125 λοιπὼν
2888 1070 3041 1134 αὖθις
3085 1065 3483 1141 ἀπειπαμένου,

353 1168 541 1240 Cyzici
574 1166 804 1240 Niphon
840 1168 1165 1224 translatus
1193 1168 1431 1223 dimcesi

2321 1163 2611 1219 Μιταθέσει
2644 1159 2886 1215 δέδεικτο
2920 1158 3154 1229 Κυζίκου
3184 1157 3373 1234 Νίφων

354 1257 618 1329 reginam
654 1258 885 1312 urbium
923 1257 1071 1313 rexit
1093 1258 1450 1330 patriarcha;

2320 1257 2427 1321 Τῆς
2465 1247 2749 1327 βασιλίδος
2778 1250 2979 1305 ἀστέων
3014 1246 3338 1323 ἀρχιθύτης·

353 1347 439 1401 vir
471 1346 851 1417 monachalis,
885 1348 1060 1403 rebus
1094 1348 1337 1419 agendis
1374 1364 1571 1420 sagax,

2111 1346 2286 1401 10370
2326 1343 2487 1415 Ἀνὴρ
2524 1340 2786 1416 μοναχὸς,
2822 1338 3082 1414 ἀγχίνους
3114 1334 3166 1390 ἐν
3191 1332 3503 1409 πρακτέοις,

354 1435 652 1491 communi
686 1435 922 1507 quidem
956 1452 1160 1508 expers
1190 1438 1540 1506 eruditione,

2324 1428 2668 1493 ΙΙαιδεύσεως
2701 1428 2795 1503 μὶν
2826 1425 2997 1497 ἀδαὴς
3028 1424 3339 1503 ἐγκυκλίου,

354 1527 455 1581 sed
490 1526 750 1596 prudens
782 1542 979 1581 rerum
1010 1532 1068 1581 et
1100 1526 1346 1581 afﬂuens
1379 1528 1634 1599 ingenio,

2324 1515 2639 1591 Ἐπήϐολος
2673 1516 2729 1573 δὲ
2757 1516 2848 1573 καὶ
2880 1520 3088 1595 φρενῶν
3120 1509 3532 1587 πεπλησμένας,

354 1614 621 1669 Berrhoze
651 1620 825 1669 natus
856 1615 1114 1670 occiduis
1147 1616 1205 1669 in
1240 1615 1596 1687 regionibus,

2325 1610 2585 1686 Βέρῥοιαν
2618 1608 2804 1684 αὐχῶν
2837 1608 2937 1676 τήν
2970 1603 3193 1675 δυτικήν
3223 1600 3480 1677 πατρίδα,

352 1702 532 1758 laurm
566 1703 914 1775 praepositus
944 1703 1004 1758 in
1035 1704 1263 1760 Athone
1296 1709 1513 1772 monte,

2326 1702 2539 1777 Λαύρας
2569 1698 2803 1773 ὑπάρξας
2828 1696 3138 1771 προστάτης
3170 1700 3269 1763 τῆς
3298 1694 3414 1747 κατ’
3438 1694 3609 1756 Ἄθω·

355 1792 725 1864 metropolita
758 1797 958 1864 postea
991 1793 1179 1848 factus
1210 1795 1420 1867 Cyzici,

2110 1794 2286 1849 10375
2327 1791 2457 1847 Εἶτα
2478 1790 2709 1859 κατέστη
2742 1787 3129 1860 ποιμενάοχης
3158 1782 3398 1852 Κυζίκου

352 1882 605 1952 denique
640 1883 829 1937 tenuit
862 1882 1119 1953 pontifex
1147 1883 1733 1955 Constantinopolim.

2031 1894 2079 1959 Β
2324 1881 2426 1938 Καὶ
2458 1878 2806 1955 πατριάρχης
2834 1873 3002 1947 τῆσδε
3035 1873 3463 1929 Κωνσταντίνου.

351 1975 571 2027 Verum
604 1976 659 2026 et
690 1971 785 2027 hic
814 1972 1009 2027 libello
1044 1972 1319 2028 honorem
1353 1974 1606 2029 abdicat.

2320 1967 2485 2027 Τοῦδ’
2518 1969 2759 2045 ἰγγραφῇ
2789 1965 2847 2021 δὲ
2877 1969 3053 2021 θῶκον
3086 1964 3483 2036 ἀπειπαμένου,

349 2062 611 2118 Joannes
643 2065 836 2116 autem
872 2067 1254 2132 cognomento
1295 2062 1470 2135 Glyca

2325 2059 2575 2129 Ἰωάννης
2602 2079 2684 2120 τις
2719 2058 2746 2112 ὁ
2777 2055 2985 2118 Γλυκὺς
3018 2053 3076 2110 δὲ
3101 2052 3407 2123 τούπίκλην

352 2152 441 2205 vir
471 2151 821 2217 senatorius,
854 2155 911 2205 et
939 2167 1149 2207 cursus
1184 2151 1505 2222 logotheta,

2327 2147 2703 2223 Συγκλητικός
2731 2166 2789 2201 τε
2819 2144 2909 2199 καὶ
2941 2144 3237 2219 λογοθέτης
3269 2140 3500 2217 δρόμου,

351 2240 723 2312 optimatium
756 2241 827 2295 de
858 2257 1102 2296 numero
1134 2245 1191 2296 et
1220 2241 1626 2309 doctissimus,

2114 2243 2287 2297 10380
2327 2242 2422 2301 Εἷς
2456 2237 2528 2292 ὣν
2557 2236 2791 2312 ἀρίστων
2824 2235 2911 2289 καὶ
2948 2237 3134 2311 σοφῶν
3169 2230 3352 2305 λόγων
3386 2227 3553 2304 ἴδρις,

351 2329 552 2401 populi
584 2346 818 2385 sacrum
852 2328 1232 2400 praesidatum
1270 2331 1431 2386 adiit.

2325 2327 2627 2403 Χιιρίζεται
2659 2323 2725 2395 δὴ
2758 2326 2856 2393 τὴν
2890 2322 3002 2378 λεὼ
3033 2319 3360 2398 προστασίαν

353 2421 477 2485 Quo
509 2418 853 2490 dignitetem
886 2419 1107 2491 pariter
1138 2420 1470 2486 abdicante,

2328 2418 2428 2473 Καὶ
2457 2413 2607 2471 τοῦδ’
2637 2414 2845 2488 ὁμοίως
2880 2416 3057 2478 θῶκον
3090 2409 3491 2483 ἀπειπαμένου,

355 2507 698 2563 Gerasimus
724 2506 810 2561 vir
842 2508 1207 2563 monasticae
1238 2526 1304 2564 ac
1338 2512 1659 2583 presbyter,

2328 2507 2628 2583 Γεράσιμός
2660 2527 2741 2567 τις
2772 2503 2863 2559 καὶ
2890 2502 3134 2577 μοναχὸς
3164 2500 3255 2556 καὶ
3288 2500 3476 2571 θύτης,

354 2597 454 2668 qui
490 2596 855 2667 Philadelphi
888 2597 946 2651 in
981 2597 1125 2653 urbe
1156 2604 1330 2655 natus
1363 2598 1568 2668 fuerat,

2328 2598 2496 2653 Πόλιν
2532 2593 2936 2671 Φιλαδέλφειαν
2971 2593 3159 2667 αὐχῶν
3182 2588 3441 2666 πατρίδα,

354 2690 412 2743 et
439 2686 868 2741 Sosandrorum
902 2690 1130 2742 rexerat
1160 2689 1611 2761 monasterium,

2116 2693 2292 2749 10385
2329 2694 2514 2756 Μονῆς
2545 2685 2822 2762 προεστὼς
2850 2681 3201 2759 χρηματίσας
3233 2677 3602 2755 Σωσάνδρων,

354 2776 763 2849 pontificatum
801 2776 989 2831 tenuit
1020 2778 1295 2849 Byzantii.

2331 2776 2626 2855 Προεδρίαν
2659 2776 2854 2854 εἴληφε
2883 2782 2982 2843 τῆς
3013 2772 3448 2830 Κωνσταντίνου.

356 2868 619 2938 Cumque
650 2866 743 2921 hic
776 2866 833 2920 in
868 2868 1004 2923 sede
1035 2872 1307 2923 mortuus
1339 2868 1568 2940 fuisset,

2328 2869 2542 2927 Τούτου
2571 2869 2632 2923 τὸ
2669 2868 2821 2943 βιοῦν
2850 2867 2900 2920 ἒν
2936 2865 3113 2941 θρόνῳ
3142 2861 3499 2930 λελοιπότος,

357 2956 685 3011 monachus
719 2956 904 3012 Isaias
941 2958 1151 3027 pietate
1182 2958 1436 3030 insignis

2331 2962 2496 3033 Ἀνήρ
2536 2958 2779 3032 μοναχὸς
2809 2950 3050 3023 εὐλαϐὴς
3084 2951 3308 3015 Ἡσαΐας

357 3045 676 3117 benignus,
707 3048 1097 3114 venerandus,
1134 3049 1439 3105 modestus
1470 3067 1664 3118 senex,

2334 3058 2533 3127 Πρᾶος,
2562 3050 2790 3127 γεραρὸς
2819 3048 2910 3103 καὶ
2937 3046 3314 3124 ταπεινόφρων
3346 3044 3545 3120 γέρων,

356 3133 612 3189 natalem
648 3134 871 3190 habens
901 3140 1115 3192 terram
1150 3136 1391 3209 Epirum
1422 3144 1704 3212 veterem,

2120 3145 2293 3201 10390
2333 3140 2507 3203 Κλέος
2543 3143 2825 3213 μοναστῶν
2849 3142 2956 3193 τῶν
2996 3136 3259 3213 βιούντων
3285 3135 3403 3190 κατ’
3434 3135 3606 3207 Ἀθω,

353 3222 581 3278 Athone
613 3223 671 3278 in
705 3229 905 3281 monte
933 3226 1359 3282 monachorum
1392 3230 1601 3300 gloria,

359 3312 791 3384 patriarchatus
824 3314 1018 3387 attigit
1048 3332 1354 3373 summum
1388 3319 1634 3391 apicem.

2335 3235 2597 3306 ’Ἤπειρον
2628 3229 2814 3305 αὐχῶν
2847 3224 3081 3304 πατρίδα
3112 3224 3462 3299 παλαιτέραν,

2333 3320 2431 3383 Εἰς
2465 3320 2599 3395 ὕψος
2630 3320 2889 3390 ἀνήνεκτο
2920 3313 3347 3390 ποιμεναρχίας.

2038 3273 2081 3340 C

425 3495 501 3561 (7)
534 3494 854 3578 Habet‘hos
900 3513 1105 3578 versus
1131 3500 1202 3555 de
1232 3500 1409 3573 Glyca
1439 3500 1692 3560 Allatius
1741 3504 1800 3560 in
1851 3505 1994 3562 diss.
2030 3507 2101 3563 de
2134 3504 2398 3578 Georgiis
2430 3521 2485 3577 p.
2518 3503 2623 3559 638
2656 3503 2769 3575 (ed.
2804 3500 3057 3570 Fabric.)
3090 3498 3192 3555 ubi
3240 3493 3636 3569 Ephraemium
3673 3509 3787 3548 no-

354 3570 542 3621 atrum
576 3567 833 3639 appellat
862 3572 1213 3627 monachum.

356 3745 3786 3799 Μ

1734 3949 1893 3996 ANNO
1937 3948 2146 3995 DOMINI
2188 3949 2394 3994 MCCXX

1181 4137 2968 4340 THEOLEPTUS

571 4484 2225 4616 PHILADELPHIENSIS
2346 4491 3552 4617 METROPOLITA

1141 5063 1481 5139 (Φιλοκαλία
1510 5073 1618 5123 τῶν
1652 5069 1813 5142 ἰερῶν
1842 5073 2143 5140 νηπτικῶν.
2176 5070 2417 5128 Venetis
2455 5070 2593 5125 1782
2624 5068 2721 5125 fol.

1387 5065 1481 5121 λία
1510 5073 1618 5123 τῶν
1652 5069 1813 5142 ἰερῶν
1842 5073 2143 5140 νηπτικῶν.
2176 5070 2417 5128 Venetis
2455 5070 2593 5125 1782
2624 5068 2721 5125 fol.
2757 5085 2813 5141 p.
2847 5069 2998 5139 855.)

426 5406 783 5480 Theoleptus
817 5409 915 5465 ille
937 5426 1190 5482 magnus
1214 5417 1271 5468 et
1301 5412 1899 5485 Philadelphiensium
1937 5414 2016 5470 lu-

2199 5412 2518 5485 Θεόληπτος
2574 5414 2601 5467 ὁ
2656 5412 2820 5488 μέγας
2871 5405 3041 5471 ὅντως
3088 5416 3189 5478 τῆς
3221 5405 3623 5486 Φιλαδελφείας
3675 5431 3802 5487 φω-

360 5514 516 5566 mcn,
551 5504 831 5569 regnante
862 5500 1194 5557 Andronico
1232 5502 1690 5576 Palazologorum
1731 5507 1975 5562 sccundc

2182 5504 2309 5577 ιὴρ,
2372 5501 2589 5575 ἤκμασε
2651 5501 2744 5575 μὲν
2803 5498 2890 5555 ἐπὶ
2964 5495 3316 5567 Ἀνδρονίκου
3375 5502 3475 5553 τοῦ
3534 5496 3797 5573 δευτέρου

355 5588 511 5643 circa
529 5605 747 5643 annum
769 5590 1153 5645 millesimum
1172 5595 1648 5649 trecentesimum
1665 5595 1970 5651 vicesimut

2179 5599 2228 5648 iw
2264 5591 2684 5666 Παλαιολόγων,
2718 5589 2841 5665 περί
2870 5610 2975 5645 που
3007 5590 3068 5644 τὸ
3127 5588 3413 5664 χιλιοστὸν
3471 5608 3794 5664 τριακοσιο-

360 5679 633 5747 quintum
668 5678 885 5734 ﬂoruit.
914 5681 1396 5735 Anachoreticam
1431 5684 1620 5753 primo
1645 5684 1818 5739 vitam
1848 5685 1975 5739 dux‘

2175 5685 2247 5737 τὸν
2280 5683 2521 5737 εἷ’κοστὸν
2555 5682 2803 5753 πέμπτον
2834 5676 2970 5740 ἔτος.
3033 5680 3119 5735 Ἐν
3162 5675 3220 5733 δὲ
3250 5682 3329 5751 τῷ
3356 5681 3457 5743 τῆς
3486 5677 3790 5753 ἁγιότητος

356 5766 415 5822 in
438 5767 633 5824 Monte
664 5771 906 5838 Sancto;
932 5768 1141 5827 deinde
1170 5769 1777 5844 Philadelphiensium
1810 5774 1971 5832 cathe

2173 5792 2235 5828 >ει
2266 5773 2356 5828 τὸν
2392 5771 2810 5847 ἀναχωρητικὸν
2844 5771 3064 5844 πρῶτον
3112 5768 3351 5841 ἀσκήσας
3402 5767 3542 5843 βίον,
3591 5767 3788 5824 κάκεῖ-
