4090 6420
258 469 360 526 381

1203 478 1303 530 DE
1341 474 1791 529 ABSCONDITA
1826 473 2295 530 OPERATIONE
2332 474 2407 526 IN
2442 470 2758 527 CHRISTO

3580 462 3687 516 382

262 595 348 647 θεν
403 589 591 648 ἔπειτα
644 595 745 663 τὴν
810 601 910 664 τῆς
969 592 1371 674 Φιλαδελφείας
1437 592 1724 671 προεδρίαν
1794 596 1921 650 ἀνα-

2038 597 2203 651 dram
2230 594 2495 665 suscepit
2524 597 2582 648 et
2626 591 3211 665 praaclarissimarum
3259 587 3683 666 doctrinarum,

267 679 579 756 δεξάμενος,
630 686 963 758 καθηγεμὼν
1010 685 1099 740 καὶ
1158 684 1520 760 μυσταγωγὸς
1568 689 1673 740 τῶν
1723 684 1918 741 καλλί-

267 793 404 828 στων
440 771 779 845 μαθημάτων
810 779 908 828 τοῦ
956 774 1111 850 ἀγίου
1158 775 1469 851 Γρηγορίου
1512 778 1607 829 τοῦ
1656 781 1928 829 Θεσσαλο-

264 862 423 932 νίκης
472 861 809 925 καθίσταται.
861 864 973 932 Τὴν
1022 885 1081 920 τε
1108 866 1208 941 γὰρ
1259 864 1405 941 ἱερὰν
1455 868 1639 938 νῆψιν,
1688 865 1773 918 καὶ
1825 865 1923 934 τὴν

265 953 455 1025 νοερὰν
529 950 736 1007 ἐκεῖνον
807 952 1235 1029 ἐμυσεαγώγησε
1304 955 1619 1029 προσευχὴν
1655 997 1671 1026 ,
1722 948 1799 1008 ἔτι
1871 952 1923 1008 ἐν

266 1047 383 1102 τοῖς
415 1047 709 1114 κοσμικοῖς
755 1044 1107 1118 τεταγμένον,
1140 1044 1214 1107 ὡς
1263 1042 1312 1097 ἐν
1362 1048 1444 1116 τῷ
1494 1038 1599 1116 ϐίῳ
1638 1048 1735 1098 τοῦ
1764 1042 1927 1097 αὐτοῦ

275 1130 585 1206 Γρηγορίου
624 1134 703 1204 τῷ
735 1131 839 1186 ὐπὸ
872 1130 1146 1197 Φιλοθὲου
1177 1134 1524 1210 πατριάρχου
1574 1133 1927 1212 συγγραφὲντι

280 1219 585 1297 ἐμφέρεται.

358 1310 415 1366 Ὁ
449 1306 506 1364 δὲ
538 1310 726 1387 παρὼν
763 1309 1155 1388 φιλοπονηθεὶς
1184 1313 1334 1385 αὐτῷ
1356 1311 1548 1387 λόγος,
1579 1310 1928 1373 ὑποτύπωσις

272 1394 345 1454 ὤν
372 1399 594 1474 ἀρίστη,
649 1398 741 1455 καὶ
793 1401 970 1454 κανών
1034 1396 1268 1477 ἀκριϐὴς
1321 1404 1422 1471 τῆς
1469 1400 1523 1457 ἐν
1574 1404 1794 1477 Χριστῷ
1842 1421 1929 1456 κε·-

267 1488 593 1563 κρυμμὲνης
653 1486 911 1563 μελέτης,
969 1491 1103 1564 μετὰ
1157 1495 1267 1546 τῶν
1329 1491 1710 1564 συνεπομένων
1783 1490 1934 1562 αὐτῷ

270 1577 585 1656 κεφαλαίων
626 1624 641 1647 ,
698 1581 938 1652 νοήμασι
1013 1580 1180 1644 θείοις
1239 1581 1330 1635 καὶ
1388 1581 1719 1655 καθαρότητι
1796 1576 1933 1654 φρά-

271 1688 407 1730 σεως
467 1667 545 1733 εἷς
599 1669 662 1723 τὸ
723 1666 940 1745 ἄριστον
992 1670 1435 1744 συντεθειμένων,
1472 1667 1580 1725 ὦδε
1640 1669 1774 1744 μετὰ
1826 1673 1932 1725 τῶν

274 1756 489 1814 λοιπῶν
523 1757 1001 1833 συνηρμόσθησαν.
1044 1761 1313 1836 Χρήσιμα
1348 1760 1470 1835 γὰρ,
1506 1758 1654 1836 εἷ’περ
1686 1780 1736 1813 τι
1770 1756 1935 1828 ἄλλο,

271 1848 363 1904 καὶ
418 1847 680 1926 ἀξιόλογα
728 1854 845 1912 τοῖς
902 1849 953 1905 ἐν
1010 1852 1210 1926 βραχεῖ
1260 1849 1518 1922 συλλέξαι
1578 1848 1936 1907 ἐσπουδακόσι

272 1945 375 2009 τῆς
404 1945 781 2013 πνευματικῆς
814 1940 1143 2018 φιλοσοφίας
1170 1941 1232 1995 τὸ
1265 1939 1523 2018 θεόσοφον
1562 1940 1704 2015 μάθη
1718 1961 1812 2014 μα.

2036 700 2184 755 quas
2216 687 2455 739 sanctus
2514 682 2830 753 Gregorius
2889 678 3435 735 Thessalonicensis
3490 684 3691 749 postea

2030 772 2292 838 tradidit,
2327 772 2609 843 magister
2669 770 2778 826 fuit
2830 774 3007 840 atque
3065 768 3391 823 institutor.
3444 771 3689 824 Sacrum

2033 864 2187 919 enim
2215 862 2510 934 jejunium
2541 866 2597 916 et
2629 858 2994 931 spiritualem
3022 858 3346 913 orationem
3378 857 3688 928 docuitju-

2032 970 2235 1009 venem
2270 953 2462 1008 adhuc
2494 951 2550 1005 in
2588 950 2799 1007 saeculo
2833 951 3162 1021 degentem,
3197 948 3281 1003 uti
3312 948 3371 1002 in
3420 947 3685 1018 ejusdem

2035 1041 2294 1112 Gregorii
2312 1040 2436 1096 Vita
2480 1037 3043 1108 describitur,quam
3069 1035 3414 1091 Philotheus
3433 1034 3684 1106 patriar-

2033 1130 2146 1186 cha
2172 1129 2445 1186 exaravit.

2112 1313 2370 1369 Praesens
2402 1313 2595 1366 autem
2631 1308 2701 1364 ab
2734 1308 2858 1380 ipso
2908 1308 3207 1363 confectus
3238 1310 3327 1361 est
3373 1307 3681 1360 tractatus.

2038 1402 2369 1474 Peroptime
2402 1398 2805 1457 absconditam
2834 1398 2893 1452 in
2926 1397 3158 1452 Christo
3189 1396 3367 1451 vitam
3404 1393 3687 1449 describit

2040 1497 2097 1547 et
2126 1491 2361 1563 regulas
2395 1489 2572 1546 tradit
2619 1486 2978 1559 exquisitas:
3010 1486 3457 1555 subsequuntur
3500 1482 3693 1553 capita

2041 1581 2306 1653 quaedam
2340 1596 2467 1650 quae
2501 1576 2721 1633 sanctis
2755 1574 3060 1647 praeceptis
3100 1578 3155 1628 et
3186 1572 3477 1628 sermonis
3509 1569 3696 1626 ascesi

2042 1672 2264 1743 optime
2293 1686 2425 1725 cum
2457 1667 2700 1738 reliquis
2732 1666 3076 1738 procedunt.
3110 1667 3242 1716 Haec
3274 1662 3529 1716 maxime
3559 1663 3699 1713 sunt

2044 1760 2214 1815 utilia
2243 1763 2299 1814 et
2329 1758 2586 1830 pretiosa
2619 1754 2983 1824 hominibus,
3018 1752 3118 1824 qui
3151 1748 3482 1823 spiritualis
3506 1746 3696 1821 philo-

2046 1850 2271 1923 sophiaa'
2295 1847 2700 1904 institutiones
2732 1843 2901 1916 quasi
2933 1843 2990 1897 in
3024 1840 3370 1912 compendio
3426 1836 3698 1895 collectas

2045 1938 2375 2011 inquirunt.

281 2112 3701 2144 ____________________________________._

1262 2290 2737 2471 ΘΕΟΛΗΠΤΟΥ

963 2596 1976 2694 ΜΗΤΡΟΠΟΛΙΤΟΥ
2074 2588 3013 2691 ΦΙΛΑΔΕΛΦΕΙΑΣ

1868 2772 2099 2828 ΛΟΓΟΣ

274 2901 405 2954 ΤΗΝ
444 2900 540 2959 ΕΝ
583 2902 845 2959 ΧΡΙΣΤΩ
905 2902 1232 2959 ΚΡΥΠΤΗΝ
1287 2901 1631 2957 ΕΥΓΑΣΙΑΝ
1690 2901 2071 2969 ΔΙΑΣΑΦΩΝ,
2112 2899 2231 2953 ΚΑΙ
2273 2894 2607 2951 ΔΕΙΚΝΥΩΝ
2648 2898 2736 2947 ΕΝ
2776 2892 3037 2948 BPAXEI
3093 2890 3227 2947 ΤΟΥ
3284 2886 3696 2951 ΜΟΝΑΔῙΚΟΥ

1454 2991 1549 3047 ΕΙΙ
1569 2991 2026 3047 ᾹΓΥΕΛΜΑΤΟΣ
2081 2988 2229 3043 TOM
2282 2986 2525 3042 KOUON

1314 3331 2677 3501 THEOLEPTI

776 3594 2167 3691 PHILADELPHIENSIUM
2252 3589 3203 3689 METROPOLITXE

1772 3760 2193 3818 TRACTATUS

270 3892 371 3952 DE
427 3893 938 3955 ABSCONDITA
996 3892 1514 3954 OPERATIONE
1569 3892 1657 3954 IN
1717 3892 2056 3953 CHRISTO
2130 3892 2230 3953 ET
2315 3889 2736 3954 PROFECTU
2808 3888 2885 3950 IN

2964 3887 3151 3949 VITA
3230 3884 3697 3951 MONAS'l‘lCA.

337 4205 415 4261 Τὸ
471 4202 767 4277 μοναδικόν
818 4203 1144 4282 ἐπάγγελμα
1193 4203 1412 4282 δένδρον
1465 4206 1607 4261 ἐστὶν
1653 4205 1923 4281 ὑψίκομόν

2106 4208 2428 4264 Monastica
2459 4207 2775 4274 institutio,
2812 4205 2984 4279 quasi
3043 4205 3220 4261 arbor
3276 4203 3571 4260 altissima
3619 4221 3684 4262 es

259 4314 320 4351 τι
346 4293 437 4348 καὶ
483 4295 886 4369 γονιμώτατον,
921 4296 1019 4350 οὗκ
1066 4294 1187 4373 ῥίζα
1220 4296 1338 4369 μὶν,
1370 4299 1405 4366 ἡ
1437 4300 1545 4351 τῶν
1595 4301 1919 4370 σωματικῶν

261 4384 477 4439 πάντων
526 4383 916 4459 ἀλλοτρίωσις,
967 4382 1163 4441 κλάδοι
1219 4383 1296 4454 δὲ,
1329 4388 1364 4456 ἡ
1406 4385 1777 4463 ἀπροσπάθεια
1821 4393 1925 4457 τῆς

259 4477 475 4549 ψυχῆς,
519 4475 611 4528 καὶ
660 4475 723 4529 τὸ
788 4472 1061 4548 μηδεμίαν
1113 4474 1300 4551 σχὲσιν
1358 4476 1495 4552 πρὸς
1556 4476 1623 4531 τὰ
1677 4478 1925 4552 πράγμα-

256 4584 344 4632 τα,
378 4564 453 4617 ὢν
500 4564 597 4633 τὴν
650 4564 823 4641 φυγὴν
866 4563 1187 4637 ἐποιήσατο,
1235 4560 1405 4640 ἔχειν’
1454 4566 1663 4642 καρπὸς
1709 4563 1768 4620 δὲ
1812 4570 1920 4621 τῶν

260 4652 468 4728 ἀρετῶν
517 4655 552 4723 ἡ
601 4660 818 4722 κτῆσις,
877 4653 968 4708 καὶ
1013 4656 1048 4723 ἡ
1100 4655 1354 4717 θεοποιὸς
1406 4655 1614 4729 ἀγάπη,
1659 4656 1749 4710 καὶ
1797 4658 1831 4725 ἡ
1867 4654 1926 4710 ἐκ

256 4742 470 4797 τούτων
518 4744 592 4816 μὴ
627 4740 1034 4816 διακοπτομὲνη
1077 4742 1402 4820 εὐφροσύνη.
1440 4745 1503 4800 Ὁ
1541 4745 1750 4820 καρπὸς
1796 4746 1921 4820 γὰρ,

258 4832 441 4910 φησὶ,
498 4835 596 4886 τοῦ
653 4830 968 4904 Πνεύματός
1018 4830 1162 4887 ἐστιν
1215 4831 1419 4908 ἀγάπη,
1481 4832 1645 4909 χαρὰ,
1707 4833 1924 4905 εἰρήνη,

255 4923 348 4977 καὶ
380 4921 451 4976 τὰ
480 4921 621 4993 ἑξῆς.
654 4921 719 4977 Ἦ
766 4925 865 4975 τοῦ
910 4921 1123 4994 κόσμου
1172 4922 1314 4999 φυγὴ
1363 4923 1464 4992 τήν
1508 4923 1647 4997 πρὸς
1693 4924 1922 4998 Χριστὸν

256 5012 579 5087 καταφυγὴν
640 5009 947 5085 χαρίζεται.
1009 5009 1224 5085 Κόσμον
1268 5008 1327 5066 δὲ
1380 5012 1527 5087 Αὲγω
1582 5013 1683 5082 τήν
1734 5010 1922 5089 φιλίαν

253 5105 364 5155 τῶν
416 5100 691 5170 αἰσθητῶν
735 5098 1075 5175 πραγμάτων
1126 5100 1218 5155 καὶ
1268 5098 1484 5173 σαρκός.
1518 5102 1575 5155 Ὀ
1614 5100 1674 5156 ἐκ
1713 5100 1924 5156 τούτων

254 5188 732 5266 ἀλλοτριούμενος
783 5188 837 5245 ἐν
886 5188 1163 5265 ἐπιγνόσει
1212 5197 1312 5261 τῆς
1364 5191 1645 5263 ἀληθείας,
1689 5191 1923 5246 οἰκειοῦ-

253 5300 341 5334 ται
389 5284 472 5352 τῷ
520 5283 760 5353 Χριστῷ,
806 5279 1086 5353 κτώμενος
1121 5280 1221 5348 τὴν
1257 5279 1474 5355 ἀγάπην
1527 5280 1712 5349 αὐτοῦ,
1746 5278 1817 5335 δι’
1856 5280 1922 5349 ἢν

252 5372 465 5424 ἅπαντα
492 5368 564 5422 τὰ
591 5372 692 5423 τοῦ
737 5365 952 5442 κόσμου
1001 5367 1504 5443 ἀποποιησάμενος,
1556 5370 1649 5425 τὸν
1691 5368 1922 5424 πολύτι-

251 5480 354 5531 μον
413 5457 765 5533 μαργαρίτην
795 5502 808 5527 ,
856 5459 1123 5532 Χριστὸν,
1170 5459 1507 5531 ἐξωνησατο.
1555 5459 1788 5533 Χριστὸν
1840 5458 1921 5514 ἐν-

2035 4303 2211 4371 atque
2243 4298 2644 4365 fertilissima;
2678 4296 2873 4352 radice
2915 4313 3023 4351 sua
3054 4294 3271 4350 recedit
3303 4311 3337 4350 a
3366 4294 3696 4364 corporali-

2032 4388 2165 4455 bus,
2182 4387 2363 4444 ramis
2382 4392 2577 4443 autem
2599 4388 2669 4442 ab
2686 4386 2991 4443 affectibus
3012 4382 3496 4453 animaa,etnullo
3525 4385 3701 4440 modo

2033 4479 2211 4534 rebus
2242 4478 2500 4533 adhaeret
2532 4476 2749 4549 quibus
2810 4492 2873 4531 se
2918 4474 3230 4531 subtraxit.
3265 4473 3514 4529 Fructus
3558 4490 3697 4529 vero

2035 4567 2264 4623 arboris
2288 4567 2573 4622 virtutum
2599 4565 2930 4636 acquisitio,
2954 4565 3162 4620 divinas
3193 4563 3466 4620 videlicet
3489 4563 3693 4623 chari-

2034 4657 2171 4713 tatis
2202 4660 2258 4712 et
2288 4655 2501 4711 laetitiae
2534 4672 2841 4727 nunquam
2873 4654 3220 4710 deﬁcientis.
3245 4652 3475 4709 Dicitur
3495 4653 3649 4707 enim
3680 4669 3695 4709 :

2034 4748 2288 4821 Spiritus
2320 4749 2519 4820 fruges
2551 4751 2691 4801 sunt
2720 4743 3470 4816 charitas,gaudium,pax,
3492 4741 3700 4798 etreli-

2036 4854 2170 4909 qua.
2205 4835 2313 4901 Qui
2344 4836 2493 4908 fugit
2523 4853 2554 4890 a
2585 4834 2798 4891 saeculo
2831 4835 2902 4890 ad
2925 4833 3227 4889 Christum
3250 4830 3554 4905 confugit;
3582 4847 3694 4886 saa-

2037 4926 2237 4982 culum
2269 4925 2397 4980 dico
2428 4924 2902 4996 conjunctionem
2932 4940 3065 4978 cum
3097 4923 3273 4978 rebus
3303 4919 3693 4977 sensibilibus

2035 5020 2094 5071 et
2117 5014 2312 5070 carnis
2345 5030 2627 5071 amorem.
2664 5014 2723 5068 Si
2757 5012 2891 5084 quis
2939 5011 3201 5067 veritatis
3255 5009 3588 5083 cognitione
3618 5009 3691 5066 ab

2035 5103 2127 5159 his
2158 5102 2388 5158 alienus
2418 5105 2528 5169 est,
2557 5101 2785 5156 habitat
2804 5101 2862 5155 in
2885 5099 3140 5165 Christo,
3167 5099 3295 5171 ejus
3327 5114 3584 5155 amorem
3609 5098 3690 5154 si-

2033 5193 2091 5247 bi
2120 5191 2497 5263 comparavit,
2523 5207 2639 5263 quo
2668 5191 2865 5247 omnia
2895 5189 3101 5244 mundi
3137 5190 3348 5261 abjecit
3378 5192 3436 5245 et
3464 5189 3687 5260 pretio-

2034 5299 2159 5339 sam
2181 5282 2325 5338 emit
2348 5281 2754 5354 margaritam,
2776 5280 3077 5336 Christum
3103 5278 3434 5335 Dominum.
3460 5283 3570 5335 Per
3593 5296 3686 5335 sa-

2034 5370 2285 5426 lutarem
2319 5372 2682 5442 baptismum
2718 5369 3016 5425 Christum
3049 5369 3297 5426 induisti
3347 5374 3405 5425 et
3448 5385 3682 5424 omnem

2033 5460 2473 5515 immunditiam
2498 5460 2763 5530 abjecisti
2787 5459 2981 5516 divina
3003 5458 3379 5527 lustratione;
3404 5458 3682 5530 spiritua-

245 5547 466 5604 δέδυσαι
527 5545 618 5603 διὰ
674 5550 773 5601 τοῦ
832 5548 1106 5621 σωτηρίου
1163 5548 1574 5624 βαπτίσματος,
1636 5544 1949 5631 ὄιπεϐοἱλουΙ

2038 5551 2107 5606 lis
2127 5548 2325 5621 gratiaa
2356 5548 2729 5619 splendorem
2764 5550 3075 5620 reportasti
3104 5553 3161 5604 et
3184 5549 3494 5604 creationis
3526 5548 3687 5603 nobi-

242 5638 340 5693 τὸν
392 5637 561 5714 ῥυπον
599 5634 689 5691 διὰ
739 5640 836 5692 τοῦ
885 5638 1032 5691 Θειου
1083 5637 1340 5712 λουτροῦο
1389 5639 1488 5706 τῆς
1548 5640 1914 5711 πνευματικῆς

2038 5640 2276 5696 lilatem.
2313 5642 2412 5693 Ast
2442 5638 2582 5711 quid
2606 5639 2847 5694 evenit?
2877 5655 2979 5694 seu
3014 5638 3211 5710 potius
3245 5638 3385 5711 quid
3419 5637 3596 5693 homo
3619 5653 3688 5693 ex

246 5728 479 5802 χάριτος
534 5727 641 5797 τὴν
699 5724 1067 5802 λαμπρότητα
1114 5725 1359 5800 ἐκομίσω
1392 5772 1407 5798 ,
1454 5726 1544 5783 καὶ
1608 5728 1708 5797 τὴν
1758 5728 1911 5804 εὐγά-

2026 5727 2525 5785 inconsiderantia
2555 5744 2664 5784 sua
2694 5744 2908 5800 passus
2960 5727 3096 5784 est?
3123 5732 3370 5799 Propter
3414 5742 3677 5783 amorem

244 5836 391 5873 νειαν
441 5821 543 5889 τῆς
594 5812 869 5880 πλάσεως·
922 5812 1067 5871 ἀλλᾶ
1111 5814 1165 5871 τί
1209 5816 1432 5895 γέγονη
1482 5814 1697 5891 μᾶλλον
1752 5815 1810 5872 δὲ
1856 5817 1909 5873 τί

2038 5835 2197 5877 suum
2230 5818 2301 5875 ad
2331 5817 2631 5875 mundana
2658 5817 2994 5875 immutavit
3014 5817 3073 5873 in
3104 5833 3167 5872 se
3196 5815 3553 5873 lineamenta
3582 5815 3676 5872 di-
