4090 6400
381 377 488 434 383

1531 373 1934 430 THEOLEPTI
1973 379 2674 434 PHILADELPHIENSIS

3704 372 3807 426 384

379 504 516 559 vina
535 507 592 558 et
621 504 860 574 propter
881 499 1150 555 affectum
1176 498 1470 554 carnalem
1495 497 1808 568 imaginem
1829 501 2037 572 deper-

2157 501 2423 564 πέπονθεν
2469 503 2496 555 6
2548 497 2830 576 ἄνθρωπος
2871 496 2921 571 ἐξ
2955 492 3255 565 ἀϐουλίας;
3290 497 3387 550 Διά
3414 498 3512 565 τῆς
3553 498 3691 572 πρὸς
3716 500 3807 554 τὸν

386 593 572 648 didit:
623 592 963 664 passionum
1017 589 1247 644 turbine
1297 590 1645 644 obscuratus
1695 592 1783 644 est
1833 590 2041 645 animas

377 683 606 748 oculus,
633 697 808 752 quem
827 680 1116 748 Christus,
1134 677 1218 732 sol
1237 678 1561 749 sapientiae,
1581 678 2037 738 illuminaverat.

377 773 466 826 Tu
504 774 701 826 autem
733 768 929 824 divino
962 771 1214 822 tremore
1249 783 1590 838 percussam
1642 767 1902 823 animam
1937 769 2040 824 ha-

376 863 517 917 bes:
546 861 722 929 hujus
756 857 909 912 enim
939 857 1142 911 mundi
1169 857 1607 911 vicissitudines
1631 858 2038 914 considerasti.

380 954 438 1005 et
470 949 685 1004 mentis
718 947 1133 1002 distractiones
1183 945 1523 1001 intellexisti
1573 947 1860 1002 versantis
1892 947 2044 1002 inter

385 1038 898 1111 perturbationes;
935 1052 1048 1106 quo
1081 1035 1401 1092 vanissimo
1440 1037 1618 1106 hujus
1666 1038 1797 1093 vita:
1845 1038 2040 1094 studio

387 1129 860 1199 circumagantur
886 1126 1155 1180 homines
1213 1127 1455 1198 propius
1512 1126 1793 1182 intuendo
1833 1127 2038 1185 vulne-

384 1222 542 1273 ratos
575 1234 642 1272 ex
667 1215 866 1287 jaculo
897 1220 953 1271 et
986 1215 1053 1270 ad
1081 1214 1574 1286 tranquillitatem
1598 1221 1652 1271 te
1677 1217 2036 1273 convertisti.

385 1307 598 1363 Mentis
631 1313 687 1361 et
718 1306 1142 1377 cogitationum
1199 1306 1456 1376 quietem
1511 1305 1879 1373 desiderasti,
1912 1323 2038 1362 ver-

382 1397 522 1452 bum
550 1396 708 1452 enim
733 1395 1040 1450 audieras:
1067 1418 1094 1444 «
1123 1396 1355 1465 lnquire
1384 1411 1584 1465 pacem
1613 1399 1668 1449 et
1691 1412 2037 1467 persequere

382 1503 510 1542 eam
545 1489 586 1538 ¹.
618 1508 646 1535 ››
680 1485 1071 1556 Refrigerium
1103 1485 1208 1539 tibi
1242 1485 1393 1537 inter
1423 1488 1554 1537 vota
1614 1485 1746 1550 fuit,
1780 1500 1912 1540 cum
1967 1486 2038 1540 le-

386 1575 577 1648 gisses
636 1591 648 1628 :
701 1596 728 1624 ‹‹
786 1576 1142 1642 Convertere,
1204 1571 1403 1627 anima
1463 1589 1612 1640 mea,
1665 1573 1723 1627 in
1780 1574 2033 1644 requiem

385 1669 548 1720 tuam
581 1664 620 1717 ².
658 1685 685 1712 ››
718 1663 898 1726 Quam
934 1663 1115 1733 igitur
1148 1662 1205 1715 in
1241 1662 1596 1733 baptismate
1630 1663 1900 1733 recepisti
1933 1680 2032 1717 no-

385 1753 676 1808 bilitatem
713 1751 1013 1822 intelligis,
1049 1755 1303 1806 mentem
1340 1769 1371 1806 a
1403 1751 1781 1806 saacularibus
1815 1753 2032 1808 deside-

2148 586 2353 664 κόσμον
2389 589 2576 665 φιλίας
2599 587 2882 661 ἠλλοίωσε
2911 587 3038 649 τοὺς
3092 587 3266 651 θείους
3315 589 3690 662 χαρακτῆρας,
3723 587 3812 645 διὰ

2146 686 2249 748 τῆς
2293 679 2428 754 πρὸς
2476 681 2574 748 τήν
2628 678 2797 754 σάρκα
2846 675 3180 749 συμπαθείας
3228 675 3506 751 ἠχρείωσε
3535 677 3633 745 τὴν
3667 677 3813 732 εἰκό-

2146 790 2232 824 να.
2287 771 2321 838 ἡ
2369 767 2547 842 ἀχλὺς
2593 773 2700 823 τῶν
2755 767 3012 840 ἐμπαθῶν
3067 763 3357 840 λογισμῶν
3403 765 3703 839 ἠμαύρωσε
3748 768 3812 822 τὸ

2146 865 2244 927 τῆς
2292 861 2476 932 ψυχῆς
2529 856 2817 930 ἔσοπτρον,
2861 854 2931 910 δι’
2981 855 3041 908 οὗ
3073 854 3309 928 Χριστὸς
3343 855 3370 910 ὁ
3401 855 3596 924 νοητὸς
3646 855 3811 923 ἥλιος

2146 947 2512 1024 ἐμφανίζεται.
2543 945 2617 999 Συ
2635 951 2714 1017 τῶ
2736 948 2830 998 τοῦ
2863 948 2996 998 Θεοῦ
3020 938 3176 1021 φόϐῳ
3206 945 3305 1013 τήν
3335 945 3521 1018 ψυχὴν
3550 945 3814 1016 παθήλω·

2147 1057 2264 1107 σας,
2297 1035 2534 1112 ἐπέγνως
2562 1036 2654 1090 τὸν
2691 1033 2995 1107 σκοτασμὸν
3035 1040 3135 1102 τῆς
3177 1040 3452 1105 κοσμικῆς
3489 1033 3817 1107 ἀνωμαλίας

2144 1133 2381 1195 συνῆκας
2429 1125 2521 1180 τὸν
2575 1123 2634 1179 ἐκ
2679 1129 2787 1179 τῶν
2833 1118 3082 1198 θορύϐων
3152 1123 3517 1198 συναγόμενον
3581 1128 3650 1199 τῇ
3697 1123 3813 1180 δια-

2143 1214 2263 1285 νοίᾳ
2306 1213 2669 1290 σκορπισμόν·
2723 1214 2967 1287 ἑώρακας
3015 1211 3106 1266 τὸν
3161 1211 3220 1266 ἐκ
3261 1215 3359 1267 τοῦ
3408 1211 3815 1292 πολυταράχου

2149 1307 2268 1382 βίου
2334 1310 2674 1360 συναντῶντα
2716 1309 2832 1366 τοῖς
2881 1303 3194 1379 ἀνθρώποις
3257 1301 3482 1376 μάταιον
3543 1325 3812 1380 περισπα-

2146 1396 2305 1468 σμόν·
2340 1396 2585 1470 ὀτρώθης
2616 1399 2696 1466 τῶ
2731 1391 2880 1470 βέλει
2927 1390 3024 1448 τοῦ
3061 1392 3198 1447 κατὰ
3244 1393 3343 1460 τὴν
3377 1393 3614 1466 ἡσυχίαν
3665 1392 3813 1469 ἔρως

2142 1503 2256 1546 τος·
2319 1484 2587 1554 ἐζήτησας
2624 1484 2724 1552 τὴν
2787 1482 3012 1557 εἰρήνην
3068 1485 3174 1536 τῶν
3237 1479 3548 1556 λογισμῶν·
3612 1480 3815 1555 ἔμαθες

2142 1575 2267 1649 γάρ·
2327 1598 2346 1624 α
2386 1575 2630 1643 Εήτησον
2687 1571 2941 1646 εἰρήνην,
2991 1571 3080 1625 καὶ
3131 1567 3323 1640 δίωξον
3376 1570 3566 1640 αὐτήν.
3602 1593 3629 1622 n
3678 1571 3812 1626 ἐπό-

2145 1674 2311 1733 θησας
2367 1663 2465 1730 τὴν
2547 1661 2743 1716 ἐκεῖθεν
2822 1659 3118 1715 ἀνάπαυσιν
3157 1703 3170 1728 ,
3241 1656 3428 1729 ἐπειδὴ

2143 1776 2170 1803 ‹‹
2207 1750 2589 1826 Ἐπίστροφον,
2635 1752 2788 1824 ψυχή
2846 1771 2973 1822 μου,
3023 1748 3101 1812 εἷς
3137 1755 3236 1817 τῆν
3285 1748 3580 1804 ἀνάπαυσίν
3625 1771 3742 1807 σου.
3776 1773 3810 1806 υ

3517 1657 3759 1729 ἤκουσας
3794 1680 3806 1693 ·

387 1840 489 1896 riis
524 1857 759 1896 revocas
790 1845 846 1896 et
875 1839 1276 1894 indesinenter
1299 1841 1368 1894 ad
1405 1845 1636 1894 sanctas
1672 1842 1850 1894 refers
1875 1841 2032 1913 cogi-

2146 1842 2239 1895 Διά
2268 1845 2398 1916 γοῦν
2448 1844 2619 1894 ταῦτα
2662 1845 2750 1894 καί
2813 1838 3082 1909 διενοήσω
3131 1840 3229 1908 τήν
3273 1836 3564 1914 εόγένειαν,
3597 1839 3664 1909 ἥν
3697 1841 3810 1894 ἀπ-

383 1931 657 1986 tationes.
693 1931 770 1983 Ad
806 1931 1018 1985 mentis
1050 1946 1197 2000 opus
1231 1929 1656 2000 perﬁciendum
1711 1930 1906 1985 aulam
1942 1931 2029 1984 in-

383 2019 597 2090 troisti,
633 2019 919 2091 pretiosas
952 2018 1193 2073 induisti
1228 2017 1581 2089 poenitentiae
1615 2025 1822 2088 vestes,
1857 2024 1914 2074 et
1945 2037 2033 2088 ge-

385 2125 588 2164 nerose
616 2107 829 2178 jurasti
861 2109 928 2163 ad
965 2113 1211 2162 mortem
1260 2125 1446 2179 usque
1477 2109 1536 2162 in
1590 2109 1945 2163 monasterio
1980 2117 2033 2163 te

387 2201 899 2269 perseveraturum
960 2212 1112 2253 esse.
1174 2197 1506 2252 Secundum
1569 2198 1694 2268 jam
1763 2199 2032 2269 adjiciam

381 2285 852 2355 incitamentum,
890 2285 1044 2356 quod
1078 2286 1143 2340 ad
1176 2285 1351 2339 finem
1386 2285 1564 2356 hujus
1604 2287 1731 2340 vitae
1789 2287 2029 2355 tendat;

386 2375 642 2446 primum
677 2376 830 2429 enim
863 2378 1208 2446 praesentem
1241 2373 1417 2428 vitam
1475 2381 1827 2446 respexerat.
1865 2376 2032 2430 Initio

383 2469 624 2536 propter
657 2463 928 2536 pietatem
963 2463 1262 2519 accessisti
1297 2464 1366 2518 ad
1399 2465 1899 2532 Christum,nunc
1931 2481 2034 2520 au—

384 2558 500 2607 tem
538 2570 640 2624 per
669 2570 950 2608 sensuum
983 2554 1423 2608 conversionem
1480 2555 1852 2625 conjungeris
1900 2572 2032 2610 cum

380 2642 642 2710 Christo;
668 2642 747 2697 ibi
769 2641 1017 2714 gratiam
1042 2642 1878 2715 invenisti,hicobligationem
1904 2662 2035 2700 con-

380 2731 646 2798 traxisti;
678 2736 816 2785 tunc
852 2731 1054 2800 junior
1074 2748 1201 2786 eras
1233 2738 1289 2786 et
1319 2737 1656 2803 susceptam
1688 2734 2032 2805 dignitatem

384 2820 692 2893 ignorasti,
727 2820 836 2875 etsi
885 2825 1088 2892 postea
1145 2822 1333 2891 major
1383 2822 1639 2876 evaseris
1691 2828 1748 2877 et
1803 2825 2033 2879 noveris

381 2909 515 2966 doni
544 2909 795 2981 pretium
831 2913 1004 2980 atque
1045 2909 1128 2963 ori
1163 2909 1390 2964 frenum
1454 2911 1842 2982 imposueris;
1879 2930 2035 2968 nunc

387 3002 583 3054 autem
609 2998 668 3052 in
703 2998 954 3068 perfecta
986 3003 1107 3053 stas
1141 2999 1608 3054 consideratione
1639 3005 1694 3054 et
1723 3001 1838 3054 vim
1872 3001 2036 3056 insti-

383 3087 631 3142 tutionis
662 3090 1023 3159 perspectam
1057 3087 1257 3142 habes.
1292 3087 1442 3143 Vide
1500 3105 1572 3143 ne
1625 3093 1846 3145 statum
1877 3090 2034 3146 hunc

382 3175 583 3240 laedas,
616 3180 672 3230 et
704 3175 1204 3247 quemadmodum
1241 3192 1340 3232 vas
1371 3177 1611 3232 omnino
1651 3179 2030 3250 perfractum,

383 3263 715 3338 projiciaris
748 3265 805 3319 in
837 3264 1107 3320 tenebras
1129 3265 1464 3333 exteriores,
1488 3266 1588 3321 ubi
1624 3272 1713 3322 est
1759 3268 1950 3324 luctus
1980 3274 2034 3325 et

389 3355 608 3410 stridor
637 3353 1182 3422 dentium;etenim
1229 3360 1389 3410 extra
1445 3356 1801 3428 poenitentiae
1856 3358 2032 3425 viam,

386 3443 551 3499 nulla
583 3444 756 3498 datur
777 3443 1010 3514 semita,
1035 3460 1162 3515 quae
1187 3445 1255 3499 ad
1283 3444 1527 3500 salutem
1553 3447 1864 3502 conducat.
1893 3449 2032 3502 Audi

383 3533 567 3588 David
623 3533 948 3588 dicentem:
985 3557 1011 3582 ‹‹
1057 3534 1120 3587 In
1178 3533 1479 3590 Altissimo
1537 3552 1687 3606 pone
1743 3537 2035 3608 refugium

379 3625 552 3677 tuum
573 3622 628 3676 ιι
656 3642 684 3671 ››
717 3621 926 3676 deinde
958 3622 1007 3677 si
1035 3623 1442 3679 contristatam
1475 3625 1532 3679 in
1565 3625 1798 3682 Christo
1855 3627 2037 3683 vitam

385 3711 806 3782 assumpseris.
839 3713 907 3765 ad
936 3717 990 3766 te
1043 3729 1345 3783 nunquam
1395 3717 1674 3770 accedent
1707 3716 1880 3785 mala,
1913 3734 2037 3786 quae

382 3816 451 3855 ex
483 3798 745 3854 saeculari
804 3800 1242 3856 conversatione
1298 3807 1626 3874 emergunt.
1660 3804 1801 3860 Cum
1853 3805 2040 3876 poeni-

382 3887 578 3944 tentiae
601 3887 757 3943 viam
781 3891 1178 3962 persequaris,
1200 3908 1313 3947 non
1337 3896 1392 3948 te
1419 3893 1792 3950 insectabunt
1841 3911 1972 3950 reru
1989 3911 2036 3949 Γ.

384 3977 620 4049 cupido,
655 3995 759 4032 nec
789 3978 1031 4050 delicia),
1063 3996 1169 4035 nec
1191 3981 1462 4048 honores,
1489 4000 1592 4038 nec
1615 3983 1815 4038 formae
1845 3983 2039 4038 cultus

387 4083 576 4138 neque
608 4082 889 4122 sensuum
924 4069 1348 4126 incontinentia
1375 4090 1389 4141 ;
1417 4072 1518 4126 tibi
1549 4073 1779 4128 obviam
1808 4091 1922 4128 non
1947 4074 2041 4126 de-

388 4156 624 4212 venient
656 4156 874 4229 iniquaa
896 4158 1138 4230 spiritus
1162 4159 1464 4225 elationes,
1481 4163 1690 4217 mentis
1709 4163 2038 4234 captivitas,

383 4263 668 4302 vanarum
710 4249 1129 4320 cogitationum
1193 4251 1519 4318 conflictus,
1555 4268 1659 4306 nec
1717 4251 1828 4307 alia
1885 4270 2039 4324 quaa-

390 4350 622 4406 cunquc
654 4335 983 4391 voluntaria
1013 4336 1258 4392 rationis
1289 4339 1582 4409 perversio
1604 4340 1722 4395 sive
1752 4342 2039 4412 confusio;

385 4428 445 4480 te
504 4431 833 4495 parentum,
871 4427 1139 4497 fratrum,
1191 4430 1662 4498 conjunctorum,
1717 4434 2038 4490 amicorum

389 4517 448 4568 et
478 4519 906 4570 coaetaneorum
950 4515 1219 4571 amicitiae
1271 4535 1384 4574 non
1438 4522 1821 4591 perturbant;
1855 4540 2044 4596 neque

2138 1928 2330 1990 ἔλαϐες
2379 1929 2430 1983 ἐν
2481 1933 2561 2001 τῷ
2609 1929 2943 2004 βαπτίσματι
2994 1929 3128 1982 κατὰ
3176 1929 3364 2002 χάριν⁹
3417 1923 3695 1983 ἀπεϐάλου
3751 1927 3812 1985 δὶ

2138 2019 2274 2074 κατὰ
2313 2041 2539 2094 γνωμην
2593 2017 2681 2073 διὰ
2724 2023 2830 2074 τῶν
2883 2019 3073 2072 παθῶν
3117 2016 3167 2072 ἐν
3209 2021 3290 2089 τῷ
3337 2017 3553 2091 κόσμῳ,
3601 2019 3810 2074 ἀνακα-

2140 2106 2392 2172 λέσασθαι
2427 2106 2621 2180 ἀμέλει
2672 2105 2759 2162 διὰ
2805 2107 2903 2175 τὴν
2955 2108 3157 2182 ἀγαθὴν
3207 2107 3462 2182 γνώμην·
3515 2106 3590 2169 εἷς
3639 2105 3807 2182 ἔργον

2140 2193 2388 2270 ἐξέϐαλες
2432 2203 2510 2269 τῷ
2556 2198 2687 2273 ἱερῷ
2736 2195 3140 2274 φροντιστηρίῳ
3187 2190 3548 2270 παραϐαλὼν,
3597 2197 3689 2251 καὶ
3738 2198 3810 2252 τὰ

2137 2292 2278 2360 τίμα
2312 2295 2411 2356 τῆς
2464 2288 2749 2360 μετανοίας
2791 2285 2968 2363 ἄμφια
3014 2280 3514 2359 περιϐαλλόμενος,
3555 2287 3643 2341 καὶ
3695 2288 3804 2354 τὴν

2144 2379 2309 2452 μέχρι
2345 2379 2572 2431 θανάτου
2621 2378 2934 2449 καταμονὴν
2987 2376 3037 2428 ἐν
3093 2380 3170 2446 τῷ
3219 2374 3572 2447 μοναστηρίῳ
3618 2374 3806 2448 ἐμψύ-

2140 2487 2256 2542 χως
2310 2465 2424 2539 [ἷ’ς.
2484 2466 2777 2541 εὐψύχως]
2833 2463 3314 2540 ἐπαγγειλάμενος·
3385 2462 3632 2538 δευτέραν
3687 2463 3805 2536 ἤδη

2139 2559 2413 2626 συνθήκην
2466 2556 2601 2629 πρὸς
2652 2555 2780 2609 Θεὸν
2826 2553 3111 2624 ἐποιήσω,
3158 2555 3256 2622 τὴν
3308 2554 3534 2627 πρώτην
3585 2553 3663 2615 εἰς
3704 2555 3806 2609 τὸν

2139 2647 2382 2722 παρόντα
2443 2645 2560 2722 βίον
2609 2644 3036 2721 εἰσερχόμενος,
3095 2644 3193 2712 τὴν
3257 2640 3504 2718 δευτέραν
3555 2644 3691 2718 πρὸς
3742 2645 3810 2699 τὸ

2137 2736 2295 2799 τέλος
2340 2741 2438 2790 τοῦ
2487 2736 2758 2811 παρόντος
2813 2735 2934 2808 βίου
2985 2734 3357 2810 ἐπειγόμενος.
3390 2733 3526 2791 Τότε
3576 2731 3667 2788 διὰ
3704 2737 3812 2799 τῆς

2140 2821 2414 2888 εὐσεϐείας
2468 2830 2547 2897 τῷ
2607 2829 2827 2900 Χριστῷ
2903 2822 3291 2901 προσελήφθης
3328 2866 3341 2892 ,
3399 2827 3486 2877 νῦν
3558 2819 3648 2877 διὰ
3715 2844 3812 2896 με·

2137 2917 2355 2978 τανοίας
2380 2916 2459 2988 τῷ
2513 2919 2730 2991 Χριστῷ
2773 2914 3226 2991 πφεσηρμόσθης·
3261 2912 3374 2967 ἐκεῖ
3418 2913 3580 2986 χάριν
3631 2909 3809 2987 εὗρες,

2141 3003 2247 3060 ὦδε
2297 3006 2478 3081 χρέως
2537 3004 2777 3068 συνέθου·
2858 3004 2982 3058 τότε
3039 3002 3358 3073 νηπιάζων,
3407 3005 3503 3056 τοῦ
3555 2998 3811 3066 δοθέντος

2141 3118 2228 3151 σοι
2275 3096 2584 3169 ἀξιώματος
2633 3093 2732 3149 οὐκ
2787 3095 3083 3165 ἡσθάνθης,
3131 3091 3181 3147 εἴ
3228 3091 3316 3146 καὶ
3366 3091 3586 3167 ὕστερον
3633 3091 3804 3165 αὐξη-

2143 3188 2252 3249 θεὶς
2287 3187 2350 3240 τὸ
2389 3185 2614 3261 μέγεθος
2643 3181 2814 3260 ἔγνως
2859 3190 2958 3253 τῆς
2993 3181 3226 3259 δωρεᾶς,
3277 3183 3363 3238 καὶ
3425 3181 3652 3256 χαλινὸν
3708 3181 3797 3236 ἐπὶ

2145 3275 2414 3350 στόματος
2472 3274 2669 3352 φέρεις·
2730 3277 2846 3342 νῦν,
2907 3271 2958 3327 ἐν
3012 3270 3209 3345 τελείῳ
3263 3274 3577 3345 φρονήματι
3625 3269 3796 3325 διατε-

2143 3365 2280 3434 λῶν,
2328 3366 2429 3434 τὴν
2481 3362 2708 3437 δύναμιν
2757 3366 2854 3432 τῆς
2901 3366 3170 3437 συνταγῆς
3219 3361 3622 3436 ἐπιγινώσκεις.
3662 3362 3802 3433 “Ορα

2149 3457 2224 3528 μὴ
2284 3455 2372 3509 καὶ
2430 3455 2632 3524 ταύτην
2700 3452 2965 3523 ἀθετήσας
3025 3452 3122 3520 τὴν
3183 3450 3502 3525 ὐπόσχεσιν,
3558 3448 3800 3524 καθάπερ

2144 3566 2195 3599 τι
2254 3549 2448 3606 σκεῦος
2507 3538 2786 3618 συντριϐὲν
2839 3540 3190 3617 ὁλοκλήρως,
3249 3541 3562 3618 ἀποῤῥιφῆς
3611 3545 3688 3601 εἷς
3741 3539 3806 3594 τὸ

2147 3633 2336 3695 σκότος
2392 3635 2454 3688 τὸ
2486 3632 2768 3706 ἐξώτερον,
2823 3630 2946 3687 ἔνθα
2976 3633 3004 3686 6
3032 3630 3315 3703 κλαυθμὸς
3362 3631 3450 3686 καὶ
3494 3632 3522 3684 6
3559 3629 3810 3704 βρυγμὸς

2143 3729 2252 3779 τῶν
2282 3721 2540 3778 ὀδόντων·
2577 3720 2708 3797 δίχα
2734 3723 2836 3797 γάρ
2877 3729 2979 3791 τῆς
3023 3723 3159 3776 κατὰ
3203 3721 3302 3787 τὴν
3358 3718 3644 3792 μετάνοιαν
3676 3716 3814 3772 ὁδοῦ

2147 3812 2294 3884 όίλλη
2326 3807 2517 3890 τρίϐος
2550 3811 2892 3886 ἐπανάγουσα
2939 3811 3077 3887 πρὸς
3123 3809 3393 3884 σωτηρίαν
3441 3809 3503 3863 ὀύ
3552 3807 3816 3884 πέφυκεν.

2146 3904 2414 3957 ’Ἄκουσον
2448 3901 2499 3956 τί
2543 3922 2626 3956 σοι
2661 3895 2827 3955 Δαϐἱδ
2879 3898 3296 3976 ἐπαγγέλλεται·
3333 3923 3361 3950 ‹‹
3395 3897 3500 3955 Τὸν
3549 3898 3814 3970 Ὕψιστον

2149 3989 2272 4046 ἔθου
2303 3993 2655 4068 κατασφυγήν
2683 4011 2798 4062 σου,
2826 4012 2854 4041 ››
2886 3991 2973 4044 καὶ
3009 3989 3054 4043 εἰ
3078 3991 3176 4057 τὴν
3207 3987 3343 4043 κατά
3368 3986 3599 4062 Χριστὸν
3629 3986 3821 4059 προεί-

2152 4080 2254 4136 λου
2283 4079 2654 4153 τεΟλιμμένην
2692 4081 2857 4149 ζωὴν,
2888 4079 2949 4134 οὐ
2973 4076 3391 4155 προσελεύσεται
3421 4075 3562 4151 πρὸς
3592 4076 3651 4130 σὶ
3669 4076 3818 4130 κακὰ

2149 4171 2215 4225 τά
2244 4169 2303 4224 ἐκ
2328 4177 2429 4240 τῆς
2460 4175 2731 4242 κοσμικῆς
2763 4169 3105 4246 ἀναστροφῆς
3143 4165 3511 4243 προσδοθέντα
3541 4186 3646 4222 σοι.
3681 4165 3814 4241 Οὐχ

2150 4257 2336 4333 ἕψεταί
2397 4279 2480 4313 σοι
2545 4262 2825 4331 μετανοεῖν
2900 4255 3210 4334 αἱρουμένῳ
3271 4255 3407 4328 ἔρως
3476 4256 3820 4332 χρημάτων,

2150 4349 2351 4426 τρυφὴ,
2405 4348 2566 4420 τιμὴ,
2627 4345 3048 4420 καλλωπισμὸς,
3083 4345 3313 4423 ἀκρασία
3363 4345 3690 4416 αἰσθήσεων·
3743 4347 3819 4402 οὐ

2155 4435 2476 4510 διαμενοῦσι
2533 4435 2843 4512 παράνομοι
2913 4435 3191 4492 κατέναντί
3263 4457 3360 4491 σου
3440 4435 3822 4510 μετεωρισμοὶ

2155 4525 2415 4594 διανοίας,
2449 4523 2812 4602 αἶ’χμαλωσία
2842 4528 2990 4596 νοὸς,
3042 4526 3320 4602 χαύνωσις
3357 4521 3822 4602 ἀλλεπαλλήλων

389 4603 716 4676 defatigant
746 4610 800 4659 te
832 4605 1181 4677 intempesta
1213 4613 1270 4662 et
1326 4609 1551 4665 inutilis
1600 4615 1936 4684 conjunctio
1986 4621 2037 4670 et

2152 4616 2452 4693 λογισμφν,
2486 4599 2576 4669 καὶ
2635 4614 2780 4686 ’ἄλλη
2843 4622 2988 4671 πᾶσα
3044 4599 3291 4678 ἐκούσιος
3345 4614 3670 4690 παρατροπὴ
3720 4599 3822 4668 καὶ

390 4693 813 4750 confabulatio.
848 4694 1033 4758 Quam
1066 4696 1114 4751 si
1147 4698 1432 4754 amoveris
1464 4703 1724 4772 corporis
1757 4708 1813 4760 et
1833 4705 2043 4760 animae

387 4784 846 4855 scparationem,
881 4801 1070 4857 neque
1101 4786 1316 4844 doloris
1376 4793 1749 4861 compunctio
1808 4796 2045 4850 accedet

389 4873 458 4928 ad
494 4873 753 4929 animam
789 4878 976 4942 tuam,
1003 4890 1194 4947 neque
1216 4878 2041 4950 tristitiznjaculumcortuum

390 4963 706 5034 confodiet,
740 4979 931 5035 neque
956 4965 1205 5036 dejectio
1231 4967 1604 5025 obnubilabit
1628 4972 1831 5027 faciem
1856 4978 2041 5029 tuam.

391 5050 500 5114 Qui
536 5068 597 5106 se
631 5069 664 5106 a
697 5054 982 5122 jucundis
1040 5056 1346 5111 retrahunt
1403 5061 1930 5118 consuetudinibus
1987 5070 2046 5120 et

393 5155 622 5194 omnem
649 5143 913 5197 affectum
938 5145 1005 5198 ad
1029 5145 1306 5214 praedicta
1327 5147 1652 5218 deponunt,
1670 5148 1889 5206 doloris
1911 5169 2045 5207 acu-

393 5228 552 5283 mina
595 5230 974 5299 obtundunt;
1009 5233 1278 5290 Christus
1323 5237 1686 5292 certantibus
1732 5239 2044 5296 animabus

391 5318 607 5384 adstat,
643 5319 1044 5392 gaudiumque
1104 5323 1398 5378 ineffabile.
1439 5335 1492 5380 et.
1542 5326 1846 5396 spirituale
1885 5331 2044 5385 cordi

391 5421 592 5460 eorum
628 5408 905 5476 infundit,
928 5411 1084 5464 itaut
1105 5428 1210 5466 nec
1233 5431 1264 5467 a
1288 5415 1464 5468 rebus
1485 5415 1665 5486 hujus
1687 5419 1893 5472 mundi
1917 5437 2043 5490 per-

391 5497 573 5566 gratis
595 5512 786 5566 neque
809 5497 1211 5570 affligentibus
1235 5502 1516 5558 devinciri
1556 5506 1804 5576 possint.
1831 5508 2044 5564 Sancta

460 5712 476 5744 ¹
515 5709 538 5764 Ι
571 5708 719 5766 Petr.
756 5726 795 5782 ι,
826 5711 881 5766 2.
959 5713 982 5748 ³
1007 5712 1160 5770 Psal.
1196 5730 1347 5787 σειν,
1378 5717 1434 5773 7.
1513 5719 1532 5753 ³
1564 5719 1696 5777 Psal
1723 5738 1810 5794 xc,
1843 5723 1896 5778 9.

2154 4705 2438 4780 σύγχυσις·
2493 4702 2619 4760 οὐδὲ
2677 4705 2834 4782 φιλία
2888 4704 3251 4782 γεννητόρων,
3307 4702 3578 4782 ἀδελφῶν,
3625 4723 3826 4779 συγγε-

2153 4800 2281 4866 νῶν,
2310 4793 2510 4872 φίλων,
2543 4796 2631 4850 καὶ
2659 4798 2905 4866 συνήθων
2953 4796 3257 4850 συναντέσει
3291 4813 3396 4848 σοι·
3452 4791 3578 4848 οὐδὲ
3608 4795 3642 4861 ἡ
3673 4791 3826 4867 πρὸς

2151 4885 2380 4948 τούτους
2413 4884 2637 4960 ἄκαιρος
2674 4886 2764 4940 καὶ
2817 4884 3115 4956 ἀσυντελης
3169 4881 3432 4959 συντυχία
3480 4883 3569 4938 καὶ
3617 4880 3824 4955 ὁμιλία

2153 4977 2478 5050 παροικήσει
2540 4975 2589 5028 ἐν
2638 4974 2741 5029 σοί.
2789 4974 2853 5029 Εἰ
2881 4973 3059 5047 τούτῳ
3104 4975 3203 5044 τὴν
3264 4974 3542 5047 ἀποταγήν
3602 4972 3822 5046 ἀγαπή-

2155 5086 2264 5127 σεις
2319 5065 2531 5137 σώματι
2581 5063 2669 5119 καὶ
2701 5064 2882 5139 ψυχῇ,
2942 5064 3132 5138 μάστιξ
3186 5060 3387 5134 ὀδύνης
3415 5062 3514 5117 οὐκ
3559 5061 3733 5138 ἐγγιεῖ
3761 5061 3818 5116 ἐν

2153 5159 2221 5228 τῇ
2269 5157 2423 5230 ψυχῇ
2472 5176 2593 5222 σου,
2629 5154 2716 5208 καὶ
2767 5153 2948 5220 λύπης
2997 5153 3158 5230 βέλος
3208 5153 3270 5208 ού
3315 5152 3511 5229 τρώσέι
3562 5153 3660 5220 τὴν
3712 5153 3814 5220 σὴν

2156 5241 2400 5318 καρδίαν,
2427 5240 2555 5298 οὐδὲ
2584 5245 2645 5297 τὸ
2673 5245 2763 5298 σὸν
2813 5243 3190 5317 σκυθρωπάσει
3223 5244 3541 5318 πρόσωπον.
3595 5243 3658 5296 Οἱ
3708 5243 3816 5315 γὰρ

2157 5329 2418 5400 ἐνηδόνου
2449 5331 2732 5402 συνηθείας
2770 5328 3242 5405 ἀποδιιστάμενοι,
3294 5331 3383 5386 καὶ
3428 5333 3528 5402 τήν
3570 5332 3708 5406 πρὸς
3749 5331 3824 5385 τὰ

2155 5421 2416 5493 εἰρημένα
2461 5423 2633 5475 πάντα
2689 5419 3055 5495 προσπάθειαν
3115 5421 3490 5493 ἀπωσάμενοι,
3549 5420 3642 5482 τὰς
3701 5419 3823 5474 ἀκί-

2157 5507 2248 5571 δας
2273 5516 2374 5578 τῆς
2416 5509 2599 5580 λύπης
2648 5505 3051 5584 ἀμϐλύ-ἠουσιν·
3089 5511 3116 5564 6
3147 5509 3378 5585 Χριστὸς
3419 5509 3522 5585 γὰρ
3571 5513 3640 5583 τῇ
3679 5509 3822 5583 ἀγω-
