4090 6416
283 403 397 461 385

1230 408 1326 461 DE
1363 404 1820 461 ABSCONDITA
1855 394 2320 457 OPRRATIONE
2359 403 2437 458 IN
2471 403 2782 460 CHRISTO

3601 411 3706 467 386

279 530 546 603 νιζομένῃ
592 531 749 604 ψυχῇ
800 527 1168 606 ἐμφανίζεται,
1202 529 1293 584 καὶ
1353 528 1527 605 χαρὰν
1563 523 1932 596 ἀνεκλάλητον

2051 526 2206 582 enim
2247 527 2542 596 exercitia,
2567 527 2852 586 salutares
2893 531 3351 599 recordationes;
3395 534 3578 591 divini
3609 553 3702 593 co-

281 617 515 693 παρέχει
547 621 617 692 τῇ
649 616 866 693 καρδίᾳ,
897 618 985 673 καὶ
1016 620 1115 688 τήν
1143 619 1517 693 πνευματικὴν
1568 617 1740 693 χαρὰν
1789 613 1940 670 οὐδὲν

282 712 391 762 τῶν
443 707 505 762 ἐκ
549 712 648 762 τοῦ
692 707 910 781 κόσμου
957 712 1228 782 τερπνῶν,
1343 705 1553 779 δεινῶν,
1587 705 1756 781 αἶ’ρειν
1812 705 1945 759 ποτε

285 794 514 851 δύναται
549 815 562 830 ⁹
600 794 823 870 μελέται
855 797 958 874 γὰρ
990 797 1206 872 ἀγαθαὶ,
1239 798 1331 852 καὶ
1383 793 1754 871 σωτηριώδεις
1806 799 1943 867 μνῆ-

287 908 408 959 μαι,
440 886 531 940 καὶ
581 891 699 950 θεῖα
760 883 1121 959 διανοήματα,
1154 885 1243 941 καὶ
1305 885 1464 961 λόγοι
1523 884 1714 960 σοφίας
1760 881 1943 938 διακο-

281 980 502 1038 νοῦντες
552 980 632 1048 τῷ
681 977 982 1050 ἀγωνιστῇ,
1018 973 1473 1052 διαφυλάττουσιν
1525 974 1684 1030 αὐτὸν
1735 973 1785 1027 ἐν
1840 970 1943 1026 πά-

281 1086 399 1127 σαις
454 1070 574 1126 ταῖς
628 1062 778 1127 ὁδοῖς
825 1069 931 1119 τῶν
976 1065 1113 1120 κατὰ
1161 1065 1289 1120 Θεὸν
1344 1059 1517 1140 ἔργων
1565 1064 1748 1118 αὐτοῦ.
1782 1063 1940 1124 Ὅθεν

284 1159 371 1210 καὶ
422 1150 693 1208 ἐπιϐαίνει
745 1153 833 1209 ἐπὶ
887 1160 1058 1209 πᾶσαν
1111 1153 1314 1229 ἄλογον
1370 1153 1682 1226 ἐπιθυμίαν,
1713 1151 1801 1206 καὶ
1852 1154 1944 1206 θυ-

299 1247 392 1318 μὸν
440 1251 717 1318 προπετῆ,
769 1244 1010 1317 καθάπερ
1065 1243 1153 1299 ἐπὶ
1205 1241 1405 1299 ἀσπίδα
1452 1245 1541 1298 καὶ
1603 1241 1941 1318 βασιλίσκον,

287 1335 369 1389 καί
404 1336 710 1388 καταπάτεῖ
739 1334 813 1396 ὡς
847 1331 1038 1389 λέοντα
1086 1335 1186 1403 τὴν
1241 1333 1428 1409 ὀργῆν,
1453 1333 1542 1387 καὶ
1592 1335 1694 1402 τὴν
1737 1329 1942 1400 ἡδονὴν

284 1423 358 1483 ὡς
389 1420 680 1497 δράκοντα.
711 1423 775 1478 Ἡ
810 1420 867 1476 δὲ
896 1421 1064 1494 αῗτία,
1099 1421 1180 1476 ὅτι
1235 1427 1406 1476 πᾶσαν
1457 1421 1557 1489 τήν
1603 1417 1801 1474 ἐλπίδα
1845 1420 1946 1474 αύ-

280 1516 402 1581 τοῦ,
436 1511 544 1566 ἀπὸ
602 1515 711 1565 τῶν
772 1511 1075 1586 ἀνθρώπων
1132 1509 1220 1566 καὶ
1280 1515 1388 1564 τῶν
1437 1509 1739 1584 εἰρημένων
1772 1529 1944 1584 πραγ-

287 1599 478 1674 μάτων
526 1601 862 1671 ἀποστήσας,
911 1605 990 1672 τῷ
1046 1604 1161 1672 Θεῷ
1233 1599 1558 1674 προσέδησε,
1608 1598 1697 1652 καὶ
1745 1603 1940 1673 γνῶσιν

281 1687 416 1745 Θεοῦ
447 1689 701 1759 πλουτεῖ,
735 1690 823 1744 καὶ
861 1689 988 1744 Θεὸν
1032 1688 1114 1744 ἀεὶ
1158 1693 1361 1764 νοερῶς
1413 1689 1549 1763 πρὸς
1594 1688 1694 1757 τὴν
1751 1688 1944 1741 ἑαυτοῦ

285 1780 547 1855 βοήθειαν
582 1777 911 1834 ἐκκαλεῖται.
953 1804 973 1829 (ι
1021 1780 1146 1834 ’Ότι
1193 1777 1275 1832 ἐπ’
1315 1777 1433 1852 ἐμὲ,
1467 1777 1652 1856 φησὶν,
1685 1777 1940 1846 ἤλπισεν,

281 1870 371 1924 καὶ
405 1867 646 1945 ῥύσομαι
677 1868 837 1924 αὐτόν
868 1887 881 1900 ·
911 1866 1161 1922 σκεπάσω
1192 1868 1380 1939 αὐτὸν,
1411 1866 1492 1921 ὅτι
1540 1865 1675 1942 ἔγνω
1720 1867 1781 1921 τὸ
1831 1862 1945 1920 ὅνο-
1974 1894 2021 1959 Β

288 1963 362 2032 μά
395 1980 504 2032 μου
537 1978 550 1991 ·
585 1959 899 2032 κεκράξεται
956 1957 1094 2034 πρός
1155 1978 1242 2030 με,
1272 1957 1363 2013 καὶ
1423 1955 1820 2029 ἐπακούσομαι,
1851 1955 1942 2010 καὶ

285 2049 345 2102 ού
381 2049 545 2120 μόνον
578 2052 684 2102 τῶν
721 2042 1024 2112 θλιϐόντων
1059 2045 1381 2120 ἀπαλλάξω,
1413 2045 1560 2102 ἀλλὰ
1587 2044 1679 2101 καί
1735 2042 1943 2116 δοξάσω

286 2137 467 2194 αὐτόν.
506 2160 535 2189 »

351 2229 515 2302 Ὁρᾷς
565 2231 674 2281 τῶν
734 2226 870 2280 κατᾶ
922 2227 1051 2281 Θεὸν
1109 2225 1457 2299 ἀσκουμένων
1526 2224 1652 2287 τοὺς
1710 2225 1940 2300 ἀγῶνας,

280 2317 368 2371 καὶ
426 2317 497 2371 τὰ
555 2316 797 2380 ἐντεῦθεν
862 2311 1125 2392 βραϐεῖα;
1188 2313 1491 2370 σπούδασον
1574 2314 1771 2370 λοιπὸν
1839 2316 1942 2383 τήν

278 2405 480 2476 κλῆσιν
538 2406 730 2480 πρᾶξιν
791 2409 1120 2476 ποιήσασθαι
1155 2424 1169 2436 ⁸
1230 2406 1319 2460 καὶ
1379 2405 1451 2467 ὡς
1520 2404 1807 2477 ἐμονώθης
1865 2408 1943 2475 τῷ

282 2497 525 2569 σώματι,
558 2491 1026 2569 ἀποϐαλλόμενος
1057 2495 1144 2550 καὶ
1191 2495 1259 2550 τά
1305 2496 1559 2568 νοήματα
1606 2498 1713 2548 τῶν
1771 2513 1941 2568 πραγ-

285 2585 500 2657 μάτων,
537 2585 906 2662 μετημφιάσω
967 2585 1029 2638 τὸ
1085 2590 1301 2660 σχῆμα,
1341 2585 1577 2655 ποίησον
1623 2583 1710 2638 καὶ
1769 2581 1938 2655 ξένον,

281 2675 489 2728 ἀπόθου
520 2672 612 2728 καὶ
650 2673 779 2736 τοὺς
814 2671 1035 2749 λόγους,
1069 2673 1158 2728 καὶ
1203 2672 1330 2735 τοὺς
1381 2674 1761 2748 προσήκοντας
1805 2671 1941 2726 κατά

279 2765 458 2839 γένος.
495 2763 560 2819 Εἰ
598 2765 673 2835 μή
705 2763 805 2840 γὰρ
838 2763 1187 2837 καταπαύσῃς
1247 2761 1353 2817 ἀπὸ
1401 2765 1501 2828 τῆς
1543 2765 1652 2816 τῶν
1696 2759 1795 2831 ἔξω
1844 2782 1936 2815 πε-

281 2852 689 2930 ριπλανήσεως,
741 2852 804 2907 οὐ
856 2850 1187 2927 διαναστήσῃ
1239 2851 1376 2927 πρὸς
1429 2850 1554 2913 τοὺς
1613 2849 1808 2905 ἔσωθεν
1861 2852 1939 2905 ἒν-

285 2940 620 3017 εδρεύοντας.
657 2943 721 2999 Εἰ
787 2943 863 3015 μὴ
923 2945 1155 3016 νικήσῃς
1204 2941 1332 3004 τοὺς
1389 2939 1482 2996 διὰ
1535 2943 1642 2995 τῶν
1694 2944 1939 3017 φανερῶν

288 3036 686 3103 πολεμοῦντας,
721 3031 785 3086 οὐ
815 3035 1112 3106 τροποῦσαι
1143 3035 1270 3095 τοῦς
1309 3031 1526 3108 ἀφανεῖς
1575 3024 1927 3091 ἐπιϐούλους.

364 3122 518 3178 Ὅταν
550 3118 610 3176 δὲ
657 3119 785 3182 τοὺς
839 3119 940 3193 ἔξω
989 3119 1401 3196 περισπασμοὺς
1452 3120 1816 3194 καταργήοῃς,
1848 3118 1937 3172 καὶ

287 3211 410 3272 τοὺς
455 3205 563 3265 ἔσω
643 3209 948 3286 λογισμοὺς
1003 3207 1356 3284 καταλείψῃς,
1409 3208 1673 3283 ἐγείρεται
1731 3207 1854 3262 τότε
1911 3208 1937 3261 ὁ

283 3305 410 3362 νοῦς
445 3300 496 3355 ἐν
528 3305 648 3361 τοῖς
674 3295 856 3376 ἔργοις
886 3300 975 3354 καὶ
1006 3305 1123 3362 τοῖς
1183 3297 1371 3376 λόγοις
1426 3303 1523 3353 τοῦ
1580 3297 1886 3371 πνεύματος
1921 3315 1934 3328 °

279 3392 368 3444 καὶ
404 3390 524 3444 ἀντὶ
573 3396 674 3459 τῆς
725 3389 1014 3460 συνηθείας
1040 3394 1147 3444 τῶν
1197 3393 1467 3465 συγγενῶν
1517 3388 1606 3443 καὶ
1667 3390 1936 3458 συνήθων,

278 3479 409 3542 τοὺς
443 3479 684 3554 τρόπους
714 3483 823 3534 τῶν
855 3479 1059 3553 ἀρετῶν
1094 3477 1334 3540 ἐκτελεῖς
1371 3499 1382 3512 ·
1417 3477 1507 3533 καὶ
1537 3477 1654 3532 ἀντὶ
1684 3482 1792 3532 τῶν
1842 3499 1940 3550 μα-

276 3569 448 3624 ταίων
478 3567 799 3644 λόγωνλτῶν
825 3567 884 3623 ἐκ
910 3572 1010 3633 τῆς
1038 3574 1308 3641 κοσμικῆς
1341 3565 1563 3640 ὁμιλίας
1582 3569 1936 3639 τικτομένων,

274 3661 310 3729 ἡ
353 3657 587 3731 μελέτη,
619 3658 710 3712 καὶ
741 3660 776 3727 ἡ
813 3654 1056 3728 δήλωσις
1085 3661 1191 3712 τῶν
1226 3658 1383 3720 θείων
1416 3655 1602 3731 λόγων
1649 3661 1755 3710 τῶν
1803 3656 1940 3710 κατὰ

280 3749 381 3816 τὴν
473 3745 719 3802 διάνοιαν
805 3745 1166 3820 κινουμένων,
1227 3745 1448 3823 φωτίζει
1529 3745 1617 3799 καὶ
1677 3744 1936 3812 συνετίζει

277 3840 380 3906 τήν
415 3838 627 3910 ψυχήν.
659 3838 722 3892 Ἡ
755 3833 912 3898 λύσις
969 3841 1075 3890 τῶν
1119 3835 1418 3905 αἰσθήσεων
1481 3833 1679 3907 δεσμὸς
1734 3831 1937 3908 γίνεται

275 3933 379 3996 τῆς
411 3929 622 4001 ψυχῆς,
657 3925 748 3978 καὶ
779 3925 806 3978 ὁ
853 3921 1052 3997 δεσμὸς
1112 3929 1220 3979 τῶν
1277 3923 1576 3994 αἰσθήσεων
1629 3921 1936 3998 ἐλευθερίαν

277 4010 533 4089 βραϐεύει
582 4018 652 4087 τῇ
700 4015 854 4089 ψυχῇ
894 4032 904 4044 ·
934 4013 1107 4084 ἡλίου
1154 4010 1303 4075 δύσις
1343 4013 1512 4067 νύκτα
1561 4017 1710 4067 ποιεῖ
1741 4031 1753 4044 ³
1787 4011 1875 4065 καὶ
1909 4011 1936 4063 ὁ

272 4104 514 4179 Χριστὸς
561 4103 850 4178 ὑποχωρεῖ
896 4102 956 4158 ἐκ
1003 4110 1102 4171 τῆς
1153 4106 1361 4178 ψυχῆς,
1389 4103 1479 4157 καὶ
1529 4107 1635 4156 τῶν
1688 4102 1873 4164 παθῶν
1909 4101 1936 4154 ὁ

269 4193 581 4265 σκοτασμὸς
617 4191 787 4261 αύτήν
819 4187 1254 4265 καταλαμϐάνει,
1288 4191 1378 4246 καὶ
1429 4192 1486 4246 οἱ
1535 4190 1726 4259 νοητοὶ
1773 4196 1936 4263 θῆρες

267 4283 444 4350 αὐτὴν
507 4280 989 4356 διασπαράττουσι.
1022 4279 1329 4337 Ἀνέτειλεν
1388 4279 1415 4335 ό
1461 4279 1721 4350 αἲσθητὸς
1748 4278 1934 4348 ἥλιος,

267 4371 361 4426 καὶ
397 4374 561 4445 θῆρες
599 4370 692 4436 μὲν
728 4370 1052 4446 συνάγονται
1086 4370 1162 4432 εἰς
1208 4371 1305 4432 τὰς
1356 4368 1670 4431 καταδύσεις
1710 4369 1883 4423 αὐτῶν
1920 4386 1933 4400 ⁶

272 4458 566 4514 ἀνατέλλει
597 4461 684 4514 καὶ
722 4461 750 4514 ὁ
781 4460 1021 4533 Χριστὸς
1055 4457 1106 4512 ἐν
1167 4465 1248 4530 τῷ
1312 4459 1648 4532 στερεώματι
1700 4465 1801 4527 τῆς
1857 4455 1938 4511 εύ-

271 4544 530 4625 χομένης
590 4545 854 4616 διανοιας,
886 4549 977 4602 καὶ
1028 4554 1171 4603 πᾶσα
1203 4550 1237 4617 ἡ
1266 4552 1361 4602 τοῦ
1417 4549 1629 4620 κόσμου
1678 4549 1937 4616 συνήθεια

1968 3257 2010 3325 C

2050 617 2272 687 gitatus
2322 622 2379 672 et
2423 619 2722 690 sapientiae
2753 619 2929 674 verba
2960 619 3303 676 colluctanti
3327 622 3699 694 inserviunt;

2052 705 2443 777 ipsumquein
2477 707 2751 762 omnibus
2783 709 2895 764 viis
2925 711 3271 766 custodiunt
3295 717 3358 767 ut
3387 729 3564 784 opera
3599 716 3700 770 Dei

2053 795 2333 864 perficiat.
2370 797 2502 852 Ideo
2523 814 2698 868 super
2721 813 2892 852 omne
2914 798 3317 855 irrationabile
3341 802 3699 858 desiderium

2053 886 2109 936 et
2141 882 2388 938 velocem
2427 889 2642 939 motum
2690 884 2926 950 incedit,
2978 889 3479 958 quemadmodum
3525 908 3705 963 super

2055 971 2318 1042 aspidem
2361 978 2417 1026 et
2457 973 2828 1041 basiliseum,
2881 977 3026 1032 iram
3077 979 3246 1048 quasi
3299 979 3525 1035 leonem
3559 997 3701 1037 con-

2054 1060 2244 1114 culcat
2275 1065 2332 1116 et
2362 1062 2720 1134 voluptatem
2755 1065 2907 1118 sicut
2939 1065 3273 1121 draconem.
3301 1068 3550 1124 Causam
3591 1088 3700 1126 au-

2054 1149 2189 1204 disti
2231 1166 2338 1206 cur
2367 1167 2530 1221 spem
2562 1154 2631 1206 ab
2668 1152 3006 1209 hominibus
3041 1157 3344 1211 retraxerit
3373 1162 3430 1212 et
3462 1175 3494 1213 a
3521 1171 3697 1215 rebus

2053 1239 2346 1309 praedictis
2369 1245 2544 1311 atque
2576 1243 2959 1311 reportaverit
2990 1245 3056 1297 ad
3087 1249 3295 1312 Deum;
3326 1246 3450 1316 jam
3492 1248 3694 1305 divina

2055 1328 2388 1399 cognitione
2430 1329 2659 1385 ditescit
2690 1334 2747 1384 et
2769 1331 2954 1386 Deum
2989 1348 3217 1402 semper
3242 1333 3300 1389 in
3337 1336 3696 1406 adjutorium

2054 1433 2228 1472 suum
2290 1417 2561 1473 invocat.
2612 1442 2630 1466 α
2689 1419 2836 1482 Quia
2892 1421 3147 1490 speravit
3181 1422 3236 1476 in
3270 1439 3382 1491 me,
3432 1424 3694 1482 liberabo

2054 1522 2228 1574 eum;
2294 1513 2595 1579 protegam
2651 1524 2784 1563 eum
2865 1510 3022 1580 quod
3083 1513 3418 1582 cognoverit
3473 1531 3688 1571 nomen

2056 1613 2292 1663 meum;
2323 1596 2601 1653 clamabit
2645 1597 2716 1652 ad
2751 1614 2842 1653 me
2874 1603 2930 1653 et
2959 1615 3063 1670 ego
3095 1601 3406 1656 exaudiam
3433 1620 3453 1665 ,°
3485 1609 3541 1659 et
3574 1621 3688 1660 non

2053 1701 2084 1739 a
2117 1685 2256 1740 solis
2287 1686 2774 1741 tribulationibus
2827 1688 3086 1743 liberabo
3127 1705 3284 1761 eum,
3335 1692 3435 1747 sed
3488 1697 3544 1747 et
3574 1693 3695 1765 glo-

2053 1775 2290 1831 riﬁcabo
2322 1775 2490 1831 illum
2524 1783 2564 1833 ι.
2604 1799 2624 1825 η

2122 2224 2326 2278 Nonne
2358 2221 2798 2277 colluctantium
2836 2222 2893 2276 in
2927 2225 3036 2278 Deo
3069 2223 3394 2279 certamina
3413 2224 3697 2296 perspicis

2051 2315 2258 2383 etquae
2289 2311 2433 2383 ipsis
2465 2311 2766 2384 proposita
2796 2312 2917 2366 sint
2948 2313 3230 2384 przemia?
3259 2313 3390 2369 Jam
3426 2331 3692 2386 propera,

2051 2401 2148 2472 qui
2194 2405 2434 2455 vocatus
2481 2417 2563 2467 es,
2619 2406 2681 2455 ut
2729 2417 2905 2472 opera
2951 2401 3250 2474 perﬁcies!
3300 2407 3556 2474 Corpore
3594 2409 3694 2459 tuo

2051 2495 2355 2561 separatus
2387 2507 2449 2545 es
2481 2508 2509 2544 a
2546 2490 2740 2557 rebus,
2775 2497 2868 2544 ast
2893 2507 3086 2546 rerum
3110 2507 3345 2562 quoque
3365 2493 3609 2547 aﬁ‘ectus
3628 2509 3694 2548 ex

2051 2580 2250 2634 anima
2298 2579 2611 2651 projicias;
2660 2583 2850 2635 totum
2892 2580 3172 2635 immutes
3204 2580 3470 2636 habitum
3503 2587 3558 2636 et
3586 2582 3693 2638 fias

2049 2670 2300 2740 hospes;
2329 2685 2631 2724 sermones
2663 2669 2922 2740 deponas
2954 2670 3178 2740 patrios
3209 2674 3265 2724 et
3304 2671 3590 2741 quidquid
3626 2687 3697 2726 ex

2049 2774 2260 2830 genere
2306 2757 2602 2813 habueris.
2638 2758 2705 2812 Ni
2741 2757 2894 2813 enim
2929 2758 3000 2813 ab
3035 2759 3424 2814 exterioribus
3452 2759 3694 2814 redieris

2051 2847 2554 2919 divagationibus,
2611 2848 2682 2902 ad
2740 2847 2974 2902 interna
3031 2864 3338 2919 nunquam
3399 2848 3690 2904 devenies.

2049 2937 2116 2993 Ni
2149 2936 2312 3008 prius
2344 2953 2442 2991 eos
2473 2937 2882 3008 deviceris,qui
2918 2942 2972 2992 te
2993 2937 3305 2992 visibiliter
3325 2944 3691 3009 oppugnant,

2049 3027 2343 3098 quomodo
2377 3026 2626 3082 insidzas
2656 3025 2912 3081 hostium
2946 3025 3332 3081 invisibilium
3357 3027 3694 3098 superabis?

2119 3117 2262 3171 Cum
2295 3121 2489 3171 autem
2524 3121 2793 3171 externas
2825 3115 3238 3170 distractiones
3271 3116 3548 3171 everteris
3597 3117 3690 3170 in-

2048 3209 2364 3276 ternaeque
2413 3205 2817 3277 composueris
2871 3204 3280 3277 cogitationes,
3308 3209 3446 3259 tunc
3483 3222 3692 3277 aggre-

2050 3295 2243 3349 dietur
2274 3295 2517 3365 spiritus
2549 3301 2687 3350 tuus
2718 3309 2892 3366 opera
2924 3298 2981 3348 et
3002 3295 3176 3349 verba
3197 3294 3440 3365 spiritus
3462 3311 3474 3348 :
3496 3311 3694 3350 neces-

2049 3384 2342 3440 sariorum
2393 3389 2450 3440 et
2496 3385 2946 3455 conjunctorum
2998 3400 3168 3438 usum
3229 3382 3578 3438 familiarem
3631 3383 3688 3438 in

2046 3474 2330 3529 virtutum
2379 3473 2832 3545 acquisitionem
2881 3473 3184 3540 immutes;
3237 3489 3342 3544 pro
3381 3472 3573 3537 vanis,
3624 3489 3693 3527 ex

2047 3563 2390 3634 quotidiana
2409 3561 3458 3633 mundana_conversatione,oriundis
3473 3562 3689 3632 verbis,

2047 3658 2252 3708 sancta
2282 3653 2466 3707 habes
2497 3651 2792 3716 exercitia,
2815 3650 3144 3706 divinorum
3169 3667 3508 3706 sermonum
3528 3665 3690 3706 com-

2048 3743 2537 3810 municationem,
2570 3740 2786 3810 quibus
2819 3756 2986 3794 mens
3019 3743 3308 3808 movetur,
3333 3738 3531 3794 anima
3560 3756 3692 3794 vero

2047 3829 2425 3886 illuminatur
2447 3835 2501 3884 et
2532 3829 2877 3884 aediﬁcatur.
2929 3829 3222 3884 Sensuum
3275 3828 3488 3884 solutio
3523 3829 3590 3883 ﬁt
3631 3827 3689 3883 in

2047 3921 2256 3974 animas
2287 3919 2604 3988 vinculum;
2639 3917 2976 3973 constrictio
2991 3922 3184 3972 autem
3201 3933 3484 3972 sensuum
3498 3918 3694 3972 evadit

2047 4010 2103 4064 in
2136 4009 2344 4064 animae
2378 4007 2804 4063 liberationem:
2835 4005 2973 4060 solis
2996 4022 3240 4060 occasus
3261 4009 3487 4060 noctem
3513 4006 3688 4061 indu-

2045 4098 2419 4166 cit,Christus
2450 4112 2583 4151 vero
2616 4095 2834 4151 recedit
2864 4095 2933 4150 ab
2949 4093 3229 4161 anima,et
3244 4093 3587 4165 passionum
3605 4098 3690 4149 te-

2047 4189 2239 4243 nebras
2269 4187 2433 4242 inced
2447 4190 2544 4241 unt
2563 4191 2618 4239 et
2631 4184 2841 4256 spiritu
2852 4185 2970 4238 ales
2983 4181 3179 4238 bestiae
3193 4182 3516 4238 dilacerant
3537 4198 3693 4237 men-

2047 4282 2186 4334 tem.
2221 4282 2362 4331 Cum
2397 4275 2483 4331 sol
2516 4274 2613 4329 ille
2644 4272 2895 4328 visibilis
2927 4271 3113 4327 oritur
3143 4272 3213 4326 ad
3248 4270 3503 4326 latebras
3551 4287 3691 4325 suas

2047 4367 2397 4438 confugiunt
2425 4366 2577 4420 feras:
2613 4368 2668 4419 et
2693 4362 2741 4417 si
2773 4360 3064 4417 Christius
3089 4360 3350 4432 assurgit
3380 4361 3449 4415 ad
3478 4361 3690 4415 contir-

2047 4456 2326 4511 mandam
2359 4457 2615 4509 mentem
2648 4451 2708 4505 in
2741 4449 3232 4514 oratione,statim
3260 4447 3479 4504 difﬂuit
3501 4448 3692 4504 omnis

2047 4546 2351 4600 mundana
2399 4542 2648 4609 affectio,
2701 4539 2982 4596 dilabitur
3037 4537 3292 4594 carnalis
3325 4537 3606 4608 amicitia,
3639 4542 3697 4592 et

270 4656 516 4712 οιχεται,
550 4637 639 4690 καὶ
688 4639 722 4705 ἡ
775 4634 935 4713 φιλία
982 4642 1084 4704 τῆς
1133 4636 1330 4710 σαρκὸς
1382 4637 1742 4710 παρέρχεται,
1777 4636 1866 4689 καὶ
1908 4635 1936 4689 ὁ

2051 4632 2294 4703 spiritus
2325 4633 2443 4688 exit
2474 4631 2540 4687 ad
2579 4646 2728 4701 opus
2762 4645 2956 4696 suum;
2993 4631 3245 4683 attamen
3265 4625 3487 4683 laboris
3508 4626 3692 4681 divini

268 4727 399 4788 νοῦς
462 4723 841 4799 διαπορεύεται
925 4724 1012 4779 ἐπὶ
1070 4725 1132 4779 τὸ
1186 4720 1346 4800 ἔργον
1401 4724 1588 4796 αὐτοῦ,
1647 4723 1774 4791 ἤτοι
1822 4727 1929 4778 τῶν

267 4814 434 4878 θείων
491 4815 593 4882 τὴν
659 4815 920 4888 μελέτην,
952 4810 1056 4876 ἕως
1118 4813 1463 4891 ἑσπέρας,οὐ
1523 4817 1757 4889 καιρικῷ
1819 4811 1932 4867 δια-

263 4905 512 4976 στήματι
570 4903 895 4978 περιορίζων
973 4907 1069 4957 τοῦ
1142 4906 1512 4976 πνευματικοῦ
1585 4903 1760 4974 νόμου
1829 4903 1928 4970 τήν

263 4991 552 5069 ἐργασίαν,
611 4993 700 5048 καὶ
750 4992 802 5046 ἐν
867 4994 1050 5069 μέτρῳ
1105 4993 1306 5064 ταύτην
1369 4991 1725 5064 ποιούμενος,
1786 4989 1931 5045 ἀλλᾶ

262 5083 360 5138 καὶ
397 5084 599 5158 μέχρις
633 5080 693 5137 ἃν
725 5083 787 5137 τὸ
818 5082 984 5158 πέρας
1017 5085 1117 5152 τὴν
1167 5081 1446 5157 παροῦσαν
1501 5084 1647 5150 ζωὴν
1693 5077 1930 5135 καταλα-

263 5169 364 5228 ὄὸν
396 5174 500 5242 τήν
537 5171 595 5228 ἐκ
622 5178 720 5228 τοῦ
753 5173 1011 5246 σώματος
1070 5169 1252 5244 ἔξοδον
1311 5180 1413 5242 τῆς
1459 5175 1644 5248 ψυχῆς
1695 5172 1929 5246 ἀπεργά-

265 5284 441 5320 σεται.
473 5266 542 5319 ⁸Ὀ
599 5260 666 5332 δὴ
725 5263 816 5318 καὶ
872 5262 1059 5333 δηλῶν
1120 5265 1148 5319 ὁ
1207 5264 1498 5340 προφήτης
1547 5261 1696 5336 λέγει
1733 5280 1746 5292 °
1783 5285 1810 5311 ‹‹
1841 5262 1930 5321 Ὡς

263 5353 532 5429 ἠγάπησα
585 5355 674 5409 τὸν
738 5353 908 5426 νόμον
971 5375 1089 5424 σου,
1149 5354 1350 5428 Κύριεί
1386 5353 1523 5422 ὅλην
1573 5354 1672 5420 τὴν
1719 5349 1930 5425 ἡμέραν

265 5444 481 5517 μελότη
519 5443 626 5518 μού
658 5443 798 5499 ἐστιν
834 5462 847 5475 ⁸
887 5467 914 5493 ››
947 5445 1158 5520 ἡμέραν
1205 5441 1390 5499 καλῶν
1442 5441 1571 5497 ὅλον
1631 5443 1722 5496 τὸν
1785 5439 1932 5494 δίαυ-

263 5532 370 5589 λον
400 5541 505 5606 τῆς
553 5533 843 5610 παρούσης
897 5537 1044 5602 ζωῆς
1093 5533 1342 5589 ἑκάστου.
1377 5537 1588 5600 Στῆσον
1640 5533 1933 5606 τοιγαροῦν

340 5752 362 5789 ⁸
391 5752 548 5811 Psal.
587 5769 686 5822 xc,
721 5750 809 5820 14,
845 5748 932 5806 15.
1010 5748 1031 5784 ⁸
1057 5748 1209 5807 Psal.
1243 5765 1442 5819 cxvm,
1472 5747 1560 5803 97.

2043 4725 2244 4788 finem,
2308 4722 2408 4794 qui
2468 4735 2742 4790 vesperas
2787 4716 3049 4789 respicit,
3084 4733 3197 4771 non
3233 4716 3302 4770 ad
3347 4715 3688 4770 diuturnam

2041 4811 2323 4883 temporis
2381 4825 2724 4864 mensuram
2785 4807 2982 4872 refert,
3046 4806 3170 4874 sed,
3229 4804 3445 4876 spiritu
3502 4803 3695 4875 legem

2043 4900 2417 4973 perﬁciendo,
2453 4900 2520 4953 ad
2553 4898 2682 4952 vitae
2715 4895 3036 4952 terminum
3072 4911 3241 4949 suam
3293 4893 3691 4965 operationem

2041 4989 2321 5055 extendit,
2353 4990 2536 5044 donec
2569 4985 2766 5042 anima
2796 5001 2865 5040 ex
2895 4999 3139 5054 corpore
3161 4982 3687 5055 egrediatur.Quod

2041 5085 2098 5136 et
2148 5078 2440 5151 Propheta
2492 5076 2581 5132 bis
2619 5075 2809 5130 verbis
2868 5074 3282 5128 demonstrat:
3338 5094 3366 5121 «
3402 5072 3689 5139 Quoniam

2040 5169 2211 5224 dilexi
2272 5167 2459 5239 legem
2523 5170 2710 5230 tuam,
2776 5162 3039 5229 Domine,
3099 5166 3223 5216 tota
3253 5161 3346 5215 die
3391 5160 3691 5215 meditatio

2042 5275 2170 5314 mea
2195 5261 2280 5313 est
2313 5257 2353 5312 ⁵.
2395 5275 2421 5308 ι)
2462 5256 2629 5311 Diem
2658 5269 2797 5309 vero
2828 5251 3306 5322 uniuscujusque
3337 5251 3696 5306 dilabentem

2040 5348 2216 5402 vitam
2253 5345 2537 5402 nominat.
2569 5347 2850 5396 Externas
2881 5339 3059 5411 igitur
3090 5339 3362 5395 cohibere
3393 5339 3540 5395 velis
3561 5356 3697 5394 con-

2040 5435 2399 5493 versationes
2416 5440 2473 5489 et
2489 5437 2544 5488 te
2558 5433 2628 5487 ad
2646 5432 2910 5486 internas
2930 5429 3436 5486 confabulationes
3453 5446 3696 5486 conver-

2042 5531 2156 5596 tas,
2189 5526 2331 5582 dum
2363 5523 2556 5580 locum
2588 5538 2749 5594 purae
2774 5519 3059 5576 orationis
3089 5518 3357 5576 invenias
3383 5523 3439 5574 et
3459 5519 3693 5574 domum
