4090 6406
386 346 495 404 387

1533 340 1939 396 THBOLEPTI
1975 339 2674 397 PHILADELPHIENSIS

3713 339 3824 396 388

391 474 452 529 in
485 489 605 545 qua
632 469 902 526 Christus
935 467 1184 524 habitat?
1221 467 1349 539 ipse
1382 464 1745 521 illuminabit
1763 470 1818 521 te
1841 464 2023 520 laatitii

2156 464 2251 525 τὰς
2286 462 2513 538 ὁμιλίας
2545 468 2653 518 τῶν
2686 461 2809 535 ἔξω,
2840 464 2930 519 καὶ
2970 464 3273 520 πύκτευσον
3323 465 3463 541 πρὸς
3517 464 3646 527 τοὺς
3708 464 3818 521 ἔσω

388 580 501 633 que
561 560 874 633 perfundet
937 557 1173 613 notione
1204 562 1262 611 et
1293 556 1629 611 visitatione
1663 573 1793 620 sua,
1829 554 2042 609 efficiet

390 667 626 725 quoque
660 656 723 704 ut
756 647 1169 703 tribulationes
1200 646 1260 700 in
1286 662 1545 701 amorem
1578 646 1703 713 ejus
1735 649 2043 715 susceptas

388 757 494 796 ceu
514 738 796 811 gaudium
819 736 1133 791 habiturus
1152 735 1235 791 sis
1280 739 1335 789 et
1379 752 1412 789 a
1451 734 1771 789 mundanis
1813 732 2042 787 deliciis

390 845 495 884 ceu
552 830 623 883 ab
675 825 974 882 absinthio
1022 825 1103 879 sis
1156 840 1519 879 recessurus.
1568 822 1825 894 Spiritus
1859 822 2041 876 maris

389 918 684 974 suscitant
715 916 949 979 ﬂuctus,
985 920 1041 969 et
1070 914 1130 968 ni
1161 914 1483 968 ceciderint
1513 912 1691 977 venti,
1725 928 1839 966 non
1885 910 2044 965 desi-

387 1012 539 1063 nunt
568 1006 781 1061 ﬂuctus
816 1021 921 1059 nec
949 1004 1019 1059 ad
1054 1018 1327 1058 serenum
1359 1003 1605 1057 redeunt
1633 1001 1839 1068 maria;
1870 1000 2042 1072 spiri-

385 1104 480 1153 tus
515 1100 708 1154 autem
744 1094 979 1149 malitiae
1013 1095 1068 1147 in
1107 1093 1308 1148 anima
1340 1094 1575 1146 incauta
1606 1091 1861 1145 excitant
1895 1091 2039 1145 ima-

385 1187 555 1259 gines
609 1197 944 1258 parentum,
978 1185 1248 1251 fratrum,
1281 1184 1755 1252 conjunctorum,
1790 1197 2038 1235 consue-

388 1286 622 1345 torum,
682 1275 1125 1341 conviviorum,
1178 1274 1499 1337 festorum,
1559 1272 1918 1326 theatrorum
1980 1274 2039 1326 et

388 1366 658 1422 omnium
708 1363 1075 1436 voluptatum
1136 1362 1602 1433 phantasmata;
1675 1359 2036 1415 desiderium

385 1456 675 1510 inducunt
705 1453 825 1507 haec
856 1452 1057 1508 omnia
1080 1456 1137 1506 et
1163 1450 1370 1518 oculis,
1395 1455 1453 1505 et
1482 1449 1770 1521 1ingua,et
1800 1464 2038 1520 corpore

386 1545 500 1600 sibi
562 1543 967 1615 comparandi,
1022 1558 1087 1597 eo
1147 1542 1261 1595 [ine
1313 1545 1379 1595 ut
1431 1544 1769 1611 presentem
1830 1540 2035 1593 horam

384 1635 671 1705 deperdas
720 1632 779 1686 in
829 1632 1003 1686 rebus
1052 1630 1351 1696 inanibus,
1386 1634 1442 1685 et
1472 1630 1864 1700 subsequens,
1899 1643 2033 1682 cum

384 1722 548 1778 solus
580 1722 639 1776 in
673 1719 884 1776 cellula
914 1719 1193 1787 fueris,in
1230 1718 1634 1773 recordatione
1656 1717 1949 1772 dictorum
1978 1720 2035 1770 et

375 1812 638 1867 visorum
672 1813 1020 1875 evanescat;
1067 1808 1145 1861 ita
1196 1805 1468 1862 monachi
1512 1808 1630 1860 vita
1677 1806 2033 1860 terminatur

379 1901 605 1971 absque
638 1898 911 1954 utilitate:
949 1898 1265 1952 mundanae
1294 1898 1665 1967 operationes
1685 1912 1785 1967 per
1807 1910 2028 1949 memo-

378 1988 524 2044 riam
545 1986 1152 2043 transeuntetindicia
1166 2002 1270 2040 sua
1285 1985 1695 2055 relinquuntin
1713 1982 2031 2055 intelligen-

375 2077 650 2145 tia,sicut
678 2081 736 2131 et
759 2076 935 2147 pedes
950 2074 1209 2129 hominis
1224 2091 1325 2145 per
1348 2076 1537 2129 nivem
1560 2071 2025 2138 incedentis,ibi-

377 2168 511 2221 dem
526 2164 770 2236 vestigia
786 2181 893 2219 sua
907 2163 1419 2235 impresseruntBi
1436 2162 1571 2217 feris
1587 2161 1801 2216 victum
1816 2161 2028 2232 praebe-

374 2253 840 2324 mus,numquid
867 2252 999 2307 illas
1032 2250 1431 2307 destruimus?
1458 2251 1517 2306 Si
1541 2251 1733 2306 verbis
1765 2255 1820 2304 et
1854 2249 2025 2305 factis

374 2344 759 2415 indulgemus
794 2340 1034 2397 insulsis
1067 2340 1347 2396 amicitiis
1386 2345 1442 2395 et
1468 2340 2020 2406 consuetudinibus,

376 2433 705 2503 nunmquid
740 2431 932 2487 carnis
956 2431 1282 2502 appetitum
1308 2429 1757 2485 mortiﬁcamus?
1780 2430 2022 2495 Quando

374 2528 569 2577 autem
622 2520 961 2591 inquisituri
1010 2537 1220 2575 sumus
1270 2521 1450 2574 vitam
1485 2536 1663 2590 quam
1696 2521 2023 2574 secundum

370 2610 668 2666 Christum
701 2627 913 2665 sumus
948 2608 1225 2680 professi?
1256 2610 1388 2674 Quae
1420 2625 1487 2662 ex
1520 2609 1767 2679 pedibus
1800 2608 1857 2661 in
1893 2608 2023 2663 nive

370 2705 693 2771 supersunt
750 2698 1019 2769 vestigia,
1072 2696 1161 2752 vel
1214 2698 1355 2752 solis
1402 2698 1583 2752 radiis
1616 2697 1704 2752 vel
1738 2697 2020 2752 imbrium

370 2789 541 2859 aquis
591 2789 989 2851 destruentur,
1044 2804 1170 2857 quea
1200 2803 1337 2841 vero
1371 2787 1665 2841 memoriis
1716 2786 2022 2857 impressae

372 2883 513 2933 sunt
557 2877 844 2947 imagines
894 2893 963 2931 ex
996 2877 1264 2946 jucundo
1298 2877 1605 2930 verborum
1639 2880 1695 2929 et
1728 2876 2017 2929 factorum

371 2966 573 3021 habitu
606 2967 675 3020 ad
711 2966 961 3020 nihilum
997 2966 1410 3036 redigentur,si
1432 2965 1701 3020 Christus
1734 2965 1791 3019 in
1826 2970 2020 3019 mente

377 3071 480 3125 per
538 3055 869 3110 orationem
921 3054 1184 3126 assurgit
1241 3058 1296 3109 et
1346 3054 1395 3109 si
1435 3070 1502 3109 ex
1546 3054 1718 3109 corde
1765 3054 2014 3110 contrito

374 3143 646 3199 deﬂuunt
661 3143 829 3198 rivuli
845 3142 1261 3216 lacrymarum.

438 3446 497 3503 Si
514 3447 838 3505 monachus
855 3464 916 3502 se
933 3463 1045 3503 non
1060 3446 1331 3503 rationali
1349 3448 1521 3503 modo
1548 3448 2017 3521 gerit,numquid

367 3535 578 3593 insitas
607 3542 666 3592 et
692 3537 1011 3608 impressas
1042 3538 1347 3607 opiniones
1379 3538 1585 3593 evellet
1605 3555 1674 3593 ex
1706 3538 1933 3593 animo?
1957 3538 2017 3593 In

368 3643 611 3698 corpore
641 3631 742 3681 tuo
776 3625 1042 3697 perficies
1068 3626 1314 3682 virtutes
1346 3626 1395 3682 si
1428 3628 1706 3683 saeculare
1739 3644 2017 3683 commero

368 3715 526 3770 cium
576 3715 942 3786 deposueris.
988 3715 1157 3769 Bona:
1187 3716 1516 3772 formantur
1548 3717 1933 3790 cogitationes
1962 3727 2019 3772 et

366 3804 549 3860 divini
597 3806 656 3859 in
709 3812 899 3859 mente
942 3804 1213 3859 habitant
1260 3822 1585 3875 sermones,
1630 3808 1678 3862 si
1720 3806 2017 3861 continuis

365 3895 641 3966 precibus
673 3893 879 3949 eﬂ‘usis
910 3898 967 3949 et
995 3896 1169 3950 corde
1201 3896 1446 3951 contrito
1482 3896 1823 3951 memoriam
1861 3896 2019 3966 prio-

361 4001 487 4039 rum
522 3984 823 4039 actionum
857 3983 1337 4040 deleveris.Fidei
1373 3985 1731 4041 illuminatio
1756 4003 1882 4057 qua:
1918 4002 2020 4057 per

362 4074 829 4129 recordationem
863 4074 962 4129 Dei
990 4080 1267 4145 operatur
1298 4082 1355 4130 et
1383 4076 1655 4131 contritio
1687 4076 2018 4141 cordis,no-

363 4162 582 4218 vaculee
607 4163 675 4218 ad
714 4163 920 4232 instar,
955 4163 1143 4218 malas
1175 4164 1560 4235 cogitationes
1590 4165 1884 4219 excidunt.
1930 4165 2015 4219 Ad

361 4252 563 4323 apium
617 4252 917 4322 exemplar
962 4253 1165 4307 facias.
1199 4254 1343 4309 Cum
1375 4271 1685 4325 vesparum
1720 4253 2013 4325 pullitiem

363 4341 967 4395 circumvolitantium
1001 4342 1287 4410 sentiunt,
1318 4347 1623 4398 remanent
1653 4343 1711 4397 in
1745 4343 2016 4398 alveariis

364 4433 420 4484 et
464 4428 714 4484 insidias
766 4430 1045 4483 devitant.
1093 4430 1413 4486 Saculares
1463 4438 1784 4489 canventus
1807 4450 2014 4505 vespa-

365 4534 497 4571 rum
530 4517 657 4571 loco
680 4518 1007 4585 considera;
1046 4518 1151 4574 hos
1184 4522 1234 4576 si
1281 4538 1494 4593 magno
1527 4522 1745 4593 fugeris
1795 4524 2011 4591 studio,

361 4605 434 4659 ad
468 4606 808 4661 interiorem
841 4610 895 4659 te
919 4608 1163 4678 recipies
1189 4611 1529 4666 monasterii
1553 4618 1807 4682 portum,
1833 4611 2015 4668 cellu-

362 4692 481 4749 lam
531 4694 823 4762 videlicet,
876 4696 1072 4768 ibique
1122 4698 1373 4755 tentabis
1424 4706 1487 4755 ut
1532 4701 1799 4756 intimam
1853 4707 2015 4757 tuam

361 4784 632 4841 aditurus
684 4787 768 4841 sis
812 4790 1094 4856 animam,
1129 4790 1187 4843 in
1222 4806 1337 4860 qua
1367 4789 1595 4845 habitat
1626 4790 1915 4859 Christus,
1960 4795 2016 4847 et

360 4890 495 4929 cum
557 4875 690 4946 ipso
750 4878 917 4933 adest
977 4895 1108 4950 pax,
1170 4880 1453 4950 gaudium
1507 4886 1565 4935 et
1612 4881 2014 4951 tranquillitas

373 4964 564 5018 ﬁrma.
615 4971 748 5022 Haec
803 4970 957 5024 dona
1012 4974 1152 5024 sunt
1200 4968 1437 5039 Christi,
1468 4969 1611 5025 solis
1642 4970 2011 5041 spiritualis;

371 5052 525 5108 sicut
543 5056 737 5111 radios
770 5057 870 5112 illa
900 5059 1116 5114 emittit
1158 5065 1211 5113 et
1245 5060 1302 5113 in
1318 5060 1642 5114 mercedem
1659 5059 2016 5115 animaacon-

371 5145 545 5215 cepit,
581 5163 707 5217 quae
737 5154 928 5220 ipsum
963 5167 1095 5206 cum
1127 5152 1237 5206 fide
1267 5162 1319 5206 et
1351 5168 1548 5207 amore
1579 5152 1845 5224 suscipit.
1870 5156 2014 5209 Cum

369 5234 429 5288 in
472 5233 807 5294 habitaculo
857 5246 957 5295 tuo
986 5241 1187 5309 fueris,
1222 5242 1291 5296 de
1323 5241 1437 5296 Deo
1468 5242 1711 5313 cogites,
1746 5241 2013 5298 animum

368 5324 441 5378 ab
500 5326 774 5381 omnibus
835 5328 1145 5384 abstrahas
1203 5335 1259 5385 et
1316 5331 1440 5384 sine
1500 5346 1637 5386 voce
1684 5331 1900 5386 referas
1941 5333 2011 5387 ad

366 5412 584 5483 Deum;
620 5431 825 5471 omnes
858 5419 1047 5473 cordis
1081 5419 1159 5473 tui
1191 5419 1605 5491 dispositiones
1640 5420 1751 5492 ipsi
1783 5422 2014 5492 aperias

367 5506 425 5557 et
447 5502 750 5560 adhaereas
777 5524 879 5578 per
900 5524 1181 5563 amorem.
1215 5509 1345 5563 Haec
1376 5510 1533 5565 enim
1558 5510 1659 5566 Dei
1688 5512 2014 5567 recordatio

363 5593 535 5662 quasi
582 5593 818 5651 intuitio
874 5606 996 5652 est:
1048 5598 1256 5653 animas
1289 5614 1497 5655 sensus
1529 5604 1586 5655 et
1614 5598 1816 5656 oculos
1848 5600 1919 5656 ad
1952 5617 2014 5658 se

356 5681 538 5739 trahit
566 5688 742 5754 Deus,
763 5685 864 5756 qui
896 5685 1120 5743 lumine
1152 5703 1260 5744 suo
1292 5691 1551 5745 mentem
1575 5690 1819 5747 conside

2058 1857 2107 1922 B

2153 552 2485 626 λυγισμοὺς,
2522 553 2720 628 μέχρις
2754 552 2814 607 ἂν
2846 554 3008 629 εὕρῃς
3053 556 3145 610 τὸν
3191 555 3360 609 τόπον
3418 560 3519 624 τῆς
3573 556 3816 631 καθαρᾶς

2148 649 2485 717 προσευχῆς,
2546 642 2635 696 καὶ
2692 645 2782 697 τὸν
2847 644 3017 711 οἶκον,
3070 643 3121 697 έν
3170 643 3216 717 ᾧ
3268 645 3499 721 Χριστὸς
3544 650 3808 714 κατοικεῖ,

2149 730 2401 806 φωτίζων
2458 730 2549 784 καὶ
2605 729 2918 805 γλυκαίνων
2976 752 3033 785 σε
3088 735 3157 805 τῇ
3217 731 3532 808 ἐπιγνώσει,
3592 732 3678 787 καὶ
3734 735 3807 806 τῇ

2148 818 2423 892 ἐπισκέψει
2483 819 2668 890 αὐτοῦ,
2723 820 2813 874 καὶ
2868 821 3288 897 παρασκευάζων
3354 822 3448 883 τὰς
3513 822 3608 894 μὶν
3671 821 3806 896 ὑπὲρ

2148 908 2311 962 αὐτοῦ
2374 907 2585 983 θλίψεις
2640 911 2889 983 ἡγεῖσθαι
2972 912 3168 986 χαρὰν,
3221 912 3318 973 τὰς
3404 909 3461 966 δὲ
3532 911 3807 986 κοσμικὰς

2146 996 2349 1067 ἡδονὰς
2424 1000 2664 1075 καθάπερ
2745 1021 2795 1054 τι
2860 998 3109 1074 ἀψίνθιον
3190 1002 3267 1073 μὴ
3340 999 3674 1075 προσίεσθαι.
3729 1003 3810 1055 Τὰ

2144 1088 2421 1161 πνεύματα
2504 1096 2603 1159 τῆς
2692 1089 2975 1161 θαλάσσης
3048 1088 3242 1167 ἐγείρει
3298 1091 3365 1146 τὰ
3421 1089 3657 1164 κύματα,
3711 1090 3809 1145 καὶ

2145 1176 2192 1231 εἴ·
2227 1178 2301 1249 μὴ
2334 1176 2637 1232 παύσονται
2698 1180 2750 1232 οἱ
2805 1176 3021 1252 ἄνεμοι,
3050 1179 3114 1234 ού
3154 1181 3381 1250 κοπάζει
3440 1181 3508 1235 τὰ
3562 1179 3807 1253 κύματα,

2142 1266 2231 1319 καὶ
2267 1267 2376 1341 οὐχ
2404 1270 2709 1343 ἡμεροῦται
2740 1271 2775 1337 ἡ
2810 1267 3056 1332 θάλασσα
3090 1288 3102 1301 ⁸
3137 1269 3229 1324 καὶ
3258 1269 3326 1325 τὰ
3364 1269 3645 1344 πνεύματα
3700 1276 3809 1339 τῆς

2145 1356 2412 1430 πονηρίας
2473 1357 2816 1412 ἀνακινοῦσιν
2877 1356 2928 1412 ἐν
3006 1361 3075 1433 τῇ
3150 1362 3305 1435 ψυχῇ
3375 1363 3471 1414 τοῦ
3558 1357 3811 1432 ἆμελοῦς

2148 1448 2368 1518 μνήμην
2459 1448 2667 1520 γονέων
2703 1489 2717 1515 ,
2778 1444 3027 1524 ἀδελφῶν
3064 1492 3077 1517 ,
3137 1453 3454 1524 συγγενῶν,
3515 1450 3808 1519 συνήθων,

2144 1534 2488 1607 συμποσίων,
2541 1535 2923 1612 πανηγύρεων,
2984 1536 3244 1613 Θεάτρων,
3302 1537 3392 1591 καὶ
3450 1541 3556 1592 τῶν
3608 1534 3807 1593 ἄλλων

2142 1625 2357 1678 πάντων
2412 1629 2511 1690 τῆς
2573 1623 2780 1695 ἡδονῆς
2831 1626 3244 1704 φαντασμάτων,
3277 1626 3368 1681 καὶ
3424 1626 3809 1703 ὑπαγορεύου-

2143 1735 2224 1767 σιν
2284 1709 2428 1787 ὄψει,
2489 1713 2579 1768 καὶ
2637 1715 2877 1789 γλώττῃ,
2938 1715 3027 1769 καὶ
3087 1717 3302 1789 σώματι
3376 1722 3476 1785 τήν
3541 1715 3803 1791 ἐντυχίαν

2141 1801 2553 1872 ποιεῖσθαι,’ίνα
2582 1804 2670 1858 καὶ
2717 1806 2744 1874 ἡ
2801 1804 3067 1859 ἐνεστῶσα
3114 1804 3230 1880 ὥρα
3289 1804 3638 1861 ἀναλίσκεται
3691 1827 3805 1878 μα-

2135 1891 2323 1959 ταίως,
2354 1892 2444 1946 καὶ
2477 1894 2511 1961 ἡ
2554 1892 2801 1961 ἐπιοῦσα,
2833 1892 2997 1963 ἡνίκα
3048 1893 3212 1967 μόνος
3274 1896 3439 1969 μένῃς
3498 1892 3647 1949 ἔνδον
3696 1898 3803 1949 τοῦ

2130 1979 2381 2048 κελλίου,
2415 1979 2714 2037 δαπανᾶται
2746 1981 2800 2036 ἐν
2850 1988 2967 2045 ταῖς
3026 1986 3272 2057 μνήμαις
3324 1989 3434 2039 τῶν
3496 1983 3801 2049 θεαθέντων

2130 2070 2220 2124 καὶ
2281 2070 2633 2141 λαληθέντων
2672 2094 2683 2106 ·
2719 2072 2807 2126 καὶ
2866 2071 3009 2127 οὕτω
3066 2072 3369 2141 ἀωντελής
3430 2075 3458 2144 ἦ
3527 2075 3640 2143 ζωή
3694 2078 3801 2129 τοῦ

2132 2164 2382 2234 μοναχοῦ
2432 2157 2730 2233 διανύεται,
2763 2161 2838 2223 εἷς
2890 2162 3158 2235 κοσμικὰς
3210 2161 3461 2238 ἐργασίας
3510 2162 3605 2225 τὰς
3661 2164 3797 2218 ἔαυ-

2128 2253 2235 2303 τῶν
2297 2252 2514 2322 μνήμας
2568 2248 2871 2328 γλύφουσιν
2929 2250 2979 2305 ἐν
3040 2255 3108 2325 τῇ
3161 2249 3394 2323 διανοίᾳ,
3427 2250 3664 2327 καθάπερ
3696 2250 3801 2308 πό-

2128 2335 2216 2400 δες
2272 2339 2561 2414 ἀνθρώπου
2608 2339 2675 2395 τὰ
2722 2338 2835 2394 ἴδια
2881 2338 3013 2415 ἴχνη
3067 2340 3118 2395 ἐν
3158 2340 3322 2417 χιό-ιι
3360 2338 3691 2417 βαδίζοντες.
3725 2340 3797 2397 Εἰ

2131 2427 2330 2502 βρῶμα
2384 2434 2505 2489 τοῖς
2570 2428 2783 2502 θηρίοις
2840 2415 3179 2505 παρέχομεν,
3214 2430 3347 2485 πότε
3401 2430 3794 2503 θανατώσομεν

2126 2516 2297 2584 αὐτά;
2331 2518 2418 2571 καὶ
2468 2518 2513 2571 εί
2576 2517 2625 2571 ἐν
2688 2514 2869 2593 ἔργοις
2920 2518 3010 2573 καὶ
3068 2516 3367 2594 λογισμοῖς
3418 2526 3517 2589 τῆς
3578 2517 3795 2594 ἀλόγου

2127 2602 2312 2680 φιλίας
2345 2605 2435 2660 καὶ
2494 2607 2780 2677 συνηθείας
2838 2605 3279 2683 ἀδολεσχοῦμεν,
3311 2608 3445 2663 πότε
3500 2611 3598 2677 τῆς
3657 2630 3795 2687 σαρ-

2123 2693 2218 2755 κὸς
2270 2695 2609 2770 νεκρώσομεν
2652 2697 2713 2750 τὸ
2772 2695 3081 2773 φρόνημα;
3143 2696 3276 2751 πότε
3330 2698 3391 2766 ἦν
3452 2694 3799 2771 ἐπηγγειλά-

2128 2793 2265 2854 μεθα
2294 2786 2430 2838 κατὰ
2460 2785 2691 2859 Χριστὸν
2756 2786 2902 2854 ζωὴν
2966 2787 3203 2858 ζήσομεν
3231 2806 3245 2857 ;
3277 2787 3340 2843 Ὀ
3399 2785 3450 2841 ἐν
3487 2786 3637 2861 χιόνι
3695 2785 3800 2841 τύ-

2122 2893 2224 2926 πος
2282 2877 2391 2927 τῶν
2451 2871 2661 2945 ποδῶν,
2694 2873 2729 2943 ἢ
2763 2871 3084 2948 λάμψαντος
3142 2873 3308 2944 ἡλίου
3370 2872 3580 2943 λύεται,
3613 2874 3649 2945 ἢ
3685 2896 3791 2930 κα-

2120 2960 2476 3037 ταρῥαγέντος
2538 2960 2730 3025 ὕδατος
2790 2962 3003 3039 οἵχεται
3061 2983 3073 2995 ·
3134 2965 3223 3019 καὶ
3278 2966 3332 3019 αἱ
3400 2962 3784 3029 κοιλανθεῖσαι

2126 3057 2339 3123 μνῆμαι
2372 3050 2422 3105 ἐν
2448 3056 2515 3126 τῇ
2548 3049 2763 3125 διανοίᾳ
2793 3051 2851 3107 έκ
2888 3050 3193 3130 φιληδόνου
3226 3050 3518 3118 διαθέσεως
3554 3054 3643 3109 καὶ
3676 3060 3785 3109 τῶν

2121 3139 2388 3211 πράξεων,
2428 3143 2531 3196 ὑπὸ
2562 3143 2800 3216 Χριστοῦ
2828 3147 2926 3197 τοῦ
2956 3142 3359 3206 ἀνατέλλοντος
3385 3142 3438 3199 ἐι
3470 3148 3539 3218 τῇ
3586 3142 3787 3218 καρδίᾳ

2048 3212 2091 3278 C
2132 3226 2221 3283 διὰ
2276 3238 2618 3306 προσευχῆς,
2650 3233 2739 3286 καὶ
2791 3238 2890 3302 τῆς
2945 3231 3340 3288 εὐκατανύκτου
3403 3234 3614 3309 βροχῆς
3667 3237 3777 3287 τῶν

2128 3316 2374 3397 δακρύων
2406 3320 2829 3399 ἐξαφανίζονται.

2195 3447 2256 3503 Ὀ
2314 3451 2446 3521 γοῦν
2508 3448 2584 3519 μή
2643 3447 2781 3502 κατὰ
2830 3446 2995 3524 λόγον
3050 3446 3301 3524 πράττων
3341 3448 3610 3524 μοναχὸς,
3642 3446 3781 3505 πότε

2122 3534 2217 3597 τὰς
2273 3534 2323 3589 ἐν
2382 3540 2450 3610 τῇ
2511 3534 2722 3608 διανοίᾳ
2776 3536 3087 3613 προλήψεις
3141 3538 3468 3612 ἀπαλείψει;
3519 3537 3780 3595 Τελεῖται

2122 3628 2314 3699 πρᾶξις
2370 3626 2574 3700 ἀρετῶν
2625 3626 2677 3681 ἐν
2732 3631 2811 3698 τῷ
2871 3626 3108 3699 σώματι,
3142 3627 3233 3683 ἐὰν
3278 3626 3617 3703 καταλείψῃς
3674 3629 3780 3697 τὴν

2120 3718 2218 3769 τοῦ
2274 3714 2487 3787 κόσμου
2543 3717 2851 3785 συνήθειαν.
2908 3720 3215 3775 Τυποῦνται
3278 3725 3490 3793 μνῆμαι
3557 3719 3787 3793 ἀγαθαὶ,

2122 3806 2209 3860 καὶ
2244 3806 2385 3858 Θεῖοι
2413 3804 2569 3879 λόγοι
2602 3803 3013 3883 φιλο-χωροῦσιν
3064 3805 3119 3861 ἐν
3167 3810 3237 3881 τῇ
3294 3810 3473 3883 ψυχῇ,
3505 3806 3592 3862 ἐὰν
3654 3829 3788 3864 συν-

2125 3895 2306 3969 εχέσιν
2337 3893 2547 3968 εὐχαῖς,
2579 3895 2713 3967 μετᾶ
2771 3896 2982 3970 θερμῆς
3038 3896 3372 3970 κατανύξεως
3431 3897 3789 3973 ἆνυομέναις,

2124 3981 2175 4037 έν
2234 3986 2303 4055 τῇ
2364 3980 2573 4054 διανοίᾳ
2627 3983 2724 4044 τὰς
2786 3986 3008 4057 μνήμας
3053 3989 3161 4040 τῶν
3193 3984 3475 4061 προτέρων
3530 3986 3791 4061 πράξεων

2124 4070 2434 4145 ἐξαλείψῃς.
2488 4072 2549 4128 Ὀ
2590 4072 2873 4145 φωτισμὸς
2928 4073 3031 4149 γὰρ
3088 4076 3186 4142 τῆς
3244 4074 3478 4137 πίστεως
3535 4081 3635 4145 τῆς
3685 4082 3796 4132 τοῦ

2123 4158 2257 4216 Θεοῦ
2308 4162 2558 4233 μνήμης,
2594 4160 2685 4215 καὶ
2742 4163 2776 4230 ἡ
2838 4158 3096 4232 συντριϐὴ
3156 4170 3256 4232 τῆς
3310 4160 3563 4239 καρδίας,
3626 4162 3797 4236 δίκην

2124 4250 2306 4325 ξυρίου
2363 4250 2461 4312 τὰς
2521 4251 2767 4326 πονηρὰς
2831 4250 3121 4324 ἀποξέουσι
3183 4254 3429 4325 μνήμας.
3482 4255 3795 4326 Μιμήθητι

2122 4345 2227 4394 τῶν
2292 4337 2568 4413 μελισσῶν
2623 4341 2723 4408 τήν
2782 4339 3001 4418 σοφίαν.
3061 4343 3296 4398 Ἐκεῖναι
3368 4343 3471 4419 γὰρ
3539 4340 3797 4400 εἰδοῦσαι

2121 4431 2183 4485 τὸ
2214 4434 2423 4503 σμῆνος
2455 4434 2563 4483 τῶν
2594 4433 2816 4507 σφηκῶν
2846 4429 2969 4505 περὶ
3001 4431 3168 4493 αὐτὰς
3199 4433 3299 4500 τήν
3346 4438 3544 4501 πτῆσιν
3593 4452 3801 4488 ποιου-

2130 4521 2324 4593 μένων,
2356 4515 2507 4574 ἔνδον
2538 4523 2635 4574 τοῦ
2685 4514 2926 4592 σίμϐλου
2983 4519 3382 4595 παραμένουσι,
3416 4522 3503 4576 καὶ
3561 4524 3661 4591 τήν
3730 4522 3803 4580 ἐκ

2123 4614 2231 4664 τῶν
2283 4604 2593 4664 ἐπιϐούλων
2678 4603 2891 4685 βλάϐην
2970 4606 3463 4685 διαδιδράσκουσιν.
3531 4613 3803 4688 Σφηκίας

2123 4699 2236 4755 νόει
2264 4699 2361 4761 τὰς
2391 4699 2660 4772 κοσμικὰς
2711 4699 3028 4774 συντυχίας.
3061 4699 3266 4763 Ταύτας
3318 4698 3531 4774 σπουδῇ
3588 4700 3802 4777 πολλῇ

2126 4789 2361 4868 φεύγων,
2410 4788 2689 4864 παράμενε
2766 4788 2819 4842 ἐν
2904 4793 2984 4861 τῷ
3066 4787 3277 4863 ταμείῳ
3340 4794 3439 4845 τοῦ
3501 4789 3801 4867 σεμνείου,

2123 4879 2405 4937 κάντεῦθεν
2447 4883 2619 4953 πειρῶ
2656 4876 2823 4933 πάλιν
2878 4879 3218 4953 είσέρχεσθαι
3278 4880 3329 4934 ἐν
3378 4884 3458 4951 τῷ
3514 4877 3803 4956 ἐνδοτέρῳ

2124 4972 2222 5041 τῆς
2254 4972 2442 5044 ψυχῆς
2470 4967 2736 5045 φρουρίῳ,
2770 4968 2903 5041 ὅπερ
2955 4970 3102 5030 οἶκος
3156 4969 3395 5043 Χριστοῦ
3454 4968 3615 5041 ἐστιν,
3648 4967 3703 5024 ἐν
3743 4970 3802 5045 ᾧ

2126 5058 2342 5129 εἰρήνη,
2395 5055 2483 5110 καὶ
2544 5054 2709 5129 χαρὰ,
2771 5055 2859 5109 καὶ
2944 5053 3157 5130 γαλήνη
3251 5052 3483 5129 βεϐαίως
3567 5058 3798 5134 ὁρᾶται.

2125 5150 2237 5204 Τοῦ
2289 5148 2492 5214 νοητοῦ
2549 5142 2719 5213 ⁹ἡλίου
2766 5147 3003 5220 Χριστοῦ
3059 5146 3126 5198 τὰ
3171 5142 3323 5220 δῶρα
3376 5150 3566 5216 ταῦτα,
3612 5147 3803 5203 καθά-ι

2124 5256 2224 5310 περ
2282 5236 2431 5295 τινας
2488 5234 2706 5295 ἀκτῖνας
2774 5235 2900 5308 παρ’
2960 5235 3152 5289 ἑαυτοῦ
3228 5224 3628 5309 ἐκπέμποντος,
3688 5239 3803 5295 καὶ

2125 5326 2307 5401 ὥσπερ
2363 5323 2484 5378 τινὰ
2546 5323 2736 5396 μισθὸν
2814 5326 3202 5399 παρεχομένου
3258 5328 3327 5399 τῇ
3392 5324 3802 5404 ὑποδεχομένη

2122 5415 2284 5470 αὐτὸν
2343 5415 2497 5487 ψυχῇ
2561 5414 2695 5486 μετᾶ
2745 5411 2980 5477 πίστεως
3008 5413 3097 5468 καὶ
3141 5412 3493 5490 φιλοκαλίας.
3520 5417 3803 5489 Καθήμε-

2122 5526 2213 5566 νος
2242 5508 2369 5580 γοῦν
2427 5501 2479 5557 ἐν
2526 5506 2608 5573 τῷ
2658 5499 2819 5574 οἹκῳ,
2854 5502 3162 5575 μνημόνευε
3208 5507 3362 5576 Θεοῦ,
3395 5503 3635 5580 ἐπαίρων
3690 5507 3805 5563 τὸν

2122 5598 2246 5650 νοῦν
2308 5593 2413 5647 ἀπὸ
2468 5592 2707 5659 πάντων,
2764 5590 2855 5646 καὶ
2930 5594 3070 5666 πρὸς
3144 5594 3237 5649 τὸν
3305 5595 3433 5649 Θεὸν
3493 5594 3805 5669 ἀφθόγγως

2123 5681 2481 5761 ἐπιρῥίπτων,
2511 5680 2602 5738 καὶ
2632 5683 2804 5736 πᾶσαν
2852 5686 2953 5752 τῆς
2990 5679 3218 5759 καρδίας
3269 5681 3503 5740 διάθεσιν
3565 5682 3798 5762 ἰκχὲων
