4090 6400
278 372 391 430 389

1225 372 1321 424 os:
1359 368 1813 424 asscoxon‘a
1847 367 2324 424 censuram:
2362 371 2439 425 IN
2476 368 2788 427 CHRISTO

3614 373 3722 429 390

274 499 509 553 ἐνώπιον
541 495 735 566 αὐτοῦ,
764 495 855 549 καὶ
906 491 994 549 διὰ
1040 499 1143 562 τῆς
1184 492 1397 568 ἀγάπης
1457 494 1605 557 αύτῷ
1662 489 1941 568 προσκολ-

2067 493 2388 551 illuminat.
2418 496 2527 560 Qui
2560 495 2839 567 spiritum
2871 512 3048 551 suum
3089 497 3155 552 ad
3199 502 3379 554 Deum
3409 500 3725 570 convertit,

274 587 555 661 λώμενος.
620 586 833 658 Μνήμη
892 583 995 659 γὰρ
1057 586 1192 637 Θεοῦ
1271 581 1472 656 θεωρία
1555 586 1689 637 Θεοῦ
1774 580 1942 653 ἐστιν,

272 675 537 737 ἕλκοντος
586 676 687 742 τὴν
737 675 921 749 ὅρασιν
979 671 1070 726 καὶ
1126 673 1225 740 τὴν
1277 667 1457 749 ἔφεσιν
1503 677 1600 726 τοῦ
1659 676 1750 725 νοῦ
1802 672 1939 747 πρὸς

276 764 494 836 ἑαυτόν,
523 763 723 834 καὶτῷ
763 763 890 837 παρ’
918 762 1089 831 ἑαυτῷ
1128 761 1266 837 φωτὶ
1319 762 1783 835 περιαυγάζοντος
1843 761 1941 813 αύ-

276 854 392 911 τὸν.
430 850 804 929 Ἐπιστρέφων
857 850 957 926 γὰρ
992 850 1019 904 6
1050 854 1175 911 νοῦς
1235 848 1374 925 πρὸς
1416 850 1507 904 τὸν
1568 850 1724 918 Θεὸν,
1756 849 1807 904 ἐν
1862 852 1940 920 τῷ

279 944 610 1001 καταπαύειν
643 947 818 1004 πάσας
845 942 942 1002 τὰς
974 937 1285 1002 εἷ’δοποιοὺς
1315 943 1421 994 τῶν
1484 936 1654 994 ὄντων
1710 939 1938 1010 ἐννοίας,

280 1032 537 1095 ἀνειδεῶς
598 1033 698 1107 ὁρᾷ
731 1051 743 1063 ·
777 1030 864 1086 καὶ
923 1033 992 1103 τῇ
1044 1030 1165 1084 καθ’
1220 1030 1497 1105 ὑπεροχὴν
1559 1029 1795 1104 ἀγνωσία
1853 1027 1941 1083 διὰ

282 1126 343 1179 τὸ
391 1125 493 1191 τῆς
557 1119 718 1191 δόξης
778 1120 1096 1193 ἀπρόσιτον,
1128 1119 1227 1187 τὴν
1283 1120 1475 1173 ἑαυτοῦ
1538 1119 1730 1195 βλέψιν
1793 1117 1941 1190 λαμ-

291 1211 476 1287 πρύνει
511 1229 524 1243 ’
557 1209 650 1265 καὶ
703 1209 780 1281 μὴ
825 1208 1107 1284 γινώσκων
1165 1204 1254 1260 διὰ
1300 1207 1399 1274 τὴν
1433 1204 1813 1279 ἀκαταληψίαν
1843 1210 1940 1259 τοῦ

291 1301 593 1377 ὁρωμένου,
621 1296 876 1373 γινώσκει
927 1294 1015 1350 διὰ
1071 1298 1170 1366 τὴν
1228 1294 1488 1366 ἀλήθειαν
1545 1299 1644 1349 τοῦ
1701 1295 1906 1371 κυρίως
1964 1291 2142 1363 ὄντος,
2190 1294 2281 1349 καὶ
2343 1294 2512 1366 μόνου
2568 1296 2629 1349 τὸ
2692 1296 2964 1371 ὑπερεῖναι
3022 1294 3247 1372 ἔχοντος
3291 1316 3303 1329 ·

2061 583 2303 639 retrahit
2319 602 2352 639 a
2371 601 2567 640 rerum
2585 585 2907 641 visibilium
2934 586 3293 658 imaginibus
3318 593 3373 642 et
3392 589 3617 659 absque
3644 590 3710 643 fi-

2051 690 2128 744 gu
2140 690 2200 727 ra
2218 674 2653 745 contemplatur
2670 693 2681 741 ;
2698 679 2980 742 attamen,
3001 676 3716 746 propterinaccessibilcm

2050 762 2322 833 gloriam,
2350 763 2535 817 Deum
2570 764 2626 817 in
2663 781 2723 817 se
2748 780 3097 834 cognoscere
3130 766 3335 835 nequit
3355 770 3412 820 et
3440 766 3597 821 solos
3619 784 3706 821 re-

2054 851 2198 923 cipit
2222 851 2444 920 radios;
2464 852 2602 906 dum
2629 853 2785 907 videt
2807 853 3487 923 incomprehensibilem,
3506 871 3722 926 cogno-

2050 940 2162 995 scit
2201 942 2745 1012 supereminentem
2771 941 3140 996 exislentiam
3184 942 3366 1014 illius,
3392 945 3492 1016 qui
3525 945 3722 999 omnia

2051 1034 2329 1101 superat;
2366 1045 2433 1085 ex
2480 1030 2711 1084 infinita
2762 1035 2959 1085 autem
3008 1031 3271 1086 laonitate
3309 1033 3411 1087 Dei
3457 1049 3717 1088 amorem

2052 1134 2226 1173 suum
2274 1119 2479 1183 nutrit,
2523 1135 2756 1173 omnem
2798 1136 2967 1174 suam
2996 1120 3280 1191 adimplet
3310 1121 3720 1193 capacitatem,

2055 1208 2313 1279 quietem
2350 1207 2523 1262 habet
2554 1207 2986 1263 indeﬁcientem
3019 1213 3076 1264 et
3105 1210 3358 1264 beatam.

3367 1297 3456 1353 xui
3509 1296 3598 1353 διὰ
3652 1299 3718 1355 τὸ

284 1390 552 1448 πλούσιον
580 1395 679 1459 τῆς
712 1386 910 1442 ἐκεῖθεν
966 1381 1339 1456 ἐκϐλυζούσης
1364 1384 1701 1459 ἀγαθότητος
1726 1383 1934 1462 τρέφων
1965 1386 2059 1439 τὸν
2091 1384 2282 1438 ἑαυτοῦ
2314 1378 2509 1459 ἔρωτα,
2542 1383 2631 1440 xui
2657 1386 2755 1453 τὴν
2789 1383 2928 1440 ἶδίαν
2961 1384 3270 1462 έντρέχειαν
3313 1386 3717 1466 πληροφορῶν,

282 1479 637 1540 ἀναπαύσεως
669 1475 917 1547 ἀλήκτου
947 1475 1037 1530 καὶ
1073 1473 1343 1550 μακαρίας
1371 1474 1739 1545 καταξιοῦται.

353 1574 540 1630 Ταῦτα
573 1568 667 1641 μὲν
698 1567 765 1621 τά
805 1570 906 1632 τῆς
966 1560 1223 1641 ἀκριϐοῦς
1289 1566 1516 1638 μνήμης
1570 1563 1942 1640 γνωρίσματα.

283 1659 580 1736 Προσευχὴ
642 1654 698 1711 δέ
746 1656 857 1710 ἐστι
916 1652 1152 1729 διαλογὴ
1208 1651 1453 1715 διανοίας
1527 1654 1664 1729 πρὸς
1723 1653 1948 1729 Κύριον,

286 1752 510 1826 ῥήματα
543 1745 776 1817 δεήσεως
822 1742 1109 1799 διανύουσα
1163 1744 1299 1815 μετά
1348 1750 1449 1811 τῆς
1507 1747 1604 1797 τοῦ
1656 1746 1751 1797 νοῦ
1808 1742 1945 1814 πρὸς

286 1839 419 1894 Θεὸν
481 1834 679 1906 ὁλικῆς
736 1833 1044 1894 ἀτενίσεως.
1076 1838 1188 1901 Τῆς
1251 1830 1497 1896 διανοίας
1542 1832 1643 1908 γὰρ
1698 1835 1942 1905 συνεχῶς

290 1926 739 2002 ὑπαγορευούσης
796 1924 861 1977 τὸ
918 1926 1014 1976 τοῦ
1074 1920 1275 1997 Κυρίου
1334 1916 1530 1994 ὄνομα,
1563 1921 1651 1975 καὶ
1708 1924 1806 1976 τοῦ
1853 1923 1946 1974 νοῦ

287 2018 531 2092 ἐναργῶς
583 2017 650 2087 τῇ
704 2011 993 2082 ἐπικλήσει
1048 2015 1144 2065 τσῦ
1203 2010 1349 2064 θείου
1426 2010 1697 2083 ὀνόματος
1774 2029 1945 2082 προσ-

2128 1566 2307 1637 Signa
2353 1571 2551 1622 autem
2606 1570 2665 1621 et
2712 1566 3080 1622 characteres
3136 1568 3401 1638 perfectae
3449 1569 3715 1624 recorda-

2057 1654 2236 1710 tionis
2258 1656 2351 1710 Dei
2381 1661 2521 1710 sunt
2544 1656 2870 1726 sequentia.
2888 1654 3086 1711 Oratio
3113 1657 3369 1727 primum
3392 1661 3481 1712 est
3504 1658 3718 1713 mentis

2059 1743 2418 1815 colloquium
2453 1762 2587 1799 cum
2620 1746 2736 1800 Deo
2763 1745 2970 1809 ;verba
3003 1747 3381 1816 proferuntur
3412 1746 3715 1812 orationis,

2059 1833 2198 1887 dum
2220 1834 2455 1889 animus
2472 1838 2630 1889 totus
2646 1836 2714 1889 ad
2741 1834 2927 1889 Deum
2951 1834 3223 1889 intendit.
3244 1836 3408 1890 Mens
3432 1836 3716 1907 suggerit,

2059 1922 2232 1975 modo
2253 1921 2645 1987 indesinente,
2671 1938 2882 1977 nomen
2916 1922 3166 1989 Domini,
3192 1928 3246 1978 et
3271 1924 3505 1978 animus
3529 1923 3718 1979 conti-

2059 2026 2175 2065 nuo
2189 2010 2452 2066 invocato
2469 2011 2705 2065 nomine
2719 2010 2913 2065 divino
2929 2015 3085 2065 atten
3098 2011 3418 2078 dit;exinde
3441 2014 3502 2066 lit
3517 2018 3581 2067 ut
3594 2012 3715 2068 ani-

287 2108 540 2182 έχοντος,
571 2107 669 2173 τῆς
700 2108 797 2157 τοῦ
820 2106 952 2157 Θεοῦ
982 2103 1238 2177 γνώσεως
1273 2101 1336 2156 τὸ
1386 2105 1500 2179 φῶς
1544 2102 1784 2174 καθάπερ
1835 2122 1951 2174 φω-

2057 2116 2149 2156 ma
2189 2104 2312 2155 tota
2353 2100 2523 2171 quasi
2563 2100 2720 2154 nube
2759 2099 2958 2155 lucida
2998 2098 3401 2155 obumbretur.
3434 2099 3708 2156 Sedulam

282 2200 469 2267 τεινὴν
528 2195 761 2274 νεφέλην
816 2200 989 2249 πᾶσαν
1055 2191 1354 2262 ἐπισκιάζει
1402 2194 1502 2261 τὴν
1544 2195 1753 2268 ψυχήν.
1787 2193 1945 2248 Ἔπε-

281 2311 369 2345 ται
404 2286 565 2360 δὲτῇ
611 2286 707 2359 μὲν
748 2278 963 2357 ἀκριϐεῖ
1023 2285 1217 2358 μνήμῃ
1272 2287 1366 2337 τοῦ
1424 2286 1557 2338 Θεοῦ
1612 2282 1791 2357 ἀγάπη
1853 2282 1943 2336 καὶ

285 2378 435 2453 χαρᾶ
468 2395 482 2409 ·
518 2400 547 2427 ‹‹
582 2375 893 2447 Ἑμνήσθην
944 2373 1069 2449 γὰρ,
1113 2371 1270 2446 φησί,
1325 2377 1421 2426 τοῦ
1480 2376 1636 2442 Θεοῦ,
1692 2372 1780 2426 xui
1840 2370 1945 2441 ηύο

282 2464 550 2544 φράνθην.
611 2488 639 2516 ››
691 2466 769 2535 Τῇ
840 2458 895 2516 δὲ
952 2465 1162 2536 καθαρᾷ
1232 2465 1542 2536 προσευχῇ,
1595 2465 1798 2535 γνῶσις
1850 2460 1942 2515 xui

282 2556 619 2626 κατάνυξις·
656 2577 683 2604 ι(
727 2553 814 2608 'Ev
968 2549 1028 2604 ἃν
1087 2551 1273 2624 ἡμέρᾳ
1327 2550 1451 2627 γάρ,
1508 2550 1694 2627 φησὶν,
1757 2548 1947 2605 ἐπικα-

285 2644 525 2717 λέσομαί
581 2662 662 2711 σε,
694 2639 814 2696 ἰδοὺ
856 2639 1028 2715 ἔγνων
1087 2639 1169 2694 ὅτι
1228 2639 1356 2702 Θεός
1418 2660 1525 2713 μου
1572 2639 1619 2693 εἶ
1659 2639 1743 2694 σύ.
1782 2663 1811 2691 η
1843 2639 1944 2696 Καὶ

286 2732 480 2789 πάλιψ
521 2757 541 2782 ι
577 2731 749 2787 Θυσία
803 2734 884 2801 τῷ
943 2733 1084 2802 Θεῷ,
1124 2734 1348 2803 ’πνεῦμα
1398 2730 1881 2802 συντετριμμένον.
1917 2750 1942 2781 ι

286 2824 433 2885 Νοὸς
491 2822 593 2898 γὰρ
646 2820 738 2874 καὶ
796 2816 1042 2880 διανοίας
1102 2818 1515 2895 παρισταμένων
1563 2819 1641 2890 τῷ
1699 2823 1816 2891 Θεῷ
1876 2817 1949 2872 δι’

290 2913 539 2988 ἐνεργοῦς
598 2907 885 2971 ἀτενίσεως
936 2908 1027 2963 xui
1102 2910 1309 2984 θερμῆς
1380 2906 1637 2978 δεήσεως,
1686 2908 1778 2962 xui
1846 2914 1946 2977 τῆς

296 3002 539 3076 ψυχῆςὴ
572 2999 860 3070 κατάνυξις
894 2995 1206 3053 ἀκολουθεῖ.
1239 3002 1354 3055 Νοῦ
1396 2994 1473 3068 δὲ,
1508 2995 1597 3051 καὶ
1630 2995 1824 3071 Λόγου,
1855 2998 1945 3051 xui

302 3090 596 3163 πνεύματος
656 3088 1113 3163 προσπιπτόντων
1172 3090 1252 3159 τῷ
1326 3092 1440 3159 Θεῷ
1514 3091 1611 3141 τοῦ
1690 3086 1807 3159 μὲν,
1857 3084 1947 3141 διὰ

294 3186 598 3254 προσοχῆς,
627 3181 726 3233 τοῦ
776 3174 857 3246 δὲ,
889 3175 958 3232 δι’
990 3174 1354 3247 ἐπικλήσεως,
1398 3181 1496 3231 τοῦ
1544 3174 1622 3245 δὲ,
1658 3173 1747 3231 διὰ
1782 3196 1943 3230 κατα-

284 3269 485 3340 νύξεως
518 3268 605 3323 xui
640 3268 879 3342 ἀγάπης,
912 3264 1042 3328 ὅλος
1093 3266 1121 3320 6
1163 3263 1313 3321 ἔνδον
1362 3266 1649 3338 ἄνθρωπος
1696 3265 1945 3339 λειτουρ-

283 3365 371 3434 γεῖ
436 3362 521 3430 τῷ
579 3357 791 3432 Κυρίῳ.
854 3378 876 3407 α
928 3356 1260 3431 Ἀγαπήσεις
1334 3356 1464 3430 γὰρ,
1531 3355 1686 3433 φησὶ,
1747 3353 1943 3429 Κύριον

2052 2190 2519 2245 recordationem
2563 2189 2820 2243 divinam
2869 2190 3323 2260 subsequuntur
3366 2189 3626 2244 charitas
3656 2196 3713 2245 et

2050 2277 2355 2349 gaudium.
2371 2278 2663 2349 Scriptum
2678 2282 2765 2332 est
2782 2295 2793 2333 :
2813 2298 2840 2325 «
2861 2277 2956 2332 Dei
2973 2279 3315 2333 recordatus
3331 2294 3486 2348 sum,
3505 2282 3561 2332 et
3577 2294 3708 2333 sum

2051 2368 2289 2440 gavisus
2309 2368 2351 2421 ⁸.
2392 2390 2419 2417 ››
2462 2367 2522 2422 Si
2558 2384 2704 2438 pura
2753 2367 2928 2421 fuerit
2975 2367 3185 2432 oratio,
3232 2368 3557 2423 adstabunt
3607 2384 3706 2422 co-

2051 2457 2236 2529 gnitio
2267 2462 2323 2512 et
2354 2456 2628 2512 contritio
2661 2455 2872 2511 cordis.
2908 2477 2935 2505 ‹‹
2965 2456 3027 2509 In
3074 2473 3191 2527 qua
3220 2457 3314 2511 die
3364 2457 3709 2512 invocavero

2052 2551 2128 2611 te,
2162 2563 2293 2601 ecce
2323 2545 2564 2617 cognovi
2608 2545 2746 2619 quia
2778 2549 2930 2600 Deus
2972 2561 3140 2599 meus
3172 2560 3233 2599 es
3266 2550 3327 2599 tu
3362 2546 3402 2601 ⁷.
3438 2566 3466 2595 ››
3500 2547 3567 2599 Et
3597 2545 3711 2601 ite-

2052 2651 2182 2689 rum
2216 2652 2228 2688 :
2265 2655 2292 2684 «
2315 2634 2678 2689 Sacriﬁcium
2716 2639 2827 2689 Deo
2859 2634 3105 2704 spiritus
3149 2634 3585 2689 contribulatus
3606 2635 3647 2688 ⁸.
3682 2657 3708 2683 ››

2054 2723 2199 2778 Cum
2248 2724 2495 2795 spiritus
2542 2727 2598 2779 et
2647 2739 2815 2778 mens
2856 2738 2958 2794 per
3006 2722 3251 2777 activam
3302 2723 3360 2777 in
3412 2724 3596 2778 Deum
3648 2741 3709 2779 se

2053 2814 2251 2868 ferunt
2280 2813 2659 2869 attentionem
2696 2818 2870 2883 atque
2890 2812 3170 2867 fervidam
3197 2812 3554 2882 orationem,
3580 2814 3721 2867 sub-

2054 2902 2318 2973 sequitur
2364 2903 2570 2958 animae
2621 2901 2916 2957 contritio.
2954 2899 3312 2971 Intellectus,
3367 2902 3608 2957 verbum
3659 2908 3714 2957 et

2054 2993 2301 3064 spiritus
2348 2998 2467 3047 Deo
2516 3009 2578 3047 se
2630 2994 3029 3063 praesentant:
3081 2989 3415 3046 intellectus
3476 2990 3714 3061 quidem

2054 3082 2327 3148 attendit,
2376 3081 2618 3135 verbum
2678 3080 2817 3135 facit
2865 3079 3213 3146 orationem,
3272 3080 3518 3151 spiritus
3579 3096 3713 3134 vero

2052 3170 2283 3242 perﬁcit
2309 3186 2567 3226 amorem
2598 3174 2655 3225 et
2699 3166 3120 3225 contritionem
3154 3211 3166 3236 ,
3210 3168 3293 3223 ita
3344 3172 3508 3223 totus
3538 3168 3713 3223 homo

2052 3259 2320 3315 internus
2349 3265 2468 3314 Deo
2499 3258 2840 3313 famulatur.
2867 3278 2896 3307 ‹‹
2922 3256 3141 3328 Diliges
3179 3256 3498 3312 Dominum
3531 3262 3714 3313 Deum

2053 3354 2224 3405 tuum
2255 3366 2323 3406 ex
2352 3352 2472 3405 toto
2495 3349 2668 3405 corde
2691 3352 2790 3404 tuo
2811 3348 2832 3382 ⁹
2852 3346 2935 3417 (in
2967 3347 3100 3403 aliis
3129 3345 3245 3403 cod.
3265 3391 3279 3417 ,
3303 3362 3373 3402 ex
3392 3350 3514 3402 tota
3548 3363 3719 3403 men-

281 3451 378 3504 τὸν
438 3446 573 3503 Θεόν
631 3467 727 3501 σου
780 3443 832 3517 ἐξ
888 3442 1028 3516 ὅλης
1083 3451 1184 3515 τῆς
1249 3442 1474 3520 καρδίας
1533 3466 1630 3500 σου
1682 3443 1754 3517 [ἐν
1810 3443 1943 3502 ἀλλ.
1978 3466 2021 3535 C
2059 3443 2118 3494 te
2147 3438 2292 3511 tua).
2328 3459 2357 3489 »

287 3537 538 3599 διανοίας
570 3539 689 3610 σου]
702 3579 714 3593 .
750 3561 773 3588 ι

362 3626 525 3695 Πλὴν
577 3624 779 3681 εἰδέναι
859 3645 918 3679 σε
998 3625 1089 3680 καὶ
1151 3628 1315 3680 τοῦτο
1394 3622 1691 3700 βούλομαι,
1755 3626 1954 3697 μήπως

289 3714 697 3794 προσεύχεσθαι
748 3713 1129 3787 λογιζόμενος,
1192 3714 1401 3789 μακρὰν
1458 3715 1557 3782 τῆς
1602 3720 1957 3793 ,προσευχῆς

293 3804 526 3881 βαδίζῃς
556 3803 648 3859 xui
699 3801 941 3879 ἀκερδῶς
997 3803 1233 3877 κάμνῃς,
1266 3804 1354 3858 καὶ
1409 3800 1661 3872 διακενῆς
1699 3804 1904 3878 τρέχῃς
1935 3819 1948 3834 ⁶

288 3898 424 3971 ὅπερ
482 3893 537 3949 ἐν
596 3897 667 3967 τῇ
723 3897 821 3948 τοῦ
877 3892 1148 3966 στόματος
1209 3889 1512 3968 ψαλμῳδίᾳ
1540 3891 1801 3962 τελεῖται,
1837 3893 1864 3947 6
1898 3889 1954 3946 δὲ

284 3990 415 4049 νοῦς
471 3982 731 4058 ἀλλαχοῦ
788 3982 1029 4060 φέρεται,
1061 3982 1139 4047 εἷς
1195 3984 1341 4052 πάθη
1401 3983 1493 4037 καὶ
1524 3982 1818 4058 πράγματα
1863 4003 1954 4055 με·

285 4074 604 4148 ριζόμενος,
638 4072 715 4133 ὡς
744 4073 984 4127 ἐντεῦθεν
1034 4072 1124 4127 καὶ
1180 4073 1280 4140 τὴν
1338 4070 1542 4125 σύνεσιν
1604 4077 1703 4139 τῆς
1763 4068 1950 4144 ψαλμ-

286 4161 460 4235 φόίας
492 4160 861 4235 λυμαίνεσθαι
895 4181 907 4192 ·
938 4165 1100 4217 τοῦτο
1130 4162 1336 4238 γίνεται
1366 4160 1458 4216 καὶ
1489 4159 1540 4215 ἐν
1586 4163 1655 4234 τῇ
1717 4157 1946 4231 διανοίᾳ.

282 4251 571 4314 Πολλάκις
624 4250 726 4326 γὰρ
787 4251 955 4320 αὐτῆς
1034 4249 1402 4327 διερχομένης
1456 4250 1524 4305 τὰ
1585 4248 1805 4325 ῥήματα
1851 4255 1951 4318 τῆς

281 4341 482 4415 εὐχῆς,
518 4341 546 4394 ὁ
576 4343 703 4401 νοῦς
729 4339 790 4395 ού
850 4337 1273 4408 συνοδεύει,ούκ
1330 4339 1617 4408 ένατενίζει
1674 4343 1755 4411 τῷ
1811 4343 1949 4410 Θεῷ,

276 4430 420 4505 πρὸς
450 4430 509 4484 ὃν
552 4430 641 4484 xui
673 4432 707 4497 ἡ
739 4429 877 4484 κατά
903 4431 1001 4498 τὴν
1035 4430 1352 4503 προσευχὴν
1407 4427 1639 4502 διαλογὴ
1700 4427 1904 4501 γίνεςαι
1932 4447 1944 4460 ·

276 4517 595 4595 ἐκτρέπεται
631 4516 688 4573 δὲ
718 4520 820 4573 ὑπό
878 4540 1042 4574 τινων
1106 4517 1324 4574 ἐννοιῶν
1389 4518 1731 4588 λεληθότως.
1768 4517 1867 4573 Καὶ
1911 4519 1946 4587 ἡ

281 4608 377 4679 μὲν
415 4604 636 4662 διάνοια
666 4606 810 4681 λέγει
846 4609 1093 4678 συνήθως
1122 4608 1189 4662 τὰ
1216 4606 1438 4684 ῥήματα
1471 4626 1483 4638 ο
1523 4607 1551 4660 ὁ
1584 4604 1642 4660 δὲ
1688 4610 1818 4667 νοῦς
1849 4608 1949 4670 τῆς

271 4701 371 4751 τοῦ
427 4701 566 4751 Θεοῦ
620 4699 877 4771 γνώσεως
937 4696 1310 4761 διολισθαίνει.
1364 4698 1521 4753 ’Όθεν
1580 4695 1670 4750 καί
1727 4694 1852 4749 τότε
1911 4696 1945 4763 ἡ

274 4787 435 4862 ψυγὴ
497 4785 873 4857 ἀκατανόητος
926 4787 1017 4842 καὶ
1078 4785 1362 4851 ἀδιάθετος
1414 4785 1679 4864 φαίνεται,
1714 4785 1790 4846 ὡς
1848 4787 1946 4837 τοῦ

266 4879 367 4929 νοῦ
433 4877 871 4951 ακορπιζομένοο
925 4873 1000 4937 εἴς
1055 4897 1208 4938 τινας
1269 4873 1585 4952 φαντασίας,
1635 4873 1725 4927 xui
1790 4892 1944 4945 μετε-

269 4964 651 5038 ωριζομένου,
682 4966 716 5034 ἢ
748 4965 887 5040 πρὸς
920 4964 953 5018 ’ἀ
982 4964 1273 5021 κλέπτεται
1305 4966 1340 5034 ἢ
1379 4961 1658 5039 βούλεται.
1678 4962 1946 5031 Εὐκτικῆς

264 5056 374 5129 γὰρ
406 5054 668 5129 γνώσεως
721 5055 798 5127 μὴ
832 5054 1115 5128 παρούσης
1152 5051 1292 5126 μηδὲ
1337 5057 1435 5107 τοῦ
1488 5050 1748 5125 δεομένου
1805 5070 1943 5125 παρ-

271 5144 571 5217 ισταμένου
614 5148 693 5215 τῷ
752 5142 1003 5217 δεομένῳ
1063 5142 1571 5217 παρακαλεῖν,πῶς
1626 5139 1942 5216 γλυκανθή-

270 5252 424 5289 σεται
536 5234 571 5301 ὴ
681 5236 898 5309 ψυχή;
993 5238 1111 5296 πῶς
1225 5232 1644 5307 εὐφρανθήσεται
1746 5226 1943 5303 καρδία

269 5320 727 5397 προσποιουμένη
784 5320 1065 5397 εὔχεσθαι,
1110 5320 1236 5378 ἀλλ’
1293 5322 1397 5376 ούκ
1453 5318 1720 5390 ἀληθινὴν
1770 5337 1939 5391 προσ-

266 5414 443 5488 ευχὴν
558 5411 1001 5487 περιποιουμένη
1048 5430 1069 5474 ,⁸
1174 5409 1618 5488 Εύφρανθήσεται
1744 5404 1942 5483 κσρδία

266 5501 591 5572 ζητούντων
634 5503 731 5558 τὸν
781 5500 1007 5576 Κύριον.
1040 5503 1205 5572 Ζητεῖ
1236 5498 1293 5556 δὲ
1322 5500 1414 5555 τὸν
1470 5498 1672 5574 Κύριον
1735 5497 1762 5551 6
1822 5493 1937 5551 δια-

2132 3621 2236 3674 Ast
2266 3622 2323 3673 et
2355 3633 2536 3672 unum
2567 3620 2623 3672 te
2648 3616 2938 3672 monitum
2972 3613 3119 3679 volo,
3145 3631 3216 3671 ne
3247 3615 3445 3671 forsan
3468 3618 3522 3671 te
3540 3632 3712 3671 oran-

2059 3711 2178 3763 tem
2238 3712 2430 3779 putes,
2482 3706 2622 3760 dum
2674 3704 2736 3759 in
2804 3704 3066 3760 oratione
3123 3705 3427 3776 procedas,
3480 3704 3713 3761 labores

2060 3794 2351 3851 inutiliter
2380 3799 2436 3849 et
2465 3794 2526 3849 in
2551 3810 2765 3850 vanum
2798 3810 3021 3849 curras.
3058 3794 3147 3849 Fit
3178 3794 3532 3864 quandoque
3560 3794 3712 3850 utin

2059 3886 2203 3941 orall
2232 3884 2562 3957 psalmodia
2587 3883 2922 3938 intellectus
2954 3883 3281 3954 divagetur,
3306 3883 3718 3954 dividaturque

2059 3975 2211 4030 inter
2234 3973 2539 4047 passiones
2562 3976 2618 4027 et
2642 3972 2874 4043 negotia
2894 3970 3121 4040 saeculi;
3147 3971 3256 4026 hoc
3280 3972 3449 4027 modo
3474 3989 3714 4028 sensum

2058 4063 2397 4137 psalmodiis
2430 4061 2714 4133 deperdit.
2750 4060 2899 4115 Illud
2934 4076 3167 4131 quoque
3203 4060 3263 4114 in
3306 4060 3547 4116 mentali
3580 4077 3716 4116 ora-

2058 4154 2217 4209 tione
2249 4152 2455 4208 evenit.
2493 4150 2786 4206 Orationis
2818 4148 2974 4205 enim
3008 4149 3185 4204 verba
3216 4150 3560 4220 procedunt,
3583 4166 3713 4221 quae

2058 4240 2448 4313 intelligentia
2486 4257 2600 4295 non
2642 4239 2978 4305 comitatur,
3013 4254 3118 4292 nec
3162 4239 3337 4293 refert
3386 4238 3458 4294 ad
3502 4243 3708 4305 Deum,

2058 4338 2115 4388 et
2145 4332 2193 4388 si
2246 4349 2346 4404 per
2391 4331 2717 4385 orationem
2763 4346 2894 4384 cum
2943 4330 3070 4400 ipso
3120 4327 3479 4398 colloquium
3532 4328 3707 4382 insti-

2056 4426 2293 4487 tuatur;
2326 4423 2485 4492 patet
2520 4418 2779 4473 animam
2819 4418 3029 4473 diverti
3071 4417 3281 4473 alienis
3331 4416 3711 4489 cogitationi-

2056 4512 2188 4567 bus.
2223 4515 2495 4566 Attamen
2530 4512 2810 4564 consueta
2838 4509 3015 4563 verba
3056 4506 3327 4578 producit
3356 4506 3715 4574 intellectus,

2055 4600 2296 4670 spiritus
2350 4603 2547 4653 autem
2598 4598 2657 4652 in
2702 4597 3034 4669 cognitione
3092 4597 3193 4652 Dei
3249 4613 3365 4651 non
3422 4595 3718 4651 consistit.
3764 4598 3765 4601 “

2054 4690 2204 4743 Tum
2236 4687 2461 4743 videtur
2493 4686 2692 4741 anima
2717 4703 2845 4743 esse
2870 4688 3093 4757 absque
3124 4684 3515 4756 intelligentia
3540 4689 3717 4755 atque

2055 4776 2464 4843 ordinatione;
2516 4791 2682 4830 mens
2730 4776 3089 4845 quibusdam
3142 4772 3415 4845 indulget
3463 4772 3717 4843 phanta-

1979 4836 2027 4898 Β
2058 4866 2346 4923 smatibus
2370 4881 2384 4919 :
2410 4864 2992 4919 circumferturinter
3020 4862 3254 4934 negotia
3287 4866 3346 4916 et
3379 4861 3717 4916 mundanas

2056 4954 2386 5008 varietates.
2420 4951 2773 5006 Praesentem
2807 4949 3090 5006 orationis
3124 4949 3422 5005 notionem
3459 4966 3575 5003 non
3608 4948 3713 5003 ha-

2056 5044 2173 5109 bet,
2208 5058 2313 5097 nec
2346 5039 2645 5112 petitionis
2679 5039 3091 5094 necessitatem
3127 5043 3182 5093 et
3213 5037 3463 5092 materia
3496 5038 3715 5092 sentit:

2055 5142 2171 5204 quo
2203 5131 2385 5202 igitur
2413 5130 2584 5183 modo
2604 5127 2879 5184 delectari
2913 5133 3109 5198 posset
3140 5126 3386 5182 anima?
3419 5128 3718 5198 quomodo

2054 5221 2335 5295 gauderet
2383 5235 2481 5274 cor
2530 5218 2600 5272 de
2648 5217 2930 5283 oratione,
2975 5232 3110 5271 cum
3148 5232 3341 5272 veram
3394 5215 3717 5271 orationem

2052 5329 2167 5367 non
2210 5306 2539 5381 producat?
2579 5306 2894 5361 Laetabitur
2935 5322 3036 5362 cor
3079 5304 3472 5377 quarentium
3515 5304 3719 5360 Domi-

2052 5418 2218 5457 num.
2247 5403 2428 5453 Deum
2462 5396 2729 5467 inquirit,
2762 5395 2862 5467 qui
2895 5401 3092 5452 mente
3124 5400 3247 5451 tota
3276 5399 3333 5449 et
3364 5394 3587 5450 fervida
3605 5393 3721 5449 dis-

2050 5489 2339 5564 positione
2371 5489 2507 5542 ante
2550 5485 2735 5540 Deum
2779 5486 3136 5557 procumbit,
3170 5484 3370 5542 omnia
3409 5482 3717 5540 saecularia

340 5719 363 5755 ⁸
394 5717 553 5777 Psal.
588 5732 785 5788 Lxxv1,
817 5717 870 5773 4.
902 5716 925 5752 ⁷
953 5714 1105 5775 Psal.
1141 5731 1230 5787 Lv,
1264 5715 1352 5772 10.
1384 5714 1405 5751 ⁸
1433 5712 1588 5771 Psal.
1619 5728 1673 5783 L,
1708 5711 1795 5768 19.
1824 5710 1847 5747 θ
1879 5710 1958 5767 De

2077 5723 2156 5774 1v,
2184 5704 2241 5759 5.
