  <div class='ocr_page' id='page_1' title='image "/cluster/home/n/w/nwhite01/storage/ocr_20150623/143:no.1/coo.31924054870484/203.png"; bbox 0 0 4090 6422; ppageno 0'>
   <div class='ocr_carea' id='block_1_1' title="bbox 391 402 492 458">
    <p class='ocr_par' dir='ltr' id='par_1_1' title="bbox 391 402 492 458">
     <span class='ocr_line' id='line_1_1' title="bbox 391 402 492 458; baseline 0 -1"><span class='ocrx_word' id='word_1_1' title='bbox 391 402 492 458; x_wconf 84' lang='grc'>391</span> 
     </span>
    </p>
   </div>
   <div class='ocr_carea' id='block_1_2' title="bbox 1529 402 2678 458">
    <p class='ocr_par' dir='ltr' id='par_1_2' title="bbox 1529 402 2678 458">
     <span class='ocr_line' id='line_1_2' title="bbox 1529 402 2678 458; baseline -0.001 0"><span class='ocrx_word' id='word_1_2' title='bbox 1529 402 1937 458; x_wconf 82' lang='lat' dir='ltr'>THEOLEPTI</span> <span class='ocrx_word' id='word_1_3' title='bbox 1975 402 2678 458; x_wconf 79' lang='lat' dir='ltr'>PHILADELPHIENSIS</span> 
     </span>
    </p>
   </div>
   <div class='ocr_carea' id='block_1_3' title="bbox 3710 403 3820 462">
    <p class='ocr_par' dir='ltr' id='par_1_3' title="bbox 3710 403 3820 462">
     <span class='ocr_line' id='line_1_3' title="bbox 3710 403 3820 462; baseline 0.027 -3"><span class='ocrx_word' id='word_1_4' title='bbox 3710 403 3820 462; x_wconf 82' lang='lat'>392</span> 
     </span>
    </p>
   </div>
   <div class='ocr_carea' id='block_1_4' title="bbox 392 519 2022 600">
    <p class='ocr_par' dir='ltr' id='par_1_4' title="bbox 392 525 2022 598">
     <span class='ocr_line' id='line_1_4' title="bbox 392 525 2022 598; baseline -0.001 -16"><span class='ocrx_word' id='word_1_5' title='bbox 392 525 650 598; x_wconf 90' lang='lat' dir='ltr'>cogitata</span> <span class='ocrx_word' id='word_1_6' title='bbox 674 525 902 598; x_wconf 83' lang='lat' dir='ltr'>repellit</span> <span class='ocrx_word' id='word_1_7' title='bbox 924 541 1024 597; x_wconf 91' lang='lat' dir='ltr'>per</span> <span class='ocrx_word' id='word_1_8' title='bbox 1056 525 1154 580; x_wconf 86' lang='lat' dir='ltr'>Dei</span> <span class='ocrx_word' id='word_1_9' title='bbox 1185 526 1485 580; x_wconf 86' lang='lat' dir='ltr'>notionem</span> <span class='ocrx_word' id='word_1_10' title='bbox 1518 530 1574 581; x_wconf 87' lang='lat' dir='ltr'>et</span> <span class='ocrx_word' id='word_1_11' title='bbox 1604 543 1886 594; x_wconf 90' lang='lat' dir='ltr'>amorem,</span> <span class='ocrx_word' id='word_1_12' title='bbox 1921 542 2022 598; x_wconf 79' lang='lat' dir='ltr'>qua</span> 
     </span>
    </p>
   </div>
   <div class='ocr_carea' id='block_1_5' title="bbox 2138 519 3816 600">
    <p class='ocr_par' dir='ltr' id='par_1_5' title="bbox 2161 519 3816 600">
     <span class='ocr_line' id='line_1_5' title="bbox 2161 519 3816 600; baseline 0.002 -21"><span class='ocrx_word' id='word_1_13' title='bbox 2161 524 2283 596; x_wconf 79' lang='grc' dir='ltr'>νοίᾳ</span> <span class='ocrx_word' id='word_1_14' title='bbox 2311 523 2414 597; x_wconf 80' lang='grc' dir='ltr'>ὅλῃ</span> <span class='ocrx_word' id='word_1_15' title='bbox 2443 522 2531 580; x_wconf 75' lang='grc' dir='ltr'>καί</span> <span class='ocrx_word' id='word_1_16' title='bbox 2564 519 2796 588; x_wconf 76' lang='grc' dir='ltr'>διαθέσει</span> <span class='ocrx_word' id='word_1_17' title='bbox 2828 527 3002 600; x_wconf 83' lang='grc' dir='ltr'>θερμῇ</span> <span class='ocrx_word' id='word_1_18' title='bbox 3051 524 3410 600; x_wconf 79' lang='grc' dir='ltr'>προσπίπτων</span> <span class='ocrx_word' id='word_1_19' title='bbox 3437 529 3517 599; x_wconf 88' lang='grc' dir='ltr'>τῷ</span> <span class='ocrx_word' id='word_1_20' title='bbox 3557 530 3692 599; x_wconf 88' lang='grc' dir='ltr'>Θεῷ,</span> <span class='ocrx_word' id='word_1_21' title='bbox 3723 528 3816 582; x_wconf 80' lang='grc' dir='ltr'>καὶ</span> 
     </span>
    </p>
   </div>
   <div class='ocr_carea' id='block_1_6' title="bbox 397 615 1656 688">
    <p class='ocr_par' dir='ltr' id='par_1_6' title="bbox 397 615 1656 688">
     <span class='ocr_line' id='line_1_6' title="bbox 397 615 1656 688; baseline -0.002 -16"><span class='ocrx_word' id='word_1_22' title='bbox 397 632 467 672; x_wconf 85' lang='lat' dir='ltr'>ex</span> <span class='ocrx_word' id='word_1_23' title='bbox 497 615 780 671; x_wconf 89' lang='lat' dir='ltr'>continua</span> <span class='ocrx_word' id='word_1_24' title='bbox 810 620 866 670; x_wconf 93' lang='lat' dir='ltr'>et</span> <span class='ocrx_word' id='word_1_25' title='bbox 897 632 1044 688; x_wconf 86' lang='lat' dir='ltr'>pura</span> <span class='ocrx_word' id='word_1_26' title='bbox 1075 615 1338 671; x_wconf 87' lang='lat' dir='ltr'>oratione</span> <span class='ocrx_word' id='word_1_27' title='bbox 1370 615 1656 672; x_wconf 75' lang='lat' dir='ltr'>defluunt.</span> 
     </span>
    </p>
   </div>
   <div class='ocr_carea' id='block_1_7' title="bbox 465 900 2043 972">
    <p class='ocr_par' dir='ltr' id='par_1_7' title="bbox 465 900 2043 972">
     <span class='ocr_line' id='line_1_7' title="bbox 465 900 2043 972; baseline -0.003 -12"><span class='ocrx_word' id='word_1_28' title='bbox 465 903 538 960; x_wconf 89' lang='lat' dir='ltr'>Ut</span> <span class='ocrx_word' id='word_1_29' title='bbox 577 904 979 958; x_wconf 75' lang='lat' dir='ltr'>demonstrem</span> <span class='ocrx_word' id='word_1_30' title='bbox 1029 901 1220 972; x_wconf 90' lang='lat' dir='ltr'>qualis</span> <span class='ocrx_word' id='word_1_31' title='bbox 1261 901 1338 958; x_wconf 86' lang='lat' dir='ltr'>sit</span> <span class='ocrx_word' id='word_1_32' title='bbox 1377 901 1574 958; x_wconf 90' lang='lat' dir='ltr'>divina</span> <span class='ocrx_word' id='word_1_33' title='bbox 1613 901 1937 958; x_wconf 82' lang='lat' dir='ltr'>recordatio</span> <span class='ocrx_word' id='word_1_34' title='bbox 1983 900 2043 955; x_wconf 91' lang='lat' dir='ltr'>in</span> 
     </span>
    </p>
   </div>
   <div class='ocr_carea' id='block_1_8' title="bbox 383 990 2046 1064">
    <p class='ocr_par' dir='ltr' id='par_1_8' title="bbox 383 990 2046 1064">
     <span class='ocr_line' id='line_1_8' title="bbox 383 990 2046 1064; baseline -0.001 -17"><span class='ocrx_word' id='word_1_35' title='bbox 383 991 633 1064; x_wconf 74' lang='lat' dir='ltr'>spiritus</span> <span class='ocrx_word' id='word_1_36' title='bbox 683 992 903 1046; x_wconf 87' lang='lat' dir='ltr'>visione</span> <span class='ocrx_word' id='word_1_37' title='bbox 950 995 1007 1044; x_wconf 91' lang='lat' dir='ltr'>et</span> <span class='ocrx_word' id='word_1_38' title='bbox 1055 990 1247 1061; x_wconf 84' lang='lat' dir='ltr'>qualis</span> <span class='ocrx_word' id='word_1_39' title='bbox 1299 1009 1444 1062; x_wconf 87' lang='lat' dir='ltr'>pura</span> <span class='ocrx_word' id='word_1_40' title='bbox 1492 995 1678 1047; x_wconf 86' lang='lat' dir='ltr'>oratio</span> <span class='ocrx_word' id='word_1_41' title='bbox 1729 992 1787 1046; x_wconf 93' lang='lat' dir='ltr'>in</span> <span class='ocrx_word' id='word_1_42' title='bbox 1830 991 2046 1046; x_wconf 89' lang='lat' dir='ltr'>mentis</span> 
     </span>
    </p>
   </div>
   <div class='ocr_carea' id='block_1_9' title="bbox 387 1079 2045 1153">
    <p class='ocr_par' dir='ltr' id='par_1_9' title="bbox 387 1079 2045 1153">
     <span class='ocr_line' id='line_1_9' title="bbox 387 1079 2045 1153; baseline -0.002 -16"><span class='ocrx_word' id='word_1_43' title='bbox 387 1081 691 1153; x_wconf 75' lang='lat' dir='ltr'>petitione,</span> <span class='ocrx_word' id='word_1_44' title='bbox 725 1081 905 1151; x_wconf 82' lang='lat' dir='ltr'>hujus</span> <span class='ocrx_word' id='word_1_45' title='bbox 932 1080 1194 1151; x_wconf 90' lang='lat' dir='ltr'>corporis</span> <span class='ocrx_word' id='word_1_46' title='bbox 1226 1079 1463 1135; x_wconf 91' lang='lat' dir='ltr'>oculum</span> <span class='ocrx_word' id='word_1_47' title='bbox 1497 1087 1552 1135; x_wconf 91' lang='lat' dir='ltr'>et</span> <span class='ocrx_word' id='word_1_48' title='bbox 1574 1081 1838 1151; x_wconf 86' lang='lat' dir='ltr'>linguam</span> <span class='ocrx_word' id='word_1_49' title='bbox 1872 1080 2045 1134; x_wconf 92' lang='lat' dir='ltr'>modo</span> 
     </span>
    </p>
   </div>
   <div class='ocr_carea' id='block_1_10' title="bbox 387 1168 2046 1240">
    <p class='ocr_par' dir='ltr' id='par_1_10' title="bbox 387 1168 2046 1240">
     <span class='ocr_line' id='line_1_10' title="bbox 387 1168 2046 1240; baseline -0.001 -15"><span class='ocrx_word' id='word_1_50' title='bbox 387 1171 754 1225; x_wconf 80' lang='lat' dir='ltr'>adducturus</span> <span class='ocrx_word' id='word_1_51' title='bbox 775 1187 908 1224; x_wconf 89' lang='lat' dir='ltr'>sum</span> <span class='ocrx_word' id='word_1_52' title='bbox 932 1169 1004 1224; x_wconf 88' lang='lat' dir='ltr'>ad</span> <span class='ocrx_word' id='word_1_53' title='bbox 1027 1169 1343 1240; x_wconf 81' lang='lat' dir='ltr'>exemplar.</span> <span class='ocrx_word' id='word_1_54' title='bbox 1370 1170 1532 1234; x_wconf 89' lang='lat' dir='ltr'>Quod</span> <span class='ocrx_word' id='word_1_55' title='bbox 1558 1169 1782 1240; x_wconf 88' lang='lat' dir='ltr'>pupilla</span> <span class='ocrx_word' id='word_1_56' title='bbox 1802 1168 1970 1225; x_wconf 85' lang='lat' dir='ltr'>oculo</span> <span class='ocrx_word' id='word_1_57' title='bbox 1989 1174 2046 1224; x_wconf 87' lang='lat' dir='ltr'>et</span> 
     </span>
    </p>
   </div>
   <div class='ocr_carea' id='block_1_11' title="bbox 385 1256 2044 1329">
    <p class='ocr_par' dir='ltr' id='par_1_11' title="bbox 385 1256 2044 1329">
     <span class='ocr_line' id='line_1_11' title="bbox 385 1256 2044 1329; baseline -0.002 -16"><span class='ocrx_word' id='word_1_58' title='bbox 385 1258 807 1314; x_wconf 88' lang='lat' dir='ltr'>verbielocutio</span> <span class='ocrx_word' id='word_1_59' title='bbox 832 1257 1068 1329; x_wconf 79' lang='lat' dir='ltr'>linguae,</span> <span class='ocrx_word' id='word_1_60' title='bbox 1086 1256 1231 1312; x_wconf 92' lang='lat' dir='ltr'>illud</span> <span class='ocrx_word' id='word_1_61' title='bbox 1251 1261 1339 1312; x_wconf 89' lang='lat' dir='ltr'>est</span> <span class='ocrx_word' id='word_1_62' title='bbox 1361 1260 1747 1312; x_wconf 89' lang='lat' dir='ltr'>estmemoria</span> <span class='ocrx_word' id='word_1_63' title='bbox 1770 1257 1947 1312; x_wconf 81' lang='lat' dir='ltr'>relate</span> <span class='ocrx_word' id='word_1_64' title='bbox 1971 1256 2044 1311; x_wconf 89' lang='lat' dir='ltr'>ad</span> 
     </span>
    </p>
   </div>
   <div class='ocr_carea' id='block_1_12' title="bbox 386 1345 2044 1404">
    <p class='ocr_par' dir='ltr' id='par_1_12' title="bbox 386 1345 2044 1404">
     <span class='ocr_line' id='line_1_12' title="bbox 386 1345 2044 1404; baseline -0.001 -2"><span class='ocrx_word' id='word_1_65' title='bbox 386 1347 755 1404; x_wconf 85' lang='lat' dir='ltr'>intellectum</span> <span class='ocrx_word' id='word_1_66' title='bbox 791 1353 847 1402; x_wconf 87' lang='lat' dir='ltr'>et</span> <span class='ocrx_word' id='word_1_67' title='bbox 887 1347 1074 1402; x_wconf 82' lang='lat' dir='ltr'>oratio</span> <span class='ocrx_word' id='word_1_68' title='bbox 1117 1346 1299 1402; x_wconf 85' lang='lat' dir='ltr'>relate</span> <span class='ocrx_word' id='word_1_69' title='bbox 1350 1348 1420 1401; x_wconf 88' lang='lat' dir='ltr'>ad</span> <span class='ocrx_word' id='word_1_70' title='bbox 1467 1351 1745 1404; x_wconf 89' lang='lat' dir='ltr'>mentem.</span> <span class='ocrx_word' id='word_1_71' title='bbox 1786 1345 2044 1402; x_wconf 82' lang='lat' dir='ltr'>Visionis</span> 
     </span>
    </p>
   </div>
   <div class='ocr_carea' id='block_1_13' title="bbox 381 1435 2042 1508">
    <p class='ocr_par' dir='ltr' id='par_1_13' title="bbox 381 1435 2042 1508">
     <span class='ocr_line' id='line_1_13' title="bbox 381 1435 2042 1508; baseline -0.002 -15"><span class='ocrx_word' id='word_1_72' title='bbox 381 1454 560 1493; x_wconf 90' lang='lat' dir='ltr'>sensu</span> <span class='ocrx_word' id='word_1_73' title='bbox 593 1437 913 1508; x_wconf 84' lang='lat' dir='ltr'>imaginem</span> <span class='ocrx_word' id='word_1_74' title='bbox 950 1436 1198 1508; x_wconf 90' lang='lat' dir='ltr'>percipit</span> <span class='ocrx_word' id='word_1_75' title='bbox 1233 1435 1441 1491; x_wconf 88' lang='lat' dir='ltr'>oculus</span> <span class='ocrx_word' id='word_1_76' title='bbox 1473 1437 1543 1490; x_wconf 91' lang='lat' dir='ltr'>de</span> <span class='ocrx_word' id='word_1_77' title='bbox 1580 1437 1804 1506; x_wconf 85' lang='lat' dir='ltr'>objecto</span> <span class='ocrx_word' id='word_1_78' title='bbox 1833 1452 2042 1506; x_wconf 89' lang='lat' dir='ltr'>pr0po-</span> 
     </span>
    </p>
   </div>
   <div class='ocr_carea' id='block_1_14' title="bbox 381 1524 2042 1592">
    <p class='ocr_par' dir='ltr' id='par_1_14' title="bbox 381 1524 2042 1592">
     <span class='ocr_line' id='line_1_14' title="bbox 381 1524 2042 1592; baseline -0.002 -10"><span class='ocrx_word' id='word_1_79' title='bbox 381 1526 515 1590; x_wconf 89' lang='lat' dir='ltr'>sito,</span> <span class='ocrx_word' id='word_1_80' title='bbox 561 1527 807 1581; x_wconf 87' lang='lat' dir='ltr'>verbum</span> <span class='ocrx_word' id='word_1_81' title='bbox 861 1525 997 1580; x_wconf 81' lang='lat' dir='ltr'>facit</span> <span class='ocrx_word' id='word_1_82' title='bbox 1049 1526 1302 1592; x_wconf 83' lang='lat' dir='ltr'>nullum,</span> <span class='ocrx_word' id='word_1_83' title='bbox 1356 1532 1614 1580; x_wconf 81' lang='lat' dir='ltr'>attamen</span> <span class='ocrx_word' id='word_1_84' title='bbox 1666 1524 1906 1580; x_wconf 90' lang='lat' dir='ltr'>visionis</span> <span class='ocrx_word' id='word_1_85' title='bbox 1946 1541 2042 1580; x_wconf 82' lang='lat' dir='ltr'>ex-</span> 
     </span>
    </p>
   </div>
   <div class='ocr_carea' id='block_1_15' title="bbox 383 1613 2043 1685">
    <p class='ocr_par' dir='ltr' id='par_1_15' title="bbox 383 1613 2043 1685">
     <span class='ocr_line' id='line_1_15' title="bbox 383 1613 2043 1685; baseline 0 -17"><span class='ocrx_word' id='word_1_86' title='bbox 383 1613 669 1685; x_wconf 88' lang='lat' dir='ltr'>perientia</span> <span class='ocrx_word' id='word_1_87' title='bbox 709 1613 877 1668; x_wconf 82' lang='lat' dir='ltr'>habet</span> <span class='ocrx_word' id='word_1_88' title='bbox 927 1615 1222 1669; x_wconf 89' lang='lat' dir='ltr'>notionem</span> <span class='ocrx_word' id='word_1_89' title='bbox 1260 1615 1329 1669; x_wconf 93' lang='lat' dir='ltr'>de</span> <span class='ocrx_word' id='word_1_90' title='bbox 1372 1615 1597 1685; x_wconf 73' lang='lat' dir='ltr'>objecta</span> <span class='ocrx_word' id='word_1_91' title='bbox 1629 1614 1930 1684; x_wconf 89' lang='lat' dir='ltr'>inspecto;</span> <span class='ocrx_word' id='word_1_92' title='bbox 1962 1613 2043 1668; x_wconf 89' lang='lat' dir='ltr'>ita</span> 
     </span>
    </p>
   </div>
   <div class='ocr_carea' id='block_1_16' title="bbox 379 1702 2038 1774">
    <p class='ocr_par' dir='ltr' id='par_1_16' title="bbox 379 1702 2038 1774">
     <span class='ocr_line' id='line_1_16' title="bbox 379 1702 2038 1774; baseline 0.001 -18"><span class='ocrx_word' id='word_1_93' title='bbox 379 1702 715 1758; x_wconf 89' lang='lat' dir='ltr'>intellectus</span> <span class='ocrx_word' id='word_1_94' title='bbox 732 1719 833 1774; x_wconf 91' lang='lat' dir='ltr'>per</span> <span class='ocrx_word' id='word_1_95' title='bbox 850 1705 1194 1759; x_wconf 87' lang='lat' dir='ltr'>memoriam</span> <span class='ocrx_word' id='word_1_96' title='bbox 1220 1704 1478 1758; x_wconf 74' lang='lat' dir='ltr'>etfective</span> <span class='ocrx_word' id='word_1_97' title='bbox 1501 1703 1808 1758; x_wconf 86' lang='lat' dir='ltr'>acceditad</span> <span class='ocrx_word' id='word_1_98' title='bbox 1833 1708 2038 1769; x_wconf 88' lang='lat' dir='ltr'>Deum,</span> 
     </span>
    </p>
   </div>
   <div class='ocr_carea' id='block_1_17' title="bbox 380 1791 2042 1863">
    <p class='ocr_par' dir='ltr' id='par_1_17' title="bbox 380 1791 2042 1863">
     <span class='ocr_line' id='line_1_17' title="bbox 380 1791 2042 1863; baseline 0 -18"><span class='ocrx_word' id='word_1_99' title='bbox 380 1806 486 1861; x_wconf 86' lang='lat' dir='ltr'>per</span> <span class='ocrx_word' id='word_1_100' title='bbox 515 1791 937 1862; x_wconf 79' lang='lat' dir='ltr'>experientiam</span> <span class='ocrx_word' id='word_1_101' title='bbox 988 1792 1296 1863; x_wconf 86' lang='lat' dir='ltr'>repetitam</span> <span class='ocrx_word' id='word_1_102' title='bbox 1346 1791 1605 1848; x_wconf 84' lang='lat' dir='ltr'>adhaeret</span> <span class='ocrx_word' id='word_1_103' title='bbox 1637 1793 1748 1863; x_wconf 86' lang='lat' dir='ltr'>ipsi</span> <span class='ocrx_word' id='word_1_104' title='bbox 1790 1797 1847 1848; x_wconf 90' lang='lat' dir='ltr'>et</span> <span class='ocrx_word' id='word_1_105' title='bbox 1872 1793 1930 1846; x_wconf 92' lang='lat' dir='ltr'>in</span> <span class='ocrx_word' id='word_1_106' title='bbox 1959 1791 2042 1846; x_wconf 90' lang='lat' dir='ltr'>si-</span> 
     </span>
    </p>
   </div>
   <div class='ocr_carea' id='block_1_18' title="bbox 2153 614 3817 692">
    <p class='ocr_par' dir='ltr' id='par_1_18' title="bbox 2153 614 3817 692">
     <span class='ocr_line' id='line_1_18' title="bbox 2153 614 3817 692; baseline 0.001 -22"><span class='ocrx_word' id='word_1_107' title='bbox 2153 621 2256 670; x_wconf 82' lang='grc' dir='ltr'>πᾶν</span> <span class='ocrx_word' id='word_1_108' title='bbox 2313 617 2494 690; x_wconf 85' lang='grc' dir='ltr'>νόημα</span> <span class='ocrx_word' id='word_1_109' title='bbox 2544 621 2644 672; x_wconf 86' lang='grc' dir='ltr'>τοῦ</span> <span class='ocrx_word' id='word_1_110' title='bbox 2702 617 2915 690; x_wconf 81' lang='grc' dir='ltr'>κόσμου</span> <span class='ocrx_word' id='word_1_111' title='bbox 2965 614 3417 692; x_wconf 73' lang='grc' dir='ltr'>διακρουόμενος,</span> <span class='ocrx_word' id='word_1_112' title='bbox 3448 614 3539 672; x_wconf 80' lang='grc' dir='ltr'>διὰ</span> <span class='ocrx_word' id='word_1_113' title='bbox 3584 619 3686 688; x_wconf 81' lang='grc' dir='ltr'>τήν</span> <span class='ocrx_word' id='word_1_114' title='bbox 3717 623 3817 674; x_wconf 86' lang='grc' dir='ltr'>τοῦ</span> 
     </span>
    </p>
   </div>
   <div class='ocr_carea' id='block_1_19' title="bbox 2150 703 3812 782">
    <p class='ocr_par' dir='ltr' id='par_1_19' title="bbox 2150 703 3812 782">
     <span class='ocr_line' id='line_1_19' title="bbox 2150 703 3812 782; baseline 0.002 -22"><span class='ocrx_word' id='word_1_115' title='bbox 2150 710 2284 761; x_wconf 92' lang='grc' dir='ltr'>Θεοῦ</span> <span class='ocrx_word' id='word_1_116' title='bbox 2329 711 2551 782; x_wconf 79' lang='grc' dir='ltr'>γνῶσιν,</span> <span class='ocrx_word' id='word_1_117' title='bbox 2579 706 2668 760; x_wconf 75' lang='grc' dir='ltr'>καὶ</span> <span class='ocrx_word' id='word_1_118' title='bbox 2717 705 2953 782; x_wconf 79' lang='grc' dir='ltr'>ἀγάπην,</span> <span class='ocrx_word' id='word_1_119' title='bbox 3005 707 3100 770; x_wconf 66' lang='grc' dir='ltr'>τὰς</span> <span class='ocrx_word' id='word_1_120' title='bbox 3147 703 3545 780; x_wconf 86' lang='grc' dir='ltr'>ἀναδιδομένας</span> <span class='ocrx_word' id='word_1_121' title='bbox 3593 706 3653 762; x_wconf 87' lang='grc' dir='ltr'>ἐκ</span> <span class='ocrx_word' id='word_1_122' title='bbox 3707 711 3812 778; x_wconf 81' lang='grc' dir='ltr'>τῆς</span> 
     </span>
    </p>
   </div>
   <div class='ocr_carea' id='block_1_20' title="bbox 2155 797 3168 872">
    <p class='ocr_par' dir='ltr' id='par_1_20' title="bbox 2155 797 3168 872">
     <span class='ocr_line' id='line_1_20' title="bbox 2155 797 3168 872; baseline 0.004 -22"><span class='ocrx_word' id='word_1_123' title='bbox 2155 801 2413 870; x_wconf 80' lang='grc' dir='ltr'>συνεχοῦς</span> <span class='ocrx_word' id='word_1_124' title='bbox 2443 797 2532 851; x_wconf 87' lang='grc' dir='ltr'>καὶ</span> <span class='ocrx_word' id='word_1_125' title='bbox 2564 797 2800 871; x_wconf 83' lang='grc' dir='ltr'>καθαρᾶς</span> <span class='ocrx_word' id='word_1_126' title='bbox 2831 803 3168 872; x_wconf 77' lang='grc' dir='ltr'>προσευχῆς.</span> 
     </span>
    </p>
   </div>
   <div class='ocr_carea' id='block_1_21' title="bbox 2222 881 3812 960">
    <p class='ocr_par' dir='ltr' id='par_1_21' title="bbox 2222 881 3812 960">
     <span class='ocr_line' id='line_1_21' title="bbox 2222 881 3812 960; baseline 0 -18"><span class='ocrx_word' id='word_1_127' title='bbox 2222 886 2369 960; x_wconf 84' lang='grc' dir='ltr'>Ἐγὼ</span> <span class='ocrx_word' id='word_1_128' title='bbox 2445 883 2502 940; x_wconf 79' lang='grc' dir='ltr'>δὲ</span> <span class='ocrx_word' id='word_1_129' title='bbox 2577 885 2871 960; x_wconf 77' lang='grc' dir='ltr'>σαφηνείας</span> <span class='ocrx_word' id='word_1_130' title='bbox 2951 881 3106 940; x_wconf 74' lang='grc' dir='ltr'>ἕνεκα</span> <span class='ocrx_word' id='word_1_131' title='bbox 3166 890 3264 940; x_wconf 90' lang='grc' dir='ltr'>τοῦ</span> <span class='ocrx_word' id='word_1_132' title='bbox 3319 887 3458 941; x_wconf 86' lang='grc' dir='ltr'>κατὰ</span> <span class='ocrx_word' id='word_1_133' title='bbox 3507 887 3608 955; x_wconf 75' lang='grc' dir='ltr'>τὴν</span> <span class='ocrx_word' id='word_1_134' title='bbox 3665 886 3812 943; x_wconf 83' lang='grc' dir='ltr'>Θείαν</span> 
     </span>
    </p>
   </div>
   <div class='ocr_carea' id='block_1_22' title="bbox 2157 975 3810 1053">
    <p class='ocr_par' dir='ltr' id='par_1_22' title="bbox 2157 975 3810 1053">
     <span class='ocr_line' id='line_1_22' title="bbox 2157 975 3810 1053; baseline 0.001 -23"><span class='ocrx_word' id='word_1_135' title='bbox 2157 978 2382 1049; x_wconf 75' lang='grc' dir='ltr'>μνήμην</span> <span class='ocrx_word' id='word_1_136' title='bbox 2445 975 2492 1031; x_wconf 80' lang='grc' dir='ltr'>ἐν</span> <span class='ocrx_word' id='word_1_137' title='bbox 2552 981 2632 1048; x_wconf 89' lang='grc' dir='ltr'>τῷ</span> <span class='ocrx_word' id='word_1_138' title='bbox 2680 981 2753 1048; x_wconf 88' lang='grc' dir='ltr'>νῷ</span> <span class='ocrx_word' id='word_1_139' title='bbox 2811 977 3196 1053; x_wconf 74' lang='grc' dir='ltr'>θεωρήματος,</span> <span class='ocrx_word' id='word_1_140' title='bbox 3227 976 3317 1032; x_wconf 80' lang='grc' dir='ltr'>καὶ</span> <span class='ocrx_word' id='word_1_141' title='bbox 3364 976 3462 1033; x_wconf 88' lang='grc' dir='ltr'>τοῦ</span> <span class='ocrx_word' id='word_1_142' title='bbox 3517 978 3654 1034; x_wconf 85' lang='grc' dir='ltr'>κατᾶ</span> <span class='ocrx_word' id='word_1_143' title='bbox 3707 980 3810 1048; x_wconf 77' lang='grc' dir='ltr'>τὴν</span> 
     </span>
    </p>
   </div>
   <div class='ocr_carea' id='block_1_23' title="bbox 2151 1065 3808 1141">
    <p class='ocr_par' dir='ltr' id='par_1_23' title="bbox 2151 1065 3808 1141">
     <span class='ocr_line' id='line_1_23' title="bbox 2151 1065 3808 1141; baseline 0.002 -21"><span class='ocrx_word' id='word_1_144' title='bbox 2151 1065 2386 1141; x_wconf 73' lang='grc' dir='ltr'>καθαρὰν</span> <span class='ocrx_word' id='word_1_145' title='bbox 2445 1068 2759 1140; x_wconf 75' lang='grc' dir='ltr'>προσευχὴν</span> <span class='ocrx_word' id='word_1_146' title='bbox 2813 1065 3125 1139; x_wconf 80' lang='grc' dir='ltr'>ἀξιώματος</span> <span class='ocrx_word' id='word_1_147' title='bbox 3186 1066 3239 1122; x_wconf 86' lang='grc' dir='ltr'>ἐν</span> <span class='ocrx_word' id='word_1_148' title='bbox 3296 1071 3364 1140; x_wconf 82' lang='grc' dir='ltr'>τῇ</span> <span class='ocrx_word' id='word_1_149' title='bbox 3425 1067 3658 1139; x_wconf 84' lang='grc' dir='ltr'>διανοίᾳ,</span> <span class='ocrx_word' id='word_1_150' title='bbox 3716 1068 3808 1123; x_wconf 85' lang='grc' dir='ltr'>τὸν</span> 
     </span>
    </p>
   </div>
   <div class='ocr_carea' id='block_1_24' title="bbox 2153 1153 3815 1232">
    <p class='ocr_par' dir='ltr' id='par_1_24' title="bbox 2153 1153 3815 1232">
     <span class='ocr_line' id='line_1_24' title="bbox 2153 1153 3815 1232; baseline 0.002 -24"><span class='ocrx_word' id='word_1_151' title='bbox 2153 1155 2462 1227; x_wconf 88' lang='grc' dir='ltr'>σωματικὸν</span> <span class='ocrx_word' id='word_1_152' title='bbox 2516 1153 2801 1232; x_wconf 81' lang='grc' dir='ltr'>ὀφθαλμὸν</span> <span class='ocrx_word' id='word_1_153' title='bbox 2856 1156 2944 1209; x_wconf 86' lang='lat' dir='ltr'>xui</span> <span class='ocrx_word' id='word_1_154' title='bbox 2999 1157 3098 1224; x_wconf 81' lang='grc' dir='ltr'>τήν</span> <span class='ocrx_word' id='word_1_155' title='bbox 3158 1154 3410 1232; x_wconf 88' lang='grc' dir='ltr'>γλῶσσαν</span> <span class='ocrx_word' id='word_1_156' title='bbox 3463 1157 3541 1219; x_wconf 87' lang='grc' dir='ltr'>εἷς</span> <span class='ocrx_word' id='word_1_157' title='bbox 3599 1157 3815 1220; x_wconf 75' lang='grc' dir='ltr'>εἰκόνας</span> 
     </span>
    </p>
   </div>
   <div class='ocr_carea' id='block_1_25' title="bbox 2150 1242 3812 1323">
    <p class='ocr_par' dir='ltr' id='par_1_25' title="bbox 2150 1242 3812 1323">
     <span class='ocr_line' id='line_1_25' title="bbox 2150 1242 3812 1323; baseline 0.002 -26"><span class='ocrx_word' id='word_1_158' title='bbox 2150 1243 2480 1317; x_wconf 84' lang='grc' dir='ltr'>προτίθημι.</span> <span class='ocrx_word' id='word_1_159' title='bbox 2542 1249 2608 1301; x_wconf 81' lang='lat'>‘0</span> <span class='ocrx_word' id='word_1_160' title='bbox 2665 1245 2768 1319; x_wconf 85' lang='grc' dir='ltr'>γάρ</span> <span class='ocrx_word' id='word_1_161' title='bbox 2826 1242 2936 1299; x_wconf 89' lang='grc' dir='ltr'>ἐστι</span> <span class='ocrx_word' id='word_1_162' title='bbox 3012 1245 3150 1319; x_wconf 85' lang='grc' dir='ltr'>κόρη</span> <span class='ocrx_word' id='word_1_163' title='bbox 3215 1249 3296 1318; x_wconf 91' lang='grc' dir='ltr'>τῷ</span> <span class='ocrx_word' id='word_1_164' title='bbox 3367 1244 3666 1323; x_wconf 75' lang='grc' dir='ltr'>ὀφθαλμῷ,</span> <span class='ocrx_word' id='word_1_165' title='bbox 3716 1245 3812 1302; x_wconf 85' lang='grc' dir='ltr'>καὶ</span> 
     </span>
    </p>
   </div>
   <div class='ocr_carea' id='block_1_26' title="bbox 2150 1331 3815 1409">
    <p class='ocr_par' dir='ltr' id='par_1_26' title="bbox 2150 1331 3815 1409">
     <span class='ocr_line' id='line_1_26' title="bbox 2150 1331 3815 1409; baseline 0.002 -23"><span class='ocrx_word' id='word_1_166' title='bbox 2150 1335 2404 1409; x_wconf 81' lang='grc' dir='ltr'>προφορᾶ</span> <span class='ocrx_word' id='word_1_167' title='bbox 2464 1332 2638 1408; x_wconf 90' lang='grc' dir='ltr'>λόγου</span> <span class='ocrx_word' id='word_1_168' title='bbox 2697 1331 2944 1408; x_wconf 80' lang='grc' dir='ltr'>γλώσσῃ,</span> <span class='ocrx_word' id='word_1_169' title='bbox 2991 1338 3153 1389; x_wconf 86' lang='grc' dir='ltr'>τοῦτο</span> <span class='ocrx_word' id='word_1_170' title='bbox 3210 1336 3401 1408; x_wconf 86' lang='grc' dir='ltr'>μνήμη</span> <span class='ocrx_word' id='word_1_171' title='bbox 3451 1341 3532 1409; x_wconf 89' lang='grc' dir='ltr'>τῷ</span> <span class='ocrx_word' id='word_1_172' title='bbox 3588 1340 3685 1408; x_wconf 92' lang='grc' dir='ltr'>νῷ,</span> <span class='ocrx_word' id='word_1_173' title='bbox 3718 1335 3815 1392; x_wconf 85' lang='grc' dir='ltr'>καὶ</span> 
     </span>
    </p>
   </div>
   <div class='ocr_carea' id='block_1_27' title="bbox 2150 1420 3812 1502">
    <p class='ocr_par' dir='ltr' id='par_1_27' title="bbox 2150 1420 3812 1502">
     <span class='ocr_line' id='line_1_27' title="bbox 2150 1420 3812 1502; baseline 0.002 -26"><span class='ocrx_word' id='word_1_174' title='bbox 2150 1423 2434 1498; x_wconf 76' lang='grc' dir='ltr'>προσευχὴ</span> <span class='ocrx_word' id='word_1_175' title='bbox 2493 1426 2560 1498; x_wconf 81' lang='grc' dir='ltr'>τῇ</span> <span class='ocrx_word' id='word_1_176' title='bbox 2617 1420 2848 1494; x_wconf 80' lang='grc' dir='ltr'>διανοίᾳ.</span> <span class='ocrx_word' id='word_1_177' title='bbox 2900 1425 2990 1486; x_wconf 86' lang='grc' dir='ltr'>Ὠς</span> <span class='ocrx_word' id='word_1_178' title='bbox 3047 1423 3152 1499; x_wconf 78' lang='grc' dir='ltr'>γὰρ</span> <span class='ocrx_word' id='word_1_179' title='bbox 3215 1424 3499 1502; x_wconf 82' lang='grc' dir='ltr'>ὀφθαλμὸς</span> <span class='ocrx_word' id='word_1_180' title='bbox 3555 1429 3624 1499; x_wconf 84' lang='grc' dir='ltr'>τῇ</span> <span class='ocrx_word' id='word_1_181' title='bbox 3680 1424 3812 1501; x_wconf 83' lang='grc' dir='ltr'>βλε-</span> 
     </span>
    </p>
   </div>
   <div class='ocr_carea' id='block_1_28' title="bbox 2147 1509 3811 1588">
    <p class='ocr_par' dir='ltr' id='par_1_28' title="bbox 2147 1509 3811 1588">
     <span class='ocr_line' id='line_1_28' title="bbox 2147 1509 3811 1588; baseline 0.001 -22"><span class='ocrx_word' id='word_1_182' title='bbox 2147 1517 2318 1587; x_wconf 80' lang='grc' dir='ltr'>πτικῇ</span> <span class='ocrx_word' id='word_1_183' title='bbox 2361 1513 2605 1582; x_wconf 76' lang='grc' dir='ltr'>αἷσθήσει</span> <span class='ocrx_word' id='word_1_184' title='bbox 2660 1517 2757 1567; x_wconf 90' lang='grc' dir='ltr'>τοῦ</span> <span class='ocrx_word' id='word_1_185' title='bbox 2812 1514 3170 1587; x_wconf 83' lang='grc' dir='ltr'>προκειμένον</span> <span class='ocrx_word' id='word_1_186' title='bbox 3230 1514 3431 1588; x_wconf 86' lang='grc' dir='ltr'>ὁρατοῦ</span> <span class='ocrx_word' id='word_1_187' title='bbox 3485 1509 3811 1583; x_wconf 75' lang='grc' dir='ltr'>ἀπολαϐὼν,</span> 
     </span>
    </p>
   </div>
   <div class='ocr_carea' id='block_1_29' title="bbox 2149 1599 3815 1679">
    <p class='ocr_par' dir='ltr' id='par_1_29' title="bbox 2149 1599 3815 1679">
     <span class='ocr_line' id='line_1_29' title="bbox 2149 1599 3815 1679; baseline 0.001 -25"><span class='ocrx_word' id='word_1_188' title='bbox 2149 1599 2415 1674; x_wconf 67' lang='grc' dir='ltr'>οὐδεμίαν</span> <span class='ocrx_word' id='word_1_189' title='bbox 2448 1602 2635 1678; x_wconf 76' lang='grc' dir='ltr'>φωνὴν</span> <span class='ocrx_word' id='word_1_190' title='bbox 2683 1607 2943 1667; x_wconf 78' lang='grc' dir='ltr'>ποιεῖται,</span> <span class='ocrx_word' id='word_1_191' title='bbox 2976 1606 3044 1676; x_wconf 80' lang='grc' dir='ltr'>τῇ</span> <span class='ocrx_word' id='word_1_192' title='bbox 3077 1602 3240 1676; x_wconf 79' lang='grc' dir='ltr'>πείρᾳ</span> <span class='ocrx_word' id='word_1_193' title='bbox 3295 1600 3352 1657; x_wconf 78' lang='grc' dir='ltr'>δὲ</span> <span class='ocrx_word' id='word_1_194' title='bbox 3407 1609 3507 1672; x_wconf 87' lang='grc' dir='ltr'>τῆς</span> <span class='ocrx_word' id='word_1_195' title='bbox 3567 1603 3815 1679; x_wconf 84' lang='grc' dir='ltr'>ὁράσεως</span> 
     </span>
    </p>
   </div>
   <div class='ocr_carea' id='block_1_30' title="bbox 2147 1687 3811 1768">
    <p class='ocr_par' dir='ltr' id='par_1_30' title="bbox 2147 1687 3811 1768">
     <span class='ocr_line' id='line_1_30' title="bbox 2147 1687 3811 1768; baseline 0.001 -24"><span class='ocrx_word' id='word_1_196' title='bbox 2147 1691 2248 1759; x_wconf 67' lang='grc' dir='ltr'>τὴν</span> <span class='ocrx_word' id='word_1_197' title='bbox 2278 1695 2475 1766; x_wconf 89' lang='grc' dir='ltr'>γνῶσιν</span> <span class='ocrx_word' id='word_1_198' title='bbox 2503 1696 2603 1745; x_wconf 81' lang='grc' dir='ltr'>τοῦ</span> <span class='ocrx_word' id='word_1_199' title='bbox 2633 1690 2920 1768; x_wconf 81' lang='grc' dir='ltr'>ὁρωμένου</span> <span class='ocrx_word' id='word_1_200' title='bbox 2953 1687 3170 1767; x_wconf 85' lang='grc' dir='ltr'>δέχεται</span> <span class='ocrx_word' id='word_1_201' title='bbox 3208 1712 3220 1724; x_wconf 74' lang='grc' dir='ltr'><strong>ο</strong></span> <span class='ocrx_word' id='word_1_202' title='bbox 3256 1689 3399 1746; x_wconf 79' lang='grc' dir='ltr'>οὕτω</span> <span class='ocrx_word' id='word_1_203' title='bbox 3449 1691 3542 1747; x_wconf 88' lang='grc' dir='ltr'>καὶ</span> <span class='ocrx_word' id='word_1_204' title='bbox 3593 1695 3621 1748; x_wconf 91' lang='grc' dir='ltr'>ὁ</span> <span class='ocrx_word' id='word_1_205' title='bbox 3658 1697 3811 1766; x_wconf 83' lang='grc' dir='ltr'>νοῦς,</span> 
     </span>
    </p>
   </div>
   <div class='ocr_carea' id='block_1_31' title="bbox 2149 1776 3807 1857">
    <p class='ocr_par' dir='ltr' id='par_1_31' title="bbox 2149 1776 3807 1857">
     <span class='ocr_line' id='line_1_31' title="bbox 2149 1776 3807 1857; baseline 0.001 -23"><span class='ocrx_word' id='word_1_206' title='bbox 2149 1776 2238 1834; x_wconf 76' lang='grc' dir='ltr'>διὰ</span> <span class='ocrx_word' id='word_1_207' title='bbox 2267 1784 2364 1845; x_wconf 83' lang='grc' dir='ltr'>τῆς</span> <span class='ocrx_word' id='word_1_208' title='bbox 2409 1782 2638 1854; x_wconf 80' lang='grc' dir='ltr'>μνήμης</span> <span class='ocrx_word' id='word_1_209' title='bbox 2695 1779 2970 1852; x_wconf 79' lang='grc' dir='ltr'>ἐρωτικῶς</span> <span class='ocrx_word' id='word_1_210' title='bbox 3025 1785 3104 1853; x_wconf 91' lang='grc' dir='ltr'>τῷ</span> <span class='ocrx_word' id='word_1_211' title='bbox 3163 1785 3279 1853; x_wconf 90' lang='grc' dir='ltr'>Θεῷ</span> <span class='ocrx_word' id='word_1_212' title='bbox 3335 1785 3680 1857; x_wconf 88' lang='grc' dir='ltr'>προσχωρῶν</span> <span class='ocrx_word' id='word_1_213' title='bbox 3732 1785 3807 1856; x_wconf 81' lang='grc' dir='ltr'>τῇ</span> 
     </span>
    </p>
   </div>
   <div class='ocr_carea' id='block_1_32' title="bbox 378 1866 2022 1952">
    <p class='ocr_par' dir='ltr' id='par_1_32' title="bbox 378 1878 2022 1952">
     <span class='ocr_line' id='line_1_32' title="bbox 378 1878 2022 1952; baseline 0.001 -19"><span class='ocrx_word' id='word_1_214' title='bbox 378 1878 560 1934; x_wconf 89' lang='lat' dir='ltr'>lentio</span> <span class='ocrx_word' id='word_1_215' title='bbox 610 1878 1057 1951; x_wconf 87' lang='lat' dir='ltr'>simplicissima</span> <span class='ocrx_word' id='word_1_216' title='bbox 1101 1880 1202 1935; x_wconf 90' lang='lat' dir='ltr'>Dei</span> <span class='ocrx_word' id='word_1_217' title='bbox 1262 1881 1496 1936; x_wconf 89' lang='lat' dir='ltr'>notione</span> <span class='ocrx_word' id='word_1_218' title='bbox 1551 1880 1830 1947; x_wconf 88' lang='lat' dir='ltr'>reficitur,</span> <span class='ocrx_word' id='word_1_219' title='bbox 1883 1881 2022 1952; x_wconf 65' lang='lat' dir='ltr'>quod</span> 
     </span>
    </p>
   </div>
   <div class='ocr_carea' id='block_1_33' title="bbox 2138 1866 3807 1952">
    <p class='ocr_par' dir='ltr' id='par_1_33' title="bbox 2147 1866 3807 1945">
     <span class='ocr_line' id='line_1_33' title="bbox 2147 1866 3807 1945; baseline 0.002 -23"><span class='ocrx_word' id='word_1_220' title='bbox 2147 1867 2557 1941; x_wconf 72' lang='grc' dir='ltr'>προσκολλησει</span> <span class='ocrx_word' id='word_1_221' title='bbox 2588 1876 2686 1939; x_wconf 86' lang='grc' dir='ltr'>τῆς</span> <span class='ocrx_word' id='word_1_222' title='bbox 2722 1866 3002 1945; x_wconf 85' lang='grc' dir='ltr'>διαπείρου</span> <span class='ocrx_word' id='word_1_223' title='bbox 3055 1866 3348 1934; x_wconf 71' lang='grc' dir='ltr'>διαθέσεως</span> <span class='ocrx_word' id='word_1_224' title='bbox 3405 1869 3496 1925; x_wconf 87' lang='grc' dir='ltr'>καὶ</span> <span class='ocrx_word' id='word_1_225' title='bbox 3550 1873 3621 1944; x_wconf 81' lang='grc' dir='ltr'>τῇ</span> <span class='ocrx_word' id='word_1_226' title='bbox 3675 1874 3807 1945; x_wconf 78' lang='grc' dir='ltr'>σικῇ</span> 
     </span>
    </p>
   </div>
   <div class='ocr_carea' id='block_1_34' title="bbox 380 1967 2040 2041">
    <p class='ocr_par' dir='ltr' id='par_1_34' title="bbox 380 1967 2040 2041">
     <span class='ocr_line' id='line_1_34' title="bbox 380 1967 2040 2041; baseline 0.002 -19"><span class='ocrx_word' id='word_1_227' title='bbox 380 1967 758 2024; x_wconf 89' lang='lat' dir='ltr'>illuminetur</span> <span class='ocrx_word' id='word_1_228' title='bbox 805 1969 1118 2041; x_wconf 88' lang='lat' dir='ltr'>splendore</span> <span class='ocrx_word' id='word_1_229' title='bbox 1164 1969 1362 2024; x_wconf 90' lang='lat' dir='ltr'>divino</span> <span class='ocrx_word' id='word_1_230' title='bbox 1395 1974 1454 2025; x_wconf 90' lang='lat' dir='ltr'>et</span> <span class='ocrx_word' id='word_1_231' title='bbox 1500 1971 1708 2025; x_wconf 83' lang='lat' dir='ltr'>futurae</span> <span class='ocrx_word' id='word_1_232' title='bbox 1759 1969 2040 2026; x_wconf 87' lang='lat' dir='ltr'>claritatis</span> 
     </span>
    </p>
   </div>
   <div class='ocr_carea' id='block_1_35' title="bbox 382 2056 2038 2130">
    <p class='ocr_par' dir='ltr' id='par_1_35' title="bbox 382 2056 2038 2130">
     <span class='ocr_line' id='line_1_35' title="bbox 382 2056 2038 2130; baseline 0.001 -19"><span class='ocrx_word' id='word_1_233' title='bbox 382 2056 599 2128; x_wconf 89' lang='lat' dir='ltr'>pignus</span> <span class='ocrx_word' id='word_1_234' title='bbox 634 2063 906 2128; x_wconf 86' lang='lat' dir='ltr'>reportet.</span> <span class='ocrx_word' id='word_1_235' title='bbox 941 2057 1168 2130; x_wconf 89' lang='lat' dir='ltr'>Lingua</span> <span class='ocrx_word' id='word_1_236' title='bbox 1189 2059 1459 2130; x_wconf 83' lang='lat' dir='ltr'>producit</span> <span class='ocrx_word' id='word_1_237' title='bbox 1487 2059 1661 2114; x_wconf 88' lang='lat' dir='ltr'>verba</span> <span class='ocrx_word' id='word_1_238' title='bbox 1690 2058 2038 2114; x_wconf 88' lang='lat' dir='ltr'>elocutionis</span> 
     </span>
    </p>
   </div>
   <div class='ocr_carea' id='block_1_36' title="bbox 380 2145 2036 2219">
    <p class='ocr_par' dir='ltr' id='par_1_36' title="bbox 380 2145 2036 2219">
     <span class='ocr_line' id='line_1_36' title="bbox 380 2145 2036 2219; baseline 0.001 -18"><span class='ocrx_word' id='word_1_239' title='bbox 380 2153 437 2201; x_wconf 88' lang='lat' dir='ltr'>et</span> <span class='ocrx_word' id='word_1_240' title='bbox 468 2145 736 2201; x_wconf 83' lang='lat' dir='ltr'>audienti</span> <span class='ocrx_word' id='word_1_241' title='bbox 771 2146 1126 2202; x_wconf 86' lang='lat' dir='ltr'>invisibilem</span> <span class='ocrx_word' id='word_1_242' title='bbox 1162 2147 1407 2219; x_wconf 86' lang='lat' dir='ltr'>spiritus</span> <span class='ocrx_word' id='word_1_243' title='bbox 1450 2147 1812 2204; x_wconf 84' lang='lat' dir='ltr'>voluntatem</span> <span class='ocrx_word' id='word_1_244' title='bbox 1847 2148 2036 2202; x_wconf 90' lang='lat' dir='ltr'>mani-</span> 
     </span>
    </p>
   </div>
   <div class='ocr_carea' id='block_1_37' title="bbox 390 2234 2034 2310">
    <p class='ocr_par' dir='ltr' id='par_1_37' title="bbox 390 2234 2034 2310">
     <span class='ocr_line' id='line_1_37' title="bbox 390 2234 2034 2310; baseline 0.002 -21"><span class='ocrx_word' id='word_1_245' title='bbox 390 2235 604 2290; x_wconf 86' lang='lat' dir='ltr'>festat:</span> <span class='ocrx_word' id='word_1_246' title='bbox 637 2234 719 2290; x_wconf 87' lang='lat' dir='ltr'>ita</span> <span class='ocrx_word' id='word_1_247' title='bbox 744 2251 910 2292; x_wconf 90' lang='lat' dir='ltr'>mens</span> <span class='ocrx_word' id='word_1_248' title='bbox 952 2236 1090 2291; x_wconf 88' lang='lat' dir='ltr'>facit</span> <span class='ocrx_word' id='word_1_249' title='bbox 1131 2236 1365 2292; x_wconf 86' lang='lat' dir='ltr'>brevius</span> <span class='ocrx_word' id='word_1_250' title='bbox 1423 2237 1707 2293; x_wconf 85' lang='lat' dir='ltr'>orationis</span> <span class='ocrx_word' id='word_1_251' title='bbox 1756 2236 2034 2310; x_wconf 75' lang='lat' dir='ltr'>syllabas,</span> 
     </span>
    </p>
   </div>
   <div class='ocr_carea' id='block_1_38' title="bbox 383 2324 2035 2396">
    <p class='ocr_par' dir='ltr' id='par_1_38' title="bbox 383 2324 2035 2396">
     <span class='ocr_line' id='line_1_38' title="bbox 383 2324 2035 2396; baseline 0.001 -18"><span class='ocrx_word' id='word_1_252' title='bbox 383 2339 533 2394; x_wconf 88' lang='lat' dir='ltr'>quas</span> <span class='ocrx_word' id='word_1_253' title='bbox 558 2324 895 2394; x_wconf 79' lang='lat' dir='ltr'>frequenter</span> <span class='ocrx_word' id='word_1_254' title='bbox 923 2326 1144 2380; x_wconf 87' lang='lat' dir='ltr'>emittit</span> <span class='ocrx_word' id='word_1_255' title='bbox 1165 2331 1221 2380; x_wconf 87' lang='lat' dir='ltr'>et</span> <span class='ocrx_word' id='word_1_256' title='bbox 1253 2325 1469 2381; x_wconf 84' lang='lat' dir='ltr'>fervide</span> <span class='ocrx_word' id='word_1_257' title='bbox 1495 2345 1508 2394; x_wconf 89' lang='lat'><strong>;</strong></span> <span class='ocrx_word' id='word_1_258' title='bbox 1531 2325 1743 2381; x_wconf 68' lang='lat' dir='ltr'>animae</span> <span class='ocrx_word' id='word_1_259' title='bbox 1775 2325 2035 2396; x_wconf 86' lang='lat' dir='ltr'>postula-</span> 
     </span>
    </p>
   </div>
   <div class='ocr_carea' id='block_1_39' title="bbox 377 2411 2036 2486">
    <p class='ocr_par' dir='ltr' id='par_1_39' title="bbox 377 2411 2036 2486">
     <span class='ocr_line' id='line_1_39' title="bbox 377 2411 2036 2486; baseline 0.001 -19"><span class='ocrx_word' id='word_1_260' title='bbox 377 2411 599 2468; x_wconf 85' lang='lat' dir='ltr'>tionem</span> <span class='ocrx_word' id='word_1_261' title='bbox 655 2418 856 2468; x_wconf 90' lang='lat' dir='ltr'>notam</span> <span class='ocrx_word' id='word_1_262' title='bbox 895 2414 995 2468; x_wconf 88' lang='lat' dir='ltr'>dat</span> <span class='ocrx_word' id='word_1_263' title='bbox 1038 2415 1148 2470; x_wconf 87' lang='lat' dir='ltr'>Deo</span> <span class='ocrx_word' id='word_1_264' title='bbox 1180 2415 1376 2469; x_wconf 86' lang='lat' dir='ltr'>omnia</span> <span class='ocrx_word' id='word_1_265' title='bbox 1413 2415 1641 2484; x_wconf 88' lang='lat' dir='ltr'>scienti,</span> <span class='ocrx_word' id='word_1_266' title='bbox 1683 2415 1902 2470; x_wconf 84' lang='lat' dir='ltr'>assidet</span> <span class='ocrx_word' id='word_1_267' title='bbox 1932 2431 2036 2486; x_wconf 89' lang='lat' dir='ltr'>per</span> 
     </span>
    </p>
   </div>
   <div class='ocr_carea' id='block_1_40' title="bbox 374 2503 2034 2571">
    <p class='ocr_par' dir='ltr' id='par_1_40' title="bbox 374 2503 2034 2571">
     <span class='ocr_line' id='line_1_40' title="bbox 374 2503 2034 2571; baseline 0.002 -17"><span class='ocrx_word' id='word_1_268' title='bbox 374 2507 510 2556; x_wconf 85' lang='lat' dir='ltr'>vota</span> <span class='ocrx_word' id='word_1_269' title='bbox 540 2505 596 2554; x_wconf 89' lang='lat' dir='ltr'>et</span> <span class='ocrx_word' id='word_1_270' title='bbox 627 2508 1095 2571; x_wconf 73' lang='lat' dir='ltr'>perseverantem</span> <span class='ocrx_word' id='word_1_271' title='bbox 1129 2503 1540 2558; x_wconf 89' lang='lat' dir='ltr'>contritionem</span> <span class='ocrx_word' id='word_1_272' title='bbox 1572 2503 1787 2570; x_wconf 91' lang='lat' dir='ltr'>cordis,</span> <span class='ocrx_word' id='word_1_273' title='bbox 1811 2504 2034 2558; x_wconf 85' lang='lat' dir='ltr'>viscera</span> 
     </span>
    </p>
   </div>
   <div class='ocr_carea' id='block_1_41' title="bbox 375 2590 2032 2664">
    <p class='ocr_par' dir='ltr' id='par_1_41' title="bbox 375 2590 2032 2664">
     <span class='ocr_line' id='line_1_41' title="bbox 375 2590 2032 2664; baseline 0.002 -20"><span class='ocrx_word' id='word_1_274' title='bbox 375 2590 789 2645; x_wconf 78' lang='lat' dir='ltr'>misericordia:</span> <span class='ocrx_word' id='word_1_275' title='bbox 830 2590 1037 2646; x_wconf 66' lang='lat' dir='ltr'>divinae</span> <span class='ocrx_word' id='word_1_276' title='bbox 1087 2597 1412 2648; x_wconf 90' lang='lat' dir='ltr'>commovet</span> <span class='ocrx_word' id='word_1_277' title='bbox 1457 2597 1515 2648; x_wconf 90' lang='lat' dir='ltr'>et</span> <span class='ocrx_word' id='word_1_278' title='bbox 1559 2592 1770 2648; x_wconf 90' lang='lat' dir='ltr'>salutis</span> <span class='ocrx_word' id='word_1_279' title='bbox 1811 2593 2032 2664; x_wconf 89' lang='lat' dir='ltr'>gratias</span> 
     </span>
    </p>
   </div>
   <div class='ocr_carea' id='block_1_42' title="bbox 373 2680 2030 2752">
    <p class='ocr_par' dir='ltr' id='par_1_42' title="bbox 373 2680 2030 2752">
     <span class='ocr_line' id='line_1_42' title="bbox 373 2680 2030 2752; baseline 0.001 -18"><span class='ocrx_word' id='word_1_280' title='bbox 373 2680 582 2751; x_wconf 91' lang='lat' dir='ltr'>recipit</span> <span class='ocrx_word' id='word_1_281' title='bbox 627 2682 1133 2752; x_wconf 82' lang='lat' dir='ltr'>superct&#39;ﬂuentes.</span> <span class='ocrx_word' id='word_1_282' title='bbox 1174 2706 1193 2732; x_wconf 85' lang='grc' dir='ltr'>σ</span> <span class='ocrx_word' id='word_1_283' title='bbox 1240 2684 1348 2739; x_wconf 86' lang='lat' dir='ltr'>Cor</span> <span class='ocrx_word' id='word_1_284' title='bbox 1388 2684 1702 2738; x_wconf 85' lang='lat' dir='ltr'>contritum</span> <span class='ocrx_word' id='word_1_285' title='bbox 1751 2692 1807 2738; x_wconf 92' lang='lat' dir='ltr'>et</span> <span class='ocrx_word' id='word_1_286' title='bbox 1840 2683 2030 2738; x_wconf 85' lang='lat' dir='ltr'>humi-</span> 
     </span>
    </p>
   </div>
   <div class='ocr_carea' id='block_1_43' title="bbox 367 2769 2028 2843">
    <p class='ocr_par' dir='ltr' id='par_1_43' title="bbox 367 2769 2028 2843">
     <span class='ocr_line' id='line_1_43' title="bbox 367 2769 2028 2843; baseline 0.004 -21"><span class='ocrx_word' id='word_1_287' title='bbox 367 2769 573 2825; x_wconf 88' lang='lat' dir='ltr'>liatum</span> <span class='ocrx_word' id='word_1_288' title='bbox 604 2771 758 2826; x_wconf 90' lang='lat' dir='ltr'>Deus</span> <span class='ocrx_word' id='word_1_289' title='bbox 793 2789 906 2826; x_wconf 92' lang='lat' dir='ltr'>non</span> <span class='ocrx_word' id='word_1_290' title='bbox 938 2773 1226 2843; x_wconf 87' lang='lat' dir='ltr'>despiciet</span> <span class='ocrx_word' id='word_1_291' title='bbox 1259 2774 1316 2826; x_wconf 89' lang='grc'>¹⁰.</span> <span class='ocrx_word' id='word_1_292' title='bbox 1356 2795 1381 2821; x_wconf 87' lang='grc'><strong><em>››</em></strong></span> <span class='ocrx_word' id='word_1_293' title='bbox 1417 2773 1580 2836; x_wconf 89' lang='lat' dir='ltr'>Quod</span> <span class='ocrx_word' id='word_1_294' title='bbox 1613 2779 1811 2827; x_wconf 87' lang='lat' dir='ltr'>autem</span> <span class='ocrx_word' id='word_1_295' title='bbox 1846 2773 1937 2828; x_wconf 90' lang='lat' dir='ltr'>his</span> <span class='ocrx_word' id='word_1_296' title='bbox 1971 2774 2028 2829; x_wconf 90' lang='lat' dir='ltr'>in</span> 
     </span>
    </p>
   </div>
   <div class='ocr_carea' id='block_1_44' title="bbox 369 2860 2028 2932">
    <p class='ocr_par' dir='ltr' id='par_1_44' title="bbox 369 2860 2028 2932">
     <span class='ocr_line' id='line_1_44' title="bbox 369 2860 2028 2932; baseline 0.003 -19"><span class='ocrx_word' id='word_1_297' title='bbox 369 2860 541 2915; x_wconf 91' lang='lat' dir='ltr'>terris</span> <span class='ocrx_word' id='word_1_298' title='bbox 575 2861 752 2916; x_wconf 89' lang='lat' dir='ltr'>relate</span> <span class='ocrx_word' id='word_1_299' title='bbox 798 2862 869 2916; x_wconf 83' lang='lat' dir='ltr'>ad</span> <span class='ocrx_word' id='word_1_300' title='bbox 925 2877 1092 2931; x_wconf 82' lang='lat' dir='ltr'>reges</span> <span class='ocrx_word' id='word_1_301' title='bbox 1144 2863 1463 2932; x_wconf 80' lang='lat' dir='ltr'>perficitur,</span> <span class='ocrx_word' id='word_1_302' title='bbox 1515 2863 1803 2918; x_wconf 84' lang='lat' dir='ltr'>conducet</span> <span class='ocrx_word' id='word_1_303' title='bbox 1851 2870 1907 2918; x_wconf 90' lang='lat' dir='ltr'>te</span> <span class='ocrx_word' id='word_1_304' title='bbox 1961 2865 2028 2918; x_wconf 88' lang='lat' dir='ltr'>ad</span> 
     </span>
    </p>
   </div>
   <div class='ocr_carea' id='block_1_45' title="bbox 368 2951 2026 3023">
    <p class='ocr_par' dir='ltr' id='par_1_45' title="bbox 368 2951 2026 3023">
     <span class='ocr_line' id='line_1_45' title="bbox 368 2951 2026 3023; baseline 0.002 -20"><span class='ocrx_word' id='word_1_305' title='bbox 368 2965 576 3018; x_wconf 84' lang='lat' dir='ltr'>puram</span> <span class='ocrx_word' id='word_1_306' title='bbox 617 2951 964 3006; x_wconf 87' lang='lat' dir='ltr'>orationem.</span> <span class='ocrx_word' id='word_1_307' title='bbox 998 2957 1141 3005; x_wconf 81' lang='lat' dir='ltr'>Cum</span> <span class='ocrx_word' id='word_1_308' title='bbox 1174 2953 1244 3006; x_wconf 90' lang='lat' dir='ltr'>ad</span> <span class='ocrx_word' id='word_1_309' title='bbox 1297 2968 1493 3023; x_wconf 79' lang='lat' dir='ltr'>regem</span> <span class='ocrx_word' id='word_1_310' title='bbox 1546 2953 1900 3022; x_wconf 87' lang='lat' dir='ltr'>perveneris,</span> <span class='ocrx_word' id='word_1_311' title='bbox 1933 2970 2026 3006; x_wconf 85' lang='lat' dir='ltr'>ac-</span> 
     </span>
    </p>
   </div>
   <div class='ocr_carea' id='block_1_46' title="bbox 365 3038 2022 3111">
    <p class='ocr_par' dir='ltr' id='par_1_46' title="bbox 365 3038 2022 3111">
     <span class='ocr_line' id='line_1_46' title="bbox 365 3038 2022 3111; baseline 0.003 -19"><span class='ocrx_word' id='word_1_312' title='bbox 365 3038 525 3093; x_wconf 90' lang='lat' dir='ltr'>cedis</span> <span class='ocrx_word' id='word_1_313' title='bbox 552 3054 813 3109; x_wconf 87' lang='lat' dir='ltr'>corpore,</span> <span class='ocrx_word' id='word_1_314' title='bbox 838 3039 1044 3111; x_wconf 87' lang='lat' dir='ltr'>lingua</span> <span class='ocrx_word' id='word_1_315' title='bbox 1077 3041 1435 3111; x_wconf 83' lang='lat' dir='ltr'>adprecaris,</span> <span class='ocrx_word' id='word_1_316' title='bbox 1460 3040 1628 3096; x_wconf 92' lang='lat' dir='ltr'>oculo</span> <span class='ocrx_word' id='word_1_317' title='bbox 1662 3041 2022 3109; x_wconf 87' lang='lat' dir='ltr'>consideras,</span> 
     </span>
    </p>
   </div>
   <div class='ocr_carea' id='block_1_47' title="bbox 367 3127 2024 3198">
    <p class='ocr_par' dir='ltr' id='par_1_47' title="bbox 367 3127 2024 3198">
     <span class='ocr_line' id='line_1_47' title="bbox 367 3127 2024 3198; baseline 0.004 -18"><span class='ocrx_word' id='word_1_318' title='bbox 367 3130 434 3181; x_wconf 92' lang='lat' dir='ltr'>ut</span> <span class='ocrx_word' id='word_1_319' title='bbox 482 3127 735 3198; x_wconf 89' lang='lat' dir='ltr'>regalem</span> <span class='ocrx_word' id='word_1_320' title='bbox 797 3128 900 3182; x_wconf 91' lang='lat' dir='ltr'>tibi</span> <span class='ocrx_word' id='word_1_321' title='bbox 961 3129 1381 3184; x_wconf 74' lang='lat' dir='ltr'>conciliaturas</span> <span class='ocrx_word' id='word_1_322' title='bbox 1444 3131 1526 3185; x_wconf 88' lang='lat' dir='ltr'>sis</span> <span class='ocrx_word' id='word_1_323' title='bbox 1580 3131 1855 3185; x_wconf 86' lang='lat' dir='ltr'>favorem.</span> <span class='ocrx_word' id='word_1_324' title='bbox 1907 3131 2024 3186; x_wconf 87' lang='lat' dir='ltr'>Hoc</span> 
     </span>
    </p>
   </div>
   <div class='ocr_carea' id='block_1_48' title="bbox 368 3217 2020 3288">
    <p class='ocr_par' dir='ltr' id='par_1_48' title="bbox 368 3217 2020 3288">
     <span class='ocr_line' id='line_1_48' title="bbox 368 3217 2020 3288; baseline 0.002 -18"><span class='ocrx_word' id='word_1_325' title='bbox 368 3232 602 3287; x_wconf 88' lang='lat' dir='ltr'>quoque</span> <span class='ocrx_word' id='word_1_326' title='bbox 633 3217 925 3287; x_wconf 82' lang='lat' dir='ltr'>perﬁcias,</span> <span class='ocrx_word' id='word_1_327' title='bbox 953 3218 1071 3272; x_wconf 89' lang='lat' dir='ltr'>sive</span> <span class='ocrx_word' id='word_1_328' title='bbox 1105 3218 1161 3271; x_wconf 93' lang='lat' dir='ltr'>in</span> <span class='ocrx_word' id='word_1_329' title='bbox 1195 3222 1482 3273; x_wconf 86' lang='lat' dir='ltr'>conventu</span> <span class='ocrx_word' id='word_1_330' title='bbox 1531 3219 1711 3273; x_wconf 86' lang='lat' dir='ltr'>fueris</span> <span class='ocrx_word' id='word_1_331' title='bbox 1742 3217 2020 3288; x_wconf 57' lang='lat' dir='ltr'>ecclesia},</span> 
     </span>
    </p>
   </div>
   <div class='ocr_carea' id='block_1_49' title="bbox 379 3304 2023 3364">
    <p class='ocr_par' dir='ltr' id='par_1_49' title="bbox 379 3304 2023 3364">
     <span class='ocr_line' id='line_1_49' title="bbox 379 3304 2023 3364; baseline 0.002 -4"><span class='ocrx_word' id='word_1_332' title='bbox 379 3305 500 3360; x_wconf 90' lang='lat' dir='ltr'>sive</span> <span class='ocrx_word' id='word_1_333' title='bbox 541 3304 701 3361; x_wconf 91' lang='lat' dir='ltr'>solus</span> <span class='ocrx_word' id='word_1_334' title='bbox 745 3305 804 3360; x_wconf 90' lang='lat' dir='ltr'>in</span> <span class='ocrx_word' id='word_1_335' title='bbox 855 3311 956 3361; x_wconf 88' lang='lat' dir='ltr'>tua</span> <span class='ocrx_word' id='word_1_336' title='bbox 1005 3307 1334 3362; x_wconf 87' lang='lat' dir='ltr'>mansione.</span> <span class='ocrx_word' id='word_1_337' title='bbox 1368 3307 1426 3362; x_wconf 85' lang='lat' dir='ltr'>Si</span> <span class='ocrx_word' id='word_1_338' title='bbox 1476 3324 1608 3362; x_wconf 91' lang='lat' dir='ltr'>cum</span> <span class='ocrx_word' id='word_1_339' title='bbox 1655 3307 1933 3362; x_wconf 88' lang='lat' dir='ltr'>fratribus</span> <span class='ocrx_word' id='word_1_340' title='bbox 1965 3308 2023 3364; x_wconf 90' lang='lat' dir='ltr'>in</span> 
     </span>
    </p>
   </div>
   <div class='ocr_carea' id='block_1_50' title="bbox 366 3396 2024 3470">
    <p class='ocr_par' dir='ltr' id='par_1_50' title="bbox 366 3396 2024 3470">
     <span class='ocr_line' id='line_1_50' title="bbox 366 3396 2024 3470; baseline 0.002 -20"><span class='ocrx_word' id='word_1_341' title='bbox 366 3396 608 3451; x_wconf 89' lang='lat' dir='ltr'>Domino</span> <span class='ocrx_word' id='word_1_342' title='bbox 640 3401 1034 3469; x_wconf 89' lang='lat' dir='ltr'>congregatus</span> <span class='ocrx_word' id='word_1_343' title='bbox 1086 3397 1288 3467; x_wconf 84' lang='lat' dir='ltr'>fueris,</span> <span class='ocrx_word' id='word_1_344' title='bbox 1322 3415 1426 3470; x_wconf 90' lang='lat' dir='ltr'>per</span> <span class='ocrx_word' id='word_1_345' title='bbox 1475 3398 1733 3469; x_wconf 91' lang='lat' dir='ltr'>corporis</span> <span class='ocrx_word' id='word_1_346' title='bbox 1784 3399 2024 3470; x_wconf 88' lang='lat' dir='ltr'>positio-</span> 
     </span>
    </p>
   </div>
   <div class='ocr_carea' id='block_1_51' title="bbox 359 3484 2019 3558">
    <p class='ocr_par' dir='ltr' id='par_1_51' title="bbox 359 3484 2019 3558">
     <span class='ocr_line' id='line_1_51' title="bbox 359 3484 2019 3558; baseline 0.002 -19"><span class='ocrx_word' id='word_1_347' title='bbox 359 3501 492 3540; x_wconf 89' lang='lat' dir='ltr'>nem</span> <span class='ocrx_word' id='word_1_348' title='bbox 514 3489 570 3540; x_wconf 92' lang='lat' dir='ltr'>et</span> <span class='ocrx_word' id='word_1_349' title='bbox 591 3484 804 3557; x_wconf 69' lang='lat' dir='ltr'>linguae</span> <span class='ocrx_word' id='word_1_350' title='bbox 831 3485 1220 3556; x_wconf 87' lang='lat' dir='ltr'>psalmodiam</span> <span class='ocrx_word' id='word_1_351' title='bbox 1244 3487 1498 3558; x_wconf 85' lang='lat' dir='ltr'>teipsum</span> <span class='ocrx_word' id='word_1_352' title='bbox 1520 3487 1742 3558; x_wconf 88' lang='lat' dir='ltr'>profers</span> <span class='ocrx_word' id='word_1_353' title='bbox 1757 3487 1871 3542; x_wconf 90' lang='lat' dir='ltr'>Deo</span> <span class='ocrx_word' id='word_1_354' title='bbox 1899 3506 1911 3555; x_wconf 90' lang='lat'><strong>;</strong></span> <span class='ocrx_word' id='word_1_355' title='bbox 1936 3488 2019 3543; x_wconf 92' lang='lat' dir='ltr'>sic</span> 
     </span>
    </p>
   </div>
   <div class='ocr_carea' id='block_1_52' title="bbox 360 3572 2020 3644">
    <p class='ocr_par' dir='ltr' id='par_1_52' title="bbox 360 3572 2020 3644">
     <span class='ocr_line' id='line_1_52' title="bbox 360 3572 2020 3644; baseline 0.001 -16"><span class='ocrx_word' id='word_1_356' title='bbox 360 3590 594 3644; x_wconf 91' lang='lat' dir='ltr'>quoque</span> <span class='ocrx_word' id='word_1_357' title='bbox 640 3572 832 3627; x_wconf 88' lang='lat' dir='ltr'>verbis</span> <span class='ocrx_word' id='word_1_358' title='bbox 865 3573 1134 3627; x_wconf 85' lang='lat' dir='ltr'>attendas</span> <span class='ocrx_word' id='word_1_359' title='bbox 1165 3579 1358 3627; x_wconf 85' lang='lat' dir='ltr'>mente</span> <span class='ocrx_word' id='word_1_360' title='bbox 1390 3579 1488 3627; x_wconf 89' lang='lat' dir='ltr'>tua</span> <span class='ocrx_word' id='word_1_361' title='bbox 1509 3579 1565 3628; x_wconf 87' lang='lat' dir='ltr'>et</span> <span class='ocrx_word' id='word_1_362' title='bbox 1587 3575 1739 3628; x_wconf 86' lang='lat' dir='ltr'>scias</span> <span class='ocrx_word' id='word_1_363' title='bbox 1772 3579 1825 3628; x_wconf 93' lang='lat' dir='ltr'>te</span> <span class='ocrx_word' id='word_1_364' title='bbox 1846 3575 2020 3630; x_wconf 89' lang='lat' dir='ltr'>verba</span> 
     </span>
    </p>
   </div>
   <div class='ocr_carea' id='block_1_53' title="bbox 353 3661 2017 3733">
    <p class='ocr_par' dir='ltr' id='par_1_53' title="bbox 353 3661 2017 3733">
     <span class='ocr_line' id='line_1_53' title="bbox 353 3661 2017 3733; baseline 0.002 -17"><span class='ocrx_word' id='word_1_365' title='bbox 353 3663 425 3716; x_wconf 88' lang='lat' dir='ltr'>ad</span> <span class='ocrx_word' id='word_1_366' title='bbox 488 3663 664 3716; x_wconf 89' lang='lat' dir='ltr'>Deum</span> <span class='ocrx_word' id='word_1_367' title='bbox 720 3661 908 3717; x_wconf 87' lang='lat' dir='ltr'>facere</span> <span class='ocrx_word' id='word_1_368' title='bbox 974 3666 1150 3733; x_wconf 87' lang='lat' dir='ltr'>atque</span> <span class='ocrx_word' id='word_1_369' title='bbox 1213 3662 1559 3717; x_wconf 88' lang='lat' dir='ltr'>orationem.</span> <span class='ocrx_word' id='word_1_370' title='bbox 1610 3663 1744 3726; x_wconf 77' lang='lat' dir='ltr'>Quae</span> <span class='ocrx_word' id='word_1_371' title='bbox 1795 3668 2017 3720; x_wconf 87' lang='lat' dir='ltr'>attente</span> 
     </span>
    </p>
   </div>
   <div class='ocr_carea' id='block_1_54' title="bbox 353 3750 2016 3824">
    <p class='ocr_par' dir='ltr' id='par_1_54' title="bbox 353 3750 2016 3824">
     <span class='ocr_line' id='line_1_54' title="bbox 353 3750 2016 3824; baseline 0.002 -20"><span class='ocrx_word' id='word_1_372' title='bbox 353 3754 530 3820; x_wconf 89' lang='lat' dir='ltr'>atque</span> <span class='ocrx_word' id='word_1_373' title='bbox 561 3751 764 3804; x_wconf 92' lang='lat' dir='ltr'>devote</span> <span class='ocrx_word' id='word_1_374' title='bbox 805 3750 1055 3805; x_wconf 87' lang='lat' dir='ltr'>orationi</span> <span class='ocrx_word' id='word_1_375' title='bbox 1091 3755 1278 3819; x_wconf 84' lang='lat' dir='ltr'>vacat,</span> <span class='ocrx_word' id='word_1_376' title='bbox 1325 3750 1426 3806; x_wconf 87' lang='lat' dir='ltr'>illa</span> <span class='ocrx_word' id='word_1_377' title='bbox 1466 3769 1632 3807; x_wconf 90' lang='lat' dir='ltr'>mens</span> <span class='ocrx_word' id='word_1_378' title='bbox 1673 3753 1889 3824; x_wconf 87' lang='lat' dir='ltr'>gaudio</span> <span class='ocrx_word' id='word_1_379' title='bbox 1923 3770 2016 3808; x_wconf 89' lang='lat' dir='ltr'>re-</span> 
     </span>
    </p>
   </div>
   <div class='ocr_carea' id='block_1_55' title="bbox 353 3839 2016 3912">
    <p class='ocr_par' dir='ltr' id='par_1_55' title="bbox 353 3839 2016 3912">
     <span class='ocr_line' id='line_1_55' title="bbox 353 3839 2016 3912; baseline 0.003 -19"><span class='ocrx_word' id='word_1_380' title='bbox 353 3839 547 3894; x_wconf 85' lang='lat' dir='ltr'>ﬁcitur</span> <span class='ocrx_word' id='word_1_381' title='bbox 577 3839 938 3912; x_wconf 88' lang='lat' dir='ltr'>sempiterno</span> <span class='ocrx_word' id='word_1_382' title='bbox 971 3845 1026 3894; x_wconf 87' lang='lat' dir='ltr'>et</span> <span class='ocrx_word' id='word_1_383' title='bbox 1054 3857 1194 3912; x_wconf 90' lang='lat' dir='ltr'>pace</span> <span class='ocrx_word' id='word_1_384' title='bbox 1227 3841 1526 3896; x_wconf 82' lang='lat' dir='ltr'>ineffabili.</span> <span class='ocrx_word' id='word_1_385' title='bbox 1554 3841 1612 3897; x_wconf 91' lang='lat' dir='ltr'>Si</span> <span class='ocrx_word' id='word_1_386' title='bbox 1646 3842 1703 3896; x_wconf 89' lang='lat' dir='ltr'>in</span> <span class='ocrx_word' id='word_1_387' title='bbox 1737 3841 1882 3897; x_wconf 90' lang='lat' dir='ltr'>cella</span> <span class='ocrx_word' id='word_1_388' title='bbox 1913 3847 2016 3898; x_wconf 87' lang='lat' dir='ltr'>tua</span> 
     </span>
    </p>
   </div>
   <div class='ocr_carea' id='block_1_56' title="bbox 345 3929 2008 3987">
    <p class='ocr_par' dir='ltr' id='par_1_56' title="bbox 345 3929 2008 3987">
     <span class='ocr_line' id='line_1_56' title="bbox 345 3929 2008 3987; baseline 0.002 -5"><span class='ocrx_word' id='word_1_389' title='bbox 345 3929 728 3984; x_wconf 85' lang='lat' dir='ltr'>absconditus</span> <span class='ocrx_word' id='word_1_390' title='bbox 750 3929 929 3984; x_wconf 87' lang='lat' dir='ltr'>fueris</span> <span class='ocrx_word' id='word_1_391' title='bbox 960 3935 1017 3984; x_wconf 85' lang='lat' dir='ltr'>et</span> <span class='ocrx_word' id='word_1_392' title='bbox 1040 3931 1356 3986; x_wconf 90' lang='lat' dir='ltr'>mentalem</span> <span class='ocrx_word' id='word_1_393' title='bbox 1389 3931 1667 3986; x_wconf 83' lang='lat' dir='ltr'>habueris</span> <span class='ocrx_word' id='word_1_394' title='bbox 1687 3932 2008 3987; x_wconf 88' lang='lat' dir='ltr'>orationem</span> 
     </span>
    </p>
   </div>
   <div class='ocr_carea' id='block_1_57' title="bbox 347 4018 2012 4092">
    <p class='ocr_par' dir='ltr' id='par_1_57' title="bbox 347 4018 2012 4092">
     <span class='ocr_line' id='line_1_57' title="bbox 347 4018 2012 4092; baseline 0.002 -20"><span class='ocrx_word' id='word_1_395' title='bbox 347 4035 479 4072; x_wconf 91' lang='lat' dir='ltr'>cum</span> <span class='ocrx_word' id='word_1_396' title='bbox 516 4022 708 4072; x_wconf 89' lang='lat' dir='ltr'>mente</span> <span class='ocrx_word' id='word_1_397' title='bbox 755 4018 950 4072; x_wconf 85' lang='lat' dir='ltr'>sobria</span> <span class='ocrx_word' id='word_1_398' title='bbox 993 4022 1050 4073; x_wconf 87' lang='lat' dir='ltr'>et</span> <span class='ocrx_word' id='word_1_399' title='bbox 1095 4019 1305 4090; x_wconf 84' lang='lat' dir='ltr'>spiritu</span> <span class='ocrx_word' id='word_1_400' title='bbox 1351 4019 1626 4089; x_wconf 86' lang='lat' dir='ltr'>contrito,</span> <span class='ocrx_word' id='word_1_401' title='bbox 1659 4024 1762 4074; x_wconf 89' lang='lat' dir='ltr'>tua</span> <span class='ocrx_word' id='word_1_402' title='bbox 1807 4037 2012 4092; x_wconf 88' lang='lat' dir='ltr'>proce-</span> 
     </span>
    </p>
   </div>
   <div class='ocr_carea' id='block_1_58' title="bbox 346 4106 2011 4180">
    <p class='ocr_par' dir='ltr' id='par_1_58' title="bbox 346 4106 2011 4180">
     <span class='ocr_line' id='line_1_58' title="bbox 346 4106 2011 4180; baseline 0.001 -18"><span class='ocrx_word' id='word_1_403' title='bbox 346 4108 445 4162; x_wconf 88' lang='lat' dir='ltr'>det</span> <span class='ocrx_word' id='word_1_404' title='bbox 475 4106 866 4162; x_wconf 87' lang='lat' dir='ltr'>consideratio</span> <span class='ocrx_word' id='word_1_405' title='bbox 900 4112 1140 4180; x_wconf 89' lang='lat' dir='ltr'>propter</span> <span class='ocrx_word' id='word_1_406' title='bbox 1165 4109 1567 4176; x_wconf 89' lang='lat' dir='ltr'>sobrietatem,</span> <span class='ocrx_word' id='word_1_407' title='bbox 1602 4108 2011 4180; x_wconf 87' lang='lat' dir='ltr'>inhabitatque</span> 
     </span>
    </p>
   </div>
   <div class='ocr_carea' id='block_1_59' title="bbox 345 4196 2007 4268">
    <p class='ocr_par' dir='ltr' id='par_1_59' title="bbox 345 4196 2007 4268">
     <span class='ocr_line' id='line_1_59' title="bbox 345 4196 2007 4268; baseline 0.002 -18"><span class='ocrx_word' id='word_1_408' title='bbox 345 4196 602 4268; x_wconf 87' lang='lat' dir='ltr'>cognitio</span> <span class='ocrx_word' id='word_1_409' title='bbox 636 4202 876 4268; x_wconf 83' lang='lat' dir='ltr'>prOpter</span> <span class='ocrx_word' id='word_1_410' title='bbox 907 4199 1321 4252; x_wconf 85' lang='lat' dir='ltr'>contritionem</span> <span class='ocrx_word' id='word_1_411' title='bbox 1351 4216 1363 4264; x_wconf 91' lang='lat'><strong>;</strong></span> <span class='ocrx_word' id='word_1_412' title='bbox 1400 4199 1741 4252; x_wconf 90' lang='lat' dir='ltr'>destruetur</span> <span class='ocrx_word' id='word_1_413' title='bbox 1773 4199 2007 4253; x_wconf 87' lang='lat' dir='ltr'>irratio-</span> 
     </span>
    </p>
   </div>
   <div class='ocr_carea' id='block_1_60' title="bbox 345 4284 1880 4356">
    <p class='ocr_par' dir='ltr' id='par_1_60' title="bbox 345 4284 1880 4356">
     <span class='ocr_line' id='line_1_60' title="bbox 345 4284 1880 4356; baseline 0.002 -17"><span class='ocrx_word' id='word_1_414' title='bbox 345 4284 561 4340; x_wconf 86' lang='lat' dir='ltr'>nabilis</span> <span class='ocrx_word' id='word_1_415' title='bbox 594 4284 868 4356; x_wconf 88' lang='lat' dir='ltr'>voluptas</span> <span class='ocrx_word' id='word_1_416' title='bbox 901 4291 956 4339; x_wconf 90' lang='lat' dir='ltr'>et</span> <span class='ocrx_word' id='word_1_417' title='bbox 979 4285 1213 4341; x_wconf 89' lang='lat' dir='ltr'>divinus</span> <span class='ocrx_word' id='word_1_418' title='bbox 1246 4303 1411 4341; x_wconf 87' lang='lat' dir='ltr'>amor</span> <span class='ocrx_word' id='word_1_419' title='bbox 1437 4286 1495 4339; x_wconf 91' lang='lat' dir='ltr'>in</span> <span class='ocrx_word' id='word_1_420' title='bbox 1529 4291 1584 4340; x_wconf 87' lang='lat' dir='ltr'>te</span> <span class='ocrx_word' id='word_1_421' title='bbox 1615 4286 1880 4343; x_wconf 87' lang='lat' dir='ltr'>intrabit.</span> 
     </span>
    </p>
   </div>
   <div class='ocr_carea' id='block_1_61' title="bbox 2146 1956 3812 2034">
    <p class='ocr_par' dir='ltr' id='par_1_61' title="bbox 2146 1956 3812 2034">
     <span class='ocr_line' id='line_1_61' title="bbox 2146 1956 3812 2034; baseline 0.001 -22"><span class='ocrx_word' id='word_1_422' title='bbox 2146 1964 2245 2027; x_wconf 83' lang='grc' dir='ltr'>τῆς</span> <span class='ocrx_word' id='word_1_423' title='bbox 2278 1956 2659 2028; x_wconf 79' lang='grc' dir='ltr'>ἀπλουστάτης</span> <span class='ocrx_word' id='word_1_424' title='bbox 2686 1961 2948 2032; x_wconf 80' lang='grc' dir='ltr'>νοήσεως,</span> <span class='ocrx_word' id='word_1_425' title='bbox 2985 1959 3086 2014; x_wconf 81' lang='grc' dir='ltr'>ὑπὸ</span> <span class='ocrx_word' id='word_1_426' title='bbox 3117 1961 3216 2028; x_wconf 85' lang='grc' dir='ltr'>τῆς</span> <span class='ocrx_word' id='word_1_427' title='bbox 3268 1959 3412 2024; x_wconf 84' lang='grc' dir='ltr'>θείας</span> <span class='ocrx_word' id='word_1_428' title='bbox 3471 1957 3812 2034; x_wconf 77' lang='grc' dir='ltr'>ἐλλάμψεως</span> 
     </span>
    </p>
   </div>
   <div class='ocr_carea' id='block_1_62' title="bbox 2147 2042 3807 2124">
    <p class='ocr_par' dir='ltr' id='par_1_62' title="bbox 2147 2042 3807 2124">
     <span class='ocr_line' id='line_1_62' title="bbox 2147 2042 3807 2124; baseline 0.001 -22"><span class='ocrx_word' id='word_1_429' title='bbox 2147 2049 2565 2122; x_wconf 80' lang='grc' dir='ltr'>καταυγάζεται,</span> <span class='ocrx_word' id='word_1_430' title='bbox 2600 2042 2892 2124; x_wconf 73' lang='grc' dir='ltr'>ἀρῥαόῶνα</span> <span class='ocrx_word' id='word_1_431' title='bbox 2937 2055 3040 2118; x_wconf 88' lang='grc' dir='ltr'>τῆς</span> <span class='ocrx_word' id='word_1_432' title='bbox 3097 2045 3416 2122; x_wconf 76' lang='grc' dir='ltr'>μελλούσης</span> <span class='ocrx_word' id='word_1_433' title='bbox 3474 2047 3807 2124; x_wconf 84' lang='grc' dir='ltr'>λαμπρότη-</span> 
     </span>
    </p>
   </div>
   <div class='ocr_carea' id='block_1_63' title="bbox 2144 2135 3808 2214">
    <p class='ocr_par' dir='ltr' id='par_1_63' title="bbox 2144 2135 3808 2214">
     <span class='ocr_line' id='line_1_63' title="bbox 2144 2135 3808 2214; baseline -0.001 -22"><span class='ocrx_word' id='word_1_434' title='bbox 2144 2159 2238 2200; x_wconf 88' lang='grc' dir='ltr'>τος</span> <span class='ocrx_word' id='word_1_435' title='bbox 2289 2136 2677 2210; x_wconf 84' lang='grc' dir='ltr'>κομιζόμενος.</span> <span class='ocrx_word' id='word_1_436' title='bbox 2712 2137 2813 2193; x_wconf 86' lang='grc' dir='ltr'>Καὶ</span> <span class='ocrx_word' id='word_1_437' title='bbox 2869 2135 3052 2213; x_wconf 80' lang='grc' dir='ltr'>ὥσπερ</span> <span class='ocrx_word' id='word_1_438' title='bbox 3111 2135 3277 2192; x_wconf 87' lang='grc' dir='ltr'>πάλιν</span> <span class='ocrx_word' id='word_1_439' title='bbox 3340 2140 3375 2207; x_wconf 81' lang='grc' dir='ltr'>ἡ</span> <span class='ocrx_word' id='word_1_440' title='bbox 3434 2137 3662 2212; x_wconf 87' lang='grc' dir='ltr'>γλῶσσα</span> <span class='ocrx_word' id='word_1_441' title='bbox 3703 2139 3808 2214; x_wconf 73' lang='grc' dir='ltr'>ῥή-</span> 
     </span>
    </p>
   </div>
   <div class='ocr_carea' id='block_1_64' title="bbox 2150 2225 3810 2303">
    <p class='ocr_par' dir='ltr' id='par_1_64' title="bbox 2150 2225 3810 2303">
     <span class='ocr_line' id='line_1_64' title="bbox 2150 2225 3810 2303; baseline 0.002 -23"><span class='ocrx_word' id='word_1_442' title='bbox 2150 2248 2292 2299; x_wconf 88' lang='grc' dir='ltr'>ματα</span> <span class='ocrx_word' id='word_1_443' title='bbox 2324 2225 2491 2301; x_wconf 90' lang='grc' dir='ltr'>λόγου</span> <span class='ocrx_word' id='word_1_444' title='bbox 2518 2227 2890 2303; x_wconf 76' lang='grc' dir='ltr'>προφέρουσα,</span> <span class='ocrx_word' id='word_1_445' title='bbox 2921 2227 3021 2296; x_wconf 76' lang='grc' dir='ltr'>τὴν</span> <span class='ocrx_word' id='word_1_446' title='bbox 3057 2225 3263 2297; x_wconf 76' lang='grc' dir='ltr'>ἄδηλον</span> <span class='ocrx_word' id='word_1_447' title='bbox 3295 2225 3520 2296; x_wconf 82' lang='grc' dir='ltr'>θέλησιν</span> <span class='ocrx_word' id='word_1_448' title='bbox 3561 2231 3662 2282; x_wconf 84' lang='grc' dir='ltr'>τοῦ</span> <span class='ocrx_word' id='word_1_449' title='bbox 3713 2231 3810 2283; x_wconf 88' lang='grc' dir='ltr'>νοῦ</span> 
     </span>
    </p>
   </div>
   <div class='ocr_carea' id='block_1_65' title="bbox 2145 2313 3812 2392">
    <p class='ocr_par' dir='ltr' id='par_1_65' title="bbox 2145 2313 3812 2392">
     <span class='ocr_line' id='line_1_65' title="bbox 2145 2313 3812 2392; baseline 0.001 -22"><span class='ocrx_word' id='word_1_450' title='bbox 2145 2315 2425 2392; x_wconf 85' lang='grc' dir='ltr'>ἐμφανίζει</span> <span class='ocrx_word' id='word_1_451' title='bbox 2476 2319 2554 2370; x_wconf 93' lang='grc' dir='ltr'>τῶ</span> <span class='ocrx_word' id='word_1_452' title='bbox 2609 2316 2861 2371; x_wconf 82' lang='grc' dir='ltr'>ἀκούοντι</span> <span class='ocrx_word' id='word_1_453' title='bbox 2895 2335 2908 2348; x_wconf 87' lang='grc'><strong>·</strong></span> <span class='ocrx_word' id='word_1_454' title='bbox 2947 2315 3088 2371; x_wconf 77' lang='grc' dir='ltr'>οὕτω</span> <span class='ocrx_word' id='word_1_455' title='bbox 3138 2315 3228 2371; x_wconf 84' lang='grc' dir='ltr'>καὶ</span> <span class='ocrx_word' id='word_1_456' title='bbox 3291 2313 3503 2371; x_wconf 85' lang='grc' dir='ltr'>διάνοια</span> <span class='ocrx_word' id='word_1_457' title='bbox 3555 2317 3622 2372; x_wconf 78' lang='grc' dir='ltr'>τὰ</span> <span class='ocrx_word' id='word_1_458' title='bbox 3674 2317 3812 2392; x_wconf 79' lang='grc' dir='ltr'>βρα-</span> 
     </span>
    </p>
   </div>
   <div class='ocr_carea' id='block_1_66' title="bbox 2145 2398 3809 2480">
    <p class='ocr_par' dir='ltr' id='par_1_66' title="bbox 2145 2398 3809 2480">
     <span class='ocr_line' id='line_1_66' title="bbox 2145 2398 3809 2480; baseline 0.001 -23"><span class='ocrx_word' id='word_1_459' title='bbox 2145 2398 2474 2478; x_wconf 78' lang='grc' dir='ltr'>χυσύλλαόα</span> <span class='ocrx_word' id='word_1_460' title='bbox 2559 2403 2779 2478; x_wconf 70' lang='grc' dir='ltr'>ῥήματα</span> <span class='ocrx_word' id='word_1_461' title='bbox 2864 2409 2964 2474; x_wconf 86' lang='grc' dir='ltr'>τῆς</span> <span class='ocrx_word' id='word_1_462' title='bbox 3046 2410 3371 2480; x_wconf 82' lang='grc' dir='ltr'>προσευχῆς</span> <span class='ocrx_word' id='word_1_463' title='bbox 3444 2409 3664 2468; x_wconf 84' lang='grc' dir='ltr'>πυκνῶς</span> <span class='ocrx_word' id='word_1_464' title='bbox 3713 2404 3809 2459; x_wconf 77' lang='grc' dir='ltr'>καὶ</span> 
     </span>
    </p>
   </div>
   <div class='ocr_carea' id='block_1_67' title="bbox 2145 2491 3807 2568">
    <p class='ocr_par' dir='ltr' id='par_1_67' title="bbox 2145 2491 3807 2568">
     <span class='ocr_line' id='line_1_67' title="bbox 2145 2491 3807 2568; baseline 0.002 -22"><span class='ocrx_word' id='word_1_465' title='bbox 2145 2498 2363 2568; x_wconf 81' lang='grc' dir='ltr'>θερμῶς</span> <span class='ocrx_word' id='word_1_466' title='bbox 2447 2491 2888 2568; x_wconf 86' lang='grc' dir='ltr'>ἀναγγέλλουσα,</span> <span class='ocrx_word' id='word_1_467' title='bbox 2945 2494 3045 2561; x_wconf 78' lang='grc' dir='ltr'>τήν</span> <span class='ocrx_word' id='word_1_468' title='bbox 3123 2501 3225 2563; x_wconf 87' lang='grc' dir='ltr'>τῆς</span> <span class='ocrx_word' id='word_1_469' title='bbox 3310 2497 3498 2568; x_wconf 75' lang='grc' dir='ltr'>ψυχῆς</span> <span class='ocrx_word' id='word_1_470' title='bbox 3584 2491 3807 2564; x_wconf 75' lang='grc' dir='ltr'>αἶ’τησιν</span> 
     </span>
    </p>
   </div>
   <div class='ocr_carea' id='block_1_68' title="bbox 2140 2580 3801 2658">
    <p class='ocr_par' dir='ltr' id='par_1_68' title="bbox 2140 2580 3801 2658">
     <span class='ocr_line' id='line_1_68' title="bbox 2140 2580 3801 2658; baseline 0.001 -22"><span class='ocrx_word' id='word_1_471' title='bbox 2140 2581 2505 2637; x_wconf 82' lang='grc' dir='ltr'>ἀνακαλύπτει</span> <span class='ocrx_word' id='word_1_472' title='bbox 2561 2587 2641 2653; x_wconf 87' lang='grc' dir='ltr'>τῷ</span> <span class='ocrx_word' id='word_1_473' title='bbox 2699 2583 2873 2636; x_wconf 87' lang='grc' dir='ltr'>πάντα</span> <span class='ocrx_word' id='word_1_474' title='bbox 2929 2580 3100 2637; x_wconf 79' lang='grc' dir='ltr'>εἰδότι</span> <span class='ocrx_word' id='word_1_475' title='bbox 3161 2587 3300 2654; x_wconf 88' lang='grc' dir='ltr'>Θεῷ,</span> <span class='ocrx_word' id='word_1_476' title='bbox 3332 2581 3422 2637; x_wconf 82' lang='grc' dir='ltr'><strong>καί</strong></span> <span class='ocrx_word' id='word_1_477' title='bbox 3471 2587 3538 2656; x_wconf 83' lang='grc' dir='ltr'>τῇ</span> <span class='ocrx_word' id='word_1_478' title='bbox 3573 2582 3801 2658; x_wconf 78' lang='grc' dir='ltr'>εὖκτικῇ</span> 
     </span>
    </p>
   </div>
   <div class='ocr_carea' id='block_1_69' title="bbox 2140 2666 3796 2747">
    <p class='ocr_par' dir='ltr' id='par_1_69' title="bbox 2140 2666 3796 2747">
     <span class='ocr_line' id='line_1_69' title="bbox 2140 2666 3796 2747; baseline 0 -23"><span class='ocrx_word' id='word_1_479' title='bbox 2140 2668 2441 2745; x_wconf 82' lang='grc' dir='ltr'>προσεδρίᾳ</span> <span class='ocrx_word' id='word_1_480' title='bbox 2499 2669 2588 2726; x_wconf 87' lang='grc' dir='ltr'>καὶ</span> <span class='ocrx_word' id='word_1_481' title='bbox 2645 2669 2892 2744; x_wconf 87' lang='grc' dir='ltr'>ἐπιμόνῳ</span> <span class='ocrx_word' id='word_1_482' title='bbox 2964 2666 3221 2747; x_wconf 76' lang='grc' dir='ltr'>συντριϐῇ</span> <span class='ocrx_word' id='word_1_483' title='bbox 3303 2669 3551 2746; x_wconf 86' lang='grc' dir='ltr'>καρδίας,</span> <span class='ocrx_word' id='word_1_484' title='bbox 3606 2671 3697 2726; x_wconf 82' lang='grc' dir='ltr'>καὶ</span> <span class='ocrx_word' id='word_1_485' title='bbox 3758 2675 3796 2742; x_wconf 83' lang='grc' dir='ltr'><strong>ἡ</strong></span> 
     </span>
    </p>
   </div>
   <div class='ocr_carea' id='block_1_70' title="bbox 2139 2755 3800 2837">
    <p class='ocr_par' dir='ltr' id='par_1_70' title="bbox 2139 2755 3800 2837">
     <span class='ocr_line' id='line_1_70' title="bbox 2139 2755 3800 2837; baseline 0.001 -24"><span class='ocrx_word' id='word_1_486' title='bbox 2139 2755 2399 2834; x_wconf 73' lang='grc' dir='ltr'>συντριϐἠ</span> <span class='ocrx_word' id='word_1_487' title='bbox 2431 2759 2635 2836; x_wconf 85' lang='grc' dir='ltr'>ἀνοίγει</span> <span class='ocrx_word' id='word_1_488' title='bbox 2665 2759 2731 2814; x_wconf 76' lang='grc' dir='ltr'>τὰ</span> <span class='ocrx_word' id='word_1_489' title='bbox 2761 2757 3122 2837; x_wconf 80' lang='grc' dir='ltr'>φιλάνθρωπα</span> <span class='ocrx_word' id='word_1_490' title='bbox 3153 2759 3444 2836; x_wconf 85' lang='grc' dir='ltr'>σπλάγχνα</span> <span class='ocrx_word' id='word_1_491' title='bbox 3498 2764 3595 2814; x_wconf 84' lang='grc' dir='ltr'>τοῦ</span> <span class='ocrx_word' id='word_1_492' title='bbox 3650 2782 3800 2834; x_wconf 89' lang='grc' dir='ltr'>συμ-</span> 
     </span>
    </p>
   </div>
   <div class='ocr_carea' id='block_1_71' title="bbox 2139 2847 3798 2924">
    <p class='ocr_par' dir='ltr' id='par_1_71' title="bbox 2139 2847 3798 2924">
     <span class='ocr_line' id='line_1_71' title="bbox 2139 2847 3798 2924; baseline 0.003 -22"><span class='ocrx_word' id='word_1_493' title='bbox 2139 2851 2362 2915; x_wconf 87' lang='grc' dir='ltr'>παθοῦς,</span> <span class='ocrx_word' id='word_1_494' title='bbox 2415 2851 2504 2903; x_wconf 80' lang='grc' dir='ltr'>καὶ</span> <span class='ocrx_word' id='word_1_495' title='bbox 2590 2847 2852 2904; x_wconf 87' lang='grc' dir='ltr'>πλουσίαν</span> <span class='ocrx_word' id='word_1_496' title='bbox 2931 2851 3033 2918; x_wconf 80' lang='grc' dir='ltr'>τήν</span> <span class='ocrx_word' id='word_1_497' title='bbox 3112 2849 3382 2924; x_wconf 81' lang='grc' dir='ltr'>σωτηρίαν</span> <span class='ocrx_word' id='word_1_498' title='bbox 3461 2847 3798 2924; x_wconf 80' lang='grc' dir='ltr'>εἰσδέχεται.</span> 
     </span>
    </p>
   </div>
   <div class='ocr_carea' id='block_1_72' title="bbox 2139 2935 3799 3015">
    <p class='ocr_par' dir='ltr' id='par_1_72' title="bbox 2139 2935 3799 3015">
     <span class='ocr_line' id='line_1_72' title="bbox 2139 2935 3799 3015; baseline -0.001 -21"><span class='ocrx_word' id='word_1_499' title='bbox 2139 2962 2165 2987; x_wconf 88' lang='grc'>‹‹</span> <span class='ocrx_word' id='word_1_500' title='bbox 2199 2935 2433 3013; x_wconf 82' lang='grc' dir='ltr'>Καρδίαν</span> <span class='ocrx_word' id='word_1_501' title='bbox 2485 2937 2610 3013; x_wconf 70' lang='grc' dir='ltr'>γὰρ,</span> <span class='ocrx_word' id='word_1_502' title='bbox 2662 2939 2816 3015; x_wconf 86' lang='grc' dir='ltr'>φησὶ,</span> <span class='ocrx_word' id='word_1_503' title='bbox 2871 2937 3336 3012; x_wconf 82' lang='grc' dir='ltr'>συντετριμμένην</span> <span class='ocrx_word' id='word_1_504' title='bbox 3393 2940 3484 2993; x_wconf 88' lang='lat' dir='ltr'>xui</span> <span class='ocrx_word' id='word_1_505' title='bbox 3541 2959 3799 2995; x_wconf 87' lang='grc' dir='ltr'>τεταπει-</span> 
     </span>
    </p>
   </div>
   <div class='ocr_carea' id='block_1_73' title="bbox 2135 3024 3794 3104">
    <p class='ocr_par' dir='ltr' id='par_1_73' title="bbox 2135 3024 3794 3104">
     <span class='ocr_line' id='line_1_73' title="bbox 2135 3024 3794 3104; baseline 0.004 -26"><span class='ocrx_word' id='word_1_506' title='bbox 2135 3028 2382 3099; x_wconf 88' lang='grc' dir='ltr'>νωμένην</span> <span class='ocrx_word' id='word_1_507' title='bbox 2436 3027 2463 3080; x_wconf 90' lang='grc' dir='ltr'><strong>ὁ</strong></span> <span class='ocrx_word' id='word_1_508' title='bbox 2521 3027 2651 3086; x_wconf 86' lang='grc' dir='ltr'>Θεὸς</span> <span class='ocrx_word' id='word_1_509' title='bbox 2710 3025 2809 3080; x_wconf 80' lang='grc' dir='ltr'>ούκ</span> <span class='ocrx_word' id='word_1_510' title='bbox 2867 3024 3234 3096; x_wconf 80' lang='grc' dir='ltr'>ἐξουδενώσει.</span> <span class='ocrx_word' id='word_1_511' title='bbox 3297 3051 3318 3077; x_wconf 77' lang='grc' dir='ltr'>ι</span> <span class='ocrx_word' id='word_1_512' title='bbox 3380 3029 3794 3104; x_wconf 71' lang='grc' dir='ltr'>Χειραγωγησει</span> 
     </span>
    </p>
   </div>
   <div class='ocr_carea' id='block_1_74' title="bbox 2136 3114 3796 3191">
    <p class='ocr_par' dir='ltr' id='par_1_74' title="bbox 2136 3114 3796 3191">
     <span class='ocr_line' id='line_1_74' title="bbox 2136 3114 3796 3191; baseline 0.002 -23"><span class='ocrx_word' id='word_1_513' title='bbox 2136 3135 2193 3169; x_wconf 93' lang='grc' dir='ltr'>σε</span> <span class='ocrx_word' id='word_1_514' title='bbox 2246 3114 2322 3176; x_wconf 66' lang='grc' dir='ltr'>εἲς</span> <span class='ocrx_word' id='word_1_515' title='bbox 2374 3115 2610 3191; x_wconf 71' lang='grc' dir='ltr'>καθαρὰν</span> <span class='ocrx_word' id='word_1_516' title='bbox 2670 3116 3012 3190; x_wconf 76' lang='grc' dir='ltr'>προσευχὴν,</span> <span class='ocrx_word' id='word_1_517' title='bbox 3054 3115 3143 3170; x_wconf 82' lang='grc' dir='ltr'>καὶ</span> <span class='ocrx_word' id='word_1_518' title='bbox 3199 3117 3261 3171; x_wconf 88' lang='grc' dir='ltr'>τὸ</span> <span class='ocrx_word' id='word_1_519' title='bbox 3314 3115 3654 3190; x_wconf 76' lang='grc' dir='ltr'>τελούμενον</span> <span class='ocrx_word' id='word_1_520' title='bbox 3714 3118 3796 3181; x_wconf 85' lang='grc' dir='ltr'>είς</span> 
     </span>
    </p>
   </div>
   <div class='ocr_carea' id='block_1_75' title="bbox 2136 3202 3784 3282">
    <p class='ocr_par' dir='ltr' id='par_1_75' title="bbox 2136 3202 3784 3282">
     <span class='ocr_line' id='line_1_75' title="bbox 2136 3202 3784 3282; baseline 0 -24"><span class='ocrx_word' id='word_1_521' title='bbox 2136 3203 2227 3258; x_wconf 84' lang='grc' dir='ltr'>τὸν</span> <span class='ocrx_word' id='word_1_522' title='bbox 2261 3203 2349 3258; x_wconf 85' lang='grc' dir='ltr'>ἐπὶ</span> <span class='ocrx_word' id='word_1_523' title='bbox 2383 3211 2486 3278; x_wconf 86' lang='grc' dir='ltr'>γῆς</span> <span class='ocrx_word' id='word_1_524' title='bbox 2524 3202 2769 3279; x_wconf 81' lang='grc' dir='ltr'>βασιλέα.</span> <span class='ocrx_word' id='word_1_525' title='bbox 2801 3207 2965 3260; x_wconf 85' lang='grc' dir='ltr'>Ὅταν</span> <span class='ocrx_word' id='word_1_526' title='bbox 3021 3204 3121 3280; x_wconf 73' lang='grc' dir='ltr'>γὰρ</span> <span class='ocrx_word' id='word_1_527' title='bbox 3180 3205 3492 3280; x_wconf 75' lang='grc' dir='ltr'>προσέλθῃς</span> <span class='ocrx_word' id='word_1_528' title='bbox 3553 3207 3784 3282; x_wconf 72' lang='grc' dir='ltr'>βασιλεῖ,</span> 
     </span>
    </p>
   </div>
   <div class='ocr_carea' id='block_1_76' title="bbox 2138 3293 3784 3369">
    <p class='ocr_par' dir='ltr' id='par_1_76' title="bbox 2138 3293 3784 3369">
     <span class='ocr_line' id='line_1_76' title="bbox 2138 3293 3784 3369; baseline 0 -22"><span class='ocrx_word' id='word_1_529' title='bbox 2138 3293 2228 3347; x_wconf 82' lang='grc' dir='ltr'>καὶ</span> <span class='ocrx_word' id='word_1_530' title='bbox 2285 3293 2499 3366; x_wconf 87' lang='grc' dir='ltr'>σώματι</span> <span class='ocrx_word' id='word_1_531' title='bbox 2559 3294 2905 3366; x_wconf 84' lang='grc' dir='ltr'>παρίστασαι,</span> <span class='ocrx_word' id='word_1_532' title='bbox 2959 3294 3051 3348; x_wconf 84' lang='grc' dir='ltr'>καὶ</span> <span class='ocrx_word' id='word_1_533' title='bbox 3109 3295 3337 3369; x_wconf 81' lang='grc' dir='ltr'>γλώσσῃ</span> <span class='ocrx_word' id='word_1_534' title='bbox 3398 3293 3784 3363; x_wconf 79' lang='grc' dir='ltr'>καθικετεύεις,</span> 
     </span>
    </p>
   </div>
   <div class='ocr_carea' id='block_1_77' title="bbox 2135 3384 3788 3460">
    <p class='ocr_par' dir='ltr' id='par_1_77' title="bbox 2135 3384 3788 3460">
     <span class='ocr_line' id='line_1_77' title="bbox 2135 3384 3788 3460; baseline 0.001 -21"><span class='ocrx_word' id='word_1_535' title='bbox 2135 3384 2224 3439; x_wconf 86' lang='grc' dir='ltr'>καὶ</span> <span class='ocrx_word' id='word_1_536' title='bbox 2258 3384 2529 3460; x_wconf 79' lang='grc' dir='ltr'>ὀφθαλμῷ</span> <span class='ocrx_word' id='word_1_537' title='bbox 2576 3384 2712 3460; x_wconf 81' lang='grc' dir='ltr'>πρὸς</span> <span class='ocrx_word' id='word_1_538' title='bbox 2753 3384 2910 3440; x_wconf 78' lang='grc' dir='ltr'>αὐτὸν</span> <span class='ocrx_word' id='word_1_539' title='bbox 2963 3385 3305 3456; x_wconf 84' lang='grc' dir='ltr'>ἐνατενίζεις,</span> <span class='ocrx_word' id='word_1_540' title='bbox 3335 3387 3424 3441; x_wconf 84' lang='grc' dir='ltr'>καὶ</span> <span class='ocrx_word' id='word_1_541' title='bbox 3485 3386 3632 3440; x_wconf 75' lang='grc' dir='ltr'>οὕτω</span> <span class='ocrx_word' id='word_1_542' title='bbox 3686 3387 3788 3455; x_wconf 73' lang='grc' dir='ltr'>τήν</span> 
     </span>
    </p>
   </div>
   <div class='ocr_carea' id='block_1_78' title="bbox 2133 3471 3794 3550">
    <p class='ocr_par' dir='ltr' id='par_1_78' title="bbox 2133 3471 3794 3550">
     <span class='ocr_line' id='line_1_78' title="bbox 2133 3471 3794 3550; baseline 0 -22"><span class='ocrx_word' id='word_1_543' title='bbox 2133 3471 2425 3550; x_wconf 79' lang='grc' dir='ltr'>βασιλικὴν</span> <span class='ocrx_word' id='word_1_544' title='bbox 2486 3473 2764 3546; x_wconf 77' lang='grc' dir='ltr'>εὐμένειαν</span> <span class='ocrx_word' id='word_1_545' title='bbox 2823 3475 2960 3548; x_wconf 84' lang='grc' dir='ltr'>πρὸς</span> <span class='ocrx_word' id='word_1_546' title='bbox 3002 3476 3186 3530; x_wconf 70' lang='grc' dir='ltr'>ἑαυτὸν</span> <span class='ocrx_word' id='word_1_547' title='bbox 3238 3473 3433 3536; x_wconf 68' lang='grc' dir='ltr'>ἕλκεις.</span> <span class='ocrx_word' id='word_1_548' title='bbox 3480 3479 3649 3529; x_wconf 84' lang='grc' dir='ltr'>Τοῦτο</span> <span class='ocrx_word' id='word_1_549' title='bbox 3695 3476 3794 3530; x_wconf 84' lang='grc' dir='ltr'>καὶ</span> 
     </span>
    </p>
   </div>
   <div class='ocr_carea' id='block_1_79' title="bbox 2131 3562 3790 3639">
    <p class='ocr_par' dir='ltr' id='par_1_79' title="bbox 2131 3562 3790 3639">
     <span class='ocr_line' id='line_1_79' title="bbox 2131 3562 3790 3639; baseline 0.001 -22"><span class='ocrx_word' id='word_1_550' title='bbox 2131 3563 2192 3617; x_wconf 80' lang='grc' dir='ltr'>σὺ</span> <span class='ocrx_word' id='word_1_551' title='bbox 2251 3562 2452 3618; x_wconf 86' lang='grc' dir='ltr'>ἐκτέλει</span> <span class='ocrx_word' id='word_1_552' title='bbox 2512 3563 2609 3618; x_wconf 86' lang='grc' dir='ltr'>κάν</span> <span class='ocrx_word' id='word_1_553' title='bbox 2655 3562 2723 3637; x_wconf 76' lang='grc' dir='ltr'>τῇ</span> <span class='ocrx_word' id='word_1_554' title='bbox 2777 3566 2982 3636; x_wconf 79' lang='grc' dir='ltr'>συνάξει</span> <span class='ocrx_word' id='word_1_555' title='bbox 3039 3571 3140 3634; x_wconf 85' lang='grc' dir='ltr'>τῆς</span> <span class='ocrx_word' id='word_1_556' title='bbox 3200 3563 3514 3636; x_wconf 83' lang='grc' dir='ltr'>ἐκκλησίας,</span> <span class='ocrx_word' id='word_1_557' title='bbox 3561 3564 3659 3619; x_wconf 88' lang='grc' dir='ltr'>κάν</span> <span class='ocrx_word' id='word_1_558' title='bbox 3716 3569 3790 3639; x_wconf 81' lang='grc' dir='ltr'>τῇ</span> 
     </span>
    </p>
   </div>
   <div class='ocr_carea' id='block_1_80' title="bbox 2130 3652 3793 3727">
    <p class='ocr_par' dir='ltr' id='par_1_80' title="bbox 2130 3652 3793 3727">
     <span class='ocr_line' id='line_1_80' title="bbox 2130 3652 3793 3727; baseline 0.001 -22"><span class='ocrx_word' id='word_1_559' title='bbox 2130 3652 2366 3725; x_wconf 87' lang='grc' dir='ltr'>μονώσει</span> <span class='ocrx_word' id='word_1_560' title='bbox 2425 3657 2524 3719; x_wconf 86' lang='grc' dir='ltr'>τῆς</span> <span class='ocrx_word' id='word_1_561' title='bbox 2586 3652 2779 3713; x_wconf 84' lang='grc' dir='ltr'>οἰκίας.</span> <span class='ocrx_word' id='word_1_562' title='bbox 2840 3655 3220 3727; x_wconf 86' lang='grc' dir='ltr'>Συναγόμενος</span> <span class='ocrx_word' id='word_1_563' title='bbox 3299 3653 3405 3727; x_wconf 75' lang='grc' dir='ltr'>γὰρ</span> <span class='ocrx_word' id='word_1_564' title='bbox 3480 3652 3532 3707; x_wconf 88' lang='grc' dir='ltr'>ἐν</span> <span class='ocrx_word' id='word_1_565' title='bbox 3599 3654 3793 3727; x_wconf 79' lang='grc' dir='ltr'>Κυρίῳ</span> 
     </span>
    </p>
   </div>
   <div class='ocr_carea' id='block_1_81' title="bbox 2129 3739 3792 3819">
    <p class='ocr_par' dir='ltr' id='par_1_81' title="bbox 2129 3739 3792 3819">
     <span class='ocr_line' id='line_1_81' title="bbox 2129 3739 3792 3819; baseline 0 -23"><span class='ocrx_word' id='word_1_566' title='bbox 2129 3742 2265 3815; x_wconf 75' lang='grc' dir='ltr'>μετὰ</span> <span class='ocrx_word' id='word_1_567' title='bbox 2309 3746 2418 3796; x_wconf 89' lang='grc' dir='ltr'>τῶν</span> <span class='ocrx_word' id='word_1_568' title='bbox 2473 3739 2746 3819; x_wconf 85' lang='grc' dir='ltr'>ἀδελφῶν,</span> <span class='ocrx_word' id='word_1_569' title='bbox 2782 3741 2965 3817; x_wconf 84' lang='grc' dir='ltr'>ὥσπερ</span> <span class='ocrx_word' id='word_1_570' title='bbox 3019 3744 3117 3810; x_wconf 76' lang='grc' dir='ltr'>τὴν</span> <span class='ocrx_word' id='word_1_571' title='bbox 3172 3740 3261 3797; x_wconf 81' lang='grc' dir='ltr'>διὰ</span> <span class='ocrx_word' id='word_1_572' title='bbox 3301 3743 3554 3815; x_wconf 89' lang='grc' dir='ltr'>σώματος</span> <span class='ocrx_word' id='word_1_573' title='bbox 3610 3742 3792 3816; x_wconf 83' lang='grc' dir='ltr'>παρά-</span> 
     </span>
    </p>
   </div>
   <div class='ocr_carea' id='block_1_82' title="bbox 2124 3830 3796 3908">
    <p class='ocr_par' dir='ltr' id='par_1_82' title="bbox 2124 3830 3796 3908">
     <span class='ocr_line' id='line_1_82' title="bbox 2124 3830 3796 3908; baseline 0.001 -22"><span class='ocrx_word' id='word_1_574' title='bbox 2124 3853 2305 3886; x_wconf 90' lang='grc' dir='ltr'>στασιν</span> <span class='ocrx_word' id='word_1_575' title='bbox 2337 3836 2534 3898; x_wconf 81' lang='grc' dir='ltr'>ποιεῖς,</span> <span class='ocrx_word' id='word_1_576' title='bbox 2567 3833 2656 3885; x_wconf 80' lang='grc' dir='ltr'>καὶ</span> <span class='ocrx_word' id='word_1_577' title='bbox 2687 3833 2786 3900; x_wconf 78' lang='grc' dir='ltr'>τήν</span> <span class='ocrx_word' id='word_1_578' title='bbox 2820 3830 2911 3887; x_wconf 77' lang='grc' dir='ltr'>διὰ</span> <span class='ocrx_word' id='word_1_579' title='bbox 2938 3830 3192 3908; x_wconf 88' lang='grc' dir='ltr'>γλώττης</span> <span class='ocrx_word' id='word_1_580' title='bbox 3233 3830 3564 3905; x_wconf 83' lang='grc' dir='ltr'>ψαλμῳδίαν</span> <span class='ocrx_word' id='word_1_581' title='bbox 3609 3852 3796 3908; x_wconf 84' lang='grc' dir='ltr'>προσ·-</span> 
     </span>
    </p>
   </div>
   <div class='ocr_carea' id='block_1_83' title="bbox 2125 3916 3793 3998">
    <p class='ocr_par' dir='ltr' id='par_1_83' title="bbox 2125 3916 3793 3998">
     <span class='ocr_line' id='line_1_83' title="bbox 2125 3916 3793 3998; baseline 0.001 -24"><span class='ocrx_word' id='word_1_582' title='bbox 2125 3921 2303 3998; x_wconf 85' lang='grc' dir='ltr'>φέρεις</span> <span class='ocrx_word' id='word_1_583' title='bbox 2361 3920 2534 3991; x_wconf 82' lang='grc' dir='ltr'>αὐτῷ,</span> <span class='ocrx_word' id='word_1_584' title='bbox 2585 3919 2758 3982; x_wconf 76' lang='grc' dir='ltr'>οὕτως</span> <span class='ocrx_word' id='word_1_585' title='bbox 2815 3916 2910 3996; x_wconf 77' lang='grc' dir='ltr'>ἔχε</span> <span class='ocrx_word' id='word_1_586' title='bbox 2966 3921 3056 3975; x_wconf 81' lang='grc' dir='ltr'>καὶ</span> <span class='ocrx_word' id='word_1_587' title='bbox 3113 3921 3205 3975; x_wconf 81' lang='grc' dir='ltr'>τὸν</span> <span class='ocrx_word' id='word_1_588' title='bbox 3259 3924 3383 3975; x_wconf 91' lang='grc' dir='ltr'>νοῦν</span> <span class='ocrx_word' id='word_1_589' title='bbox 3435 3920 3793 3994; x_wconf 75' lang='grc' dir='ltr'>προσέχοντα</span> 
     </span>
    </p>
   </div>
   <div class='ocr_carea' id='block_1_84' title="bbox 2120 4005 3792 4084">
    <p class='ocr_par' dir='ltr' id='par_1_84' title="bbox 2120 4005 3792 4084">
     <span class='ocr_line' id='line_1_84' title="bbox 2120 4005 3792 4084; baseline 0 -20"><span class='ocrx_word' id='word_1_590' title='bbox 2120 4016 2238 4073; x_wconf 87' lang='grc' dir='ltr'>τοῖς</span> <span class='ocrx_word' id='word_1_591' title='bbox 2270 4010 2460 4084; x_wconf 88' lang='grc' dir='ltr'>λόγοις</span> <span class='ocrx_word' id='word_1_592' title='bbox 2493 4009 2584 4064; x_wconf 87' lang='grc' dir='ltr'>καὶ</span> <span class='ocrx_word' id='word_1_593' title='bbox 2615 4013 2692 4081; x_wconf 89' lang='grc' dir='ltr'>τῷ</span> <span class='ocrx_word' id='word_1_594' title='bbox 2743 4013 2882 4081; x_wconf 83' lang='grc' dir='ltr'>Θεῷ,</span> <span class='ocrx_word' id='word_1_595' title='bbox 2913 4009 3004 4064; x_wconf 87' lang='grc' dir='ltr'>καὶ</span> <span class='ocrx_word' id='word_1_596' title='bbox 3064 4007 3248 4064; x_wconf 76' lang='grc' dir='ltr'>εἰδότα</span> <span class='ocrx_word' id='word_1_597' title='bbox 3305 4008 3411 4063; x_wconf 88' lang='grc' dir='ltr'>τίνι</span> <span class='ocrx_word' id='word_1_598' title='bbox 3471 4005 3792 4084; x_wconf 85' lang='grc' dir='ltr'>διαλέγεται</span> 
     </span>
    </p>
   </div>
   <div class='ocr_carea' id='block_1_85' title="bbox 2120 4097 3790 4176">
    <p class='ocr_par' dir='ltr' id='par_1_85' title="bbox 2120 4097 3790 4176">
     <span class='ocr_line' id='line_1_85' title="bbox 2120 4097 3790 4176; baseline -0.002 -19"><span class='ocrx_word' id='word_1_599' title='bbox 2120 4101 2208 4157; x_wconf 87' lang='grc' dir='ltr'>καὶ</span> <span class='ocrx_word' id='word_1_600' title='bbox 2258 4100 2588 4176; x_wconf 63' lang='grc' dir='ltr'>ἐντυγχάνει.</span> <span class='ocrx_word' id='word_1_601' title='bbox 2624 4099 2874 4161; x_wconf 82' lang='grc' dir='ltr'>Εύτόνως</span> <span class='ocrx_word' id='word_1_602' title='bbox 2923 4100 3026 4173; x_wconf 80' lang='grc' dir='ltr'>γὰρ</span> <span class='ocrx_word' id='word_1_603' title='bbox 3075 4102 3164 4154; x_wconf 80' lang='grc' dir='ltr'>καὶ</span> <span class='ocrx_word' id='word_1_604' title='bbox 3217 4103 3468 4172; x_wconf 87' lang='grc' dir='ltr'>καθαρῶς</span> <span class='ocrx_word' id='word_1_605' title='bbox 3511 4105 3613 4168; x_wconf 86' lang='grc' dir='ltr'>τῆς</span> <span class='ocrx_word' id='word_1_606' title='bbox 3661 4097 3790 4155; x_wconf 87' lang='grc' dir='ltr'>δια-</span> 
     </span>
    </p>
   </div>
   <div class='ocr_carea' id='block_1_86' title="bbox 2118 4188 3790 4268">
    <p class='ocr_par' dir='ltr' id='par_1_86' title="bbox 2118 4188 3790 4268">
     <span class='ocr_line' id='line_1_86' title="bbox 2118 4188 3790 4268; baseline 0.001 -24"><span class='ocrx_word' id='word_1_607' title='bbox 2118 4195 2270 4255; x_wconf 88' lang='grc' dir='ltr'>νοίας</span> <span class='ocrx_word' id='word_1_608' title='bbox 2299 4196 2368 4265; x_wconf 78' lang='grc' dir='ltr'>τῇ</span> <span class='ocrx_word' id='word_1_609' title='bbox 2411 4194 2695 4268; x_wconf 83' lang='grc' dir='ltr'>προσευχῇ</span> <span class='ocrx_word' id='word_1_610' title='bbox 2749 4188 3154 4265; x_wconf 78' lang='grc' dir='ltr'>σχολαζούσης,</span> <span class='ocrx_word' id='word_1_611' title='bbox 3187 4195 3362 4266; x_wconf 82' lang='grc' dir='ltr'>χαρᾶς</span> <span class='ocrx_word' id='word_1_612' title='bbox 3417 4189 3790 4268; x_wconf 81' lang='grc' dir='ltr'>ἀναφαιρέτου</span> 
     </span>
    </p>
   </div>
   <div class='ocr_carea' id='block_1_87' title="bbox 2116 4278 3792 4358">
    <p class='ocr_par' dir='ltr' id='par_1_87' title="bbox 2116 4278 3792 4358">
     <span class='ocr_line' id='line_1_87' title="bbox 2116 4278 3792 4358; baseline -0.002 -18"><span class='ocrx_word' id='word_1_613' title='bbox 2116 4285 2206 4340; x_wconf 83' lang='grc' dir='ltr'>καὶ</span> <span class='ocrx_word' id='word_1_614' title='bbox 2240 4284 2464 4358; x_wconf 61' lang='grc' dir='ltr'>εῗρήνης</span> <span class='ocrx_word' id='word_1_615' title='bbox 2498 4279 2875 4352; x_wconf 78' lang='grc' dir='ltr'>ἁνεκλαλήτου</span> <span class='ocrx_word' id='word_1_616' title='bbox 2933 4285 3281 4355; x_wconf 78' lang='grc' dir='ltr'>καταξιοῦται</span> <span class='ocrx_word' id='word_1_617' title='bbox 3313 4284 3346 4350; x_wconf 81' lang='grc' dir='ltr'>ἡ</span> <span class='ocrx_word' id='word_1_618' title='bbox 3379 4278 3593 4356; x_wconf 88' lang='grc' dir='ltr'>καρδία.</span> <span class='ocrx_word' id='word_1_619' title='bbox 3630 4282 3792 4336; x_wconf 76' lang='grc' dir='ltr'>Κατὰ</span> 
     </span>
    </p>
   </div>
   <div class='ocr_carea' id='block_1_88' title="bbox 347 4365 3788 4448">
    <p class='ocr_par' dir='ltr' id='par_1_88' title="bbox 347 4365 3788 4448">
     <span class='ocr_line' id='line_1_88' title="bbox 347 4365 3788 4448; baseline 0 -25"><span class='ocrx_word' id='word_1_620' title='bbox 347 4365 516 4441; x_wconf 89' lang='grc' dir='ltr'>μόνας</span> <span class='ocrx_word' id='word_1_621' title='bbox 579 4369 637 4424; x_wconf 77' lang='grc' dir='ltr'>δὲ</span> <span class='ocrx_word' id='word_1_622' title='bbox 696 4371 850 4433; x_wconf 79' lang='grc' dir='ltr'>αὖθις</span> <span class='ocrx_word' id='word_1_623' title='bbox 906 4370 958 4424; x_wconf 92' lang='grc' dir='ltr'>ἐν</span> <span class='ocrx_word' id='word_1_624' title='bbox 1009 4376 1087 4442; x_wconf 87' lang='grc' dir='ltr'>τῷ</span> <span class='ocrx_word' id='word_1_625' title='bbox 1147 4369 1282 4442; x_wconf 76' lang='grc' dir='ltr'>οἷ’κῳ</span> <span class='ocrx_word' id='word_1_626' title='bbox 1340 4369 1866 4446; x_wconf 78' lang='grc' dir='ltr'>προσεδρεύων,τῆς</span> <span class='ocrx_word' id='word_1_627' title='bbox 1919 4375 2056 4428; x_wconf 83' lang='grc' dir='ltr'>κατᾶ</span> <span class='ocrx_word' id='word_1_628' title='bbox 2109 4371 2348 4427; x_wconf 84' lang='grc' dir='ltr'>διάνοιαν</span> <span class='ocrx_word' id='word_1_629' title='bbox 2407 4376 2724 4446; x_wconf 77' lang='grc' dir='ltr'>προσευχῆς</span> <span class='ocrx_word' id='word_1_630' title='bbox 2773 4369 2962 4446; x_wconf 79' lang='grc' dir='ltr'>ἐξέχου</span> <span class='ocrx_word' id='word_1_631' title='bbox 2997 4390 3010 4403; x_wconf 92' lang='grc'><strong>·</strong></span> <span class='ocrx_word' id='word_1_632' title='bbox 3041 4373 3272 4448; x_wconf 76' lang='grc' dir='ltr'>νήφοντι</span> <span class='ocrx_word' id='word_1_633' title='bbox 3301 4373 3382 4441; x_wconf 89' lang='grc' dir='ltr'>τῷ</span> <span class='ocrx_word' id='word_1_634' title='bbox 3413 4373 3491 4441; x_wconf 91' lang='grc' dir='ltr'>νῷ</span> <span class='ocrx_word' id='word_1_635' title='bbox 3520 4368 3608 4424; x_wconf 82' lang='grc' dir='ltr'>καὶ</span> <span class='ocrx_word' id='word_1_636' title='bbox 3641 4389 3788 4423; x_wconf 82' lang='grc' dir='ltr'>συν-</span> 
     </span>
    </p>
   </div>
   <div class='ocr_carea' id='block_1_89' title="bbox 344 4456 3790 4536">
    <p class='ocr_par' dir='ltr' id='par_1_89' title="bbox 344 4456 3790 4536">
     <span class='ocr_line' id='line_1_89' title="bbox 344 4456 3790 4536; baseline 0 -24"><span class='ocrx_word' id='word_1_637' title='bbox 344 4458 699 4534; x_wconf 86' lang='grc' dir='ltr'>τετριμμένῳ</span> <span class='ocrx_word' id='word_1_638' title='bbox 756 4457 1046 4531; x_wconf 85' lang='grc' dir='ltr'>πνεύματι,</span> <span class='ocrx_word' id='word_1_639' title='bbox 1076 4461 1164 4514; x_wconf 84' lang='grc' dir='ltr'>καὶ</span> <span class='ocrx_word' id='word_1_640' title='bbox 1219 4461 1419 4534; x_wconf 84' lang='grc' dir='ltr'>θεωρία</span> <span class='ocrx_word' id='word_1_641' title='bbox 1476 4458 1772 4516; x_wconf 70' lang='grc' dir='ltr'>ἐπισκιάσει</span> <span class='ocrx_word' id='word_1_642' title='bbox 1834 4484 1916 4516; x_wconf 89' lang='grc' dir='ltr'>σοι</span> <span class='ocrx_word' id='word_1_643' title='bbox 1973 4460 2062 4517; x_wconf 75' lang='grc' dir='ltr'>διὰ</span> <span class='ocrx_word' id='word_1_644' title='bbox 2117 4464 2358 4536; x_wconf 76' lang='grc' dir='ltr'>νήψεως,</span> <span class='ocrx_word' id='word_1_645' title='bbox 2403 4460 2492 4515; x_wconf 82' lang='grc' dir='ltr'>καὶ</span> <span class='ocrx_word' id='word_1_646' title='bbox 2553 4463 2753 4533; x_wconf 88' lang='grc' dir='ltr'>γνῶσις</span> <span class='ocrx_word' id='word_1_647' title='bbox 2805 4462 3216 4532; x_wconf 87' lang='grc' dir='ltr'>κατασκηνώσει</span> <span class='ocrx_word' id='word_1_648' title='bbox 3275 4458 3328 4513; x_wconf 89' lang='grc' dir='ltr'>ἐν</span> <span class='ocrx_word' id='word_1_649' title='bbox 3388 4457 3474 4513; x_wconf 85' lang='grc' dir='ltr'>σοὶ</span> <span class='ocrx_word' id='word_1_650' title='bbox 3533 4456 3622 4513; x_wconf 80' lang='grc' dir='ltr'>διὰ</span> <span class='ocrx_word' id='word_1_651' title='bbox 3674 4465 3790 4530; x_wconf 85' lang='grc' dir='ltr'>τῆς</span> 
     </span>
    </p>
   </div>
   <div class='ocr_carea' id='block_1_90' title="bbox 344 4546 2771 4628">
    <p class='ocr_par' dir='ltr' id='par_1_90' title="bbox 344 4546 2771 4628">
     <span class='ocr_line' id='line_1_90' title="bbox 344 4546 2771 4628; baseline 0.002 -26"><span class='ocrx_word' id='word_1_652' title='bbox 344 4547 707 4618; x_wconf 76' lang='grc' dir='ltr'>κατανύξεως,</span> <span class='ocrx_word' id='word_1_653' title='bbox 743 4549 838 4616; x_wconf 74' lang='grc' dir='ltr'>τήν</span> <span class='ocrx_word' id='word_1_654' title='bbox 874 4548 1071 4623; x_wconf 76' lang='grc' dir='ltr'>ἄλογον</span> <span class='ocrx_word' id='word_1_655' title='bbox 1104 4546 1307 4618; x_wconf 70' lang='grc' dir='ltr'>ἡδονὴν</span> <span class='ocrx_word' id='word_1_656' title='bbox 1344 4549 1678 4625; x_wconf 81' lang='grc' dir='ltr'>ἐξορίζουσα,</span> <span class='ocrx_word' id='word_1_657' title='bbox 1708 4552 1796 4606; x_wconf 90' lang='lat' dir='ltr'>xui</span> <span class='ocrx_word' id='word_1_658' title='bbox 1827 4555 1925 4622; x_wconf 77' lang='grc' dir='ltr'>τὴν</span> <span class='ocrx_word' id='word_1_659' title='bbox 1957 4553 2100 4617; x_wconf 88' lang='grc' dir='ltr'>θείαν</span> <span class='ocrx_word' id='word_1_660' title='bbox 2135 4553 2351 4628; x_wconf 87' lang='grc' dir='ltr'>ἀγάπην</span> <span class='ocrx_word' id='word_1_661' title='bbox 2387 4551 2771 4620; x_wconf 83' lang='grc' dir='ltr'>είσοικίζουσα.</span> 
     </span>
    </p>
   </div>
   <div class='ocr_carea' id='block_1_91' title="bbox 418 4639 2085 4725">
    <p class='ocr_par' dir='ltr' id='par_1_91' title="bbox 418 4639 2085 4725">
     <span class='ocr_line' id='line_1_91' title="bbox 418 4639 2085 4725; baseline 0.004 -30"><span class='ocrx_word' id='word_1_662' title='bbox 418 4639 657 4695; x_wconf 85' lang='lat' dir='ltr'>Confide</span> <span class='ocrx_word' id='word_1_663' title='bbox 693 4639 838 4694; x_wconf 90' lang='lat' dir='ltr'>mihi</span> <span class='ocrx_word' id='word_1_664' title='bbox 874 4656 1072 4695; x_wconf 88' lang='lat' dir='ltr'>verum</span> <span class='ocrx_word' id='word_1_665' title='bbox 1109 4642 1356 4698; x_wconf 85' lang='lat' dir='ltr'>dicenti:</span> <span class='ocrx_word' id='word_1_666' title='bbox 1390 4643 1436 4697; x_wconf 92' lang='lat' dir='ltr'>si</span> <span class='ocrx_word' id='word_1_667' title='bbox 1470 4643 1528 4697; x_wconf 91' lang='lat' dir='ltr'>in</span> <span class='ocrx_word' id='word_1_668' title='bbox 1563 4644 1837 4700; x_wconf 90' lang='lat' dir='ltr'>omnibus</span> <span class='ocrx_word' id='word_1_669' title='bbox 1872 4662 2007 4717; x_wconf 87' lang='lat' dir='ltr'>ope-</span> <span class='ocrx_word' id='word_1_670' title='bbox 2039 4662 2085 4725; x_wconf 73' lang='grc' dir='ltr'>Ι)</span> 
     </span>
    </p>
   </div>
   <div class='ocr_carea' id='block_1_92' title="bbox 349 4728 2000 4801">
    <p class='ocr_par' dir='ltr' id='par_1_92' title="bbox 349 4728 2000 4801">
     <span class='ocr_line' id='line_1_92' title="bbox 349 4728 2000 4801; baseline 0.003 -17"><span class='ocrx_word' id='word_1_671' title='bbox 349 4729 514 4786; x_wconf 90' lang='lat' dir='ltr'>ribus</span> <span class='ocrx_word' id='word_1_672' title='bbox 545 4728 662 4785; x_wconf 92' lang='lat' dir='ltr'>tuis</span> <span class='ocrx_word' id='word_1_673' title='bbox 696 4729 972 4784; x_wconf 91' lang='lat' dir='ltr'>comitem</span> <span class='ocrx_word' id='word_1_674' title='bbox 1000 4732 1395 4801; x_wconf 86' lang='lat' dir='ltr'>assumpseris</span> <span class='ocrx_word' id='word_1_675' title='bbox 1417 4732 1703 4787; x_wconf 88' lang='lat' dir='ltr'>bonorum</span> <span class='ocrx_word' id='word_1_676' title='bbox 1730 4739 2000 4800; x_wconf 79' lang='lat' dir='ltr'>matrem,</span> 
     </span>
    </p>
   </div>
   <div class='ocr_carea' id='block_1_93' title="bbox 342 4818 2000 4894">
    <p class='ocr_par' dir='ltr' id='par_1_93' title="bbox 342 4818 2000 4894">
     <span class='ocr_line' id='line_1_93' title="bbox 342 4818 2000 4894; baseline 0.002 -19"><span class='ocrx_word' id='word_1_677' title='bbox 342 4820 667 4876; x_wconf 89' lang='lat' dir='ltr'>orationem</span> <span class='ocrx_word' id='word_1_678' title='bbox 700 4818 992 4887; x_wconf 87' lang='lat' dir='ltr'>videlicet,</span> <span class='ocrx_word' id='word_1_679' title='bbox 1023 4837 1138 4876; x_wconf 90' lang='lat' dir='ltr'>non</span> <span class='ocrx_word' id='word_1_680' title='bbox 1171 4821 1518 4877; x_wconf 85' lang='lat' dir='ltr'>dormiveris</span> <span class='ocrx_word' id='word_1_681' title='bbox 1541 4823 1679 4877; x_wconf 91' lang='lat' dir='ltr'>dum</span> <span class='ocrx_word' id='word_1_682' title='bbox 1715 4840 2000 4894; x_wconf 89' lang='lat' dir='ltr'>sponsum</span> 
     </span>
    </p>
   </div>
   <div class='ocr_carea' id='block_1_94' title="bbox 341 4909 2002 4984">
    <p class='ocr_par' dir='ltr' id='par_1_94' title="bbox 341 4909 2002 4984">
     <span class='ocr_line' id='line_1_94' title="bbox 341 4909 2002 4984; baseline 0.003 -21"><span class='ocrx_word' id='word_1_683' title='bbox 341 4909 832 4965; x_wconf 88' lang='lat' dir='ltr'>demonstraverit</span> <span class='ocrx_word' id='word_1_684' title='bbox 877 4909 1008 4975; x_wconf 92' lang='lat' dir='ltr'>tibi,</span> <span class='ocrx_word' id='word_1_685' title='bbox 1056 4915 1112 4964; x_wconf 94' lang='lat' dir='ltr'>te</span> <span class='ocrx_word' id='word_1_686' title='bbox 1153 4910 1538 4966; x_wconf 84' lang='lat' dir='ltr'>introduxerit</span> <span class='ocrx_word' id='word_1_687' title='bbox 1579 4911 2002 4984; x_wconf 88' lang='lat' dir='ltr'>repleveritque</span> 
     </span>
    </p>
   </div>
   <div class='ocr_carea' id='block_1_95' title="bbox 343 4997 2000 5069">
    <p class='ocr_par' dir='ltr' id='par_1_95' title="bbox 343 4997 2000 5069">
     <span class='ocr_line' id='line_1_95' title="bbox 343 4997 2000 5069; baseline 0.002 -17"><span class='ocrx_word' id='word_1_688' title='bbox 343 5012 444 5052; x_wconf 91' lang='lat' dir='ltr'>cor</span> <span class='ocrx_word' id='word_1_689' title='bbox 495 5001 666 5051; x_wconf 92' lang='lat' dir='ltr'>tuum</span> <span class='ocrx_word' id='word_1_690' title='bbox 721 4997 905 5069; x_wconf 87' lang='lat' dir='ltr'>gloria</span> <span class='ocrx_word' id='word_1_691' title='bbox 958 4998 1243 5054; x_wconf 89' lang='lat' dir='ltr'>indicibili</span> <span class='ocrx_word' id='word_1_692' title='bbox 1311 5004 1368 5054; x_wconf 90' lang='lat' dir='ltr'>et</span> <span class='ocrx_word' id='word_1_693' title='bbox 1435 4999 1660 5055; x_wconf 67' lang='lat' dir='ltr'>laetitia.</span> <span class='ocrx_word' id='word_1_694' title='bbox 1712 5001 2000 5056; x_wconf 89' lang='lat' dir='ltr'>Omnibus</span> 
     </span>
    </p>
   </div>
   <div class='ocr_carea' id='block_1_96' title="bbox 340 5085 2000 5160">
    <p class='ocr_par' dir='ltr' id='par_1_96' title="bbox 340 5085 2000 5160">
     <span class='ocr_line' id='line_1_96' title="bbox 340 5085 2000 5160; baseline 0.003 -19"><span class='ocrx_word' id='word_1_695' title='bbox 340 5085 497 5141; x_wconf 86' lang='lat' dir='ltr'>enim</span> <span class='ocrx_word' id='word_1_696' title='bbox 550 5086 990 5156; x_wconf 87' lang='lat' dir='ltr'>impedimentis</span> <span class='ocrx_word' id='word_1_697' title='bbox 1056 5089 1367 5160; x_wconf 89' lang='lat' dir='ltr'>ademptis,</span> <span class='ocrx_word' id='word_1_698' title='bbox 1434 5091 1704 5145; x_wconf 90' lang='lat' dir='ltr'>semitam</span> <span class='ocrx_word' id='word_1_699' title='bbox 1761 5091 2000 5147; x_wconf 85' lang='lat' dir='ltr'>virtutis</span> 
     </span>
    </p>
   </div>
   <div class='ocr_carea' id='block_1_97' title="bbox 345 5174 1782 5250">
    <p class='ocr_par' dir='ltr' id='par_1_97' title="bbox 345 5174 1782 5250">
     <span class='ocr_line' id='line_1_97' title="bbox 345 5174 1782 5250; baseline 0.003 -21"><span class='ocrx_word' id='word_1_700' title='bbox 345 5175 580 5246; x_wconf 89' lang='lat' dir='ltr'>planam</span> <span class='ocrx_word' id='word_1_701' title='bbox 612 5174 824 5244; x_wconf 88' lang='lat' dir='ltr'>reddit,</span> <span class='ocrx_word' id='word_1_702' title='bbox 858 5180 915 5230; x_wconf 91' lang='lat' dir='ltr'>et</span> <span class='ocrx_word' id='word_1_703' title='bbox 947 5179 1226 5247; x_wconf 71' lang='lat' dir='ltr'>quaerenti</span> <span class='ocrx_word' id='word_1_704' title='bbox 1265 5178 1490 5233; x_wconf 80' lang='lat' dir='ltr'>facilem</span> <span class='ocrx_word' id='word_1_705' title='bbox 1526 5184 1782 5250; x_wconf 72' lang='lat' dir='ltr'>praestat.</span> 
     </span>
    </p>
   </div>
   <div class='ocr_carea' id='block_1_98' title="bbox 417 5264 1996 5335">
    <p class='ocr_par' dir='ltr' id='par_1_98' title="bbox 417 5264 1996 5335">
     <span class='ocr_line' id='line_1_98' title="bbox 417 5264 1996 5335; baseline 0.004 -17"><span class='ocrx_word' id='word_1_706' title='bbox 417 5264 651 5319; x_wconf 89' lang='lat' dir='ltr'>Modum</span> <span class='ocrx_word' id='word_1_707' title='bbox 711 5281 946 5335; x_wconf 91' lang='lat' dir='ltr'>quoque</span> <span class='ocrx_word' id='word_1_708' title='bbox 1003 5266 1283 5322; x_wconf 85' lang='lat' dir='ltr'>orationis</span> <span class='ocrx_word' id='word_1_709' title='bbox 1336 5268 1609 5323; x_wconf 86' lang='lat' dir='ltr'>mentalis</span> <span class='ocrx_word' id='word_1_710' title='bbox 1669 5269 1996 5324; x_wconf 88' lang='lat' dir='ltr'>considera.</span> 
     </span>
    </p>
   </div>
   <div class='ocr_carea' id='block_1_99' title="bbox 347 5353 2000 5428">
    <p class='ocr_par' dir='ltr' id='par_1_99' title="bbox 347 5353 2000 5428">
     <span class='ocr_line' id='line_1_99' title="bbox 347 5353 2000 5428; baseline 0.003 -21"><span class='ocrx_word' id='word_1_711' title='bbox 347 5353 621 5408; x_wconf 89' lang='lat' dir='ltr'>Instituta</span> <span class='ocrx_word' id='word_1_712' title='bbox 688 5354 1048 5409; x_wconf 85' lang='lat' dir='ltr'>conversatio</span> <span class='ocrx_word' id='word_1_713' title='bbox 1116 5355 1267 5410; x_wconf 91' lang='lat' dir='ltr'>tollit</span> <span class='ocrx_word' id='word_1_714' title='bbox 1325 5357 1616 5428; x_wconf 79' lang='lat' dir='ltr'>passionis</span> <span class='ocrx_word' id='word_1_715' title='bbox 1671 5358 2000 5414; x_wconf 89' lang='lat' dir='ltr'>diffluentia</span> 
     </span>
    </p>
   </div>
   <div class='ocr_carea' id='block_1_100' title="bbox 343 5441 1998 5516">
    <p class='ocr_par' dir='ltr' id='par_1_100' title="bbox 343 5441 1998 5516">
     <span class='ocr_line' id='line_1_100' title="bbox 343 5441 1998 5516; baseline 0.004 -20"><span class='ocrx_word' id='word_1_716' title='bbox 343 5441 558 5510; x_wconf 89' lang='lat' dir='ltr'>verba;</span> <span class='ocrx_word' id='word_1_717' title='bbox 594 5441 807 5497; x_wconf 89' lang='lat' dir='ltr'>mentis</span> <span class='ocrx_word' id='word_1_718' title='bbox 839 5444 909 5497; x_wconf 89' lang='lat' dir='ltr'>ad</span> <span class='ocrx_word' id='word_1_719' title='bbox 942 5450 1126 5498; x_wconf 90' lang='lat' dir='ltr'>Deum</span> <span class='ocrx_word' id='word_1_720' title='bbox 1155 5447 1455 5501; x_wconf 89' lang='lat' dir='ltr'>conversio</span> <span class='ocrx_word' id='word_1_721' title='bbox 1488 5447 1634 5516; x_wconf 83' lang='lat' dir='ltr'>fugit</span> <span class='ocrx_word' id='word_1_722' title='bbox 1673 5447 1871 5502; x_wconf 64' lang='lat' dir='ltr'>saeculi</span> <span class='ocrx_word' id='word_1_723' title='bbox 1902 5465 1998 5503; x_wconf 93' lang='lat' dir='ltr'>co-</span> 
     </span>
    </p>
   </div>
   <div class='ocr_carea' id='block_1_101' title="bbox 343 5530 1997 5604">
    <p class='ocr_par' dir='ltr' id='par_1_101' title="bbox 343 5530 1997 5604">
     <span class='ocr_line' id='line_1_101' title="bbox 343 5530 1997 5604; baseline 0.005 -20"><span class='ocrx_word' id='word_1_724' title='bbox 343 5530 699 5604; x_wconf 88' lang='lat' dir='ltr'>gitationes;</span> <span class='ocrx_word' id='word_1_725' title='bbox 731 5532 940 5588; x_wconf 84' lang='lat' dir='ltr'>animas</span> <span class='ocrx_word' id='word_1_726' title='bbox 971 5532 1246 5588; x_wconf 90' lang='lat' dir='ltr'>contritio</span> <span class='ocrx_word' id='word_1_727' title='bbox 1287 5534 1498 5592; x_wconf 84' lang='lat' dir='ltr'>refellit</span> <span class='ocrx_word' id='word_1_728' title='bbox 1542 5537 1829 5594; x_wconf 89' lang='lat' dir='ltr'>amicitias</span> <span class='ocrx_word' id='word_1_729' title='bbox 1870 5554 1997 5593; x_wconf 89' lang='lat' dir='ltr'>car-</span> 
     </span>
    </p>
   </div>
   <div class='ocr_carea' id='block_1_102' title="bbox 419 5727 858 5801">
    <p class='ocr_par' dir='ltr' id='par_1_102' title="bbox 419 5727 858 5801">
     <span class='ocr_line' id='line_1_102' title="bbox 419 5727 858 5801; baseline -0.005 -15"><span class='ocrx_word' id='word_1_730' title='bbox 419 5729 466 5764; x_wconf 79' lang='grc' dir='ltr'>ιο</span> <span class='ocrx_word' id='word_1_731' title='bbox 493 5727 648 5786; x_wconf 88' lang='lat' dir='ltr'>Psal.</span> <span class='ocrx_word' id='word_1_732' title='bbox 684 5745 736 5801; x_wconf 75' lang='grc' dir='ltr'>ι,</span> <span class='ocrx_word' id='word_1_733' title='bbox 769 5729 858 5785; x_wconf 73' lang='grc'>19.</span> 
     </span>
    </p>
   </div>
   <div class='ocr_carea' id='block_1_103' title="bbox 2191 4638 3788 4718">
    <p class='ocr_par' dir='ltr' id='par_1_103' title="bbox 2191 4638 3788 4718">
     <span class='ocr_line' id='line_1_103' title="bbox 2191 4638 3788 4718; baseline -0.003 -19"><span class='ocrx_word' id='word_1_734' title='bbox 2191 4641 2483 4699; x_wconf 82' lang='grc' dir='ltr'>ΙΙίστευσόν</span> <span class='ocrx_word' id='word_1_735' title='bbox 2523 4661 2618 4714; x_wconf 89' lang='grc' dir='ltr'>μοι</span> <span class='ocrx_word' id='word_1_736' title='bbox 2657 4641 2756 4709; x_wconf 79' lang='grc' dir='ltr'>τήν</span> <span class='ocrx_word' id='word_1_737' title='bbox 2808 4640 3069 4711; x_wconf 72' lang='grc' dir='ltr'>ἀλήθειαν</span> <span class='ocrx_word' id='word_1_738' title='bbox 3122 4641 3345 4718; x_wconf 87' lang='grc' dir='ltr'>λέγοντι</span> <span class='ocrx_word' id='word_1_739' title='bbox 3382 4661 3394 4675; x_wconf 80' lang='lat'>&#39;</span> <span class='ocrx_word' id='word_1_740' title='bbox 3432 4641 3478 4697; x_wconf 84' lang='grc' dir='ltr'>εί</span> <span class='ocrx_word' id='word_1_741' title='bbox 3529 4643 3580 4696; x_wconf 80' lang='grc' dir='ltr'>ἐν</span> <span class='ocrx_word' id='word_1_742' title='bbox 3631 4638 3788 4718; x_wconf 79' lang='grc' dir='ltr'>πάσῃ</span> 
     </span>
    </p>
   </div>
   <div class='ocr_carea' id='block_1_104' title="bbox 2113 4727 3784 4807">
    <p class='ocr_par' dir='ltr' id='par_1_104' title="bbox 2113 4727 3784 4807">
     <span class='ocr_line' id='line_1_104' title="bbox 2113 4727 3784 4807; baseline 0 -21"><span class='ocrx_word' id='word_1_743' title='bbox 2113 4753 2209 4786; x_wconf 89' lang='grc' dir='ltr'>σου</span> <span class='ocrx_word' id='word_1_744' title='bbox 2265 4735 2334 4803; x_wconf 76' lang='grc' dir='ltr'>τῇ</span> <span class='ocrx_word' id='word_1_745' title='bbox 2384 4730 2612 4807; x_wconf 80' lang='grc' dir='ltr'>ἐργασίᾳ</span> <span class='ocrx_word' id='word_1_746' title='bbox 2666 4731 2979 4804; x_wconf 76' lang='grc' dir='ltr'>ἀχώριστον</span> <span class='ocrx_word' id='word_1_747' title='bbox 3039 4727 3175 4800; x_wconf 74' lang='grc' dir='ltr'>ἕξεις</span> <span class='ocrx_word' id='word_1_748' title='bbox 3233 4733 3334 4800; x_wconf 71' lang='grc' dir='ltr'>τὴν</span> <span class='ocrx_word' id='word_1_749' title='bbox 3400 4733 3612 4806; x_wconf 87' lang='grc' dir='ltr'>μητέρα</span> <span class='ocrx_word' id='word_1_750' title='bbox 3661 4735 3784 4786; x_wconf 80' lang='grc' dir='ltr'>τῶν</span> 
     </span>
    </p>
   </div>
   <div class='ocr_carea' id='block_1_105' title="bbox 2111 4818 3782 4897">
    <p class='ocr_par' dir='ltr' id='par_1_105' title="bbox 2111 4818 3782 4897">
     <span class='ocr_line' id='line_1_105' title="bbox 2111 4818 3782 4897; baseline -0.001 -21"><span class='ocrx_word' id='word_1_751' title='bbox 2111 4823 2319 4891; x_wconf 71' lang='grc' dir='ltr'>καλῶν,</span> <span class='ocrx_word' id='word_1_752' title='bbox 2360 4823 2458 4890; x_wconf 77' lang='grc' dir='ltr'>τὴν</span> <span class='ocrx_word' id='word_1_753' title='bbox 2520 4820 2860 4896; x_wconf 70' lang='grc' dir='ltr'>προσευχὴν,</span> <span class='ocrx_word' id='word_1_754' title='bbox 2922 4819 2982 4874; x_wconf 83' lang='grc' dir='ltr'>οὐ</span> <span class='ocrx_word' id='word_1_755' title='bbox 3025 4819 3292 4892; x_wconf 82' lang='grc' dir='ltr'>νυστάξει,</span> <span class='ocrx_word' id='word_1_756' title='bbox 3349 4819 3458 4884; x_wconf 76' lang='grc' dir='ltr'>ἕως</span> <span class='ocrx_word' id='word_1_757' title='bbox 3516 4818 3782 4897; x_wconf 75' lang='grc' dir='ltr'>ὑποδείξῃ</span> 
     </span>
    </p>
   </div>
   <div class='ocr_carea' id='block_1_106' title="bbox 2113 4907 3784 4989">
    <p class='ocr_par' dir='ltr' id='par_1_106' title="bbox 2113 4907 3784 4989">
     <span class='ocr_line' id='line_1_106' title="bbox 2113 4907 3784 4989; baseline -0.001 -23"><span class='ocrx_word' id='word_1_758' title='bbox 2113 4933 2199 4966; x_wconf 88' lang='grc' dir='ltr'>σοι</span> <span class='ocrx_word' id='word_1_759' title='bbox 2227 4913 2318 4967; x_wconf 86' lang='grc' dir='ltr'>τὸν</span> <span class='ocrx_word' id='word_1_760' title='bbox 2353 4916 2641 4988; x_wconf 79' lang='grc' dir='ltr'>νυμφῶνα,</span> <span class='ocrx_word' id='word_1_761' title='bbox 2674 4911 2764 4964; x_wconf 88' lang='grc' dir='ltr'>καὶ</span> <span class='ocrx_word' id='word_1_762' title='bbox 2797 4907 2945 4964; x_wconf 77' lang='grc' dir='ltr'>ἔνδον</span> <span class='ocrx_word' id='word_1_763' title='bbox 2982 4912 3158 4986; x_wconf 75' lang='grc' dir='ltr'>ἀγάγῃ</span> <span class='ocrx_word' id='word_1_764' title='bbox 3209 4933 3288 4981; x_wconf 90' lang='grc' dir='ltr'>σε,</span> <span class='ocrx_word' id='word_1_765' title='bbox 3321 4913 3410 4967; x_wconf 79' lang='grc' dir='ltr'>καὶ</span> <span class='ocrx_word' id='word_1_766' title='bbox 3461 4909 3622 4982; x_wconf 79' lang='grc' dir='ltr'>δόξης</span> <span class='ocrx_word' id='word_1_767' title='bbox 3681 4911 3784 4989; x_wconf 76' lang='grc' dir='ltr'><strong>ἆῤ-</strong></span> 
     </span>
    </p>
   </div>
   <div class='ocr_carea' id='block_1_107' title="bbox 2113 4997 3785 5080">
    <p class='ocr_par' dir='ltr' id='par_1_107' title="bbox 2113 4997 3785 5080">
     <span class='ocr_line' id='line_1_107' title="bbox 2113 4997 3785 5080; baseline 0.001 -24"><span class='ocrx_word' id='word_1_768' title='bbox 2113 5003 2282 5080; x_wconf 79' lang='grc' dir='ltr'>ρήτου</span> <span class='ocrx_word' id='word_1_769' title='bbox 2341 5001 2428 5055; x_wconf 89' lang='grc' dir='ltr'>καὶ</span> <span class='ocrx_word' id='word_1_770' title='bbox 2488 4999 2822 5076; x_wconf 80' lang='grc' dir='ltr'>εὐφροσύνης</span> <span class='ocrx_word' id='word_1_771' title='bbox 2879 4997 3154 5074; x_wconf 86' lang='grc' dir='ltr'>πληρώσῃ</span> <span class='ocrx_word' id='word_1_772' title='bbox 3213 5022 3292 5068; x_wconf 90' lang='grc' dir='ltr'>σε,</span> <span class='ocrx_word' id='word_1_773' title='bbox 3353 4999 3566 5070; x_wconf 75' lang='grc' dir='ltr'>ἐπειδὴ,</span> <span class='ocrx_word' id='word_1_774' title='bbox 3599 4998 3785 5057; x_wconf 83' lang='grc' dir='ltr'>πάντα</span> 
     </span>
    </p>
   </div>
   <div class='ocr_carea' id='block_1_108' title="bbox 2109 5085 3786 5166">
    <p class='ocr_par' dir='ltr' id='par_1_108' title="bbox 2109 5085 3786 5166">
     <span class='ocr_line' id='line_1_108' title="bbox 2109 5085 3786 5166; baseline -0.002 -19"><span class='ocrx_word' id='word_1_775' title='bbox 2109 5093 2175 5147; x_wconf 76' lang='grc' dir='ltr'>τὰ</span> <span class='ocrx_word' id='word_1_776' title='bbox 2229 5087 2533 5162; x_wconf 83' lang='grc' dir='ltr'>κωλύματα</span> <span class='ocrx_word' id='word_1_777' title='bbox 2590 5087 2966 5164; x_wconf 87' lang='grc' dir='ltr'>περιαίρουσα,</span> <span class='ocrx_word' id='word_1_778' title='bbox 3023 5091 3124 5158; x_wconf 77' lang='grc' dir='ltr'>τήν</span> <span class='ocrx_word' id='word_1_779' title='bbox 3178 5085 3367 5165; x_wconf 81' lang='grc' dir='ltr'>τρίϐον</span> <span class='ocrx_word' id='word_1_780' title='bbox 3417 5097 3520 5160; x_wconf 84' lang='grc' dir='ltr'>τῆς</span> <span class='ocrx_word' id='word_1_781' title='bbox 3577 5089 3786 5166; x_wconf 80' lang='grc' dir='ltr'>ἀρετῆς</span> 
     </span>
    </p>
   </div>
   <div class='ocr_carea' id='block_1_109' title="bbox 2111 5178 3482 5253">
    <p class='ocr_par' dir='ltr' id='par_1_109' title="bbox 2111 5178 3482 5253">
     <span class='ocr_line' id='line_1_109' title="bbox 2111 5178 3482 5253; baseline 0.001 -19"><span class='ocrx_word' id='word_1_782' title='bbox 2111 5179 2388 5253; x_wconf 86' lang='grc' dir='ltr'>ὁμαλίζει,</span> <span class='ocrx_word' id='word_1_783' title='bbox 2420 5179 2508 5233; x_wconf 87' lang='lat' dir='ltr'>xui</span> <span class='ocrx_word' id='word_1_784' title='bbox 2542 5178 2745 5253; x_wconf 77' lang='grc' dir='ltr'>εὐχερῆ</span> <span class='ocrx_word' id='word_1_785' title='bbox 2775 5182 2854 5249; x_wconf 90' lang='grc' dir='ltr'>τῷ</span> <span class='ocrx_word' id='word_1_786' title='bbox 2889 5182 3141 5249; x_wconf 83' lang='grc' dir='ltr'>ζητοῦντι</span> <span class='ocrx_word' id='word_1_787' title='bbox 3173 5178 3482 5250; x_wconf 82' lang='grc' dir='ltr'>καθίστησι.</span> 
     </span>
    </p>
   </div>
   <div class='ocr_carea' id='block_1_110' title="bbox 2180 5263 3777 5344">
    <p class='ocr_par' dir='ltr' id='par_1_110' title="bbox 2180 5263 3777 5344">
     <span class='ocr_line' id='line_1_110' title="bbox 2180 5263 3777 5344; baseline -0.003 -19"><span class='ocrx_word' id='word_1_788' title='bbox 2180 5269 2286 5325; x_wconf 79' lang='grc' dir='ltr'>Καὶ</span> <span class='ocrx_word' id='word_1_789' title='bbox 2320 5263 2420 5340; x_wconf 72' lang='grc' dir='ltr'>ὅρα</span> <span class='ocrx_word' id='word_1_790' title='bbox 2450 5267 2541 5321; x_wconf 85' lang='grc' dir='ltr'>τὸν</span> <span class='ocrx_word' id='word_1_791' title='bbox 2572 5267 2778 5343; x_wconf 87' lang='grc' dir='ltr'>τρόπον</span> <span class='ocrx_word' id='word_1_792' title='bbox 2808 5274 2908 5331; x_wconf 72' lang='grc' dir='ltr'>τῆς</span> <span class='ocrx_word' id='word_1_793' title='bbox 2949 5267 3084 5322; x_wconf 80' lang='grc' dir='ltr'>κατᾶ</span> <span class='ocrx_word' id='word_1_794' title='bbox 3135 5267 3375 5323; x_wconf 81' lang='grc' dir='ltr'>διάνοιαν</span> <span class='ocrx_word' id='word_1_795' title='bbox 3426 5273 3777 5344; x_wconf 87' lang='grc' dir='ltr'>προσευχῆς.</span> 
     </span>
    </p>
   </div>
   <div class='ocr_carea' id='block_1_111' title="bbox 2108 5355 3782 5434">
    <p class='ocr_par' dir='ltr' id='par_1_111' title="bbox 2108 5355 3782 5434">
     <span class='ocr_line' id='line_1_111' title="bbox 2108 5355 3782 5434; baseline 0 -22"><span class='ocrx_word' id='word_1_796' title='bbox 2108 5362 2169 5416; x_wconf 85' lang='grc' dir='ltr'><strong>Ἡ</strong></span> <span class='ocrx_word' id='word_1_797' title='bbox 2204 5355 2438 5432; x_wconf 87' lang='grc' dir='ltr'>διαλογή</span> <span class='ocrx_word' id='word_1_798' title='bbox 2473 5356 2684 5431; x_wconf 85' lang='grc' dir='ltr'>ἀναιρεῖ</span> <span class='ocrx_word' id='word_1_799' title='bbox 2724 5357 2851 5418; x_wconf 77' lang='grc' dir='ltr'>τοὺς</span> <span class='ocrx_word' id='word_1_800' title='bbox 2910 5356 3174 5430; x_wconf 88' lang='grc' dir='ltr'>ἐμπαθεῖς</span> <span class='ocrx_word' id='word_1_801' title='bbox 3225 5355 3531 5434; x_wconf 88' lang='grc' dir='ltr'>λογισμούς</span> <span class='ocrx_word' id='word_1_802' title='bbox 3563 5379 3574 5391; x_wconf 86' lang='grc'><strong>·</strong></span> <span class='ocrx_word' id='word_1_803' title='bbox 3607 5360 3641 5427; x_wconf 75' lang='grc' dir='ltr'>ἡ</span> <span class='ocrx_word' id='word_1_804' title='bbox 3673 5362 3782 5412; x_wconf 82' lang='grc' dir='ltr'>τοῦ</span> 
     </span>
    </p>
   </div>
   <div class='ocr_carea' id='block_1_112' title="bbox 2107 5445 3781 5526">
    <p class='ocr_par' dir='ltr' id='par_1_112' title="bbox 2107 5445 3781 5526">
     <span class='ocr_line' id='line_1_112' title="bbox 2107 5445 3781 5526; baseline -0.001 -24"><span class='ocrx_word' id='word_1_805' title='bbox 2107 5452 2203 5506; x_wconf 88' lang='grc' dir='ltr'>νοῦ</span> <span class='ocrx_word' id='word_1_806' title='bbox 2235 5449 2368 5522; x_wconf 88' lang='grc' dir='ltr'>πρὸς</span> <span class='ocrx_word' id='word_1_807' title='bbox 2403 5447 2493 5502; x_wconf 83' lang='grc' dir='ltr'>τὸν</span> <span class='ocrx_word' id='word_1_808' title='bbox 2524 5447 2652 5502; x_wconf 89' lang='grc' dir='ltr'>Θεὸν</span> <span class='ocrx_word' id='word_1_809' title='bbox 2703 5447 2995 5514; x_wconf 85' lang='grc' dir='ltr'>ἀποσκοπή</span> <span class='ocrx_word' id='word_1_810' title='bbox 3057 5445 3348 5526; x_wconf 79' lang='grc' dir='ltr'>φυγαδεύει</span> <span class='ocrx_word' id='word_1_811' title='bbox 3405 5447 3501 5510; x_wconf 78' lang='grc' dir='ltr'>τὰς</span> <span class='ocrx_word' id='word_1_812' title='bbox 3563 5445 3781 5510; x_wconf 82' lang='grc' dir='ltr'>ἐννοίας</span> 
     </span>
    </p>
   </div>
   <div class='ocr_carea' id='block_1_113' title="bbox 2105 5531 3780 5616">
    <p class='ocr_par' dir='ltr' id='par_1_113' title="bbox 2105 5531 3780 5616">
     <span class='ocr_line' id='line_1_113' title="bbox 2105 5531 3780 5616; baseline -0.001 -24"><span class='ocrx_word' id='word_1_813' title='bbox 2105 5541 2202 5593; x_wconf 87' lang='grc' dir='ltr'>τοῦ</span> <span class='ocrx_word' id='word_1_814' title='bbox 2232 5536 2444 5610; x_wconf 84' lang='grc' dir='ltr'>κόσμου</span> <span class='ocrx_word' id='word_1_815' title='bbox 2478 5555 2491 5569; x_wconf 88' lang='grc'><strong>·</strong></span> <span class='ocrx_word' id='word_1_816' title='bbox 2527 5539 2561 5606; x_wconf 76' lang='grc' dir='ltr'>ἡ</span> <span class='ocrx_word' id='word_1_817' title='bbox 2591 5531 2874 5606; x_wconf 76' lang='grc' dir='ltr'>κατάνυξις</span> <span class='ocrx_word' id='word_1_818' title='bbox 2908 5543 3008 5606; x_wconf 87' lang='grc' dir='ltr'>τῆς</span> <span class='ocrx_word' id='word_1_819' title='bbox 3042 5540 3229 5614; x_wconf 82' lang='grc' dir='ltr'>ψυχῆς</span> <span class='ocrx_word' id='word_1_820' title='bbox 3260 5538 3361 5606; x_wconf 75' lang='grc' dir='ltr'>τὴν</span> <span class='ocrx_word' id='word_1_821' title='bbox 3421 5536 3608 5616; x_wconf 86' lang='grc' dir='ltr'>φιλίαν</span> <span class='ocrx_word' id='word_1_822' title='bbox 3667 5542 3780 5607; x_wconf 80' lang='grc' dir='ltr'>τῆς</span> 
     </span>
    </p>
   </div>
  </div>
