4090 6452
335 500 446 557 393

1275 502 1374 557 DE
1415 500 1866 556 ABBOONDITA
1903 496 2364 553 OPERATIONE
2404 499 2481 553 IN
2519 497 2852 558 CBRISTO.

3670 502 3776 559 394

340 625 543 700 σαρκὸς
603 619 892 679 ἀποσοϐεῖ·
959 624 1048 678 καὶ
1106 623 1296 698 ὁρᾶται
1355 625 1389 692 ἡ
1447 621 1732 697 προσευχή
1809 619 1869 674 ἐκ
1912 622 2010 674 τοῦ

2124 620 2252 689 nis;
2285 620 2471 677 oratio
2502 621 2909 680 indesinenter
2936 626 3160 697 profert
3187 641 3399 683 nomen
3437 628 3561 698 Dei,
3593 632 3650 684 et
3679 644 3778 684 ex-

344 713 704 791 ὑπαγορεύειν
762 713 1038 788 ἀσιγήτως
1113 713 1173 767 τὸ
1235 717 1376 776 θεῖον
1458 712 1674 784 ὄνομα,
1725 707 2008 786 συμφωνίο

339 804 433 859 καὶ
462 800 658 864 ἓνωσις
690 808 809 871 νοῦ,
843 803 932 857 καὶ
965 801 1159 876 λόγου,
1208 801 1299 856 καὶ
1349 804 1564 875 ψυχῆς.
1609 823 1637 851 ‹‹
1667 800 1846 856 Ὅπου
1881 797 2007 873 γὰρ,

341 893 534 972 φησὶν,
596 891 704 946 εἶσὶ
760 890 872 946 δύω
912 889 951 960 ἤ
997 896 1147 965 τρεῖς
1203 890 1254 944 ἐν
1308 895 1387 962 τῷ
1438 887 1665 962 ὀνόματί
1722 909 1848 960 μου,
1902 886 2012 941 ἐκεῖ

342 983 462 1056 εἶμι
495 982 548 1037 έν
591 982 742 1055 μέσῳ
789 979 989 1053 αὐτῶν,
1035 1003 1064 1032 ››
1115 978 1304 1042 Οὕτως
1350 979 1439 1032 οῦν
1490 981 1525 1048 ἡ
1574 977 1859 1052 προσευχή
1909 978 2011 1040 τὰς

339 1079 448 1143 τῆς
485 1075 675 1146 ψυχῆς
727 1067 981 1144 δυνάμεις
1038 1070 1145 1123 ἀπὸ
1190 1073 1285 1122 τοῦ
1335 1065 1700 1143 διαμερισμοῦ
1748 1071 1855 1120 τῶν
1905 1087 2008 1120 πα-

343 1165 453 1217 θῶν
488 1158 932 1234 ἀνακαλουμένη,
981 1159 1070 1214 καὶ
1115 1159 1255 1234 πρὸς
1300 1157 1575 1228 ἀλλήλας,
1624 1157 1714 1211 καὶ
1745 1157 1881 1231 πρὸς
1915 1155 2008 1209 αὐ-

346 1255 443 1322 τὴν
474 1251 769 1308 συνδέουσα
797 1252 894 1320 τήν
934 1257 1170 1326 τριμερῆ
1221 1250 1432 1324 ψυχὴν,
1462 1253 1540 1320 τῷ
1572 1247 1623 1302 ἐν
1662 1248 1837 1322 τρισὶν
1876 1247 2004 1300 ὑπο-

348 1342 592 1398 στάσεσιν
645 1341 721 1396 ἑνὶ
776 1344 893 1412 Θεῷ
942 1339 1158 1394 οἷκεισῖ·
1210 1343 1430 1414 πρῶτον
1474 1337 1575 1412 γὰρ
1626 1333 1715 1390 διὰ
1761 1339 1868 1390 τῶν
1910 1337 2008 1404 τῆς

346 1433 547 1508 ἀρετῆς
570 1429 814 1506 τρόπων,
844 1428 908 1484 τὸ
958 1431 1056 1496 τῆς
1107 1426 1378 1504 ἁμαρτίας
1426 1425 1620 1501 αἶσχος
1668 1425 1726 1480 ἐκ
1771 1426 1868 1495 τῆς
1901 1427 2006 1498 ψυ-

347 1529 458 1599 χῆς
488 1519 812 1592 ἀποξέσασα,
861 1518 974 1574 εἶτα
998 1518 1062 1573 τὸ
1105 1516 1313 1579 κάλλος
1361 1520 1468 1570 τῶν
1521 1515 1677 1580 θείων
1725 1515 2004 1590 χαρακτη-

345 1634 458 1690 ρων
509 1609 600 1666 διὰ
643 1616 746 1680 τῆς
793 1609 912 1672 καθ’
944 1607 1137 1677 ἐαυτήν
1188 1606 1338 1683 ἁγίας
1384 1605 1637 1681 γοώσεως
1688 1605 2004 1678 ἀναζωγρα-

342 1706 587 1782 φῆσασα,
640 1698 937 1774 παρίστησι
993 1699 1092 1767 τὴν
1153 1699 1338 1772 ψυχὴν
1387 1700 1466 1769 τῷ
1525 1699 1661 1767 Θεῷ.
1709 1695 1770 1748 Ἦ
1813 1691 1870 1747 δὲ
1914 1693 2005 1746 αὖ·

335 1793 469 1848 τίκα
497 1792 756 1867 γινώσκει
778 1790 872 1844 τὸν
919 1788 1116 1857 εαυτῆς
1163 1788 1438 1858 Ηοιητὴν.
1499 1807 1519 1834 ι
1554 1786 1640 1841 Ἐν
1734 1784 1862 1858 γὰρ,
1897 1804 2000 1859 φη-

338 1883 450 1951 σὶν,
501 1880 686 1954 ἡμέρᾳ
741 1875 1138 1952 έπικαλεσομαί
1197 1897 1273 1945 σε,
1332 1872 1450 1929 ἲδοῦ
1511 1873 1677 1949 ἔγνων
1739 1874 1822 1928 ὅτι
1871 1873 2000 1933 Θεός

342 1993 454 2046 μου
490 1972 540 2026 εἶ
592 1969 732 2026 σύ.»
793 1967 897 2024 Καὶ
956 1967 1282 2042 γινώσκεται
1334 1965 1422 2020 ὑπ’
1482 1965 1667 2020 αὑτοῦ.
1733 1987 1760 2014 ‹‹
1816 1965 2000 2036 Ἑγνω

339 2062 474 2136 γὰρ,
507 2059 698 2138 φησὶν,
729 2059 758 2113 ὁ
790 2057 992 2131 Κύριος
1038 2055 1168 2120 τοὺς
1225 2051 1384 2118 ὄντας
1440 2053 1623 2108 αὐτοῦ.
1661 2077 1690 2104 ››
1746 2053 2009 2138 Γινώσκει

343 2135 437 2205 διά
479 2135 564 2218 τί),
616 2147 850 2220 καθαρὸν
903 2152 1003 2216 τῆς
1063 2144 1295 2213 εἷκόνοζο
1356 2149 1502 2198 πᾶσα
1554 2144 1656 2219 γαρ
1701 2141 1858 2197 εἰκὼν
1919 2135 2006 2194 ἐπὶ

336 2240 406 2296 τὸ
447 2237 813 2314 πρωτῦτυπον
873 2233 989 2290 ἔχει
1040 2235 1140 2303 τήν
1196 2233 1486 2311 ἀναφοράν·
1545 2232 1870 2307 γινώσκεται
1923 2227 2011 2284 διὰ

342 2331 446 2398 τὴν
499 2327 640 2382 κατά
693 2325 788 2388 τὰς
848 2325 1038 2401 ἀρετᾶς
1099 2323 1389 2396 ὁμοίωσιν,
1441 2320 1509 2376 δι’
1567 2323 1640 2375 ὧν
1673 2320 1763 2375 καὶ
1816 2324 2011 2396 γνῶσιν

338 2413 464 2493 ἔχει
525 2419 686 2486 Οεοῦ,
739 2414 830 2470 καὶ
890 2415 994 2468 ὑπὸ
1051 2417 1186 2468 Θεοῦ
1242 2412 1588 2486 γινώσκεται.
1639 2411 1700 2467 Ὁ
1751 2406 2007 2482 δεόμενος

332 2512 533 2584 τυχεῖν
584 2504 883 2581 βασιλιχῆς
939 2502 1253 2575 εὐμενείας,
1303 2499 1572 2578 τριπλοῦν
1627 2496 2007 2574 μεταχειρίζε-

332 2619 428 2653 ται
474 2593 768 2673 τρόπον-ἢ
830 2598 1038 2672 φωναῖς
1084 2591 1359 2660 ἱκετεύων,
1419 2592 1455 2660 ἢ
1515 2594 1681 2664 σιγῶν
1739 2588 2004 2664 παρίστα-

329 2710 426 2744 ται
463 2730 479 2755 ,
538 2685 575 2756 ἢ
633 2685 740 2759 πρὸ
797 2680 980 2738 ποδῶν
1035 2686 1130 2737 τοῦ
1181 2679 1479 2753 δυναμένου
1541 2680 1761 2755 βοηθεῖν
1819 2677 2003 2732 ἑαυτὸν

331 2775 674 2854 ἐπιρῥίπτει.
723 2772 824 2831 Καὶ
874 2775 909 2842 ἡ
954 2772 1164 2846 καθαρά
1211 2771 1534 2844 προσευχὴ,
1585 2766 1847 2836 νοῦν,καὶ
1903 2763 2004 2820 λό-

335 2889 461 2944 γον,
513 2865 605 2920 καὶ
654 2867 868 2936 πνεῦμα
921 2862 1059 2937 πρὸς
1105 2861 1299 2929 ἑαυτὴν
1349 2859 1712 2913 συνάπτουσα.
1764 2854 1853 2910 διὰ
1909 2856 2002 2929 μὲν

335 2961 438 3012 τοῦ
485 2955 680 3030 λόγου,
734 2953 797 3008 τὸ
845 2951 1041 3024 ὄνομα,
1094 2949 1183 3004 διὰ
1232 2947 1290 3004 δὲ
1318 2952 1418 3003 τοῦ
1466 2953 1582 3016 νοῦ,
1630 2951 1710 3018 τῷ
1759 2966 2004 3020 παρακα-

343 3045 598 3118 λουμένῳ
648 3043 766 3114 Θεῴ
814 3040 1036 3109 ἀτενίζει
1084 3033 1465 3114 ἀρεμϐἀστως,
1499 3035 1590 3091 διὰ
1631 3033 1688 3090 δὲ
1717 3039 1812 3090 τοῦ
1842 3033 2002 3089 πνεύ-

356 3156 520 3209 ματος
587 3135 689 3202 τήν
750 3129 1075 3203 κατάνυξιν,
1144 3130 1245 3198 τὴν
1303 3126 1628 3182 ταπείνωσιν
1664 3170 1680 3195 ,
1738 3126 1827 3180 καὶ
1903 3125 2002 3192 τὴν

342 3226 556 3301 ἀγάπην
627 3221 908 3301 ἐμφανίζει
935 3264 952 3291 ,
999 3219 1090 3274 καὶ
1140 3217 1282 3273 οὕτω
1331 3215 1569 3272 δυσωπεῖ
1616 3217 1716 3285 τήν
1766 3213 2004 3290 ἄναρχον

336 3314 574 3394 Τριαδα,
631 3314 727 3369 τὸν
781 3311 1026 3384 Πατέρα,
1083 3309 1173 3364 καὶ
1229 3309 1321 3363 τὸν
1380 3307 1528 3378 Υίὸν,
1588 3307 1679 3362 καὶ
1737 3307 1799 3361 τὸ
1851 3307 1999 3381 ἅγιον

335 3411 586 3479 Πνεῦμα,
616 3404 708 3460 τὸν
739 3399 834 3458 ἕνα
865 3401 1014 3457 Θεόν.

406 3500 619 3567 ’Ὠσπερ
659 3495 695 3564 ἡ
752 3489 1006 3546 ποικιλία
1056 3493 1162 3543 τῶν
1224 3485 1534 3559 ἐδεσμάτων
1599 3484 1848 3562 διεγείρει
1898 3486 1998 3554 τὴν

335 3587 518 3665 ὄρεξιν
553 3585 627 3646 εἷς
662 3580 968 3655 μετάληψιν
1019 3578 1220 3646 αὐτῶν,
1266 3577 1444 3640 οὕτως
1487 3577 1541 3630 αἱ
1593 3573 1844 3653 διάφοροι
1890 3578 1997 3628 τῶν

337 3664 552 3752 ἀρετῶν
585 3668 723 3728 ἰδέαι
751 3673 851 3741 τήν
899 3667 1205 3745 ἐντρέχειαν
1253 3670 1350 3722 τοῦ
1389 3669 1484 3720 νοῦ
1515 3664 1871 3736 ἐξυπνίζουσι,
1906 3665 2003 3718 Διά

335 3771 506 3822 τοῦτο
536 3765 638 3833 τὴν
687 3759 812 3817 ὁδὸν
858 3766 961 3830 τῆς
1005 3757 1243 3820 διανοίας
1289 3754 1514 3825 ὁδεύων,
1542 3756 1610 3810 τὰ
1657 3755 1876 3831 ῥήματα
1905 3760 2005 3822 τῆς

337 3856 518 3924 εὐχῆς
565 3851 852 3927 ἀναλέγουο
913 3848 1004 3903 καὶ
1063 3845 1320 3923 διαλέγου
1358 3849 1436 3917 τῷ
1478 3843 1660 3920 Κυρίῳ
1701 3843 1781 3897 ἀεὶ
1835 3843 2002 3917 βοῶν,

339 3946 434 4002 καὶ
471 3945 549 4017 μή
586 3942 851 3997 έκκακῶν·
903 3937 1080 3994 πυκνά
1127 3933 1404 4010 δεόμενος,
1455 3934 1542 3988 καὶ
1589 3935 1689 4002 τὴν
1740 3929 2008 3987 ἀναίδειαν

345 4032 698 4110 μιμούμενος
724 4036 826 4099 τῆς
857 4027 948 4084 τὸν
998 4023 1314 4099 αμείλικτον
1364 4025 1558 4098 κριτὴν
1606 4020 2008 4092 δυσωπησάσης

346 4127 534 4202 χήρας
567 4165 581 4178 .
637 4121 777 4178 Τότε
833 4117 1101 4191 πνεόματι
1152 4119 1467 4191 περιπατεῖς
1503 4156 1516 4182 ,
1575 4113 1665 4167 καὶ
1727 4117 2007 4187 σαρκικαῖς

345 4211 669 4286 ἐπιθυμίαις
729 4209 790 4265 οὗ
846 4210 1176 4285 προσέχεις,
1233 4204 1324 4260 καὶ
1381 4205 1673 4279 λογισμοῖς
1725 4207 2014 4275 κοσμικοῖς

346 4304 411 4359 οὗ
476 4299 785 4374 διατέμνεις
837 4305 936 4368 τῆς
996 4297 1170 4371 εὐχῆς
1223 4295 1323 4362 τὴν
1383 4289 1688 4368 συνέχειαν.
1748 4293 1896 4354 Ναὸς
1956 4289 2014 4346 δὲ

347 4396 490 4451 Θεοῦ
567 4387 983 4467 χρηματίζεις,
1055 4383 1471 4458 ἀπερισπάστως
1553 4384 1642 4437 τὸν
1731 4383 1860 4436 Θεὸν
1930 4380 2015 4452 ἐξ-

343 4485 562 4557 υμνῶν.
596 4479 757 4537 Οῧκω
797 4491 936 4532 κατα
985 4473 1224 4530 διάνοιαν
1269 4473 1592 4548 εὐχόμενος,
1643 4473 1881 4542 ἀξιοῦσαι
1927 4470 2016 4526 καὶ

343 4573 422 4635 εἷς
463 4571 688 4644 μνήμην
723 4571 860 4622 Θεοῦ
905 4559 1229 4634 διαϐαίνειν,
1261 4562 1350 4617 καὶ
1399 4561 1454 4616 έν
1483 4567 1600 4623 τοῖς
1650 4559 1868 4623 ἀδύτοις
1919 4565 2016 4616 τοῦ

341 4667 442 4718 νοῦ
494 4655 715 4715 εἰσιέναι
751 4701 766 4727 ,
830 4655 923 4711 καὶ
986 4657 1273 4727 μυστικαῖς
1331 4651 1583 4726 θεωρίαις
1637 4651 1728 4705 τὸν
1783 4649 2014 4725 ἀόρατον

349 4749 731 4820 κατοπτεύειν,
789 4745 881 4800 καὶ
921 4746 1248 4820 γνωςτικαῖς
1305 4739 1680 4814 ἐνιαίως,Ικαῖ
1741 4741 2100 4813 ἀγαπητι-Ι)

351 4843 480 4900 καῖς
525 4837 804 4914 ἒκχύσεσι,
853 4834 1016 4909 μόνος
1055 4837 1136 4906 τῷ
1180 4835 1296 4900 Θεῷ
1334 4829 1486 4904 μόνῳ
1532 4829 1843 4903 καταμόνας
1895 4826 2015 4883 λει-

347 4931 630 5002 τουργῶν.

423 5018 595 5074 Ὀταν
641 5012 736 5069 οῦν
775 5011 891 5089 ἴδῃς
938 5009 1156 5067 σεαυτὸν
1202 5007 1591 5085 χαυνοώμενον
1645 5006 1695 5062 ἐν
1746 5010 1814 5081 τῇ
1855 5005 2020 5082 εὐχῇ⁹

354 5103 581 5184 βιϐλίον
640 5104 1053 5179 μεταχειρίζου,
1090 5101 1179 5156 καὶ
1238 5103 1307 5173 τῇ
1358 5099 1658 5173 ἀιαγνώσει
1704 5115 2020 5184 προσεχων,

348 5183 452 5263 τήν
507 5195 710 5266 γνῶσιν
753 5187 1029 5264 εἶσδέχου,
1079 5189 1155 5259 μή
1188 5183 1598 5262 παροδευτικῶς
1647 5183 1776 5246 τοὺς
1820 5183 2021 5258 λόγους

354 5281 750 5357 διερχόμενος,
786 5277 1151 5349 διανοητικῶς
1185 5272 1242 5330 δὲ
1284 5274 1512 5336 τούτους
1554 5271 2024 5346 διασκοπούμενος

355 5373 447 5430 καὶ
499 5373 592 5426 τὸν
647 5375 769 5426 νοῦν
825 5368 1190 5445 θησαυρίζων,
1243 5365 1374 5420 Εἶτα
1409 5363 1644 5438 μελέτην
1700 5368 1861 5419 πσιοῦ
1917 5367 2025 5416 τῶν

2117 711 2255 767 inde
2289 713 2560 784 quaedam
2590 714 2657 768 ﬁt
2681 713 2820 770 unio
2853 719 3030 783 atque
3050 717 3406 773 concertatio
3437 718 3592 774 inter
3612 735 3776 775 men-

2117 805 2257 873 tem,
2291 803 2654 858 intellectum
2688 809 2746 860 et
2777 807 3054 877 spiritum
3079 826 3096 861 :
3131 830 3157 856 ‹‹
3191 808 3295 864 Ubi
3345 808 3523 877 enim,
3556 809 3775 880 inquit,

2119 891 2234 946 duo
2274 891 2364 946 vel
2397 897 2516 948 tres
2565 896 2902 966 congregati
2934 901 3077 952 sunt
3106 896 3165 952 in
3217 898 3457 954 nomine
3507 915 3658 968 meo,
3690 899 3774 953 ibi

2117 995 2250 1034 sum
2283 980 2343 1034 in
2376 981 2567 1037 medio
2589 999 2794 1039 eorum
2823 987 2890 1038 ίί.
2913 1006 2942 1034 ››
2973 986 3059 1040 Ita
3079 1001 3146 1040 ex
3166 987 3512 1057 passionum
3534 987 3771 1060 divaga-

2115 1069 2274 1124 tione
2306 1069 2616 1126 facultates
2649 1074 2861 1128 animm
2886 1079 3114 1130 revocat
3146 1079 3356 1144 oratio,
3381 1077 3593 1132 deinde
3618 1094 3779 1134 coor-

2117 1158 2282 1213 dinat
2329 1157 2482 1226 illas,
2520 1160 2992 1235 tripartitamque
3026 1164 3287 1219 animam
3339 1167 3667 1222 coordunat
3699 1169 3771 1223 ad

2117 1247 2305 1302 instar
2324 1247 2501 1303 trium
2524 1265 2910 1320 personarum
2935 1252 2995 1306 in
3019 1269 3134 1308 uno
3155 1258 3267 1309 Deo
3291 1254 3771 1311 subsistentium.

2115 1337 2344 1392 Etenim
2379 1355 2481 1409 per
2509 1339 2742 1395 virtutis
2775 1343 2981 1397 modos
3011 1359 3080 1397 ex
3108 1343 3307 1398 anima
3351 1344 3506 1399 radit
3551 1348 3777 1416 peccati

2114 1426 2575 1495 deformitatem,
2599 1428 2890 1500 imprimit
2912 1435 3107 1485 autem
3131 1432 3359 1487 divinos
3381 1433 3771 1502 characteres;

2115 1520 2352 1587 propter
2399 1521 2666 1572 sanctam
2704 1519 3119 1590 cogitationem
3152 1521 3450 1577 internam
3481 1528 3539 1578 et
3585 1525 3771 1578 refor-

2114 1609 2334 1660 matam
2363 1605 2622 1662 animam
2664 1613 2979 1679 praesentat
3010 1609 3146 1665 Deo.
3195 1611 3403 1666 Anima
3431 1628 3566 1668 vero
3598 1629 3774 1668 suum

2113 1695 2310 1749 statim
2345 1698 2614 1766 agnoscit
2638 1698 2962 1769 Factorem,
2995 1699 3166 1754 sicuti
3189 1702 3477 1772 scriptum
3499 1706 3624 1757 est:
3666 1703 3773 1757 «In

2112 1799 2228 1854 qua
2259 1784 2353 1838 die
2374 1784 2714 1841 invocaveru
2737 1793 2814 1857 te,
2839 1804 2972 1843 ecce
2997 1790 3242 1860 cognovi
3267 1789 3407 1860 quia
3428 1796 3584 1846 Deus
3608 1808 3778 1853 meus

2111 1889 2173 1927 es
2205 1878 2266 1928 tu
2301 1874 2364 1928 η.
2401 1896 2428 1924 ››
2461 1875 2614 1931 Deus
2646 1892 2881 1948 quoque
2913 1877 3174 1934 animam
3221 1880 3492 1951 agnoscit
3522 1899 3534 1936 :
3571 1901 3591 1929 α
3624 1882 3776 1936 Suos

2115 1962 2272 2018 enim
2298 1964 2491 2019 noscit
2519 1965 2844 2035 Dominus;
2892 1990 2912 2016 ιι
2951 1967 3213 2039 agnoscit
3242 1969 3482 2040 quidem
3539 1975 3777 2042 propter

2123 2052 2402 2125 imaginis
2433 2055 2770 2126 puritatem,
2803 2057 2943 2128 quia
2973 2057 3163 2113 omnis
3192 2057 3388 2130 imago
3419 2059 3778 2115 lineamenta

2125 2143 2300 2198 refert
2330 2160 2360 2198 e
2386 2149 2693 2217 prototypo
2721 2163 2735 2214 ;
2769 2148 3036 2217 agnoscit
3065 2163 3298 2218 quoque
3330 2153 3568 2220 propter
3597 2149 3777 2204 virtu-

2127 2235 2250 2286 tum
2282 2232 2753 2302 similitudinem,
2789 2251 2893 2305 per
2923 2251 3072 2306 quas
3098 2238 3156 2291 et
3185 2240 3366 2290 Deum
3397 2236 3590 2292 noscit
3619 2243 3675 2292 et
3705 2237 3777 2293 ab

2122 2321 2251 2392 ipso
2284 2321 2570 2378 noscitur.
2605 2322 2714 2386 Qui
2747 2324 2900 2395 regis
2932 2324 3185 2380 favorem
3221 2325 3332 2381 sibi
3356 2326 3671 2381 conciliare
3694 2327 3781 2381 in.

2120 2411 2328 2478 tendit,
2357 2412 2428 2466 ad
2461 2417 2580 2466 tres
2610 2413 2818 2468 modos
2850 2415 3165 2486 confugere
3192 2419 3358 2486 potes
3383 2432 3394 2469 :
3431 2416 3550 2471 sive
3579 2417 3776 2472 verbis

2120 2506 2490 2571 apprecatur,
2524 2501 2643 2556 sive
2674 2501 2856 2558 silens
2875 2509 3048 2574 astat,
3074 2503 3194 2559 sive
3226 2505 3297 2560 ad
3323 2506 3500 2576 pedes
3528 2505 3689 2560 illius
3713 2523 3775 2561 se

2118 2590 2350 2660 projicit
2381 2591 2482 2660 qui
2506 2591 2753 2661 juvandi
2780 2591 3117 2648 facultatem
3154 2594 3439 2664 possidet.
3472 2594 3621 2649 Pura
3643 2612 3776 2651 ora-

2116 2681 2196 2734 tio
2247 2685 2524 2746 mentem,
2583 2682 2827 2736 verbum
2868 2687 2925 2737 et
2973 2683 3243 2754 spiritum
3287 2683 3550 2755 colligit:
3599 2686 3772 2740 verbo

2116 2767 2336 2839 profert
2364 2785 2600 2837 nomen,
2628 2775 2822 2826 mente
2845 2772 3378 2827 attenditinvocato
3401 2772 3540 2837 Deo,
3566 2778 3623 2828 et
3653 2774 3772 2844 spi-

2117 2856 2230 2911 ritu
2264 2856 2424 2912 elicit
2457 2862 2624 2914 actus
2656 2859 3051 2930 contritionis,
3099 2859 3454 2916 humilitatis
3485 2867 3543 2916 et
3577 2861 3768 2917 chari-

2113 2946 2292 3000 tatis:
2343 2947 2734 3018 contritionis,
2782 2948 3134 3005 humilitatis
3165 2955 3222 3005 et
3271 2950 3618 3021 cbaritatis;
3655 2952 3766 3007 hoc

2114 3035 2288 3090 modo
2337 3036 2683 3091 Trinitatem
2717 3043 3027 3094 veneratur
3076 3045 3383 3106 aeternam,
3416 3045 3669 3106 Patrem,
3718 3047 3775 3096 et

2112 3123 2326 3180 Filium
2355 3126 2708 3198 etSpiritum
2736 3133 3031 3200 sanctum,
3057 3145 3244 3185 unum
3268 3129 3543 3187 videlicet
3566 3135 3772 3187 Deum.

2179 3481 2455 3537 Ciborum
2488 3480 2738 3536 varietas
2771 3482 2840 3536 ad
2877 3482 3276 3554 sumptionem
3318 3483 3568 3550 inducit,
3603 3485 3687 3541 sic
3718 3489 3776 3540 et

2109 3569 2351 3626 diversae
2374 3569 2902 3642 virtutumspecies
2924 3571 3141 3627 mentis
3163 3571 3464 3630 solertiam
3489 3574 3766 3630 excitant.

2111 3663 2314 3730 Itaque
2329 3660 2470 3714 dum
2495 3659 2810 3715 mentalem
2837 3661 2984 3716 viam
3002 3662 3256 3734 perficis,
3281 3664 3564 3720 orationis
3587 3665 3766 3721 verba

2111 3749 2393 3818 revolvas,
2426 3749 2497 3804 ad
2526 3749 2840 3805 Dominum
2873 3751 3090 3807 clames
3119 3769 3354 3825 semper
3383 3762 3438 3810 et
3467 3771 3585 3811 non
3620 3756 3766 3811 deﬁ-

2115 3840 2257 3908 cias,
2310 3837 2692 3910 postulationi
2742 3840 2926 3896 instes
2957 3845 3013 3895 et
3052 3840 3492 3914 improbitatem
3545 3845 3765 3901 referas

2112 3928 2306 3982 viduae
2328 3944 2456 3998 qua;
2479 3927 2695 3982 durum
2731 3928 2958 3984 adierat
2981 3931 3266 4000 judicem.
3301 3932 3466 3988 Tunc
3498 3934 3770 3990 ambulas

2116 4017 2176 4072 in
2231 4016 2461 4088 spiritu,
2496 4016 2832 4072 carnalibus
2900 4018 3207 4076 desideriis
3255 4038 3371 4076 non
3417 4022 3666 4079 inservis
3715 4029 3774 4079 et

2120 4106 2503 4178 profluentem
2536 4105 2859 4161 orationem
2893 4123 3008 4162 non
3032 4109 3292 4164 dissecas
3315 4110 3774 4182 cogitationibus

2122 4195 2360 4265 saeculi;
2396 4195 2686 4267 templum
2723 4195 2910 4250 factus
2943 4213 3007 4252 es
3037 4197 3136 4252 Dei
3172 4202 3230 4253 et
3262 4198 3445 4254 Deum
3475 4217 3613 4256 voce
3645 4201 3778 4258 lau-

2123 4286 2229 4342 das
2249 4284 2610 4341 incessabili.
2644 4283 2700 4338 Si
2728 4300 2795 4340 eo
2830 4286 3004 4341 modo
3029 4303 3162 4342 oras
3181 4287 3239 4342 in
3265 4293 3482 4356 mente,
3508 4291 3781 4347 adveniet

2124 4381 2190 4430 ut
2221 4376 2292 4430 ad
2325 4375 2427 4430 Dei
2461 4375 2801 4430 memoriam
2835 4376 3208 4443 conducaris,
3240 4377 3300 4432 in
3349 4378 3593 4450 spiritus
3627 4381 3782 4436 inte-

2126 4465 2284 4520 riora
2341 4469 2633 4537 penetres,
2696 4465 2765 4521 ad
2813 4466 3093 4538 mystica/5
3151 4467 3428 4540 visiones,
3473 4471 3544 4525 ad
3593 4471 3780 4526 Deum

2127 4553 2637 4622 inaccessibilem;
2672 4555 2732 4612 in
2765 4556 3258 4613 considerationis
3291 4563 3348 4614 et
3379 4559 3595 4616 amoris
3644 4562 3786 4617 etfu-

2129 4644 2398 4701 sionibus
2429 4649 2495 4700 tu
2527 4644 2690 4702 solus
2721 4662 2856 4702 cum
2887 4645 3010 4703 solo
3042 4647 3158 4703 Deo
3192 4649 3595 4722 conjungaris.

2202 5005 2348 5060 Cum
2381 5004 2438 5056 te
2483 5001 2544 5057 in
2576 5001 2839 5057 oratione
2879 5002 3255 5074 divagantem
3303 5005 3784 5077 deprehenderis,

2134 5097 2442 5163 assumpto
2490 5090 2713 5161 libello,
2754 5091 2989 5147 lectioni
3021 5094 3314 5162 attendas,
3347 5095 3548 5152 sensui
3588 5097 3786 5153 adhae-

2136 5199 2286 5249 reas,
2331 5185 2536 5236 etnon
2584 5181 2945 5236 transeundo
2998 5198 3308 5253 percurras
3365 5186 3696 5257 materiam,
3731 5193 3792 5244 at

2137 5271 2300 5326 illam
2335 5275 2529 5326 mente
2561 5271 2896 5326 consideres
2927 5275 2983 5326 et
3012 5271 3464 5345 intelligentiam
3509 5281 3671 5332 tuam
3702 5277 3791 5333 lo-

2139 5359 2525 5432 cupletiorem
2580 5359 2826 5415 efficias.
2879 5359 3087 5416 Postea
3137 5362 3574 5421 meditationem
3624 5366 3794 5423 insti-

2140 5455 2276 5505 tuas
2297 5449 2450 5504 circa
2471 5466 2562 5504 res
2586 5448 2894 5520 periectas,
2918 5449 3002 5505 ita
3018 5451 3168 5506 etde
3195 5453 3461 5509 materiis
3481 5470 3645 5510 mens
3663 5455 3796 5510 dul-

2142 5544 2337 5596 cescat
2361 5543 2418 5594 et
2447 5537 2736 5594 memoria
2766 5540 2998 5595 easdem
3027 5556 3264 5613 semper
3283 5543 3556 5601 retineat.
3582 5543 3798 5600 Exinde

2143 5631 2282 5683 tuus
2331 5629 2671 5684 exardescet
2720 5627 2911 5685 fervor
2939 5628 3000 5686 in
3051 5629 3266 5688 divinis
3315 5633 3798 5706 cogitationibus,

358 5459 824 5538 ἀναγνωσθέντων
874 5457 970 5514 ’ίνα
1032 5455 1395 5532 γλυκαίνηταί
1451 5474 1547 5508 σου
1603 5457 1638 5524 ἡ
1701 5451 1915 5508 διάνοια
1973 5452 2031 5506 ἐκ

356 5559 464 5622 τῆς
550 5549 982 5618 κατανοήσεως,
1067 5546 1159 5602 καὶ
1241 5543 1582 5613 ἀνεπίληστα
1659 5541 1886 5617 διαμένῃ
1965 5541 2032 5596 τὰ

361 5639 770 5715 ἀναγνώσματα
803 5681 817 5706 ,
898 5636 1182 5699 κάντεῦθεν
1281 5631 1727 5711 προσανάπτηταί
1815 5653 1912 5686 σου
1994 5634 2030 5700 ἡ

440 5839 484 5876 ¹ι
518 5835 726 5894 Matth.
759 5849 922 5905 xvm,
952 5833 1044 5888 20.
1127 5832 1170 5868 ¹²
1200 5830 1355 5887 Psal.
1389 5847 1479 5901 LV,
1515 5829 1603 5886 10.

659 5952 932 6013 Panos.
983 5951 1092 6011 Gn.
1141 5946 1410 6010 CXLIII.
3444 5942 3519 5999 13
