4090 6458
319 475 428 531 395

1454 472 1860 528 THEOLEPTI
1898 468 2618 524 PHILADELPBIENSIB.

3641 471 3751 529 396

317 600 473 654 sicut
520 598 807 668 scriptum
859 600 989 651 est:
1023 619 1051 646 «
1088 596 1150 651 In
1208 596 1529 652 meditione
1580 611 1707 651 mea
1754 608 1959 650 accen-

2084 587 2258 662 θέρμη
2308 587 2361 643 ἐν
2412 594 2532 651 τοῖς
2582 587 2746 652 θείοις
2799 586 3151 664 διανοήμασι.
3203 615 3231 643 ‹‹
3281 592 3371 649 ’Ev
3421 595 3490 666 τῇ
3543 593 3747 670 μελέτῃ

315 690 487 743 detur
514 687 671 758 ignis
703 686 766 739 ¹³.
801 708 828 735 ››
862 685 968 751 Qui
1001 685 1278 741 dentibus
1308 690 1585 741 tenuatur
1610 684 1800 753 cibus,
1828 698 1967 753 gus-

314 782 441 833 tum
473 777 744 845 delectat,
773 776 1005 848 eloquia
1025 793 1159 831 vero
1183 776 1399 843 divina,
1425 794 1551 847 qua
1576 776 1648 831 ab
1673 775 1871 829 anima
1890 777 1971 827 te-

316 872 552 935 runtur,
579 867 854 938 saginant
884 867 1142 922 animam
1175 872 1233 922 et
1263 866 1467 922 laetitia
1500 865 1863 937 perfundunt
1895 879 1908 917 :
1937 883 1965 911 ‹‹

320 958 504 1022 Quam
539 956 733 1012 dulcia
764 960 905 1011 sunt
932 957 1200 1011 faucibus
1236 959 1382 1011 meis
1413 955 1646 1026 eloquia
1687 958 1789 1008 tua
1820 954 1865 987 “
1894 950 1905 1005 l
1940 972 1968 1001 »

318 1044 664 1117 Evangelica
683 1046 858 1101 verba
887 1050 944 1100 et
964 1050 1303 1101 sanctorum
1331 1046 1567 1100 Patrum
1607 1040 1969 1114 apophtheg-

320 1140 480 1190 mata
510 1136 581 1189 ad
615 1152 714 1190 cor
744 1139 913 1189 tuum
946 1152 1234 1207 apponas,
1258 1135 1523 1205 ipsorum
1547 1148 1781 1205 quoque
1808 1130 1972 1184 Vitas

318 1223 724 1296 perscruteris,
762 1227 828 1278 ut
874 1223 931 1277 in
969 1222 1244 1279 noctibus
1290 1223 1408 1279 tuis
1442 1223 1604 1277 illam
1652 1217 1975 1277 meditandi

319 1313 625 1369 materiam
659 1311 791 1368 insu
803 1329 952 1368 mas.

385 1491 806 1547 Remissiorem
839 1495 1096 1547 mentem
1126 1492 1185 1546 in
1219 1491 1485 1547 oratione
1512 1489 1703 1546 reficis
1724 1488 1975 1543 lectione

311 1585 370 1635 et
403 1580 787 1635 meditatione
817 1579 1152 1635 divinorum
1187 1580 1590 1652 Eloquiorum,
1626 1579 1744 1633 imo
1786 1577 1971 1649 aptio-

312 1683 433 1723 rem
470 1683 780 1739 comparas
811 1668 880 1722 ad
908 1669 1273 1739 precandum
1294 1668 1343 1722 si
1365 1668 1435 1722 ad
1462 1666 1676 1722 oralem
1715 1665 1971 1737 psalmo-

310 1757 468 1812 diam
525 1772 840 1825 recurras;
898 1762 1159 1812 attamen
1212 1756 1533 1827 tranquilla
1565 1765 1762 1811 cantes
1816 1770 1973 1825 voce,

311 1847 568 1901 cantatis
600 1847 867 1901 attendas
897 1846 1111 1913 verbis,
1147 1850 1206 1901 et
1238 1847 1385 1902 nihil
1414 1846 1824 1917 praetermittas
1858 1844 1974 1900 nisi

2084 698 2190 750 μου
2245 679 2369 752 γὰρ,
2421 678 2603 752 φησὶν,
2656 677 3049 750 ἐκκαυθήσεται
3106 683 3235 737 πῦρ.
3302 704 3328 732 ι)
3386 683 3475 744 Ὠς
3530 683 3634 759 γὰρ
3688 684 3751 738 τὸ

2084 767 2282 841 βρῶμα
2340 765 2527 836 ἡδύνει
2581 769 2680 836 τὴν
2713 772 2893 842 γεῦσιν
2947 769 3050 823 ὑπὸ
3096 773 3204 823 τῶν
3256 767 3491 825 ὀδόντων
3546 770 3751 827 λεπτυ-

2080 854 2350 929 νόμενον,
2439 856 2582 911 οὕτω
2638 856 2705 911 τὰ
2765 862 2881 920 θεῖα
2953 855 3119 932 λόγια
3175 859 3511 933 στρεφόμενα
3571 860 3624 916 ἐν
3679 865 3748 935 τῇ

2081 948 2258 1020 ψυχῆ,
2311 945 2512 1001 πιαίνει
2570 947 2669 1015 τὴν
2731 943 2971 1001 διάνοιαν
3018 949 3107 1001 καὶ
3161 950 3562 1027 κατευφραίνει.
3597 976 3622 1001 ((
3659 953 3748 1014 Ὠς

2082 1034 2288 1109 γλυκέα
2313 1035 2439 1111 γὰρ,
2476 1035 2631 1113 φησὶ,
2670 1040 2749 1108 τῷ
2781 1033 3014 1111 λάρυγγί
3067 1058 3171 1110 μου
3219 1039 3285 1092 τὰ
3328 1036 3496 1114 λόγιά
3540 1060 3635 1094 σου
3671 1042 3684 1097 l
3721 1064 3751 1091 ››

2082 1126 2449 1194 Ἀποστήθιζε
2496 1124 2585 1179 καὶ
2634 1122 2833 1201 λόγους
2879 1123 3289 1201 εὐαγγελικοὺς,
3339 1128 3427 1182 καὶ
3479 1132 3585 1182 τῶν
3642 1150 3751 1202 μα-

2082 1213 2284 1288 καρίων
2341 1214 2595 1289 Ιιατέρων
2644 1214 3082 1291 ἀποφθέγματα,
3145 1215 3235 1269 καὶ
3278 1214 3405 1277 τοὺς
3454 1216 3607 1292 βίους
3652 1219 3755 1272 αὖ·-

2081 1307 2190 1357 τῶν
2241 1302 2514 1377 ἀνίχνευε,
2558 1300 2649 1357 ’ίνα
2698 1297 2828 1374 ἔχῃς
2877 1308 3045 1358 ταῦτα
3096 1300 3383 1379 μελέτημα
3413 1303 3464 1360 ἐν
3500 1312 3621 1369 ταῖς
3660 1329 3752 1362 νυ-

2084 1392 2183 1462 ξίν.

2154 1482 2341 1545 Ὅπως
2366 1482 2467 1551 τήν
2502 1478 2743 1535 διάνοιαν
2790 1481 2847 1537 ἐκ
2884 1488 2984 1551 τῆς
3039 1482 3209 1553 εὐχῆς
3262 1481 3629 1555 ἁκηδιάσασαν
3679 1490 3753 1560 τῇ

2084 1571 2381 1644 ἀναγνώσει
2427 1572 2516 1625 καὶ
2554 1575 2623 1645 τῇ
2679 1570 2879 1646 μελέτῃ
2917 1576 3022 1626 τῶν
3076 1572 3232 1627 Θείων
3292 1572 3475 1649 λόγων
3528 1576 3757 1629 ἀνακαι-

2081 1660 2253 1735 νίζῃς,
2312 1661 2401 1714 καὶ
2463 1660 2878 1736 ἐννρεχεστέραν
2935 1662 3348 1738 παρασκευάζῃς
3407 1664 3487 1727 εἴς
3518 1686 3753 1740 προσευ-

2085 1751 2217 1823 χὴν,
2275 1750 2374 1818 τὴν
2437 1746 2525 1803 διὰ
2584 1745 2853 1823 στόματος
2911 1748 3241 1825 ψαλμῳδίαν
3301 1752 3531 1809 ἐκτέλει·
3595 1752 3746 1824 πλὴν

2082 1836 2270 1913 ἡσόχφ
2303 1839 2441 1893 πάνυ
2474 1843 2654 1916 φωνῇ,
2694 1841 2781 1894 καὶ
2820 1840 2955 1913 μετὰ
3003 1838 3318 1904 ἐπιστασίας
3366 1847 3463 1897 τοῦ
3505 1847 3618 1913 νοῦ,
3670 1867 3747 1917 μη

312 1933 698 1991 intellexeris.
730 1936 787 1989 Si
844 1936 1081 2008 quando
1133 1936 1492 1991 abcrraverit
1544 1935 1812 2001 attentio,
1845 1950 1959 1989 ver-

2082 1926 2413 2002 ἀνεχόμενος
2472 1925 2793 1998 ἀδιανοητόν
2869 1950 2919 1983 τι
2975 1933 3082 1984 τῶν
3148 1928 3465 2005 λεγομένων
3519 1932 3747 1988 καταλι-

311 2039 442 2078 sum
476 2023 650 2079 toties
682 2040 951 2080 resumes
981 2024 1212 2096 quoties
1248 2025 1425 2080 fuerit
1469 2024 1871 2079 necessarium
1909 2026 1974 2076 ut

309 2113 554 2183 spiritus
604 2129 847 2169 sensum
894 2114 1204 2169 verborum
1263 2114 1683 2183 subsequatur.
1746 2112 1968 2183 Spiritu

308 2201 468 2256 enim
501 2205 559 2256 et
588 2218 687 2257 ore
717 2208 883 2274 pates
914 2202 1167 2275 psallere
1200 2207 1256 2258 et
1288 2203 1468 2259 simul
1501 2202 1600 2258 Dei
1633 2202 1925 2257 recordari
1955 2221 1968 2268 ;

308 2291 465 2362 quod
496 2294 553 2346 et
582 2292 943 2362 experientia
974 2292 1320 2365 quotidiana
1350 2293 1572 2347 edocet.
1608 2292 1665 2347 Si
1689 2307 1861 2363 quem
1897 2293 1967 2347 ad

304 2378 809 2436 confabulandum
865 2381 1065 2451 adeas,
1126 2397 1259 2435 cum
1311 2380 1412 2436 illo
1471 2380 1732 2452 loqueris
1780 2386 1839 2435 et
1897 2381 1968 2435 ad

306 2467 476 2523 illum
510 2469 803 2525 convertis
845 2469 1085 2525 oculos:
1124 2470 1203 2525 ita
1234 2475 1291 2525 et
1320 2470 1497 2525 labiis
1547 2474 1783 2526 cantare
1812 2473 1969 2525 vales

306 2561 363 2612 et
397 2559 681 2615 memoria
710 2564 764 2615 te
800 2560 873 2615 ad
902 2564 1087 2616 Deum
1121 2564 1474 2615 convertere.

378 2824 649 2881 Genuum
682 2825 963 2881 ﬂexiones
993 2825 1115 2881 noli
1147 2826 1615 2899 praetermittere.
1650 2825 1883 2881 Etenim
1916 2824 1967 2879 si

308 2930 461 2987 genu
495 2913 743 2981 ﬂexeris,
779 2915 1097 2987 imaginem
1134 2916 1357 2988 profers
1388 2916 1611 2987 peccati
1642 2914 1966 2970 decidentis

310 3006 369 3057 et
398 3001 751 3058 allusionem
780 3003 1169 3060 confessionis
1202 3004 1423 3071 habes;
1457 3021 1590 3059 eum
1635 3008 1833 3059 autem
1868 3020 1966 3058 as-

312 3107 547 3163 surgas,
581 3092 796 3147 mentis
846 3093 1287 3148 conversionem
1321 3093 1547 3148 indicas
1579 3099 1636 3149 et
1665 3093 1841 3148 vitam
1886 3093 1965 3147 si-

310 3178 577 3250 gniﬁcas,
610 3194 739 3250 quae
771 3180 841 3234 ad
875 3180 1148 3235 virtutem
1183 3181 1401 3235 redeat.
1435 3180 1584 3235 Dum
1618 3179 1966 3248 genuﬂexio-

308 3281 439 3321 nem
467 3266 720 3338 perficis,
740 3269 916 3324 corde
936 3273 1037 3324 tuo
1060 3268 1264 3324 invoca
1282 3268 1576 3324 Christum
1600 3269 1917 3324 Dominum
1944 3286 1957 3337 ;

2080 2021 2223 2070 πεῖν.
2257 2014 2412 2071 Ἀλλ’
2454 2015 2507 2069 εἷ’
2534 2018 2664 2071 ποτέ
2694 2039 2745 2072 τι
2794 2016 3069 2092 διαδράσει
3117 2019 3209 2074 τὸν
3261 2025 3406 2090 νοῦν,
3442 2018 3754 2077 ἐπανάλαϐε

2078 2103 2167 2157 τὸν
2204 2104 2418 2179 στίχον,
2463 2105 2647 2169 ὁσάκις
2696 2106 2787 2161 καὶ
2838 2108 3068 2181 γίνεται,
3124 2109 3322 2184 μέχρις
3368 2106 3427 2163 ἂν
3476 2110 3567 2164 τὸν
3615 2112 3745 2164 νοῦν

2079 2190 2554 2256 ἐπακολουθοῦντα
2608 2190 2726 2268 ἕξῃς
2766 2201 2884 2257 τοῖς
2914 2194 3258 2270 λεγομένοις,
3312 2198 3512 2273 Ἰσχόει
3565 2199 3670 2274 γὰρ
3720 2200 3749 2254 ὁ

2078 2285 2208 2343 νοῦς
2240 2282 2330 2335 καὶ
2362 2280 2594 2356 ψάλλειν
2633 2288 2710 2354 τῷ
2758 2284 3008 2357 στόματι,
3057 2287 3144 2339 καὶ
3199 2290 3333 2341 Θεοῦ
3383 2308 3747 2361 μνημονευειν

2080 2372 2177 2423 Καὶ
2198 2375 2359 2425 τοῦτο
2390 2372 2767 2446 καταμάνθανε
2826 2374 2884 2428 ἐκ
2940 2381 3038 2445 τῆς
3097 2382 3328 2452 φυσικῆς
3382 2376 3592 2453 πείρας.
3653 2379 3747 2440 Ὠς

2076 2461 2178 2533 γὰρ
2240 2461 2267 2515 ὁ
2327 2463 2709 2537 συντυγχάνων
2767 2462 2896 2529 τινὶ,
2944 2462 3032 2518 xui
3092 2460 3506 2539 διαλεγόμενος,
3565 2465 3749 2539 τούτῳ

2076 2549 2165 2601 xui
2222 2551 2485 2625 προσέχει
2543 2555 2659 2612 τοῖς
2726 2550 3060 2628 ὀφθαλμοῖς,
3117 2550 3259 2607 οὕτω
3318 2556 3408 2608 xui
3464 2556 3491 2609 ὁ
3546 2554 3743 2629 ψάλων

2076 2636 2313 2709 χείλεσι,
2346 2639 2434 2694 καὶ
2467 2644 2582 2712 Θεῷ
2624 2638 2941 2711 ἐνατενίζειν
3003 2639 3093 2696 διὰ
3138 2649 3238 2713 τῆς
3303 2645 3532 2717 μνήμης
3583 2641 3745 2700 δόνα-

2079 2747 2187 2781 ται.

2149 2814 2376 2880 Κλίσεις
2430 2818 2670 2892 γονάτων
2736 2819 2811 2891 μή
2869 2824 3158 2895 παραιτοῦ.
3220 2822 3314 2877 Ἐκ
3368 2822 3460 2895 μὲν
3486 2821 3587 2898 γὰρ
3646 2828 3750 2879 τοῦ

2075 2905 2205 2977 γόνυ
2276 2903 2481 2960 κλίνειν
2543 2910 2577 2976 ἡ
2628 2912 2833 2970 πτῶσις
2889 2916 2990 2979 τῆς
3050 2911 3317 2985 ἁμαρτίας
3394 2910 3751 2986 εἷκονίζεται,

2074 2989 2304 3071 ἔμφασιν
2366 2995 2762 3072 ἐξαγορεύσεως
2813 3001 3205 3074 παρεχομένηο
3271 3000 3331 3056 ἐκ
3378 2998 3436 3056 δὲ
3490 3006 3587 3057 τοῦ
3649 3003 3743 3057 άν-

2078 3083 2364 3153 ίστασθαι,
2437 3089 2471 3155 ἡ
2534 3088 2792 3158 μετάνοια
2853 3089 3336 3161 ὑποσημαίνεται,
3407 3090 3738 3167 ἐπαγγελίαν

2078 3174 2198 3249 βίου
2228 3177 2324 3228 τοῦ
2354 3176 2471 3229 κατ’
2528 3174 2724 3252 ἀρετὴν
2785 3177 3157 3251 αἰνιττομένη.
3214 3178 3447 3248 Ἑκάστη
3483 3178 3538 3235 δὲ
3570 3202 3737 3257 γονη-

2074 3262 2257 3317 κλισία
2302 3262 2563 3319 τελείσθω
2609 3264 2741 3337 μετὰ
2788 3274 2889 3336 τῆς
2938 3272 3127 3342 νοερᾶς
3177 3272 3275 3323 τοῦ
3326 3269 3561 3345 Χριστοῦ
3608 3270 3729 3323 ἐπι-

309 3371 425 3427 quo
469 3356 626 3412 enim
660 3358 833 3414 modo
884 3358 1086 3414 anima
1127 3363 1185 3413 et
1230 3375 1472 3431 corpore
1527 3359 1777 3430 procidit
1825 3363 1959 3414 ante

2078 3354 2341 3423 κλήσεως,
2370 3351 2455 3408 ’ίνα
2506 3357 2659 3430 ψυχῇ
2710 3356 2799 3409 καὶ
2849 3357 3064 3428 σώματι
3115 3357 3476 3433 προσπίπτων
3527 3364 3601 3431 τῷ
3622 3364 3735 3415 Κυ-

305 3450 517 3515 Deum,
551 3445 635 3501 ita
676 3446 1010 3503 animarum
1066 3463 1500 3519 corporumque
1532 3447 1811 3503 factorem
1862 3448 1971 3503 tibi

311 3550 619 3605 comparas
651 3536 973 3609 benignum
998 3540 1174 3607 atque
1196 3535 1565 3608 placabilem.
1591 3538 1643 3592 Si
1677 3538 1970 3607 quodnam

313 3623 588 3679 manuale
610 3640 758 3696 Opus
781 3626 1005 3697 absque
1027 3627 1255 3698 fragore
1276 3627 1823 3698 conjunxerasjcum
1839 3644 1969 3682 ora-

313 3711 498 3780 tione,
529 3713 609 3768 ita
642 3718 707 3769 ut
736 3731 1011 3770 somnum
1043 3715 1211 3787 fugas
1243 3715 1672 3787 remissionem,
1700 3716 1877 3771 robur
1898 3717 1968 3772 ad

314 3801 631 3858 asceticam
681 3820 940 3877 pugnam
974 3806 1246 3862 assumis.
1281 3808 1494 3861 Omnes
1525 3806 1682 3861 enim
1716 3811 1965 3861 externaa

314 3891 834 3964 operationes,quaa
857 3910 989 3949 cum
1010 3894 1271 3951 oratione
1292 3899 1827 3967 pergunt,mentem
1844 3910 1968 3949 ace-

314 3984 467 4046 rant,
514 3979 825 4039 sublevant
872 3983 1297 4055 fatigationem,
1347 3983 1609 4039 animam
1662 3988 1961 4053 renovant,

310 4070 589 4142 spiritum
622 4077 968 4145 comparant
993 4076 1356 4147 sagaciorem
1389 4078 1448 4128 et
1477 4074 1875 4139 fervidiorem,
1908 4078 1964 4130 et

309 4161 511 4218 omnia
539 4162 611 4218 ad
646 4162 964 4219 mentalem
997 4164 1393 4236 operationem
1425 4163 1769 4235 disponunt.

377 4339 558 4410 Ligno
590 4339 828 4412 signum
860 4341 1254 4412 perfragante,
1291 4340 1438 4397 cella
1468 4344 1570 4396 tua
1600 4357 1792 4413 exeas,
1825 4359 1958 4398 ocu-

302 4428 377 4485 lis
405 4428 667 4500 corporis
697 4433 913 4485 terram
948 4428 1225 4500 aspicias,
1277 4434 1473 4484 mente
1500 4435 1697 4485 autem
1742 4435 1798 4485 et
1829 4448 1953 4487 me-

302 4516 490 4574 moria
522 4518 805 4573 ascendas
827 4518 895 4572 ad
921 4517 1128 4572 Deum.
1154 4517 1296 4572 Cum
1322 4517 1611 4590 templum
1646 4520 1952 4592 ingressus

300 4605 483 4661 fueris
514 4611 571 4661 et
601 4606 936 4680 perveneris
967 4607 1039 4662 ad
1073 4607 1341 4678 chorum,
1376 4608 1495 4663 noli
1526 4626 1658 4664 cum
1684 4611 1953 4666 adstante

2083 3441 2205 3514 ρίῳ,
2236 3443 2329 3497 τὸν
2359 3447 2467 3498 τῶν
2500 3447 2691 3519 ψυχῶν
2723 3445 2813 3499 καὶ
2845 3444 3113 3518 σωμάτων
3156 3447 3283 3501 Θεὸν
3336 3445 3737 3503 εὐδιάλλακτον

2079 3529 2369 3606 ἀπεργάσῃ.
2422 3532 2485 3587 Ei
2542 3529 2598 3587 δὲ
2627 3533 2717 3587 καὶ
2752 3531 2904 3609 ἔργον
2966 3530 3229 3609 ἀθόρυϐον
3262 3541 3380 3601 ταῖς
3410 3537 3565 3612 χερσί
3598 3558 3743 3612 παρ.

2077 3616 2210 3691 ἐξεις
2273 3621 2406 3693 μετὰ
2457 3628 2555 3691 τῆς
2615 3624 2751 3676 κατᾶ
2826 3621 3065 3677 διάνοιαν
3121 3632 3473 3700 προσευχῆς,
3538 3625 3615 3688 είς
3674 3628 3745 3683 τό

2077 3708 2477 3784 ἀποκρούεσθαι
2536 3711 2696 3765 ὕπνον
2754 3712 2845 3765 καὶ
2907 3712 3168 3787 ῥᾳθυμίαν
3202 3759 3215 3785 ,
3277 3715 3367 3769 καὶ
3421 3718 3581 3769 τοῦτο
3638 3718 3743 3773 τὸν

2076 3798 2363 3869 ἀσκητικὸν
2427 3800 2611 3875 ἀγῶνα
2666 3808 2982 3877 συγκροτεῖ.
3042 3805 3213 3859 Πᾶσαι
3269 3805 3369 3881 γὰρ
3430 3805 3481 3858 αἱ
3540 3802 3744 3874 δηλω-

2075 3888 2247 3942 Θεῖσαι
2298 3889 2544 3964 ἐργασίαι
2608 3893 2721 3964 μετ’
2779 3891 2950 3967 εὐχῆς
3004 3892 3296 3966 ἆνυόμεναι
3352 3896 3602 3949 ἆκονοῦσι
3634 3897 3740 3951 τὸν

2070 3980 2218 4049 νοῦν,
2278 3976 2505 4048 ἀκηδίαν
2565 3979 2935 4052 ἦξορίζουσιν,
2990 3984 3326 4058 νεαρωτέραν
3379 3985 3476 4053 τὴν
3537 3987 3739 4061 ψυχὴν
3790 3976 3795 3979 ’

2069 4070 2576 4142 παρασκευάζουσι,
2638 4071 2725 4123 καὶ
2802 4070 3049 4146 ὀξύτερον
3106 4072 3195 4126 xui
3252 4073 3580 4149 θερμότερον
3629 4076 3736 4131 τὸν

2068 4159 2191 4209 νοῦν
2250 4156 2326 4220 εἷς
2376 4160 2475 4227 τὴν
2535 4159 2671 4214 κατὰ
2724 4156 2963 4216 διάνοιαν
3024 4160 3272 4238 ἐργασίαν
3329 4161 3738 4238 ἀασχο).εῖσθαι

2064 4264 2309 4303 ποιουσι.

2136 4333 2481 4409 Κρούσαντος
2512 4340 2609 4391 τοῦ
2640 4336 2826 4409 ξύλου,
2860 4338 3141 4416 προέρχου
3195 4347 3295 4410 τῆς
3341 4340 3571 4412 κέλλης,
3602 4351 3739 4409 τοῖς

2065 4422 2160 4494 μὶν
2191 4422 2500 4499 ὀφθαλμοῖς
2530 4430 2625 4480 τοῦ
2656 4426 2910 4501 σώματος
2938 4432 3006 4503 τῇ
3040 4432 3109 4504 γῇ
3156 4430 3466 4506 προσέχων.
3518 4434 3617 4501 τὴν
3672 4430 3742 4490 δὲ

2062 4507 2300 4567 διάνοιαν
2331 4516 2398 4578 τῆ
2429 4518 2525 4568 τοῦ
2557 4519 2691 4569 Θεοῦ
2743 4519 2936 4591 μνήμῃ
2991 4516 3381 4595 προσερείδων.
3445 4518 3739 4578 Εἰσελθὼν

2060 4598 2110 4655 ἐν
2171 4605 2250 4673 τῷ
2304 4607 2440 4675 ναῷ,
2497 4605 2586 4658 καὶ
2644 4605 2736 4660 τὸν
2797 4608 2965 4681 χορὸν
3027 4615 3400 4683 συμπληρῶν,
3456 4611 3596 4685 μήτε
3657 4617 3747 4687 τῇ

299 4695 591 4751 monacho
652 4695 880 4768 ineptas
941 4695 1154 4768 linguae
1203 4696 1594 4754 fabulationes
1640 4701 1947 4771 attingere,

2078 4688 2275 4765 γλώσσῃ
2306 4691 2598 4767 ἀργολόγει
2654 4695 2788 4768 μετὰ
2842 4700 2938 4751 τοῦ
2989 4694 3394 4767 πλησιάζοντος
3448 4706 3739 4774 μοικαχοῦ,

297 4802 486 4857 neque
517 4784 728 4857 spiritu
762 4785 1069 4841 decurrere
1101 4786 1171 4841 ad
1203 4802 1387 4842 vanas
1419 4787 1853 4859 divagationes;
1890 4795 1949 4845 at

294 4875 560 4947 linguam
587 4876 758 4931 unice
771 4875 840 4931 ad
858 4875 1243 4947 psalmodiam
1269 4882 1575 4932 convertas
1594 4881 1649 4932 et
1670 4878 1943 4948 spiritum

294 4965 365 5021 ad
395 4966 738 5021 orationem.
771 4969 918 5021 Cum
952 4965 1135 5021 missa
1163 4965 1313 5021 facta
1347 4966 1539 5033 fuerit,
1575 4966 1645 5021 ad
1682 4968 1943 5023 mansio-

291 5069 425 5110 nem
458 5062 617 5110 luam
648 5055 853 5111 redeas
886 5059 941 5111 et
968 5072 1137 5111 vaces
1170 5055 1346 5111 rebus
1368 5056 1574 5127 regula
1606 5058 1864 5112 statutis.

358 5234 502 5290 Cum
534 5234 605 5288 ad
637 5248 901 5289 mensam
959 5234 1301 5298 accesseris.
1336 5235 1581 5289 fratrum
1636 5237 1938 5306 portiones

288 5324 408 5380 noli
455 5321 907 5394 circumspicere
940 5339 1129 5394 neque
1180 5324 1437 5378 animam
1478 5328 1635 5379 tuam
1678 5324 1936 5383 dividere

286 5416 438 5470 inter
460 5415 658 5469 minus
682 5412 962 5466 honestas
985 5412 1352 5483 suspiciones
1383 5431 1395 5481 ;
1421 5418 1512 5467 ast
1533 5431 1659 5485 quae
1680 5414 1778 5469 tibi
1803 5433 1936 5487 pro-

286 5504 474 5577 posita
505 5507 646 5557 sunt
675 5500 947 5571 aspicias,
992 5506 1049 5555 ct
1078 5506 1286 5571 tangas
1324 5503 1490 5557 Tunc
1506 5503 1590 5557 ori
1613 5508 1713 5559 tuo
1737 5505 1931 5561 cibum

282 5593 586 5660 concedas,
632 5590 874 5647 auribus
923 5593 1117 5645 autem
1168 5589 1435 5647 lectionis
1465 5592 1825 5649 auditionem
1877 5602 1935 5651 ct

350 5794 395 5828 ¹³
422 5790 571 5847 Psal.
606 5805 845 5855 xxxvm,
879 5789 929 5843 4.
1013 5790 1055 5825 ίι
1089 5787 1241 5844 Ιδειὶι.
1275 5804 1468 5858 cxvm,
1505 5791 1627 5845 103.

2061 4781 2200 4850 μήτε
2228 4785 2306 4834 τῶ
2363 4786 2442 4853 νῷ
2497 4783 2834 4857 μετεωρίζου
2895 4783 2969 4846 εἷς
3026 4785 3411 4857 ματαιότητας⁶
3474 4784 3617 4841 ἀλλά
3649 4791 3734 4861 τῇ

2059 4867 2152 4939 μὶν
2212 4868 2437 4945 γλώσσῃ
2486 4875 2554 4944 τῇ
2614 4870 2917 4946 ψαλμῳδίᾳ
2976 4874 3136 4949 μόνῃ,
3198 4881 3298 4943 τήν
3355 4873 3411 4929 δὲ
3469 4873 3730 4931 διάνοιαν

2053 4956 2350 5033 ἀσφαΛίξου
2407 4963 2475 5033 τῇ
2534 4966 2838 5037 προσευχῇ.
2901 4962 3257 5027 Ἀπολύσεως
3326 4961 3729 5039 δεγενημένης,

2050 5046 2298 5122 ἀπέρχου
2329 5050 2464 5125 πρὸς
2518 5051 2607 5103 τὸν
2643 5049 2734 5104 σὺν
2784 5053 2958 5122 οἷκον,
2992 5053 3081 5107 καὶ
3111 5052 3206 5107 τοὺ
3259 5051 3593 5117 τυοωθὲντος
3626 5074 3732 5110 σοι

2048 5135 2275 5198 κανόνος
2307 5137 2559 5212 ἐξάρχου.

2120 5225 2215 5288 Εἷς
2243 5227 2341 5295 τήν
2390 5230 2656 5303 τράπεζαν
2717 5230 2911 5299 ἀπιὼν,
2950 5233 3026 5304 μὴ
3085 5230 3404 5307 περισκόπει
3460 5232 3557 5292 τὰς
3610 5254 3727 5303 με·-

2051 5310 2199 5387 ρίδας
2255 5320 2362 5369 τῶν
2415 5314 2685 5392 ἀδεκφῶν,
2744 5316 2885 5392 μηδὲ
2956 5320 3142 5396 μέριζε
3198 5322 3297 5389 τὴν
3370 5323 3557 5395 ψυχήν
3613 5341 3728 5377 σου

2053 5404 2335 5470 ὑπονοίαις
2386 5407 2447 5461 οὐ
2504 5408 2721 5471 καλαῖς.
2781 5411 2857 5464 Τὰ
2917 5413 3294 5486 παρακείμενα
3352 5409 3417 5464 δα
3474 5408 3725 5467 ἐνώπιόν

2046 5515 2143 5546 σου
2208 5493 2461 5569 βλεποων
2521 5499 2606 5552 xui
2665 5499 2992 5571 ἁπτόμενος,
3034 5506 3112 5572 τῷ
3174 5503 3267 5572 μὲι
3326 5498 3553 5571 στόματι
3609 5500 3729 5570 τὴν

2044 5584 2277 5661 τροφὴν,
2309 5590 2377 5659 τῇ
2414 5588 2550 5661 ἀκοῇ
2614 5585 2668 5641 δὲ
2723 5590 2819 5657 τὴν
2875 5590 3127 5664 ἀκρόασιν
3174 5593 3278 5643 τῶν
3339 5588 3730 5663 ἀναγινωσκο-
