4090 6394
286 482 395 540 397

1220 471 1317 525 DE
1352 470 1807 526 ABBOONDITA
1841 470 2301 529 OPERATIONE
2341 476 2415 532 IN
2458 480 2787 536 CHRISTO.

3610 484 3716 539 398

296 606 608 683 μένων,τῇ
667 599 727 657 δὲ
780 602 936 674 ψυχῇ
992 598 1105 683 τὴν,
1148 596 1464 672 προσευχὴν
1499 591 1675 663 δίδου,
1698 593 1793 649 ’ίνα
1847 594 1953 649 σώ-

2070 598 2277 655 animae
2308 605 2633 662 orationem
2658 625 2673 675 ;
2705 607 2788 663 ita
2818 623 3059 680 corpore
3090 611 3147 664 et
3176 608 3387 681 spiritu
3417 609 3715 681 reﬁciaris,

291 682 423 772 ματι
483 693 577 749 καὶ
624 690 894 764 πνεύματι
939 682 1296 764 τρεφόμενος,
1346 683 1677 759 ὁλοκλήρως
1719 683 1955 759 ἐξυμνῇς

286 790 384 844 τὸν
436 781 809 858 ἐμπιπλῶντα
887 778 939 833 ἐν
1022 777 1251 851 ἀγαθοῖς
1306 775 1407 843 τὴν
1486 772 1772 847 ἐπιθυμίαν
1833 795 1949 829 σου,

285 877 531 936 Ἐκεῖθεν
559 871 813 938 ἀναστὰς,
849 866 985 941 μετά
1014 864 1349 939 σεμνότητος
1378 864 1469 918 καὶ
1508 870 1667 937 σιγῆς
1700 864 1953 939 εἰσέρχου

291 968 371 1029 εἰς
398 966 464 1021 τὸ
488 960 716 1019 κελλίον
748 980 870 1027 σου,
889 956 980 1011 καὶ
1004 957 1079 1018 ὡς
1103 952 1367 1030 φιλεργὸς
1404 952 1633 1027 μέλισσα
1663 952 1951 1031 φιλοπόνει

288 1058 391 1118 τὰς
421 1053 637 1132 ἀρετάς.
932 1060 937 1069 ’

363 1184 534 1239 ’Όταν
596 1175 762 1250 ἀνύῃς
821 1168 1095 1228 διακονίαν
1178 1170 1314 1243 μετά
1379 1172 1485 1223 τῶν
1564 1165 1837 1244 ἀδελφῶν,
1898 1170 1953 1222 αἱ

298 1278 479 1349 χεῖρες
528 1265 955 1341 ἐργαζέσθωσαν,
986 1259 1265 1349 σιωπάτω,
1294 1259 1360 1312 τὰ
1402 1256 1782 1349 χείλημιαὶᾼὸ
1825 1261 1950 1349 νοῦς

294 1338 692 1437 μνημονευέτω
722 1357 861 1409 Θεοῦ
898 1371 911 1384 ·
944 1350 1033 1406 καὶ
1066 1348 1275 1405 εἴποτέ
1302 1369 1385 1410 τις
1428 1346 1680 1437 κινηθείη
1714 1345 1949 1422 ἀργολο-

288 1436 431 1528 γεῖν,
481 1447 559 1510 εἲς
614 1443 882 1512 διακοπὴν
936 1448 1038 1511 τῆς
1110 1437 1353 1509 ἀταξίας,
1405 1436 1751 1513 ἐγειρόμενος
1804 1438 1950 1491 ποίει

298 1543 610 1616 μετάνοιαν.
660 1531 976 1610 Λογισμοὺς
1027 1529 1361 1603 ἀποτρέπου,
1404 1528 1495 1583 καὶ
1548 1528 1629 1600 μὴ
1682 1528 1953 1602 παραχώ-

289 1654 373 1707 ρει
404 1628 641 1689 τούτους
674 1623 981 1700 διατρέχειν
1008 1621 1109 1690 τήν
1142 1616 1393 1695 καρδίαν,
1424 1619 1514 1673 καὶ
1558 1617 1898 1694 ἐγχρονίζειν
1934 1637 1946 1651 ·

291 1724 320 1779 ὁ
382 1718 690 1797 χρονισμὸς
746 1716 848 1791 γὰρ
916 1716 1023 1767 τῶν
1084 1710 1342 1783 ἐμπαθῶν
1400 1708 1679 1784 λογισμῶν
1737 1707 1954 1797 τάρμξν

289 1793 443 1879 πάθη
477 1809 760 1878 ζωογονεῖ,
789 1805 883 1859 τὸν
914 1799 973 1857 δὲ
998 1805 1123 1857 νοῦν
1175 1805 1394 1865 θανατοῖ
1428 1819 1440 1833 °
1474 1800 1620 1855 ἀλλά
1665 1793 1953 1875 προσϐάλ-

293 1913 496 1955 Αοντας
556 1889 753 1952 αὑτοὺς
810 1885 1001 1943 αὐτίκα
1058 1884 1119 1941 ἐκ
1172 1884 1512 1963 πρωτονοίας
1585 1884 1806 1960 ἐπείγου
1876 1886 1954 1954 τῷ

2061 696 2237 763 atque
2257 711 2325 749 ex
2355 696 2497 751 totis
2516 696 2746 753 viribus
2769 697 2890 753 tuis
2918 698 3001 752 illi
3023 698 3245 770 gratias
3277 699 3582 771 rependes,
3608 700 3713 771 qui

2060 782 2418 838 desiderium
2448 788 2615 839 tuum
2648 786 3071 857 adimpleverit.
3103 788 3161 842 Si
3197 804 3401 843 mensa
3443 788 3715 845 decesse-

2060 871 2161 939 ris,
2196 888 2325 926 cum
2359 874 2643 929 modestia
2690 879 2746 930 et
2775 874 3009 931 silentio
3041 877 3112 931 ad
3154 876 3363 933 cellam
3412 878 3620 933 redeas
3653 881 3713 933 et

2060 962 2130 1015 ad
2156 962 2523 1032 operantium
2550 964 2748 1034 apium
2772 965 3088 1037 exemplar,
3115 983 3249 1021 cum
3275 983 3503 1023 amores
3518 968 3712 1033 instes

2059 1052 2397 1107 virtutibus.

2131 1176 2275 1230 Cum
2328 1176 2725 1233 ministerium
2771 1179 2877 1233 tibi
2927 1197 3044 1235 una
3093 1197 3227 1235 cum
3280 1181 3558 1237 fratribus
3609 1183 3711 1238 ad-

2060 1264 2425 1337 implendum
2484 1271 2592 1333 est,
2654 1267 2797 1321 dum
2864 1284 3073 1323 manus
3133 1274 3472 1342 cperantur,
3534 1270 3712 1327 sileas

2060 1354 2231 1410 labiis
2264 1366 2321 1410 et
2352 1356 2524 1410 corde
2555 1357 2764 1411 tendas
2794 1358 2866 1417 ad
2899 1358 3083 1412 Deum
3110 1377 3124 1425 ;
3158 1359 3207 1413 si
3240 1358 3372 1429 quis
3404 1360 3475 1414 ad
3508 1362 3711 1416 confa-

2058 1443 2419 1499 bulationem
2446 1448 2768 1501 moveatur.
2797 1444 2958 1500 illam
2982 1446 3153 1507 tollas
3194 1448 3712 1516 inordinationem,

2060 1550 2128 1588 eo
2176 1534 2325 1603 quod
2377 1549 2658 1603 assurgas
2711 1538 2768 1588 et
2819 1535 2997 1590 facias
3046 1536 3466 1606 paenitentiam.
3524 1538 3712 1593 Vanas

2060 1622 2276 1678 mentis
2295 1622 2740 1693 disquisitiones
2754 1628 2985 1680 avertas
2998 1629 3053 1679 et
3069 1625 3413 1697 neutiquam
3429 1628 3713 1683 concedas

2060 1716 2123 1766 ut
2152 1729 2252 1767 cor
2283 1716 2449 1766 tuum
2496 1712 2805 1767 incurrant
2830 1717 2887 1767 et
2917 1714 2975 1768 in
3002 1730 3068 1769 eo
3122 1719 3505 1783 remaneant;
3536 1715 3586 1772 si
3636 1718 3707 1772 ad

2058 1805 2295 1873 tempus
2326 1801 2676 1855 diuturnum
2708 1803 3159 1873 permanserint,
3180 1808 3463 1875 generant
3494 1806 3714 1877 passio-

2061 1908 2164 1946 nes
2195 1894 2253 1945 et
2280 1889 2557 1944 occidunt
2587 1890 2868 1946 animam.
2903 1892 3109 1962 Itaque
3157 1908 3292 1947 cum
3324 1894 3710 1966 appulsantes

291 1984 450 2064 βέλει
525 1988 627 2051 τῆς
703 1984 1016 2064 προσευχῆς
1080 1976 1368 2064 ἀναιρεῖν.-
1404 1974 1466 2064 Ei
1528 1971 1584 2029 δὶ
1640 1973 1947 2064 ἐπιμένοιεν

2065 1979 2337 2046 senseris,
2373 1979 2570 2033 statim
2604 1979 2887 2034 orationis
2932 1981 3146 2050 sagitta
3191 1982 3515 2038 confodias.
3549 1984 3606 2039 Si
3639 1985 3712 2041 de

287 2058 608 2151 κρούοντες,
662 2065 753 2120 καὶ
813 2063 1137 2140 συγχέοντες
1190 2064 1290 2131 τήν
1347 2058 1613 2127 διάνοιαν,
1670 2060 1757 2114 καὶ
1819 2058 1952 2112 ποτὶ

294 2147 399 2238 μὶν
429 2160 883 2234 ὑποχωροῦντες,
912 2155 1047 2209 ποτὶ
1078 2150 1135 2207 δὲ
1166 2152 1554 2226 ἐπερχόμενοι,
1580 2149 1692 2214 ’ίσθι
1754 2149 1835 2205 ὅτι
1892 2147 1952 2203 ἐκ

289 2236 676 2326 προλαϐόντος
708 2240 1020 2312 θελήματός
1047 2240 1180 2294 εἰσιν
1222 2236 1611 2315 ὠχυρωμένοι.
1648 2238 1745 2291 Διά
1788 2240 1969 2291 τοῦτο-

292 2341 482 2398 δίκαια
529 2336 751 2414 ἔχοντες
812 2334 887 2395 εἷς
944 2333 1043 2401 τὴν
1104 2332 1289 2406 ψυχὴν
1343 2329 1431 2385 διὰ
1474 2332 1573 2400 τὴν
1629 2333 1793 2399 ἧτταν
1850 2336 1949 2398 τῆς

290 2430 695 2507 προαιρέσεως,
724 2422 1047 2499 ταράττουσι
1087 2421 1178 2475 καὶ
1228 2418 1543 2495 ἐνοχλοῦσι.
1580 2425 1670 2474 Δεῖ
1712 2418 1803 2474 οῦν
1857 2420 1952 2473 αὑ-

287 2504 421 2584 τοὺς
468 2515 810 2588 στηλιτιύειν
858 2510 947 2566 διὰ
988 2518 1089 2580 τῆς
1141 2509 1541 2584 ἐξαγορεύσεως
1575 2529 1588 2542 ο
1624 2504 1952 2584 θριαμϐευό-

292 2630 452 2685 μενοι
513 2606 618 2683 γὰρ
675 2605 730 2661 οἱ
777 2601 1011 2677 πονηροὶ
1074 2600 1359 2675 λογισμοὶ,
1420 2597 1830 2677 φυγαδεύονται.
1865 2599 1952 2659 Ὦς

286 2684 391 2776 γὰρ
427 2696 612 2775 φωτὸς
641 2694 931 2772 φαίνοντος
961 2689 1023 2745 τὸ
1075 2688 1266 2750 σκότος
1330 2689 1635 2763 ὑποχωρεῖ,
1664 2685 1807 2742 οὕτω
1862 2684 1954 2741 καὶ

288 2789 356 2845 τὸ
390 2791 508 2867 φῶς
532 2792 634 2855 τῆς
666 2780 940 2859 ἐξαγορίας
997 2778 1235 2848 ἀφανίζει
1292 2778 1421 2840 τοὺς
1482 2775 1787 2867 λογισμοὺς
1845 2781 1955 2867 τῶν

292 2859 506 2939 παθῶν,
541 2868 737 2931 σκότος
794 2868 884 2922 καὶ
966 2865 1163 2926 αὐτοὺς
1241 2861 1707 2941 χρηματίζοντας,
1766 2859 1954 2931 ἐπειδὴ

292 2968 331 3033 ἡ
361 2959 673 3032 κενοδοξία,
701 2958 793 3013 καὶ
851 2957 886 3027 ἡ
945 2956 1143 3024 ἄνεσις,
1175 2953 1238 3017 ’ἀς
1297 2954 1448 3029 εἶχον
1495 2954 1662 3008 τόπον
1716 2953 1767 3007 ol.
1801 2953 1955 3027 λογι-

303 3055 459 3127 σμοὶ,
495 3048 909 3127 κατετράφησαν
972 3044 1065 3105 διὰ
1116 3053 1217 3117 τῆς
1274 3046 1411 3101 κατά
1463 3048 1561 3113 τὴν
1621 3044 1954 3122 ἐξαγόρευσιν

304 3143 596 3220 αῗσχύνης,
656 3140 747 3196 καὶ
832 3142 931 3204 τῆς
994 3137 1133 3195 κατά
1185 3138 1277 3192 τὸν
1321 3136 1522 3191 κανόνα
1576 3136 1956 3200 κακοπαθείας.

300 3240 452 3301 Ὅθεν
497 3235 590 3289 καὶ
655 3233 756 3302 τήν
818 3227 1060 3284 διάνοιαν
1120 3228 1457 3306 εὑρίσκοντες
1504 3226 1786 3302 ἐλευθέραν
1845 3224 1956 3297 ἤδη

2059 2071 2299 2152 incursu
2323 2070 2628 2125 deflectere
2668 2069 2965 2125 noluerint
2985 2074 3043 2125 et
3069 2071 3405 2127 obsederint
3425 2073 3709 2143 animam,

2059 2166 2180 2215 tum
2216 2159 2349 2215 illos
2380 2177 2449 2215 ex
2478 2158 2800 2214 voluntatis
2843 2159 3222 2215 inclinatione
3251 2163 3715 2219 corroborandos

2061 2267 2189 2305 esse
2217 2249 2544 2305 resciveris.
2578 2249 2838 2312 Quadam
2895 2250 3035 2304 toni
3065 2252 3276 2321 Lspecie
3325 2252 3594 2324 allegata,
3624 2253 3714 2309 in-

2060 2340 2283 2395 vadunt
2340 2338 2595 2394 animam
2675 2355 2805 2408 quae
2861 2339 2931 2393 ab
3009 2338 3239 2412 incepto
3308 2341 3713 2410 declinaverit,

2060 2446 2309 2499 eamque
2345 2429 2686 2500 perturbant
2721 2436 2777 2482 et
2822 2428 3148 2499 implicant.
3182 2431 3575 2487 Confessionis
3609 2433 3712 2487 sti-

2061 2524 2262 2589 gmata
2283 2517 2710 2572 oii‘useantibus
2734 2517 2934 2571 inuras
2960 2518 3444 2589 cogitationibus,
3470 2525 3526 2575 et
3552 2521 3713 2577 malae

2060 2608 2217 2663 illico
2248 2606 2564 2677 autugiunt
2588 2604 2805 2659 bestiae.
2844 2611 2991 2661 Luce
3038 2607 3281 2673 oriente,
3313 2609 3595 2664 recedunt
3625 2615 3712 2666 te«

2062 2700 2252 2755 nebrze
2280 2724 2293 2766 ;
2326 2699 2407 2752 ita
2439 2696 2825 2752 confeseionis
2854 2696 3050 2752 lumen
3085 2697 3340 2770 dissipat
3371 2699 3711 2769 passionum

2063 2790 2345 2861 caligines
2376 2792 2431 2843 et
2461 2786 2873 2843 obnubilantes
2922 2788 3181 2842 umbras.
3215 2788 3385 2843 Vana:
3429 2789 3625 2861 glorias
3659 2795 3716 2846 et

2062 2879 2426 2953 fatigationis
2457 2877 2705 2949 speciem
2739 2876 2957 2931 habent
2979 2876 3142 2931 malae
3175 2878 3597 2950 cogitationes;
3623 2885 3716 2936 ast

2062 2967 2451 3026 confessionis
2473 2967 2807 3021 humilitate
2826 2970 2882 3019 et
2898 2965 3084 3037 pmnis
3102 2966 3313 3038 regula:
3332 2967 3717 3039 diﬂ‘ugantur.

2065 3060 2454 3126 Etenim,cum
2476 3057 2548 3111 ad
2574 3060 2831 3111 mentem
2856 3071 2986 3126 qua:
3010 3056 3385 3127 passionibus
3404 3057 3589 3113 libera
3609 3064 3718 3116 est.

2064 3150 2353 3206 accedunt
2385 3145 2553 3201 malae
2577 3144 2799 3213 bestiae,
2820 3144 3017 3199 statim
3043 3149 3210 3215 terga
3232 3151 3466 3201 vertunt
3490 3154 3725 3219 propter

2066 3241 2409 3297 continuam
2429 3234 2711 3291 orationis
2730 3235 3159 3290 defensionem.
3180 3236 3288 3299 Qui
3312 3238 3724 3307 perturbantes

291 3332 401 3384 τῶν
464 3327 653 3388 παθῶν
708 3320 1080 3399 γεγενημένην
1140 3324 1209 3392 τῇ
1287 3323 1506 3394 συνεχεῖ
1572 3318 1660 3372 καὶ
1728 3317 1955 3373 εὐκατα-

2072 3328 2458 3402 cogitationes
2489 3324 2756 3381 excidere
2789 3324 3038 3396 cupierit
3070 3328 3377 3396 pugnator,
3407 3325 3479 3379 ad
3512 3326 3724 3382 oratio-

286 3415 472 3488 νύκτῳ
558 3412 882 3487 προσευχῇ,
971 3408 1086 3482 μετ’
1158 3406 1423 3483 αἰσχύνης
1510 3403 1949 3480 δραπετεύουσιν.

286 3506 420 3561 Ὅτε
448 3502 554 3577 γὰρ
586 3504 838 3572 πειρᾶται
871 3497 898 3551 ὁ
933 3498 1234 3573 ἀγωνιστὴς
1284 3498 1499 3572 τέμνειν
1546 3501 1615 3569 τῇ
1664 3500 1949 3573 προπυχῇ

284 3596 416 3661 τοὺς
444 3597 812 3670 ταράττοντας
856 3588 1017 3645 αὐτὸν
1071 3587 1398 3665 λογισμούς,
1427 3592 1612 3662 τέμνει
1676 3591 1769 3663 μὶν
1817 3590 1955 3663 πρὸς

290 3682 477 3760 βραχὺ
509 3681 601 3736 xui
631 3679 796 3756 ε’ἱργει
827 3681 925 3749 τήν
978 3677 1276 3735 πολύνοιαν
1339 3678 1537 3747 αὐτῶν,
1569 3678 1642 3740 ὡς
1702 3675 1953 3732 παλαίων

286 3772 380 3827 καὶ
415 3768 838 3844 ἁμιλλώμενος,
873 3767 935 3822 οὑ
992 3767 1285 3843 λυτροῦται
1344 3763 1403 3821 δὲ
1434 3766 1511 3828 εἲς
1542 3768 1680 3821 ἅπαν
1714 3787 1725 3798 ν
1763 3761 1950 3833 ἐπειδή

290 3863 390 3923 τὰς
440 3858 617 3922 αἲτίας
663 3862 772 3913 τῶν
824 3855 1205 3934 ἐνοχλούντων
1251 3854 1535 3930 λογισμῶν
1587 3856 1819 3929 στέργει,
1850 3854 1953 3921 τήν

292 3950 596 4007 ἀνάπαυσιν
626 3951 727 4017 τῆς
760 3948 977 4022 σαρκὸς,
1010 3947 1097 4001 καὶ
1145 3948 1244 4016 τὴν
1293 3946 1565 4018 κοσμικὴν
1608 3944 1952 4023 φιλοτιμίαν,

293 4042 365 4096 δι’
427 4039 491 4103 ’ἀς
546 4037 636 4093 καὶ
721 4038 861 4112 πρὸς
946 4036 1289 4111 ἐξαγόρευσιν
1351 4035 1531 4106 ὁρμὴν
1580 4034 1643 4090 ού
1694 4041 1954 4109 ποιεῖται,

292 4132 454 4188 Ὅθεν
486 4128 578 4181 καὶ
611 4126 836 4204 εἰρήνην
884 4125 984 4180 οὑκ
1029 4122 1166 4201 ἄγει,
1202 4122 1343 4179 διότι
1389 4125 1456 4179 τά
1502 4128 1610 4179 τῶν
1670 4124 1953 4199 πολεμίων

285 4219 515 4293 κατέχει
576 4213 778 4272 δίκαια.
837 4214 936 4276 Τίς
992 4212 1049 4269 δὲ
1098 4216 1348 4289 κατέχων
1411 4212 1681 4287 ἀλλότρια
1766 4214 1955 4285 σκεύη.

292 4310 400 4365 οὑκ
454 4308 762 4362 ἀπαιτεῖται
814 4309 981 4360 ταῦτα
1037 4304 1186 4380 παρά
1239 4308 1347 4358 τῶν
1403 4302 1685 4379 ἐχόντωνς
1742 4304 1841 4366 Τίς
1900 4302 1957 4359 δὲ

294 4396 722 4469 ἀπαιτούμενος,
782 4396 870 4450 καὶ
936 4395 1012 4467 μὴ
1065 4391 1323 4449 ἀπολύων
1380 4392 1413 4447 ἆ
1465 4394 1686 4469 κατέχει
1755 4399 1955 4464 κακῶς,

296 4489 601 4563 λυτροῦται
631 4485 737 4540 ἀπὸ
766 4489 873 4539 νῶν
906 4481 1191 4539 ἀντιδίκων
1225 4482 1428 4553 αύτοῦ;
1460 4485 1589 4539 ’Ὁτε
1637 4481 1694 4537 δὲ
1742 4485 1769 4538 ὁ
1816 4485 1957 4560 ἀγω-

289 4579 588 4650 νιζόμενος
646 4579 715 4648 τῇ
762 4578 860 4629 τοῦ
909 4578 1043 4630 Θεοῦ
1078 4574 1270 4647 μνήμῃ
1303 4569 1547 4637 δυνηθεὶς
1595 4574 1695 4640 τήν
1749 4570 1960 4643 ἐξουδέ-

288 4687 462 4721 νωσιν
556 4663 827 4739 ἀγαπήσει
912 4662 1003 4716 καὶ
1088 4662 1189 4730 τὴν
1270 4662 1507 4715 κάκωσιν
1582 4664 1679 4729 τῆς
1737 4662 1958 4736 σαρκὸς,

290 4755 385 4807 καὶ
470 4754 574 4822 τήν
660 4750 1002 4828 ἐξαγόρευσιν
1072 4755 1180 4805 τῶν
1250 4749 1535 4826 λογισμῶν
1595 4750 1958 4825 ἀνεπαισχύν-

290 4863 407 4905 τως
496 4844 742 4912 ποιήσει,
799 4839 994 4896 αὐτίκα
1081 4841 1133 4895 οἱ
1216 4841 1310 4913 μὲν
1397 4836 1661 4912 πολέμιοι
1740 4840 1957 4915 ἀναχω-

291 4936 514 5007 ροῦσιν,
576 4933 611 5001 ἡ
683 4929 741 4986 δὲ
817 4928 1029 4985 διάνοια
1106 4928 1365 5004 ἐλευθέρα
1444 4930 1809 5004 τυγχάνουσα,
1858 4931 1956 4998 τὴν

291 5022 591 5095 συνέχειαν
671 5023 771 5086 τῆς
855 5024 1197 5095 προσευχῆς,
1255 5017 1345 5072 καὶ
1428 5017 1527 5085 τὴν
1604 5021 1712 5072 τῶν
1800 5017 1957 5081 θείων

294 5110 542 5183 μελέτην
577 5106 873 5165 ἀδιάκοπον
913 5108 1052 5185 ἔχει.
1091 5110 1270 5165 ΙΙᾶσαν
1328 5105 1581 5162 ὑπόνοιαν
1631 5108 1959 5180 κινουμένην

292 5200 350 5254 ἐν
400 5202 473 5272 τῇ
534 5197 731 5273 καρδίᾳ
796 5197 932 5252 κατά
987 5218 1132 5261 τινος
1198 5200 1465 5271 παραιτοῦ
1522 5196 1827 5267 παντελῶς,
1886 5197 1962 5259 ὡς

292 5287 681 5343 κατα).ύουσαν
716 5288 933 5363 ἀγάπην
993 5289 1080 5343 καὶ
1134 5286 1588 5361 εἰρήνην.Πᾶσαν
1642 5284 1699 5341 δὲ
1752 5308 1963 5364 συμφο-

296 5378 396 5449 ρὰν
464 5372 658 5445 ἔξωθεν
719 5375 1100 5451 ἐπερχομένην
1178 5373 1435 5450 γενναίως
1504 5373 1832 5451 καταδέχου,
1891 5377 1965 5439 ὡς

290 5468 395 5536 τήν
430 5468 708 5539 σωτήριον
756 5468 1042 5539 ὑπομονὴν
1090 5467 1450 5542 προξενοῦσαν
1478 5484 1489 5495 ·
1528 5466 1833 5537 ὑπομονὴν,
1864 5468 1961 5536 τὴν

298 5557 482 5629 μονὴν
514 5555 608 5610 καὶ
638 5553 936 5609 ἀιίπαυσιν
989 5554 1359 5630 χαριζομένην
1420 5552 1473 5606 ἐν
1520 5559 1639 5615 τοῖς
1693 5555 1963 5631 οὐρανοῖς,

296 5645 465 5701 Οῧτω
496 5646 595 5707 τὰς
627 5646 803 5718 ήμέρς
835 5642 1035 5709 ἀνύων,
1067 5642 1121 5698 ἐν
1157 5644 1252 5715 μὲν
1282 5645 1351 5716 τῇ
1396 5643 1642 5717 παρούσῃ
1697 5649 1809 5714 ζωῆ
1854 5648 1968 5719 μετ’

288 5734 560 5807 εὐθυμίας
595 5737 817 5811 βῦσεις,
849 5737 968 5794 ταῖς
1024 5729 1314 5807 μακαρίαις
1378 5730 1609 5787 ἐλπίσιν
1672 5735 1965 5812 εὐφραινό-

290 5846 457 5898 μενος
489 5843 505 5861 ’
537 5824 593 5883 ἐν
654 5823 712 5881 δὶ
784 5827 855 5899 τῇ
905 5818 1073 5897 ἐξόδῳ
1128 5822 1263 5896 μετὰ
1302 5821 1606 5900 παρρησίας
1659 5830 1968 5902 μεταστήση

2062 3436 2196 3475 nem
2230 3414 2516 3486 confugit,
2550 3418 2606 3469 et
2638 3430 2814 3484 quam
2861 3413 3149 3469 citissime
3202 3412 3350 3468 lalas
3381 3414 3637 3469 concidit
3666 3420 3725 3471 et

2060 3508 2313 3565 maxime
2343 3507 2648 3568 versutus;
2687 3507 2942 3557 attamen
2968 3503 3025 3556 in
3051 3519 3236 3572 agone
3268 3518 3375 3559 nec
3406 3504 3557 3559 ferro
3588 3521 3721 3575 par-

2059 3602 2152 3656 cat
2168 3613 2272 3652 nec
2285 3591 2619 3651 remissioni
2636 3591 2961 3662 indulgeat;
2978 3592 3193 3647 etenim
3209 3592 3258 3648 si
3276 3592 3714 3665 insurgentium

2061 3685 2481 3758 cogitationum
2507 3684 2702 3753 partes
2721 3680 3544 3752 susceperit,videlicetcarnis
3567 3684 3715 3739 ami-

2061 3775 2258 3831 citiam
2291 3778 2349 3827 et
2380 3771 2586 3826 mundi
2617 3772 2990 3837 amorem,ad
3019 3770 3270 3825 nihilum
3295 3772 3576 3843 proﬁciet.
3604 3772 3721 3828 Nec

2062 3862 2361 3920 victoriam
2396 3877 2583 3931 neque
2616 3877 2818 3931 pacem
2858 3861 3201 3931 reportabit,
3235 3863 3392 3931 quod
3444 3863 3721 3919 defendat

2063 3953 2323 4009 hostium
2367 3967 2597 4006 causas.
2624 3950 2681 4003 Si
2710 3949 2843 4021 quis
2877 3948 3067 4003 aliena
3102 3950 3386 4020 possidet,
3420 3968 3613 4007 nonne
3644 3953 3716 4008 ad

2064 4041 2495 4098 restitutionem
2528 4039 2797 4093 tenetur?
2818 4043 2893 4092 At
2926 4038 2976 4092 si
3008 4056 3116 4093 sua
3148 4039 3425 4094 reclamet
3445 4040 3721 4097 dominus

2065 4137 2122 4187 et
2152 4149 2184 4185 a
2215 4133 2515 4185 detentore
2548 4128 2771 4198 injusto
2792 4144 2905 4181 non
2931 4127 3211 4192 obtineat,
3240 4129 3526 4199 numquid
3552 4128 3719 4184 illum

2067 4220 2138 4275 ab
2158 4218 2516 4293 obligatione
2539 4216 2859 4272 liberabit?
2880 4217 2985 4279 Qui
3013 4232 3241 4288 pugnas
3260 4216 3487 4271 divinas
3513 4218 3721 4273 adierit

2067 4309 2127 4367 in
2160 4313 2354 4363 mente
2407 4323 2533 4375 sua,
2579 4308 2739 4360 amat
2787 4304 3019 4375 nesciri,
3055 4322 3155 4375 pro
3206 4304 3390 4359 nihilo
3438 4307 3719 4375 reputari,

2068 4414 2305 4454 carnem
2341 4396 2693 4451 mortiﬁcare
2725 4400 2783 4449 et
2812 4411 2991 4448 vanas
3040 4395 3423 4463 cogitationes
3454 4395 3722 4451 conﬁteri

2068 4488 2291 4558 absque
2339 4484 2725 4545 verecundia:
2760 4484 2843 4539 sic
2896 4484 3177 4539 recedunt
3222 4483 3471 4551 inimici,
3522 4485 3723 4541 anima

2069 4576 2352 4631 liberatur
2382 4579 2439 4629 et
2468 4574 2593 4644 ipse
2624 4573 2963 4628 continuam
2990 4574 3366 4644 prosequitur
3396 4573 3721 4629 orationem

2069 4669 2243 4736 atque
2284 4680 2479 4719 rerum
2526 4663 2861 4717 divinarum
2918 4661 3357 4717 meditationem
3394 4662 3722 4718 assiduam.

2067 4755 2311 4810 Omnem
2331 4753 2390 4807 in
2407 4753 2578 4807 corde
2592 4757 2929 4823 surgentem
2946 4750 3403 4821 suspicationern
3419 4768 3595 4822 quam
3615 4752 3727 4823 pri-

2068 4860 2232 4897 mum
2255 4841 2548 4913 expsllas;
2585 4840 2902 4913 perfrangit
2932 4839 3088 4895 enim
3138 4856 3401 4894 amorem
3433 4846 3492 4894 et
3522 4857 3723 4911 pacem

2068 4948 2201 4987 cum
2236 4931 2508 5002 priximo.
2530 4931 2718 4985 Omne
2749 4929 2967 4984 malum
3004 4929 3075 4983 ab
3098 4927 3513 4983 extraillatum
3543 4929 3728 4984 virili-

2068 5023 2156 5075 ter
2188 5019 2480 5091 suscipias
2514 5036 2526 5073 :
2574 5018 2893 5073 salutarem
2936 5017 3043 5071 tibi
3098 5017 3325 5072 inducit
3358 5018 3725 5089 patientiam,

2068 5126 2168 5180 per
2200 5108 2538 5181 patientiam
2568 5124 2701 5162 vero
2733 5106 2837 5161 tibi
2872 5106 2929 5160 in
2971 5104 3131 5160 ccelis
3162 5106 3371 5161 tribuit
3416 5106 3692 5164 babitacu
3719 5138 3727 5145 -

2070 5199 2194 5253 lum
2226 5201 2283 5253 et
2325 5198 2813 5253 sublevationem.
2847 5195 2942 5250 Sic
2988 5195 3256 5266 perﬁcias
3305 5196 3431 5251 dies
3480 5202 3632 5266 tuos,
3666 5199 3728 5253 in

2071 5288 2188 5341 vita
2203 5287 2473 5358 praesenti
2501 5303 2784 5357 magnum
2806 5284 3022 5339 habeas
3042 5284 3309 5340 animum
3334 5290 3392 5341 et
3411 5287 3482 5341 de
3515 5288 3730 5344 futuris

2073 5378 2466 5447 congaudeas.
2525 5381 2667 5429 Cum
2729 5380 2926 5430 autem
2984 5390 3053 5428 ex
3103 5375 3575 5447 peregrinatione
3628 5382 3733 5432 tua

2075 5467 2339 5532 redieris,
2387 5468 2752 5521 confidenter
2800 5466 3069 5521 aditurus
3102 5466 3185 5521 sis
3238 5466 3367 5523 loca
3415 5468 3732 5540 refrigerii,

2077 5573 2204 5628 qua:
2234 5556 2342 5611 tibi
2375 5555 2707 5611 advenienti
2740 5557 2969 5627 paravit
2999 5555 3287 5612 Dominus
3332 5560 3389 5611 et
3418 5556 3475 5611 in
3514 5573 3736 5613 merce-

2079 5649 2211 5704 dem
2241 5648 2511 5703 laborum
2544 5648 2636 5705 bis
2667 5653 3077 5720 susceptorum
3102 5647 3403 5703 retribuet.
3438 5649 3734 5721 Regnabis

2078 5756 2213 5795 cum
2245 5738 2369 5807 illo,
2400 5739 2494 5794 cui
2524 5739 2719 5795 omnis
2741 5737 3009 5794 convenit
3029 5736 3236 5809 gloria,
3266 5737 3451 5793 honos
3506 5742 3562 5794 et
3587 5739 3733 5795 ado-

2084 5828 2252 5897 ratio,
2289 5845 2418 5884 una:
2440 5845 2575 5887 cum
2606 5834 2777 5886 Patre
2799 5828 2926 5885 sine
2945 5826 3253 5899 principio,
3286 5842 3419 5883 cum
3453 5831 3654 5884 sancto
3676 5831 3733 5884 et
