4090 6468
355 497 462 552 399
1487 489 1889 546 THEOLEPTI
1930 487 2650 543 PHILADBLPHIENSIB.
3675 488 3784 545 400

356 624 688 681 vivificante
730 621 976 694 Spiritu,
1027 635 1185 675 nunc
1231 623 1288 674 et
1334 633 1569 689 semper
1597 619 1655 670 et
1698 614 1757 668 in
1802 613 1970 668 secul

2168 613 2231 665 ῶν
2262 607 2388 678 ὦδε,
2421 610 2511 665 καὶ
2570 609 2646 674 εἷς
2701 610 2831 675 τοὺς
2887 611 3092 677 τόπους
3147 621 3250 685 τῆς
3287 612 3660 685 ἀναπαύσεως,
3690 614 3783 679 οὓς

358 713 733 770 saeculorum.
771 717 977 766 Amen.

2164 700 2460 772 τοιμάσατό
2511 721 2594 754 σοι
2643 700 2847 778 Κύριος
2907 702 3206 778 ἀπελεύσῃ,
3242 704 3472 778 μισθοὺς
3529 710 3636 760 τῶν
3697 705 3779 760 ἐν·

350 813 522 864 ταυθα
553 799 731 854 πόνων
767 795 1077 858 ἀντιδιδούς
1108 817 1214 864 σοι,
1250 791 1631 868 συμασιλεῦειν
1668 791 1814 862 αὐτῷ
1847 810 1858 821 ·
1894 789 1940 862 ᾧ
1972 789 2168 865 πρέπει
2198 789 2343 844 πάσα
2391 787 2540 858 δόξα,
2572 792 2710 863 τιμὴ
2743 792 2833 846 καὶ
2865 793 3262 866 προσκύνησις,
3296 794 3410 867 ἅμα
3446 798 3527 866 τῷ
3557 794 3783 870 ἀνάρχῳ

363 890 528 945 αὐτοῦ
563 889 753 962 Πατρὶ,
782 889 870 941 καὶ
902 891 981 959 τῷ
1005 886 1276 961 παναγίῳ,
1309 883 1399 938 καὶ
1432 884 1640 957 ἀγαθῷ,
1670 881 1759 935 καὶ
1795 882 2054 951 ζωοποιῷ
2085 878 2248 933 αὐτοῦ
2280 877 2554 952 ΙΙνεύματι
2590 899 2602 911 ·
2636 884 2748 952 νῦν,
2779 881 2869 936 καὶ
2901 881 3005 951 ἀεὶ,
3034 883 3124 938 καὶ
3158 883 3234 948 εἷς
3260 883 3388 948 τοὺς
3417 883 3619 949 αἰῶνας
3671 889 3779 940 τῶν

364 979 599 1035 αἰώνων.
630 979 836 1050 Ἀμήν.

369 1128 3784 1156 ———————-————-——————-——————-———_

904 1278 1135 1407 ΤΟ
1167 1281 1254 1404 Υ
1371 1274 1954 1405 ΑΥΤΟΥ
2085 1274 3234 1408 ΘΕΟΛΗΠΤΟΥ.

1367 1625 1946 1719 EJ'USDEM
2015 1625 2772 1723 THEOLEPTI.

442 1955 489 2008 1.
532 1950 808 2022 Spiritus,
842 1951 944 2023 qui
992 1950 1282 2008 exteriora
1328 1949 1479 2022 fugit
1527 1953 1584 2003 et
1613 1949 1683 2004 ad
1739 1947 2057 2014 interiora:

2205 1949 2269 2007 α’.
2303 1950 2362 2006 Ὀ
2411 1954 2533 2012 νοῦς
2592 1949 2801 2027 φεύγων
2852 1952 2920 2006 τὰ
2969 1947 3091 2022 ἔξω,
3124 1951 3215 2006 καὶ
3277 1950 3647 2028 συναγόμενος
3705 1950 3773 2008 ἐπ

365 2057 428 2098 se
457 2043 760 2110 convertit,
787 2042 858 2096 ad
885 2042 1145 2112 seipsum
1168 2040 1357 2096 reddit
1382 2058 1394 2106 ;
1421 2038 1632 2094 deinde
1655 2038 1724 2093 ad
1754 2039 1980 2093 verbun

2175 2036 2194 2091 ὶ
2242 2036 2413 2108 ἔνδον,
2441 2041 2576 2116 πρὸς
2628 2041 2812 2095 ἑαυτὸν
2849 2039 3167 2116 ἐπανάγεται
3207 2059 3218 2072 ⁸
3255 2041 3428 2096 εἷ’τουν
3487 2047 3568 2114 τῷ
3627 2064 3790 2117 φυσι-

366 2133 522 2203 quod
576 2129 978 2202 intelligentiae
1031 2130 1411 2201 congenitum
1456 2133 1568 2193 est,
1621 2128 1884 2194 accedit;
1919 2144 1981 2198 pe

2186 2131 2237 2188 ῦς
2287 2128 2423 2183 κατᾶ
2470 2127 2710 2184 διάνοιαν
2753 2131 2944 2184 ἑαυτοῦ
2988 2129 3140 2205 λόγῳ
3171 2130 3473 2206 συγγίνεται
3511 2150 3523 2162 ·
3557 2130 3646 2185 καὶ
3703 2129 3801 2186 διὰ

365 2222 610 2277 verbum
641 2227 839 2276 autem
876 2221 986 2276 hoc
1025 2221 1271 2275 insitum
1322 2219 1554 2273 devenit
1585 2219 1654 2272 ad
1703 2216 1980 2272 oratione:

2174 2220 2226 2269 )ῦ
2286 2218 2541 2280 συνόντος
2597 2218 2742 2290 αὐτῷ
2794 2217 3076 2282 οὗσιωδῶς
3111 2219 3306 2295 λόγου,
3340 2216 3663 2275 συνάπτεται
3720 2226 3789 2296 τῇ

369 2316 428 2367 et
458 2328 562 2382 per
607 2309 931 2366 orationem
984 2311 1052 2364 ad
1087 2309 1188 2364 Dei
1244 2309 1537 2363 notionem
1593 2306 1861 2362 ascendit
1891 2323 1984 2360 cur

2181 2304 2273 2380 νχῇ
2307 2325 2317 2336 ⁶
2351 2307 2440 2360 καὶ
2472 2305 2561 2362 διὰ
2589 2315 2688 2377 τῆς
2719 2308 2911 2384 εὐχῆς,
2947 2308 3022 2370 εἰς
3065 2313 3264 2384 γνῶσιν
3315 2313 3412 2363 τοῦ
3471 2313 3605 2363 Θεοῦ
3659 2309 3796 2364 ἀνα-

370 2405 496 2456 tota
521 2417 627 2455 sua
650 2405 934 2471 potestate
967 2399 1233 2454 al't'cctiva
1259 2403 1433 2468 atque
1452 2395 1852 2450 inclinatione.
1875 2395 1985 2450 T11!

2184 2395 2304 2449 κίνει
2368 2398 2482 2468 μεθ’
2516 2396 2654 2467 ὅλης
2709 2405 2811 2466 τῆς
2869 2398 3215 2473 ἀγαπητικῆς
3276 2395 3559 2470 δυνάμεώς
3587 2419 3647 2452 τε
3701 2399 3799 2454 καὶ

369 2489 563 2546 carnis
611 2489 972 2545 desiderium
1028 2488 1264 2554 recedit,
1308 2487 1506 2542 deficit
1553 2485 1871 2556 voluptatis
1912 2490 1984 2540 tei

2194 2486 2447 2548 αθέσεως.
2475 2485 2613 2541 Τότε
2653 2488 2850 2562 σαρκὸς
2910 2488 3004 2559 μὲν
3066 2485 3330 2560 ἐπιθυμία
3378 2485 3612 2562 οἷ’χεται,
3645 2495 3799 2545 πᾶσα

370 2595 523 2635 renae
573 2595 808 2645 sensus,
839 2584 896 2633 et
943 2577 1210 2649 speciosa
1265 2576 1446 2646 hujus
1496 2577 1626 2629 vitae
1657 2575 1881 2646 absque
1927 2575 1985 2627 de

2292 2572 2594 2644 καθήδονος
2651 2575 2809 2651 ἀργεῖ
2855 2574 3124 2646 αἶ’σθησις,
3185 2575 3273 2630 καὶ
3331 2576 3399 2630 τὰ
3458 2577 3633 2651 ὡραῖα
3686 2585 3793 2648 τῆς

364 2668 675 2725 lectatione
707 2672 1012 2739 apparent.
1066 2667 1436 2736 Quaecunque
1489 2664 1646 2719 enim
1693 2665 1763 2719 ad
1817 2679 1979 2734 corpt

2180 2669 2240 2731 ῆς
2271 2661 2412 2732 ἀηδῆ
2447 2664 2848 2740 καταφαίνεται.
2885 2665 3095 2721 Ὀπίσω
3152 2665 3494 2740 γὰρ’ἑαυτῆς
3547 2668 3582 2734 ἡ
3635 2667 3795 2742 ψυχὴ

365 2758 639 2827 attinent,
685 2757 931 2828 projecit
972 2756 1170 2811 anima
1215 2759 1452 2826 propter
1504 2753 1969 2824 Christijucund

2189 2753 2306 2805 ίντα
2336 2754 2401 2806 τὰ
2422 2757 2516 2806 τοῦ
2550 2755 2806 2825 σώματος
2835 2754 2922 2808 καὶ
2955 2752 3021 2807 τὰ
3053 2752 3176 2829 περὶ
3227 2754 3293 2808 τὸ
3351 2758 3511 2827 σῶμα
3568 2756 3804 2828 θεμένη,

366 2853 582 2916 tatem;
617 2846 814 2918 ipsum
848 2845 1184 2916 insequitur
1233 2860 1369 2898 cum
1417 2843 1717 2898 modestiae
1751 2841 1981 2913 operibt

2196 2841 2316 2895 riam
2371 2849 2471 2910 τῆς
2531 2843 2870 2917 ὡραιότητος
2931 2847 3028 2896 τοῦ
3088 2847 3324 2917 Χριστοῦ
3378 2841 3602 2918 γίνεται,
3653 2845 3811 2918 αὐτῷ

367 2936 585 2992 mentis
634 2934 906 2990 castitate
955 2938 1126 3003 atque
1182 2931 1424 3002 psallit:
1457 2953 1485 2981 «
1535 2932 1864 2986 Oii'erentur
1905 2947 1982 3001 re;

2197 2928 2616 2986 ιτακολουθοῦσα
2672 2932 2805 3005 μετᾶ
2861 2936 2967 2986 τῶν
3041 2930 3211 3005 ἔργων
3289 2939 3391 3001 τῆς
3465 2933 3812 3004 σεμνότητος

369 3025 629 3096 virgines
660 3029 719 3078 et
739 3027 1174 3094 prosequentur
1196 3021 1274 3087 15;
1309 3042 1337 3070 ››
1360 3020 1655 3074 Christum
1682 3020 1794 3075 sibi
1827 3037 1984 3091 repra

2193 3019 2227 3072 ιὶ
2296 3027 2397 3089 τῆς
2471 3021 2608 3075 κατὰ
2687 3018 2929 3075 διᾶνοιαν
3013 3022 3252 3096 ἁγνείας,
3311 3022 3402 3075 καὶ
3459 3021 3758 3096 ψάλλουσα
3797 3044 3808 3056 ·

370 3118 579 3182 sentat,
613 3112 890 3183 praevidet
921 3116 976 3166 et
1009 3111 1189 3166 dicit:
1223 3132 1252 3158 ‹‹
1289 3109 1560 3180 Prospexi
1601 3111 1904 3164 Dominum
1935 3128 1985 3164 Ct

2204 3111 2699 3185 Ἀπενεχθήσονται
2747 3115 2827 3182 τῷ
2890 3111 3108 3185 βασιλεῖ
3154 3111 3412 3186 παρθένοι
3475 3109 3648 3166 ὀπίσω
3711 3113 3809 3168 αῦ-

369 3220 494 3259 ram
528 3219 615 3257 me
647 3201 809 3256 omni
841 3207 1124 3271 tempore,
1160 3199 1299 3270 quia
1321 3217 1353 3254 a
1386 3200 1604 3254 dextris
1629 3205 1718 3254 est
1750 3199 1893 3254 mihi
1929 3202 1984 3255 ¹⁶.

2190 3220 2234 3252 ιυ
2259 3217 2272 3230 ⁸
2310 3222 2336 3250 ››
2369 3198 2600 3272 Χριστὸν
2636 3198 3040 3275 φανταζομένη,
3071 3201 3162 3254 καὶ
3209 3205 3530 3276 προορῶσα,
3561 3201 3651 3256 καὶ
3703 3202 3805 3256 λέ·-

369 3293 600 3350 Christo
659 3291 1042 3363 conjungitur
1095 3307 1198 3362 per
1254 3290 1600 3345 charitatem
1655 3296 1711 3345 et
1770 3289 1984 3346 clamat

2186 3305 2356 3338 ουσα·
2395 3285 2819 3360 «Ηροωρώμην
2849 3285 2941 3340 τὸν
3004 3286 3202 3364 Κύριον
3264 3286 3495 3343 ἐνώπιόν
3552 3309 3650 3361 μου
3708 3285 3801 3342 διὰ

2292 3375 2306 3389 ς
2404 3376 2428 3389 ..
2537 3374 2550 3389 .
2646 3372 2788 3389 α.-
2973 3376 2986 3389 ,
3046 3375 3060 3389 ,
3347 3381 3395 3389 ..-
3537 3382 3563 3389 -

378 3404 400 3433 α
435 3384 704 3449 Domine,
737 3397 911 3437 omne
942 3379 1303 3437 desiderium
1338 3396 1538 3435 meum
1565 3385 1654 3434 est
1677 3385 1811 3436 ante
1842 3385 1899 3436 te
1929 3383 1992 3435 ³⁷.

2190 3375 2366 3443 αντὸς,
2400 3376 2482 3428 ὅτι
2534 3374 2594 3428 ἐκ
2642 3372 2830 3445 δεξιῶν
2885 3376 2990 3448 μού
3041 3375 3181 3431 ἐστιν
3219 3397 3231 3410 ·
3267 3400 3295 3430 ››
3347 3381 3577 3452 Χριστῷ
3626 3397 3803 3450 προσ-

370 3473 673 3530 Christum
715 3488 949 3543 semper
993 3469 1247 3525 intendit
1295 3469 1584 3524 dicendo:
1619 3490 1646 3519 ‹‹
1696 3469 1862 3524 Oculi
1919 3487 1985 3524 σι.

2194 3461 2474 3536 >λλωμένη
2513 3461 2604 3518 διὰ
2633 3471 2731 3533 τῆς
2791 3464 3025 3539 ἀγάπης,
3059 3465 3150 3520 καί
3192 3465 3466 3541 κράζουσα
3503 3487 3516 3499 ·
3549 3491 3577 3519 ‹‹
3611 3466 3809 3538 Κύριε,

370 3579 604 3634 semper
635 3562 704 3616 ad
755 3561 1073 3616 Dominum
1103 3560 1168 3614 1⁸.
1203 3581 1230 3610 ››
1286 3559 1393 3614 Per
1447 3575 1656 3630 puram
1707 3559 1985 3615 oratione:

2201 3552 2377 3607 αντίον
2434 3573 2531 3607 σου
2578 3559 2722 3607 πᾶσα
2771 3555 2806 3623 ἡ
2859 3553 3120 3626 ἱπιθυμία
3177 3575 3284 3628 μου
3318 3573 3331 3586 ⁶
3372 3579 3400 3606 ››
3434 3560 3656 3630 Χριστῷ
3717 3553 3816 3610 διὰ

371 3667 505 3707 cum
554 3649 789 3705 Christo
847 3648 1128 3719 loquitur,
1188 3647 1511 3704 delectatur
1570 3651 1627 3702 et
1682 3646 1986 3704 laetificand

2203 3643 2342 3704 ιντὸς
2377 3641 2774 3713 ἐνατενίζουσα,
2806 3643 2894 3698 καὶ
2932 3644 3116 3719 βοῶσα
3145 3664 3157 3676 ·
3191 3669 3218 3697 ‹‹
3252 3645 3319 3702 Οἱ
3365 3643 3647 3721 ὀφθαλμοί
3702 3667 3818 3719 μου

367 3741 562 3797 canit:
593 3759 615 3789 ι
642 3739 1180 3809 Quamjucundum
1199 3737 1308 3808 ipsi
1328 3736 1629 3808 eloquium
1655 3754 1853 3793 meum
1877 3737 1904 3792 ?
1926 3755 1982 3810 eg

2204 3732 2234 3784 ὰ
2258 3731 2458 3793 παντὸς
2511 3733 2647 3807 πρὸς
2696 3733 2788 3787 τὸν
2835 3733 3043 3808 Κύριον
3081 3751 3094 3764 ⁸
3133 3752 3146 3790 :
3181 3735 3402 3806 Χριστῷ
3435 3730 3816 3807 διαλεγομένη

366 3834 564 3887 autem
605 3829 868 3901 gaudebo
919 3827 978 3882 in
1011 3827 1259 3882 Domino
1284 3827 1343 3882 '9.
1381 3847 1409 3877 ››
1444 3827 1550 3893 Qui
1601 3826 1883 3882 orationis
1915 3845 1978 3882 co

2206 3822 2233 3876 ἆ
2275 3829 2375 3890 τῆς
2427 3824 2662 3897 καθαρᾶς
2721 3830 3060 3899 προσευχῆς,
3108 3825 3200 3878 καὶ
3255 3822 3529 3894 ἡδύνουσα
3577 3825 3821 3902 εὐφραι-

368 3919 638 3991 loquium
671 3917 881 3989 recipit
907 3922 1078 3972 Deus.
1115 3921 1366 3984 amatur,
1401 3914 1710 3970 invocatur
1748 3920 1802 3970 et
1835 3915 1890 3970 in
1927 3917 1983 3970 ad

2214 3912 2347 3983 μένη
2387 3930 2397 3942 ·
2425 3936 2452 3963 ‹‹
2481 3908 2767 3981 Ἠδυνθείη
2820 3911 2968 3984 αὐτῷ
3019 3915 3053 3982 ἡ
3089 3910 3324 3988 διαλογή
3387 3935 3511 3986 μου.
3549 3913 3690 3988 Ἐγὼ
3759 3913 3826 3970 δὲ

359 4009 648 4079 jutorium
680 4006 1003 4079 requiritur
1029 4026 1042 4064 :
1068 4006 1407 4077 deprecanti
1434 4005 1646 4060 animae
1673 4004 1966 4060 ineffabile

2210 4001 2587 4074 φρανθήσομαι
2619 3998 2706 4054 ἐπὶ
2737 4005 2816 4072 τῷ
2847 4000 3050 4076 Κυρίῳ.
3084 4025 3112 4053 ››
3148 3999 3596 4077 Ἀποδεχόμενος
3638 4004 3753 4078 γὰρ
3794 4006 3825 4060 ὁ

368 4099 619 4171 gratiam
653 4096 942 4152 concedit.
977 4095 1084 4150 Per
1113 4095 1393 4150 orationis
1428 4093 1787 4164 colloquium
1815 4093 1911 4148 Dei
1943 4111 1983 4148 ι’(

2213 4090 2270 4151 ὸς
2313 4091 2411 4157 τήν
2464 4090 2523 4144 ἐκ
2569 4097 2668 4159 τῆς
2701 4091 2876 4165 εὐχῆς
2911 4087 3196 4167 διαλογὴν,
3229 4093 3318 4146 καὶ
3366 4093 3440 4154 ὡς
3502 4092 3823 4166 ἀγαπώμε-

371 4189 650 4245 cordatur
681 4186 879 4242 anima
911 4189 968 4240 et
1019 4184 1406 4240 deiectionem
1463 4183 1639 4238 habet
1687 4183 1986 4238 aDomino

2209 4201 2253 4246 ς,
2284 4179 2373 4233 καὶ
2407 4179 2480 4241 ὠς
2515 4178 2942 4253 ὀνομαζόμενος,
2973 4179 3062 4234 καὶ
3114 4182 3189 4242 ὡς
3242 4181 3678 4253 ἐπιζητούμενος
3734 4183 3824 4246 εἷς

375 4299 400 4330 (ι
434 4277 536 4332 Dei
568 4275 907 4332 recordatus
938 4290 1074 4330 sum
1106 4277 1163 4328 et
1192 4273 1407 4345 gaudio
1459 4288 1592 4327 sum
1627 4271 1902 4344 perfusus
1924 4273 1988 4327 ²⁰.

2215 4269 2423 4338 ήθειαν,
2453 4268 2553 4334 τῆν
2588 4266 2822 4344 ἄρρητον
2854 4272 2923 4342 τῇ
2959 4265 3191 4344 δεομένῃ
3225 4269 3380 4344 ψυχῇ
3411 4269 3583 4344 χαρὰν
3634 4273 3830 4347 χαρί,

2145 4361 2312 4426 ζεται..
2371 4356 2808 4429 Μνημονεύουσα
2856 4357 2959 4433 γὰρ
3009 4361 3142 4413 Θεοῦ
3201 4355 3292 4412 διὰ
3348 4365 3448 4428 τῆς
3504 4359 3644 4413 κατὰ
3703 4363 3824 4431 τὴν

2137 4445 2452 4523 προσευχὴν
2519 4442 2810 4523 διαλογῆς,
2870 4447 3318 4523 κατευφραίνεται
3374 4447 3478 4502 ὑπὸ
3536 4448 3756 4524 Κυρίου
3814 4473 3829 4486 ·

2139 4561 2167 4589 ‹‹
2218 4535 2529 4608 Ἐμνήσθην
2599 4537 2724 4613 γὰρ,
2787 4536 2942 4614 φησὶ,
2999 4541 3098 4590 τοῦ
3179 4541 3336 4607 Θεοῦ,
3396 4537 3486 4592 καὶ
3574 4536 3835 4616 εὐφράν-

2063 4670 2106 4734 D
2140 4638 2263 4696 θην.
2294 4649 2322 4678 ››

2216 4717 2261 4734 ιν
2319 4733 2322 4734 ,

438 4719 494 4772 2.
526 4714 675 4772 Cave
705 4733 739 4772 a
770 4714 1048 4772 sensibus
1080 4717 1137 4769 et
1185 4729 1376 4769 rerum
1427 4713 1788 4770 sensibilium
1810 4715 2026 4786 jucun-

2216 4717 2280 4791 β’.
2311 4721 2485 4793 Φεῦγε
2530 4717 2625 4779 τὰς
2687 4717 2988 4788 αἰσθήσεις,
3048 4717 3137 4772 καὶ
3189 4714 3440 4793 ἤργησας
3513 4720 3612 4788 τὴν
3697 4727 3831 4777 τῶν

367 4807 608 4863 ditatem
642 4807 954 4861 innocuam
983 4804 1419 4876 posuisti.Cave
1451 4821 1483 4858 a
1505 4805 1790 4875 jucundis
1811 4805 1974 4860 intell

2220 4814 2413 4880 ῖθητῶν
2447 4807 2675 4879 ἡδονήν.
2711 4812 2883 4882 Φεῦγε
2912 4829 3002 4862 και
3042 4808 3140 4871 τὰς
3187 4811 3323 4864 κατὰ
3367 4807 3608 4864 διέίνοιαν
3669 4833 3835 4886 φαν-

367 4895 574 4965 gentiae
634 4892 986 4965 phantasiis,
1020 4898 1077 4948 et
1128 4893 1444 4947 innocuam
1489 4893 1730 4948 effecisti
1762 4893 1982 4948 idearux

2220 4897 2324 4959 πίας
2355 4901 2461 4952 τῶν
2495 4893 2696 4967 ἡδέων,
2729 4895 2816 4949 κατ
2845 4893 3096 4971 ἤργησας
3143 4896 3240 4964 τὴν
3299 4894 3630 4966 ἡδυπάθειαν
3693 4906 3835 4956 τῶν

367 4983 802 5038 advenientium
823 4982 1304 5038 obstinationem.
1329 4981 1435 5044 Qui
1458 4987 1590 5051 post
1614 4975 1982 5053 phantasmal

2222 4989 2452 5059 γισμῶν.
2482 4983 2843 5062 Ἀφάνταστος
2877 4980 2932 5036 δὲ
2968 4984 3140 5056 μένων
3176 4984 3203 5037 ὁ
3243 4987 3394 5052 νοῦς,
3429 4984 3502 5045 ὡς
3567 4986 3641 5056 μὴ
3715 5008 3837 5044 κτχ-

367 5089 486 5126 non
518 5072 662 5126 abiit
695 5089 799 5127 nec
833 5072 931 5127 illa
958 5078 1152 5143 captat
1185 5071 1420 5141 spiritu,
1457 5087 1569 5126 non
1612 5071 1778 5127 vanis
1809 5073 1982 5144 cogit:

2227 5074 2529 5149 Ξεχὸμενος,
2568 5076 2706 5145 μήτε
2741 5073 2842 5127 ὑπὸ
2869 5077 2977 5126 τῶν
3010 5070 3355 5142 καθ’ἡδονὴν
3382 5074 3624 5148 τρόπων,
3661 5080 3842 5148 μήτε

368 5163 599 5217 tionum
633 5162 940 5217 desideriis
973 5161 1332 5216 informatur
1361 5161 1461 5214 sed
1505 5160 1563 5214 in
1597 5163 1756 5216 omni
1798 5163 1983 5234 simpli

2225 5165 2384 5218 ὸτῶν
2413 5164 2529 5217 κατ’
2561 5161 2850 5234 ἐπιθυμίαν
2905 5159 3192 5235 λογισμῶν
3243 5163 3540 5216 τυποῦσθαί
3595 5184 3654 5218 τε
3722 5169 3840 5224 καὶ

371 5252 545 5306 citate
603 5267 666 5306 se
723 5251 918 5322 signat
950 5255 1007 5305 et
1072 5251 1289 5316 munit,
1348 5267 1527 5321 super
1573 5267 1665 5304 res
1717 5251 1986 5306 sensibile

2226 5252 2524 5329 οαγίζεσθαι
2584 5249 2638 5306 ἐν
2700 5250 2970 5320 ἁπλότητι
3025 5251 3372 5326 εὑρίσκεται·
3406 5251 3495 5306 καὶ
3553 5252 3841 5326 ὑπεράνω

367 5339 588 5395 incedit
619 5344 796 5410 atque
827 5338 1114 5400 ﬁctiones.
1147 5340 1219 5394 ad
1271 5339 1453 5393 Deum
1500 5339 1739 5394 ascendi
1788 5358 1888 5411 per
1936 5343 1982 5396 ir

2227 5364 2350 5396 rch
2382 5346 2488 5397 τῶν
2522 5342 2797 5411 αἰσθητῶν
2830 5340 2920 5394 καὶ
2950 5344 3058 5395 τῶν
3108 5345 3321 5409 νοητῶν
3374 5341 3694 5416 γενόμενος,
3741 5347 3842 5411 εἰς

367 5428 774 5500 telligentiam,
812 5442 918 5482 nec
949 5427 1090 5498 quid
1126 5427 1284 5481 aliud
1320 5430 1540 5498 profert
1581 5446 1754 5499 quam
1788 5429 1889 5484 Dei
1922 5449 1982 5486 nc

2226 5447 2265 5488 δν
2305 5435 2405 5503 τὴν
2467 5429 2676 5488 ἔννοιαν
2734 5427 3074 5502 ἀναϐιϐάζει,
3124 5429 3293 5505 μηδὲν
3345 5429 3662 5507 ἓτερον,δτι
3738 5443 3841 5512 μὴ

366 5516 682 5584 men,sicut
708 5515 1037 5572 infantulus
1062 5521 1287 5588 patrem
1311 5533 1484 5572 suum
1509 5519 1774 5590 repetitis
1795 5521 1981 5576 invoca

2254 5518 2431 5596 ὄνομα
2487 5521 2692 5596 Κυρίου
2753 5517 2843 5575 διὰ
2873 5527 2971 5590 τῆς
3003 5524 3267 5594 συνεχοῦς
3303 5521 3531 5594 μνήμης
3593 5522 3844 5597 βαθέως

361 5606 631 5662 vicibus:
673 5625 695 5654 α
731 5605 1032 5660 Invocabis
1075 5621 1166 5661 me
1200 5606 1440 5661 nomine
1472 5623 1622 5678 meo,
1658 5613 1714 5663 et
1739 5608 1976 5665 Domini

2225 5616 2472 5688 σφωνῶν,
2506 5611 2581 5674 ὠς
2643 5610 2841 5687 βρέφος
2881 5610 2973 5666 τὸν
3028 5609 3236 5683 πατέρα
3284 5608 3470 5670 αὐτοῦ,
3505 5635 3534 5663 ‹‹
3567 5609 3840 5677 Καλέσω

433 5761 477 5797 ιδ
509 5759 661 5816 Psal.
721 5776 871 5826 xuv,
955 5762 1022 5816 15
1081 5763 1124 5797 ³⁸
1200 5761 1355 5819 Psal.
1417 5779 1511 5828 xv,
1589 5764 1644 5818 8.
1681 5766 1722 5800 ¹⁷
1803 5766 1958 5824 Psal.

357 5832 379 5868 °
418 5832 568 5889 Psal.
604 5849 792 5900 LXXXI,
823 5833 915 5887 20.

2218 5810 2228 5837 ,
2291 5769 2375 5823 10.
2471 5769 2516 5805 1⁸
2585 5769 2736 5826 Psal.
2806 5786 2962 5838 xxrv,
3037 5769 3126 5826 45.
3189 5771 3232 5806 ¹⁹
3311 5769 3463 5827 Psal.
3522 5787 3642 5842 cm,
3709 5775 3833 5837 54.
