4090 6418
400 356 501 410 401

1329 364 1425 416 DE
1463 363 1914 418 ABSCONDITA
1950 362 2412 417 OPERATIONE
2453 364 2527 417 ΙΝ
2564 361 2891 417 CHRISTO.

3714 366 3819 419 402

392 479 524 554 γάρ,
558 479 716 557 φησὶ,
748 484 827 553 τῷ
875 480 1105 555 ὀνόματί
1167 505 1296 556 μου,
1329 485 1529 561 Κύριον
1580 484 1812 540 ἐναντίον
1860 507 1976 543 σου.
2022 508 2051 536 ››

2168 490 2302 542 ante
2346 492 2404 542 te
2450 486 2517 542 ει.
2550 511 2571 540 ι
2612 488 3118 553 Quemadmodum
3173 489 3455 559 Adamus,
3506 505 3683 545 manu
3713 490 3817 546 Dei

392 571 497 623 Καὶ
530 570 713 646 ὥσπερ
757 571 786 624 6
819 569 998 645 Ἀδὰμ
1054 572 1202 649 χειρὶ
1260 580 1393 628 Θεοῦ
1442 575 1704 639 πλασθεὶς
1765 576 1871 630 ἀπὸ
1921 576 2057 650 χοὸς

390 658 614 734 γέγονεν
677 660 755 722 εἷς
824 662 1008 735 ψυχὴν
1069 667 1242 731 ζῶσαν
1284 663 1334 719 ἐν
1395 667 1672 740 φυσήματι
1733 665 1881 737 θείῳ,
1915 663 2057 719 οὕτω

388 748 484 803 καὶ
518 750 546 803 6
578 752 707 811 νοῦς
753 755 875 813 ταῖς
937 750 1153 824 ἀρεταῖς
1209 750 1583 825 διαπλασθεὶς,
1616 758 1793 827 πυκνῇ
1826 752 2056 825 ἐπικλή-

390 861 473 895 σει
506 839 705 915 Κύριον
750 842 810 896 ἐκ
865 849 1103 919 καθαρᾶς
1165 841 1427 913 διανοίας,
1457 845 1549 899 καὶ
1609 846 1817 920 θερμῆς
1878 843 2055 900 διαθέ-

392 951 530 993 σεως
592 928 941 1005 ὑπᾳδομένη,
982 933 1082 1002 τήν
1140 931 1284 988 θείαν
1345 933 1646 989 ἀλλοίωσιν
1707 932 2053 996 ἀλλοιοῦται,

395 1020 846 1094 ζωογονούμενος
874 1022 963 1077 καὶ
999 1022 1424 1096 θεοποιούμενος
1461 1023 1521 1079 ἐκ
1548 1028 1645 1079 τοῦ
1676 1025 1933 1099 γνώσκειν
1966 1024 2054 1079 καὶ

392 1110 605 1186 ἀγαπᾷν
630 1112 722 1165 τὸν
757 1110 886 1165 Θεόν
897 1154 909 1169 .

459 1206 507 1273 γ’
592 1200 717 1255 Ἐὰν
782 1200 974 1275 ἐκστῇς
1032 1209 1132 1272 τῆς
1191 1206 1300 1257 τῶν
1356 1202 1564 1278 γηΐνων
1636 1203 1927 1276 ἐπιθυμίας
1983 1208 2051 1277 τῇ

388 1294 610 1364 συνεχεῖ
632 1290 723 1345 καὶ
758 1287 1047 1365 εἷ’λικρινεῖ
1070 1296 1384 1367 προσευχῇ,
1413 1293 1504 1346 καὶ
1564 1293 1681 1347 ἀντὶ
1742 1293 1914 1347 ὕπνου
1962 1314 2053 1347 κα-

384 1379 671 1453 ταπαῦσῃς
732 1381 839 1435 ἀπὸ
898 1382 1077 1453 πάσης
1138 1383 1346 1445 ἐννοίας
1401 1391 1502 1453 τῆς
1565 1383 1699 1456 μετά
1749 1384 1903 1451 Θεὸν,
1960 1383 2051 1437 καὶ

386 1472 699 1545 στηριχθῇς
734 1468 939 1533 ὀλικῶς
1002 1472 1080 1534 εἷς
1141 1473 1315 1546 μόνην
1347 1474 1446 1543 τὴν
1480 1474 1575 1527 τοῦ
1608 1477 1740 1528 Θεοῦ
1800 1475 2048 1546 μνήμην,

385 1557 962 1633 ἀνοικοδομηθήσεται
995 1560 1047 1617 ἐν
1100 1561 1184 1616 σοὶ
1240 1564 1477 1637 καθάπερ
1540 1561 1685 1633 ἄλλη
1751 1563 1954 1638 βοηθὸς
2013 1564 2047 1631 ἡ

384 1655 485 1705 τοῦ
544 1656 680 1707 Θεοῦ
726 1650 937 1726 ἀγάπη.
970 1653 1033 1710 Ἡ
1092 1653 1197 1727 γὰρ
1256 1653 1315 1708 ἐκ
1360 1661 1677 1729 προσευχῆς
1709 1655 1844 1709 κατά
1877 1651 2050 1708 διάθε-

381 1762 469 1795 σιν
537 1741 640 1815 βοή
698 1742 801 1810 τὴν
861 1742 1005 1805 θείαν
1062 1742 1274 1819 ἀγάπην
1336 1741 1649 1813 ἀναδίδωςι,
1700 1744 1791 1798 καὶ
1849 1747 1883 1814 ἡ
1936 1744 2048 1798 θεία

2171 581 2422 645 creatus,
2472 581 2529 632 et
2578 594 2611 631 a
2659 584 2812 633 terra
2854 577 3089 633 transiit
3128 578 3186 632 in
3238 580 3495 634 animam
3527 580 3814 635 viventem

2171 666 2281 720 sub
2313 666 2518 721 afﬂatu
2552 665 2766 733 divino,
2816 666 2901 721 sic
2950 671 3007 721 et
3050 667 3317 738 spiritus,
3364 669 3462 739 qui
3497 669 3815 724 virtutibus

2168 754 2885 826 informatur,frequenter
2920 757 3101 811 Deum
3133 757 3366 813 invocat
3425 774 3571 829 pura
3622 762 3817 813 mente

2168 850 2224 901 et
2254 846 2474 901 fervore
2505 861 2741 917 magno,
2776 863 2879 916 per
2900 846 3158 901 divinam
3182 847 3578 918 operationem
3604 848 3815 902 immu-

2166 938 2345 1002 tatur,
2376 934 2706 990 viviﬁcatur
2732 938 2789 989 et
2814 935 3144 1006 deiﬁcatur,
3179 936 3334 1007 quod
3376 936 3558 992 Deum
3612 940 3817 992 noscat

2165 1028 2223 1080 et
2256 1029 2430 1081 amet.

2233 1205 2286 1261 3.
2338 1203 2394 1257 Si
2445 1204 2733 1259 continuae
2778 1209 2835 1260 et
2886 1222 3043 1276 purae
3093 1205 3341 1261 orationi
3390 1205 3703 1270 institeris,
3756 1210 3813 1262 et

2163 1293 2490 1364 appetitum
2525 1309 2722 1349 rerum
2754 1298 3119 1350 terrenarum
3150 1294 3433 1366 abjeceris
3450 1300 3505 1351 et
3527 1313 3629 1367 per
3651 1313 3809 1351 som-

2163 1399 2306 1437 num
2338 1383 2534 1454 ipsum
2577 1400 2782 1439 omnes
2815 1386 3203 1455 cogitationes
3252 1390 3389 1440 tuas
3432 1385 3682 1441 erexeris
3734 1386 3806 1440 ad

2161 1471 2369 1535 Deum,
2407 1471 2457 1525 si
2487 1476 2649 1527 totus
2680 1471 2740 1527 in
2774 1472 2898 1527 sola
2946 1473 3047 1527 Dei
3090 1474 3489 1530 recordatione
3536 1475 3809 1529 ﬁrmatus

2161 1561 2364 1628 fueris,
2400 1578 2564 1617 amor
2590 1562 2686 1616 Dei
2720 1578 2819 1617 ceu
2854 1579 3040 1618 novus
3073 1562 3385 1619 auxiliator
3414 1563 3473 1618 in
3534 1568 3590 1619 te
3641 1563 3809 1618 habi-

2159 1650 2323 1705 tabit.
2362 1652 2523 1717 Quod
2561 1668 2663 1722 per
2692 1651 2961 1706 habitum
2994 1653 3278 1707 orationis
3309 1653 3416 1707 tibi
3450 1653 3603 1707 inest
3634 1653 3807 1723 adju-

2156 1739 2398 1806 torium,
2431 1739 2686 1794 divinam
2714 1740 2986 1812 producit
3015 1741 3387 1809 charitatem,
3408 1741 3666 1797 charitas
3705 1759 3806 1796 au-

381 1826 570 1903 ἀγάπη
641 1827 909 1898 διϋπνίζει
965 1831 1058 1885 τὸν
1120 1836 1268 1897 νοῦν,
1318 1833 1458 1907 πρὸς
1544 1832 1843 1910 φανέρωσιν
1936 1837 2042 1887 τῶν

2156 1830 2272 1882 tem
2320 1827 2560 1900 evigilat
2607 1833 2665 1882 et
2731 1828 2945 1883 excitat
3000 1830 3277 1901 spiritum
3338 1834 3404 1884 ut
3462 1829 3808 1885 abscondita

379 1919 738 1995 ἆποκρῦφων.
774 1919 913 1976 Τότε
944 1920 998 1973 -6
1050 1924 1198 1988 νοῦς,
1258 1924 1327 1994 τῇ
1385 1920 1566 1997 ἀγάπῃ
1628 1923 2042 1995 συναρμοσθεὶς,

374 2010 480 2077 τήν
532 2008 720 2086 σοφίαν
766 2012 1093 2082 καρποῦται,
1125 2010 1213 2064 καὶ
1267 2006 1356 2064 διὰ
1387 2014 1487 2076 τῆς
1518 2010 1710 2086 σοφίας
1757 2014 1825 2066 τά
1883 2011 2049 2088 ἀπόρ-

378 2098 524 2174 ρητα
553 2095 942 2174 καταγγέλλει.
974 2101 1032 2155 Ὁ
1062 2098 1164 2173 γὰρ
1224 2099 1354 2160 Θεὸς
1399 2099 1596 2175 Λόγος,
1633 2098 1721 2155 διὰ
1761 2108 1861 2169 τῆς
1911 2100 2047 2156 κατά

373 2189 479 2256 τὴν
538 2188 856 2262 προσευχὴν
912 2188 1046 2263 βοῆς
1104 2190 1243 2242 κατὰ
1302 2186 1536 2244 διάθεσιν
1606 2189 2043 2263 ὀνομαζόμενος,

376 2272 779 2351 λαμϐάνειτήν
829 2280 928 2331 τοῦ
976 2280 1071 2331 νοῦ
1102 2279 1310 2348 νοήσιν,
1343 2280 1583 2355 καθάπερ
1643 2278 1883 2355 πλευράν
1941 2281 2040 2348 τὴν

374 2370 579 2443 γνῶσιν
642 2367 952 2441 χαρίζεται,
1004 2366 1093 2421 καὶ
1152 2368 1263 2422 ἀντ’
1324 2366 1490 2437 αὐτῆς
1552 2367 1886 2439 ἀναπληρῶν
1943 2371 2043 2438 τήν

372 2456 586 2530 ἀγαθὴν
617 2452 878 2520 διάθεσιν,
912 2452 1168 2529 δωρεῖται
1198 2458 1299 2525 τήν
1350 2457 1571 2531 ἀρετὴν,
1608 2455 1895 2530 οἰκοδομεῖ
1940 2459 2037 2526 τὴν

373 2544 692 2622 φωτοποιὸν
752 2544 1110 2619 ἀγάπην-καὶ
1174 2546 1289 2622 ἄγει
1349 2546 1495 2621 παρὰ
1568 2548 1659 2601 τὸν
1717 2545 2041 2617 ἐξεστηκότα

372 2638 526 2702 νοῦν,
580 2633 673 2688 καὶ
731 2634 1022 2702 ὑπνοῦντα,
1079 2633 1169 2689 καὶ
1230 2634 1643 2708 ἀναπαυόμενον
1696 2635 1803 2690 ἀπὸ
1860 2638 2037 2707 πάσης

370 2721 576 2800 γηΐνης
636 2722 1037 2797 ἐπιθυμίας.Ἡ
1096 2721 1154 2778 δὲ
1208 2723 1388 2798 ἀγάπη
1448 2722 1593 2795 ἄλλη
1650 2725 1850 2800 βοηθὸς
1902 2726 2041 2801 εὑρί-

370 2834 559 2868 σκεται
585 2816 683 2867 τοῦ
712 2812 1160 2875 καταπαύσαντος
1203 2817 1321 2886 νοῦ,
1354 2814 1461 2868 ἀπὸ
1512 2818 1610 2879 τῆς
1670 2812 1874 2889 ἀλόγου
1929 2819 2037 2870 τῶν

374 2904 648 2972 αἰσθητῶν
686 2902 1076 2978 προσπαθείας.
1105 2904 1267 2967 ’Ὀθεν
1320 2904 1407 2957 καὶ
1463 2900 1724 2971 διϋπνίζει
1772 2903 1865 2957 τὸν
1914 2907 2038 2958 νοῦν

378 2993 454 3053 ὡς
507 2992 744 3063 καθαρὸν
807 2991 884 3055 εἷς
943 2992 1012 3047 τὰ
1057 2994 1158 3061 τῆς
1219 2993 1412 3070 σοφίας
1447 2991 1687 3069 ῥήματα.
1722 2993 1853 3048 Τότε
1902 2994 2040 3069 πρὸς

385 3079 541 3150 αὐτὴν
603 3081 747 3156 ὀρῶν
782 3082 809 3136 6
841 3085 986 3149 νοῦς,
1019 3080 1110 3135 καὶ
1157 3079 1623 3153 καθηδυνόμενος,
1657 3083 1753 3145 τὰς
1800 3084 2042 3158 κρυπτὰς

373 3175 475 3224 τῶν
530 3170 735 3246 ἀρετῶν
798 3167 1082 3239 διαθέσεις,
1141 3169 1231 3224 καὶ
1284 3172 1379 3234 τὰς
1437 3170 1692 3234 ἀθεάτους
1770 3170 2037 3246 ἐνεργείας

363 3265 466 3328 τῆς
513 3259 789 3334 γνώσεως,
821 3265 941 3322 τοῖς
993 3257 1191 3323 ἄλλοις
1250 3256 1709 3334 δημοσιεύει,διά
1763 3268 1863 3331 τῆς
1920 3267 2029 3317 τῶν

363 3346 555 3424 λόγων
590 3348 858 3411 ἐκτάσεως
871 3392 882 3405 .

436 3435 797 3508 δ’.”Εκστηθι
859 3436 1074 3492 πάντων
1132 3459 1239 3493 των
1292 3439 1410 3492 κατ’
1466 3436 1736 3511 αἴσθησιν,
1781 3440 1872 3494 καὶ
1928 3461 2029 3495 κα-

359 3526 566 3583 τάΑιπε
615 3528 707 3582 τὸν
762 3534 862 3597 τῆς
917 3526 1117 3601 σαρκὸς
1174 3526 1345 3600 νόμον
1381 3547 1392 3558 '
1433 3530 1522 3583 καὶ
1582 3529 1609 3581 6
1662 3532 2028 3601 πνευματικὸς

360 3616 543 3689 νόμος
570 3618 908 3694 γραφήσεται
952 3619 1022 3689 τῇ
1082 3619 1152 3689 σῇ
1213 3614 1443 3687 διανοίᾳ.
1477 3618 1535 3670 Ὡ
1622 3618 1723 3691 γὰρ
1782 3619 1810 3672 6
1868 3619 2030 3673 πνεύ-

366 3727 502 3778 ματι
557 3710 896 3781 περιπατῶ),
953 3704 1243 3777 ἐπιθυμίαν
1304 3706 1500 3780 σαρκὸς
1555 3706 1616 3760 οὐ
1673 3704 1843 3775 τελεῖ,
1894 3708 2029 3763 κατὰ

358 3797 456 3850 τὸν
490 3795 857 3867 Ἀπόστολον,
892 3794 1035 3849 οὕτω
1082 3796 1170 3849 καὶ
1234 3797 1261 3849 6
1319 3795 1663 3867 ἐξιστάμενος
1722 3795 2025 3867 αἰσθήσεων

354 3884 452 3939 καὶ
514 3886 815 3955 αἲσθητῶν,
875 3886 1073 3960 σαρκὸς
1132 3880 1347 3952 δηλαδή
1409 3885 1498 3938 καὶ
1558 3886 1789 3958 κόσμου,
1831 3886 1906 3948 εἰς
1963 3888 2025 3942 τὸ

355 3978 578 4045 πνεῦμα
624 3978 967 4048 περιπατεῖν,
1011 3972 1102 4027 καὶ
1159 3972 1226 4027 τά
1283 3976 1379 4026 τοῦ
1437 3972 1749 4045 πνεύματος
1807 3981 2020 4051 φρονεῖν

356 4063 609 4139 ἔρχεται.
643 4065 745 4120 Καὶ
778 4068 936 4119 τοῦτε
967 4060 1283 4137 διδάχθητι,
1317 4062 1368 4133 ἐξ
1399 4063 1471 4117 ὧν
1528 4064 1556 4117 6
1615 4064 1741 4126 Θεὸς
1801 4065 1877 4129 εἷς
1930 4066 2021 4121 τὸν

353 4151 547 4226 Ἀδάμ
576 4154 681 4226 πρὸ
711 4159 813 4223 τῆς
844 4155 1129 4227 παρακοῆς
1161 4153 1575 4227 κατειργάσατο.

430 4248 491 4298 ε’.
527 4242 633 4299 Τὸν
668 4241 793 4317 περὶ
830 4243 931 4311 τήν
957 4240 1205 4315 φυλακὴν
1256 4246 1362 4296 τῶν
1416 4239 1650 4297 ἐντολῶν
1698 4240 2020 4319 διαγωνιζό-

358 4351 550 4404 μενον,
582 4330 671 4385 καὶ
704 4330 755 4384 ἐν
781 4335 862 4401 τῷ
902 4326 1217 4405 παραδείσῳ
1272 4337 1373 4399 τῆς
1428 4340 1743 4408 προσευχῆς
1795 4330 2017 4408 διακαρ-

345 4424 636 4495 τεροῦντα,
670 4420 875 4491 καίτῷ
907 4423 1023 4490 Θεῷ
1071 4416 1510 4493 προσεδρεύοντα
1570 4419 1657 4475 διὰ
1713 4429 1813 4492 τῆς
1871 4444 2020 4478 συνεε

347 4513 491 4584 χοῦς
525 4511 775 4582 μνήμης,
813 4510 840 4562 ὁ
873 4508 1003 4570 Θεὸς
1036 4507 1215 4579 ἐξιστᾷ
1243 4509 1348 4563 ἀπὸ
1377 4514 1484 4564 τῶν
1524 4518 1625 4580 τῆς
1683 4513 1879 4587 σαρκὸς
1926 4535 2015 4590 φι-

2154 1917 2511 1974 manifestet.
2545 1917 2654 1980 Qui
2686 1917 2956 1973 charitati
2988 1919 3369 1990 conjungitur
3412 1920 3677 1990 spiritus,
3700 1918 3807 1974 ob-

2151 2006 2299 2061 tinet
2354 2006 2707 2078 sapientiam
2764 2011 2823 2062 et
2889 2024 2992 2079 per
3067 2007 3413 2079 sapientiam
3487 2008 3805 2064 ineffabilia

2150 2100 2408 2151 enarrat.
2439 2095 2593 2151 Deus
2623 2099 2713 2151 est
2743 2096 3016 2163 Verbum,
3052 2114 3153 2169 per
3182 2098 3467 2153 orationis
3516 2097 3800 2153 auxilium

2147 2193 2203 2240 et
2233 2185 2501 2241 habitum
2522 2185 2834 2243 invocatur
2860 2211 2874 2249 ;
2896 2186 3154 2257 Spiritus
3178 2186 3535 2258 postulantis
3558 2204 3800 2243 sensum

2146 2275 2433 2346 comperit
2462 2281 2520 2330 et
2568 2275 2988 2347 cogitationem
3041 2278 3304 2332 concedit
3353 2278 3799 2337 abundantem;

2141 2366 2312 2433 juxta
2344 2365 2558 2421 bonam
2577 2367 2780 2420 animm
2795 2365 3244 2436 dispositionem
3262 2367 3514 2438 largitur
3534 2367 3800 2436 virtutes,

2148 2453 2579 2510 illuminantem
2604 2455 2683 2510 ibi
2709 2455 2953 2511 collocat
2979 2457 3323 2513 cbaritatem
3344 2477 3357 2525 ;
3377 2458 3645 2528 spiritum
3671 2474 3803 2511 vero

2147 2543 2959 2610 aberrantem,dormitantem
2974 2550 3030 2600 et
3044 2546 3430 2617 defatigatum
3447 2547 3801 2601 abomnibus

2147 2631 2345 2687 saeculi
2377 2633 2686 2688 desideriis
2719 2633 2948 2688 liberat.
2983 2635 3089 2698 Qui
3123 2636 3195 2690 ab
3228 2636 3387 2690 omni
3412 2635 3801 2690 irrationabili

2145 2725 2202 2776 et
2231 2722 2500 2776 sensibili
2543 2724 2808 2794 appetitu
2860 2723 3010 2778 liber
3052 2729 3142 2780 est
3189 2724 3456 2795 spiritus,
3512 2742 3797 2795 magnum

2146 2812 2417 2868 charitati
2452 2817 2691 2884 prastat
2720 2813 3081 2884 adjutorium
3111 2831 3123 2867 :
3150 2832 3332 2886 purus
3355 2815 3509 2869 enim
3534 2833 3567 2869 a
3588 2831 3797 2870 somno

2146 2902 2385 2957 ducitur
2414 2915 2471 2957 et
2522 2903 2884 2958 convertitur
2942 2905 3012 2959 ad
3058 2906 3235 2959 verba
3277 2905 3600 2976 sapientiae.
3647 2910 3793 2959 Dum

2148 2992 2493 3047 cbaritalem
2530 2993 2758 3065 aspicit,
2789 3010 3067 3065 magnam
3102 2994 3346 3066 percipit
3392 2995 3749 3066 voluptatem
3781 3012 3794 3061 ;

2148 3080 2279 3135 aliis
2330 3082 2707 3137 facultatibus
2756 3082 3031 3155 explanat
3079 3084 3454 3140 absconditas
3510 3087 3796 3139 virtutum

2149 3170 2368 3227 formas
2396 3180 2449 3227 et
2478 3172 2784 3229 invisibles
2817 3174 3172 3245 cognitionis
3203 3175 3569 3247 operationes
3600 3176 3799 3231 verbo-

2146 3275 2278 3314 rum
2312 3259 2743 3332 significalione
2773 3262 3191 3319 communicat.

2214 3440 2268 3495 4.
2313 3438 2399 3494 Ab
2452 3439 2731 3495 omnibus
2775 3440 3006 3496 abstine
3064 3440 3447 3497 sensibilibus
3498 3446 3556 3500 et
3604 3442 3793 3515 legem

2144 3526 2338 3582 carnis
2370 3526 2751 3599 derelinque:
2802 3532 2944 3583 tunc
2994 3528 3087 3583 lex
3132 3529 3388 3601 Spiritus
3436 3530 3795 3586 inscribetur

2144 3616 2303 3671 cordi
2334 3620 2456 3672 tuo.
2492 3619 2616 3682 Quo
2667 3618 2931 3673 ambulat
2978 3618 3213 3690 spiritu,
3269 3618 3560 3675 desideria
3598 3620 3794 3676 carnis

2143 3722 2258 3759 non
2293 3706 2539 3777 perficit,
2575 3706 2657 3761 uti
2679 3708 2998 3778 Apostolus
3019 3709 3199 3775 dicit;
3226 3708 3327 3781 qui
3348 3726 3561 3765 sensus
3582 3714 3638 3765 et
3658 3726 3791 3765 seu-

2142 3794 2359 3859 sibiha,
2380 3812 2614 3851 carnem
2640 3796 2912 3852 videlicet
2932 3802 2988 3852 et
3008 3799 3295 3853 mundum
3315 3799 3464 3870 fugit
3493 3799 3551 3853 in
3577 3800 3789 3871 spiritu

2142 3882 2445 3937 ambulare
2482 3884 2692 3954 incipit
2738 3889 2794 3939 et
2839 3887 3185 3951 secundum,
3238 3886 3513 3957 spiritum
3562 3903 3786 3959 sapere.

2140 3971 2301 4035 Quod
2334 3976 2391 4026 et
2420 3971 2541 4027 illis
2570 3972 2677 4027 tibi
2729 3982 3095 4045 compertum
3146 3974 3222 4031 sit
3270 3992 3396 4047 qua;
3440 3975 3597 4032 Deus
3655 3982 3790 4031 ante

2137 4060 2347 4115 Adami
2380 4060 2658 4115 delictum
2692 4063 2936 4134 peregit.

2206 4240 2259 4295 5.
2295 4240 2399 4295 Hic
2429 4242 2501 4296 de
2531 4240 2858 4297 divinorum
2886 4243 3295 4298 mandatorum
3320 4245 3586 4301 cuslodia
3608 4250 3792 4301 certat

2134 4328 2195 4383 in
2227 4329 2527 4400 paradiso,
2560 4329 2741 4385 instat
2785 4330 3036 4387 orationi
3084 4336 3139 4387 et
3180 4332 3426 4389 Domino
3476 4338 3630 4389 astat
3688 4352 3790 4405 per

2133 4417 2455 4474 orationem
2472 4418 2808 4487 assiduam;
2838 4437 2871 4475 a
2889 4420 3005 4476 Deo
3028 4419 3311 4477 liberatur
3331 4424 3401 4478 de
3417 4424 3789 4494 jucunditate

2132 4509 2542 4578 operationum
2576 4510 2790 4576 carnis,
2830 4510 2900 4564 de
2932 4510 3188 4566 motibus
3212 4528 3515 4583 sensuum,
3537 4514 3606 4569 de
3631 4530 3787 4570 men-

352 4596 609 4668 ληδόνων
664 4597 1081 4673 ἐνεργημάτων,
1134 4597 1223 4653 καὶ
1283 4598 1389 4652 ἀπὸ
1446 4600 1663 4655 πάντων
1740 4606 1847 4656 τῶν
1902 4603 2019 4657 κατ’

2158 4598 2206 4653 is
2240 4599 2798 4670 phantasmatibus;
2840 4606 3113 4657 mortuus
3172 4616 3263 4658 est
3303 4579 3681 4676 passionibus
3731 4611 3787 4661 et

350 4687 607 4758 α’ίσθησιν
662 4688 1005 4761 κινημάτων,
1039 4686 1127 4742 καὶ
1172 4687 1278 4742 ἀπὸ
1335 4686 1551 4743 πάντων
1600 4694 1708 4744 τῶν
1734 4690 1871 4745 κατᾶ
1901 4689 2016 4746 διά-

347 4798 503 4832 νοιαν
563 4778 894 4853 σχημάτων,
954 4777 1041 4831 καὶ
1104 4777 1294 4851 νεκρὸν
1350 4782 1470 4841 τοῖς
1543 4779 1734 4833 πάθεσι
1805 4781 1895 4834 καὶ
1949 4786 2016 4855 τῇ

353 4866 600 4943 ἁμαρτίᾳ
628 4867 1077 4937 παοασκευάζων,
1108 4872 1207 4936 τῆς
1242 4866 1387 4930 θείας
1431 4871 1577 4936 ζωῆς
1635 4867 1870 4944 μέτοχον
1924 4892 2018 4925 κα-

352 4958 631 5027 θίστησιν,
664 4958 753 5020 Ὡς
802 4956 902 5031 γὰρ
949 4956 975 5010 6
1014 4956 1333 5026 ὑπνώττων,
1366 4956 1456 5011 καὶ
1510 4957 1699 5031 νεκρὸς
1756 4958 2018 5024 παρεικά-

354 5048 653 5119 ζεται,καὶ
710 5052 784 5117 ζῶ
846 5046 1132 5121 ὑπάρχει·
1191 5046 1254 5100 τὸ
1305 5046 1423 5119 μὲν,
1483 5050 1552 5119 τῇ
1632 5046 1871 5124 ἐνεργείᾳ
1924 5054 2020 5104 τοῦ

353 5140 639 5207 σώματος,
669 5137 732 5192 τὸ
783 5134 861 5206 δὲ,
888 5138 958 5209 τῇ
1018 5134 1297 5211 συνεργείᾳ
1325 5139 1425 5200 τῆς
1474 5139 1660 5212 ψυχῆς
1695 5155 1708 5169 ’
1745 5137 1886 5193 οὕτω
1930 5141 2021 5194 καὶ

354 5227 383 5280 6
444 5226 718 5298 πνεύματι
777 5225 1132 5299 παραμένων,
1165 5222 1322 5300 σαρκὶ
1385 5225 1477 5297 μὲν
1538 5226 1628 5280 καὶ
1684 5227 1878 5301 κόσμῳ
1932 5250 2020 5283 νε-

351 5320 607 5391 κροῦται,
644 5319 707 5390 ζῇ
742 5313 796 5370 δὲ
827 5320 908 5388 τῷ
935 5318 1033 5370 τοῦ
1066 5314 1374 5387 πνεύματος
1405 5317 1735 5392 φρονήματι.

429 5406 496 5468 ς’.
529 5404 593 5459 Εἰ
647 5406 913 5481 γνώσκεις
972 5403 1005 5458 ἃ
1053 5401 1310 5477 ψάλλεις,
1355 5398 1657 5476 λαμϐάνεις
1714 5404 2020 5482 ἐπίγνωσιν.

347 5495 452 5551 Ἐκ
509 5500 609 5565 τῆς
663 5493 1011 5571 ἐπιγνώσεως
1062 5496 1255 5548 κτᾶσαι
1302 5491 1659 5551 σύνεσιν.Έκ
1716 5497 1815 5565 τῆς
1872 5498 2022 5552 συνὲ-

429 5697 472 5732 ’ί
512 5694 668 5754 Psal.
699 5711 817 5767 xm,
846 5696 903 5750 5.

2130 4686 2426 4743 illecebris
2458 4690 2703 4759 peccati,
2735 4690 2854 4745 imo
2885 4691 3014 4745 vitae
3051 4693 3259 4748 divinae
3292 4696 3480 4750 factus
3528 4700 3618 4749 est
3649 4713 3786 4766 par~

2128 4776 2333 4847 ticeps.
2365 4778 2450 4831 Ita
2489 4782 2546 4832 et
2581 4779 2904 4847 dormiens,
2938 4785 2995 4834 et
3026 4780 3077 4835 si
3119 4781 3291 4849 vivat,
3325 4787 3556 4838 mortuo
3586 4788 3783 4839 tamen

2133 4870 2328 4936 potest
2361 4866 2716 4922 assimilari:
2750 4869 2973 4923 cecedit
3002 4870 3158 4925 enim
3192 4873 3453 4942 corporis
3502 4873 3785 4944 operatio,

2132 4953 2379 5024 spiritus
2413 4959 2609 5010 autem
2639 4957 2906 5027 potentia:
2938 4958 3300 5015 subsistunt:
3337 4961 3421 5017 sic
3444 4963 3541 5034 qui
3576 4963 3787 5034 spiritu

2133 5043 2487 5112 coniunctus
2521 5052 2789 5101 remanet
2822 5046 2879 5101 in
2904 5064 3097 5117 carne,
3123 5049 3261 5108 huic
3284 5052 3496 5108 saeculo
3520 5058 3791 5109 mortuus

2133 5136 2245 5201 est,
2280 5133 2419 5188 vivit
2449 5139 2647 5191 autem
2681 5153 2859 5192 sensu
2893 5138 3159 5209 spiritus.

2204 5405 2258 5459 6.
2294 5405 2354 5460 Si
2389 5406 2620 5463 noveris
2653 5424 2781 5479 quae
2813 5412 3036 5479 cantas,
3072 5411 3370 5469 notionem
3399 5414 3657 5486 acquiris
3683 5441 3696 5484 ;
3723 5434 3792 5473 ex

2137 5502 2475 5575 cognitione
2508 5507 2778 5578 procedis
2809 5509 2880 5564 ad
2916 5525 3195 5582 sensum;
3229 5528 3299 5568 ex
3328 5528 3542 5571 sensus
3571 5514 3788 5572 intelli-
