4090 6396
298 339 406 394 403

1434 343 1835 397 THEOLBPTI
1870 343 2581 399 PHILADELPHIENSIS.

3614 336 3721 391 404

303 465 506 536 gentia
533 466 603 520 ad
637 465 988 537 cognitionis
1015 466 1295 531 fructum,
1345 466 1403 521 id
1454 472 1561 533 est,
1611 467 1682 521 ad
1742 470 2001 537 Opera-1

2092 485 2201 527 ἐως
2257 469 2292 536 ἡ
2349 466 2544 543 πρὶξις
2578 469 2687 521 τῶν
2742 465 3095 541 ἐγνωσμένων
3132 461 3444 539 βλαστάνει.
3472 464 3567 516 Ἐκ
3617 467 3721 529 τῆς

304 557 524 611 tionem
558 556 818 611 dcvenis.
853 556 956 611 Per
988 558 1385 629 operationem
1416 574 1549 611 vero
1595 556 1959 612 habitualem

309 644 560 715 percipis
592 646 1011 717 cognitionem,
1045 663 1161 717 qua
1192 647 1241 700 si
1273 663 1415 701 usus
1451 645 1629 701 fueris
1662 646 1731 699 ad
1763 662 1957 700 veram

308 733 840 789 considerationem
875 736 1176 807 assurgis;
1213 735 1441 799 exinde,
1477 752 1578 805 per
1619 734 1959 790 illuminan-

311 824 395 878 tia
423 824 627 895 gratiae
659 825 832 879 verba
862 826 1049 879 oritur
1078 825 1387 895 sapientia,
1424 842 1548 895 quae
1580 825 1807 880 lumine
1854 841 1961 879 suo

314 918 575 968 mentem
602 911 888 984 adimplet
920 918 975 969 et
1001 913 1390 969 exterioribus
1421 913 1671 985 explicat
1702 930 1794 969 res
1825 914 1962 968 abs—

314 1003 604 1059 conditas.

386 1092 441 1147 7.
475 1092 737 1147 Primum
791 1092 1039 1165 spiritus
1088 1095 1301 1166 qumrit
1347 1100 1405 1151 et
1451 1094 1677 1151 invenit
1710 1114 1724 1162 ;
1753 1093 1964 1149 deinde

316 1181 519 1236 unitur
548 1198 681 1237 cum
738 1182 962 1251 objecto
1014 1184 1273 1239 invento.
1322 1184 1700 1255 Investigalio
1750 1185 1815 1238 fit
1865 1199 1968 1253 per

311 1271 575 1341 verbum,
625 1272 922 1327 uniﬁcatio
973 1279 1170 1328 autem
1220 1290 1322 1345 per
1366 1273 1733 1329 charitatem.
1790 1271 1965 1328 Verbi

311 1361 680 1433 investigatio
711 1363 996 1418 fundatur
1025 1364 1086 1419 in
1118 1366 1382 1434 veritate,
1420 1365 1733 1421 charitatis
1766 1370 1963 1420 autem

314 1452 617 1505 uniﬁcatio
650 1452 713 1506 ﬁt
748 1458 988 1523 propter
1020 1455 1266 1509 bonum.

381 1541 435 1595 8.
469 1540 576 1604 Qui
609 1558 785 1611 super
842 1542 1289 1599 ﬂuctuationem
1337 1561 1534 1600 rerum
1589 1545 1967 1617 praesentium

314 1629 601 1696 ascendit,
637 1647 742 1685 nec
770 1632 841 1686 ad
874 1634 1295 1701 praetereuntia
1327 1634 1505 1690 habet
1536 1637 1831 1703 affectum,
1877 1633 1969 1687 hic

314 1735 431 1774 non
462 1719 709 1789 despicit
740 1722 812 1775 ad
864 1720 1068 1777 inﬁma
1119 1740 1309 1795 neque
1361 1725 1626 1795 speciosa
1672 1725 1972 1779 desiderat

2062 556 2311 627 πράξεως
2340 558 2440 625 τὴν
2493 558 2613 619 καθ’
2641 552 2748 625 ἕξιν
2808 559 3007 629 γνῶσιν
3067 552 3488 626 καρποῦσαι.Ἡ
3549 547 3607 604 δὲ
3664 549 3720 604 ἐν

2063 645 2225 718 πείρᾳ
2279 650 2476 721 γνῶσις
2523 647 2624 714 τὴν
2677 644 2860 714 ἀληθῆ
2939 642 3165 719 θεωρίαν
3226 638 3574 696 ἀναδίδωσιν.
3628 641 3722 693 Ἐκ

2062 736 2265 805 ταύτης
2295 740 2327 806 ἡ
2353 735 2518 811 σοφία
2549 734 2833 791 ἀνατέλλει
2877 732 2966 789 διὰ
2994 739 3099 789 τῶν
3161 727 3501 810 φωτοϐόλων
3538 730 3718 806 λόγων

2062 835 2164 897 τῆς
2219 828 2471 903 χάριτος,
2503 830 2595 883 τὸν
2655 828 2785 903 ἀέρα
2837 830 2935 896 τῆς
2997 824 3240 887 διανοίας
3279 826 3596 900 πληροῦσα,
3630 821 3722 876 καὶ

2062 924 2185 981 τοῖς
2216 916 2318 990 ἔξω
2350 917 2685 998 διασαφοῦσα
2712 920 2781 974 τὰ
2810 919 3184 993 κεκρυμμένα.

2143 1101 2203 1168 ζ’.
2237 1105 2459 1171 Πρῶτον
2491 1101 2518 1155 ὁ
2549 1121 2674 1164 νους
2706 1105 2854 1170 ζητει
2885 1099 2976 1154 καὶ
3026 1098 3262 1174 εὑρίσκει
3296 1115 3308 1127 ·
3346 1095 3459 1149 εἶτα
3514 1092 3725 1148 ένουται

2067 1194 2148 1261 τῷ
2178 1190 2581 1263 εὑρεθέντι,καὶ
2612 1190 2711 1257 τήν
2767 1190 2862 1261 μὶν
2915 1190 3142 1259 ζήτησιν
3196 1190 3435 1240 ποιεῖται
3484 1180 3575 1238 διὰ
3625 1185 3726 1237 τοῦ

2071 1277 2262 1353 λόγου,
2291 1280 2390 1347 τὴν
2426 1276 2482 1333 δὲ
2506 1276 2697 1333 ἕνωσιν
2731 1276 2820 1332 διὰ
2847 1285 2949 1346 τῆς
2979 1276 3211 1351 ἀγάπης.
3247 1274 3350 1331 Καὶ
3396 1275 3431 1343 ἡ
3485 1272 3580 1345 μὶν
3638 1268 3730 1323 διὰ

2069 1372 2166 1422 τοῦ
2197 1367 2369 1442 λόγου
2402 1370 2628 1439 ζήτησις
2655 1368 2861 1442 γίνεται
2892 1364 2982 1422 διὰ
3008 1368 3108 1436 τήν
3135 1364 3426 1435 ἀλήθειαν,
3447 1365 3483 1432 ἡ
3534 1357 3592 1416 δὶ
3625 1367 3727 1429 τῆς

2074 1457 2289 1532 ἀγάπης
2317 1454 2508 1520 ἓνωσις
2540 1454 2628 1512 διὰ
2656 1458 2717 1513 τὸ
2748 1456 2971 1532 ἀγαθόν.

2146 1554 2214 1617 η’.
2252 1549 2310 1604 Ὀ
2366 1549 2464 1616 τὴν
2521 1544 2705 1622 ῥοώδη
2765 1552 2872 1601 τῶν
2922 1544 3210 1621 παρόντων
3256 1544 3413 1621 φύσιν
3467 1535 3731 1614 ὓπερϐαί-

2074 1658 2205 1706 νων,
2255 1637 2345 1690 καὶ
2400 1638 2500 1705 τὴν
2563 1635 2853 1708 ἱπιθυμίαν
2909 1640 3020 1690 τῶν
3066 1635 3499 1711 παρερχομένων
3557 1650 3731 1706 παρα-

2075 1725 2311 1800 τρέχων,
2346 1725 2407 1779 οὐ
2465 1724 2654 1799 βλέπει
2715 1724 2803 1779 ἐπὶ
2859 1726 2925 1780 τὰ
2980 1725 3151 1792 κάτω,
3216 1721 3314 1777 οὐκ
3369 1720 3621 1783 ἐπιποθεῖ
3664 1716 3734 1772 τά

319 1808 500 1878 hujus
532 1809 759 1863 mundi.
793 1815 899 1864 Ast
925 1812 1127 1867 oculos
1175 1830 1415 1869 sursum
1465 1816 1643 1883 tollit,
1688 1815 1967 1870 caelorum

2092 1814 2254 1888 bpaia
2310 1820 2412 1882 τῆς
2465 1820 2596 1887 γῆς’
2639 1809 2785 1867 ἀλλά
2837 1812 2932 1874 τὰς
2985 1808 3092 1865 ἅνω
3125 1808 3337 1884 ὁράσεις
3371 1804 3732 1892 ἀνοιγομένας

319 1897 823 1969 pulchritudinem
849 1900 1078 1970 aspicit,
1095 1907 1151 1956 et
1165 1902 1499 1959 felicitatem
1517 1904 1769 1959 intuitur
1792 1902 1971 1957 nullis

321 1986 835 2043 vicissitudinibus
866 1988 1203 2046 obnoxiam.
1235 1990 1341 2054 Qui
1375 1992 1624 2047 terrenis
1674 1992 1863 2047 inhiat
1917 1995 1976 2045 et

321 2073 855 2146 carnisvoluptates
879 2076 1233 2148 insequitur,
1258 2081 1491 2136 clausos
1516 2082 1689 2137 habet
1709 2081 1978 2150 coelos,et

320 2163 566 2235 spiritus
596 2163 798 2219 oculos
829 2165 1246 2235 obnubilatos;
1283 2168 1385 2240 qui
1416 2174 1613 2224 autem
1671 2170 1979 2225 terrestria

320 2253 646 2308 contemnit
675 2256 733 2308 et
765 2255 1021 2325 projicit,
1056 2261 1313 2312 mentem
1345 2258 1533 2313 elevat
1564 2261 1634 2313 ad
1686 2276 1965 2329 superna,

318 2344 659 2400 aeternitatis
688 2345 934 2415 gloriam
969 2347 1200 2418 aspicit,
1234 2354 1293 2403 et
1342 2354 1699 2406 reservatam
1751 2351 1971 2405 sanctis

317 2431 641 2488 claritatem
674 2434 984 2506 intelligit;
1007 2438 1462 2494 descendentem
1487 2440 1692 2509 recipit
1713 2440 1973 2494 cbarita-

319 2527 438 2577 tem
501 2524 622 2593 Dei,
679 2524 742 2577 ﬁt
800 2526 1088 2596 templum
1149 2528 1405 2599 Spiritus
1464 2529 1674 2595 sancti,
1734 2530 1983 2600 requirit

327 2614 609 2668 mandata
662 2614 878 2683 divina,
940 2615 1158 2687 Spiritu
1218 2618 1317 2673 Dei
1378 2620 1748 2689 conducitur,
1808 2626 1862 2674 et
1919 2620 1980 2674 in

325 2700 583 2757 ﬁliorum
634 2703 1010 2774 adoptionem
1067 2707 1319 2777 transit;
1378 2706 1705 2779 complacet
1753 2714 1867 2764 Deo
1926 2714 1984 2764 et

325 2790 511 2846 Deum
571 2791 749 2848 habet
804 2792 1292 2864 complacentem,
1354 2796 1440 2850 uti
1498 2797 1786 2868 scriptum
1846 2804 1979 2855 est:

328 2901 357 2929 ‹‹
407 2882 707 2952 Quotquot
754 2882 977 2952 Spiritu
1031 2885 1127 2939 Dei
1179 2891 1458 2957 aguntur,
1520 2888 1634 2959 ipsi
1692 2892 1833 2943 sunt
1878 2887 1985 2942 ﬁlii

332 2968 436 3024 Dei
467 2970 537 3026 ³³.
573 2994 602 3021 ››

400 3239 715 3313 Nunquam
751 3246 809 3298 et
840 3259 909 3300 ne
943 3260 1127 3299 unum
1155 3244 1393 3316 quidem
1425 3245 1603 3317 diem,
1628 3248 1767 3303 dum
1801 3250 1983 3307 ducas

329 3330 608 3400 spiritum
622 3331 1004 3398 ,inﬁrmitatis
1018 3351 1196 3389 causa
1210 3337 1622 3405 praetermittas
1635 3339 1983 3411 orationem;

328 3418 619 3475 dicentem
639 3420 878 3477 audias:
908 3446 935 3473 ‹‹
954 3422 1097 3477 Cum
1114 3423 1543 3489 infirmor,tunc
1559 3430 1766 3495 potens
1782 3443 1982 3484 sum.»

330 3508 493 3574 Quod
516 3508 564 3563 si
591 3509 821 3581 feceris,
846 3527 1121 3583 magnam
1147 3513 1433 3584 percipies
1448 3514 1756 3571 utilitatem
1775 3536 1788 3585 ;
1804 3519 1986 3573 oratio

334 3596 493 3651 enim
525 3597 684 3652 brevi
720 3603 775 3653 te
806 3600 1159 3666 sublevabit,
1204 3601 1405 3657 divina
1452 3614 1798 3676 cooperante
1855 3624 1987 3679 gra-

2080 1897 2221 1977 ἔχει,
2269 1902 2359 1955 καὶ
2433 1903 2500 1956 τὰ
2574 1900 2627 1956 έν
2696 1900 2970 1977 οὐρανοῖς,
3009 1897 3329 1955 κατοπτεύει
3386 1893 3594 1965 κάλλη,
3643 1891 3737 1948 καὶ

2080 1993 2181 2060 τὴν
2231 1996 2341 2046 τῶν
2398 1990 2688 2063 ἀκηράτων
2744 1990 3136 2046 κατασκοπεύει
3199 1985 3596 2062 μακαριότητα.
3644 1983 3736 2044 Ὠς

2082 2082 2183 2156 γὰρ
2241 2086 2321 2153 τῷ
2378 2081 2736 2156 ὲπιχάσκοντι
2792 2086 2913 2143 ταῖς
2971 2080 3129 2141 ὕλαις
3167 2086 3270 2149 τῆς
3296 2075 3541 2152 ﬁam-1
3599 2074 3739 2149 πρὸς

2081 2171 2176 2233 τὰς
2206 2170 2409 2240 ἡδονὰς
2440 2174 2540 2235 τῆς
2582 2172 2779 2247 σαρκὸς
2830 2170 3168 2245 έγκύπτοντι,
3201 2165 3549 2240 κεκλειμέναι
3607 2162 3744 2218 εἰσὶν

2087 2261 2139 2315 οἱ
2191 2261 2434 2333 οὐρανοὶ,
2468 2262 2541 2321 ὡς
2586 2260 2714 2324 τοὺς
2765 2260 2989 2336 νοεροῦς
3036 2257 3362 2335 ὀφθαλμοὺς
3424 2255 3742 2329 ἒσκοτισμέ-

2085 2372 2212 2412 νους
2240 2348 2428 2426 ἔχοντι
2462 2370 2475 2384 ⁸
2510 2352 2683 2413 οὕτως
2718 2352 2746 2405 ὁ
2776 2355 3119 2429 περιφρονῶν
3150 2350 3218 2403 τὰ
3262 2349 3413 2403 κάτω
3469 2344 3559 2401 καὶ
3609 2342 3747 2400 ἀπο-

2088 2441 2481 2518 στρεφόμενος,
2518 2441 2807 2517 μετάρσιον
2860 2435 2977 2515 ἔχει
3025 2441 3117 2495 τὸν
3159 2442 3306 2505 νοῦν,
3347 2438 3438 2492 καὶ
3489 2436 3589 2504 τὴν
3638 2434 3751 2487 τῶν

2092 2527 2284 2583 ἀϊδίων
2314 2531 2414 2605 ὁρᾷ
2467 2529 2646 2601 δόξαν,
2676 2529 2765 2585 καὶ
2820 2531 2919 2599 τήν
2969 2527 3341 2601 ἀποκειμένην
3397 2531 3518 2583 τοῖς
3572 2524 3753 2599 ἁγίοις

2087 2624 2342 2673 κατανοεῖ
2374 2618 2761 2692 λαμπρότητα.
2792 2617 2969 2681 Οὗτος
3015 2617 3107 2672 καὶ
3136 2617 3235 2685 τὴν
3283 2614 3381 2671 τοῦ
3430 2617 3566 2670 Θεοῦ
3613 2611 3752 2687 ἀγά-

2090 2728 2198 2777 πην
2255 2706 2451 2770 ἄνωθεν
2510 2712 2800 2762 κατιοῦσαν
2862 2706 2945 2762 ἐπ’
3003 2705 3165 2761 αὐτὸν
3205 2702 3446 2781 δέχεται,
3478 2704 3570 2757 καὶ
3622 2701 3748 2763 ναὸς

2089 2800 2187 2851 τοῦ
2229 2796 2381 2870 ἁγίου
2412 2796 2725 2869 Πνεῦματος
2764 2796 2991 2873 γίνεται,
3023 2795 3114 2850 καὶ
3169 2795 3239 2849 τὰ
3293 2795 3410 2848 Otia
3460 2791 3755 2863 Θελήματα

2093 2886 2364 2954 ἐπιποθεῖ,
2396 2887 2486 2941 καὶ
2546 2887 2815 2961 πνεύματι
2873 2890 3007 2941 Θεοῦ
3063 2883 3271 2961 ἄγεται,
3324 2884 3415 2939 καὶ
3473 2880 3753 2946 υἱοθεσίας

2092 2976 2461 3046 καταξιοῦται,
2494 2977 2583 3031 καὶ
2614 2978 2705 3032 τὸν
2738 2977 2866 3032 Θεὸν
2917 2974 3036 3050 ἔχει
3093 2972 3418 3030 εὐδοκοῦντα
3472 2971 3564 3027 καὶ
3622 2971 3756 3045 ἀρε-

2097 3068 2360 3140 σκόμενον
2395 3068 2564 3141 αὐτῷ.
2598 3091 2625 3120 ‹‹
2654 3069 2814 3125 ’Ὀσοι
2841 3068 2944 3143 γὰρ
2984 3070 3118 3122 Θεοῦ
3170 3063 3444 3138 πνεύματι
3500 3059 3753 3138 ἄγονται,

2099 3158 2249 3213 οὗτοί
2271 3158 2401 3213 εἰσιν
2436 3159 2544 3214 υἱοὶ
2576 3163 2730 3215 Θεοῦ.
2766 3183 2788 3213 ι

2167 3248 2334 3323 Χάριν
2366 3249 2637 3311 ἀσθενείας
2673 3250 2748 3321 μὴ
2784 3248 2940 3321 ἐάσῃς
2985 3248 3087 3316 τὴν
3123 3244 3292 3321 εὐχὴν
3331 3244 3455 3316 μίαν
3507 3242 3598 3298 καὶ
3649 3240 3747 3315 μό-

2095 3360 2194 3406 νην
2234 3339 2443 3412 ἡμέραν
2503 3334 2610 3400 ἕως
2666 3336 2922 3411 ἐμπνέῃς,
2982 3335 3196 3392 ἀκούων
3259 3339 3357 3390 τοῦ
3443 3332 3745 3408 λέγοντος·

2095 3430 2259 3485 Ὅταν
2294 3427 2524 3496 ἀσθενῶ,
2555 3426 2676 3482 τότε
2710 3425 2933 3489 δυνατός
2981 3426 3095 3500 εἶμι
3130 3444 3143 3459 ⁸
3184 3428 3348 3481 τοῦτο
3401 3423 3503 3500 γὰρ
3556 3425 3756 3494 ποιῶν,

2102 3517 2367 3591 μειζόνως
2400 3516 2757 3594 ὠφεληθήσᾳ,
2788 3516 2878 3571 καὶ
2923 3515 3059 3586 αὕτη
3112 3514 3164 3570 έν
3216 3513 3472 3587 συντόμῳ
3520 3532 3578 3566 σε
3624 3512 3759 3565 ἀνα-

2098 3608 2305 3676 στήσει,
2338 3606 2703 3681 συνεργούσης
2748 3613 2848 3675 τῆς
2906 3605 3136 3681 χάριτος
3168 3625 3180 3638 ·
3228 3604 3367 3659 ὅπου
3419 3603 3524 3678 γὰρ
3581 3598 3759 3668 παρά-

332 3683 457 3754 tia;
491 3685 592 3741 ubi
624 3687 947 3745 consolatio
999 3689 1273 3761 Spiritus,
1323 3690 1404 3747 ibi
1455 3709 1572 3749 non
1622 3698 1991 3765 permanebit

2096 3694 2298 3766 κλησις
2350 3697 2683 3771 πνεύματος,
2742 3696 2985 3761 ἀσθένεια
3037 3695 3072 3766 ἢ
3134 3690 3336 3765 ἀκηδία
3406 3691 3505 3747 οὐκ
3561 3689 3762 3763 ἆπιμέ-

334 3772 655 3831 inﬁrmitas
688 3791 795 3832 nec
824 3778 1085 3836 taedium.

408 3943 456 3981 ⁸³
486 3944 660 4003 Joan.
692 3963 734 4015 ι,
762 3946 847 4003 12.

2099 3804 2199 3843 νει.

1486 4356 2629 4527 THEOLEPTI

888 4637 2142 4743 PHILADELPHIENSIS
2232 4647 3215 4745 METROPOLIT/E.

1253 4848 1382 4937 CA
1401 4848 1847 4940 NTICUM
1907 4848 2851 4941 COMPUNCTIONIS

1524 5032 1619 5091 Ex
1652 5029 2058 5094 meditatione
2091 5033 2310 5095 aeterni
2334 5031 2579 5113 judicii.

1510 5190 1683 5263 (Bibl.
1722 5193 1825 5249 PP.
1864 5194 1959 5251 ed.
1992 5193 2177 5267 Lugd.
2209 5199 2355 5252 tom.
2387 5194 2597 5265 XXII.)

1056 5509 1195 5564 ODE
1236 5508 1279 5564 Ι.

421 5595 716 5667 Agedum,
748 5594 948 5651 anima
968 5594 1322 5666 miserrima,
1352 5598 1600 5657 seclusis
1629 5600 1810 5673 hujus
1865 5601 1998 5658 vitea

354 5685 535 5758 curis,
563 5692 619 5741 et
646 5684 923 5741 vitiorum
955 5685 1433 5757 cogitationibus,
1466 5692 1779 5763 carnisque
1825 5690 1996 5748 volu-

2022 5516 2071 5582 D
2106 5516 2394 5588 ptatibus,
2427 5517 2610 5575 futuri
2639 5521 2831 5575 status
2860 5516 3174 5575 hominum
3206 5513 3520 5574 horribilia
3567 5510 3775 5572 consi-

2112 5606 2269 5661 dera.

2178 5696 2602 5771 Angoringens
2623 5701 2681 5754 et
2699 5696 2882 5754 timor
2900 5695 3217 5769 plurimus,
3240 5695 3504 5755 animam
3524 5707 3762 5751 omnem
