4090 6408
344 374 453 428 405

1554 376 1923 431 CANTICUM
1960 374 2561 432 COMPUNC’I‘IONIB.

3661 374 3765 431 406

337 503 620 571 incesset,
653 499 885 571 quando
935 497 1280 555 mortalium
1330 516 1464 556 ossa
1505 500 1703 556 omnia
1753 517 2003 557 concur-
2035 501 2088 568 Α
2185 499 2389 556 Divina
2417 499 2546 555 luce
2578 503 2701 568 tua,
2736 517 2768 554 a
2800 500 2972 570 bona,
3001 499 3254 556 animam
3286 515 3476 556 meam
3504 501 3762 557 affectio-

339 590 556 660 santia,
591 606 731 645 suas
775 605 1020 660 quaeque
1070 589 1629 660 coagmentationes,
1665 595 1721 646 et
1763 591 2000 661 junctu-

336 697 434 734 ras
461 679 779 751 diligenter
809 680 1132 750 requirent.

415 769 698 824 Universa
729 776 901 836 terra,
933 770 1092 824 velut
1124 767 1337 824 mulier
1369 785 1699 840 praegnans,
1736 785 1867 824 cum
1894 773 2003 826 tre-

339 876 506 915 more
537 864 801 915 mortuos
833 875 971 914 suos
1000 860 1066 914 ad
1114 876 1335 914 annum
1368 860 1516 913 edet.
1571 861 1736 913 Tuba
1783 859 2000 931 quippe

336 950 702 1005 horrendum
744 949 1078 1015 insonante,
1116 948 1270 1004 illico
1324 949 1738 1022 unusquisque
1770 951 1841 1005 de
1875 949 2000 1005 loco

340 1041 640 1096 redivivus
672 1040 952 1112 prodibit.

413 1130 498 1184 Ad
534 1145 703 1201 opem
735 1133 924 1194 tuam,
958 1146 1061 1183 ceu
1089 1129 1160 1183 ad
1193 1131 1416 1199 petram
1441 1131 1751 1199 tutamque
1783 1128 2000 1184 ancho-

344 1236 494 1284 ram,
531 1216 918 1273 immaculata
951 1217 1125 1289 Virgo
1179 1217 1469 1289 confugio.
1503 1218 1584 1272 Ne
1634 1234 1726 1273 me
1767 1217 1998 1290 repelle,

341 1308 445 1364 sed
480 1306 655 1363 toties
678 1307 737 1362 in
769 1311 1005 1379 peccata
1036 1307 1269 1380 lapsum
1300 1308 1478 1379 erige.

1047 1416 1189 1473 ODE
1226 1418 1296 1470 II.

415 1503 610 1560 Flebis
665 1504 910 1570 aﬂ‘atim,
961 1510 1020 1560 et
1078 1505 1332 1576 gemitus
1384 1505 1552 1560 dabis
1584 1504 1754 1570 altos,
1803 1503 2002 1559 anima

341 1609 474 1648 mea
508 1595 744 1664 quando
777 1594 1047 1649 omnium
1083 1591 1438 1649 saeculorum
1486 1593 1764 1648 mortales
1811 1594 1999 1646 nudos

338 1698 669 1754 resurgere,
698 1687 754 1738 et
788 1687 921 1739 ante
973 1682 1262 1754 judicem,
1322 1683 1422 1754 qui
1486 1683 1830 1739 muneribus
1883 1699 1997 1736 non

333 1773 774 1843 corrumpitur,
805 1778 960 1828 stare
989 1773 1237 1828 videbis.

415 1863 478 1916 In
514 1861 840 1916 novissimo
872 1867 929 1916 et
975 1861 1230 1917 terriﬁco
1288 1861 1391 1916 illo
1449 1861 1564 1930 die,
1623 1862 1830 1917 fratres
1864 1861 1998 1926 mei,
2032 1881 2080 1945 Β

340 1967 550 2006 omnes
583 1950 702 2005 illic
736 1951 1038 2019 sistemur,
1072 1951 1130 2005 in
1189 1953 1310 2005 ictu
1368 1951 1541 2005 oculi.
1576 1951 1724 2005 Nam
1757 1955 1812 2005 et
1867 1951 2001 2004 ferae

337 2040 567 2109 bestias,
620 2044 678 2095 et
731 2039 1017 2106 volucres,
1069 2044 1125 2095 et
1175 2039 1368 2111 pisces
1429 2039 1833 2095 devoraverint
1879 2039 2003 2093 red-

340 2131 506 2186 dent.

412 2219 678 2291 Rapidus
709 2220 866 2292 ignis
924 2221 1161 2286 ﬂuvius,
1221 2219 1420 2288 colles,
1483 2224 1714 2276 montes
1741 2224 1796 2275 et
1826 2237 2004 2292 opera

340 2311 655 2366 hominum
689 2327 794 2382 per
832 2315 1020 2366 terras
1069 2313 1330 2367 furenter
1380 2311 1679 2367 absumet.
1724 2311 2004 2366 Flamma:

339 2399 623 2454 universa
650 2398 1021 2471 depascentis
1053 2398 1340 2470 impetum
1388 2403 1445 2454 et
1502 2399 1694 2453 minas
1728 2397 1860 2470 quis
1886 2414 2003 2452 non

344 2487 774 2560 pehorrescet?

411 2578 542 2634 Non
575 2583 664 2634 est
695 2579 968 2634 ﬁdelibus
989 2582 1191 2649 portus
1224 2577 1581 2650 alius,Virgo
1607 2578 2002 2645 sanctissima,

338 2673 557 2739 praeter
585 2673 640 2723 te
665 2685 791 2740 qua:
843 2668 1165 2734 Christum,
1200 2666 1664 2737 tanquillitatem
1718 2667 2004 2721 securita-

340 2763 586 2828 temque
616 2761 904 2825 nostram,
939 2755 1216 2828 genuisti.
1254 2756 1390 2818 Quae
1444 2771 1647 2809 omnes
1682 2752 2006 2808 vexationi-

340 2847 478 2916 bus,
513 2851 574 2901 et
615 2846 853 2918 injuriis
888 2845 1114 2900 inimici
1159 2844 1444 2899 daemonis
1499 2862 1603 2899 ceu
1659 2847 2006 2914 tempestate

342 2937 624 3005 jactatos,
658 2935 845 3007 quieti
872 2952 937 2990 ac
970 2933 1148 2990 saluti
1181 2934 1465 2989 restituis.

422 3025 556 3081 Tria
598 3026 713 3081 ista
765 3025 966 3093 timeo,
1000 3043 1031 3080 o
1065 3024 1261 3079 anima
1298 3041 1310 3079 :
1343 3039 1646 3094 egressum
1681 3039 1709 3077 e
1743 3038 2004 3092 corpore.

355 3111 412 3165 in
440 3111 581 3167 hora
614 3113 821 3168 mortis
853 3129 1164 3167 occursum
1219 3111 1492 3166 veniente
1542 3110 1844 3165 communi
1879 3127 2006 3164 om-

343 3200 506 3256 nium
535 3202 741 3272 judice
775 3219 788 3257 :
823 3207 880 3257 et
903 3219 1083 3273 quam
1135 3201 1291 3256 idem
1345 3200 1752 3272 pronuntiabit
1775 3200 2005 3271 justam

353 3291 758 3364 incorruptam
788 3292 1168 3347 sententiam.

1032 3389 1172 3444 ODE
1221 3388 1323 3444 III.

413 3481 601 3535 Terra
632 3480 1288 3549 inflammahitur,mare
1311 3479 1576 3534 subsidet
1599 3495 1665 3534 ac
1687 3479 2006 3546 decrescet;

342 3587 444 3625 aer
477 3571 864 3637 concutietur,
900 3575 956 3623 et
987 3573 1180 3624 totum
1213 3567 1426 3624 coelum
1451 3567 1796 3634 involvetur,
1831 3567 2009 3621 lumi—

344 3677 420 3714 na
453 3664 512 3713 et
542 3664 702 3714 astra
731 3660 862 3729 ejus
892 3659 1182 3714 decident.
1238 3659 1540 3724 Quomodo
1589 3657 1730 3722 haec,
1787 3656 2005 3724 anima,

345 3749 725 3804 sustinebis?

417 3838 865 3894 Lamentaberis
898 3838 1290 3904 vehementer,
1310 3837 1510 3891 anima
1538 3853 1685 3902 mea,
1713 3852 1844 3889 cum
1873 3834 2007 3888 mis-

341 3942 444 3981 sos
487 3926 761 3981 festinato
794 3926 1055 3997 angelos,
1082 3943 1115 3981 a
1145 3930 1399 3996 quatuor
1447 3929 1738 3980 terrarum
1789 3923 2008 3978 ﬁnibus

343 4016 499 4071 Deos
532 4015 778 4086 placitos
810 4031 1166 4087 congregare
1211 4031 1432 4070 cernes.

417 4105 523 4174 En,
557 4109 750 4159 totum
782 4121 971 4176 genus
1007 4105 1337 4158 humanum
1373 4102 1690 4158 attonitum
1726 4100 2004 4172 stupebit,

345 4211 484 4248 cum
509 4194 772 4263 judicem
806 4193 976 4249 illum
1009 4193 1456 4248 formidandum
1503 4191 1560 4245 in
1613 4193 1760 4246 duas
1811 4195 2007 4261 partes

342 4283 637 4354 quidquid
669 4287 759 4340 est
791 4283 1098 4338 hominum
1152 4287 1580 4352 secernentem,
1617 4286 1674 4336 et
1704 4280 2003 4336 actionum

342 4373 604 4427 truitine
633 4373 1050 4443 subjicientem
1084 4372 1431 4428 intuebitur.

419 4462 558 4518 Dies
589 4462 994 4517 retributionis
1028 4463 1222 4517 veniet
1254 4461 1409 4516 sicut
1441 4461 1535 4514 fur
1564 4459 1624 4514 in
1657 4463 1848 4528 nocte,
1873 4476 2004 4530 pec-

345 4556 574 4607 catores
608 4568 813 4607 omnes
843 4556 1162 4606 exterrens.
1199 4553 1347 4606 Tum
1375 4557 1438 4606 tu
1471 4555 1634 4605 casta
1663 4554 1868 4618 Mater,
1894 4549 2002 4603 mi-

341 4645 507 4696 serta
540 4642 683 4713 mei,
711 4659 744 4698 a
777 4640 1069 4712 supplicio
1103 4657 1196 4698 me
1229 4641 1484 4695 vindica.

1038 4751 1178 4805 ODE
1223 4749 1317 4805 IV.

417 4840 615 4894 Pudor
634 4846 691 4896 et
721 4840 990 4895 confusio
1021 4839 1246 4910 operiet
1276 4839 1452 4893 facies
1502 4853 1703 4892 eorum
1755 4837 1857 4908 qui
1890 4837 2004 4893 sibi

341 4930 524 4985 verbo
555 4935 614 4984 et
645 4945 818 5002 opere
850 4929 1307 4985 commissorum
1341 4927 1561 4982 conscii
1607 4928 1841 4981 fuerint.
1876 4930 2003 4980 Ete~

343 5019 472 5072 nim
506 5018 768 5073 actiones
795 5035 936 5073 suas
969 5033 1176 5072 omnes
1206 5015 1371 5071 vultu
1414 5017 1542 5086 ipso
1591 5013 2008 5085 inseparabili-

343 5114 436 5163 ter
460 5123 575 5178 prae
609 5125 672 5163 se
695 5123 895 5163 rerens
923 5106 1339 5178 unusquisque
1369 5109 1657 5176 resurget.

421 5203 470 5252 A
503 5212 602 5251 rea
632 5201 688 5251 et
706 5195 1038 5267 ﬂagellante
1060 5193 1420 5251 conscientia
1439 5193 1629 5263 liberi,
1655 5191 1872 5247 ﬁducia
1892 5192 2008 5263 ple-

345 5287 406 5341 ni
470 5290 531 5341 et
587 5285 805 5341 hilares
866 5285 1237 5357 apparebunt
1289 5282 1440 5352 justi
1495 5298 1718 5338 omnes.
1752 5283 2006 5338 Suorum

344 5376 570 5447 quippe
619 5375 889 5431 laborum
940 5374 1385 5444 multorumque
1439 5372 1829 5428 certaminum
1881 5390 2006 5445 quae

344 5465 664 5521 subierunt
697 5464 1028 5520 mercedem
1061 5462 1504 5534 exspectabunt.

412 5554 760 5612 Clarisonus
790 5558 918 5608 tum
951 5551 1173 5609 clamor
1207 5552 1361 5607 dicet
1409 5567 1421 5606 :
1454 5551 1597 5605 Ecce
1619 5551 1804 5621 judex
1824 5551 2003 5619 venit,

343 5650 408 5700 ut
440 5645 690 5717 populos
723 5659 929 5699 omnes
977 5641 1221 5712 judicet,
1257 5645 1315 5697 et
1347 5657 1449 5712 pro
1501 5640 1786 5711 dignitate
1827 5641 2004 5713 quili-

347 5737 445 5791 bet
469 5751 717 5792 suorum
750 5732 1022 5787 laborum
1056 5731 1298 5802 praemia
1320 5732 1483 5800 juste
1513 5729 1778 5800 accipiat.

2108 607 2248 646 num
2279 588 2572 644 malorum
2603 591 2858 644 tenebris
2893 589 3139 644 offusam
3167 589 3435 645 illuinina
3459 605 3472 645 :
3498 606 3614 662 quo
3636 594 3762 645 tan-

2108 696 2282 749 quam
2315 679 2471 733 filius
2517 678 2668 733 lucis
2716 697 2892 750 opera
2945 679 3091 734 lucis
3141 680 3382 748 faciens,
3425 697 3456 734 a
3505 678 3762 735 tenebris

2109 767 2492 824 exterioribus
2527 768 2761 824 liberer.

2809 867 2947 922 ODE
2995 871 3060 922 V.

2180 956 2344 1011 Mens
2372 960 2425 1011 et
2458 973 2623 1012 renes
2661 956 3141 1026 contremiscent,
3179 957 3276 1012 ubi
3319 956 3641 1013 terribilem
3693 957 3761 1012 il-

2108 1045 2223 1100 lius
2238 1047 2388 1100 tubae
2405 1045 2738 1117 clangorem
2756 1047 3196 1119 clamoremque
3218 1046 3538 1111 audierint,
3553 1047 3762 1118 Abyssi

2109 1134 2514 1207 ingemiscent,
2535 1141 2592 1190 et
2621 1135 2866 1190 virtutes
2895 1135 3174 1190 caelorum
3209 1137 3762 1192 commovebuntur.

2179 1226 2480 1280 Invenient
2514 1243 2628 1296 quo
2662 1225 2971 1294 divertant,
2999 1225 3100 1297 qui
3129 1225 3355 1297 lugent,
3382 1225 3599 1297 quippe
3623 1242 3765 1297 pau-

2109 1331 2275 1386 peres
2308 1322 2446 1370 sunt
2477 1315 2800 1369 secundum
2837 1315 3045 1381 Deum,
3077 1319 3133 1369 et
3160 1315 3493 1371 castitatem
3538 1315 3760 1383 colunt,

2109 1409 2164 1460 et
2188 1404 2288 1475 qui
2322 1422 2421 1475 per
2449 1405 2603 1459 viam
2639 1409 2953 1476 augustam
3009 1404 3335 1470 ambulant,
3387 1408 3562 1477 atque
3601 1406 3761 1459 Eden

2109 1494 2509 1549 haereditatem
2544 1494 2781 1563 habent,
2816 1494 2875 1548 in
2928 1493 3341 1549 mansionibus
3393 1493 3762 1550 intemeratis

2109 1586 2543 1655 permanentes.

2180 1672 2396 1728 Divites
2427 1673 2718 1726 ardebunt
2751 1672 2884 1744 igne
2915 1671 3325 1740 humanitatis,
3368 1676 3425 1727 et
3475 1689 3763 1744 pauperes

2107 1761 2166 1816 in
2201 1761 2622 1828 tabernaculis,
2654 1769 2827 1833 atque
2859 1762 2916 1815 in
2950 1761 3084 1816 sinu
3115 1761 3360 1816 Abrahae
3393 1762 3765 1833 conspicien-

2109 1858 2217 1920 tes,
2252 1857 2476 1924 guttam
2511 1870 2674 1923 aquaa
2725 1854 3036 1924 rogabunt,
3073 1869 3176 1908 nec
3222 1853 3331 1908 erit
3379 1852 3480 1925 qui
3511 1853 3627 1908 illis
3660 1853 3759 1907 tri-

2112 1944 2272 1999 buat.
2309 1943 2716 1998 Formidemus
2748 1959 2974 1998 omnes.

2178 2033 2262 2087 Da
2294 2032 2462 2099 mihi,
2493 2032 2690 2103 Virgo,
2720 2033 2955 2104 pedicas
3005 2035 3062 2086 et
3115 2031 3354 2102 laqueos
3409 2031 3535 2088 vitae
3583 2031 3764 2102 hujus

2107 2140 2292 2189 vanae,
2324 2139 2389 2177 ac
2422 2123 2692 2192 perituris
2725 2122 3000 2193 effugere,
3023 2125 3081 2176 et
3111 2120 3262 2176 vires
3294 2122 3521 2192 sufﬁce,
3546 2120 3764 2192 quibus

2111 2213 2182 2269 ad
2213 2213 2393 2266 vitam
2428 2211 2688 2267 futuram
2718 2228 2975 2277 curram,
3017 2214 3074 2266 et
3121 2228 3154 2265 a
3204 2210 3452 2267 stridore
3497 2209 3765 2266 dentium

2113 2319 2206 2357 me
2234 2301 2437 2357 libera.

2801 2390 2942 2446 ODE
2984 2391 3080 2446 VI.

2180 2480 2369 2535 Judex
2391 2483 2480 2535 est
2512 2479 3218 2550 incorruptus,judicium
3251 2479 3543 2548 imprimis
3573 2477 3769 2533 formi-

2112 2569 2326 2636 dabile,
2365 2569 2453 2624 ira
2487 2569 2896 2636 intolerabilis,
2932 2579 2988 2623 et
3042 2568 3301 2623 tribunal
3329 2568 3438 2624 hoc
3471 2567 3633 2624 nulla
3665 2585 3768 2638 po-

2113 2664 2227 2714 test
2245 2657 2562 2713 calliditate
2579 2658 2952 2727 versutiaque
2970 2656 3617 2727 circumveniri.Angeli
3640 2673 3706 2711 cu
3719 2671 3771 2709 m

2113 2749 2322 2802 timore
2353 2753 2409 2801 et
2439 2751 2693 2802 tremore
2727 2747 3087 2816 ministrant;
3122 2746 3255 2801 libri
3289 2745 3519 2801 occulta
3555 2749 3771 2801 morta-

2112 2837 2259 2891 lium
2289 2837 2566 2908 produnt.
2591 2837 2670 2890 De
2707 2841 2911 2891 caetero
2946 2842 3172 2906 depone
3206 2852 3398 2891 mores
3447 2834 3774 2906 improbos,

2111 2926 2330 2994 anima,
2364 2930 2420 2980 et
2452 2943 2691 2980 amaras
2725 2926 2904 2980 funde
2936 2926 3246 2996 lacrymas.

2188 3015 2332 3069 Cum
2368 3015 2502 3069 hinc
2545 3015 2932 3085 emigravero,
2986 3031 3077 3084 ne,
3132 3015 3328 3085 Tirgo,
3365 3031 3456 3069 me
3509 3015 3768 3070 deseras.

2115 3106 2279 3160 Tunc
2307 3105 2463 3159 enim
2497 3121 2750 3174 nequam
2783 3105 3031 3174 spiritus
3064 3105 3322 3158 animam
3354 3120 3546 3158 meam
3580 3109 3774 3174 capta-

2120 3196 2286 3249 bunt.
2326 3195 2441 3248 lleu
2478 3193 2596 3248 mel
2633 3210 2746 3264 qua
2780 3193 3002 3248 ratione
3027 3193 3303 3264 etfugiam
3329 3192 3483 3258 illos,
3506 3197 3607 3247 aut
3628 3192 3770 3263 quid

2119 3282 2368 3339 faciam?
2424 3286 2548 3337 Heu
2593 3282 2714 3337 me!
2769 3284 3056 3354 quomodo
3108 3282 3417 3339 horribiles
3447 3283 3605 3338 locos
3637 3298 3772 3353 per-

2116 3373 2422 3428 transibo?
2448 3373 2532 3426 Tu
2566 3389 2700 3442 spes
2733 3389 2882 3438 mea,
2915 3377 2978 3426 tu
3010 3375 3214 3443 portus
3246 3388 3430 3439 meus,
3463 3377 3518 3426 et
3551 3375 3686 3426 ante
3719 3374 3774 3426 te

2118 3479 2224 3534 ego
2257 3461 2517 3517 famulus
2551 3467 2688 3516 tuus
2724 3478 2814 3516 me
2847 3465 3177 3533 prosterno.

2786 3569 2926 3623 ODE
2980 3568 3105 3623 VII.

2187 3658 2327 3721 Quis
2360 3657 2471 3712 erit
2501 3674 2711 3712 sensus
2745 3657 2975 3723 animae,
2999 3674 3135 3712 cum
3162 3657 3331 3729 positi
3359 3657 3574 3712 fuerint
3604 3656 3772 3713 thro-

2115 3749 2196 3813 ni,
2225 3752 2282 3801 et
2306 3747 2376 3800 ad
2403 3747 2682 3815 judicand
2697 3764 2794 3800 um
2837 3747 3021 3816 judex
3051 3747 3149 3802 ille
3196 3747 3615 3817 integerrimus
3637 3763 3773 3801 con-

2115 3836 2351 3901 sederit,
2385 3843 2440 3889 et
2469 3835 2603 3889 libri
2635 3835 2998 3890 exhibebunt
3027 3835 3329 3890 hominum
3371 3835 3652 3902 actiones,
3682 3851 3771 3891 co-

2116 3924 2432 3998 gitationes
2463 3929 2519 3978 et
2548 3923 2832 3979 consilia?
2864 3925 2952 3981 Vae
3005 3925 3109 3979 tibi
3141 3929 3288 3995 tum,
3323 3942 3355 3980 o
3404 3924 3537 3980 vilis
3569 3925 3767 3980 anima

2121 4019 2180 4070 et
2214 4014 2548 4070 miserrima
2569 4014 2581 4068 l

2187 4104 2499 4159 Oratorem
2554 4103 2623 4156 ad
2673 4103 3117 4172 persuasionem
3164 4104 3554 4159 accomodataa
3603 4121 3770 4175 argu-

2115 4195 2547 4262 mentationes,
2586 4201 2641 4249 et
2717 4195 2998 4250 orationis
3075 4199 3445 4262 ornamenta,
3502 4195 3770 4261 artiﬁcia,

2116 4287 2427 4342 verborum
2460 4284 2716 4355 strophae
2747 4302 2814 4339 ac
2847 4283 3085 4339 fallaciae
3111 4285 3420 4354 desinent;
3464 4287 3757 4356 sapientes

2113 4392 2318 4430 omnes
2349 4375 2924 4442 obmutescent,libri
2959 4393 3199 4446 operum
3232 4375 3565 4446 loquentur,
3588 4373 3773 4430 homi-

2115 4467 2290 4520 nibus
2322 4465 2666 4536 angelisque
2697 4466 2876 4520 simul
2908 4467 3307 4522 audientibus.

2186 4553 2712 4609 Innumerabilium
2747 4555 3088 4625 angelorum
3121 4555 3410 4611 exercitus
3459 4555 3674 4611 astabit
3705 4571 3770 4609 ac

2115 4643 2394 4697 thronum
2446 4642 2857 4698 circumdabit.
2919 4643 3199 4698 Homines
3258 4649 3455 4698 autem
3508 4643 3767 4699 universi

2115 4731 2354 4786 stabunt
2377 4731 2599 4799 tristes,
2649 4731 3062 4786 necessitatem
3095 4730 3444 4786 horriferam
3477 4731 3760 4799 videntes,

2114 4825 2170 4877 et
2201 4819 2554 4875 sententiam
2579 4821 2981 4889 justissimam
3017 4825 3366 4876 metuentes.

2188 4909 2540 4978 Aspersioue
2575 4909 2722 4963 roris
2754 4908 2860 4978 tui,
2894 4909 3113 4964 intacta
3141 4909 3340 4982 Virgo,
3389 4911 3657 4965 ardorem
3691 4911 3769 4966 li-

2121 4999 2340 5054 bidinis
2376 5015 2515 5054 meae
2544 4999 2861 5070 restingue.
2896 4999 3037 5054 Nam
3070 5001 3129 5054 in
3161 5005 3216 5055 te
3246 4999 3500 5055 Verbum
3537 5000 3638 5055 Dei
3690 5002 3770 5057 si-

2120 5094 2218 5145 cut
2251 5088 2446 5160 pluvia
2477 5089 2534 5142 in
2571 5089 2753 5145 vellus
2783 5090 3110 5160 descendit,
3153 5089 3448 5158 ﬁdelibus,
3493 5091 3772 5162 gehennae

2120 5197 2329 5252 rogum
2363 5181 2769 5252 exstinguens.

2771 5280 2910 5335 ODE
2948 5281 3098 5338 VIII.

2188 5370 2352 5424 Tunc
2381 5369 2609 5426 ordines
2640 5369 2902 5425 fidelium
2935 5371 3457 5438 examinabuntur,
3511 5373 3771 5445 episcopi

2119 5476 2373 5533 quoque,
2408 5461 2762 5529 sacerdotes,
2789 5461 2999 5530 levitas,
3037 5463 3311 5519 monachi
3345 5480 3358 5518 :
3393 5479 3529 5518 nam
3565 5463 3626 5518 in
3675 5481 3772 5519 or-

2120 5550 2254 5604 dine
2309 5565 2415 5603 suo
2467 5549 2719 5620 quisque
2768 5555 3057 5624 resurget,
3110 5557 3175 5608 ut
3221 5553 3470 5623 quisque
3507 5556 3771 5609 actorum

2120 5655 2365 5696 suorum
2400 5639 2685 5694 rationem
2719 5641 2947 5697 reddat.

2195 5729 2604 5801 Trepidabunt
2633 5748 2838 5787 omnes
2869 5733 3184 5804 principes,
3209 5732 3494 5803 opulenti,
3520 5748 3685 5804 reges
3716 5737 3773 5788 et
