4090 6416
324 339 429 393 407

1581 334 1950 393 GEORGIUS
1986 332 2287 389 PACHYM
2295 336 2499 391 ΕΒΚΘ.

3647 330 3750 385 408

328 464 611 537 dynastis,
633 461 907 517 consules
938 476 1005 516 ac
1039 460 1337 532 praesides.
1373 461 1457 516 Ab
1481 460 1984 519 omniChristiano
2017 464 2070 529 Α
2174 460 2258 515 Ibi
2290 460 2498 517 anima:
2544 457 3035 516 lamentabantur
3080 462 3139 514 et
3186 456 3566 526 frendebant,
3593 473 3628 512 a
3656 472 3753 512 co-

331 557 626 626 quaeretur
681 551 975 622 quomodo
1026 556 1195 622 pacta
1242 556 1523 607 conventa
1580 553 1637 607 in
1691 551 1981 623 baptismo

332 644 476 697 inita
508 642 842 696 servaverit.

406 731 717 787 Patefactis
747 736 804 784 et
838 730 1167 785 manifestis
1199 730 1475 787 omnibus
1508 731 1773 786 omnium
1808 730 1984 785 actio-

333 823 530 888 nibus,
580 822 945 877 tremendam
974 822 1156 891 judex
1204 822 1460 892 proferet
1507 822 1882 886 sententiam,
1930 824 1989 875 et

326 914 527 983 justos
580 928 613 966 a
651 911 871 967 dextris
924 912 1265 979 constituet,
1300 915 1638 983 peccatores
1670 911 1729 966 in
1757 910 1987 983 suppli-

334 1003 490 1057 cium
513 1002 793 1055 dimittet.

408 1093 453 1145 A
484 1090 726 1146 ﬂamma
758 1090 1057 1161 gehennae,
1092 1108 1124 1145 a
1149 1091 1409 1147 tenebris
1443 1095 1499 1146 et
1527 1106 1744 1157 verme,
1788 1107 1821 1145 a
1851 1089 1989 1145 stri-

339 1182 477 1236 dore
508 1182 774 1236 dentium
831 1184 888 1235 et
916 1184 1163 1245 tartaro,
1218 1198 1251 1236 a
1297 1180 1430 1236 lacu
1465 1182 1620 1251 ignis
1642 1184 1697 1235 et
1728 1180 1989 1251 omnige-

340 1287 482 1325 num
518 1286 826 1341 pcenarum
851 1268 1057 1336 libera,
1084 1269 1286 1341 Virgo,
1315 1274 1370 1324 te
1403 1270 1461 1324 in
1493 1270 1606 1325 ﬁde
1650 1268 1992 1324 collaudan-

340 1365 450 1417 tes.

1028 1448 1171 1503 ODE
1204 1450 1303 1505 IX.

413 1538 674 1593 Mortalis
707 1538 900 1593 omnis
928 1537 1104 1592 rebus
1136 1538 1373 1592 caducis
1424 1537 1680 1605 deditus,
1713 1542 1855 1593 tunc
1906 1555 1999 1593 vo-

341 1628 601 1699 luptates
634 1626 887 1681 irridens
921 1631 1099 1698 atque
1120 1631 1530 1690 contemnens,
1557 1631 1614 1681 et
1643 1627 1847 1681 acerbe
1874 1626 1998 1697 plo-

345 1732 481 1771 rens
512 1714 712 1768 dicet:
750 1712 855 1767 Ubi
894 1718 1076 1784 pater,
1111 1714 1211 1768 ubi
1266 1720 1471 1781 mater,
1525 1714 1622 1768 ubi
1674 1714 1863 1781 liberi,
1898 1714 1997 1769 ubi

2100 549 2294 619 gnatis
2317 556 2374 605 et
2404 551 2612 606 amicis
2663 550 3092 610 senarationem
3140 547 3554 621 perpetientes.
3614 550 3752 602 Fra-

2101 644 2220 694 tres
2252 641 2408 695 enim
2460 640 2847 707 devellentur,
2906 644 3069 709 pater
3123 656 3157 694 a
3211 637 3353 704 lilio,
3395 636 3623 691 amicus
3680 634 3754 690 ab

2102 730 2313 799 amico,
2366 732 2644 802 conjuges
2691 748 2723 785 a
2763 731 3117 801 conjugibus
3149 728 3294 784 locis
3326 733 3757 784 tormentorum

2104 818 2331 874 saeviter
2363 819 2778 876 discernentur
2806 836 2872 874 ac
2901 820 3341 890 disjungentur.

2175 952 2362 1023 Reges
2394 952 2582 1007 instar
2629 952 2941 1007 infantium
2995 951 3238 1019 ﬂebunt,
3273 954 3330 1006 et
3376 948 3745 1021 expellentur

2104 1042 2401 1113 principes
2460 1043 2531 1097 ab
2589 1043 2772 1110 Eden,
2807 1042 3308 1114 projicienturque
3359 1040 3417 1094 in
3478 1040 3759 1111 gehennae

2105 1132 2299 1203 ignem
2328 1152 2340 1189 :
2375 1134 2513 1189 hinc
2544 1132 2704 1187 illinc
2736 1132 2996 1188 videntes
3028 1130 3288 1204 angelos,
3337 1147 3371 1185 a
3420 1129 3639 1201 quibus
3694 1145 3761 1184 eo

2107 1222 2555 1291 compellentur,
2604 1221 2841 1294 illisque
2915 1220 3347 1294 supplicantes,
3377 1235 3583 1275 verum
3617 1217 3766 1273 nihil

2107 1311 2498 1381 proficientes.

2180 1447 2263 1501 En
2298 1447 2495 1517 amici,
2521 1447 2632 1502 diei
2668 1446 2971 1502 horribilis
3005 1445 3414 1501 necessitatem
3450 1443 3762 1500 audivistis

2108 1553 2334 1591 omnes.
2371 1541 2855 1609 Praeoccupemus
2904 1537 3125 1592 Christi
3160 1536 3366 1591 l'aciem
3400 1535 3459 1590 in
3490 1533 3763 1607 psalmis,

2110 1630 2165 1679 et
2197 1626 2490 1697 precibus.
2544 1626 2659 1681 Ora
2717 1643 2819 1698 pro
2876 1625 3065 1691 nobis,
3098 1624 3315 1697 Virgo;
3348 1630 3517 1681 orent
3548 1622 3765 1696 angeli,

2110 1714 2464 1784 Praecursor,
2494 1720 2833 1771 sanctorum
2882 1714 3283 1786 apostolorum
3338 1713 3766 1778 duodenarius,

347 1803 493 1869 noti,
528 1801 625 1857 ubi
662 1801 857 1867 amici,
886 1803 981 1857 ubi
1019 1802 1269 1873 cognati,
1303 1804 1403 1858 ubi
1438 1803 1677 1858 honoris
1707 1802 1997 1875 imagina-
2030 1834 2079 1899 B
2114 1821 2321 1873 omnes
2352 1805 2589 1861 demum
2622 1805 2834 1861 sancti.
2866 1806 3075 1861 Amen.

346 1891 464 1946 tio?
497 1891 707 1946 Omnia
737 1898 1119 1949 evanuerunt.
2030 1886 2077 1899 ”
2224 1886 2227 1889 ἢ

1640 2174 1649 2177 ,
1679 2130 1840 2175 ANNO
1886 2133 2101 2178 DOMINI
2146 2132 2427 2177 MCCCXXX

961 2256 1769 2508 GEOGIUS
1878 2257 3127 2514 I’ACllYMERES

1719 2601 2418 2813 NoﬁTIA

973 2858 1087 2938 (Ex
1118 2861 1323 2920 Leone
1351 2858 1583 2920 Allatio
1620 2858 1705 2919 De
1736 2856 2036 2939 Georgiis,
2072 2877 2169 2937 ap.
2220 2858 2467 2920 Fabric.
2503 2857 2665 2918 Bibl.
2703 2860 2808 2919 Gr.
2844 2865 2997 2919 tom.
3033 2858 3139 2937 X.)

419 3100 700 3169 Georgius
729 3101 1133 3175 Pachymeres,
1167 3105 1675 3178 Constantinopoli
1706 3106 2014 3175 oriundus,
2048 3108 2149 3163 sed
2180 3107 2382 3163 Nicaea:
2417 3111 2579 3162 ortus
2613 3110 2783 3179 atque
2816 3107 3121 3175 educatus,
3156 3107 3216 3162 in
3249 3107 3624 3163 sacerdotum
3656 3123 3773 3161 nu-

346 3202 575 3241 merum
607 3194 937 3261 cooptatus,
973 3192 1496 3260 hieromnemonis,
1531 3195 1848 3266 protecdici
1882 3196 1959 3265 (a)
1991 3200 2043 3251 et
2075 3195 2525 3267 dicaaOphylacis
2555 3201 2775 3251 honore
2808 3201 3015 3252 auctus
3047 3201 3137 3252 est
3167 3197 3498 3268 claruitque
3519 3197 3630 3251 sub
3661 3196 3766 3250 Mi-

346 3276 545 3331 chaele
576 3282 634 3332 et
664 3280 1015 3336 Andronicis
1064 3282 1403 3355 Palaaologis
1435 3285 1532 3355 (b).
1600 3284 1726 3354 Ipse
1760 3286 1831 3339 de
1889 3302 1949 3341 se

2121 3285 2405 3357 principio
2460 3286 2744 3340 Historiae.
2809 3282 3073 3359 Γεώργιος
3124 3280 3768 3352 Κωνσταντινουπολίτης

352 3364 447 3436 μὲν
504 3365 564 3419 τὸ
620 3366 894 3438 ἀνέκαθεν,
930 3368 981 3423 ἐν
1016 3370 1214 3441 Νικαίᾳ
1263 3369 1320 3425 δὶ
1375 3372 1461 3425 καὶ
1515 3373 1816 3447 γεννηθεὶς,
1868 3374 1954 3427 καὶ
2006 3374 2254 3449 τραφεὶς,
2287 3372 2336 3426 ἐν
2382 3372 2792 3429 Κωνσταντῖνου
2843 3371 2901 3427 δὲ
2950 3374 3215 3435 καταστὰς
3270 3372 3447 3441 αὖθις,
3501 3372 3589 3428 ὅτε
3638 3375 3772 3427 Θεοῦ

347 3452 572 3525 νεύματι
608 3456 709 3510 ὑπὸ
756 3457 1046 3529 Ῥωμαίων
1103 3458 1336 3533 ἐγένετο,
1397 3459 1597 3514 εἷ’κοσιν
1652 3462 1767 3522 ἑνὸς
1816 3459 2026 3523 δέοντος
2082 3460 2359 3531 τηνικάδε,
2422 3462 2510 3517 καὶ
2568 3460 2764 3538 κλήρῳ
2824 3460 2998 3523 δοθεὶς
3059 3463 3209 3535 θείῳ,
3242 3462 3331 3516 καὶ
3383 3462 3685 3535 ἀξιώμασιν
3719 3461 3772 3516 ἐν

350 3541 821 3613 ἐκκλησιαστικοῖς
880 3545 1200 3621 διαπρέψας,
1251 3550 1339 3602 καὶ
1395 3547 1449 3611 ἐς
1480 3548 1853 3625 πρωτεκδέκου
1914 3550 2117 3628 φθάσας
2168 3554 2361 3625 τιμὴν,
2395 3546 2471 3605 ἔτι
2518 3549 2574 3606 δὲ
2606 3553 2695 3605 καὶ
2749 3550 2801 3605 ἕν
2848 3551 3172 3625 ἀνακτόροις
3224 3553 3299 3614 εἷς
3374 3550 3781 3629 δικαιοφύΛακα

347 3633 625 3703 τιμηθεὶς,
656 3632 784 3688 τάδε
815 3636 1162 3711 ξυνέγραψεν.
1200 3640 1460 3710 Georgius
1488 3642 1992 3714 Constantinopoli.

2124 3644 2284 3709 ndus,
2320 3643 2517 3700 Niczrae
2550 3652 2735 3698 tamen
2768 3654 2921 3699 ortus
2950 3652 3002 3700 et
3032 3646 3285 3699 enutrius
3315 3643 3779 3714 Constantinopo-

352 3723 557 3793 limque
587 3741 780 3779 rursus
808 3727 1107 3795 restitutus,
1138 3745 1262 3783 cum
1292 3730 1394 3783 Dei
1420 3735 1561 3785 nutu
1586 3732 1643 3785 in
1674 3741 2004 3802 potestatem
2036 3732 2205 3787 rediit
2238 3736 2625 3801 Romanorum,
2660 3732 2837 3788 decem
2871 3738 2923 3788 et
2952 3749 3147 3789 novem
3208 3742 3338 3789 tunc
3392 3749 3571 3788 annos
3608 3740 3782 3787 natus

352 3820 405 3867 et
424 3814 565 3867 clero
596 3813 782 3869 divino
814 3818 1109 3887 ascriptus,
1141 3826 1193 3872 et
1222 3817 1590 3889 dignitatibus
1617 3820 2009 3877 ecclesiasticis
2038 3821 2450 3889 condecoratus,
2483 3830 2533 3877 et
2563 3822 2637 3876 ad
2664 3821 3004 3891 dignitatem
3033 3838 3201 3895 usque
3226 3822 3512 3894 proteciici
3549 3838 3781 3893 promo-

349 3903 460 3965 tus,
516 3902 668 3958 dimo
686 3909 739 3958 et
770 3906 827 3959 in
859 3907 991 3961 aula
1017 3906 1439 3979 dicaeophylacis
1466 3910 1647 3980 ofﬁcio
1678 3912 1981 3981 insignitus
2038 3910 2150 3965 haec
2204 3913 2546 3980 conscripsit.
2580 3910 2921 3966 Protecditus
2978 3912 3131 3966 male
3186 3916 3245 3967 et
3289 3912 3539 3983 epitome
3568 3910 3789 3965 Cesne-

354 3990 599 4047 rianain
629 3995 993 4064 protecdium,
1028 4003 1086 4053 et
1114 3998 1169 4052 in
1207 3998 1621 4070 supplemento
1653 4002 1943 4072 epitomes
1972 3999 2213 4055 Antonii
2242 3999 2502 4055 Verderii
2535 3999 2884 4064 protectitum
2928 4006 3189 4057 mutatus
3221 4007 3350 4069 est;
3394 4001 3551 4073 quod
3602 3999 3783 4055 nihili

352 4084 460 4137 est.

423 4172 473 4225 1.
506 4173 754 4244 Scripsit
784 4176 845 4229 in
867 4175 1201 4231 universam
1236 4175 1352 4231 fere
1383 4176 1705 4233 Aristotelis
1747 4177 2171 4249 philosophiam
2205 4178 2495 4248 epitomem
2546 4178 2614 4249 (ο)
2649 4194 2775 4250 quae
2808 4194 2841 4233 a
2880 4177 3150 4250 Philippo
3182 4179 3389 4235 Becbio
3420 4178 3782 4251 philosopho

350 4276 416 4315 ac
449 4262 672 4317 medico
705 4263 764 4317 in
799 4263 1075 4319 Latinum
1108 4280 1441 4320 sermonem
1486 4283 1767 4322 conversa
1796 4268 1952 4322 edita
1984 4268 2224 4323 Basileae
2259 4268 2417 4332 1569,
2470 4268 2625 4338 apud
2685 4268 3039 4323 Frobenium
3089 4268 3149 4323 in
3211 4268 3310 4324 fol.
3364 4284 3495 4324 cum
3541 4268 3780 4340 Synesii

350 4350 736 4406 orationibus.
768 4356 885 4407 Hoc
917 4354 1139 4424 quippe
1171 4354 1519 4426 compendio
1553 4355 1943 4428 Pachymeres
2001 4357 2343 4412 obscuriora
2398 4354 2728 4411 Aristotelis
2785 4355 2914 4412 loca
2969 4373 3083 4411 non
3138 4361 3371 4412 tantum
3402 4358 3475 4412 de
3504 4374 3635 4426 suo,
3668 4359 3783 4413 sed

350 4439 600 4495 aliorum
634 4441 811 4496 etiam
844 4442 1150 4497 sententiis
1182 4448 1357 4515 atque
1390 4447 1856 4517 expositionibus
1885 4446 2148 4519 prolatis,
2184 4464 2288 4502 nec
2331 4445 2688 4516 ineleganter
2717 4446 3028 4518 explanat;
3063 4447 3145 4502 ita
3175 4448 3247 4502 ab
3288 4446 3418 4520 ipsa
3466 4446 3781 4518 Porphyrii

352 4530 596 4599 Isagoge
642 4546 791 4601 opus
823 4547 1085 4597 exorsus,
1127 4536 1183 4587 et
1214 4550 1314 4603 per
1345 4551 1550 4591 omnes
1578 4553 1717 4592 suas
1752 4542 1946 4607 partes
1980 4537 2413 4609 phi1030phiam
2440 4553 2810 4609 percurrens,
2845 4537 2902 4591 in
2937 4537 3126 4609 ipsius
3158 4537 3570 4610 metaphysicaa
3602 4552 3774 4592 com-

352 4619 634 4688 pendiosa
655 4621 907 4692 epitome
938 4621 1115 4676 finem
1146 4623 1301 4678 facit.
1334 4625 1583 4681 Becbius
1635 4627 1839 4683 scribit
1881 4628 1989 4683 hoc
2047 4644 2195 4698 opus
2247 4628 2543 4698 accepisse
2574 4644 2637 4681 se
2675 4643 2741 4681 ex
2777 4626 3074 4681 Basiliensi
3109 4627 3429 4682 admodum
3462 4626 3777 4696 lacunoso,

353 4709 657 4777 mendoso,
691 4715 748 4766 et
779 4710 949 4781 quasi
977 4711 1353 4781 indistincto;
1388 4715 1570 4771 altero
1604 4717 1947 4789 Fuggerano
1982 4718 2187 4773 multis
2229 4718 2291 4772 in
2333 4717 2479 4772 locis
2510 4720 2807 4788 corrupto,
2862 4716 3161 4787 fuisseque
3200 4717 3469 4786 adjutum
3512 4717 3571 4772 in
3625 4717 3781 4774 locis

351 4798 696 4871 difﬁcimilis
728 4818 761 4856 a
789 4801 1016 4857 Joanne
1069 4801 1431 4874 Hospiniano
1459 4809 1512 4861 et
1545 4806 1831 4863 Gulielmo
1880 4806 2205 4879 Xylandro;
2266 4812 2331 4862 ut
2388 4806 2626 4862 omnino
2658 4808 2717 4861 in
2750 4822 2913 4876 spem
2946 4807 3162 4862 bonam
3194 4807 3434 4875 venerit,
3471 4810 3777 4863 auctorem

348 4887 504 4944 hunc
532 4907 648 4945 non
681 4890 937 4961 pessime
969 4908 1002 4945 a
1035 4907 1096 4945 se
1130 4908 1365 4947 rursum
1398 4894 1457 4948 in
1488 4893 1680 4949 lucem
1717 4897 1967 4967 prodire.
2003 4898 2066 4951 In
2098 4896 2349 4967 reliquis,
2383 4897 2481 4950 ubi
2510 4895 2897 4966 Pachymeres,
2950 4897 3029 4950 ait
3060 4896 3336 4963 Bechius,
3367 4898 3455 4952 vel
3484 4912 3634 4962 suas,
3685 4898 3779 4951 vel

348 4980 591 5033 aliorum
622 4980 998 5036 meditationes
1027 4981 1211 5051 aﬂert,
1260 4982 1464 5052 majori
1492 4985 1659 5039 etiam
1706 4985 2009 5055 diﬁcultate
2034 4995 2262 5056 propter
2286 4986 2674 5041 obscuritatem
2704 5001 2829 5039 sum
2858 4992 3134 5041 versatus.
3179 4987 3316 5041 Nam
3364 4986 3547 5042 verbis
3591 4986 3774 5041 inter-

342 5065 475 5121 dum
499 5070 682 5123 utitur
708 5087 818 5123 non
848 5069 979 5124 adeo
1012 5071 1192 5124 tristis
1215 5087 1280 5125 ac
1309 5071 1558 5142 usitatis,
1612 5074 1901 5129 interdum
1942 5074 2253 5130 sententias
2302 5074 2545 5141 inchoat,
2577 5077 2628 5129 el
2656 5075 2754 5128 vix
2800 5074 3018 5129 tandem
3068 5074 3373 5141 interiectis
3425 5074 3560 5129 bene
3599 5075 3780 5144 longis

341 5158 786 5226 parenthesibus,
815 5158 1061 5213 absolvit.
1098 5158 1289 5214 Unum
1319 5165 1376 5215 et
1408 5162 1705 5233 integrum
1734 5180 1882 5234 opus
1913 5164 1987 5219 ob
2018 5166 2110 5219 sui
2145 5164 2358 5219 molem
2393 5180 2523 5219 raro
2557 5180 2672 5218 uno
2704 5162 3001 5218 volumine
3053 5162 3374 5232 clauditur,
3418 5164 3670 5236 ideoque
3710 5163 3779 5221 iu

344 5249 538 5313 partes
569 5245 821 5300 scissum
856 5245 965 5301 sub
998 5246 1244 5301 diversis
1280 5247 1491 5313 titulis,
1523 5252 1807 5321 tanquam
1836 5251 2049 5306 diversi
2083 5255 2367 5307 tractatus
2399 5255 2831 5321 proponuntur.
2864 5250 3234 5321 Ejuspartes
3266 5250 3457 5307 editas
3483 5255 3541 5305 et
3567 5267 3782 5306 manu—

341 5334 615 5405 scriptas,
645 5340 711 5389 ut
739 5335 909 5389 variae
940 5333 1052 5389 alio
1085 5339 1262 5406 atque
1292 5335 1407 5391 alio
1439 5338 1718 5410 dispersae
1746 5338 1805 5394 in
1832 5339 2208 5396 bibliothecis
2238 5340 2642 5404 inveniuntur,
2677 5338 2775 5394 hic
2810 5339 3077 5395 referam.
3114 5340 3193 5395 Ex
3239 5340 3346 5396 hoc
3378 5340 3577 5413 itaque
3608 5357 3785 5397 com~

2189 5468 2257 5537 (ε)
2286 5469 2477 5523 ϐτωοο
2510 5470 2781 5537 superest
2811 5482 2923 5522 ms.
2957 5466 3015 5521 in
3050 5469 3227 5525 variis
3256 5466 3653 5535 bibliothecis,
3706 5448 3780 5522 ιιι

2108 5541 2167 5594 in
2200 5540 2505 5614 Coislinia,
2565 5543 2745 5614 testes
2805 5538 3243 5614 Montl‘aucono,
3282 5559 3338 5614 p.
3389 5541 3514 5594 222.
3548 5539 3775 5614 Versus

2108 5629 2259 5684 quos
2292 5610 2826 5684 Pacbymeresipse
2858 5612 3125 5683 epitomes
3156 5610 3298 5671 huic
3328 5629 3447 5669 suae
3496 5610 3771 5684 praefixit,

2108 5680 2343 5739 exhibet
2371 5680 2625 5739 Allatius
2657 5680 2828 5738 infra.

414 5463 493 5533 (α)
543 5458 1453 5539 ἰ’ττομνηματττγράφοςπᾶὶοἱῐιξῐῇ
1495 5465 1883 5539 Pachymeres
1944 5469 2003 5523 in

347 5550 455 5588 ms.
495 5536 646 5604 apud
686 5536 1245 5599 Lambecium‘VIII,
1280 5552 1335 5605 p.
1370 5537 1496 5590 385.

419 5605 496 5681 (b)
528 5607 895 5663 Andronicus
928 5605 1291 5681 Palaeologus
1320 5607 1585 5665 Michaeli
1608 5611 1760 5681 patri
1791 5610 1852 5666 in
1885 5611 1997 5666 im-

348 5677 505 5749 perio
538 5681 820 5736 successit
850 5684 917 5733 A.
952 5678 1011 5735 Ο.
1050 5677 1207 5733 1282ῖ
