4090 6402
293 335 403 391 409
1849 334 1908 384 Νι

2103 335 2161 384 A.
3613 326 3718 380 410

291 456 513 532 pendio
544 456 702 511 edita
730 450 1196 527 βηηῒ,Γεωργίου
1246 447 1522 522 διακόνου,
1581 449 1672 505 καὶ
1723 447 2179 525 δικαιῠφόλακος,
2227 453 2327 505 τοῦ
2380 448 2738 524 Παχυμὲρου,
2795 449 2921 525 περὶ
2976 453 3085 503 τῶν
3130 446 3183 519 ἓξ
3231 455 3331 518 τῆς
3386 447 3722 526 φιλοσοφίας

294 548 569 618 ὁρισμῶν,
618 541 709 597 καὶ
761 547 869 597 τῶν
926 542 1085 596 πέντε
1144 545 1337 619 φωνῶν
1395 538 1485 595 καὶ
1543 544 1648 595 τῶν
1703 536 1829 595 δέκα
1874 562 1908 596 κ

2103 545 2246 595 πῶν.
2280 541 2496 612 Georgii
2524 539 2753 596 diaconi
2781 549 2833 596 et
2859 540 3302 612 diccwphylacis,
3333 539 3718 609 Pachymeree,

291 640 361 694 de
388 653 488 693 sex
514 633 884 708 philosophiae
914 632 1352 705 deﬁnitionibus,
1385 641 1439 688 et
1469 631 1536 688 de
1564 634 1805 704 quinque
1833 634 2054 689 vocibus
2083 636 2136 687 et
2181 635 2250 687 de
2295 632 2475 687 decem
2519 631 2984 702 prmdicamentis.
3036 637 3082 684 A
3125 630 3342 685 Jacobo
3396 630 3720 685 Foscareno

293 726 657 782 translatum
709 724 916 780 Graecae
966 729 1026 780 et
1072 723 1274 779 Latine
1300 722 1562 778 Venetiis
1594 739 1693 795 per
1721 722 2108 795 Stephanum,
2142 728 2199 778 et
2228 723 2437 777 fratres
2468 723 2538 778 de
2566 722 2923 789 Sabio1532,
2956 738 3091 777 cum
3124 720 3293 776 Pselii
3328 726 3384 775 et
3409 718 3719 790 Nicephori

296 815 642 873 Blemmidae
676 813 1041 888 compendiis
1064 814 1123 869 in
1160 815 1425 886 Logicam
1455 812 1822 881 Aristotelis;
1855 817 1911 868 et
1943 819 2147 886 postea
2176 813 2440 880 Parisiis,
2489 829 2640 868 anno
2694 813 2852 879 1548,
2903 814 2955 865 8.
3009 812 3204 867 Graece
3252 811 3517 865 auctiora
3566 806 3719 879 apud

293 906 718 974 Vascosanum,
768 911 828 962 et
874 923 994 962 una
1050 921 1186 961 cum
1244 903 1367 960 illis
1427 905 1844 976 compendium
1901 903 1961 958 in
2015 902 2275 975 reliquos
2336 903 2550 977 Organi
2598 902 2958 959 Aristotelici
3010 903 3214 970 libros,
3261 904 3333 957 De
3378 900 3720 970 interpreta-

288 997 443 1051 tione
509 1011 745 1068 nempe,
815 996 1064 1063 Priores,
1124 997 1175 1049 et
1238 993 1575 1050 Posteriores
1640 993 1981 1065 Analyticos,
2046 993 2282 1065 Tapicos,
2343 1010 2408 1050 ac
2463 993 2796 1065 Sophistieos
2862 992 3125 1049 Elenchos
3183 991 3307 1064 (d);
3365 1007 3496 1062 qum
3545 992 3721 1043 antea

292 1084 505 1140 Latine
543 1101 613 1140 ex
653 1084 1137 1157 interpretatione
1184 1084 1430 1139 Joannis
1486 1084 1759 1155 Baptistae
1816 1083 2043 1139 Rasarii
2093 1083 2357 1139 ediderat
2405 1085 2581 1155 idem]
2631 1084 3004 1140 Vascosanus
3054 1082 3292 1149 ibidem,
3341 1097 3493 1135 anno
3549 1078 3713 1143 1557,

292 1175 349 1228 8.
384 1175 463 1231 De
494 1173 605 1229 hoc
632 1190 805 1246 opere
847 1173 1094 1230 Michael
1141 1172 1514 1229 Vascosanus
1567 1190 1580 1229 :
1631 1173 1943 1229 Aristotelis
1991 1172 2253 1229 universa
2302 1188 2471 1244 opera
2518 1172 2778 1242 Georgius
2824 1172 3211 1243 Pachymeres,
3268 1169 3471 1225 Graece
3516 1169 3718 1238 facun-

295 1263 407 1321 di}?
456 1268 652 1319 auctor
704 1264 1067 1335 gravissimus
1123 1279 1189 1319 ac
1242 1263 1532 1331 magister,
1589 1263 1656 1318 ob
1710 1262 1952 1317 nimium
2008 1262 2128 1331 eius
2181 1266 2559 1334 protestatem,
2614 1279 2681 1317 ac
2737 1262 3039 1317 disserendi
3085 1259 3448 1316 subtilitatem
3496 1256 3564 1310 ab
3613 1271 3718 1309 usu

290 1361 585 1423 remotam,
638 1353 700 1407 in
751 1354 1042 1423 epitomem
1089 1355 1390 1421 contraxit,
1442 1354 1521 1409 ita
1573 1361 1760 1409 tamen
1812 1351 2064 1423 singulas
2112 1353 2231 1424 ejus
2286 1356 2474 1423 partes
2530 1352 2915 1421 complectens,
2965 1353 3025 1405 ut
3083 1365 3210 1421 quae
3265 1348 3335 1403 ad
3382 1347 3721 1418 optimarum

284 1459 479 1498 rerum
508 1442 901 1512 cognitionem,
932 1450 1102 1513 atque
1133 1444 1193 1498 in
1224 1441 1298 1497 iis
1327 1444 1785 1499 exercitationem
1814 1441 2183 1514 pertinerent,
2215 1441 2362 1497 nihil
2394 1457 2587 1497 eorum
2618 1440 2896 1509 omiserit,
2919 1454 3046 1512 quae
3078 1455 3166 1495 res
3196 1438 3475 1494 divinitus
3505 1435 3581 1490 ad
3611 1450 3713 1488 nos

285 1530 529 1603 delapsa
556 1531 775 1588 videtur
800 1531 898 1587 hoc
923 1533 1173 1587 maxime
1206 1540 1468 1604 tempore,
1499 1548 1601 1604 quo
1631 1548 1819 1588 omnes
1844 1531 1913 1586 de
1941 1531 2265 1603 prolixitate
2292 1531 2612 1587 studiorum
2650 1532 2715 1586 in
2761 1529 3118 1602 philosophia
3154 1534 3598 1600 conquerantur.
3650 1526 3721 1577 Et

282 1620 576 1677 Rasarius
607 1621 815 1677 scribit
843 1620 1065 1678 codicis
1094 1621 1257 1677 illius
1285 1622 1516 1693 copiam
1548 1622 1663 1678 sibi
1695 1622 1909 1677 factam
1943 1619 2125 1677 fuisse
2156 1638 2190 1677 a
2218 1622 2444 1677 Joanne
2475 1620 2739 1693 Baptista
2766 1620 3087 1691 Speciano;
3118 1619 3174 1674 in
3210 1635 3324 1691 quo
3355 1617 3492 1672 licet
3522 1612 3718 1670 omnia

283 1709 628 1768 Aristotelis
657 1727 834 1783 opera
864 1712 1022 1766 brevi
1054 1712 1311 1784 quadam
1340 1711 1431 1767 via
1461 1717 1784 1782 contracta,
1818 1716 1876 1767 et
1905 1711 1962 1767 in
1997 1715 2316 1782 augustum
2368 1712 2605 1768 redacta
2649 1712 3108 1780 continerentur,
3164 1710 3289 1781 ipse
3339 1712 3555 1773 tamen,
3609 1701 3710 1774 qui

286 1801 461 1874 prius
492 1817 698 1857 omnes
727 1800 1061 1857 Aristotelis
1090 1800 1296 1868 libros,
1323 1801 1426 1872 qui
1456 1802 1528 1857 ad
1561 1802 1893 1858 disserendi
1926 1800 2213 1857 rationem
2247 1801 3083 1873 pertinent,perlegerat,illam
3106 1799 3421 1870 epitomem
3453 1793 3716 1867 perlegit,

286 1896 350 1946 et
378 1890 546 1947 illam
580 1894 828 1963 partem,
862 1908 989 1963 qua:
1023 1895 1210 1947 artem
1241 1890 1557 1963 eloquendi
1590 1892 1972 1963 petractabat,
2005 1891 2312 1962 convertit,
2368 1896 2425 1947 et
2474 1891 2679 1946 edidit.
2727 1891 3034 1960 Praeterea,
3084 1891 3163 1945 De
3210 1905 3310 1943 sex
3349 1882 3714 1959 philosophia

284 1980 737 2052 definitionibus,
770 1980 836 2037 de
864 1982 1143 2036 divisione
1171 1981 1560 2054 philosophiae,
1591 1981 1658 2037 de
1687 1984 1929 2053 quinque
1956 1982 2199 2052 vocibus,
2221 1981 2286 2037 de
2314 1982 2499 2038 decem
2523 1982 2999 2054 praedicamentis,
3027 1978 3225 2035 Latine
3255 1977 3548 2049 impressa
3578 1977 3719 2029 sunt

284 2070 537 2126 Basileae
570 2086 674 2142 per
700 2069 991 2126 Joannem
1022 2070 1368 2143 Oporinum,
1403 2088 1537 2126 cum
1570 2071 1877 2144 Porphyrii
1906 2071 2164 2143 quinque
2193 2072 2457 2138 vocibus,
2490 2076 2547 2127 et
2577 2070 2902 2128 Aristotelis
2952 2068 3448 2142 praedicamentis,
3497 2069 3635 2130 etc.,
3683 2080 3717 2118 a

278 2158 600 2217 Joachimo
647 2158 911 2215 Perionio
961 2160 1167 2215 versis.
1214 2160 1481 2231 Epitome
1531 2160 1880 2217 Generiana.
1928 2163 1992 2216 Et
2039 2160 2106 2216 de
2150 2178 2251 2217 sex
2294 2161 2708 2232 deﬁnitionibus
2743 2165 2793 2218 et
2822 2160 3096 2217 divisione
3122 2156 3492 2231 philosophiae
3521 2156 3717 2210 Graece

282 2268 427 2308 cum
453 2250 725 2324 Archyta
756 2250 1097 2322 Categoriis.
1128 2250 1338 2323 Lipsiae
1370 2251 1429 2306 in
1461 2252 1520 2306 8°
1550 2254 1643 2324 (e).
1672 2253 1968 2309 Antonius
1997 2253 2313 2308 Verderius
2344 2252 2403 2308 in
2436 2250 3042 2326 supplemento,nulla
3066 2254 3264 2306 tamen
3296 2264 3429 2303 cum
3462 2262 3523 2301 re
3553 2242 3719 2299 dubi-

277 2341 457 2411 tavit,
491 2357 565 2396 an
598 2343 805 2396 auctor
833 2339 1015 2411 hujus
1047 2340 1333 2411 epitomes
1359 2340 1512 2396 idem
1546 2340 1781 2396 sitcum
1807 2341 2053 2413 Georgio
2080 2341 2459 2414 Pachymere.
2512 2343 2777 2413 Georgius
2795 2341 3062 2397 diaconus
3108 2338 3447 2411 protecdicus
3493 2334 3721 2406 scripsit

285 2431 475 2489 Greece
498 2430 793 2501 epitomem
820 2430 1042 2502 Logices
1071 2430 1402 2498 Aristotelis,
1436 2432 1697 2487 Parisiis.
1732 2432 1790 2486 in
1824 2432 1906 2498 8°,
1964 2431 2112 2502 apud
2147 2433 2523 2488 Vascosanum
2553 2434 2711 2487 1346.
2744 2432 2936 2488 Nescio
2975 2448 3047 2486 an
3091 2429 3139 2485 is
3185 2435 3379 2484 auctor
3430 2428 3502 2481 sit
3546 2424 3714 2492 idem,

282 2521 387 2591 qui
412 2523 467 2573 et
494 2518 770 2587 Georgius
798 2519 1185 2589 Pachymeres,
1217 2520 1374 2591 cujus
1402 2535 1571 2592 opera
1602 2518 1790 2577 Graeca
1837 2521 1898 2575 in
1945 2520 2177 2592 epitome
2224 2522 2486 2577 Biblioth.
2549 2520 2765 2577 Gesner.
2812 2522 3187 2575 continentur.
3242 2518 3397 2572 Idem
3449 2514 3602 2570 enim
3658 2516 3715 2567 et

284 2624 451 2664 unus
479 2611 572 2664 est
598 2608 911 2681 Georgius,
945 2609 1235 2681 epitomes
1266 2608 1505 2681 Logices
1534 2613 1760 2678 auctor,
1793 2614 1850 2665 et
1880 2609 2131 2666 aliorum
2162 2626 2407 2682 operum
2438 2627 2566 2683 qua:
2605 2609 2988 2683 Pachymerio
3035 2625 3069 2664 a
3118 2605 3465 2663 Generianis
3520 2603 3707 2675 epito-

274 2698 619 2754 matoribus
651 2697 1019 2754 tribuuntur.

344 2788 402 2842 2.
442 2787 752 2859 Ejusdem,
788 2791 871 2844 De
900 2788 1068 2844 lineis
1098 2788 1511 2861 insecabilibus,
1542 2789 1926 2862 Paraphrasis
1955 2790 2109 2846 inter
2135 2788 2467 2846 Aristotelis
2498 2805 2674 2861 opera
2726 2788 2836 2845 sub
2884 2786 3218 2845 Aristotelis
3268 2785 3510 2842 nomine
3554 2783 3712 2840 edita

277 2880 370 2933 est
396 2874 639 2932 Basileaa
674 2875 834 2945 153i,
867 2877 928 2932 in
956 2876 1080 2948 loti,
1112 2883 1171 2934 et
1200 2877 1341 2934 alibi
1371 2879 1753 2949 postmodum
1779 2896 1849 2936 ex
1875 2878 2356 2951 interpretatione
2404 2878 2609 2935 Jacobi
2659 2877 2947 2934 Schenchi
2997 2876 3089 2948 (Γ).
3141 2876 3387 2947 Georgio
3438 2873 3713 2930 restituta

290 2965 483 3020 Graece
532 2969 590 3021 et
640 2965 841 3021 Latine
888 2966 948 3021 in
998 2966 1253 3024 editione
1300 2969 1772 3040 Casauboniana,
1807 2986 1961 3025 anno
1995 2970 2154 3036 1597,
2182 2969 2242 3025 in
2269 2970 2350 3038 8°,
2380 2973 2438 3026 et
2470 2970 2629 3038 1946,
2662 2968 2721 3024 in
2755 2967 2856 3023 fol.
2889 2966 3140 3023 Colonias
3170 2965 3578 3037 Allobrogum,
3610 2962 3712 3017 ubi

297 3054 530 3109 additur
556 3071 626 3110 ex
650 3055 1074 3113 nonnullorum
1107 3058 1384 3129 opinione
1414 3059 1829 3132 Paraphrasim
1862 3060 2024 3115 illam
2056 3060 2302 3132 Georgio
2334 3059 2516 3115 tribui
2551 3076 2564 3114 :
2599 3060 3012 3130 cujuscunque
3041 3062 3239 3112 tamen
3270 3055 3372 3110 illa
3401 3058 3513 3120 est,
3537 3052 3715 3123 digna

300 3148 386 3199 est
412 3149 467 3200 et
494 3145 763 3217 Georgio,
797 3150 853 3201 et
883 3162 1010 3218 quas
1044 3147 1197 3203 inter
1221 3149 1557 3205 Aristotelis
1587 3165 1759 3221 opera
1788 3154 2121 3220 conseatur,
2156 3150 2401 3221 indigna
2431 3154 2652 3219 tamen,
2686 3165 2814 3222 quas
2845 3147 3137 3204 Aristoteli
3186 3146 3500 3201 tribuatur.
3554 3141 3715 3196 Vidit

285 3233 343 3288 id
378 3234 668 3291 Henricus
696 3235 1031 3308 Stephanus
1063 3237 1310 3308 epistola
1339 3239 1410 3293 ad
1444 3239 1680 3294 Petrum
1707 3239 2054 3310 Victoriam,
2083 3256 2258 3311 quam
2294 3239 2628 3295 Aristotelis
2660 3244 2718 3295 et
2749 3237 3139 3311 Theophrasti
3172 3235 3409 3306 scriptis
3459 3232 3711 3304 quibus-

285 3324 423 3379 dam
457 3324 703 3395 preeflxit
725 3325 976 3398 (g),plus
1006 3330 1202 3383 tamen
1236 3327 1419 3383 nimio
1450 3329 1757 3401 scriptioni
1788 3329 2337 3386 detrebens:Mirum
2366 3339 2445 3385 est
2470 3346 2594 3387 vero
2615 3330 2891 3386 exstitisse
2911 3327 3059 3384 ullos
3081 3327 3329 3382 homines
3352 3328 3469 3378 tam
3486 3322 3710 3392 παχεῖς,

281 3418 339 3468 ut
369 3430 501 3468 cum
529 3411 895 3488 Ηαχυμερίου
921 3417 1315 3487 paraphrasim
1345 3418 1404 3472 in
1437 3417 1648 3473 librum
1677 3417 1896 3474 Aristote

2093 3418 2138 3490 ei
2168 3415 2390 3489 ἀτόμων
2422 3421 2697 3493 γραμμῶν
2730 3419 3018 3484 haberent,
3066 3415 3249 3485 ipsum
3295 3428 3350 3468 se
3392 3407 3708 3466 Aristotelis

275 3502 494 3558 librum
553 3501 759 3560 habere
813 3503 920 3560 sibi
970 3508 1393 3576 persuaderent.
1453 3508 1631 3576 Quam
1686 3509 1864 3562 multa
1934 3508 2083 3563 enim
2140 3508 2224 3564 vel
2283 3508 2344 3563 in
2398 3508 2515 3579 ipso
2579 3507 2773 3564 limine
2830 3507 3209 3578 reperiuntur,
3269 3518 3339 3557 ex
3397 3499 3597 3572 quibus
3652 3495 3712 3550 id

280 3610 313 3647 a
346 3594 550 3648 lectore
578 3594 753 3648 etiam
780 3592 1119 3652 dormitante
1146 3595 1477 3667 deprehendi
1528 3596 1702 3669 facile
1752 3597 2015 3670 poterat?
2071 3613 2198 3669 quae
2252 3606 2399 3654 certe
2453 3599 2598 3670 apud
2658 3597 2908 3654 homines
2965 3596 3112 3651 adeo
3169 3594 3393 3665 παχεῖς,
3449 3589 3535 3644 uti
3587 3587 3713 3641 άίιτί

274 3680 642 3752 λεπτομρῶς
667 3682 947 3752 explicare
974 3700 1064 3740 me
1088 3685 1310 3756 pudeat.

346 3770 405 3824 3.
438 3770 820 3843 Paraphrasis
856 3789 1031 3844 porro
1086 3775 1147 3828 in
1205 3776 1531 3831 universam
1586 3775 1896 3830 Aristotelis
1951 3773 2382 3847 PhilosOphiam
2442 3777 2517 3845 (h)
2573 3776 2769 3832 Graece
2823 3774 3234 3845 manuscripta
3291 3770 3591 3827 visebatur
3648 3766 3705 3821 in

273 3857 636 3915 bibliotheca
692 3861 929 3917 Antonii
995 3863 1302 3934 Augustini
1363 3864 1494 3919 cod.
1561 3864 1687 3918 206.
1748 3863 1968 3933 Georgii
2024 3869 2388 3935 Pachymerm
2446 3864 2586 3920 libri
2639 3867 2707 3920 X1
2764 3865 2832 3920 de
2890 3863 3270 3935 PhilosOphia.
3332 3859 3561 3915 Primus
3620 3873 3708 3912 re-

272 3947 505 4019 spondet
584 3948 806 4018 0rgano
880 3950 1214 4021 Aristotelis,
1286 3952 1554 4008 secundus
1624 3955 1783 4008 libris
1856 3954 2241 4025 Physicorum,
2297 3956 2495 4009 tertius
2568 3954 2731 4009 libris
2787 3954 2852 4009 de
2905 3954 3056 4022 caelo,
3116 3956 3346 4024 quartus
3421 3949 3585 4004 libris
3640 3946 3707 4002 de

270 4041 400 4093 ortu
458 4042 509 4093 et
564 4036 827 4107 interitu,
887 4039 1116 4111 quintus
1168 4044 1447 4109 Meteoris,
1505 4051 1696 4098 sextus
1756 4023 2040 4098 librosvde
2100 4041 2355 4112 partibus
2414 4044 2773 4112 animalium,
2824 4042 3092 4114 septimus
3129 4023 3310 4096 libris
3363 4038 3427 4093 de
3473 4048 3626 4092 motu
3654 4023 3716 4091 et

275 4128 496 4182 incessu
537 4127 899 4195 animalium,
949 4132 1177 4187 octavus
1236 4132 1384 4187 libro
1442 4132 1512 4188 de
1564 4149 1731 4189 sensu
1784 4141 1839 4187 et
1893 4134 2110 4201 sensili,
2170 4149 2349 4189 nonus
2407 4133 2574 4188 libris
2631 4133 2697 4189 de
2755 4132 3123 4188 Generatione
3177 4127 3536 4194 animalium,
3598 4126 3702 4180 de-

272 4217 457 4270 cimus
516 4215 679 4272 libris
744 4218 1273 4291 Metaphysicorum,
1332 4220 1651 4276 undecimus
1720 4222 1930 4277 Ethicis
1982 4225 2061 4277 ad
2118 4223 2528 4279 Nicomachum.
2588 4224 2652 4277 In
2713 4220 3073 4277 bibliotheca
3144 4218 3299 4289 regis
3366 4213 3697 4278 Gallorum,

272 4305 502 4373 Georgii
560 4304 922 4377 Pachymerx
985 4308 1230 4380 Synopis
1293 4309 1668 4381 philosophiae
1730 4311 2075 4367 Aristotelis.
2145 4311 2554 4382 PhilosOphica,
2624 4311 2729 4365 lib.
2806 4310 2903 4365 12.
2976 4311 3046 4364 De
3111 4322 3299 4364 somno
3363 4314 3415 4361 et
3482 4302 3703 4373 vigilia,

268 4392 335 4449 de
395 4394 681 4463 alimento,
738 4394 806 4450 de
864 4397 1185 4466 insomniis,
1243 4398 1308 4453 de
1367 4398 1709 4455 divinatione
1762 4416 1862 4470 per
1932 4399 2235 4465 insomnia,
2294 4400 2358 4455 de
2413 4404 2569 4456 motu
2598 4398 2957 4465 animalium,
3011 4396 3075 4452 de
3119 4397 3419 4467 juventute
3465 4398 3520 4449 et
3546 4408 3706 4448 sene-

272 4485 446 4551 ctute,
499 4484 570 4539 de
624 4484 1017 4553 respiratione.
1081 4486 1144 4542 In
1204 4487 1561 4544 bibliotheca
1616 4488 1891 4544 Bavarica
1948 4490 2092 4544 cod.
2155 4490 2294 4557 170,
2353 4493 2411 4544 et
2460 4490 2604 4545 cod.
2666 4489 2801 4553 171,
2863 4486 3091 4555 Georgii
3146 4485 3523 4557 Pachymerx,
3581 4485 3706 4554 epi-

273 4576 422 4627 tome
484 4572 545 4627 in
613 4574 1043 4646 metaphisicam
1106 4578 1439 4633 Aristotelis.
1508 4578 1669 4633 Liber
1733 4577 2152 4650 philosophicas
2206 4579 2268 4632 D.
2328 4577 2546 4649 Georgii
2618 4580 2991 4649 Pachymerx,
3052 4575 3151 4648 qui
3205 4579 3284 4631 est
3341 4576 3590 4645 Epitome
3645 4572 3708 4627 in

273 4661 623 4732 letaphisic.
656 4664 989 4731 Aristotelis,
1020 4681 1141 4737 cap.
1172 4666 1261 4721 43.
1294 4669 1355 4721 In
1388 4666 1653 4738 catalogo
1685 4666 1970 4722 exbibitio
2002 4684 2037 4722 a
2077 4668 2475 4724 Grammatico
2524 4673 2676 4740 apud
2730 4668 3095 4735 Verderium,
3144 4666 3203 4719 in
3254 4663 3665 4735 supplemento
3693 4678 3707 4727 ;

274 4750 375 4818 qui
409 4754 469 4805 et
498 4752 652 4822 apud
679 4752 966 4809 Joannem
997 4756 1467 4823 Suzium,eodem
1498 4759 1808 4823 relerente,
1827 4756 2249 4828 reperiebatur.
2270 4756 2699 4828 Epitomatores
2728 4753 3321 4821 GesnerianizGeorgii
3351 4754 3612 4808 Protectii
3642 4750 3709 4821 (il

272 4838 335 4894 in
367 4841 694 4897 universum
724 4842 1036 4899 Aristotelis
1065 4848 1360 4914 Organum
1407 4847 1813 4901 Commentarii
1861 4862 1990 4900 cum
2035 4846 2373 4900 schmatibus
2417 4852 2468 4901 et
2515 4846 2731 4917 ﬁguris,
2779 4846 2839 4902 in
2888 4847 2947 4899 4ο
2996 4861 3107 4899 ms.
3159 4840 3438 4897 Biblioth.
3490 4841 3705 4911 Imper.

270 4928 516 4985 Viennae
549 4947 563 4986 :
598 4934 675 5000 et,
710 4930 974 5002 Georgius
1002 4932 1425 5005 Pachymerius,
1456 4936 1553 5006 qui
1582 4933 2007 4991 Hieromnemon
2036 4937 2481 5007 cognominatur,
2509 4936 2730 5008 scripsit
2751 4933 3132 5007 philosOphiae
3155 4929 3540 5003 compendium
3560 4930 3706 5001 quod

345 5055 913 5145 (d)‘_Compend_ium
962 5059 1339 5145 hocﬁo‘rgani
1387 5060 1689 5145 Agistoteli
1738 5060 1932 5145 Greece
2040 5064 2195 5145 idem
2220 5064 3703 5145 divisiojntheoreticampracticamque‘etquatuor

270 5134 328 5212 et
366 5129 568 5212 Latine
601 5129 799 5212 {condi
833 5133 1061 5189 curavit
1089 5129 1403 5190 Edu'ardus
1432 5133 1766 5191 Bernardus
1801 5134 1934 5190 Oxi-
2042 5136 2306 5212 methodi
2337 5136 2655 5212 dialecticas
2690 5153 2793 5207 per
2839 5129 3215 5212 divisionem,
3266 5129 3693 5212 deﬁnitionem,

271 5201 667 5292 ni§3‘1§§6,8-
741 5274 752 5286 υ
872 5280 882 5292 ι
1032 5276 1047 5292 ἱ
1140 5280 1149 5292 ι
1228 5276 1252 5292 τ
1365 5277 1421 5292 μ
1578 5279 1611 5292 Α
1855 5276 1867 5288 '
2042 5208 2557 5292 resolutipnemet
2586 5201 3152 5292 demonstrationem
3182 5206 3565 5292 explicantur.

343 5274 417 5354 ('e)
448 5274 585 5355 sine
616 5274 754 5357 anni
777 5280 947 5360 .nota,
981 5276 1191 5361 edente
1219 5276 1529 5361 Joachimo
1574 5276 1930 5347 Camerario,
2115 5281 2184 5352 (f)
2213 5280 2728 5352 Scheghii.Confer
2759 5280 2806 5334 si
2841 5279 3033 5361 placet
3064 5296 3191 5362 qua:
3224 5274 3299 5360 de
3324 5278 3448 5361 haec
3479 5275 3699 5349 Pachy-

311 5361 373 5398 υι
408 5344 675 5427 αᾲλαηιιῑ
722 5346 1035 5427 Nicephorl
1086 5349 1368 5427 lilemldm
1417 5349 1932 5427 scr:ptur_n_hreve
2042 5352 2223 5427 meris
2258 5351 2688 5427 p_araphrasi_,ct
2716 5351 2787 5405 de
2818 5350 2969 5427 libro
2999 5350 3698 5427 _Ar1s_to_teli_sipso,quem

267 5360 373 5471 3m
408 5360 675 5415 anunxu
724 5360 1035 5418 Nicephori
1088 5360 1368 5404 lilemldae
1417 5360 1704 5421 scriptum
1758 5360 1932 5404 breve
2042 5360 2223 5408 meris
2258 5360 2688 5423 paraphrasi,ct
2716 5360 2787 5405 de
2819 5360 2969 5405 libro
3008 5360 3336 5406 Aristotelis
3364 5360 3696 5420 ipso,quem

272 5416 646 5505 _e,q9inqug
672 5419 1105 5505 Vgcibflﬂﬂug‘q
1137 5420 1342 5505 ipcipii
1378 5436 1390 5476 ε
1424 5419 1745 5505 ξΗῇφελνή-ὕῖ
1779 5416 1932 5505 imp:
2044 5423 2485 5505 ll._§tepbanus
2515 5424 2747 5495 primus
2779 5422 3063 5492 restituit,
3096 5422 3236 5492 dixi,
3265 5422 3368 5478 lib.
3402 5437 3486 5489 ιιι,
3538 5436 3588 5477 c.
3640 5422 3696 5489 6,

270 5483 408 5559 θρόξ
426 5483 568 5565 ἐφ’ιῦ
700 5483 986 5565 ἄναρθρνςῖ
1038 5491 1107 5547 Et
1139 5483 1445 5565 Anonymi
1498 5483 1782 5565 ’δὶᾴληὶιιδινΔ
1807 5483 1885 5565 ne]

608 5484 646 5565 ἢ
700 5483 986 5565 ἄναρθρνςῖ
1038 5491 1107 5547 Et
1139 5483 1445 5565 Anonymi
1498 5483 1931 5565 Sidlntptv‘nejpl
2042 5496 2186 5564 §28.

266 5558 751 5642 ’ξῆίκαλουμὲνης
805 5558 1043 5642 λόγικῆς
1096 5562 1149 5616 τί
1188 5582 1260 5642 ξε
1316 5558 1407 5617 {cui
1452 5562 1610 5642 ποῖόν
1652 5558 1713 5616 Et
1764 5559 1877 5642 ἐςξτί

949 5567 1043 5642 xi};
1096 5562 1149 5616 τί
1188 5582 1260 5642 ξε
1316 5558 1407 5617 {cui
1452 5562 1610 5642 ποῖόν
1652 5558 1713 5616 Et
1764 5558 1931 5642 ἐςτίν.
2045 5558 2070 5564 ⁷
2225 5566 2289 5621 Α.
2323 5565 2484 5642 45ξ7,
2513 5566 2564 5622 8.

274 5569 372 5626 τῆς
399 5569 751 5631 καλουμένης
812 5569 1043 5637 λογικῆς
1096 5569 1147 5616 τί
1200 5582 1260 5617 τε
1316 5569 1407 5617 καὶ
1452 5569 1610 5618 ποῖόν
1662 5584 1713 5616 τι
1764 5569 1889 5617 ἐστί’

274 5631 495 5721 Incipit,
540 5648 553 5687 :
612 5638 714 5721 Τῆς
766 5631 1111 5721 φιλρσοιξςαὶ
1147 5638 1228 5706 τῷ
1260 5641 1382 5721 ’.τῆς
1429 5636 1695 5721 *γνώσεευς
1762 5633 1889 5721 vive

2081 5713 2090 5721 _
2115 5569 2760 5721 ἒξεέὅὲἔῖιαῗὴιιαεὶε
2784 5638 2855 5694 ab
2879 5637 3148 5721 Epitome
3170 5636 3551 5721 philosophiae
3573 5634 3696 5692 Ari-

271 5701 548 5790 Nec'non
599 5701 891 5779 Anonymi
945 5701 1172 5790 Ηέροξᾳγ
1202 5701 1488 5790 sier-cii:
1539 5701 1785 5790 τρεξτξουξ
1825 5713 1886 5790 Ξῖ

1825 5713 1932 5790 fit:
2044 5701 2296 5790 Βῐρςέζξε,
2325 5710 2401 5790 de
2430 5701 2549 5790 qua
2578 5726 2779 5784 supra,
2807 5701 3149 5782 neutiquam
3173 5701 3422 5765 diversa:

271 5771 630 5854 φιλοσοφίας,
664 5771 789 5847 ςυᾱ
812 5795 913 5835 sex
943 5771 1312 5835 deﬁnitiones
1343 5771 1729 5909 philosophias
1762 5794 1795 5835 a
1825 5779 1886 5909 Pi

275 5845 545 5909 thagora.
576 5845 821 5907 Platone
849 5854 908 5907 et
931 5848 1248 5907 Aristotele
1274 5852 1528 5909 tradite.
1550 5868 1587 5909 υ
1631 5850 1861 5909 llosonh

943 5771 1312 5835 deﬁnitiones
1343 5771 1587 5853 philoso'
1619 5780 1729 5836 hiae
1762 5794 1795 5835 a
1825 5779 1866 5836 P
1888 5771 1938 5825 ’-
2115 5780 2177 5854 (i)
2208 5771 2546 5841 Pr'otecd'ici.

931 5848 1248 5907 Aristotele
1274 5850 1528 5909 tradite.
1550 5796 1935 5909 nhilosonhiie

275 5845 545 5921 thagora,
576 5845 821 5907 Platone
849 5854 908 5907 et
931 5848 1248 5907 Aristotele
1274 5845 1528 5922 trédite,
1550 5845 1935 5927 philosophiae
