4090 6414
265 368 379 424 413
1852 370 2165 425 ΝΟΤΙἸἹΔ.
3600 361 3705 415 414

271 493 566 550 Vaticana
594 493 779 549 tradit
810 496 1103 549 Gesnerus
1128 517 1143 562 ;
1168 496 1225 547 et
1255 492 1531 548 Medicaea
1561 492 1917 549 Possevinus
1948 494 2006 548 in
2043 494 2244 549 Indice
2278 509 2291 549 :
2325 494 2382 549 et
2406 490 2887 561 Gallica,indices
2919 486 3327 559 manuscripti.
3361 484 3705 540 Vincentius

278 583 639 639 Marinerius
669 582 1019 639 Valentinus
1050 582 1221 654 epist.
1256 583 1326 637 ad
1360 581 1736 637 Franciscum
1764 587 1973 638 Dazam
1995 600 2147 638 anno
2175 584 2310 637 1536
2331 582 2510 650 edita,
2532 581 2742 638 scribit
2765 597 2827 636 se
2846 576 3313 636 Commentarios
3338 574 3705 645 Pachymeras

275 671 338 727 in
371 671 723 742 Dionysium
761 670 1169 742 Areopagitam
1204 670 1261 725 in
1292 669 1559 742 linguam
1594 671 1856 726 Latinam
1888 671 2147 727 vertisse.

360 761 420 818 5.
454 758 707 833 Scripsit
735 761 1090 832 praeterjam
1125 759 1287 815 dicta
1318 759 1638 815 Historiam
1671 762 1764 814 sui
1798 761 2099 832 temporis,
2137 778 2312 832 quam
2347 761 2577 816 orditur
2612 779 2645 816 a
2674 758 3039 830 temporibus
3070 754 3368 812 Michaelis
3398 749 3711 822 Palaeologi

278 852 394 907 sub
429 867 547 922 quo
580 850 742 905 vixit.
777 850 904 920 Illa,
938 851 1039 906 sed
1074 850 1290 905 mutila
1320 855 1655 905 asservatur
1683 850 1740 904 in
1774 849 2132 906 bibliotheca
2159 853 2505 923 Augustana
2533 852 2660 905 cod.
2695 851 2780 918 19,
2815 847 2997 920 plutei
3050 848 3104 912 5,
3157 863 3225 902 ex
3284 844 3455 915 cujus
3506 841 3707 897 codice

268 940 432 996 carie
491 942 756 996 confecto
813 957 879 995 ac
937 939 1149 995 mutilo
1181 944 1454 1011 excerpta
1512 939 1780 1010 quedam
1836 939 2103 995 exhibuit
2155 940 2408 996 Wolﬁus
2456 945 2587 1011 post
2634 938 3028 1010 Nicephorum
3076 936 3423 1006 Gregoram.
3472 932 3703 986 Partem

266 1028 540 1096 illorum,
573 1044 702 1100 quae
736 1028 798 1084 in
849 1031 1194 1100 Augustano
1226 1028 1425 1084 codice
1455 1030 1857 1100 manuscripto
1889 1030 2092 1085 deesse
2121 1029 2371 1085 Wolfius
2406 1030 2792 1084 admonuerat
2820 1028 2880 1082 in
2914 1022 3151 1099 synopsi
3168 1020 3309 1078 libri
3340 1019 3704 1092 quinti,cum

272 1117 593 1190 Nicephori
627 1116 974 1190 patriarcha:
1018 1116 1528 1189 Constantinopoli
1574 1117 1844 1172 Breviaro
1894 1118 2175 1175 historico
2226 1120 2296 1174 ab
2352 1118 2513 1174 obitu
2563 1117 2819 1173 Mauritii
2862 1130 3049 1187 usque
3108 1113 3180 1169 ad
3238 1108 3699 1167 Deastantinum

280 1208 741 1280 Copronymum,
800 1208 995 1263 Graece
1046 1224 1235 1278 nuper
1292 1206 1476 1262 edidit
1531 1206 1841 1279 Dionysius
1912 1207 2202 1263 Petavius.
2263 1208 2507 1264 Parisiis
2567 1209 2728 1274 4616,
2780 1206 2838 1260 in
2889 1206 2943 1259 8.
2991 1206 3223 1275 Integra
3265 1206 3461 1257 tamen
3510 1213 3587 1253 ea
3631 1213 3702 1251 ex

284 1297 546 1352 Lolliana
594 1294 953 1352 bibliotheca
1016 1296 1077 1352 in
1132 1296 1478 1352 Vaticanam
1536 1300 1869 1352 transvecta
1916 1302 2025 1363 est,
2076 1314 2204 1368 qua
2260 1298 2645 1367 emendatior,
2676 1298 2764 1369 ﬁet
2823 1294 3155 1350 charactere
3213 1292 3298 1347 nti
3358 1284 3703 1360 antiquiori,

273 1384 358 1441 ita
388 1390 448 1442 et
469 1383 817 1457 elegantiori
846 1385 904 1440 in
937 1386 1257 1441 Barberina
1286 1390 1682 1455 conservatur,
1732 1393 1888 1441 sunt:

2075 1384 2260 1459 τορίας
2301 1391 2671 1463 συγγραφικῆς
2732 1382 2890 1458 λόγοι
2954 1388 3036 1456 ιγ’⁶
3085 1383 3225 1438 Cod.
3290 1385 3312 1435 1
3358 1381 3390 1435 4
3449 1383 3508 1435 et
3563 1374 3690 1431 164.

275 1475 445 1531 Inter
474 1474 825 1530 Vaticanum
856 1478 914 1529 et
963 1474 1344 1531 Barberinuni
1374 1475 1626 1543 codices,
1662 1492 1732 1530 ne
1764 1476 1819 1530 id
1851 1492 2083 1547 quoque
2115 1475 2351 1531 nescius
2399 1476 2502 1545 sis,
2561 1475 2765 1541 lector,
2828 1472 3150 1529 maximum
3211 1487 3327 1525 non
3377 1471 3608 1523 tantum
3641 1464 3703 1519 in

273 1564 493 1619 verbis.
525 1580 593 1619 ac
624 1564 801 1619 modo
832 1563 1087 1631 dicendi,
1126 1564 1227 1619 sed
1261 1581 1457 1619 rerum
1485 1570 1853 1619 narratarum
1885 1565 2060 1620 etiam
2095 1567 2449 1636 quandoque
2498 1566 2703 1620 ordine
2752 1564 2947 1618 inesse
2996 1560 3349 1625 descrimen,
3406 1557 3534 1628 ipse
3585 1571 3701 1609 non

273 1654 519 1728 singula
549 1671 922 1727 percurrens,
983 1671 1174 1727 neque
1201 1655 1358 1710 enim
1417 1654 1604 1721 licuit,
1664 1656 2017 1711 adnotabam
2055 1672 2068 1711 :
2104 1658 2248 1712 adeo
2281 1660 2347 1712 ut
2404 1656 2550 1711 mihi
2584 1655 2752 1712 facile
2781 1651 3192 1726 persuaserim,
3230 1646 3700 1720 Pachymerium,

268 1743 781 1817 quemadmodum
813 1760 994 1814 supra
1047 1743 1305 1799 diximus
1336 1745 1406 1798 de
1438 1744 1789 1816 Acropolita,
1823 1754 1879 1799 et
1909 1745 2063 1799 infra
2094 1762 2329 1816 quoque
2362 1746 2431 1799 de
2464 1745 2754 1800 Phrantza
2782 1744 3067 1807 dicemus,
3101 1744 3249 1796 duas
3282 1756 3399 1794 suae
3431 1734 3699 1791 Historia:

275 1832 574 1889 editiones
603 1832 854 1904 tempori
886 1849 953 1888 ac
983 1833 1154 1905 genio
1177 1832 1591 1889 inservientem
1623 1833 2072 1906 conscripsisse,
2098 1834 2340 1905 ideoque
2370 1852 2439 1890 ex
2470 1835 2739 1905 utrisque
2771 1832 2959 1888 multa
2989 1835 3180 1886 errata
3198 1827 3432 1900 corrigi,
3454 1826 3706 1881 obscura

274 1921 591 1993 illustrari,
626 1922 840 1977 mutila
888 1921 1176 1995 suppleri,
1208 1939 1274 1978 ac
1306 1923 1541 1978 demum
1577 1923 1826 1978 historia
1850 1940 2062 1995 corpus
2095 1941 2278 1979 unum
2315 1926 2662 1996 perfectum,
2696 1924 2753 1978 in
2790 1924 3082 1994 integrum
3110 1918 3327 1975 absolvi
3370 1931 3544 1989 posse
3575 1914 3699 1970 exi-

276 2012 477 2069 stimo.
508 2010 707 2084 Stylus
737 2019 826 2068 est
855 2019 1186 2080 accuratus,
1221 2012 1290 2067 ad
1325 2011 1633 2080 antiquum
1666 2028 1909 2068 succum
1942 2029 2006 2067 ac
2033 2014 2383 2085 sanguinem
2416 2014 2781 2081 eﬂ‘ormatus,
2817 2020 2872 2067 et
2904 2015 3113 2083 praeter
3150 2006 3405 2063 historias
3463 2007 3702 2075 captum

274 2101 588 2170 tumidior,
622 2105 680 2155 et
702 2099 974 2172 perplexa
998 2100 1304 2156 nominum
1331 2101 1689 2157 connexione
1721 2102 2038 2174 ambiguus
2061 2107 2119 2157 et
2147 2103 2474 2172 obscurus;
2508 2120 2611 2174 pro
2643 2102 2742 2158 illo
2773 2107 2970 2157 tamen
3002 2117 3140 2170 aevo,
3195 2115 3308 2170 quo
3354 2090 3705 2151 debacchari

274 2204 491 2260 capere
509 2192 657 2255 erat,
682 2187 878 2247 mollis
909 2205 977 2244 ac
1008 2189 1285 2260 prudens.
1320 2194 1541 2245 Auctor
1570 2191 1710 2245 dum
1743 2191 2004 2246 veritatis
2037 2195 2293 2247 sectator
2322 2192 2502 2248 videri
2535 2191 2716 2263 cupit,
2750 2192 2809 2246 in
2840 2188 3289 2255 ecclesiasticos,
3331 2188 3388 2240 et
3415 2182 3702 2256 praecipue

274 2278 472 2334 Latini
506 2278 765 2334 nominis
794 2279 1076 2346 fautores,
1107 2279 1322 2334 Graecis
1355 2279 1481 2335 suis
1512 2279 1690 2335 nimis
1717 2281 2087 2353 propensior,
2111 2281 2374 2353 linguam
2408 2282 2581 2337 acuit.
2616 2285 3041 2351 Imperatorum
3069 2280 3245 2334 etiam
3270 2293 3335 2331 ac
3366 2272 3703 2345 principum

278 2383 377 2423 res
409 2372 614 2440 gestas
644 2367 926 2424 assiduus
956 2368 1013 2423 in
1042 2368 1299 2439 pejorem
1330 2374 1552 2441 partem
1589 2370 1762 2441 rapit.
1795 2370 1995 2425 Fidem
2029 2376 2226 2426 tamen
2263 2371 2343 2426 ita
2365 2388 2483 2426 suae
2515 2371 2787 2427 Historiae
2811 2370 3025 2426 astruit
3057 2386 3070 2424 :
3102 2366 3182 2421 Τὰ
3207 2362 3264 2419 δὲ
3286 2362 3607 2436 συνέγραψεν
3641 2357 3703 2412 οὐ

273 2453 485 2531 λόγους
538 2450 724 2510 Λαϐὼν
784 2453 984 2509 ἄνωθεν
1044 2454 1431 2530 ἀμαρτύρους,
1485 2455 1599 2532 οὖγ’
1656 2457 1793 2531 ἀκοῇ
1851 2457 2119 2512 πιστεύων
2180 2459 2371 2530 μόνον,
2430 2460 2492 2527 ἣν
2551 2479 2634 2520 τις
2695 2457 2839 2533 λέγει
2900 2456 3168 2532 ἑωρακὼ,
3226 2454 3261 2524 ἢ
3321 2450 3411 2507 καὶ
3465 2446 3702 2533 ἀκούσας

250 2544 442 2617 αὐτὸς,
496 2545 731 2608 πισαοὺς
788 2542 836 2599 δ’
884 2544 1062 2618 ἀξιοίη
1123 2544 1252 2608 τοὺς
1300 2542 1523 2621 λόγους,
1557 2545 1603 2600 εί
1639 2546 1805 2618 μόνον
1839 2548 2008 2622 Λέγει,
2054 2547 2391 2623 λογίζεσθαι,
2443 2547 2517 2609 ὡς
2557 2532 2834 2617 αὐτόπτης
2882 2547 2949 2601 τὰ
2998 2544 3252 2614 πλεῖστα,
3299 2540 3443 2595 οὕτω
3492 2532 3699 2610 ξυμϐἀν

257 2636 524 2710 γεγονὼς,
591 2633 637 2689 εἷ
701 2635 791 2689 καὶ
844 2634 1029 2707 μαθὼν
1091 2629 1352 2708 ἀκριϐῶς,
1409 2636 1537 2708 παρ’
1586 2636 1659 2689 ὧν
1717 2636 1780 2690 τὸ
1828 2640 2044 2711 πρῶτον
2094 2637 2279 2709 ὡράθη
2328 2637 2664 2711 πραχθέντα,
2722 2633 2869 2704 πλὴν
2927 2633 2974 2688 δ’
3034 2633 3134 2688 οὐκ
3189 2631 3496 2706 ἀμάρτυρα,
3551 2624 3700 2681 ἀλλὰ

260 2726 351 2780 καὶ
411 2721 657 2786 πολλοῖς
714 2722 910 2787 ἄλλοις
958 2724 1426 2800 συνηγαρούμενα,
1476 2725 1551 2788 ὡς
1600 2722 1661 2779 ἂν
1711 2726 1786 2798 μὴ
1837 2726 1864 2779 ὁ
1911 2724 2122 2797 ξύμπας
2173 2727 2399 2801 χρόνος,
2450 2724 2607 2802 φύσιν
2640 2722 2786 2799 ἔχων
2834 2726 2901 2780 τὰ
2932 2722 3120 2779 πολλὰ
3164 2721 3419 2797 κρύπτειν
3469 2718 3695 2802 συχναῖς

263 2812 557 2875 κυκλικαῖς
603 2810 908 2887 περιόδοις,
961 2812 1052 2867 καὶ
1096 2810 1214 2868 τάδ’
1266 2812 1499 2890 ἀφανίσῃ
1548 2814 1685 2867 κατὰ
1735 2812 1929 2888 μικρὸν
1981 2812 2202 2887 ἐξίτηλα
2228 2816 2298 2888 τῇ
2329 2800 2664 2890 παράδρομῇ
2708 2813 2995 2888 γενόμενα’
3049 2809 3138 2866 διὰ
3182 2810 3244 2864 τὸ
3292 2808 3523 2885 φανέντα
3570 2800 3695 2877 κρύ-

275 2913 506 2966 πτεσθαι
561 2900 738 2957 πάντα
789 2901 1025 2977 ἀνάγκην
1076 2903 1231 2972 εἶναι,
1293 2900 1367 2964 ὥς
1415 2901 1521 2957 πού
1579 2923 1660 2965 τις
1715 2906 1823 2958 τῶν
1879 2906 2060 2980 σοφῶν
2130 2898 2258 2980 ἔφη,
2306 2902 2395 2958 καὶ
2449 2901 2674 2973 ἀληθῶς
2721 2901 3153 2977 ἐγνωμάτευσεν.
3204 2902 3329 2957 Haec
3386 2896 3696 2968 composuit

284 3011 399 3050 non
432 3009 677 3049 rumores
705 2992 841 3049 olim
878 3009 1111 3064 sparsos.
1166 2995 1373 3064 absque
1428 2993 1736 3050 testimonio
1786 3010 2105 3064 congerens,
2156 3010 2255 3049 nec
2302 3002 2519 3051 tantum
2573 2993 2795 3049 auditui
2849 2994 3039 3063 ﬁdens,
3087 2990 3139 3047 si
3193 2990 3316 3061 quis
3362 3004 3418 3044 se
3464 2986 3693 3055 vidisse,

293 3091 391 3139 aut
411 3084 624 3139 audisse
653 3082 821 3140 dicat.
870 3084 972 3137 Eos
1015 3100 1181 3155 porro
1212 3098 1485 3139 sermones
1514 3084 1622 3153 ﬁde
1650 3084 1847 3155 dignos
1875 3100 1989 3141 esse
2012 3083 2200 3151 sentit,
2224 3100 2455 3156 quorum
2487 3085 2626 3156 ipse,
2658 3086 2720 3138 ut
2745 3082 3073 3155 plurimum,
3108 3082 3161 3136 si
3180 3082 3264 3136 ita
3293 3076 3418 3150 fieri
3446 3074 3692 3145 contigit,

290 3175 533 3229 oculatus
562 3180 846 3244 spectator
871 3172 1004 3243 fuit,
1037 3175 1139 3229 aut
1171 3172 1239 3228 ab
1270 3171 1394 3228 illis
1450 3174 1701 3229 accurate
1721 3173 1939 3244 didicit,
1969 3175 2067 3246 qui
2095 3190 2180 3241 ea,
2214 3190 2341 3229 cum
2366 3172 2612 3245 primum
2641 3178 2800 3244 gesta
2827 3180 2977 3243 sunt,
3028 3184 3359 3242 conspexere
3387 3183 3400 3223 :
3432 3180 3609 3237 neque
3631 3179 3698 3219 ea

269 3267 484 3319 temere
512 3265 819 3334 proferam,
875 3262 971 3317 sed
1017 3260 1318 3318 multorum
1358 3263 1597 3318 aliorum
1628 3264 1802 3317 etiam
1862 3262 2173 3319 testimonio
2204 3262 2595 3336 comprobata;
2637 3278 2710 3318 ne
2759 3266 2966 3333 tempus
3015 3264 3273 3333 futurum
3327 3266 3537 3313 natura
3593 3270 3696 3309 sua

265 3353 538 3422 Pleraque
567 3349 878 3420 occultans,
934 3351 1213 3423 frequenti
1240 3366 1343 3407 suo
1380 3350 1649 3419 circuitu,
1680 3352 1796 3407 hac
1819 3368 2029 3425 quoque
2047 3352 2322 3423 pautatim
2363 3356 2694 3408 transcursu
2743 3353 3001 3407 continuo
3056 3347 3441 3405 evanescentia
3492 3344 3691 3401 deleat.

263 3439 637 3513 Quodcunque
694 3438 846 3496 enim
875 3440 1043 3495 semel
1101 3441 1382 3511 apparuit,
1413 3440 1635 3511 contegi
1663 3448 1824 3512 atque
1850 3443 1991 3497 abdi
2018 3458 2236 3498 necesse
2265 3444 2361 3508 est,
2384 3440 2853 3513 quemadmodum
2897 3442 3080 3496 nescio
3110 3441 3208 3512 qui
3249 3455 3281 3494 e
3337 3434 3695 3508 sapientibus

260 3529 435 3598 dixit,
469 3546 703 3602 vereque
731 3531 1066 3586 enuntiavit.
1104 3531 1231 3585 Haec
1263 3531 1464 3586 eadem
1495 3529 1752 3587 Historia
1776 3531 2147 3603 Pacbymerae
2178 3531 2316 3588 licet
2343 3533 2458 3588 ﬁne
2489 3531 2699 3588 mutila
2729 3531 2984 3587 habetur
3012 3530 3070 3586 in
3096 3528 3446 3585 bibliotheca
3472 3528 3695 3582 Veneta

262 3621 321 3675 S.
356 3620 566 3689 Marci,
600 3620 853 3675 Scamno
883 3620 975 3688 21,
1010 3636 1174 3675 num.
1207 3620 1357 3688 12,et
1386 3620 1635 3675 Scoriaci
1667 3619 1725 3675 in
1759 3620 2030 3676 biblioth.
2056 3621 2231 3693 Regis
2261 3621 2562 3688 Catholici,
2600 3622 2958 3678 Possevinus
2987 3621 3049 3676 in
3090 3619 3285 3675 Indice
3324 3615 3693 3673 bibliothecas

260 3706 696 3764 Patmiinsulas
728 3725 742 3764 :
780 3708 1037 3764 Histeria
1064 3710 1375 3780 conscripta
1418 3725 1453 3763 α
1510 3708 1784 3779 Gregorio
1832 3709 2069 3779 quodam
2115 3726 2310 3780 genere
2360 3710 2983 3783 Constantinopolitano,
3034 3714 3089 3765 et
3143 3708 3353 3764 Nicaea
3405 3703 3692 3762 enutrito:

265 3800 591 3870 conscripta
618 3805 752 3855 sunt
777 3805 964 3854 autem
988 3799 1109 3853 acta
1140 3797 1588 3869 Palaeotogorum
1616 3814 1815 3868 regum
1861 3814 2032 3869 usque
2061 3801 2133 3855 ad
2159 3802 2421 3856 Joannem
2450 3799 2849 3871 Pataeologum.
2882 3800 3162 3856 Mendum
3212 3802 3303 3854 est
3347 3797 3407 3852 in
3455 3794 3698 3851 nomine

265 3887 548 3958 auctoris,
581 3890 674 3943 est
704 3885 864 3943 enim
922 3885 1208 3958 Georgius
1256 3886 1661 3959 Pachymeres.
1706 3887 1772 3942 In
1829 3886 2184 3943 bibliotheca
2241 3888 2419 3944 etiam
2466 3889 2621 3960 regis
2669 3888 2989 3960 Gallorum,
3048 3888 3284 3959 Georgii
3340 3884 3696 3955 Pachymerae

270 3976 531 4033 Historiae
562 3975 1190 4047 Constantinopolitanae
1219 3975 1320 4031 tib.
1348 3976 1489 4032 XIII.
1514 3976 1607 4032 Est
1626 3979 1685 4032 et
1698 3977 1853 4047 apud
1885 3993 1979 4032 me
2006 3977 2254 4049 integra,
2287 3981 2344 4033 et
2370 3976 2603 4048 optimas
2629 3982 2800 4034 notas.

322 4084 380 4138 6.
416 4083 698 4154 Ejusdem
730 4081 1027 4156 Epistolas
1055 4086 1286 4140 Graecas
1316 4081 1537 4139 alicubi
1569 4082 1629 4138 in
1664 4082 1844 4138 Italiae
1875 4082 2252 4140 bibliothecis
2283 4087 2531 4154 exstare,
2564 4084 2746 4140 tradit
2776 4084 3092 4150 Gesuerus,
3126 4099 3274 4155 quas
3315 4081 3451 4137 licet
3485 4083 3696 4137 anxius

260 4171 686 4245 perquisierim
720 4172 794 4228 ad
826 4171 985 4228 hunc
1016 4172 1195 4240 diem,
1228 4170 1425 4228 nullas
1455 4170 1675 4228 inveni.
1709 4172 1817 4228 Eas
1849 4176 2045 4229 tamen
2078 4172 2554 4247 elegantissimas
2583 4174 2899 4240 futuras,et
2919 4172 3415 4243 dicendiantiquo
3434 4175 3694 4239 nectare,

263 4265 667 4335 preterquam
692 4262 847 4333 quod
881 4277 949 4318 eo
979 4277 1097 4319 aevo
1128 4260 1447 4334 scriptores
1473 4265 1808 4331 sueverant,
1836 4261 2041 4333 plenas
2070 4263 2339 4334 suspicor
2358 4283 2374 4333 ;
2394 4280 2529 4321 eum
2562 4263 2762 4321 minus
2788 4263 2918 4321 aliis
2940 4263 3002 4320 in
3023 4263 3348 4337 eloquendo
3383 4260 3697 4333 Pachyme-

260 4351 421 4419 rius,
454 4351 612 4423 quod
642 4366 711 4407 ex
740 4351 1003 4408 Historia
1030 4356 1088 4407 et
1119 4351 1250 4408 aliis
1280 4352 1544 4423 ejusdem
1576 4351 1970 4409 tractionibus
2000 4351 2198 4425 colligi
2229 4357 2438 4424 potest,
2470 4354 2733 4426 ineptiat.

332 4442 391 4496 7.
429 4439 605 4496 Plura
630 4439 799 4497 etiam
829 4440 891 4496 in
923 4440 1251 4497 Rhetoricis
1281 4440 1505 4512 ingenii
1537 4439 1936 4513 experimenta
1964 4458 2080 4498 non
2112 4442 2391 4499 omnibus
2421 4443 2591 4499 obvia
2618 4443 2825 4512 edidit,
2851 4442 3032 4517 digna
3060 4447 3418 4514 tamen,quaa
3448 4441 3549 4496 diu
3573 4458 3691 4499 non

252 4528 509 4595 lateant,
542 4528 643 4584 sed
674 4528 829 4583 bono
860 4527 1118 4600 publico,
1138 4532 1196 4584 et
1225 4528 1689 4585 adolescentium
1703 4528 2082 4601 potissimum
2102 4530 2173 4586 ad
2197 4529 2596 4603 eloquentiam
2620 4531 2774 4588 viam
2793 4532 2905 4588 sibi
2926 4532 3262 4605 parentium
3285 4530 3691 4603 publicentur:

251 4632 467 4673 eorum
501 4614 862 4683 Indicem,ut
880 4617 953 4673 ab
987 4616 1462 4685 bumanissimis,
1493 4622 1550 4674 et
1578 4616 1733 4674 bono
1764 4617 2098 4675 litterarum
2131 4619 2285 4675 natis
2316 4619 2596 4677 Puteanis
2646 4623 2844 4694 accepi
2901 4638 2971 4678 ex
3021 4623 3129 4678 cod
3180 4622 3287 4677 883
3333 4620 3697 4678 Bibliotheca

252 4706 456 4779 Hegias
479 4704 787 4778 Gallorum
819 4704 915 4761 hic
941 4705 1340 4779 interponam.

323 4796 379 4852 7.
442 4792 716 4869 Γεωργίου
773 4790 1203 4872 δικαιοφύλακος
1252 4794 1342 4849 καὶ
1398 4792 1776 4869 πρωτεκδίκου
1831 4799 1929 4851 τοῦ
1977 4797 2342 4871 Παχυμὲροος
2397 4794 2620 4870 μελέται
2669 4798 2748 4862 εἷς
2785 4799 2852 4853 τὰ
2902 4798 3371 4875 προγυμνάσματα
3402 4842 3417 4869 ,
3466 4799 3556 4852 καὶ
3615 4798 3693 4863 εἷς

244 4882 348 4946 τάς
380 4882 623 4944 στάσεις.
655 4886 710 4953 α)
744 4884 957 4948 Μῦθος.
992 4886 1222 4955 Georgii
1248 4886 1701 4957 Dicaophytaeis.
1726 4893 1776 4942 et
1801 4887 1859 4941 P1

2072 4889 2124 4945 ci
2150 4889 2521 4959 Pachymerae
2548 4890 2609 4944 in
2639 4893 3169 4963 Progymnasmata,
3200 4892 3252 4946 et
3297 4893 3473 4945 status
3528 4903 3687 4945 exer-

253 4975 602 5031 eitamenta.
637 4972 877 5029 Fabula.
914 4972 1228 5047 Ρ.Ἀρότου
1258 4973 1449 5047 καιρὸς
1476 4972 1665 5044 ἦν,καὶ
1696 4972 1951 5049 γεωργοί.

329 5062 389 5138 β)
420 5060 690 5135 Διήγημα
718 5062 781 5116 τὸ
809 5061 1055 5132 κατὰτὴν
1081 5059 1371 5122 Ὀδυσσέα.
1402 5065 1669 5121 Narratio
1697 5064 1763 5120 de
1796 5064 1944 5137 Ulyss

1541 5066 1669 5121 'atio
1697 5064 1763 5120 de
1796 5064 2001 5137 Ulysse.
2031 5066 2094 5121 P.
2127 5059 2325 5133 υσνὲϐη
2359 5064 2492 5119 ποτὲ
2519 5064 2610 5119 καὶ
2641 5067 2676 5134 ἡ
2711 5064 2800 5120 ἐπὶ
2828 5067 2929 5134 τὴν
2961 5065 3156 5122 Ἴλίον.

325 5156 382 5227 γ)
412 5151 593 5225 Διήγη
604 5170 680 5225 μα
707 5150 771 5206 τὸ
799 5151 937 5207 κατὰ
960 5151 1060 5223 τὴν
1090 5150 1430 5227 κεκαυμένην
1462 5152 1660 5224 ζώνην,
1700 5153 1940 5211 Νανναιὶε

2126 5170 2267 5213 zona
2324 5155 2559 5213 torrida.
2613 5159 2677 5211 P.
2738 5154 2793 5209 Ὀ
2848 5161 2950 5224 τῆς
3014 5154 3270 5229 οὐρανόθι
3329 5156 3505 5228 ζώνης
3563 5158 3688 5231 περὶ

256 5238 437 5305 θέλων
448 5281 463 5297 .

327 5325 382 5399 δ)
410 5326 587 5402 Χρεία
615 5327 842 5406 λογική.
874 5331 1051 5389 Chria
1080 5347 1197 5404 qua:
1226 5335 1443 5389 tantum
1464 5333 1741 5390 sententia
1758 5338 1942 5390 consta

2074 5334 2113 5388 ³.
2163 5332 2467 5408 Χαιρήμων
2514 5326 2640 5409 ἔφη’
2700 5331 2883 5389 Πάντα
2936 5331 3003 5387 τὰ
3059 5333 3234 5408 ἀγαθὰ
3288 5332 3339 5390 ἒν
3403 5330 3558 5409 μόνῳ
3608 5339 3689 5409 τῷ

261 5421 486 5494 φρονεῖν
522 5415 690 5475 ἐστιν.

320 5510 368 5580 ε)
404 5505 618 5579 Γνώμη
650 5507 1059 5580 Δημοσθένους.
1093 5514 1186 5564 Aci
1216 5505 1282 5579 δὴ
1317 5509 1647 5585 χρημάτων,
1678 5509 1767 5564 καὶ
1816 5508 1940 5564 ἄνευ
1996 5508 2206 5565 τούτων
2263 5507 2416 5564 οὐδὲν
2476 5506 2587 5564 ἔστι
2646 5510 2884 5583 γενέσθθι
2941 5516 3050 5567 τῶν
3104 5510 3353 5571 δεόντων.
3406 5516 3690 5572 Sententia

248 5598 653 5655 Demosthenis.
684 5600 836 5670 Opus
858 5606 939 5655 est
959 5602 1240 5671 pecuniis,
1270 5609 1322 5657 et
1349 5599 1472 5658 sine
1502 5599 1586 5657 his
1605 5599 1757 5657 nihil
1787 5600 1935 5674 quod
1962 5616 2098 5674 opus
2124 5601 2276 5672 factu
2305 5602 2398 5669 sit,
2429 5600 2556 5671 ﬁeri
2595 5604 2805 5673 nequit.
2861 5603 2923 5659 P.
2973 5601 3163 5666 Οὕτως
3216 5602 3320 5679 ἄρα
3364 5608 3446 5676 τῷ
3494 5611 3686 5678 Δημο-

252 5684 427 5741 σθένει
460 5685 488 5740 ὁ
519 5684 667 5748 αἶνος
698 5687 765 5756 ἧν
798 5684 1002 5750 ἱκανός.

327 5780 379 5840 ς)
412 5775 719 5843 ’Δνασκευή
750 5777 853 5830 τοῦ
885 5775 1011 5853 περὶ
1037 5780 1136 5833 τοῦ
1168 5774 1336 5854 ῥόδου
1364 5775 1731 5853 διηγήματος.
1762 5783 1942 5838 Destrt

2072 5823 2086 5838 .
2121 5782 2511 5839 Narrationem
2549 5780 2615 5838 de
2662 5798 2794 5839 rosa
2846 5782 3014 5839 nullo
3068 5784 3235 5841 modo
3288 5782 3684 5840 verosimitem-

256 5880 386 5923 esse.
422 5871 488 5928 P.
514 5862 685 5940 Εἴπερ
719 5862 982 5940 ἀληθείας
1013 5864 1173 5924 οὐδὲν
1221 5865 1648 5948 ἀσφαλέστερον.
