4090 6426
438 363 541 417 415
1725 358 2053 414 GEORGIU

2247 358 2642 412 3HYMEREB.
3757 364 3862 418 416

512 488 561 559 ζ)
598 487 905 554 Κατασκευη
941 483 1001 540 ἐκ
1027 489 1124 540 τοῦ
1155 482 1400 539 ἐναντίου
1429 486 1525 537 τοῦ
1556 480 1900 558 διηγήματος
1926 486 2028 536 τοῦ
2057 501 2125 535 κα

2244 482 2281 535 ῖὸ
2305 478 2488 557 ῥόδον.
2534 484 2780 539 Αδδενιεο
2812 499 2827 539 :
2860 486 3255 543 Natrationem
3285 487 3448 542 illam
3495 487 3859 545 verisimilem

438 593 568 635 esse.
597 579 653 634 P.
688 578 904 651 Ἔγωγε
939 577 1033 649 μὲν
1064 574 1266 653 ιριλεῖν.

511 690 571 754 η)
604 685 794 746 Κοινὸς
826 683 994 744 τόπος
1022 682 1158 738 κατᾶ
1190 679 1469 757 Λοιδόρου.
1508 683 1677 737 Locus
1706 681 2017 736 communis
2045 697 2126 735 cor

2273 680 2627 735 Maledzcum.
2690 681 2749 736 P.
2805 679 3036 755 ’Ἀνδρες
3094 679 3361 751 δικασταί,
3429 681 3608 758 λόγων
3661 682 3861 761 ὀλίγων

441 772 910 847 πεπαιδευμέιων.

517 882 568 945 θ)
601 881 905 956 Ἐγκώμιον
940 877 1164 941 Αἴαντος
1202 882 1299 933 τοῦ
1330 875 1708 950 Τελαμωνίου.
1732 876 2000 933 Laudatio
2026 878 2132 947 Δία.

1887 879 2000 933 atio
2026 878 2206 947 Aiacis
2238 878 2555 947 Telamonii,
2589 882 2653 946 P,
2678 877 2743 934 Et
2777 879 2873 951 μὲν
2906 878 2969 947 ἦν
3002 879 3093 933 τὸν
3126 880 3332 935 ἅπαντα
3362 879 3502 955 βίον.

521 992 558 1063 ι)
590 989 775 1065 Ψόγος
804 994 897 1044 τοῦ
925 987 1161 1061 Πάριδος
1195 985 1576 1063 Ἀλεξάνδρου,
1608 986 1949 1059 Viluperatio
1980 992 2136 1043 Parat

2047 987 2217 1043 tradis
2246 988 2572 1044 Alexandri.
2606 988 2667 1044 Ρ.
2711 984 2839 1044 Οἶδὲ
2867 1009 2951 1051 τις
2980 987 3068 1042 καὶ
3094 986 3283 1064 κέρδος
3317 989 3422 1044 ἀπὸ
3451 987 3662 1050 κακίας.

517 1099 590 1169 ια)
626 1096 914 1172 Σύγκρισις
944 1095 1128 1157 ἐλαίας
1158 1096 1248 1150 καὶ
1283 1094 1560 1168 ἀμπέλου.
1599 1095 1888 1167 Compario
1919 1097 2107 1164 oliva,

1937 1097 2107 1164 plivw,
2139 1104 2193 1152 et
2220 1096 2370 1153 vitis.
2395 1098 2455 1152 P.
2482 1094 2583 1152 Καὶ
2614 1095 2681 1151 τὰ
2711 1098 2851 1172 φυτά
2880 1097 3225 1172 παρεοικέναι
3258 1094 3552 1167 ἀλλήλοις.

512 1204 591 1279 ιβ)
620 1203 927 1267 ’Πθοποιία.
978 1202 1143 1265 Τίνας
1175 1202 1371 1277 λόγους
1404 1202 1517 1256 εἶπε
1549 1198 1819 1278 φειδωλὸς
1850 1202 2286 1276 ἀναγκαζόμενος
2318 1203 2486 1272 ἐστιᾷκ
2542 1200 2760 1277 ἑτέρους
2815 1201 3147 1266 καλέσαντας
3198 1204 3486 1278 πρότερον.
3548 1206 3867 1276 Ethopozia.

449 1297 581 1364 Quae
612 1296 816 1351 dixerit
840 1312 1062 1362 avarus,
1091 1312 1214 1349 cum
1235 1300 1518 1365 cogeretur
1545 1310 1636 1349 eos
1665 1294 1722 1347 in
1746 1293 2061 1349 convivium
2089 1309 2298 1361 vocare,
2331 1296 2427 1364 qui
2456 1293 2702 1349 eumdem
2731 1295 2888 1364 prius
2915 1294 3172 1351 conuiuio
3196 1302 3550 1366 exceperant.
3601 1296 3663 1350 P.
3713 1297 3826 1347 Φεῦ
3857 1294 3869 1349 1

438 1384 514 1448 ὡς
544 1382 797 1460 λαμπρὸς
829 1385 1090 1457 ἑστιάτωρ
1124 1383 1251 1457 ἐγὼ,
1284 1383 1373 1436 καὶ
1406 1382 1542 1456 πρὸς
1574 1380 1639 1435 τὰ
1669 1377 1880 1437 δεῖπνα.

517 1493 592 1565 ιγ)
626 1492 921 1568 Ἐκφρασις
955 1494 1054 1544 τοῦ
1086 1488 1494 1564 Αὐγουτεῶνος.
1527 1491 1827 1561 Descriptio
1859 1490 2132 1561 Augusteo

2282 1490 2357 1561 (0)
2393 1491 2447 1546 P.
2482 1490 2556 1546 Τὸ
2586 1494 2682 1543 τοῦ
2711 1493 2846 1544 Θεοῦ
2875 1488 3107 1563 τέμόνος
3154 1492 3188 1559 ἡ
3241 1489 3401 1567 σοφίη
3453 1488 3693 1552 πολλαῖς
3744 1490 3870 1563 μὲν,

440 1580 531 1634 καὶ
563 1576 955 1642 παντοδαπαῖς.

519 1685 591 1760 ιδ)
624 1687 801 1761 Θέσις,
836 1688 879 1743 εἷ
912 1686 1232 1743 πλευστέον.
1258 1689 1628 1760 Propositum,
1661 1705 1741 1744 an
1771 1687 2134 1759 navigandum

2254 1728 2264 1741 .
2299 1685 2458 1741 Καλά
2493 1687 2587 1759 μὲν
2617 1686 2705 1741 καὶ
2736 1686 2802 1742 τὰ
2833 1686 3084 1763 αὐθιγενῆ
3117 1683 3267 1760 δῶρα
3312 1691 3420 1742 τῶν
3470 1686 3685 1742 πόλεων
3743 1692 3869 1749 τοῖς

439 1776 707 1840 ἐποίκοις.

517 1888 581 1958 ιε)
635 1885 949 1961 Κατηγορία
1016 1883 1186 1958 νόμου
1259 1887 1355 1938 τοῦ
1424 1880 1749 1944 κελεύοντος
1826 1881 1954 1945 τοὺς
2033 1882 2138 1936 ἀπὸ
2209 1882 2468 1959 ναυαγίου
2532 1882 2882 1958 καταίροντάς
2952 1905 3057 1939 που
3138 1881 3487 1939 σκυλεύεσθαι
3548 1883 3694 1959 παρᾶ
3749 1887 3867 1938 τῶν

447 1973 577 2029 ἐκεῖ.
613 1978 893 2033 Accusatzo
920 1978 1054 2047 legis
1086 1977 1485 2048 praecipientis,
1518 1975 1881 2045 nau/ragium
1910 1990 2117 2045 passos,
2150 1984 2201 2030 et
2232 1976 2565 2046 appellantes
2595 1975 2655 2029 iu
2684 1976 2924 2047 aliquem
2957 1977 3152 2043 locum,
3193 1977 3267 2032 ab
3298 1977 3390 2045 iis,
3422 1992 3519 2047 qui
3560 1976 3703 2030 inibi
3730 1981 3873 2031 sunt

440 2066 755 2138 spoliandas
797 2082 931 2121 esse.
966 2065 1028 2120 P.
1056 2061 1197 2138 Ἐγὼ
1227 2060 1284 2117 δὲ
1317 2060 1461 2117 ἀλλὰ
1489 2063 1577 2117 καὶ
1611 2062 1785 2135 νόμον
1815 2061 2055 2115 σανιστάίκ

1227 2060 1273 2117 δ’
1327 2060 1451 2117 ’λλ“
1561 2063 1575 2082 ‘
1658 2062 1669 2079 '
2030 2061 2037 2075 '
2240 2058 2271 2115 λ
2484 2062 2497 2079 ’
2602 2063 2610 2080 '

1191 2088 1197 2114 ι
1261 2082 1284 2115 ε
1317 2083 1348 2115 α
1430 2084 1461 2115 α
1489 2083 1577 2117 και
1611 2082 1785 2135 νομον
1815 2074 2133 2116 σανισταντα
2164 2082 2233 2116 πο
2282 2060 2446 2117 ιτείαν
2474 2068 2806 2135 ασπαζομαι.

516 2173 588 2243 ις)
644 2170 732 2232 Εἷς
763 2172 825 2225 τὸ
856 2170 1118 2242 ἐναντίον,
1152 2170 1272 2243 περὶ
1308 2173 1404 2223 τοῦ
1428 2168 1683 2224 τοιούτου
1713 2168 1911 2242 νόμου,
1939 2168 2027 2222 καὶ
2058 2175 2125 2238 τῆ

2259 2169 2443 2241 ιαύτης
2473 2170 2785 2234 συνθέσεως.
2816 2172 3142 2244 Oppositum
3174 2172 3240 2228 de
3273 2171 3463 2228 eadem
3494 2171 3609 2242 lege
3638 2178 3689 2227 et
3720 2187 3868 2226 com-

437 2261 731 2333 positione.

517 2369 587 2439 ιζ)
623 2368 881 2435 Σκηπτοῦ
910 2364 1331 2439 κατενεχθέντος
1360 2360 1611 2438 εὕρηνται
1664 2361 1847 2438 χιλιαι
1904 2363 2206 2419 πανοπλίαι
2238 2365 2291 2420 ἐν
2349 2370 2418 2440 τῇ
2470 2371 2567 2420 τοῦ
2625 2365 2955 2441 Περικλέους
3016 2366 3186 2437 οἷ’κίᾳ,
3235 2365 3326 2421 καὶ
3375 2364 3613 2441 κρίνεται
3668 2384 3874 2440 τυραν-

436 2452 586 2518 νίδος
616 2453 928 2517 ἐπιθέσεως.
989 2453 1321 2525 Μελετῶμεν
1380 2455 1471 2508 τὸν
1527 2452 1815 2531 φεύγοντα,
1857 2453 1915 2514 ὃς
1966 2454 2054 2507 καὶ
2114 2455 2188 2515 ὡς
2246 2456 2551 2530 στρατηγὸς
2595 2454 2764 2530 λέγει,
2809 2455 2898 2511 καὶ
2950 2456 3023 2517 ὡς
3074 2454 3258 2530 ῥήτωρ
3310 2453 3731 2531 διισχυρίζεται.
3791 2456 3862 2509 Ἣ

445 2543 629 2603 στάσις
664 2543 1125 2619 στοχασμόςλοεα
1147 2544 1407 2615 fulminis
1437 2546 1496 2599 in
1519 2543 1751 2599 Periclis
1780 2544 1938 2600 domo
1965 2546 2060 2599 mil

2259 2550 2466 2603 natura?
2513 2545 2829 2603 adinventae
2874 2554 3022 2615 sunt,
3060 2550 3113 2601 et
3158 2548 3219 2601 in
3275 2546 3491 2615 iudium
3540 2554 3766 2601 vocatur
3801 2547 3874 2601 de

436 2637 649 2691 tentata
671 2635 988 2707 tyrannide.
1026 2635 1302 2690 Declamat
1330 2649 1479 2703 reus,
1512 2633 1611 2703 qui
1640 2636 1701 2686 ut
1723 2633 2066 2687 exercituum
2097 2632 2214 2688 dum
2252 2650 2561 2690 sermonem
2581 2636 2838 2705 concipit,
2871 2638 2919 2689 et
2958 2642 3018 2690 ut
3066 2643 3254 2691 orator
3298 2635 3702 2691 contentionem
3725 2636 3864 2690 init-

439 2725 627 2782 Status
651 2735 734 2782 est
762 2726 1176 2798 conjecturalis.
1206 2728 1270 2784 P.
1302 2720 1471 2781 Οὐδὲν
1508 2724 1583 2787 ὡς
1612 2720 1787 2778 ἔοικεν
1813 2722 1953 2798 ἐστὶν
1986 2719 2045 2776 ἄν

1302 2720 1471 2781 Οὐδὲν
1508 2724 1583 2787 ὡς
1612 2720 1787 2778 ἔοικεν
1813 2722 1953 2798 ἐστὶν
1986 2719 2180 2796 ἅνδρὸς
2211 2723 2550 2799 συκοφάντου
2585 2722 2897 2799 βαρύτερον.

510 2836 590 2908 ιη)
623 2833 938 2912 Φιλόσοφος
994 2831 1173 2889 ἔπεισε
1220 2833 1480 2909 τύραννον
1513 2832 1835 2897 καταθέσθαι
1868 2833 1967 2902 τήν
2016 2829 2325 2907 τυραννίδα,
2375 2833 2465 2887 καὶ
2521 2832 2661 2887 αἰτεῖ
2704 2832 2767 2887 τὸ
2807 2833 2969 2907 γέρας
3021 2836 3129 2886 τῶν
3174 2832 3635 2908 τυραννοκτόνων.
3686 2832 3870 2886 Ἀντι-

444 2921 666 2999 λέγεται
701 2920 758 2978 δὲ
787 2925 935 2999 παρά
962 2944 1147 2981 τινων.
1182 2925 1285 2980 Καὶ
1322 2922 1635 2997 μελετῶμεν
1660 2923 1752 2977 τὸν
1787 2921 2057 3000 φιλόσοφο

2257 2924 2509 2996 Iosophus
2545 2925 2720 2979 suasit
2761 2927 3003 2994 tyranno
3063 2922 3416 2994 tyrannidem
3460 2925 3748 2995 deponere.
3804 2924 3870 2977 Et

434 3017 730 3087 praemium
755 3014 1003 3086 postulat
1024 3013 1509 3087 tyrannicidarum
1534 3029 1547 3067 :
1583 3013 1889 3083 denegatur
1918 3012 2015 3067 illi
2045 3013 2116 3068 ab
2146 3013 2450 3084 aliquibus.
2482 3012 2771 3068 Declamat
2792 3013 3171 3083 philosophus.

509 3123 579 3190 ιθ)
612 3120 902 3197 Ζωγράφος
959 3120 1187 3195 ναυάγια
1243 3122 1450 3195 γράψας
1509 3119 1599 3174 καὶ
1658 3121 1781 3196 περὶ
1830 3124 1948 3181 τοῖς
1999 3118 2185 3193 λιμέσι
2219 3121 2441 3191 στήσας,
2499 3120 2574 3193 μή
2606 3118 2974 3195 καταιρόντων
3020 3122 3227 3174 ναυτῶν
3275 3118 3514 3193 κρίνεται
3566 3115 3855 3191 δημοσίων

440 3208 819 3284 ἀδικημάτων.
873 3212 1061 3269 Pictor
1080 3213 1373 3284 naufragii
1412 3231 1445 3268 a
1474 3229 1531 3267 se
1573 3213 1826 3283 depictas
1865 3212 2084 3267 tabulas
2117 3214 2175 3267 in
2224 3212 2474 3283 portibus
2530 3214 2879 3283 appinarerat,
2938 3228 3061 3268 cum
3115 3220 3299 3267 nautae
3346 3227 3455 3267 non
3515 3210 3859 3283 appellerent

441 3304 789 3375 publicorum
819 3301 1119 3357 criminum
1142 3318 1267 3357 reus
1293 3301 1378 3373 ﬁt.
1412 3308 1474 3358 P.
1507 3296 1657 3354 ’Έδει
1687 3300 1819 3354 ποτὲ
1848 3299 1937 3354 καὶ
1973 3304 2056 3368 ζωι

1973 3298 2257 3377 ζωγράφον
2288 3297 2568 3372 δημοσίων
2603 3297 2999 3375 ἐγκεκλημένον
3033 3296 3323 3373 παρελθεῖν
3355 3296 3561 3362 ἐνθάδε.

509 3413 564 3481 κ)
597 3406 912 3482 Στρατηγὸς
943 3404 1304 3482 πυρπολήσας
1355 3405 1449 3467 τὰς
1500 3410 1651 3478 ναῦς,
1706 3406 1780 3467 ὡς
1830 3402 1930 3475 ἔξω
1977 3405 2167 3481 χρείας
2220 3401 2468 3476 δοξάσας,
2515 3404 2604 3460 καὶ
2655 3402 2745 3460 διὰ
2792 3410 2957 3461 ταῦτα
2986 3407 3233 3477 νικήσῃς,
3282 3404 3522 3479 κρίνεται
3574 3402 3861 3477 δημοσίων

431 3493 788 3568 ἀδικημάτων
824 3494 1154 3568 Μελετῶμεν
1187 3495 1280 3549 τὸν
1314 3493 1599 3572 φεύγοντα.
1633 3497 1759 3551 Duo:
1786 3498 2046 3552 exercitu;

2248 3499 2461 3554 'ematis
2490 3497 2727 3554 navibus
2757 3508 2874 3553 tum
2902 3498 3220 3565 inutilibus,
3244 3505 3295 3552 et
3323 3496 3568 3553 hostibus
3614 3504 3863 3563 postmo-

427 3587 561 3642 dum
589 3586 896 3653 debellatis,
914 3586 1264 3657 pnblicorum
1292 3586 1601 3643 criminum
1628 3603 1754 3643 reus
1773 3587 1854 3657 ﬁt.
1888 3587 2042 3643 Decla

2245 3604 2330 3643 us.
2366 3588 2425 3644 P.
2450 3586 2589 3663 Ἐγὼ
2624 3584 2719 3659 μέν
2742 3584 2831 3641 καὶ
2871 3583 3035 3661 γέρας
3073 3578 3485 3659 ὑπελάμϐανον,
3517 3579 3733 3659 ἄνδρες,
3767 3581 3860 3636 ἐπὶ

432 3680 548 3736 τοῖς
580 3673 987 3751 πεπραγμένοις
1014 3676 1359 3748 κομίζεσθαι.

501 3784 589 3852 κα)
622 3782 709 3836 Ἐν
749 3780 922 3857 τρισὶν
971 3782 1205 3858 ἠμέραίς
1246 3802 1414 3854 νομος
1457 3780 1672 3837 ἐκέλευε
1718 3783 1844 3857 περὶ
1890 3781 2146 3855 πολέμου
2199 3782 2575 3858 βουλεύεσθαι.
2624 3781 2901 3839 Ἐλάτειαν
2935 3782 3307 3856 κατασχόντος
3361 3777 3668 3847 Φιλίππου,
3733 3800 3869 3834 συν-

435 3865 694 3925 εϐούλευε
726 3869 1079 3944 Δημοσθένης
1110 3871 1423 3944 αὐθημερὸν
1452 3871 1667 3947 ἐξιέγαι,
1700 3872 1790 3928 καὶ
1825 3872 2050 3948 μάχεσθι

2258 3893 2419 3935 τασις
2450 3874 2826 3949 πραγματική.
2867 3874 3058 3930 Tribus
3087 3872 3282 3929 diebus
3310 3889 3381 3928 ea:
3425 3878 3688 3942 prxcepto
3726 3872 3873 3942 legis

437 3961 504 4017 de
536 3962 673 4017 bello
694 3963 949 4032 faciendo
997 3963 1389 4018 consulendum
1421 3971 1559 4019 erat.
1597 3965 1735 4020 Cum
1782 3964 2079 4037 Philippus
2122 3964 2375 4020 Etatium
2416 3973 2750 4035 occupasset,
2800 3961 3178 4019 Demosthenes
3233 3961 3499 4018 hortatur
3536 3959 3729 4016 eodem
3781 3960 3872 4015 die

436 4051 574 4107 urbe
604 4052 783 4123 exire,
815 4056 866 4109 et
892 4069 1146 4124 pugnam
1175 4055 1449 4125 expen‘ri.
1484 4053 1672 4109 Status
1702 4054 2023 4124 negotialis.

2260 4054 2277 4107 ἱ
2304 4052 2532 4109 πολλῶν
2567 4052 2651 4124 ἂν,
2683 4049 2728 4106 ὦ
2758 4048 2948 4128 ἄνδρες
2982 4052 3282 4121 Ἀθηναῖοι,
3314 4048 3529 4123 νομίζω
3558 4048 3869 4123 προσήκειν

438 4140 570 4212 ὑμῖν
603 4144 700 4194 τοῦ
728 4139 865 4215 πρὸς
899 4138 1182 4195 Φίλιππον
1218 4140 1592 4216 ἀγωνίζεσθαι.

506 4250 600 4324 κβ)
655 4249 1000 4323 Ἀριστεύσας
1050 4271 1135 4313 τις
1192 4245 1392 4323 ᾔτησεν
1449 4250 1525 4312 εἰς
1578 4251 1640 4304 τὸ
1714 4252 1877 4327 γέρας
1937 4250 2167 4306 πολίτου
2226 4251 2411 4329 φόνον.
2481 4249 2719 4307 Δέδωκεν
2783 4253 2817 4321 ἡ
2874 4249 3058 4314 πόλις.
3128 4247 3369 4325 Εὕρηται
3436 4247 3878 4323 προαπεκτονὼς

437 4337 627 4409 αὐτὸν,
659 4337 750 4391 καὶ
777 4338 1017 4413 κρίνεται
1048 4340 1235 4415 φόνου.
1270 4339 1605 4410 Μελετῶμεν
1636 4339 1730 4393 τὸν
1787 4342 2052 4415 κατήγορε

2264 4360 2309 4397 m
2367 4344 2428 4398 in
2495 4343 2634 4398 bello
2691 4341 2970 4413 quispiam
3020 4340 3222 4412 optime
3277 4356 3335 4395 se
3380 4337 3652 4408 gessisset,
3712 4354 3879 4410 pra?-

444 4429 621 4480 mium
646 4427 758 4481 sibi
787 4427 918 4482 dari
945 4426 1266 4498 postulavit,
1318 4429 1453 4483 civis
1483 4435 1669 4499 caput.
1707 4431 1839 4485 Urbs
1885 4432 2164 4487 concessit.
2196 4432 2335 4487 Cum
2380 4436 2508 4488 ante
2558 4433 2914 4502 impetratum
2961 4432 3257 4501 praemium
3300 4427 3603 4492 occidisset,
3651 4426 3723 4481 de
3771 4429 3879 4484 ho-

435 4515 664 4570 micidio
690 4516 1025 4586 postulatur.
1061 4516 1333 4573 Declamet
1383 4527 1690 4574 accusator.
1744 4524 1806 4575 P.
1868 4526 1982 4588 Τῆς
2046 4543 2050 4592 ι

2273 4520 2491 4588 ιστείας,
2551 4520 2596 4574 ὧ
2650 4519 2915 4588 νεανίσκε,
2956 4516 3173 4573 πολλοῦ
3233 4513 3316 4571 δεῖ
3369 4515 3460 4572 καὶ
3507 4519 3604 4571 τοῦ
3660 4517 3882 4578 παντὸς

434 4603 719 4681 έμφεσθαιε

500 4711 588 4786 κγ)
648 4709 906 4784 Πολέμου
964 4706 1140 4783 ὄντος,
1197 4713 1288 4767 καὶ
1345 4712 1672 4790 πολιορκίας
1722 4714 1959 4771 ἀνελθών
2014 4738 2097 4779 τις
2152 4718 2301 4790 ξένος
2359 4716 2446 4771 ἐπὶ
2497 4717 2560 4772 τὸ
2612 4722 2800 4793 τεῖχος
2848 4717 3161 4788 ἠρίστευσεν
3192 4713 3370 4788 νόμου
3416 4710 3751 4775 κελεύοντος
3794 4715 3877 4786 μὴ

436 4799 639 4855 ἀνιέναι
695 4800 844 4871 ξένον
904 4800 955 4856 ἐν
1014 4803 1251 4875 τοιούτῳ
1287 4808 1485 4879 καιρῷ,
1538 4805 1628 4859 καὶ
1688 4806 1949 4881 ὑπάγεται
2007 4813 2051 4860 τὲ

2266 4830 2311 4880 ρ.
2371 4812 2662 4865 Premente
2712 4808 2859 4865 bello
2911 4812 3070 4880 atque
3114 4807 3418 4873 obsidione,
3468 4804 3679 4860 advena
3739 4808 3881 4876 qui-

437 4893 573 4947 dam
618 4908 842 4948 ascenso
899 4909 1063 4948 muro
1116 4896 1301 4965 prima
1346 4911 1587 4966 praemia
1642 4901 1902 4953 meretur.
1960 4902 2348 4954 Verumtamen
2385 4916 2508 4954 cum
2550 4900 2641 4955 lea:
2691 4898 3025 4971 prohiberet,
3055 4914 3126 4953 ne
3181 4896 3304 4969 quis
3350 4896 3563 4951 advena
3615 4899 3887 4964 tempore

443 4983 578 5038 belli
609 5000 833 5040 murum
865 4986 1206 5055 ascenderet,
1248 4987 1313 5043 de
1340 4987 1617 5044 volatzone
1647 4988 1786 5059 legis
1809 4990 2054 5061 postulat

2310 4990 2455 5065 Ἐγὼ
2517 4990 2636 5062 μὲν,
2686 4988 2733 5042 ὦ
2785 4985 2996 5065 ἄνδρες,
3034 4985 3283 5062 καὶ-πρὶν
3317 4985 3394 5048 είς
3425 4982 3736 5061 ἀπολογίαν
3767 5005 3877 5040 κα-

430 5076 718 5139 ταστῆσαι.

498 5172 587 5247 κδ)
644 5175 832 5248 Νόμος
862 5177 954 5231 τὸν
1002 5179 1381 5255 ἀποκήρυκτον
1434 5180 1509 5253 μὴ
1559 5179 1807 5255 μετέχειν
1835 5186 1942 5237 τῶν
1990 5184 2283 5258 πατρῴων,
2333 5183 2425 5239 καὶ
2470 5180 2636 5237 πάλιν
2689 5181 2884 5252 ἄλλος,
2935 5183 3027 5237 τὸν
3075 5180 3424 5245 ἐπιμείναντα
3470 5182 3873 5257 χειμαζομένῃ

428 5264 527 5333 νηῒ
586 5261 852 5336 δεσπότην
902 5268 1033 5322 εἶναι
1086 5275 1185 5338 τῆς
1239 5271 1393 5331 νεώς.
1445 5270 1855 5347 Ἀποκήρυκτος
1907 5272 2154 5347 ἐπέμεινε
2201 5271 2438 5348 πατρίδα
2493 5274 2589 5343 νηῒ
2640 5274 3047 5349 χειμαζομένῃ,
3106 5273 3196 5327 καὶ
3258 5269 3497 5347 εἷ’ργεται
3557 5270 3728 5339 αὐτῆς
3795 5272 3880 5334 ὡς

434 5353 713 5427 πατρῴας·
748 5354 1084 5429 Μελετῶμεν
1110 5357 1201 5411 τὸν
1231 5357 1639 5431 ἀποκήρυκτον.
1665 5362 1777 5417 Lex
1806 5367 1902 5430 est,
1936 5363 2049 5420 abd:

2270 5366 2333 5421 in
2360 5362 2611 5436 palemis
2656 5368 2876 5436 partem
2919 5378 3028 5421 non
3086 5362 3308 5418 habeat.
3364 5360 3429 5417 Et
3477 5360 3599 5415 alia
3657 5361 3765 5431 qui
3810 5363 3883 5417 in

432 5442 571 5498 navi
598 5446 915 5517 tempestate
935 5449 1149 5519 jactata
1170 5448 1496 5519 perstiterit,
1542 5450 1799 5507 dominus
1839 5453 2000 5509 navis
2054 5457 2158 5510 est.
2191 5453 2487 5510 Abdicatus
2542 5454 2604 5509 in
2646 5458 2889 5525 paterna
2935 5453 3080 5510 navi
3125 5450 3382 5524 procellis
3425 5452 3626 5506 obruta
3675 5464 3884 5521 perse-

501 5706 578 5779 (a)
615 5707 743 5792 Haec
774 5706 1131 5792 Ahuguetalis
1151 5707 1208 5762 in
1240 5705 1464 5792 tegnpto
1496 5708 1723 5792 Sgppign
1781 5710 2091 5792 CquiEano
2202 5711 2284 5768 De
2307 5713 2688 5792 Angusteone
2714 5712 2847 5769 vide
2875 5713 3151 5784 Goarum,
3184 5712 3244 5768 in
3275 5710 3432 5769 notis
3464 5711 3535 5769 ad
3565 5684 3876 5770 Codinum

430 5777 758 5851 deseriptio
771 5777 988 5856 Erice
1017 5779 1176 5856 edita
1205 5796 1245 5856 α
1265 5777 1794 5856 ομςτξεεηΒοξνὶρο,
1832 5782 1904 5856 ad
1950 5785 2090 5856 Gre;
2204 5799 2263 5856 p.
2299 5777 2423 5840 13οῖ

453 5848 657 5923 gos-nni
689 5867 747 5924 p.
771 5851 899 5919 764,
933 5866 964 5908 e
993 5851 1192 5908 codice
1217 5849 1358 5907 3119
1387 5848 1563 5922 Regis
1583 5849 2091 5911 Christianiasimi.
