4090 6424
290 448 400 505 417
1860 445 1905 500 N

2102 447 2174 498 IA.
3611 449 3717 507 418

287 570 557 633 veravit;
604 568 674 624 ab
723 565 845 640 ejus
889 569 1077 622 tamen
1100 563 1468 638 possessione,
1519 564 1662 639 quod
1707 573 1942 639 paterna
1990 566 2081 638 sit,
2130 567 2395 638 abigitur.
2439 567 2714 624 Declamet
2755 568 3073 626 abdicatus.
3104 571 3162 627 P.
3199 569 3260 626 Et
3285 570 3376 626 καὶ
3410 571 3437 626 ὁ
3466 571 3597 646 ἐμὸς
3621 594 3717 628 σο-

294 662 545 735 φώτερον
581 656 755 721 θέλων
790 651 882 710 ἴσα
910 652 1162 730 πράττειν
1193 658 1302 710 τῶν
1335 650 1544 710 ἄλλων.

366 755 448 821 κε)
479 746 674 820 Νόμος
701 745 793 800 τὸν
829 743 888 799 ἐκ
918 743 1128 817 πόρνης
1163 741 1432 817 γεγονότα
1476 743 1553 814 μὴ
1606 739 1783 816 λεγειν
1834 741 1922 797 ἐπὶ
1960 747 2058 797 τοῦ
2105 744 2373 818 βήματος.
2427 745 2522 800 Ἐκ
2568 744 2771 821 πόρνου
2816 767 2901 809 τις
2923 748 3160 822 γεγονὼς
3191 747 3462 804 κωλύεται
3517 748 3723 827 λέγειν.

295 839 638 910 Μελετῶμεν
667 835 732 891 τὸ
763 834 824 890 ἐκ
846 833 1055 908 πόρνης
1091 837 1114 859 ‘
1141 833 1430 908 γεγονότα.
1475 835 1588 889 Lex
1615 834 1717 900 ait,
1760 851 1830 889 ex
1857 851 1910 888 m

2110 835 2154 890 fa
2201 838 2438 892 muliere
2480 841 2656 905 satus,
2696 854 2766 894 ne
2807 853 2880 894 ea:
2926 846 3191 908 suggestu
3247 840 3606 898 concionetur
3656 844 3725 898 ad

287 930 615 1004 populum;
641 943 712 982 ea:
748 926 1032 982 meritorio
1062 923 1184 978 viro
1210 923 1438 995 quidam
1466 932 1630 978 natus
1661 941 1692 979 a
1720 926 1977 980 concione
2008 924 2276 994 abigitur.
2310 926 2593 982 Declamet
2640 927 2738 998 qui
2783 944 2856 983 ea:
2899 929 3190 987 meritorio
3235 939 3402 987 natus
3430 939 3530 989 est.
3566 937 3622 989 P.
3659 932 3726 989 Ei

291 1019 386 1075 καὶ
420 1016 610 1092 λέγειν
643 1013 727 1069 ἐπ’
758 1011 1050 1082 ἐκκλησίας
1078 1010 1370 1084 κωλύομαι
1401 1012 1549 1083 παρά
1576 1015 1672 1066 τοῦ
1704 1016 2016 1086 θαυμαστοῦ
2046 1011 2240 1067 τούτου
2265 1013 2356 1067 καὶ
2386 1011 2616 1077 πιθανοῦ
2649 1014 2908 1092 ῥήτορος,

368 1103 714 1179 κς).Εταίρα
768 1101 971 1178 χρυσία
1021 1101 1067 1156 εἰ
1116 1100 1333 1178 φορείη,
1383 1097 1628 1173 δημοσία
1675 1099 1833 1159 ἔστω.
1886 1104 2211 1177 ΙΙεφώραταί
2257 1123 2342 1166 τις
2375 1103 2560 1178 ἑταίρα
2607 1109 2848 1180 φοροῦσα
2898 1107 3120 1182 χρυσία,
3172 1107 3262 1162 καὶ
3315 1106 3586 1182 δημοσίαν
3645 1110 3729 1173 τίς

311 1218 473 1277 φησιν
534 1195 643 1250 ἀπὸ
699 1192 887 1266 νόμων
937 1191 1092 1247 εἶναι.
1142 1194 1202 1246 '0
1260 1188 1318 1245 δὲ
1360 1190 1551 1265 παρὼν
1603 1190 1784 1260 οὗτος,
1835 1191 1892 1247 ὃν
1955 1193 2299 1265 μελετῶμεν,
2348 1193 2450 1247 οὐκ
2509 1193 2675 1264 αὐτὴν
2727 1195 2860 1249 εἶναι
2911 1193 3178 1268 δημοσίαν
3231 1197 3419 1275 φησὶν,
3465 1197 3611 1255 ἀλλά
3662 1201 3730 1256 τὰ

315 1285 538 1364 χρυσία,
569 1279 1063 1359 προπαροξυτόνως
1093 1278 1473 1356 ἀναγινώσκων
1511 1281 1729 1354 [nempe
1753 1277 1816 1350 δη
1831 1277 1930 1354 μόσ

2110 1283 2333 1340 leretrix
2363 1301 2541 1340 aurea
2582 1284 2633 1340 si
2678 1289 2994 1356 gestaverit,
3024 1288 3251 1360 publica
3277 1289 3348 1344 sit
3378 1307 3397 1343 :
3425 1290 3725 1361 deprehen-

301 1397 424 1437 sam
453 1378 800 1434 meretricem
828 1389 1004 1428 aurea
1032 1374 1332 1444 gestantem
1361 1387 1430 1426 ea,
1458 1371 1665 1442 legibus
1689 1372 2041 1428 contenditur
2062 1375 2352 1444 publicam
2377 1391 2513 1429 esse.
2547 1375 2614 1430 At
2639 1377 2738 1446 qui
2765 1377 3064 1446 declamat,
3112 1395 3224 1434 non
3272 1396 3404 1434 eam
3444 1380 3726 1450 publicam

298 1483 440 1534 esse,
473 1464 569 1522 sed
596 1479 790 1531 aurea,
823 1460 1124 1516 immutata
1152 1463 1384 1514 accentu
1409 1461 1624 1515 asserit.
1656 1459 1718 1514 P.
1752 1465 1913 1523 Μισθι

2111 1501 2126 1529 ,
2159 1457 2290 1516 οὐδὲ
2338 1457 2530 1535 δώρων
2562 1457 2717 1516 ἕνεκα
2744 1460 2946 1534 ταύτην
2978 1464 3076 1532 τὴν
3107 1467 3323 1543 γραφὴν
3356 1463 3723 1540 ἔνεστησάμην

303 1557 445 1631 ὑπὲρ
476 1556 575 1623 τῆς
605 1552 741 1613 τὲως
772 1547 1042 1620 δοκούσης
1072 1546 1294 1622 ἀτίμου.

375 1647 467 1718 κζ)
499 1643 568 1701 Αἱ
625 1639 888 1697 ἐπίλοιπο
943 1638 1089 1710 παρά
1137 1638 1238 1706 τὴν
1297 1634 1600 1692 ἀντίστασιν
1656 1641 1766 1692 τῶν
1825 1636 2173 1702 ἀντιθετικῶν
2219 1643 2410 1713 τρεῖς,
2461 1640 2524 1695 τὸ
2571 1640 2948 1716 ἀντὲγκλημα,
2998 1642 3089 1696 καὶ
3143 1644 3464 1716 μετάστασις
3493 1685 3506 1712 ,
3549 1645 3640 1699 καὶ
3689 1647 3724 1716 ἠ

299 1734 634 1812 συγγνώμη.
693 1731 799 1789 Καὶ
843 1733 1059 1806 πρῶτον
1115 1729 1338 1800 ζήτημα
1380 1729 1445 1782 τὸ
1495 1726 1846 1803 ἀντέγκλημα
1894 1727 2140 1802 ἀριστεὺς
2183 1729 2516 1805 πορνεύοντα
2559 1731 2652 1786 τὸν
2693 1731 2806 1785 υἱὸν
2859 1732 3152 1803 ἀπέκτεινε,
3196 1732 3288 1788 καὶ
3318 1734 3483 1812 φόνου
3523 1733 3727 1809 φεύγει.

300 1821 643 1896 Μελετῶμεν
674 1820 768 1876 τὸν
799 1817 1040 1895 ἀριστέα.
1082 1825 1214 1876 Prw
1241 1819 1696 1890 comparationis,
1730 1820 1845 1875 sive
1889 1835 1915 1875 c

2111 1819 2378 1888 .sationis,
2432 1829 2539 1876 tres
2586 1823 2692 1876 alii
2737 1830 2868 1877 sunt
2913 1825 3372 1896 assumptivorum
3418 1829 3614 1892 status,
3644 1841 3726 1880 re-

301 1912 745 1982 criminationis,
773 1908 1157 1966 translationis
1187 1910 1466 1978 criminis,
1499 1917 1550 1963 et
1580 1909 2003 1980 deprecationis.
2036 1910 2103 1963 Et
2130 1910 2315 1977 prima
2364 1913 2598 1982 quaestio
2642 1911 3044 1968 recriminatio.
3086 1913 3270 1969 Victor
3327 1923 3378 1969 et
3423 1914 3489 1969 de
3535 1914 3728 1985 patria

309 2005 450 2059 bene
481 2001 715 2056 meritus
743 2002 1079 2055 scortantem
1109 1995 1291 2066 ﬁlium
1317 1995 1614 2060 interemit,
1646 1999 1695 2051 et
1725 1997 1784 2050 in
1805 1995 1903 2067 jus
1931 2003 2175 2051 vocatur.
2208 1997 2487 2052 Dectamet
2535 1998 2600 2051 de
2644 1997 2834 2069 patria
2906 1999 3040 2054 bene
3095 2001 3346 2056 meritus.
3381 1999 3441 2054 P.
3469 2004 3580 2068 Τῆς
3634 1998 3728 2072 μὲν

300 2090 445 2164 ἐμῆς
475 2085 749 2162 ἀριστείας
779 2081 967 2139 πολλά
994 2081 1086 2136 καὶ
1121 2080 1329 2157 μεγάλα
1357 2081 1424 2136 τὰ
1455 2079 1737 2157 δείγματα.

375 2182 472 2250 κη)
521 2173 842 2252 Τριακόσιοι
885 2172 1102 2248 κύκτωρ
1151 2175 1260 2225 τῶν
1309 2169 1596 2243 πολεμίων
1637 2168 1988 2245 ἀποδράντες,
2031 2169 2122 2225 καὶ
2171 2169 2309 2247 πρὸς
2357 2177 2479 2234 ταῖς
2527 2171 2726 2236 πύλαις
2776 2179 2877 2243 τῆς
2914 2172 3131 2236 πόλεως
3161 2173 3444 2251 γενόμελοι
3493 2174 3732 2230 ἱκέτευον

295 2270 392 2325 τὸν
444 2264 750 2342 στρατηγὸν
804 2262 1010 2332 ἀνοῖξαι
1057 2261 1156 2322 τὰς
1202 2259 1384 2322 πύλας
1432 2266 1532 2329 τῆς
1573 2260 1794 2322 πόλεως
1841 2261 1916 2322 εἷς
1964 2260 2026 2315 τὸ
2060 2259 2321 2316 εἰσελθεῖν
2369 2261 2460 2316 καὶ
2511 2264 2772 2331 σωθῆναι·
2825 2262 2996 2335 νόμου
3027 2258 3182 2326 ὄντος
3239 2265 3315 2338 μὴ
3364 2262 3578 2339 νύκτωρ
3637 2264 3731 2328 τὰς

298 2357 486 2419 πύλας
529 2353 861 2429 ἀνοίγεσθαι,
913 2351 1013 2405 οὐκ
1052 2347 1264 2420 ἤνοιξεν
1317 2349 1346 2404 ὁ
1393 2350 1730 2426 στρατηγός.
1781 2349 2087 2411 Φθάσαντες
2137 2349 2189 2403 οἱ
2231 2347 2664 2413 καταδιώκοντες
2715 2351 2930 2407 ἀνεῖλον
2995 2353 3217 2415 αὐτούς.
3270 2352 3367 2408 Καὶ
3416 2353 3654 2428 κρίνεται
3702 2354 3730 2408 ὁ

297 2446 614 2523 στρατηγὸς
668 2447 776 2498 τῶν
831 2438 1114 2514 δημοσίων
1172 2437 1552 2511 ἀδικημάτων.
1613 2438 1912 2512 Μελετῶμε

2145 2441 2448 2515 κατήγερον
2494 2442 2667 2498 Noctu
2712 2447 3016 2498 tercentum
3061 2460 3131 2499 ex
3178 2444 3420 2500 hostibus
3475 2445 3730 2516 profugi,

297 2556 427 2595 cum
451 2537 528 2592 ad
554 2541 706 2607 [ores
737 2534 893 2588 urbis
919 2529 1316 2603 pervenissent,
1348 2529 1539 2586 ducem
1571 2531 2011 2601 deprecabantur
2039 2535 2102 2585 ut
2135 2530 2250 2585 illis
2277 2531 2492 2601 foribus
2525 2533 2730 2602 apertis
2776 2547 2877 2600 pro
2925 2531 3319 2587 incolumitate
3361 2534 3640 2604 ingressus
3672 2532 3732 2586 in

301 2629 508 2684 urbem
536 2627 788 2698 pateret;
809 2639 936 2678 cum
965 2622 1056 2676 lex
1081 2618 1401 2692 prohiberet
1427 2627 1586 2674 noctu
1616 2622 1765 2690 fores
1795 2618 2060 2685 reserari,
2079 2619 2192 2674 dua:
2222 2635 2328 2675 non
2359 2621 2956 2692 aperuit.Depre/iensi
2984 2621 3208 2676 interim
3231 2639 3262 2676 a
3277 2622 3735 2693 persequentibus

300 2715 690 2775 internecione
717 2711 886 2768 deleti
912 2713 1040 2766 sunt
1069 2728 1088 2764 :
1119 2717 1170 2765 et
1198 2709 1315 2763 duo:
1357 2707 1710 2778 publicorum
1751 2707 2054 2763 criminum
2092 2724 2218 2765 reus
2243 2709 2323 2778 fit.
2363 2710 2638 2764 Declamet
2662 2712 2968 2766 accusator.
3005 2710 3063 2764 P.
3100 2705 3330 2778 Μηδεὶς,
3365 2706 3409 2762 ὦ
3439 2708 3726 2782 παρόντες,

298 2808 505 2880 νομίσῃ
542 2797 902 2878 βασκαίνοντά
936 2819 1001 2870 με
1027 2803 1130 2866 τῆς
1160 2793 1322 2866 δόξης
1349 2799 1428 2867 τῷ
1461 2799 1774 2870 στρατηγῷ.

379 2898 468 2968 κζ)
499 2890 814 2966 Στρατηγὸς
865 2885 1032 2950 ἁλοὺς
1081 2885 1228 2959 παρά
1272 2889 1390 2946 τοῖς
1436 2883 1659 2959 ἐχθροῖς
1709 2883 1797 2938 ἐπὶ
1845 2882 1990 2938 πολὺ
2042 2884 2464 2959 βασανιζόμενος
2517 2887 2684 2940 εἰπεῖν
2733 2887 2800 2940 τὰ
2848 2893 2948 2956 τῆς
3001 2883 3218 2947 πόλεως
3247 2885 3582 2962 ἀπόρῥητας,
3634 2887 3727 2940 εἶτ’

315 2980 713 3056 ἀναγκασθεὶς,
773 2977 864 3032 καὶ
921 2975 1144 3049 ἐξειπὼν
1205 2973 1503 3028 ἀπολύεται
1547 2974 1635 3028 καὶ
1684 2977 1788 3027 τῶν
1841 2973 2128 3048 βασάνωτ,
2177 2975 2268 3029 καὶ
2309 2979 2407 3045 τῆς
2461 2975 2891 3051 αἷχμαλῶσίας,
2933 2976 3022 3030 καὶ
3072 2974 3380 3040 ἐπανελθὼν
3426 2976 3572 3048 παρὰ
3618 2981 3730 3030 τῶν

324 3069 476 3126 ἲδίων
527 3071 772 3146 κρίνεται
829 3063 1113 3138 δημοσίων
1168 3060 1544 3134 ἀδικημάτων.
1597 3060 1927 3135 Μελετῶμεν

2138 3065 2427 3141 στρτηγόν.
2484 3068 2619 3123 Cum
2670 3067 2911 3123 diu/inis
2966 3068 3257 3123 tormentis
3313 3076 3517 3123 secreta
3574 3069 3730 3122 urbis

320 3163 489 3218 hostes
516 3179 550 3216 a
579 3162 721 3216 duce
749 3156 1084 3228 deprehenso
1112 3154 1482 3224 deposcerent,
1504 3153 1561 3208 vi
1589 3153 1810 3209 tandem
1839 3155 2199 3223 exsculpunt,
2231 3157 2461 3228 ideoque
2491 3157 2586 3212 ille
2610 3161 2660 3212 et
2692 3157 2978 3222 servitute,
3009 3161 3060 3211 et
3089 3158 3375 3212 tormentis
3431 3157 3732 3212 liberatur.

311 3259 579 3310 Reversus
609 3249 671 3304 in
700 3245 944 3319 patriam
974 3261 1008 3299 a
1036 3245 1153 3299 suis
1178 3243 1531 3308 publicorum
1555 3241 1860 3298 criminum
1889 3261 1926 3298 νε

2117 3246 2427 3301 .Dectamet
2455 3245 2586 3301 dux.
2625 3251 2686 3300 P.
2721 3242 2870 3301 Ἔδει
2919 3249 3098 3308 θανεῖν
3146 3244 3293 3320 παρά
3338 3249 3458 3306 τοῖς
3509 3243 3732 3320 ἐχθροῖς

304 3340 396 3395 ἐπὶ
425 3343 537 3393 τῶν
575 3336 822 3412 βασάνων
854 3331 1095 3400 ἐκείνων,
1127 3327 1340 3406 ἄνδρες,
1371 3330 1499 3403 πρὶν
1533 3329 1566 3400 ἢ
1598 3326 1783 3384 δοῦναι
1815 3329 2016 3405 λόγους
2047 3331 2439 3406 πλημμελείας
2479 3335 2606 3407 παρ’
2639 3335 2765 3407 ὑμῖν
2796 3333 3206 3409 ἀναγκάζεσθαι.

371 3432 428 3485 8.
463 3427 712 3499 Scripsit
743 3429 1027 3498 preterea
1057 3422 1322 3478 carmina
1351 3421 1422 3475 de
1451 3420 1571 3476 vita
1601 3437 1730 3487 sua,
1763 3423 1935 3492 cujus
1967 3424 2092 3494 ipse
2126 3424 2395 3479 meminit
2425 3425 2483 3479 in
2516 3425 2786 3480 Historiis
2817 3425 2964 3480 libro
2992 3442 3050 3495 x,
3086 3441 3211 3496 cap.
3253 3425 3340 3478 14.

373 3519 474 3573 Καὶ
505 3516 630 3572 τότε
659 3514 834 3590 ἀστὴρ
865 3512 1122 3585 κομήτης
1152 3509 1243 3588 ἀφ’
1275 3507 1500 3583 ἐσπέρας
1528 3506 1820 3582 ἐξέλαμπε,
1855 3509 1977 3584 περὶ
2011 3509 2073 3565 οὗ
2116 3511 2205 3566 καὶ
2257 3511 2307 3566 ἐν
2356 3518 2474 3575 τοῖς
2523 3515 2638 3568 κατ’
2685 3511 2916 3586 ἐμακτον
2970 3510 3038 3568 δι’
3070 3511 3213 3567 ἐπῶν
3247 3512 3531 3585 ὑπέμνησα
3587 3509 3733 3566 οὕτω

297 3611 549 3688 γράφων.

1019 3695 1164 3774 ’Ἡδῃ
1197 3697 1663 3774 μὲν-οβινοπωρὶς
1695 3696 1956 3774 ξ’σημερίη
1992 3697 2302 3774 ἐπελαυνεν,

1029 3762 1246 3845 Ἠέλιος
1276 3762 1443 3845 δί’ἔὶε
1472 3762 1806 3845 παρθενικῆς
1826 3762 2072 3845 ἐρατεινά
2092 3762 2383 3842 πρόσωπα,

1028 3842 1128 3931 {sui
1156 3841 1288 3931 τότε
1301 3838 1564 3931 ’λαμπρὸς
1599 3838 1785 3931 λᾶμέπε
1817 3838 2091 3931 Oppi-nlo];
2124 3838 2404 3931 κομι,ήίηῆ

1034 3910 1288 3990 Ἑκτεταδ
1299 3909 1399 3990 ίηνξ
1414 3909 1482 3990 τε
1497 3909 1685 3984 κόμην
1708 3909 2052 3990 ξέχιωλάντολ
2063 3909 2532 3990 ίην-τε-’ῥεπουσαν
2546 3961 2560 3984 ,

1033 3987 1321 4056 Ἑσπὲριος
1344 3981 1399 4057 δ’
1431 3981 1674 4057 ἤκμαζεν
1709 3981 1795 4040 ἐπὶ
1825 3985 1986 4042 τόσον
2015 3981 2209 4048 νυκτὸς
2244 3981 2436 4057 ἰούσης

1030 4058 1157 4114 Αῗὲν
1187 4056 1529 4132 ἀπανύμενος
1559 4059 1622 4111 τὸ
1650 4057 1821 4132 πλέον
1855 4062 1950 4132 νῦν
1975 4057 2100 4132 ἢ-τὸ
2130 4060 2387 4132 πάροιθεν

1035 4133 1229 4185 ’Όσσον
1264 4129 1611 4255 ἀνωτερίεσσ,
1647 4127 1990 4200 διαλλάξεσιν
2026 4127 2272 4207 ἔφασκεν.

1035 4202 1103 4255 Οὐ
1137 4202 1239 4255 γὰρ
1274 4201 1324 4255 ἐν
1358 4201 1432 4255 ἀπ
1475 4203 1642 4255 ανὲων
1676 4202 1813 4255 κατά
1849 4207 2040 4255 μοῖοαν
2077 4206 2260 4255 γῶοον

1031 4202 1116 4278 Οὐ.
1137 4202 1254 4278 Ϊᾲρ.
1274 4201 1324 4278 ἐγ
1342 4197 1642 4278 ,ἀπλανέων
1676 4202 1813 4278 καίτά
1829 4197 2040 4278 ,μτὲῖραν
2066 4197 2260 4278 ’χῶρον
2279 4197 2532 4278 ἔτετμεν,

1033 4263 1192 4328 Ἀλλ’
1211 4263 1310 4364 ’ἄγ’
1339 4271 1569 4342 ἑκάστης
1597 4275 1789 4336 νυκτὸς
1818 4263 2058 4343 ἀνώτερα
2080 4263 2132 4328 ’ἐί
2171 4263 2206 4328 ἐ
2235 4263 2465 4339 κέλευθα

1034 4346 1228 4402 Μέσφα
1259 4342 1577 4402 υπεοπόδισ²
1607 4346 1884 4402 ἀνώτεοος
1910 4293 2356 4402 ἀμφαναέαίνων.

1034 4346 1228 4423 Μέσφα
1259 4342 1577 4423 ᾧπερπόδισξ
1607 4346 1884 4418 ἀνώτερος
1908 4342 2356 4423 ἀμφαναϐαίν-ων,

1033 4417 1201 4495 ξΕνθα
1232 4417 1283 4471 οἱ
1315 4417 1482 4495 ἄκρας
1511 4419 1578 4471 τὰ
1602 4417 1794 4495 πρώτα
1823 4417 2414 4495 τρόχες-ἐμπειρύασιν,

1034 4490 1176 4545 Ἦκα
1209 4488 1604 4564 μαραινόμενος
1641 4488 2042 4566 μείουρος-,αὐ
2067 4488 2191 4544 τότε
2209 4488 2374 4560 λῆξε.

305 4622 374 4676 Et
404 4625 547 4674 tunc
575 4617 736 4673 stella
765 4622 974 4672 cometa
1001 4617 1069 4671 ab
1094 4616 1370 4672 occidente
1397 4616 1784 4687 resplenduit;
1815 4618 1885 4672 de
1915 4634 2026 4688 qua
2057 4618 2112 4672 in
2146 4617 2240 4683 iis,
2275 4633 2392 4688 quae
2437 4616 2504 4671 de
2548 4631 2636 4671 me
2683 4613 3028 4671 carminibus
3077 4615 3381 4685 composui,
3411 4614 3751 4668 mentionem

309 4709 442 4782 feci,
470 4707 556 4764 sic
600 4706 846 4763 scribens
875 4723 895 4762 :
924 4707 1047 4762 Iam
1093 4721 1217 4762 vero
1264 4707 1589 4762 autumnale
1615 4705 2008 4780 aequinoctium
2037 4706 2286 4777 ﬁniebat,
2310 4714 2361 4762 et
2389 4705 2471 4760 sol
2499 4704 2731 4761 habebat
2772 4703 3028 4774 Virginis
3058 4703 3487 4758 desiderabilem
3515 4701 3719 4772 [aciem

311 4779 362 4857 et
392 4779 530 4854 tunc
557 4796 877 4869 splendidus
902 4794 1099 4852 illuxit
1148 4811 1218 4851 ea:
1269 4796 1500 4851 Thracia
1525 4779 1750 4852 cometes
1779 4811 2077 4867 provexam
2102 4811 2310 4851 comam
2342 4795 2546 4850 habens
2584 4793 2647 4849 in
2675 4796 2942 4849 orientem
2989 4803 3346 4865 vergentem;
3396 4779 3751 4862 vespertina;

308 4887 647 4962 splendebat
674 4886 736 4942 in
767 4894 1038 4958 quantum
1083 4902 1197 4941 nox
1231 4885 1566 4957 procederet,
1617 4901 1830 4957 semper
1875 4886 2163 4942 vindicum
2203 4887 2383 4957 magis
2429 4885 2663 4940 decursu
2710 4885 2986 4955 temporis,
3039 4900 3204 4954 quam
3263 4885 3446 4946 antea,
3480 4888 3748 4951 qaantum

311 4976 712 5047 superioribus
742 4975 1220 5032 immutationibus
1245 4975 1465 5030 lucebat
1493 4991 1511 5030 :
1543 4989 1718 5046 neque
1744 4975 1892 5030 enim
1923 4975 1983 5028 in
2015 4975 2266 5045 ﬁxagum
2310 4975 2540 5042 regione
2569 4974 2748 5028 locum
2780 4973 3112 5031 invenerat;
3157 4971 3246 5027 sed
3290 4969 3546 5042 qualibet
3595 4977 3752 5024 nocte

311 5068 653 5126 sublimiora
701 5065 915 5121 itinera
962 5065 1278 5137 occupabat,
1310 5080 1587 5136 quousque
1616 5069 1988 5132 transgressus
2034 5070 2115 5121 est
2159 5080 2374 5135 semper
2419 5064 2712 5119 sublimior
2741 5061 3060 5117 ascendens.
3093 5062 3193 5117 Ubi
3223 5059 3316 5115 illi
3346 5062 3402 5115 in
3434 5061 3754 5114 summitate

310 5158 568 5231 primum
595 5170 769 5212 comae
798 5157 1010 5210 innatae
1038 5156 1268 5225 fuerant
1301 5170 1315 5208 :
1347 5152 1623 5223 paulatim
1651 5169 2010 5222 marcescens,
2044 5155 2298 5221 mutilus,
2331 5161 2381 5208 et
2411 5151 2726 5208 decurtatus
2773 5159 2904 5206 tunc
2949 5148 3134 5204 desiit.
3167 5149 3236 5203 Et
3267 5165 3396 5220 cap.
3433 5148 3520 5202 15.
3555 5145 3620 5201 Εἰ
3659 5143 3749 5200 καὶ

314 5250 485 5320 ἡμεῖς
540 5243 591 5298 ἐν
632 5247 750 5306 τοῖς
807 5243 924 5297 καθ’
981 5241 1178 5304 αὐτοὺς
1230 5241 1620 5304 ἒποποιοῦντες
1662 5240 1731 5316 τῇ
1782 5240 2000 5296 ἐκείνων
2059 5240 2526 5313 ἠκολουθήκαμεν
2583 5239 2858 5315 ἐξηγήσει.
2912 5239 2981 5294 Et
3039 5237 3330 5306 infra,xui
3384 5237 3550 5309 ἡμεῖς
3608 5232 3750 5289 οὕτω

310 5355 432 5396 πως
461 5332 518 5388 ἐν
550 5337 670 5396 τοῖς
702 5332 999 5406 ἡμετέροις
1031 5331 1400 5408 γεγράφαμεν·

1041 5457 1204 5532 Μῆνα
1235 5453 1292 5532 δὲ
1325 5459 1548 5532 Ληνα-ιῶ
1577 5454 1958 5532 πρώτηγβάσιις
1980 5453 2172 5532 ’ίστατο
2210 5455 2415 5532 μήνης·

1041 5524 1438 5604 ,διχόμηνις
1463 5524 1588 5604 ἔην,
1609 5524 1708 5604 Δκαὶ
1739 5524 1812 5604 δή
1840 5527 1992 5604 φθίνε
2020 5528 2164 5604 καλά
2195 5524 2484 5604 πρόσωπαο

1047 5546 1109 5584 ‘u
1138 5546 1438 5654 00$};an
1471 5549 1588 5599 εην,
1619 5546 1708 5583 και
1739 5546 1806 5598 οη
1840 5546 1992 5604 φθινε
2020 5546 2164 5582 καΛα
2195 5546 2460 5599 πρόσωπα

1044 5601 1148 5676 Καὶ
1172 5621 1201 5654 τ
1241 5620 1298 5676 τε
1322 5600 1518 5676 νυκτὸς
1550 5601 1623 5655 ἑνὶ
1657 5602 1883 5676 τριτάτῃ
1911 5597 2110 5676 σχεδὸν
2145 5598 2460 5676 ἑσπερίηθεν

1040 5671 1290 5746 Λάμπετ⁹
1317 5670 1650 5752 ἐπιδίφριος,
1680 5670 1880 5752 αἴφνης
1908 5670 2290 5728 δῖσκοτόεσσα
2317 5672 2544 5726 τέτυκτο

387 5807 411 5830 ⁶
442 5804 575 5879 Leg.
610 5798 671 5858 ἔκ
700 5798 940 5870 πόρνου.
