4090 6460
366 477 471 533 423
1623 467 1981 522 GEORGIUE

2179 468 2517 524 BYMERES
3685 477 3794 534 424

366 620 499 677 pag.
533 603 640 657 237
670 601 763 672 (ε),
795 603 853 655 et
882 603 1024 655 tom.
1058 596 1184 662 VII,
1212 612 1270 667 p.
1300 596 1364 649 71
1400 594 1498 667 (ά),
1524 608 1777 664 eumque
1804 596 2044 648 secutus
2076 593 2345 650 Neselius
2378 594 2478 660 ait,
2515 610 2648 650 eum
2682 612 2837 653 anno
2869 598 3010 654 4340
3053 599 3315 671 obiisse).
3375 601 3577 674 Neque
3635 605 3795 662 enim

366 705 500 766 post
532 692 674 746 illud
706 690 991 760 temporis
1023 688 1080 741 in
1115 685 1371 741 Historia
1401 683 1564 739 CPol.
1604 687 1982 749 memoratur,
2003 689 2059 738 et
2074 683 2395 739 Historiam
2415 701 2585 740 suam
2606 687 3014 743 continuasset
3034 689 3244 746 saltem
3269 693 3339 748 ad
3361 691 3790 764 ﬁnemimperi,

366 779 706 849 Andronici,
743 797 794 834 a.
832 779 969 833 1332
1000 775 1219 840 denati,
1252 789 1441 845 neque
1473 772 1531 827 in
1556 789 1710 827 anno
1742 772 1871 841 ejus
1913 788 2072 843 xxvx,
2105 790 2157 827 a.
2206 773 2366 841 1308,
2425 773 2780 845 subtitisset,
2837 776 2885 831 si
2936 781 3057 833 tam
3116 779 3218 834 diu
3281 780 3436 836 nltra
3484 782 3613 851 ejus
3665 797 3785 837 non

368 872 542 928 modo
574 874 822 935 atatem,
857 867 959 923 sed
982 863 1239 937 junioris
1272 877 1501 933 quoque
1520 860 1838 917 Andronici
1864 877 2087 917 annum
2112 862 2492 918 undecimum
2512 864 2744 936 imperii
2762 882 2948 922 annos
2966 882 3107 924 suos
3126 870 3429 941 proximus
3449 870 3788 927 centenario

368 958 765 1036 produxisset.

438 1050 686 1107 Exstant
715 1046 843 1116 ejus
874 1046 1129 1099 Historia
1160 1044 1482 1115 Bysantina
1514 1041 1648 1096 libri
1678 1042 1795 1097 XIII
1816 1041 1889 1095 de
1920 1040 2097 1096 rebus
2133 1056 2236 1112 per
2264 1058 2450 1097 annos
2470 1059 2603 1097 xux
2632 1045 2837 1114 gestis,
2887 1064 2921 1102 a
2975 1050 3241 1120 tempore
3291 1048 3414 1105 nati
3481 1048 3789 1106 Michaelis

361 1138 705 1207 Palaologo,
739 1136 804 1188 A.
839 1134 898 1189 Ο.
933 1134 1093 1203 4258,
1127 1131 1442 1187 Andronici
1475 1128 1782 1201 Palaologi
1816 1129 2112 1200 (senioris)
2146 1146 2334 1202 usque
2366 1131 2436 1186 ad
2470 1148 2522 1187 a.
2556 1132 2717 1197 1508,
2749 1134 2852 1205 qui
2885 1136 2998 1192 fuit
3026 1154 3216 1192 annus
3255 1137 3444 1193 atatis
3487 1139 3786 1209 ejusdem,

361 1226 678 1286 Andronici
723 1241 872 1290 xm,
908 1222 1140 1294 imperii
1171 1239 1323 1277 xxvr.
1358 1222 1459 1275 Est
1489 1228 1684 1275 autem
1720 1235 1869 1291 opus
1903 1218 2245 1290 bipartitum
2272 1237 2286 1287 ;
2312 1235 2445 1275 nam
2482 1222 2704 1292 priores
2740 1240 2841 1279 sex
2865 1223 2997 1281 libri
3030 1243 3122 1281 res
3152 1227 3454 1283 Michaelis
3478 1226 3785 1298 Palaologi

363 1324 495 1375 ante
525 1315 838 1387 imperium
871 1318 929 1368 et
960 1314 1087 1384 ipso
1111 1313 1467 1383 imperatore
1497 1314 1692 1380 gestas
1724 1309 2235 1380 complectuntur;
2265 1312 2617 1380 posteriores
2639 1311 2772 1367 libri
2788 1319 3007 1386 septem
3032 1317 3276 1372 tradunt
3298 1334 3428 1388 qua
3448 1317 3785 1373 Andronico

358 1406 739 1481 imperitante
770 1402 1112 1458 acciderunt
1143 1416 1244 1472 per
1265 1416 1450 1455 annos
1482 1415 1580 1453 sex
1608 1403 1665 1453 et
1685 1398 1913 1468 viginti.
1936 1397 2308 1469 Pachymeris
2326 1403 2382 1454 et
2403 1400 2847 1473 imperatarum,
2873 1404 3175 1461 Michaelis
3199 1411 3375 1477 atque
3427 1405 3787 1461 Andronicis

362 1494 870 1572 quemadmodum
905 1496 961 1546 et
988 1490 1277 1546 Theodori
1321 1488 1588 1543 Lascaris
1613 1486 1873 1557 junioris
1902 1487 2096 1558 (cujus
2128 1491 2184 1542 et
2214 1487 2401 1559 ipsius
2431 1506 2523 1545 res
2566 1490 2624 1544 in
2660 1492 2851 1565 priore
2881 1500 3043 1565 parte
3102 1495 3370 1551 Historia
3404 1495 3787 1567 Pachymere-

358 1586 619 1658 attingit)
650 1583 870 1648 icones,
895 1597 924 1635 e
956 1595 1068 1634 ms.
1103 1578 1300 1634 codice
1329 1593 1657 1648 expressas,
1696 1576 2086 1647 Hieronymus
2126 1576 2376 1632 Wolfius
2434 1580 2751 1650 pramissit
2812 1584 2889 1651 (e)
2948 1600 3055 1638 suo
3108 1583 3432 1656 Nicephoro
3490 1584 3785 1655 Gregora.

352 1676 529 1733 Basil.
568 1674 709 1728 1502
740 1670 864 1739 fol.,
898 1685 1104 1723 recuso
1136 1669 1316 1722 Paris.
1354 1668 1491 1722 1567
1524 1666 1649 1735 fol,,
1684 1664 1949 1721 Francol.
1980 1666 2116 1719 1568
2150 1665 2246 1720 fol.
2273 1666 2431 1721 Idem
2456 1668 2527 1721 ad
2558 1670 2876 1727 voluminis
2899 1672 3117 1728 calcem
3143 1677 3492 1745 argumenta
3514 1674 3780 1745 capitum

352 1765 623 1821 Historia
656 1760 1138 1823 Pachimeriana,
1174 1774 1241 1812 ex
1272 1758 1475 1812 eodem
1510 1756 1709 1811 codice
1743 1773 1854 1810 ms.
1889 1755 2031 1809 bibl.
2067 1760 2421 1825 Augustana
2452 1774 2632 1813 versa
2683 1778 2716 1815 a
2754 1777 2816 1815 se
2866 1762 3065 1817 Latine
3109 1762 3362 1819 exhibet.
3424 1763 3785 1833 Fragmenta

352 1856 648 1928 quadam,
685 1866 817 1922 qua
849 1849 909 1904 in
942 1851 1281 1920 Augustano
1313 1847 1546 1900 codiese
1580 1862 1692 1901 ms.
1727 1846 1930 1900 deesse
1959 1844 2202 1901 Wolﬁus
2235 1846 2626 1902 admonuerat
2656 1848 2714 1902 in
2740 1849 2991 1921 Synopsi
3024 1850 3159 1906 libri
3192 1868 3228 1905 v
3259 1851 3455 1907 Graec
3511 1851 3785 1922 vulgavit

352 1943 667 2017 Dionysius
701 1937 994 2007 Petavius,
1020 1938 1090 1992 ad
1124 1937 1339 1991 calcem
1374 1935 1654 1990 Breviarii
1685 1934 1955 1989 historici
1988 1934 2321 2004 Nicephori,
2354 1936 2715 2005 patriarcha,
2750 1939 2933 1994 Paris.
2984 1941 3143 2002 1616.
3201 1942 3254 1995 8.
3318 1939 3493 1996 Plura
3550 1939 3784 2012 Pachy-

347 2036 531 2091 meris
557 2027 846 2092 Historia,
880 2036 1001 2081 tum
1027 2025 1221 2081 adhuc
1252 2025 1508 2090 inedita,
1536 2024 1663 2079 loca
1694 2024 1887 2078 Grace
1919 2022 2195 2094 produxit
2223 2022 2479 2079 Allatius
2511 2025 2569 2080 in
2601 2027 2726 2081 suis
2759 2028 2997 2100 scriptis
3030 2029 3320 2100 pracipue
3363 2029 3423 2083 in
3482 2028 3639 2084 notis
3698 2030 3781 2084 ad

338 2120 733 2193 Acropoﬁtam
770 2134 822 2171 a.
851 2116 982 2169 1651
1012 2114 1249 2169 Lutetia
1279 2113 1530 2167 excusis.
1563 2112 1793 2166 Primus
1825 2114 2012 2166 totum
2046 2127 2195 2182 opus
2225 2128 2255 2166 e
2288 2111 2430 2167 bibl.
2465 2112 2784 2170 Barberina
2815 2117 2943 2171 cod.
2981 2118 3230 2185 163,161
3264 2118 3324 2172 in
3384 2116 3579 2173 lucem
3639 2134 3783 2191 pro-

348 2210 487 2267 tulit
520 2209 724 2264 Petrus
755 2204 1061 2273 Possinus,
1094 2203 1146 2256 S.
1182 2201 1261 2268 J.,
1294 2201 1583 2272 vertitque
1616 2200 1839 2267 Latine,
1872 2204 1927 2255 et
1958 2200 2371 2255 cumversione
2395 2218 2502 2257 sua
2525 2219 2590 2256 ac
2610 2202 2794 2259 tribus
2829 2205 3492 2262 observationumlibris
3513 2205 3782 2278 vulgavit

348 2301 515 2355 Rem.
553 2297 690 2352 1666
722 2300 779 2350 et
810 2294 971 2361 1669,
1006 2292 1130 2359 fol.,
1164 2291 1396 2345 duobus
1427 2289 1857 2356 voluminibus,
1888 2306 2019 2361 qua
2049 2289 2263 2353 rarius,
2296 2307 2475 2361 quam
2526 2293 2722 2347 cateri
2777 2294 3099 2365 scriptores
3164 2295 3487 2368 Byzantini,
3530 2294 3780 2352 Parisiis

345 2387 568 2455 excusi,
601 2386 939 2450 occurrunt,
964 2385 1021 2436 et
1052 2385 1286 2435 centum
1320 2379 1577 2450 amplius
1610 2379 1824 2434 marcis
1858 2378 2299 2435 Lubecensibus
2330 2381 2685 2436 venduntur.
2746 2382 2941 2438 Priore
2999 2383 3299 2439 volumine
3356 2383 3491 2439 libri
3536 2399 3635 2438 sex
3693 2384 3773 2439 de

343 2475 623 2535 Michaele
653 2471 996 2541 Palaologo,
1032 2470 1352 2540 posteriore
1384 2476 1607 2539 septem
1640 2468 1711 2522 de
1730 2468 2061 2523 Andronico
2080 2468 2478 2523 continentur.
2500 2474 2578 2524 Ex
2600 2471 3079 2535 Observationum
3107 2489 3240 2527 vero
3274 2472 3768 2528 Possinianarum

342 2565 512 2621 libris
535 2562 728 2617 tribus
759 2560 983 2631 primus
1014 2557 1367 2630 glossarium
1400 2561 1710 2612 verborum
1745 2558 2154 2612 obscuriorum
2187 2557 2444 2627 exhibet,
2472 2560 2769 2615 secundus
2800 2562 2968 2618 notas
3002 2566 3059 2616 et
3085 2562 3524 2631 castigationes,
3554 2560 3776 2616 tertius

343 2651 810 2721 chronologiam,
844 2647 935 2703 cui
963 2648 1281 2718 jungenda
1313 2644 1838 2701 rarissimeitidem
1859 2646 2039 2700 obvia
2061 2645 2319 2701 Mauritii
2342 2646 2944 2720 Davidis,presbyteri
2974 2649 3361 2716 Divionensis,
3396 2649 3774 2705 animadver-

340 2745 532 2799 tiones
577 2737 1015 2808 Chronologica
1048 2736 1107 2790 in
1142 2735 1515 2807 Pachymeris
1544 2733 1889 2791 Michaelem
1923 2734 2337 2806 Palaologum,
2371 2753 2519 2806 quas
2554 2738 2612 2791 in
2646 2737 2869 2792 Bovinii
2906 2738 3059 2794 notis
3088 2739 3157 2793 ad
3191 2739 3505 2810 Gregoram
3538 2739 3775 2794 laudari

337 2834 479 2902 vidi,
511 2831 569 2885 in
604 2831 762 2901 ipsas
796 2826 1049 2881 necdum
1083 2824 1281 2878 incidi.
1317 2824 1474 2894 (Rec.
1505 2825 1764 2879 Venetiis
1794 2824 1850 2877 in
1887 2840 2046 2895 corp.
2080 2824 2315 2895 Byzant.
2350 2825 2549 2896 script.
2586 2825 2695 2879 vol.
2736 2827 2869 2881 XIII
2898 2831 2955 2881 et
2983 2826 3137 2896 XIV,
3168 2844 3222 2881 v.
3259 2844 3460 2898 supra,
3524 2844 3582 2898 p.
3636 2828 3773 2900 524)

341 2924 472 2976 dem
503 2918 782 2975 Boivinus
814 2933 870 2987 p.
902 2915 1010 2969 760
1041 2918 1261 2982 monet,
1294 2930 1479 2985 opera
1514 2914 1768 2984 pretium
1802 2914 1944 2978 fore,
1972 2914 2017 2967 si
2053 2913 2187 2984 quis
2228 2913 2541 2968 editionem
2576 2918 2902 2970 Romonam
2934 2916 3313 2989 Pachymeris
3344 2916 3605 2972 conferat
3628 2933 3772 2973 cum

341 3001 539 3065 mos
571 3022 681 3060 ms.
718 3004 875 3073 regio
906 3002 1046 3056 2548
1076 3002 1293 3072 scripto
1327 3006 1391 3055 A.
1427 3004 1484 3054 C.
1516 3001 1655 3055 1448
1688 3004 1754 3071 (Γ)
1785 3017 1961 3072 quem
1996 3002 2293 3072 possimus
2320 3001 2477 3056 haud
2500 3002 2667 3069 vidit,
2695 3004 2780 3057 uti
2806 3020 2909 3059 nec
2933 3005 3208 3060 mutilum
3230 3009 3670 3076 Augustanum,
3695 3022 3771 3062 ex

344 3115 461 3169 quo
493 3095 727 3150 Hieron.
763 3091 1014 3146 Wolﬁus
1044 3092 1414 3160 argumenta,
1447 3090 1515 3143 de
1546 3089 1763 3159 quibus
1795 3106 1975 3161 supra
1997 3090 2160 3157 dixit,
2195 3090 2458 3160 protulit.
2483 3091 2712 3158 Nescio,
2747 3110 2819 3147 an
2854 3093 2924 3149 de
2957 3094 3065 3149 hoc
3099 3094 3452 3166 Pachymere
3475 3094 3766 3166 accipien-

342 3187 483 3242 dum
518 3184 615 3250 sit,
650 3181 802 3253 quod
842 3179 1107 3235 Latinius
1138 3182 1282 3233 tom.
1344 3178 1420 3248 ΙΙ,
1479 3177 1651 3249 epist.
1714 3196 1844 3251 pag.
1884 3179 2028 3233 102:
2092 3179 2351 3249 Sirletus,
2413 3179 2609 3251 inquit
2665 3181 2907 3236 allatum
2956 3199 3073 3239 esse
3125 3184 3294 3239 etiam
3343 3199 3533 3240 recens
3590 3182 3761 3239 Geor-

336 3276 493 3344 gium
521 3271 809 3343 quemdam
830 3268 1125 3324 variarum
1150 3284 1337 3323 rerum
1360 3268 1707 3339 scriptorem,
1730 3270 1848 3339 qui,
1886 3284 2008 3323 cum
2040 3269 2217 3323 multa
2262 3268 2326 3325 de
2379 3271 2578 3339 prima
2632 3274 2782 3326 nota
2848 3271 3187 3343 philosophis
3240 3276 3509 3344 tanquam
3557 3287 3755 3327 censor

334 3362 739 3437 pronuntiavit,
759 3358 1018 3430 plurima
1064 3359 1234 3413 etiam
1265 3358 1577 3413 Aristotelis
1610 3358 1735 3413 loca
1768 3358 1995 3414 obscura
2020 3359 2342 3415 illustravit.
2377 3358 2860 3430 Quandoquidem
2895 3360 3119 3417 Latinis
3150 3361 3308 3417 haud
3342 3362 3514 3428 favet,
3545 3361 3751 3431 itaque

327 3470 527 3527 parum
560 3466 749 3522 aquas
780 3449 1077 3503 historicus
1134 3446 1469 3518 appellatur
1494 3445 1704 3502 Allatio
1733 3446 1836 3502 lib.
1870 3448 1950 3503 De
1980 3464 2273 3504 consensu
2309 3464 2441 3520 pag.
2474 3448 2602 3518 759,
2632 3447 2731 3520 qui
2762 3452 2960 3503 tamen
3006 3448 3143 3504 alibi
3177 3450 3254 3521 (g)
3284 3449 3502 3523 stylum
3532 3448 3750 3522 Pachy-

339 3558 512 3598 mera
545 3540 787 3607 laudat;
821 3541 1290 3605 caterumnotat,
1322 3536 1475 3591 inter
1505 3536 1833 3592 Lollianum
1866 3538 2128 3594 codicem
2161 3538 2222 3592 in
2266 3537 2406 3593 bibl.
2431 3537 2733 3609 Vaticana,
2753 3542 2810 3593 et
2830 3538 3241 3606 Barberinum,
3265 3556 3448 3611 quum
3484 3539 3759 3595 emenda-

333 3633 545 3687 tiorem
576 3633 634 3683 et
663 3626 999 3682 charactere
1030 3625 1359 3697 antiquiore
1390 3634 1564 3698 atque
1594 3626 1946 3699 elegantiora
1977 3627 2334 3699 descriptum
2355 3632 2631 3694 testatur,
2663 3628 2989 3683 maximum
3024 3645 3140 3685 non
3163 3633 3393 3685 tantum
3439 3629 3499 3683 in
3557 3628 3762 3683 verbis

329 3737 396 3776 ac
434 3718 608 3773 modo
641 3715 882 3782 dicenti,
914 3716 1015 3771 sed
1048 3731 1246 3771 rerum
1280 3722 1653 3773 narratarum
1686 3718 1861 3773 etiam
1896 3719 2251 3789 quandoque
2282 3720 2487 3773 ordine
2538 3717 2729 3772 inesse
2788 3716 3127 3785 discrimen,
3162 3722 3227 3773 ut
3282 3716 3601 3773 verisimile
3654 3716 3762 3787 sit,

330 3806 776 3879 Pachymerium
811 3805 961 3861 duas
992 3821 1111 3861 sua
1138 3804 1405 3861 Historia
1463 3807 1752 3862 editiones
1809 3808 2058 3880 tempori
2119 3824 2185 3863 ac
2258 3807 2430 3879 genio
2462 3806 2874 3863 inservientem
2906 3807 3352 3880 conscripsisse,
3386 3806 3638 3879 ideoque
3685 3822 3765 3863 ex

326 3897 594 3967 triusque
629 3894 813 3951 multa
848 3898 1041 3951 errata
1063 3895 1297 3969 corrigi,
1326 3898 1579 3953 obscura
1600 3897 1905 3966 illustrari,
1927 3897 2136 3952 mutila
2166 3897 2452 3968 suppleri,
2474 3913 2541 3951 ac
2563 3896 2801 3951 demum
2837 3895 3092 3952 historia
3115 3914 3328 3969 corpus
3350 3912 3535 3952 unum
3561 3895 3759 3967 perfe-

327 3990 490 4042 ctum
522 4002 586 4041 ac
609 3985 907 4058 integrum
942 4001 1115 4058 posse
1141 3986 1385 4042 absolvi.
1419 3987 1584 4056 Cum,
1619 3987 1771 4042 idem
1808 4003 1953 4042 mss.
1988 3986 2218 4042 codices
2250 3988 2379 4057 ejus
2410 3985 2524 4043 lem
2560 3985 2850 4053 Historia,
2890 3986 3159 4043 mutilum
3192 3986 3482 4042 Venetum
3514 3985 3572 4039 in
3602 3982 3763 4039 bibl.

323 4079 382 4132 S.
420 4077 614 4140 Marci,
650 4080 707 4130 et
744 4076 1201 4143 Scoriacensem,
1235 4079 1293 4131 et
1324 4093 1392 4131 ex
1428 4076 1765 4132 Possevimo
1797 4075 1923 4147 (qui
1957 4076 2109 4132 male
2141 4075 2292 4131 male
2323 4073 2667 4145 Gregorium
2699 4090 2803 4145 pro
2861 4075 3104 4148 Georgio
3153 4074 3452 4147 appellat),
3510 4072 3763 4129 tertium

321 4166 676 4222 bibliotheca
705 4166 894 4222 Patmi
926 4166 1158 4233 insula,
1181 4171 1581 4236 quartumque
1612 4167 1767 4237 regis
1789 4165 2273 4221 Christianissimi
2309 4168 2854 4231 commemorasset,
2912 4165 3005 4219 Est
3058 4174 3108 4220 et
3157 4167 3306 4237 apud
3359 4180 3468 4231 me,
3531 4162 3762 4233 inquit,

321 4258 545 4328 integra
575 4264 627 4312 et
653 4257 1039 4328 optimauota
1069 4255 1319 4327 (FABR.).
1353 4284 1423 4297 —-
1455 4255 1519 4310 In
1551 4256 1681 4311 cod.
1715 4255 2108 4312 Escorialensi
2155 4255 2327 4325 (teste
2360 4254 2572 4307 Pluero
2604 4252 2665 4307 in
2695 4252 2829 4308 Itin.
2864 4269 2970 4325 per
3019 4254 3261 4327 Hispan.
3323 4269 3437 4326 pag
3499 4252 3644 4320 170),
3682 4250 3753 4307 in

348 2993 517 3006 —.

403 4410 454 4481 (ο
485 4410 548 4465 In
579 4410 775 4464 indice
807 4411 870 4464 rd
905 4409 1017 4464 vol.
1051 4408 1155 4474 ΙΙΙ,
1190 4425 1247 4479 p.
1280 4410 1405 4475 611,
1441 4409 1511 4465 de
1539 4409 1737 4465 codice
1767 4411 1843 4477 X,
1886 4410 1988 4481 qui
2080 4409 2254 4465 index
2286 4425 2299 4463 :
2332 4411 2606 4463 exaratus
2645 4407 3030 4481 verogdicitur
3074 4426 3125 4464 a.
3181 4409 3339 4481 1443,
3376 4404 3760 4481 Lambecius

326 4475 587 4537 continet
618 4481 974 4537 Psalterium
1007 4475 1207 4535 totum
1234 4497 1366 4553 cum
1390 4486 1599 4537 catena
1625 4498 1693 4535 ex
1711 4475 1988 4553 operib'us
2081 4497 2315 4552 quoque
2350 4481 2410 4534 in
2448 4483 2698 4553 Comm.,
2754 4479 2913 4553 ,VIII.
2969 4497 3027 4551 p.
3090 4481 3227 4553 1087
3288 4478 3525 4553 Kolla_rii
3586 4475 3761 4553 dolet

320 4553 619 4608 variorum
654 4553 764 4621 vel,
798 4553 1153 4623 scriptorum
1189 4552 1538 4625 ecclesiast.,
1572 4553 1632 4607 in
1657 4548 1987 4625 his-Pachy-
2082 4548 2324 4609 Ροεεῖηο
2356 4553 2428 4606 de
2458 4552 2641 4606 fuisse
2664 4552 2792 4606 cod.
2829 4548 3027 4625 Casa}.
3077 4554 3149 4607 67
3197 4552 3399 4624 (quem
3454 4548 3657 4625 Lamb.
3716 4566 3765 4625 ρ.

323 4620 833 4691 meris,contexta,
860 4620 1039 4695 quem
1066 4629 1331 4679 recenset
1354 4620 1627 4681 Lambec.
1650 4627 1710 4680 in
1729 4629 1840 4681 vol.
1862 4620 1985 4694 cili,
2080 4642 2212 4696 pag.
2245 4625 2386 4678 1066
2403 4626 2636 4694 copiose
2668 4624 2976 4696 recenset),
3004 4622 3065 4696 in
3117 4620 3258 4695 quo'
3293 4626 3455 4696 sunt_
3480 4620 3761 4696 Gregorii

319 4716 374 4770 p.
406 4698 478 4751 53
507 4714 637 4768 sqq.
675 4691 907 4770 (Hanc)
999 4767 1013 4770 _
1076 4766 1118 4770 __
1166 4766 1198 4770 __
1280 4767 1311 4770 η
1441 4768 1449 4770 _
1920 4768 1933 4770 _
1971 4691 1978 4694 ⁷
2079 4691 2252 4770 Cypri
2285 4691 2567 4770 epistola,
2601 4712 2671 4770 ex
2695 4695 2910 4770 quibus
2936 4691 3496 4770 'multaLnecessaria
3518 4691 3763 4770 potuis-

389 4762 614 4839 ((1)866
643 4762 774 4839 pag.
813 4769 915 4823 153
947 4767 1040 4821 ed.
1076 4766 1532 4838 Kollarii,cujus
1564 4772 1762 4823 notam
1798 4768 1986 4823 confe-
2078 4762 2211 4824 sent
2240 4762 2492 4831 haurici,
2522 4762 2869 4839 etHistoria
2888 4771 3097 4839 Georg.
3118 4762 3762 4839 Pachymerisfoperis

319 4837 544 4895 res.'lbi
579 4837 1074 4896 codrecensetur
1102 4839 1172 4892 33
1203 4841 1301 4910 qui
1339 4837 1785 4910 comprehendit
1813 4843 1985 4894 Geor-
2077 4838 2358 4905 difﬁcilis,
2392 4837 2811 4893 obscuritatem
2849 4837 3381 4910 magis—illustrari.
3413 4841 3495 4891 Ex
3539 4837 3761 4910 eodem

314 4915 399 4978 gii
422 4914 788 4996 Pacbymeris
810 4912 1205 4994 expositionem
1222 4908 1399 4996 totius
1423 4908 1632 4994 organi
1654 4912 1983 4995 Aristotelis,
2077 4912 2210 4993 cud.
2246 4910 2589 4992 publicavit,
2625 4927 2681 4981 p.
2719 4911 2859 4964 1689
2874 4908 2977 4992 .sq'.
3012 4910 3082 4966 ad
3117 4911 3510 5037 supplendam
3542 4908 3760 4963 Histo-

320 5001 366 5036 s.
405 5000 669 5037 omnium
704 5000 832 5037 eius
857 4984 1163 5037 librorum.
1188 4986 1368 5037 uuiad
1391 4984 1639 5037 logicum
1666 4991 1985 5037 pertinent.
2074 5000 2225 5037 riam
2257 4987 2487 5037 Georgu
2526 4982 2822 5037 Pachvm..
2848 4982 2948 5037 lib.
2988 4984 3059 5037 ΙΙ.
3083 4999 3211 5037 can.
3274 5024 3288 5037 .
3322 4982 3760 5037 Iormulamso-

320 5001 366 5036 s.
405 4981 669 5038 omnihm
704 4987 832 5052 ejus
857 4984 1163 5047 librorum,
1188 4984 1368 5052 quiad
1391 4981 1639 5053 logicam
1666 4984 1985 5055 pertinent,
2074 4986 2225 5038 riam
2250 4981 2487 5052 Georgii
2526 4982 2822 5055 Pachym.,
2848 4981 2950 5055 lib.
2988 4984 3059 5052 II,
3083 4981 3288 5054 oap.9,
3320 4982 3761 5055 formulamsg-

321 5054 670 5110 Lambecius
704 5050 907 5111 itidem
931 5056 989 5109 in
1025 5059 1160 5109 nota
1189 5050 1247 5118 Ᾱ,
1285 5072 1339 5125 p.
1378 5050 1482 5111 155
1514 5073 1561 5109 ιιι
1593 5050 1981 5121 Protecdicus,
2076 5056 2332 5119 (omnem,
2356 5050 2469 5123 qua
2490 5050 2857 5123 patriarcha,
2888 5050 3375 5126 GregbridCypro
3400 5050 3758 5126 adversarii,

318 5128 422 5198 ait,
458 5128 819 5198 suscipiebat
850 5127 998 5197 capti
1013 5142 1110 5180 vos
1129 5128 1199 5181 de
1223 5123 1378 5182 clero
1402 5129 1459 5181 in
1486 5126 1681 5181 causis
1700 5127 1981 5182 crimena-
2074 5127 2495 5198 promiserunt,
2532 5126 2726 5195 ipsum
2764 5124 2998 5195 publice
3013 5123 3390 5198 declaratum
3420 5126 3487 5181 iri
3549 5123 3759 5198 ortho-

318 5197 500 5271 libus,
535 5203 593 5253 et
623 5194 694 5271 de
723 5199 795 5253 iis
815 5194 1148 5271 judicabat,
1171 5200 1638 5271 providebatque
1659 5214 1730 5253 ne
1753 5200 1888 5270 quis
1912 5198 1983 5255 iis
2074 5194 2291 5253 doxum
2324 5202 2381 5251 et
2413 5194 2667 5271 prorsus,
2688 5194 2940 5271 liberum
2975 5199 3059 5271 ab,
3080 5198 3239 5252 omni
3265 5197 3397 5271 labe
3441 5194 3755 5271 etsuspi-

318 5268 602 5338 injuriam
637 5270 868 5325 faceret.
896 5270 1126 5341 (HARL.)
1172 5268 1189 5271 ⁷
1537 5268 1554 5270 “
1768 5268 1785 5270 “
2073 5271 2238 5327 cione
2268 5286 2454 5340 prava
2483 5268 2785 5333 doctrina,
2810 5270 2945 5341 siis
2978 5270 3143 5339 prius
3174 5269 3390 5341 scripto
3431 5269 3753 5341 pollicere-

390 5341 460 5411 (e)
508 5341 630 5396 Ima
674 5341 797 5397 ines
856 5338 1131 5413 Pacbym'.
1194 5358 1299 5397 nec
1358 5360 1472 5398 non
1535 5342 1981 5413 imperatorum,
2071 5348 2187 5411 tur,
2208 5338 2292 5407 se,
2319 5341 2474 5412 posit
2507 5346 2809 5412 acceptum
2847 5338 2993 5395 iliud
3028 5338 3310 5396 innocem'
3334 5342 3398 5396 ia
3430 5338 3551 5395 sua
3584 5338 3762 5395 testi.

379 5358 1090 5468 ichaelisﬁi’alaoloziseu.
1118 5418 1173 5468 et
1193 5414 1508 5468 Andronici
1535 5414 1983 5468 Palaologisen-
2074 5414 2338 5468 monium
2367 5410 2837 5468 oublicum.sine
2860 5430 3023 5468 mora
3054 5413 3346 5468 dignitate
3369 5408 3755 5468 oatriarchali

314 5408 1090 5486 Michaelis'Palaologise'n.
1118 5418 1173 5468 et
1193 5414 1508 5469 Andronici
1535 5408 1983 5486 Palaologisen-
2074 5408 2338 5470 monium
2367 5408 2837 5483 publicum,sine
2860 5430 3023 5468 mora
3047 5413 3346 5486 dignitate
3369 5408 3755 5486 patriarchalj

317 5484 416 5537 ari
444 5484 665 5567 incisas
694 5484 933 5567 exhibet
958 5501 1190 5567 quoque
1210 5486 1491 5567 Lambec.
1523 5484 1829 5567 adﬁp._155..
1865 5486 1978 5567 vol.
2072 5486 2570 5567 seabdicaturum
2596 5501 2726 5567 esse
2756 5486 2929 5567 -_.Ip\
2956 5485 3084 5567 cod.
3117 5485 3211 5552 39,
3241 5484 3352 5567 vol:
3382 5485 3526 5567 VIII,
3552 5502 3611 5567 p.
3631 5484 3757 5542 819

316 5556 685 5632 commswl.
726 5560 800 5614 De
830 5559 958 5614 cod.
995 5557 1246 5628 Hugust.
1279 5557 1453 5614 Vind.
1487 5576 1540 5614 v.
1588 5558 1813 5614 Reiseri
1867 5558 1979 5626 cal,
2071 5564 2161 5613 est
2181 5559 2599 5632 fragmentum
2623 5556 2851 5628 Georgii
2891 5556 3186 5632 Pachym,
3228 5556 3749 5632 philosOphjcum,

316 5643 373 5698 p.
534 5628 766 5703 Eam“)
1091 5623 1133 5703 Ἀ
1380 5700 1392 5703 Α

2131 5629 2197 5703 api.
2229 5623 2490 5703 (Sincera?
2523 5623 2873 5703 eiSooq._Z§'9_
2895 5628 2962 5701 β’,
2998 5623 3067 5682 ίῐῖ
3093 5623 3267 5703 cuiu-8
3294 5623 3483 5703 initio'
3523 5623 3746 5703 Georg:

409 5700 477 5775 (Γ)
530 5701 986 5775 Montfauconus
1038 5699 1439 5775 Palaograph.
1498 5706 1715 5775 Gracia,
1769 5720 1825 5773 p.
1860 5703 1978 5775 779,

2123 5697 2283 5775 citur
2316 5698 2610 5775 addocepoc
2665 5697 3046 5775 xqiﬁiiiovoq
3076 5697 3348 5775 κλήριδεὸς
3381 5700 3408 5753 ὑ
3432 5697 3738 5771 πομνημᾶ-

313 5766 484 5826 Fabr.
527 5774 591 5826 In
623 5775 795 5849 catal:
828 5772 997 5849 codd.
1032 5766 1619 5849 Pgris.;_bibl._publ.
1644 5766 1820 5849 _II',__p.

2133 5774 2339 5849 γράφος
2397 5766 2932 5849 ξαζζπρωτὲκδικᾳς-
2976 5790 3085 5849 ἰτηςΔ
3131 5766 3439 5840 κᾶυολικῆς
3497 5766 3746 5845 μεγᾶνης

313 5845 823 5918 pumeraturcod.
859 5843 1017 5918 1724,
1041 5842 1283 5918 _Georgii
1316 5840 1691 5918 Pach'ymeris
1713 5840 1928 5918 Histori

1476 5844 1691 5916 ymeris
1713 5840 1979 5918 Historia
2066 5840 2179 5901 τοῐῖ
2204 5840 2449 5918 Χρςᾳτοῦ
2473 5840 2827 5918 ’Exxljjotac.
2864 5844 3091 5918 (Humi)

311 5914 646 5986 Byzantina
680 5916 818 5974 libri
837 5914 1119 5972 tredecim
1153 5932 1167 5971 :
1222 5914 1496 5988 pralixus
1554 5933 1655 5973 sex
1714 5916 1978 5989 priorum
2140 5918 2216 5991 (9)
2252 5914 2500 5975 Allatius
2521 5916 2594 5973 de
2617 5914 2907 5991 Georgiis.
2932 5933 2990 5989 p.
3013 5916 3143 5986 368,
3166 5914 3466 5991 369(supra
3484 5915 3748 5993 001113).
