  <div class='ocr_page' id='page_1' title='image "/cluster/home/n/w/nwhite01/storage/ocr_20150623/143:no.1/coo.31924054870484/222.png"; bbox 0 0 4090 6416; ppageno 0'>
   <div class='ocr_carea' id='block_1_1' title="bbox 283 419 3720 477">
    <p class='ocr_par' dir='ltr' id='par_1_1' title="bbox 283 419 3720 477">
     <span class='ocr_line' id='line_1_1' title="bbox 283 419 3720 477; baseline -0.001 0"><span class='ocrx_word' id='word_1_1' title='bbox 283 420 395 477; x_wconf 74' lang='grc'><strong>429</strong></span> <span class='ocrx_word' id='word_1_2' title='bbox 866 429 874 436; x_wconf 75' lang='grc'><strong>“</strong></span> <span class='ocrx_word' id='word_1_3' title='bbox 1849 419 2132 476; x_wconf 82' lang='grc' dir='ltr'><strong>ΝΟΤΙΤΙΑ</strong></span> <span class='ocrx_word' id='word_1_4' title='bbox 2143 459 2156 472; x_wconf 92' lang='grc'><strong>.</strong></span> <span class='ocrx_word' id='word_1_5' title='bbox 3611 420 3720 474; x_wconf 84' lang='grc'><strong>430</strong></span> 
     </span>
    </p>
   </div>
   <div class='ocr_carea' id='block_1_2' title="bbox 283 541 3715 620">
    <p class='ocr_par' dir='ltr' id='par_1_2' title="bbox 283 541 3715 620">
     <span class='ocr_line' id='line_1_2' title="bbox 283 541 3715 620; baseline -0.001 -18"><span class='ocrx_word' id='word_1_6' title='bbox 283 561 526 620; x_wconf 87' lang='lat' dir='ltr'><strong>quoque</strong></span> <span class='ocrx_word' id='word_1_7' title='bbox 561 545 886 616; x_wconf 87' lang='lat' dir='ltr'><strong>Hamburgi</strong></span> <span class='ocrx_word' id='word_1_8' title='bbox 920 562 973 600; x_wconf 93' lang='lat' dir='ltr'><strong>a.</strong></span> <span class='ocrx_word' id='word_1_9' title='bbox 1011 545 1171 610; x_wconf 89' lang='lat'><strong>1707,</strong></span> <span class='ocrx_word' id='word_1_10' title='bbox 1206 544 1294 600; x_wconf 88' lang='grc'>12.</span> <span class='ocrx_word' id='word_1_11' title='bbox 1330 561 1464 599; x_wconf 91' lang='lat' dir='ltr'><strong>eum</strong></span> <span class='ocrx_word' id='word_1_12' title='bbox 1498 544 1696 616; x_wconf 65' lang='lat' dir='ltr'><strong>Esopi</strong></span> <span class='ocrx_word' id='word_1_13' title='bbox 1728 543 1943 599; x_wconf 86' lang='lat' dir='ltr'><strong>fabulis</strong></span> <span class='ocrx_word' id='word_1_14' title='bbox 1975 544 2243 615; x_wconf 86' lang='lat' dir='ltr'><strong>subjecta</strong></span> <span class='ocrx_word' id='word_1_15' title='bbox 2276 544 2458 617; x_wconf 88' lang='lat' dir='ltr'><strong>prelo.</strong></span> <span class='ocrx_word' id='word_1_16' title='bbox 2495 545 2555 599; x_wconf 92' lang='lat' dir='ltr'><strong>In</strong></span> <span class='ocrx_word' id='word_1_17' title='bbox 2591 544 2680 598; x_wconf 89' lang='lat' dir='ltr'><strong>his</strong></span> <span class='ocrx_word' id='word_1_18' title='bbox 2715 541 3133 598; x_wconf 85' lang='lat' dir='ltr'><strong>recentioribus</strong></span> <span class='ocrx_word' id='word_1_19' title='bbox 3166 542 3523 599; x_wconf 89' lang='lat' dir='ltr'><strong>editionibus</strong></span> <span class='ocrx_word' id='word_1_20' title='bbox 3547 543 3715 614; x_wconf 80' lang='lat' dir='ltr'><strong>judi-</strong></span> 
     </span>
    </p>
   </div>
   <div class='ocr_carea' id='block_1_3' title="bbox 283 631 3713 705">
    <p class='ocr_par' dir='ltr' id='par_1_3' title="bbox 283 631 3713 705">
     <span class='ocr_line' id='line_1_3' title="bbox 283 631 3713 705; baseline -0.002 -12"><span class='ocrx_word' id='word_1_21' title='bbox 283 637 377 693; x_wconf 89' lang='lat' dir='ltr'><strong>cio</strong></span> <span class='ocrx_word' id='word_1_22' title='bbox 411 636 522 692; x_wconf 88' lang='lat' dir='ltr'><strong>viri</strong></span> <span class='ocrx_word' id='word_1_23' title='bbox 547 634 962 701; x_wconf 84' lang='lat' dir='ltr'><strong>eruditissimi,</strong></span> <span class='ocrx_word' id='word_1_24' title='bbox 998 635 1140 688; x_wconf 88' lang='lat' dir='ltr'><strong>dum</strong></span> <span class='ocrx_word' id='word_1_25' title='bbox 1162 633 1382 688; x_wconf 89' lang='lat' dir='ltr'><strong>Gallica</strong></span> <span class='ocrx_word' id='word_1_26' title='bbox 1408 633 1766 705; x_wconf 83' lang='lat' dir='ltr'><strong>elegantiora</strong></span> <span class='ocrx_word' id='word_1_27' title='bbox 1787 634 1924 688; x_wconf 83' lang='lat' dir='ltr'><strong>dare</strong></span> <span class='ocrx_word' id='word_1_28' title='bbox 1955 633 2290 702; x_wconf 88' lang='lat' dir='ltr'><strong>voluerunt,</strong></span> <span class='ocrx_word' id='word_1_29' title='bbox 2315 635 2384 688; x_wconf 91' lang='lat' dir='ltr'><strong>de</strong></span> <span class='ocrx_word' id='word_1_30' title='bbox 2414 633 2624 688; x_wconf 80' lang='lat' dir='ltr'><strong>veteris</strong></span> <span class='ocrx_word' id='word_1_31' title='bbox 2643 631 2982 703; x_wconf 67' lang='lat' dir='ltr'><strong>praastantia</strong></span> <span class='ocrx_word' id='word_1_32' title='bbox 3014 648 3129 686; x_wconf 92' lang='lat' dir='ltr'><strong>non</strong></span> <span class='ocrx_word' id='word_1_33' title='bbox 3163 648 3368 702; x_wconf 88' lang='lat' dir='ltr'><strong>parum</strong></span> <span class='ocrx_word' id='word_1_34' title='bbox 3393 631 3713 687; x_wconf 83' lang='lat' dir='ltr'><strong>detrivere:</strong></span> 
     </span>
    </p>
   </div>
   <div class='ocr_carea' id='block_1_4' title="bbox 280 719 3719 794">
    <p class='ocr_par' dir='ltr' id='par_1_4' title="bbox 280 719 3719 794">
     <span class='ocr_line' id='line_1_4' title="bbox 280 719 3719 794; baseline -0.001 -13"><span class='ocrx_word' id='word_1_35' title='bbox 280 743 353 782; x_wconf 91' lang='lat' dir='ltr'><strong>on</strong></span> <span class='ocrx_word' id='word_1_36' title='bbox 388 742 427 780; x_wconf 88' lang='lat' dir='ltr'><strong>a</strong></span> <span class='ocrx_word' id='word_1_37' title='bbox 459 725 586 794; x_wconf 76' lang='lat' dir='ltr'><strong>gdte’</strong></span> <span class='ocrx_word' id='word_1_38' title='bbox 613 722 932 778; x_wconf 81' lang='lat' dir='ltr'><strong>l’ancieune</strong></span> <span class='ocrx_word' id='word_1_39' title='bbox 960 725 1175 777; x_wconf 81' lang='lat' dir='ltr'><strong>version</strong></span> <span class='ocrx_word' id='word_1_40' title='bbox 1207 738 1274 777; x_wconf 86' lang='lat' dir='ltr'><strong>en</strong></span> <span class='ocrx_word' id='word_1_41' title='bbox 1299 723 1350 776; x_wconf 90' lang='lat' dir='ltr'><strong>le</strong></span> <span class='ocrx_word' id='word_1_42' title='bbox 1380 726 1610 776; x_wconf 83' lang='lat' dir='ltr'><strong>metlant</strong></span> <span class='ocrx_word' id='word_1_43' title='bbox 1639 738 1706 777; x_wconf 86' lang='lat' dir='ltr'><strong>en</strong></span> <span class='ocrx_word' id='word_1_44' title='bbox 1738 723 1994 777; x_wconf 84' lang='lat' dir='ltr'><strong>meitleur</strong></span> <span class='ocrx_word' id='word_1_45' title='bbox 2020 725 2294 792; x_wconf 69' lang='lat' dir='ltr'><strong>franeois.</strong></span> <span class='ocrx_word' id='word_1_46' title='bbox 2336 722 2619 777; x_wconf 65' lang='lat' dir='ltr'><strong>Caeterum</strong></span> <span class='ocrx_word' id='word_1_47' title='bbox 2650 720 3003 792; x_wconf 84' lang='lat' dir='ltr'><strong>jampridem</strong></span> <span class='ocrx_word' id='word_1_48' title='bbox 3035 721 3324 775; x_wconf 85' lang='lat' dir='ltr'><strong>Antonius</strong></span> <span class='ocrx_word' id='word_1_49' title='bbox 3373 719 3719 778; x_wconf 86' lang='lat' dir='ltr'><strong>Gallandius</strong></span> 
     </span>
    </p>
   </div>
   <div class='ocr_carea' id='block_1_5' title="bbox 283 809 3719 884">
    <p class='ocr_par' dir='ltr' id='par_1_5' title="bbox 283 809 3719 884">
     <span class='ocr_line' id='line_1_5' title="bbox 283 809 3719 884; baseline -0.001 -15"><span class='ocrx_word' id='word_1_50' title='bbox 283 829 458 884; x_wconf 86' lang='lat' dir='ltr'><strong>spem</strong></span> <span class='ocrx_word' id='word_1_51' title='bbox 491 812 628 867; x_wconf 81' lang='lat' dir='ltr'><strong>iecit</strong></span> <span class='ocrx_word' id='word_1_52' title='bbox 661 811 938 882; x_wconf 86' lang='lat' dir='ltr'><strong>plenioris</strong></span> <span class='ocrx_word' id='word_1_53' title='bbox 969 811 1141 880; x_wconf 84' lang='lat' dir='ltr'><strong>longe</strong></span> <span class='ocrx_word' id='word_1_54' title='bbox 1174 810 1402 865; x_wconf 76' lang='lat' dir='ltr'><strong>Gallicae</strong></span> <span class='ocrx_word' id='word_1_55' title='bbox 1435 810 1712 865; x_wconf 84' lang='lat' dir='ltr'><strong>editionis</strong></span> <span class='ocrx_word' id='word_1_56' title='bbox 1745 811 2025 878; x_wconf 84' lang='lat' dir='ltr'><strong>videndae,</strong></span> <span class='ocrx_word' id='word_1_57' title='bbox 2059 811 2347 881; x_wconf 87' lang='lat' dir='ltr'><strong>siquidem</strong></span> <span class='ocrx_word' id='word_1_58' title='bbox 2384 812 2432 866; x_wconf 90' lang='lat' dir='ltr'><strong>is</strong></span> <span class='ocrx_word' id='word_1_59' title='bbox 2465 816 2668 865; x_wconf 88' lang='lat' dir='ltr'><strong>nactus</strong></span> <span class='ocrx_word' id='word_1_60' title='bbox 2702 818 2785 864; x_wconf 84' lang='lat' dir='ltr'><strong>est</strong></span> <span class='ocrx_word' id='word_1_61' title='bbox 2817 810 3123 864; x_wconf 87' lang='lat' dir='ltr'><strong>Turcicam</strong></span> <span class='ocrx_word' id='word_1_62' title='bbox 3159 809 3510 879; x_wconf 85' lang='lat' dir='ltr'><strong>versionem,</strong></span> <span class='ocrx_word' id='word_1_63' title='bbox 3545 809 3719 864; x_wconf 85' lang='lat' dir='ltr'><strong>editis</strong></span> 
     </span>
    </p>
   </div>
   <div class='ocr_carea' id='block_1_6' title="bbox 281 898 3720 972">
    <p class='ocr_par' dir='ltr' id='par_1_6' title="bbox 281 898 3720 972">
     <span class='ocr_line' id='line_1_6' title="bbox 281 898 3720 972; baseline -0.001 -15"><span class='ocrx_word' id='word_1_64' title='bbox 281 902 488 972; x_wconf 77' lang='lat' dir='ltr'><strong>Pilpaei</strong></span> <span class='ocrx_word' id='word_1_65' title='bbox 522 900 738 955; x_wconf 89' lang='lat' dir='ltr'><strong>fabulis</strong></span> <span class='ocrx_word' id='word_1_66' title='bbox 764 905 970 970; x_wconf 81' lang='lat' dir='ltr'><strong>quarto</strong></span> <span class='ocrx_word' id='word_1_67' title='bbox 1003 904 1167 954; x_wconf 87' lang='lat' dir='ltr'><strong>tanto</strong></span> <span class='ocrx_word' id='word_1_68' title='bbox 1215 898 1556 968; x_wconf 84' lang='lat' dir='ltr'><strong>ampliorem</strong></span> <span class='ocrx_word' id='word_1_69' title='bbox 1592 904 1765 971; x_wconf 84' lang='lat' dir='ltr'><strong>atque</strong></span> <span class='ocrx_word' id='word_1_70' title='bbox 1799 901 1942 953; x_wconf 91' lang='lat' dir='ltr'><strong>adeo</strong></span> <span class='ocrx_word' id='word_1_71' title='bbox 1975 899 2264 969; x_wconf 77' lang='lat' dir='ltr'><strong>integram</strong></span> <span class='ocrx_word' id='word_1_72' title='bbox 2296 901 2556 969; x_wconf 86' lang='lat' dir='ltr'><strong>ejusdem</strong></span> <span class='ocrx_word' id='word_1_73' title='bbox 2617 899 2748 953; x_wconf 91' lang='lat' dir='ltr'><strong>libri</strong></span> <span class='ocrx_word' id='word_1_74' title='bbox 2784 900 2995 954; x_wconf 88' lang='lat' dir='ltr'><strong>factam</strong></span> <span class='ocrx_word' id='word_1_75' title='bbox 3030 915 3058 952; x_wconf 94' lang='lat' dir='ltr'>e</span> <span class='ocrx_word' id='word_1_76' title='bbox 3091 899 3344 964; x_wconf 89' lang='lat' dir='ltr'><strong>Persico,</strong></span> <span class='ocrx_word' id='word_1_77' title='bbox 3379 900 3471 954; x_wconf 91' lang='lat' dir='ltr'><strong>cui</strong></span> <span class='ocrx_word' id='word_1_78' title='bbox 3507 899 3720 954; x_wconf 85' lang='lat' dir='ltr'><strong>titulus</strong></span> 
     </span>
    </p>
   </div>
   <div class='ocr_carea' id='block_1_7' title="bbox 284 986 3714 1060">
    <p class='ocr_par' dir='ltr' id='par_1_7' title="bbox 284 986 3714 1060">
     <span class='ocr_line' id='line_1_7' title="bbox 284 986 3714 1060; baseline -0.001 -15"><span class='ocrx_word' id='word_1_79' title='bbox 284 991 606 1046; x_wconf 87' lang='lat' dir='ltr'><strong>Humaioun</strong></span> <span class='ocrx_word' id='word_1_80' title='bbox 656 988 886 1052; x_wconf 85' lang='lat' dir='ltr'><strong>Nameh,</strong></span> <span class='ocrx_word' id='word_1_81' title='bbox 920 988 1028 1043; x_wconf 85' lang='lat' dir='ltr'><strong>hoc</strong></span> <span class='ocrx_word' id='word_1_82' title='bbox 1074 988 1337 1042; x_wconf 81' lang='lat' dir='ltr'><strong>estliber</strong></span> <span class='ocrx_word' id='word_1_83' title='bbox 1388 989 1702 1059; x_wconf 81' lang='lat' dir='ltr'><strong>imperialis</strong></span> <span class='ocrx_word' id='word_1_84' title='bbox 1753 988 1869 1042; x_wconf 89' lang='lat' dir='ltr'><strong>sive</strong></span> <span class='ocrx_word' id='word_1_85' title='bbox 1915 991 2120 1058; x_wconf 84' lang='lat' dir='ltr'><strong>regius,</strong></span> <span class='ocrx_word' id='word_1_86' title='bbox 2170 989 2448 1060; x_wconf 89' lang='lat' dir='ltr'><strong>quoniam</strong></span> <span class='ocrx_word' id='word_1_87' title='bbox 2497 994 2679 1042; x_wconf 85' lang='lat' dir='ltr'><strong>artem</strong></span> <span class='ocrx_word' id='word_1_88' title='bbox 2715 987 3042 1058; x_wconf 84' lang='lat' dir='ltr'><strong>imperandi</strong></span> <span class='ocrx_word' id='word_1_89' title='bbox 3093 986 3241 1041; x_wconf 91' lang='lat' dir='ltr'><strong>libro</strong></span> <span class='ocrx_word' id='word_1_90' title='bbox 3272 987 3372 1042; x_wconf 89' lang='lat' dir='ltr'><strong>illo</strong></span> <span class='ocrx_word' id='word_1_91' title='bbox 3427 988 3714 1043; x_wconf 89' lang='lat' dir='ltr'><strong>contineri</strong></span> 
     </span>
    </p>
   </div>
   <div class='ocr_carea' id='block_1_8' title="bbox 281 1075 3712 1149">
    <p class='ocr_par' dir='ltr' id='par_1_8' title="bbox 281 1075 3712 1149">
     <span class='ocr_line' id='line_1_8' title="bbox 281 1075 3712 1149; baseline -0.002 -12"><span class='ocrx_word' id='word_1_92' title='bbox 281 1078 618 1137; x_wconf 85' lang='lat' dir='ltr'><strong>Orientales</strong></span> <span class='ocrx_word' id='word_1_93' title='bbox 651 1083 792 1133; x_wconf 90' lang='lat' dir='ltr'><strong>sunt</strong></span> <span class='ocrx_word' id='word_1_94' title='bbox 826 1075 1110 1149; x_wconf 87' lang='lat' dir='ltr'><strong>persuasi.</strong></span> <span class='ocrx_word' id='word_1_95' title='bbox 1143 1076 1477 1133; x_wconf 87' lang='lat' dir='ltr'><strong>Castellana</strong></span> <span class='ocrx_word' id='word_1_96' title='bbox 1497 1077 1618 1132; x_wconf 84' lang='lat' dir='ltr'><strong>sive</strong></span> <span class='ocrx_word' id='word_1_97' title='bbox 1649 1077 1969 1148; x_wconf 85' lang='lat' dir='ltr'><strong>Hispanica</strong></span> <span class='ocrx_word' id='word_1_98' title='bbox 1990 1078 2176 1131; x_wconf 86' lang='lat' dir='ltr'><strong>versio</strong></span> <span class='ocrx_word' id='word_1_99' title='bbox 2202 1079 2260 1131; x_wconf 90' lang='lat' dir='ltr'><strong>in</strong></span> <span class='ocrx_word' id='word_1_100' title='bbox 2295 1077 2632 1148; x_wconf 65' lang='lat' dir='ltr'><strong>praefatione</strong></span> <span class='ocrx_word' id='word_1_101' title='bbox 2657 1078 2726 1131; x_wconf 86' lang='lat' dir='ltr'><strong>ad</strong></span> <span class='ocrx_word' id='word_1_102' title='bbox 2757 1077 3016 1131; x_wconf 83' lang='lat' dir='ltr'><strong>Italicam</strong></span> <span class='ocrx_word' id='word_1_103' title='bbox 3043 1081 3438 1144; x_wconf 86' lang='lat' dir='ltr'><strong>memoratur;</strong></span> <span class='ocrx_word' id='word_1_104' title='bbox 3472 1076 3712 1131; x_wconf 84' lang='lat' dir='ltr'><strong>Germa-</strong></span> 
     </span>
    </p>
   </div>
   <div class='ocr_carea' id='block_1_9' title="bbox 284 1165 3716 1238">
    <p class='ocr_par' dir='ltr' id='par_1_9' title="bbox 284 1165 3716 1238">
     <span class='ocr_line' id='line_1_9' title="bbox 284 1165 3716 1238; baseline -0.002 -12"><span class='ocrx_word' id='word_1_105' title='bbox 284 1171 421 1226; x_wconf 88' lang='lat' dir='ltr'><strong>nica</strong></span> <span class='ocrx_word' id='word_1_106' title='bbox 454 1185 608 1234; x_wconf 90' lang='lat' dir='ltr'><strong>vero,</strong></span> <span class='ocrx_word' id='word_1_107' title='bbox 647 1184 774 1238; x_wconf 65' lang='lat' dir='ltr'><strong>qua:</strong></span> <span class='ocrx_word' id='word_1_108' title='bbox 808 1184 875 1222; x_wconf 82' lang='lat' dir='ltr'><strong>ex</strong></span> <span class='ocrx_word' id='word_1_109' title='bbox 911 1167 1117 1220; x_wconf 89' lang='lat' dir='ltr'><strong>Latina</strong></span> <span class='ocrx_word' id='word_1_110' title='bbox 1145 1167 1394 1221; x_wconf 87' lang='lat' dir='ltr'><strong>Joannis</strong></span> <span class='ocrx_word' id='word_1_111' title='bbox 1426 1182 1459 1219; x_wconf 89' lang='lat' dir='ltr'><strong>a</strong></span> <span class='ocrx_word' id='word_1_112' title='bbox 1486 1167 1682 1236; x_wconf 85' lang='lat' dir='ltr'><strong>Capua</strong></span> <span class='ocrx_word' id='word_1_113' title='bbox 1713 1166 2038 1236; x_wconf 88' lang='lat' dir='ltr'><strong>composita</strong></span> <span class='ocrx_word' id='word_1_114' title='bbox 2069 1183 2196 1220; x_wconf 91' lang='lat' dir='ltr'><strong>esse</strong></span> <span class='ocrx_word' id='word_1_115' title='bbox 2229 1167 2481 1220; x_wconf 88' lang='lat' dir='ltr'><strong>traditur</strong></span> <span class='ocrx_word' id='word_1_116' title='bbox 2513 1167 2794 1236; x_wconf 86' lang='lat' dir='ltr'><strong>auspiciis</strong></span> <span class='ocrx_word' id='word_1_117' title='bbox 2816 1165 3133 1220; x_wconf 81' lang='lat' dir='ltr'><strong>Eberhardi</strong></span> <span class='ocrx_word' id='word_1_118' title='bbox 3170 1166 3212 1230; x_wconf 90' lang='grc' dir='ltr'><strong>Ι,</strong></span> <span class='ocrx_word' id='word_1_119' title='bbox 3238 1165 3405 1220; x_wconf 90' lang='lat' dir='ltr'><strong>ducis</strong></span> <span class='ocrx_word' id='word_1_120' title='bbox 3438 1167 3716 1220; x_wconf 90' lang='lat' dir='ltr'><strong>Wirtem-</strong></span> 
     </span>
    </p>
   </div>
   <div class='ocr_carea' id='block_1_10' title="bbox 290 1254 3716 1332">
    <p class='ocr_par' dir='ltr' id='par_1_10' title="bbox 290 1254 3716 1332">
     <span class='ocr_line' id='line_1_10' title="bbox 290 1254 3716 1332; baseline -0.002 -16"><span class='ocrx_word' id='word_1_121' title='bbox 290 1259 537 1332; x_wconf 84' lang='lat' dir='ltr'><strong>bergici,</strong></span> <span class='ocrx_word' id='word_1_122' title='bbox 568 1257 783 1328; x_wconf 56' lang='lat' dir='ltr'><strong>saepius</strong></span> <span class='ocrx_word' id='word_1_123' title='bbox 812 1255 1002 1310; x_wconf 83' lang='lat' dir='ltr'><strong>lucem</strong></span> <span class='ocrx_word' id='word_1_124' title='bbox 1037 1256 1205 1324; x_wconf 80' lang='lat' dir='ltr'><strong>vidit,</strong></span> <span class='ocrx_word' id='word_1_125' title='bbox 1237 1261 1412 1326; x_wconf 89' lang='lat' dir='ltr'><strong>atque</strong></span> <span class='ocrx_word' id='word_1_126' title='bbox 1445 1271 1478 1310; x_wconf 88' lang='lat' dir='ltr'><strong>a</strong></span> <span class='ocrx_word' id='word_1_127' title='bbox 1502 1254 1769 1310; x_wconf 87' lang='lat' dir='ltr'><strong>Starekio</strong></span> <span class='ocrx_word' id='word_1_128' title='bbox 1804 1260 2209 1310; x_wconf 90' lang='lat' dir='ltr'><strong>memorantur</strong></span> <span class='ocrx_word' id='word_1_129' title='bbox 2237 1256 2518 1311; x_wconf 86' lang='lat' dir='ltr'><strong>editiones</strong></span> <span class='ocrx_word' id='word_1_130' title='bbox 2551 1255 2701 1309; x_wconf 88' lang='lat' dir='ltr'><strong>Ulm.</strong></span> <span class='ocrx_word' id='word_1_131' title='bbox 2738 1255 2898 1324; x_wconf 80' lang='grc'>1483,</span> <span class='ocrx_word' id='word_1_132' title='bbox 2931 1254 3131 1325; x_wconf 86' lang='lat' dir='ltr'><strong>101(y).</strong></span> <span class='ocrx_word' id='word_1_133' title='bbox 3168 1255 3426 1326; x_wconf 85' lang='lat' dir='ltr'><strong>Beyspiel</strong></span> <span class='ocrx_word' id='word_1_134' title='bbox 3445 1254 3541 1308; x_wconf 82' lang='lat' dir='ltr'><strong>der</strong></span> <span class='ocrx_word' id='word_1_135' title='bbox 3564 1255 3716 1309; x_wconf 74' lang='lat' dir='ltr'><strong>allen</strong></span> 
     </span>
    </p>
   </div>
   <div class='ocr_carea' id='block_1_11' title="bbox 297 1343 3718 1415">
    <p class='ocr_par' dir='ltr' id='par_1_11' title="bbox 297 1343 3718 1415">
     <span class='ocr_line' id='line_1_11' title="bbox 297 1343 3718 1415; baseline -0.001 -13"><span class='ocrx_word' id='word_1_136' title='bbox 297 1349 506 1402; x_wconf 87' lang='lat' dir='ltr'><strong>Weisen</strong></span> <span class='ocrx_word' id='word_1_137' title='bbox 553 1362 658 1401; x_wconf 77' lang='lat' dir='ltr'><strong>con</strong></span> <span class='ocrx_word' id='word_1_138' title='bbox 690 1345 1008 1401; x_wconf 83' lang='lat' dir='ltr'><strong>Geschlecht</strong></span> <span class='ocrx_word' id='word_1_139' title='bbox 1037 1362 1106 1399; x_wconf 64' lang='lat' dir='ltr'><strong>zu</strong></span> <span class='ocrx_word' id='word_1_140' title='bbox 1157 1344 1486 1410; x_wconf 81' lang='lat' dir='ltr'><strong>Geschlecht,</strong></span> <span class='ocrx_word' id='word_1_141' title='bbox 1521 1349 1577 1399; x_wconf 91' lang='lat' dir='ltr'><strong>et</strong></span> <span class='ocrx_word' id='word_1_142' title='bbox 1624 1346 1858 1415; x_wconf 85' lang='lat' dir='ltr'><strong>Argent.</strong></span> <span class='ocrx_word' id='word_1_143' title='bbox 1899 1346 2055 1412; x_wconf 77' lang='lat'><strong>1525,</strong></span> <span class='ocrx_word' id='word_1_144' title='bbox 2093 1344 2185 1399; x_wconf 82' lang='lat' dir='ltr'><strong>fol.</strong></span> <span class='ocrx_word' id='word_1_145' title='bbox 2221 1345 2318 1400; x_wconf 86' lang='lat' dir='ltr'><strong>das</strong></span> <span class='ocrx_word' id='word_1_146' title='bbox 2348 1346 2501 1400; x_wconf 76' lang='lat' dir='ltr'><strong>Buc/i</strong></span> <span class='ocrx_word' id='word_1_147' title='bbox 2549 1344 2803 1400; x_wconf 85' lang='lat' dir='ltr'><strong>Weisheil</strong></span> <span class='ocrx_word' id='word_1_148' title='bbox 2836 1345 3008 1398; x_wconf 86' lang='lat' dir='ltr'><strong>darin</strong></span> <span class='ocrx_word' id='word_1_149' title='bbox 3040 1347 3245 1398; x_wconf 83' lang='lat' dir='ltr'><strong>erlenet</strong></span> <span class='ocrx_word' id='word_1_150' title='bbox 3274 1343 3416 1398; x_wconf 88' lang='lat' dir='ltr'><strong>wird</strong></span> <span class='ocrx_word' id='word_1_151' title='bbox 3445 1343 3545 1398; x_wconf 84' lang='lat' dir='ltr'><strong>der</strong></span> <span class='ocrx_word' id='word_1_152' title='bbox 3579 1345 3718 1399; x_wconf 80' lang='lat' dir='ltr'><strong>Welt</strong></span> 
     </span>
    </p>
   </div>
   <div class='ocr_carea' id='block_1_12' title="bbox 285 1431 3715 1507">
    <p class='ocr_par' dir='ltr' id='par_1_12' title="bbox 285 1431 3715 1507">
     <span class='ocr_line' id='line_1_12' title="bbox 285 1431 3715 1507; baseline -0.001 -16"><span class='ocrx_word' id='word_1_153' title='bbox 285 1438 468 1507; x_wconf 78' lang='lat' dir='ltr'><strong>Lauﬂ,</strong></span> <span class='ocrx_word' id='word_1_154' title='bbox 505 1439 562 1490; x_wconf 90' lang='lat' dir='ltr'><strong>et</strong></span> <span class='ocrx_word' id='word_1_155' title='bbox 594 1433 723 1489; x_wconf 89' lang='lat' dir='ltr'><strong>sine</strong></span> <span class='ocrx_word' id='word_1_156' title='bbox 753 1433 863 1488; x_wconf 92' lang='lat' dir='ltr'><strong>loci</strong></span> <span class='ocrx_word' id='word_1_157' title='bbox 898 1434 1193 1488; x_wconf 82' lang='lat' dir='ltr'><strong>notatione</strong></span> <span class='ocrx_word' id='word_1_158' title='bbox 1247 1433 1406 1500; x_wconf 87' lang='grc'>1547,</span> <span class='ocrx_word' id='word_1_159' title='bbox 1442 1434 1474 1487; x_wconf 80' lang='grc'><strong>4</strong></span> <span class='ocrx_word' id='word_1_160' title='bbox 1503 1433 1603 1487; x_wconf 84' lang='lat' dir='ltr'><strong>der</strong></span> <span class='ocrx_word' id='word_1_161' title='bbox 1644 1435 1796 1488; x_wconf 82' lang='lat' dir='ltr'><strong>alien</strong></span> <span class='ocrx_word' id='word_1_162' title='bbox 1853 1435 2062 1488; x_wconf 84' lang='lat' dir='ltr'><strong>Weisen</strong></span> <span class='ocrx_word' id='word_1_163' title='bbox 2106 1434 2388 1503; x_wconf 76' lang='lat' dir='ltr'><strong>Exempcl,</strong></span> <span class='ocrx_word' id='word_1_164' title='bbox 2441 1433 2684 1504; x_wconf 86' lang='lat' dir='ltr'><strong>Spruche</strong></span> <span class='ocrx_word' id='word_1_165' title='bbox 2723 1432 2837 1487; x_wconf 87' lang='lat' dir='ltr'><strong>und</strong></span> <span class='ocrx_word' id='word_1_166' title='bbox 2885 1432 3321 1503; x_wconf 83' lang='lat' dir='ltr'><strong>Ulerweisungen</strong></span> <span class='ocrx_word' id='word_1_167' title='bbox 3357 1450 3376 1486; x_wconf 92' lang='lat'><em>:</em></span> <span class='ocrx_word' id='word_1_168' title='bbox 3425 1436 3483 1487; x_wconf 90' lang='lat' dir='ltr'><strong>et</strong></span> <span class='ocrx_word' id='word_1_169' title='bbox 3534 1431 3715 1486; x_wconf 86' lang='lat' dir='ltr'><strong>Fran-</strong></span> 
     </span>
    </p>
   </div>
   <div class='ocr_carea' id='block_1_13' title="bbox 290 1519 3709 1593">
    <p class='ocr_par' dir='ltr' id='par_1_13' title="bbox 290 1519 3709 1593">
     <span class='ocr_line' id='line_1_13' title="bbox 290 1519 3709 1593; baseline -0.002 -12"><span class='ocrx_word' id='word_1_170' title='bbox 290 1527 406 1581; x_wconf 89' lang='lat' dir='ltr'><strong>cof.</strong></span> <span class='ocrx_word' id='word_1_171' title='bbox 445 1525 604 1580; x_wconf 88' lang='lat'><strong>1565.</strong></span> <span class='ocrx_word' id='word_1_172' title='bbox 637 1524 691 1591; x_wconf 90' lang='lat'><strong>8,</strong></span> <span class='ocrx_word' id='word_1_173' title='bbox 724 1523 829 1578; x_wconf 86' lang='lat' dir='ltr'><strong>das</strong></span> <span class='ocrx_word' id='word_1_174' title='bbox 872 1521 1022 1577; x_wconf 73' lang='grc' dir='ltr'><strong>Βασή</strong></span> <span class='ocrx_word' id='word_1_175' title='bbox 1051 1523 1146 1577; x_wconf 85' lang='lat' dir='ltr'><strong>der</strong></span> <span class='ocrx_word' id='word_1_176' title='bbox 1182 1523 1436 1578; x_wconf 83' lang='lat' dir='ltr'><strong>Weisheit</strong></span> <span class='ocrx_word' id='word_1_177' title='bbox 1465 1521 1562 1576; x_wconf 84' lang='lat' dir='ltr'><strong>der</strong></span> <span class='ocrx_word' id='word_1_178' title='bbox 1589 1523 1744 1577; x_wconf 84' lang='lat' dir='ltr'><strong>alten</strong></span> <span class='ocrx_word' id='word_1_179' title='bbox 1781 1522 1987 1577; x_wconf 83' lang='lat' dir='ltr'><strong>Weisen</strong></span> <span class='ocrx_word' id='word_1_180' title='bbox 2029 1538 2129 1576; x_wconf 85' lang='lat' dir='ltr'><strong>von</strong></span> <span class='ocrx_word' id='word_1_181' title='bbox 2160 1522 2454 1593; x_wconf 81' lang='lat' dir='ltr'><strong>Anbeginn</strong></span> <span class='ocrx_word' id='word_1_182' title='bbox 2486 1521 2583 1576; x_wconf 83' lang='lat' dir='ltr'><strong>der</strong></span> <span class='ocrx_word' id='word_1_183' title='bbox 2609 1524 2747 1578; x_wconf 80' lang='lat' dir='ltr'><strong>Welt</strong></span> <span class='ocrx_word' id='word_1_184' title='bbox 2778 1537 2884 1576; x_wconf 86' lang='lat' dir='ltr'><strong>von</strong></span> <span class='ocrx_word' id='word_1_185' title='bbox 2914 1520 3244 1576; x_wconf 80' lang='lat' dir='ltr'><strong>Geschlechl.</strong></span> <span class='ocrx_word' id='word_1_186' title='bbox 3278 1536 3349 1575; x_wconf 64' lang='lat' dir='ltr'><strong>zu</strong></span> <span class='ocrx_word' id='word_1_187' title='bbox 3377 1519 3709 1576; x_wconf 83' lang='lat' dir='ltr'><strong>Geschlecht.</strong></span> 
     </span>
    </p>
   </div>
   <div class='ocr_carea' id='block_1_14' title="bbox 293 1609 3714 1684">
    <p class='ocr_par' dir='ltr' id='par_1_14' title="bbox 293 1609 3714 1684">
     <span class='ocr_line' id='line_1_14' title="bbox 293 1609 3714 1684; baseline -0.002 -13"><span class='ocrx_word' id='word_1_188' title='bbox 293 1613 530 1684; x_wconf 86' lang='lat' dir='ltr'><strong>Belgica</strong></span> <span class='ocrx_word' id='word_1_189' title='bbox 560 1613 816 1684; x_wconf 88' lang='lat' dir='ltr'><strong>denique</strong></span> <span class='ocrx_word' id='word_1_190' title='bbox 847 1612 1352 1679; x_wconf 80' lang='lat' dir='ltr'><strong>ZachariaeHeins,</strong></span> <span class='ocrx_word' id='word_1_191' title='bbox 1383 1609 2306 1678; x_wconf 66' lang='lat' dir='ltr'><strong>Zwollvaa,1623,8,woorbelsels</strong></span> <span class='ocrx_word' id='word_1_192' title='bbox 2334 1611 2404 1664; x_wconf 91' lang='lat' dir='ltr'><strong>de</strong></span> <span class='ocrx_word' id='word_1_193' title='bbox 2419 1611 2568 1665; x_wconf 91' lang='lat' dir='ltr'><strong>oude</strong></span> <span class='ocrx_word' id='word_1_194' title='bbox 2608 1625 2806 1681; x_wconf 87' lang='lat' dir='ltr'><strong>wysen</strong></span> <span class='ocrx_word' id='word_1_195' title='bbox 2825 1614 2928 1680; x_wconf 81' lang='lat' dir='ltr'><strong>uyt</strong></span> <span class='ocrx_word' id='word_1_196' title='bbox 2972 1609 3304 1664; x_wconf 89' lang='lat' dir='ltr'><strong>d’Iudisebe</strong></span> <span class='ocrx_word' id='word_1_197' title='bbox 3355 1609 3603 1680; x_wconf 88' lang='lat' dir='ltr'><strong>spraake</strong></span> <span class='ocrx_word' id='word_1_198' title='bbox 3655 1609 3714 1664; x_wconf 88' lang='lat' dir='ltr'><strong>in</strong></span> 
     </span>
    </p>
   </div>
   <div class='ocr_carea' id='block_1_15' title="bbox 285 1695 1952 1772">
    <p class='ocr_par' dir='ltr' id='par_1_15' title="bbox 285 1699 1952 1772">
     <span class='ocr_line' id='line_1_15' title="bbox 285 1699 1952 1772; baseline -0.003 -14"><span class='ocrx_word' id='word_1_199' title='bbox 285 1702 695 1771; x_wconf 84' lang='lat' dir='ltr'><strong>d&#39;Arabische,</strong></span> <span class='ocrx_word' id='word_1_200' title='bbox 729 1707 840 1756; x_wconf 88' lang='lat' dir='ltr'><strong>etc.</strong></span> <span class='ocrx_word' id='word_1_201' title='bbox 875 1701 980 1772; x_wconf 90' lang='lat' dir='ltr'><strong>[Ad</strong></span> <span class='ocrx_word' id='word_1_202' title='bbox 1011 1717 1238 1756; x_wconf 87' lang='lat' dir='ltr'><strong>omnem</strong></span> <span class='ocrx_word' id='word_1_203' title='bbox 1273 1700 1428 1754; x_wconf 91' lang='lat' dir='ltr'><strong>hunc</strong></span> <span class='ocrx_word' id='word_1_204' title='bbox 1457 1699 1650 1756; x_wconf 91' lang='lat' dir='ltr'><strong>locum</strong></span> <span class='ocrx_word' id='word_1_205' title='bbox 1683 1700 1756 1754; x_wconf 86' lang='lat' dir='ltr'><strong>ef.</strong></span> <span class='ocrx_word' id='word_1_206' title='bbox 1789 1701 1952 1770; x_wconf 68' lang='lat' dir='ltr'><strong>praefa</strong></span> 
     </span>
    </p>
   </div>
   <div class='ocr_carea' id='block_1_16' title="bbox 2064 1695 3714 1772">
    <p class='ocr_par' dir='ltr' id='par_1_16' title="bbox 2079 1695 3714 1772">
     <span class='ocr_line' id='line_1_16' title="bbox 2079 1695 3714 1772; baseline -0.002 -18"><span class='ocrx_word' id='word_1_207' title='bbox 2079 1700 2150 1754; x_wconf 88' lang='lat' dir='ltr'><strong>ad</strong></span> <span class='ocrx_word' id='word_1_208' title='bbox 2185 1698 2450 1754; x_wconf 85' lang='lat' dir='ltr'><strong>libellum</strong></span> <span class='ocrx_word' id='word_1_209' title='bbox 2485 1699 2837 1771; x_wconf 85' lang='lat' dir='ltr'><strong>inscriptum</strong></span> <span class='ocrx_word' id='word_1_210' title='bbox 2886 1696 3222 1772; x_wconf 75' lang='grc' dir='ltr'><strong>Στεφανίτης</strong></span> <span class='ocrx_word' id='word_1_211' title='bbox 3251 1697 3340 1751; x_wconf 79' lang='grc' dir='ltr'>καὶ</span> <span class='ocrx_word' id='word_1_212' title='bbox 3403 1695 3714 1771; x_wconf 77' lang='grc' dir='ltr'><strong>ἴχνηλάτης</strong></span> 
     </span>
    </p>
   </div>
   <div class='ocr_carea' id='block_1_17' title="bbox 283 1787 3715 1861">
    <p class='ocr_par' dir='ltr' id='par_1_17' title="bbox 283 1787 3715 1861">
     <span class='ocr_line' id='line_1_17' title="bbox 283 1787 3715 1861; baseline -0.001 -14"><span class='ocrx_word' id='word_1_213' title='bbox 283 1808 316 1847; x_wconf 89' lang='lat' dir='ltr'>e</span> <span class='ocrx_word' id='word_1_214' title='bbox 348 1792 481 1846; x_wconf 90' lang='lat' dir='ltr'><strong>cod.</strong></span> <span class='ocrx_word' id='word_1_215' title='bbox 517 1807 630 1846; x_wconf 89' lang='lat' dir='ltr'><strong>ms.</strong></span> <span class='ocrx_word' id='word_1_216' title='bbox 667 1789 810 1855; x_wconf 88' lang='lat' dir='ltr'><strong>bibl,</strong></span> <span class='ocrx_word' id='word_1_217' title='bbox 846 1790 1019 1844; x_wconf 84' lang='lat' dir='ltr'><strong>Acad.</strong></span> <span class='ocrx_word' id='word_1_218' title='bbox 1055 1789 1253 1861; x_wconf 91' lang='lat' dir='ltr'><strong>Upsal.</strong></span> <span class='ocrx_word' id='word_1_219' title='bbox 1289 1789 1445 1844; x_wconf 87' lang='lat' dir='ltr'><strong>edita</strong></span> <span class='ocrx_word' id='word_1_220' title='bbox 1475 1794 1533 1844; x_wconf 90' lang='lat' dir='ltr'><strong>et</strong></span> <span class='ocrx_word' id='word_1_221' title='bbox 1565 1789 1765 1844; x_wconf 85' lang='lat' dir='ltr'><strong>Latine</strong></span> <span class='ocrx_word' id='word_1_222' title='bbox 1799 1805 1984 1856; x_wconf 90' lang='lat' dir='ltr'><strong>sersa,</strong></span> <span class='ocrx_word' id='word_1_223' title='bbox 2018 1787 2431 1844; x_wconf 86' lang='lat' dir='ltr'><strong>dissertatione</strong></span> <span class='ocrx_word' id='word_1_224' title='bbox 2475 1789 2638 1858; x_wconf 89' lang='lat' dir='ltr'><strong>acad,</strong></span> <span class='ocrx_word' id='word_1_225' title='bbox 2674 1804 2868 1859; x_wconf 90' lang='lat' dir='ltr'><strong>quem.</strong></span> <span class='ocrx_word' id='word_1_226' title='bbox 2902 1818 2970 1827; x_wconf 92' lang='lat'><strong>——</strong></span> <span class='ocrx_word' id='word_1_227' title='bbox 3002 1787 3276 1858; x_wconf 71' lang='lat' dir='ltr'><strong>praesidio</strong></span> <span class='ocrx_word' id='word_1_228' title='bbox 3332 1788 3412 1844; x_wconf 86' lang='lat' dir='ltr'><strong>Jo.</strong></span> <span class='ocrx_word' id='word_1_229' title='bbox 3465 1787 3715 1854; x_wconf 85' lang='lat' dir='ltr'><strong>Flodoro,</strong></span> 
     </span>
    </p>
   </div>
   <div class='ocr_carea' id='block_1_18' title="bbox 281 1877 2930 1951">
    <p class='ocr_par' dir='ltr' id='par_1_18' title="bbox 281 1877 2930 1951">
     <span class='ocr_line' id='line_1_18' title="bbox 281 1877 2930 1951; baseline -0.002 -14"><span class='ocrx_word' id='word_1_230' title='bbox 281 1881 446 1937; x_wconf 84' lang='lat' dir='ltr'><strong>Prof.</strong></span> <span class='ocrx_word' id='word_1_231' title='bbox 479 1886 590 1937; x_wconf 88' lang='lat' dir='ltr'><strong>etc.</strong></span> <span class='ocrx_word' id='word_1_232' title='bbox 616 1879 777 1951; x_wconf 85' lang='lat' dir='ltr'><strong>pub].</strong></span> <span class='ocrx_word' id='word_1_233' title='bbox 807 1880 1060 1935; x_wconf 85' lang='lat' dir='ltr'><strong>examini</strong></span> <span class='ocrx_word' id='word_1_234' title='bbox 1094 1879 1413 1935; x_wconf 86' lang='lat' dir='ltr'><strong>submittit.</strong></span> <span class='ocrx_word' id='word_1_235' title='bbox 1446 1880 1592 1934; x_wconf 86' lang='lat' dir='ltr'><strong>Pelr.</strong></span> <span class='ocrx_word' id='word_1_236' title='bbox 1620 1879 1823 1934; x_wconf 87' lang='lat' dir='ltr'><strong>Fabian</strong></span> <span class='ocrx_word' id='word_1_237' title='bbox 1885 1879 2215 1946; x_wconf 83' lang='lat' dir='ltr'><strong>Aurivilius,</strong></span> <span class='ocrx_word' id='word_1_238' title='bbox 2247 1909 2314 1918; x_wconf 86' lang='lat'><strong>——</strong></span> <span class='ocrx_word' id='word_1_239' title='bbox 2345 1878 2482 1949; x_wconf 90' lang='lat' dir='ltr'><strong>Ups.</strong></span> <span class='ocrx_word' id='word_1_240' title='bbox 2519 1879 2676 1945; x_wconf 89' lang='lat'><strong>1780,</strong></span> <span class='ocrx_word' id='word_1_241' title='bbox 2710 1879 2741 1932; x_wconf 90' lang='grc'><strong>4</strong></span> <span class='ocrx_word' id='word_1_242' title='bbox 2775 1877 2930 1933; x_wconf 77' lang='lat' dir='ltr'><strong>Beck.</strong></span> 
     </span>
    </p>
   </div>
   <div class='ocr_carea' id='block_1_19' title="bbox 1499 1994 2451 2066">
    <p class='ocr_par' dir='ltr' id='par_1_19' title="bbox 1499 1994 2451 2066">
     <span class='ocr_line' id='line_1_19' title="bbox 1499 1994 2451 2066; baseline 0 -16"><span class='ocrx_word' id='word_1_243' title='bbox 1499 1996 1627 2050; x_wconf 87' lang='lat' dir='ltr'><strong>Alia</strong></span> <span class='ocrx_word' id='word_1_244' title='bbox 1653 1994 2012 2066; x_wconf 75' lang='lat' dir='ltr'><strong>Pachymerae</strong></span> <span class='ocrx_word' id='word_1_245' title='bbox 2040 1997 2248 2066; x_wconf 84' lang='lat' dir='ltr'><strong>scripta</strong></span> <span class='ocrx_word' id='word_1_246' title='bbox 2278 1994 2451 2050; x_wconf 84' lang='lat' dir='ltr'><strong>edita.</strong></span> 
     </span>
    </p>
   </div>
   <div class='ocr_carea' id='block_1_20' title="bbox 358 2094 3722 2168">
    <p class='ocr_par' dir='ltr' id='par_1_20' title="bbox 358 2094 3722 2168">
     <span class='ocr_line' id='line_1_20' title="bbox 358 2094 3722 2168; baseline -0.001 -14"><span class='ocrx_word' id='word_1_247' title='bbox 358 2103 582 2154; x_wconf 65' lang='lat' dir='ltr'><strong>Praeter</strong></span> <span class='ocrx_word' id='word_1_248' title='bbox 611 2095 931 2150; x_wconf 79' lang='lat' dir='ltr'><strong>Historiam</strong></span> <span class='ocrx_word' id='word_1_249' title='bbox 965 2097 1091 2168; x_wconf 80' lang='lat' dir='ltr'><strong>Byz.</strong></span> <span class='ocrx_word' id='word_1_250' title='bbox 1125 2097 1196 2150; x_wconf 92' lang='lat' dir='ltr'><strong>de</strong></span> <span class='ocrx_word' id='word_1_251' title='bbox 1228 2112 1341 2165; x_wconf 90' lang='lat' dir='ltr'><strong>qua</strong></span> <span class='ocrx_word' id='word_1_252' title='bbox 1373 2095 1511 2162; x_wconf 84' lang='lat' dir='ltr'><strong>dixi,</strong></span> <span class='ocrx_word' id='word_1_253' title='bbox 1547 2099 1604 2150; x_wconf 93' lang='lat' dir='ltr'><strong>et</strong></span> <span class='ocrx_word' id='word_1_254' title='bbox 1633 2096 1704 2149; x_wconf 91' lang='lat' dir='ltr'><strong>de</strong></span> <span class='ocrx_word' id='word_1_255' title='bbox 1737 2096 1908 2164; x_wconf 86' lang='lat' dir='ltr'><strong>cujus</strong></span> <span class='ocrx_word' id='word_1_256' title='bbox 1941 2094 2197 2150; x_wconf 87' lang='lat' dir='ltr'><strong>editione</strong></span> <span class='ocrx_word' id='word_1_257' title='bbox 2232 2094 2828 2152; x_wconf 87' lang='lat' dir='ltr'><strong>Possiniauaconsuli</strong></span> <span class='ocrx_word' id='word_1_258' title='bbox 2862 2095 3038 2149; x_wconf 87' lang='lat' dir='ltr'><strong>etiam</strong></span> <span class='ocrx_word' id='word_1_259' title='bbox 3075 2099 3270 2165; x_wconf 91' lang='lat' dir='ltr'><strong>potest</strong></span> <span class='ocrx_word' id='word_1_260' title='bbox 3286 2095 3378 2152; x_wconf 88' lang='lat' dir='ltr'><strong>Jo.</strong></span> <span class='ocrx_word' id='word_1_261' title='bbox 3411 2094 3722 2151; x_wconf 65' lang='lat' dir='ltr'><strong>Gallaesius</strong></span> 
     </span>
    </p>
   </div>
   <div class='ocr_carea' id='block_1_21' title="bbox 285 2184 3717 2258">
    <p class='ocr_par' dir='ltr' id='par_1_21' title="bbox 285 2184 3717 2258">
     <span class='ocr_line' id='line_1_21' title="bbox 285 2184 3717 2258; baseline -0.001 -14"><span class='ocrx_word' id='word_1_262' title='bbox 285 2189 348 2244; x_wconf 88' lang='lat' dir='ltr'><strong>in</strong></span> <span class='ocrx_word' id='word_1_263' title='bbox 383 2185 874 2258; x_wconf 86' lang='lat' dir='ltr'><strong>premeridibus</strong></span> <span class='ocrx_word' id='word_1_264' title='bbox 907 2185 1294 2250; x_wconf 89' lang='lat' dir='ltr'><strong>eruditorum,</strong></span> <span class='ocrx_word' id='word_1_265' title='bbox 1329 2186 1513 2239; x_wconf 86' lang='lat' dir='ltr'><strong>Paris.</strong></span> <span class='ocrx_word' id='word_1_266' title='bbox 1537 2185 1591 2239; x_wconf 98' lang='lat'><strong>6.</strong></span> <span class='ocrx_word' id='word_1_267' title='bbox 1630 2187 1754 2239; x_wconf 87' lang='lat' dir='ltr'><strong>Dec.</strong></span> <span class='ocrx_word' id='word_1_268' title='bbox 1796 2185 1932 2238; x_wconf 87' lang='lat'><strong>1666</strong></span> <span class='ocrx_word' id='word_1_269' title='bbox 1963 2189 2021 2239; x_wconf 92' lang='lat' dir='ltr'><strong>et</strong></span> <span class='ocrx_word' id='word_1_270' title='bbox 2050 2188 2083 2238; x_wconf 86' lang='lat'><strong><em>2</em></strong></span> <span class='ocrx_word' id='word_1_271' title='bbox 2117 2184 2308 2239; x_wconf 87' lang='lat' dir='ltr'><strong>Martii</strong></span> <span class='ocrx_word' id='word_1_272' title='bbox 2356 2186 2512 2253; x_wconf 89' lang='lat'><strong>1671,</strong></span> <span class='ocrx_word' id='word_1_273' title='bbox 2547 2189 2782 2241; x_wconf 85' lang='lat' dir='ltr'><strong>exstant</strong></span> <span class='ocrx_word' id='word_1_274' title='bbox 2812 2201 2927 2240; x_wconf 89' lang='lat' dir='ltr'><strong>non</strong></span> <span class='ocrx_word' id='word_1_275' title='bbox 2963 2184 3159 2239; x_wconf 88' lang='lat' dir='ltr'><strong>minus</strong></span> <span class='ocrx_word' id='word_1_276' title='bbox 3192 2185 3345 2256; x_wconf 85' lang='lat' dir='ltr'><strong>typis</strong></span> <span class='ocrx_word' id='word_1_277' title='bbox 3402 2186 3717 2256; x_wconf 81' lang='lat' dir='ltr'><strong>exscripta,</strong></span> 
     </span>
    </p>
   </div>
   <div class='ocr_carea' id='block_1_22' title="bbox 288 2273 1472 2346">
    <p class='ocr_par' dir='ltr' id='par_1_22' title="bbox 288 2273 1472 2346">
     <span class='ocr_line' id='line_1_22' title="bbox 288 2273 1472 2346; baseline -0.006 -11"><span class='ocrx_word' id='word_1_278' title='bbox 288 2278 496 2335; x_wconf 77' lang='lat' dir='ltr'><strong>eodem:</strong></span> <span class='ocrx_word' id='word_1_279' title='bbox 535 2273 784 2346; x_wconf 84' lang='lat' dir='ltr'><strong>Georgio</strong></span> <span class='ocrx_word' id='word_1_280' title='bbox 814 2273 1167 2346; x_wconf 88' lang='lat' dir='ltr'><strong>Pachymere</strong></span> <span class='ocrx_word' id='word_1_281' title='bbox 1199 2279 1432 2329; x_wconf 89' lang='lat' dir='ltr'><strong>auctore</strong></span> <span class='ocrx_word' id='word_1_282' title='bbox 1460 2292 1472 2328; x_wconf 90' lang='lat'><strong>:</strong></span> 
     </span>
    </p>
   </div>
   <div class='ocr_carea' id='block_1_23' title="bbox 361 2362 3721 2436">
    <p class='ocr_par' dir='ltr' id='par_1_23' title="bbox 361 2362 3721 2436">
     <span class='ocr_line' id='line_1_23' title="bbox 361 2362 3721 2436; baseline -0.001 -14"><span class='ocrx_word' id='word_1_283' title='bbox 361 2367 416 2422; x_wconf 84' lang='lat'><strong>1.</strong></span> <span class='ocrx_word' id='word_1_284' title='bbox 447 2363 864 2436; x_wconf 82' lang='lat' dir='ltr'><strong>Pamphrasim</strong></span> <span class='ocrx_word' id='word_1_285' title='bbox 893 2378 1123 2432; x_wconf 79' lang='lat' dir='ltr'><strong>Operam</strong></span> <span class='ocrx_word' id='word_1_286' title='bbox 1152 2362 1411 2433; x_wconf 76' lang='lat' dir='ltr'><strong>Dionysii</strong></span> <span class='ocrx_word' id='word_1_287' title='bbox 1438 2363 1792 2432; x_wconf 73' lang='lat' dir='ltr'><strong>Are0pogitae.</strong></span> <span class='ocrx_word' id='word_1_288' title='bbox 1828 2364 1896 2416; x_wconf 86' lang='lat' dir='ltr'><strong>ad</strong></span> <span class='ocrx_word' id='word_1_289' title='bbox 1952 2362 2336 2418; x_wconf 80' lang='lat' dir='ltr'><strong>Athanasium</strong></span> <span class='ocrx_word' id='word_1_290' title='bbox 2374 2364 2762 2434; x_wconf 75' lang='lat' dir='ltr'><strong>patriarcham</strong></span> <span class='ocrx_word' id='word_1_291' title='bbox 2806 2367 2930 2416; x_wconf 86' lang='lat' dir='ltr'><strong>tum</strong></span> <span class='ocrx_word' id='word_1_292' title='bbox 2974 2363 3460 2432; x_wconf 82' lang='lat' dir='ltr'><strong>Alexandrinum,</strong></span> <span class='ocrx_word' id='word_1_293' title='bbox 3506 2365 3563 2419; x_wconf 94' lang='lat' dir='ltr'><strong>in</strong></span> <span class='ocrx_word' id='word_1_294' title='bbox 3601 2381 3721 2436; x_wconf 89' lang='lat' dir='ltr'><strong>qua</strong></span> 
     </span>
    </p>
   </div>
   <div class='ocr_carea' id='block_1_24' title="bbox 299 2451 3717 2524">
    <p class='ocr_par' dir='ltr' id='par_1_24' title="bbox 299 2451 3717 2524">
     <span class='ocr_line' id='line_1_24' title="bbox 299 2451 3717 2524; baseline -0.002 -10"><span class='ocrx_word' id='word_1_295' title='bbox 299 2456 630 2515; x_wconf 79' lang='lat' dir='ltr'><strong>Maximum</strong></span> <span class='ocrx_word' id='word_1_296' title='bbox 664 2454 781 2508; x_wconf 87' lang='lat' dir='ltr'><strong>fere</strong></span> <span class='ocrx_word' id='word_1_297' title='bbox 812 2469 1040 2524; x_wconf 89' lang='lat' dir='ltr'><strong>semper</strong></span> <span class='ocrx_word' id='word_1_298' title='bbox 1070 2458 1308 2508; x_wconf 82' lang='lat' dir='ltr'><strong>secutus</strong></span> <span class='ocrx_word' id='word_1_299' title='bbox 1343 2457 1450 2522; x_wconf 87' lang='lat' dir='ltr'><strong>est,</strong></span> <span class='ocrx_word' id='word_1_300' title='bbox 1485 2452 1563 2506; x_wconf 89' lang='lat' dir='ltr'><strong>ita</strong></span> <span class='ocrx_word' id='word_1_301' title='bbox 1597 2458 1660 2506; x_wconf 87' lang='lat' dir='ltr'><strong>ut</strong></span> <span class='ocrx_word' id='word_1_302' title='bbox 1710 2451 2122 2523; x_wconf 82' lang='lat' dir='ltr'><strong>Pachymerem</strong></span> <span class='ocrx_word' id='word_1_303' title='bbox 2171 2469 2280 2507; x_wconf 73' lang='lat' dir='ltr'><strong>non</strong></span> <span class='ocrx_word' id='word_1_304' title='bbox 2325 2453 2547 2523; x_wconf 80' lang='lat' dir='ltr'><strong>magnis</strong></span> <span class='ocrx_word' id='word_1_305' title='bbox 2584 2452 2865 2522; x_wconf 80' lang='lat' dir='ltr'><strong>Dionysii,</strong></span> <span class='ocrx_word' id='word_1_306' title='bbox 2901 2469 3066 2524; x_wconf 86' lang='lat' dir='ltr'><strong>quam</strong></span> <span class='ocrx_word' id='word_1_307' title='bbox 3111 2453 3355 2508; x_wconf 76' lang='lat' dir='ltr'><strong>Maximi</strong></span> <span class='ocrx_word' id='word_1_308' title='bbox 3384 2453 3717 2522; x_wconf 83' lang='lat' dir='ltr'><strong>ﬁdissimum</strong></span> 
     </span>
    </p>
   </div>
   <div class='ocr_carea' id='block_1_25' title="bbox 284 2595 1955 2665">
    <p class='ocr_par' dir='ltr' id='par_1_25' title="bbox 284 2595 1955 2665">
     <span class='ocr_line' id='line_1_25' title="bbox 284 2595 1955 2665; baseline -0.006 -9"><span class='ocrx_word' id='word_1_309' title='bbox 284 2617 424 2656; x_wconf 80' lang='lat' dir='ltr'><strong>nom</strong></span> <span class='ocrx_word' id='word_1_310' title='bbox 453 2597 522 2652; x_wconf 82' lang='lat' dir='ltr'><strong>de</strong></span> <span class='ocrx_word' id='word_1_311' title='bbox 550 2596 911 2651; x_wconf 83' lang='lat' dir='ltr'><strong>Dabschelim.</strong></span> <span class='ocrx_word' id='word_1_312' title='bbox 939 2597 982 2649; x_wconf 87' lang='lat' dir='ltr'><strong>Il</strong></span> <span class='ocrx_word' id='word_1_313' title='bbox 1003 2599 1080 2650; x_wconf 84' lang='lat' dir='ltr'><strong>est</strong></span> <span class='ocrx_word' id='word_1_314' title='bbox 1115 2595 1324 2665; x_wconf 88' lang='lat' dir='ltr'><strong>rempli</strong></span> <span class='ocrx_word' id='word_1_315' title='bbox 1345 2595 1408 2649; x_wconf 84' lang='lat' dir='ltr'><strong>de</strong></span> <span class='ocrx_word' id='word_1_316' title='bbox 1429 2600 1694 2665; x_wconf 72' lang='lat' dir='ltr'><strong>pre’ceptes</strong></span> <span class='ocrx_word' id='word_1_317' title='bbox 1720 2611 1955 2648; x_wconf 72' lang='lat' dir='ltr'><strong>moraua:</strong></span> 
     </span>
    </p>
   </div>
   <div class='ocr_carea' id='block_1_26' title="bbox 285 2667 1954 2741">
    <p class='ocr_par' dir='ltr' id='par_1_26' title="bbox 285 2667 1954 2741">
     <span class='ocr_line' id='line_1_26' title="bbox 285 2667 1954 2741; baseline -0.005 -13"><span class='ocrx_word' id='word_1_318' title='bbox 285 2686 339 2730; x_wconf 80' lang='lat' dir='ltr'><strong>et</strong></span> <span class='ocrx_word' id='word_1_319' title='bbox 370 2669 700 2741; x_wconf 80' lang='lat' dir='ltr'><strong>politiques.</strong></span> <span class='ocrx_word' id='word_1_320' title='bbox 730 2667 1130 2732; x_wconf 81' lang='lat' dir='ltr'><strong>Nouschirvan,</strong></span> <span class='ocrx_word' id='word_1_321' title='bbox 1164 2671 1248 2741; x_wconf 83' lang='lat' dir='ltr'><strong>roi</strong></span> <span class='ocrx_word' id='word_1_322' title='bbox 1271 2668 1340 2741; x_wconf 82' lang='lat' dir='ltr'><strong>de</strong></span> <span class='ocrx_word' id='word_1_323' title='bbox 1373 2674 1556 2741; x_wconf 60' lang='lat' dir='ltr'><strong>Perse,</strong></span> <span class='ocrx_word' id='word_1_324' title='bbox 1607 2682 1954 2741; x_wconf 79' lang='lat' dir='ltr'><strong>envoya_son</strong></span> 
     </span>
    </p>
   </div>
   <div class='ocr_carea' id='block_1_27' title="bbox 287 2737 1953 2810">
    <p class='ocr_par' dir='ltr' id='par_1_27' title="bbox 287 2737 1953 2810">
     <span class='ocr_line' id='line_1_27' title="bbox 287 2737 1953 2810; baseline -0.005 -12"><span class='ocrx_word' id='word_1_325' title='bbox 287 2737 571 2798; x_wconf 49' lang='lat' dir='ltr'><strong>médecim</strong></span> <span class='ocrx_word' id='word_1_326' title='bbox 602 2743 820 2810; x_wconf 78' lang='lat' dir='ltr'><strong>nomme‘</strong></span> <span class='ocrx_word' id='word_1_327' title='bbox 870 2741 1163 2794; x_wconf 63' lang='lat' dir='ltr'><strong>Buzrvieh.</strong></span> <span class='ocrx_word' id='word_1_328' title='bbox 1198 2739 1317 2810; x_wconf 93' lang='lat' dir='ltr'><strong>(hic</strong></span> <span class='ocrx_word' id='word_1_329' title='bbox 1379 2739 1435 2792; x_wconf 89' lang='lat' dir='ltr'><strong>in</strong></span> <span class='ocrx_word' id='word_1_330' title='bbox 1469 2740 1654 2793; x_wconf 86' lang='lat' dir='ltr'><strong>Graca</strong></span> <span class='ocrx_word' id='word_1_331' title='bbox 1684 2737 1953 2792; x_wconf 83' lang='lat' dir='ltr'><strong>versione</strong></span> 
     </span>
    </p>
   </div>
   <div class='ocr_carea' id='block_1_28' title="bbox 285 2809 1950 2884">
    <p class='ocr_par' dir='ltr' id='par_1_28' title="bbox 285 2809 1950 2884">
     <span class='ocr_line' id='line_1_28' title="bbox 285 2809 1950 2884; baseline -0.007 -12"><span class='ocrx_word' id='word_1_332' title='bbox 285 2818 540 2884; x_wconf 79' lang='lat' dir='ltr'><strong>vocatur</strong></span> <span class='ocrx_word' id='word_1_333' title='bbox 589 2809 853 2884; x_wconf 69' lang='grc' dir='ltr'><strong>Περζφέ.)</strong></span> <span class='ocrx_word' id='word_1_334' title='bbox 882 2814 1098 2884; x_wconf 73' lang='lat' dir='ltr'><strong>expres</strong></span> <span class='ocrx_word' id='word_1_335' title='bbox 1143 2827 1284 2880; x_wconf 85' lang='lat' dir='ltr'><strong>pour</strong></span> <span class='ocrx_word' id='word_1_336' title='bbox 1324 2826 1650 2884; x_wconf 65' lang='lat' dir='ltr'><strong>reeouvrer</strong></span> <span class='ocrx_word' id='word_1_337' title='bbox 1681 2825 1741 2884; x_wconf 87' lang='lat' dir='ltr'><strong>_c_e</strong></span> <span class='ocrx_word' id='word_1_338' title='bbox 1789 2810 1950 2884; x_wconf 81' lang='lat' dir='ltr'><strong>livre,</strong></span> 
     </span>
    </p>
   </div>
   <div class='ocr_carea' id='block_1_29' title="bbox 293 2880 1954 2959">
    <p class='ocr_par' dir='ltr' id='par_1_29' title="bbox 293 2880 1954 2959">
     <span class='ocr_line' id='line_1_29' title="bbox 293 2880 1954 2959; baseline -0.004 -17"><span class='ocrx_word' id='word_1_339' title='bbox 293 2889 392 2959; x_wconf 77' lang='lat' dir='ltr'><strong>qui</strong></span> <span class='ocrx_word' id='word_1_340' title='bbox 425 2883 564 2940; x_wconf 75' lang='lat' dir='ltr'><strong>e&#39;tait</strong></span> <span class='ocrx_word' id='word_1_341' title='bbox 589 2880 770 2959; x_wconf 64' lang='lat' dir='ltr'><strong>garde</strong></span> <span class='ocrx_word' id='word_1_342' title='bbox 808 2880 1249 2959; x_wconf 68' lang='lat' dir='ltr'><strong>saigneusement</strong></span> <span class='ocrx_word' id='word_1_343' title='bbox 1297 2881 1434 2959; x_wconf 76' lang='lat' dir='ltr'><strong>dans</strong></span> <span class='ocrx_word' id='word_1_344' title='bbox 1469 2884 1522 2959; x_wconf 84' lang='lat' dir='ltr'><strong>la</strong></span> <span class='ocrx_word' id='word_1_345' title='bbox 1575 2880 1954 2959; x_wconf 65' lang='lat' dir='ltr'><strong>bz’bliotlteque</strong></span> 
     </span>
    </p>
   </div>
   <div class='ocr_carea' id='block_1_30' title="bbox 293 2952 1952 3025">
    <p class='ocr_par' dir='ltr' id='par_1_30' title="bbox 293 2952 1952 3025">
     <span class='ocr_line' id='line_1_30' title="bbox 293 2952 1952 3025; baseline -0.005 -12"><span class='ocrx_word' id='word_1_346' title='bbox 293 2952 386 3014; x_wconf 74' lang='lat' dir='ltr'><strong>des</strong></span> <span class='ocrx_word' id='word_1_347' title='bbox 437 2959 548 3011; x_wconf 85' lang='lat' dir='ltr'><strong>rois</strong></span> <span class='ocrx_word' id='word_1_348' title='bbox 593 2952 687 3009; x_wconf 82' lang='lat' dir='ltr'><strong>des</strong></span> <span class='ocrx_word' id='word_1_349' title='bbox 731 2954 988 3025; x_wconf 12' lang='lat' dir='ltr'><strong>Indes,ret</strong></span> <span class='ocrx_word' id='word_1_350' title='bbox 1029 2953 1242 3025; x_wconf 85' lang='lat' dir='ltr'><strong>l’ayant</strong></span> <span class='ocrx_word' id='word_1_351' title='bbox 1284 2958 1441 3008; x_wconf 84' lang='lat' dir='ltr'><strong>entre</strong></span> <span class='ocrx_word' id='word_1_352' title='bbox 1473 2954 1548 3025; x_wconf 75' lang='lat' dir='ltr'><strong>les</strong></span> <span class='ocrx_word' id='word_1_353' title='bbox 1587 2953 1792 3017; x_wconf 86' lang='lat' dir='ltr'><strong>mains,</strong></span> <span class='ocrx_word' id='word_1_354' title='bbox 1827 2952 1952 3006; x_wconf 88' lang='lat' dir='ltr'><strong>ille</strong></span> 
     </span>
    </p>
   </div>
   <div class='ocr_carea' id='block_1_31' title="bbox 303 3024 1954 3100">
    <p class='ocr_par' dir='ltr' id='par_1_31' title="bbox 303 3024 1954 3100">
     <span class='ocr_line' id='line_1_31' title="bbox 303 3024 1954 3100; baseline -0.004 -17"><span class='ocrx_word' id='word_1_355' title='bbox 303 3031 368 3100; x_wconf 82' lang='lat' dir='ltr'><strong>fit</strong></span> <span class='ocrx_word' id='word_1_356' title='bbox 397 3027 650 3100; x_wconf 83' lang='lat' dir='ltr'><strong>traduire</strong></span> <span class='ocrx_word' id='word_1_357' title='bbox 690 3025 755 3080; x_wconf 88' lang='lat' dir='ltr'><strong>de</strong></span> <span class='ocrx_word' id='word_1_358' title='bbox 787 3024 1024 3100; x_wconf 61' lang='grc' dir='ltr'><strong>ιξὶγιίίἰεηΔ</strong></span> <span class='ocrx_word' id='word_1_359' title='bbox 1061 3024 1144 3100; x_wconf 27' lang='grc' dir='ltr'><strong>ᾳη-</strong></span> <span class='ocrx_word' id='word_1_360' title='bbox 1173 3026 1376 3100; x_wconf 80' lang='lat' dir='ltr'><strong>langue</strong></span> <span class='ocrx_word' id='word_1_361' title='bbox 1413 3024 1826 3100; x_wconf 64' lang='lat' dir='ltr'><strong>peheleuienne,</strong></span> <span class='ocrx_word' id='word_1_362' title='bbox 1857 3027 1954 3093; x_wconf 88' lang='lat' dir='ltr'><strong>qui</strong></span> 
     </span>
    </p>
   </div>
   <div class='ocr_carea' id='block_1_32' title="bbox 309 3095 1952 3168">
    <p class='ocr_par' dir='ltr' id='par_1_32' title="bbox 309 3095 1952 3168">
     <span class='ocr_line' id='line_1_32' title="bbox 309 3095 1952 3168; baseline -0.004 -14"><span class='ocrx_word' id='word_1_363' title='bbox 309 3095 396 3154; x_wconf 79' lang='lat' dir='ltr'><strong>est</strong></span> <span class='ocrx_word' id='word_1_364' title='bbox 413 3098 635 3153; x_wconf 78' lang='lat' dir='ltr'><strong>l’ancien</strong></span> <span class='ocrx_word' id='word_1_365' title='bbox 665 3097 906 3168; x_wconf 78' lang='lat' dir='ltr'><strong>persica,</strong></span> <span class='ocrx_word' id='word_1_366' title='bbox 931 3105 980 3151; x_wconf 82' lang='lat' dir='ltr'><strong>et</strong></span> <span class='ocrx_word' id='word_1_367' title='bbox 1006 3097 1092 3150; x_wconf 85' lang='lat' dir='ltr'><strong>lui</strong></span> <span class='ocrx_word' id='word_1_368' title='bbox 1112 3097 1294 3150; x_wconf 86' lang='lat' dir='ltr'><strong>donna</strong></span> <span class='ocrx_word' id='word_1_369' title='bbox 1319 3097 1368 3150; x_wconf 87' lang='lat' dir='ltr'><strong>le</strong></span> <span class='ocrx_word' id='word_1_370' title='bbox 1386 3113 1512 3151; x_wconf 86' lang='lat' dir='ltr'><strong>nom</strong></span> <span class='ocrx_word' id='word_1_371' title='bbox 1532 3097 1598 3168; x_wconf 87' lang='lat' dir='ltr'><strong>de</strong></span> <span class='ocrx_word' id='word_1_372' title='bbox 1621 3096 1768 3168; x_wconf 87' lang='lat' dir='ltr'><strong>Hum</strong></span> <span class='ocrx_word' id='word_1_373' title='bbox 1779 3095 1907 3168; x_wconf 85' lang='lat' dir='ltr'><strong>aion</strong></span> <span class='ocrx_word' id='word_1_374' title='bbox 1917 3113 1952 3148; x_wconf 91' lang='lat' dir='ltr'><strong>n</strong></span> 
     </span>
    </p>
   </div>
   <div class='ocr_carea' id='block_1_33' title="bbox 311 3167 1949 3239">
    <p class='ocr_par' dir='ltr' id='par_1_33' title="bbox 311 3167 1949 3239">
     <span class='ocr_line' id='line_1_33' title="bbox 311 3167 1949 3239; baseline -0.004 -13"><span class='ocrx_word' id='word_1_375' title='bbox 311 3170 549 3227; x_wconf 88' lang='lat' dir='ltr'><strong>Nameh.</strong></span> <span class='ocrx_word' id='word_1_376' title='bbox 581 3167 923 3239; x_wconf 72' lang='lat' dir='ltr'><strong>Abeugia/‘ar</strong></span> <span class='ocrx_word' id='word_1_377' title='bbox 951 3169 1268 3238; x_wconf 87' lang='lat' dir='ltr'><strong>Almansor,</strong></span> <span class='ocrx_word' id='word_1_378' title='bbox 1298 3168 1490 3222; x_wconf 86' lang='lat' dir='ltr'><strong>second</strong></span> <span class='ocrx_word' id='word_1_379' title='bbox 1521 3167 1691 3238; x_wconf 73' lang='lat' dir='ltr'><strong>Icalife</strong></span> <span class='ocrx_word' id='word_1_380' title='bbox 1729 3167 1820 3221; x_wconf 65' lang='lat' dir='ltr'><strong>des</strong></span> <span class='ocrx_word' id='word_1_381' title='bbox 1845 3167 1949 3221; x_wconf 81' lang='lat' dir='ltr'><strong>Ab-</strong></span> 
     </span>
    </p>
   </div>
   <div class='ocr_carea' id='block_1_34' title="bbox 306 3239 1950 3309">
    <p class='ocr_par' dir='ltr' id='par_1_34' title="bbox 306 3239 1950 3309">
     <span class='ocr_line' id='line_1_34' title="bbox 306 3239 1950 3309; baseline -0.004 -11"><span class='ocrx_word' id='word_1_382' title='bbox 306 3242 565 3308; x_wconf 74' lang='lat' dir='ltr'><strong>bassides,</strong></span> <span class='ocrx_word' id='word_1_383' title='bbox 598 3241 649 3296; x_wconf 87' lang='lat' dir='ltr'><strong>le</strong></span> <span class='ocrx_word' id='word_1_384' title='bbox 679 3241 741 3308; x_wconf 79' lang='lat' dir='ltr'><strong>ﬁt</strong></span> <span class='ocrx_word' id='word_1_385' title='bbox 769 3240 983 3295; x_wconf 82' lang='lat' dir='ltr'><strong>ensuite</strong></span> <span class='ocrx_word' id='word_1_386' title='bbox 1005 3240 1253 3294; x_wconf 83' lang='lat' dir='ltr'><strong>traduire</strong></span> <span class='ocrx_word' id='word_1_387' title='bbox 1281 3239 1346 3292; x_wconf 85' lang='lat' dir='ltr'><strong>de</strong></span> <span class='ocrx_word' id='word_1_388' title='bbox 1375 3239 1615 3293; x_wconf 82' lang='lat' dir='ltr'><strong>l’ancien</strong></span> <span class='ocrx_word' id='word_1_389' title='bbox 1637 3241 1855 3309; x_wconf 83' lang='lat' dir='ltr'><strong>persien</strong></span> <span class='ocrx_word' id='word_1_390' title='bbox 1881 3255 1950 3292; x_wconf 85' lang='lat' dir='ltr'><strong>en</strong></span> 
     </span>
    </p>
   </div>
   <div class='ocr_carea' id='block_1_35' title="bbox 292 3311 1953 3384">
    <p class='ocr_par' dir='ltr' id='par_1_35' title="bbox 292 3311 1953 3384">
     <span class='ocr_line' id='line_1_35' title="bbox 292 3311 1953 3384; baseline -0.005 -12"><span class='ocrx_word' id='word_1_391' title='bbox 292 3316 467 3372; x_wconf 87' lang='lat' dir='ltr'><strong>arabe</strong></span> <span class='ocrx_word' id='word_1_392' title='bbox 493 3330 599 3384; x_wconf 68' lang='lat' dir='ltr'><strong>par</strong></span> <span class='ocrx_word' id='word_1_393' title='bbox 627 3312 839 3384; x_wconf 76' lang='lat' dir='ltr'><strong>l’imdm</strong></span> <span class='ocrx_word' id='word_1_394' title='bbox 869 3312 1212 3384; x_wconf 15' lang='lat' dir='ltr'><strong>Arbulhassan</strong></span> <span class='ocrx_word' id='word_1_395' title='bbox 1244 3311 1510 3384; x_wconf 83' lang='lat' dir='ltr'><strong>Abdal’ab</strong></span> <span class='ocrx_word' id='word_1_396' title='bbox 1561 3312 1659 3384; x_wconf 82' lang='lat' dir='ltr'><strong>ben</strong></span> <span class='ocrx_word' id='word_1_397' title='bbox 1692 3312 1953 3364; x_wconf 70' lang='lat' dir='ltr'><strong>Mocanna</strong></span> 
     </span>
    </p>
   </div>
   <div class='ocr_carea' id='block_1_36' title="bbox 290 3381 1952 3452">
    <p class='ocr_par' dir='ltr' id='par_1_36' title="bbox 290 3381 1952 3452">
     <span class='ocr_line' id='line_1_36' title="bbox 290 3381 1952 3452; baseline -0.005 -8"><span class='ocrx_word' id='word_1_398' title='bbox 290 3404 421 3444; x_wconf 83' lang='lat' dir='ltr'><strong>sous</strong></span> <span class='ocrx_word' id='word_1_399' title='bbox 451 3381 504 3440; x_wconf 76' lang='lat' dir='ltr'><strong>le</strong></span> <span class='ocrx_word' id='word_1_400' title='bbox 529 3387 659 3440; x_wconf 80' lang='lat' dir='ltr'><strong>titre</strong></span> <span class='ocrx_word' id='word_1_401' title='bbox 688 3384 754 3438; x_wconf 84' lang='lat' dir='ltr'><strong>de</strong></span> <span class='ocrx_word' id='word_1_402' title='bbox 783 3383 1004 3437; x_wconf 84' lang='lat' dir='ltr'><strong>Kaldah</strong></span> <span class='ocrx_word' id='word_1_403' title='bbox 1038 3390 1094 3437; x_wconf 86' lang='lat' dir='ltr'><strong>et</strong></span> <span class='ocrx_word' id='word_1_404' title='bbox 1143 3383 1426 3437; x_wconf 86' lang='lat' dir='ltr'><strong>Damuah.</strong></span> <span class='ocrx_word' id='word_1_405' title='bbox 1479 3381 1732 3452; x_wconf 79' lang='lat' dir='ltr'><strong>Quelque</strong></span> <span class='ocrx_word' id='word_1_406' title='bbox 1777 3387 1952 3449; x_wconf 83' lang='lat' dir='ltr'><strong>temps</strong></span> 
     </span>
    </p>
   </div>
   <div class='ocr_carea' id='block_1_37' title="bbox 293 3453 1951 3530">
    <p class='ocr_par' dir='ltr' id='par_1_37' title="bbox 293 3453 1951 3530">
     <span class='ocr_line' id='line_1_37' title="bbox 293 3453 1951 3530; baseline -0.005 -16"><span class='ocrx_word' id='word_1_407' title='bbox 293 3464 464 3530; x_wconf 78' lang='lat' dir='ltr'><strong>apres</strong></span> <span class='ocrx_word' id='word_1_408' title='bbox 496 3455 997 3530; x_wconf 29' lang='lat' dir='ltr'><strong>lesullanANasser</strong></span> <span class='ocrx_word' id='word_1_409' title='bbox 1027 3455 1123 3530; x_wconf 73' lang='lat' dir='ltr'><strong>ben</strong></span> <span class='ocrx_word' id='word_1_410' title='bbox 1156 3455 1359 3530; x_wconf 71' lang='lat' dir='ltr'><strong>Alimed</strong></span> <span class='ocrx_word' id='word_1_411' title='bbox 1386 3454 1558 3530; x_wconf 68' lang='lat' dir='ltr'><strong>deld</strong></span> <span class='ocrx_word' id='word_1_412' title='bbox 1583 3454 1834 3525; x_wconf 82' lang='lat' dir='ltr'><strong>dynastie</strong></span> <span class='ocrx_word' id='word_1_413' title='bbox 1863 3453 1951 3530; x_wconf 74' lang='lat' dir='ltr'><strong>des</strong></span> 
     </span>
    </p>
   </div>
   <div class='ocr_carea' id='block_1_38' title="bbox 293 3525 1952 3596">
    <p class='ocr_par' dir='ltr' id='par_1_38' title="bbox 293 3525 1952 3596">
     <span class='ocr_line' id='line_1_38' title="bbox 293 3525 1952 3596; baseline -0.005 -9"><span class='ocrx_word' id='word_1_414' title='bbox 293 3525 648 3595; x_wconf 53' lang='lat' dir='ltr'><strong>S&#39;amanides,</strong></span> <span class='ocrx_word' id='word_1_415' title='bbox 685 3525 738 3581; x_wconf 77' lang='lat' dir='ltr'><strong>le</strong></span> <span class='ocrx_word' id='word_1_416' title='bbox 765 3527 822 3596; x_wconf 79' lang='lat' dir='ltr'><strong>ﬁt</strong></span> <span class='ocrx_word' id='word_1_417' title='bbox 854 3541 1053 3580; x_wconf 84' lang='lat' dir='ltr'><strong>encore</strong></span> <span class='ocrx_word' id='word_1_418' title='bbox 1080 3526 1341 3580; x_wconf 84' lang='lat' dir='ltr'><strong>traduire</strong></span> <span class='ocrx_word' id='word_1_419' title='bbox 1362 3526 1428 3579; x_wconf 88' lang='lat' dir='ltr'><strong>de</strong></span> <span class='ocrx_word' id='word_1_420' title='bbox 1457 3527 1510 3580; x_wconf 83' lang='lat' dir='ltr'><strong>la</strong></span> <span class='ocrx_word' id='word_1_421' title='bbox 1542 3525 1742 3592; x_wconf 80' lang='lat' dir='ltr'><strong>langue</strong></span> <span class='ocrx_word' id='word_1_422' title='bbox 1766 3526 1952 3578; x_wconf 73' lang='lat' dir='ltr'><strong>arabi-</strong></span> 
     </span>
    </p>
   </div>
   <div class='ocr_carea' id='block_1_39' title="bbox 289 3597 1948 3675">
    <p class='ocr_par' dir='ltr' id='par_1_39' title="bbox 289 3597 1948 3675">
     <span class='ocr_line' id='line_1_39' title="bbox 289 3597 1948 3675; baseline -0.007 -17"><span class='ocrx_word' id='word_1_423' title='bbox 289 3618 396 3675; x_wconf 82' lang='lat' dir='ltr'><strong>que</strong></span> <span class='ocrx_word' id='word_1_424' title='bbox 423 3617 493 3655; x_wconf 87' lang='lat' dir='ltr'><strong>en</strong></span> <span class='ocrx_word' id='word_1_425' title='bbox 525 3601 742 3675; x_wconf 82' lang='lat' dir='ltr'><strong>persien</strong></span> <span class='ocrx_word' id='word_1_426' title='bbox 767 3599 898 3675; x_wconf 79' lang='lat' dir='ltr'><strong>plus</strong></span> <span class='ocrx_word' id='word_1_427' title='bbox 919 3599 1182 3675; x_wconf 83' lang='lat' dir='ltr'><strong>moderne</strong></span> <span class='ocrx_word' id='word_1_428' title='bbox 1211 3614 1315 3675; x_wconf 76' lang='lat' dir='ltr'><strong>par</strong></span> <span class='ocrx_word' id='word_1_429' title='bbox 1342 3614 1419 3651; x_wconf 80' lang='lat' dir='ltr'><strong>un</strong></span> <span class='ocrx_word' id='word_1_430' title='bbox 1437 3597 1665 3651; x_wconf 84' lang='lat' dir='ltr'><strong>docteur</strong></span> <span class='ocrx_word' id='word_1_431' title='bbox 1684 3600 1948 3675; x_wconf 65' lang='lat' dir='ltr'><strong>ineonuu.</strong></span> 
     </span>
    </p>
   </div>
   <div class='ocr_carea' id='block_1_40' title="bbox 289 3670 1949 3738">
    <p class='ocr_par' dir='ltr' id='par_1_40' title="bbox 289 3670 1949 3738">
     <span class='ocr_line' id='line_1_40' title="bbox 289 3670 1949 3738; baseline -0.005 -9"><span class='ocrx_word' id='word_1_432' title='bbox 289 3670 346 3730; x_wconf 69' lang='grc' dir='ltr'><strong>ἐι</strong></span> <span class='ocrx_word' id='word_1_433' title='bbox 375 3679 515 3728; x_wconf 80' lang='lat' dir='ltr'><strong>cette</strong></span> <span class='ocrx_word' id='word_1_434' title='bbox 546 3672 774 3726; x_wconf 86' lang='lat' dir='ltr'><strong>version</strong></span> <span class='ocrx_word' id='word_1_435' title='bbox 811 3672 898 3738; x_wconf 79' lang='lat' dir='ltr'><strong>[ut</strong></span> <span class='ocrx_word' id='word_1_436' title='bbox 929 3672 1061 3723; x_wconf 82' lang='lat' dir='ltr'><strong>mise</strong></span> <span class='ocrx_word' id='word_1_437' title='bbox 1092 3670 1324 3724; x_wconf 75' lang='lat' dir='ltr'><strong>aussildt</strong></span> <span class='ocrx_word' id='word_1_438' title='bbox 1353 3686 1419 3723; x_wconf 86' lang='lat' dir='ltr'><strong>en</strong></span> <span class='ocrx_word' id='word_1_439' title='bbox 1454 3686 1570 3722; x_wconf 81' lang='lat' dir='ltr'><strong>vers</strong></span> <span class='ocrx_word' id='word_1_440' title='bbox 1599 3686 1703 3738; x_wconf 84' lang='lat' dir='ltr'><strong>par</strong></span> <span class='ocrx_word' id='word_1_441' title='bbox 1733 3671 1782 3722; x_wconf 81' lang='lat' dir='ltr'><strong>te</strong></span> <span class='ocrx_word' id='word_1_442' title='bbox 1807 3671 1949 3721; x_wconf 72' lang='lat' dir='ltr'><strong>cete-</strong></span> 
     </span>
    </p>
   </div>
   <div class='ocr_carea' id='block_1_41' title="bbox 297 3741 1950 3815">
    <p class='ocr_par' dir='ltr' id='par_1_41' title="bbox 297 3741 1950 3815">
     <span class='ocr_line' id='line_1_41' title="bbox 297 3741 1950 3815; baseline -0.005 -15"><span class='ocrx_word' id='word_1_443' title='bbox 297 3747 392 3801; x_wconf 85' lang='lat' dir='ltr'><strong>bre</strong></span> <span class='ocrx_word' id='word_1_444' title='bbox 421 3747 577 3815; x_wconf 78' lang='lat' dir='ltr'><strong>poete</strong></span> <span class='ocrx_word' id='word_1_445' title='bbox 601 3744 822 3815; x_wconf 82' lang='lat' dir='ltr'><strong>persien</strong></span> <span class='ocrx_word' id='word_1_446' title='bbox 851 3745 1076 3815; x_wconf 64' lang='lat' dir='ltr'><strong>nomine</strong></span> <span class='ocrx_word' id='word_1_447' title='bbox 1109 3741 1395 3815; x_wconf 81' lang='lat' dir='ltr'><strong>Roudechi.</strong></span> <span class='ocrx_word' id='word_1_448' title='bbox 1428 3741 1702 3815; x_wconf 50' lang='lat' dir='ltr'><strong>Bri/raram</strong></span> <span class='ocrx_word' id='word_1_449' title='bbox 1730 3741 1950 3815; x_wconf 73' lang='lat' dir='ltr'><strong>schaez’h</strong></span> 
     </span>
    </p>
   </div>
   <div class='ocr_carea' id='block_1_42' title="bbox 300 3811 1946 3888">
    <p class='ocr_par' dir='ltr' id='par_1_42' title="bbox 300 3811 1946 3888">
     <span class='ocr_line' id='line_1_42' title="bbox 300 3811 1946 3888; baseline -0.007 -16"><span class='ocrx_word' id='word_1_450' title='bbox 300 3819 394 3888; x_wconf 82' lang='lat' dir='ltr'><strong>ﬁls</strong></span> <span class='ocrx_word' id='word_1_451' title='bbox 421 3811 490 3870; x_wconf 66' lang='lat' dir='ltr'><strong>de</strong></span> <span class='ocrx_word' id='word_1_452' title='bbox 521 3811 795 3888; x_wconf 71' lang='lat' dir='ltr'><strong>Massoud,</strong></span> <span class='ocrx_word' id='word_1_453' title='bbox 827 3813 1011 3868; x_wconf 81' lang='lat' dir='ltr'><strong>sultaa</strong></span> <span class='ocrx_word' id='word_1_454' title='bbox 1043 3813 1107 3888; x_wconf 82' lang='lat' dir='ltr'><strong>de</strong></span> <span class='ocrx_word' id='word_1_455' title='bbox 1138 3813 1192 3867; x_wconf 87' lang='lat' dir='ltr'><strong>la</strong></span> <span class='ocrx_word' id='word_1_456' title='bbox 1219 3812 1565 3888; x_wconf 58' lang='lat' dir='ltr'><strong>qynastiogle</strong></span> <span class='ocrx_word' id='word_1_457' title='bbox 1596 3811 1946 3888; x_wconf 33' lang='lat' dir='ltr'><strong>Ciminii-les,</strong></span> 
     </span>
    </p>
   </div>
   <div class='ocr_carea' id='block_1_43' title="bbox 293 3883 1951 3952">
    <p class='ocr_par' dir='ltr' id='par_1_43' title="bbox 293 3883 1951 3952">
     <span class='ocr_line' id='line_1_43' title="bbox 293 3883 1951 3952; baseline -0.005 -8"><span class='ocrx_word' id='word_1_458' title='bbox 293 3883 408 3944; x_wconf 74' lang='lat' dir='ltr'><strong>urm</strong></span> <span class='ocrx_word' id='word_1_459' title='bbox 441 3890 662 3942; x_wconf 78' lang='lat' dir='ltr'><strong>content</strong></span> <span class='ocrx_word' id='word_1_460' title='bbox 688 3885 755 3940; x_wconf 87' lang='lat' dir='ltr'><strong>de</strong></span> <span class='ocrx_word' id='word_1_461' title='bbox 783 3889 916 3938; x_wconf 84' lang='lat' dir='ltr'><strong>cette</strong></span> <span class='ocrx_word' id='word_1_462' title='bbox 947 3886 1181 3950; x_wconf 84' lang='lat' dir='ltr'><strong>version,</strong></span> <span class='ocrx_word' id='word_1_463' title='bbox 1213 3885 1274 3952; x_wconf 81' lang='lat' dir='ltr'><strong>ﬁt</strong></span> <span class='ocrx_word' id='word_1_464' title='bbox 1303 3883 1597 3937; x_wconf 81' lang='lat' dir='ltr'><strong>travailler</strong></span> <span class='ocrx_word' id='word_1_465' title='bbox 1625 3883 1951 3937; x_wconf 73' lang='lat' dir='ltr'><strong>Nasrallara</strong></span> 
     </span>
    </p>
   </div>
   <div class='ocr_carea' id='block_1_44' title="bbox 292 3955 1950 4026">
    <p class='ocr_par' dir='ltr' id='par_1_44' title="bbox 292 3955 1950 4026">
     <span class='ocr_line' id='line_1_44' title="bbox 292 3955 1950 4026; baseline -0.008 -10"><span class='ocrx_word' id='word_1_466' title='bbox 292 3957 690 4019; x_wconf 70' lang='lat' dir='ltr'><strong>Aboulmdala,</strong></span> <span class='ocrx_word' id='word_1_467' title='bbox 742 3957 792 4010; x_wconf 92' lang='lat' dir='ltr'><strong>le</strong></span> <span class='ocrx_word' id='word_1_468' title='bbox 819 3956 945 4024; x_wconf 86' lang='lat' dir='ltr'><strong>plus</strong></span> <span class='ocrx_word' id='word_1_469' title='bbox 991 3955 1246 4026; x_wconf 68' lang='lat' dir='ltr'><strong>eloquent</strong></span> <span class='ocrx_word' id='word_1_470' title='bbox 1279 3955 1492 4009; x_wconf 85' lang='lat' dir='ltr'><strong>homme</strong></span> <span class='ocrx_word' id='word_1_471' title='bbox 1520 3955 1585 4007; x_wconf 86' lang='lat' dir='ltr'><strong>de</strong></span> <span class='ocrx_word' id='word_1_472' title='bbox 1630 3971 1729 4008; x_wconf 87' lang='lat' dir='ltr'><strong>son</strong></span> <span class='ocrx_word' id='word_1_473' title='bbox 1761 3960 1950 4022; x_wconf 76' lang='lat' dir='ltr'><strong>lemps,</strong></span> 
     </span>
    </p>
   </div>
   <div class='ocr_carea' id='block_1_45' title="bbox 292 4026 1952 4097">
    <p class='ocr_par' dir='ltr' id='par_1_45' title="bbox 292 4026 1952 4097">
     <span class='ocr_line' id='line_1_45' title="bbox 292 4026 1952 4097; baseline -0.005 -10"><span class='ocrx_word' id='word_1_474' title='bbox 292 4049 397 4087; x_wconf 86' lang='lat' dir='ltr'><strong>sur</strong></span> <span class='ocrx_word' id='word_1_475' title='bbox 455 4031 508 4084; x_wconf 90' lang='lat' dir='ltr'><strong>le</strong></span> <span class='ocrx_word' id='word_1_476' title='bbox 562 4033 712 4084; x_wconf 65' lang='lat' dir='ltr'><strong>torale</strong></span> <span class='ocrx_word' id='word_1_477' title='bbox 770 4028 1034 4097; x_wconf 82' lang='lat' dir='ltr'><strong>arabique</strong></span> <span class='ocrx_word' id='word_1_478' title='bbox 1087 4029 1158 4082; x_wconf 81' lang='lat' dir='ltr'><strong>de</strong></span> <span class='ocrx_word' id='word_1_479' title='bbox 1203 4028 1489 4093; x_wconf 82' lang='lat' dir='ltr'><strong>Mocanna,</strong></span> <span class='ocrx_word' id='word_1_480' title='bbox 1531 4031 1580 4080; x_wconf 82' lang='lat' dir='ltr'><strong>et</strong></span> <span class='ocrx_word' id='word_1_481' title='bbox 1637 4026 1761 4080; x_wconf 82' lang='lat' dir='ltr'><strong>c’est</strong></span> <span class='ocrx_word' id='word_1_482' title='bbox 1816 4031 1952 4079; x_wconf 80' lang='lat' dir='ltr'><strong>cette</strong></span> 
     </span>
    </p>
   </div>
   <div class='ocr_carea' id='block_1_46' title="bbox 288 4097 1950 4171">
    <p class='ocr_par' dir='ltr' id='par_1_46' title="bbox 288 4097 1950 4171">
     <span class='ocr_line' id='line_1_46' title="bbox 288 4097 1950 4171; baseline -0.007 -11"><span class='ocrx_word' id='word_1_483' title='bbox 288 4105 516 4160; x_wconf 71' lang='grc' dir='ltr'><strong>νει-δὶοη</strong></span> <span class='ocrx_word' id='word_1_484' title='bbox 543 4101 983 4171; x_wconf 25' lang='lat' dir='ltr'><strong>persienue‘que</strong></span> <span class='ocrx_word' id='word_1_485' title='bbox 1022 4115 1162 4153; x_wconf 84' lang='lat' dir='ltr'><strong>nous</strong></span> <span class='ocrx_word' id='word_1_486' title='bbox 1194 4114 1366 4152; x_wconf 80' lang='lat' dir='ltr'><strong>avons</strong></span> <span class='ocrx_word' id='word_1_487' title='bbox 1407 4097 1776 4171; x_wconf 74' lang='lat' dir='ltr'><strong>auiourd’hui</strong></span> <span class='ocrx_word' id='word_1_488' title='bbox 1824 4112 1950 4150; x_wconf 87' lang='lat' dir='ltr'><strong>sous</strong></span> 
     </span>
    </p>
   </div>
   <div class='ocr_carea' id='block_1_47' title="bbox 291 4168 1955 4238">
    <p class='ocr_par' dir='ltr' id='par_1_47' title="bbox 291 4168 1955 4238">
     <span class='ocr_line' id='line_1_47' title="bbox 291 4168 1955 4238; baseline -0.007 -6"><span class='ocrx_word' id='word_1_489' title='bbox 291 4176 347 4232; x_wconf 80' lang='lat' dir='ltr'><strong>le</strong></span> <span class='ocrx_word' id='word_1_490' title='bbox 378 4175 513 4230; x_wconf 82' lang='lat' dir='ltr'><strong>titre</strong></span> <span class='ocrx_word' id='word_1_491' title='bbox 543 4168 623 4227; x_wconf 63' lang='grc' dir='ltr'><strong>ἀθ</strong></span> <span class='ocrx_word' id='word_1_492' title='bbox 653 4168 898 4226; x_wconf 61' lang='grc' dir='ltr'><strong>ΚαιίιαΙιζ</strong></span> <span class='ocrx_word' id='word_1_493' title='bbox 928 4187 989 4224; x_wconf 90' lang='lat' dir='ltr'><strong>ve</strong></span> <span class='ocrx_word' id='word_1_494' title='bbox 1036 4171 1341 4225; x_wconf 82' lang='lat' dir='ltr'><strong>Damnach.</strong></span> <span class='ocrx_word' id='word_1_495' title='bbox 1384 4170 1452 4225; x_wconf 87' lang='lat' dir='ltr'><strong>Ce</strong></span> <span class='ocrx_word' id='word_1_496' title='bbox 1500 4168 1638 4223; x_wconf 86' lang='lat' dir='ltr'><strong>livre</strong></span> <span class='ocrx_word' id='word_1_497' title='bbox 1685 4186 1721 4223; x_wconf 87' lang='lat' dir='ltr'><strong>a</strong></span> <span class='ocrx_word' id='word_1_498' title='bbox 1767 4171 1955 4238; x_wconf 77' lang='lat' dir='ltr'><strong>aequis</strong></span> 
     </span>
    </p>
   </div>
   <div class='ocr_carea' id='block_1_48' title="bbox 292 4241 1951 4313">
    <p class='ocr_par' dir='ltr' id='par_1_48' title="bbox 292 4241 1951 4313">
     <span class='ocr_line' id='line_1_48' title="bbox 292 4241 1951 4313; baseline -0.005 -12"><span class='ocrx_word' id='word_1_499' title='bbox 292 4263 407 4301; x_wconf 85' lang='lat' dir='ltr'><strong>une</strong></span> <span class='ocrx_word' id='word_1_500' title='bbox 433 4247 489 4301; x_wconf 77' lang='lat' dir='ltr'><strong>si</strong></span> <span class='ocrx_word' id='word_1_501' title='bbox 516 4242 725 4313; x_wconf 86' lang='lat' dir='ltr'><strong>grande</strong></span> <span class='ocrx_word' id='word_1_502' title='bbox 754 4241 947 4296; x_wconf 80' lang='lat' dir='ltr'><strong>estime</strong></span> <span class='ocrx_word' id='word_1_503' title='bbox 984 4241 1122 4296; x_wconf 85' lang='lat' dir='ltr'><strong>dans</strong></span> <span class='ocrx_word' id='word_1_504' title='bbox 1166 4241 1414 4303; x_wconf 82' lang='lat' dir='ltr'><strong>l’Orient,</strong></span> <span class='ocrx_word' id='word_1_505' title='bbox 1449 4258 1550 4312; x_wconf 88' lang='lat' dir='ltr'><strong>que</strong></span> <span class='ocrx_word' id='word_1_506' title='bbox 1597 4241 1733 4295; x_wconf 84' lang='lat' dir='ltr'><strong>dans</strong></span> <span class='ocrx_word' id='word_1_507' title='bbox 1767 4241 1825 4294; x_wconf 84' lang='lat' dir='ltr'><strong>la</strong></span> <span class='ocrx_word' id='word_1_508' title='bbox 1874 4241 1951 4309; x_wconf 85' lang='lat' dir='ltr'><strong>ﬁn</strong></span> 
     </span>
    </p>
   </div>
   <div class='ocr_carea' id='block_1_49' title="bbox 291 4313 1952 4382">
    <p class='ocr_par' dir='ltr' id='par_1_49' title="bbox 291 4313 1952 4382">
     <span class='ocr_line' id='line_1_49' title="bbox 291 4313 1952 4382; baseline -0.005 -9"><span class='ocrx_word' id='word_1_509' title='bbox 291 4319 370 4374; x_wconf 86' lang='lat' dir='ltr'><strong>du</strong></span> <span class='ocrx_word' id='word_1_510' title='bbox 408 4317 690 4372; x_wconf 73' lang='lat' dir='ltr'><strong>ueuvieme</strong></span> <span class='ocrx_word' id='word_1_511' title='bbox 735 4314 894 4382; x_wconf 67' lang='lat' dir='ltr'><strong>siecle</strong></span> <span class='ocrx_word' id='word_1_512' title='bbox 921 4313 988 4368; x_wconf 86' lang='lat' dir='ltr'><strong>de</strong></span> <span class='ocrx_word' id='word_1_513' title='bbox 1015 4314 1243 4380; x_wconf 79' lang='lat' dir='ltr'><strong>l’he’gire</strong></span> <span class='ocrx_word' id='word_1_514' title='bbox 1291 4313 1473 4368; x_wconf 78' lang='lat' dir='ltr'><strong>l’e’mir</strong></span> <span class='ocrx_word' id='word_1_515' title='bbox 1502 4313 1741 4377; x_wconf 83' lang='lat' dir='ltr'><strong>Sohaili,</strong></span> <span class='ocrx_word' id='word_1_516' title='bbox 1787 4314 1952 4379; x_wconf 75' lang='lat' dir='ltr'><strong>gene-</strong></span> 
     </span>
    </p>
   </div>
   <div class='ocr_carea' id='block_1_50' title="bbox 294 4383 1950 4448">
    <p class='ocr_par' dir='ltr' id='par_1_50' title="bbox 294 4383 1950 4448">
     <span class='ocr_line' id='line_1_50' title="bbox 294 4383 1950 4448; baseline -0.005 -4"><span class='ocrx_word' id='word_1_517' title='bbox 294 4390 586 4444; x_wconf 84' lang='lat' dir='ltr'><strong>ralissime</strong></span> <span class='ocrx_word' id='word_1_518' title='bbox 631 4389 720 4440; x_wconf 87' lang='lat' dir='ltr'><strong>des</strong></span> <span class='ocrx_word' id='word_1_519' title='bbox 749 4400 928 4440; x_wconf 85' lang='lat' dir='ltr'><strong>armes</strong></span> <span class='ocrx_word' id='word_1_520' title='bbox 957 4385 1021 4438; x_wconf 84' lang='lat' dir='ltr'><strong>de</strong></span> <span class='ocrx_word' id='word_1_521' title='bbox 1069 4386 1335 4438; x_wconf 77' lang='lat' dir='ltr'><strong>Houssain</strong></span> <span class='ocrx_word' id='word_1_522' title='bbox 1367 4385 1467 4438; x_wconf 84' lang='lat' dir='ltr'><strong>ben</strong></span> <span class='ocrx_word' id='word_1_523' title='bbox 1518 4390 1802 4448; x_wconf 81' lang='lat' dir='ltr'><strong>Mausour,</strong></span> <span class='ocrx_word' id='word_1_524' title='bbox 1853 4383 1950 4436; x_wconf 81' lang='lat' dir='ltr'><strong>ben</strong></span> 
     </span>
    </p>
   </div>
   <div class='ocr_carea' id='block_1_51' title="bbox 299 4456 1956 4525">
    <p class='ocr_par' dir='ltr' id='par_1_51' title="bbox 299 4456 1956 4525">
     <span class='ocr_line' id='line_1_51' title="bbox 299 4456 1956 4525; baseline -0.005 -9"><span class='ocrx_word' id='word_1_525' title='bbox 299 4459 583 4517; x_wconf 67' lang='lat' dir='ltr'><strong>Bait-urah</strong></span> <span class='ocrx_word' id='word_1_526' title='bbox 613 4474 683 4512; x_wconf 88' lang='lat' dir='ltr'><strong>ou</strong></span> <span class='ocrx_word' id='word_1_527' title='bbox 716 4459 942 4519; x_wconf 85' lang='lat' dir='ltr'><strong>Baicra,</strong></span> <span class='ocrx_word' id='word_1_528' title='bbox 984 4458 1170 4511; x_wconf 81' lang='lat' dir='ltr'><strong>sultan</strong></span> <span class='ocrx_word' id='word_1_529' title='bbox 1206 4456 1270 4510; x_wconf 85' lang='lat' dir='ltr'><strong>de</strong></span> <span class='ocrx_word' id='word_1_530' title='bbox 1298 4456 1642 4520; x_wconf 76' lang='lat' dir='ltr'><strong>Kliorassan,</strong></span> <span class='ocrx_word' id='word_1_531' title='bbox 1685 4456 1784 4525; x_wconf 87' lang='lat' dir='ltr'><strong>qui</strong></span> <span class='ocrx_word' id='word_1_532' title='bbox 1816 4456 1956 4508; x_wconf 75' lang='lat' dir='ltr'><strong>eia-it</strong></span> 
     </span>
    </p>
   </div>
   <div class='ocr_carea' id='block_1_52' title="bbox 297 4527 1954 4601">
    <p class='ocr_par' dir='ltr' id='par_1_52' title="bbox 297 4527 1954 4601">
     <span class='ocr_line' id='line_1_52' title="bbox 297 4527 1954 4601; baseline -0.005 -12"><span class='ocrx_word' id='word_1_533' title='bbox 297 4534 366 4589; x_wconf 81' lang='lat' dir='ltr'><strong>de</strong></span> <span class='ocrx_word' id='word_1_534' title='bbox 398 4534 453 4586; x_wconf 86' lang='lat' dir='ltr'><strong>la</strong></span> <span class='ocrx_word' id='word_1_535' title='bbox 483 4530 736 4601; x_wconf 70' lang='lat' dir='ltr'><strong>postérilé</strong></span> <span class='ocrx_word' id='word_1_536' title='bbox 763 4532 830 4582; x_wconf 88' lang='lat' dir='ltr'><strong>de</strong></span> <span class='ocrx_word' id='word_1_537' title='bbox 861 4528 1169 4601; x_wconf 75' lang='lat' dir='ltr'><strong>Tamerlau,</strong></span> <span class='ocrx_word' id='word_1_538' title='bbox 1201 4527 1471 4596; x_wconf 77' lang='lat' dir='ltr'><strong>entreprit</strong></span> <span class='ocrx_word' id='word_1_539' title='bbox 1495 4527 1618 4601; x_wconf 81' lang='lat' dir='ltr'><strong>d’en</strong></span> <span class='ocrx_word' id='word_1_540' title='bbox 1645 4529 1789 4595; x_wconf 84' lang='lat' dir='ltr'><strong>faire</strong></span> <span class='ocrx_word' id='word_1_541' title='bbox 1809 4527 1954 4601; x_wconf 77' lang='lat' dir='ltr'><strong>faire</strong></span> 
     </span>
    </p>
   </div>
   <div class='ocr_carea' id='block_1_53' title="bbox 294 4598 1951 4670">
    <p class='ocr_par' dir='ltr' id='par_1_53' title="bbox 294 4598 1951 4670">
     <span class='ocr_line' id='line_1_53' title="bbox 294 4598 1951 4670; baseline -0.005 -11"><span class='ocrx_word' id='word_1_542' title='bbox 294 4620 411 4660; x_wconf 84' lang='lat' dir='ltr'><strong>une</strong></span> <span class='ocrx_word' id='word_1_543' title='bbox 437 4598 690 4658; x_wconf 82' lang='lat' dir='ltr'><strong>nouvelle</strong></span> <span class='ocrx_word' id='word_1_544' title='bbox 735 4601 954 4655; x_wconf 86' lang='lat' dir='ltr'><strong>version</strong></span> <span class='ocrx_word' id='word_1_545' title='bbox 986 4602 1075 4670; x_wconf 77' lang='lat' dir='ltr'><strong>(en</strong></span> <span class='ocrx_word' id='word_1_546' title='bbox 1111 4599 1325 4670; x_wconf 81' lang='lat' dir='ltr'><strong>langue</strong></span> <span class='ocrx_word' id='word_1_547' title='bbox 1357 4599 1634 4668; x_wconf 88' lang='lat' dir='ltr'><strong>arabique</strong></span> <span class='ocrx_word' id='word_1_548' title='bbox 1667 4617 1770 4652; x_wconf 89' lang='lat' dir='ltr'><strong>sur</strong></span> <span class='ocrx_word' id='word_1_549' title='bbox 1810 4598 1951 4650; x_wconf 90' lang='lat' dir='ltr'><strong>l’an-</strong></span> 
     </span>
    </p>
   </div>
   <div class='ocr_carea' id='block_1_54' title="bbox 296 4669 1954 4741">
    <p class='ocr_par' dir='ltr' id='par_1_54' title="bbox 296 4669 1954 4741">
     <span class='ocr_line' id='line_1_54' title="bbox 296 4669 1954 4741; baseline -0.006 -9"><span class='ocrx_word' id='word_1_550' title='bbox 296 4678 430 4733; x_wconf 86' lang='lat' dir='ltr'><strong>cien</strong></span> <span class='ocrx_word' id='word_1_551' title='bbox 485 4680 634 4728; x_wconf 85' lang='lat' dir='ltr'><strong>texte</strong></span> <span class='ocrx_word' id='word_1_552' title='bbox 689 4671 962 4741; x_wconf 85' lang='lat' dir='ltr'><strong>persien,)</strong></span> <span class='ocrx_word' id='word_1_553' title='bbox 996 4669 1109 4739; x_wconf 82' lang='lat' dir='ltr'><strong>par</strong></span> <span class='ocrx_word' id='word_1_554' title='bbox 1157 4672 1205 4725; x_wconf 92' lang='lat' dir='ltr'><strong>le</strong></span> <span class='ocrx_word' id='word_1_555' title='bbox 1249 4669 1468 4724; x_wconf 85' lang='lat' dir='ltr'><strong>docteur</strong></span> <span class='ocrx_word' id='word_1_556' title='bbox 1515 4672 1763 4724; x_wconf 83' lang='lat' dir='ltr'><strong>Hussain</strong></span> <span class='ocrx_word' id='word_1_557' title='bbox 1821 4670 1954 4724; x_wconf 74' lang='lat' dir='ltr'><strong>Vaez.</strong></span> 
     </span>
    </p>
   </div>
   <div class='ocr_carea' id='block_1_55' title="bbox 299 4743 1949 4812">
    <p class='ocr_par' dir='ltr' id='par_1_55' title="bbox 299 4743 1949 4812">
     <span class='ocr_line' id='line_1_55' title="bbox 299 4743 1949 4812; baseline -0.005 -10"><span class='ocrx_word' id='word_1_558' title='bbox 299 4749 382 4803; x_wconf 85' lang='lat' dir='ltr'><strong>dit</strong></span> <span class='ocrx_word' id='word_1_559' title='bbox 408 4750 466 4800; x_wconf 88' lang='lat' dir='ltr'><strong>al</strong></span> <span class='ocrx_word' id='word_1_560' title='bbox 491 4743 756 4812; x_wconf 83' lang='lat' dir='ltr'><strong>Kascheﬁ,</strong></span> <span class='ocrx_word' id='word_1_561' title='bbox 791 4743 1032 4812; x_wconf 85' lang='lat' dir='ltr'><strong>laquelle</strong></span> <span class='ocrx_word' id='word_1_562' title='bbox 1073 4758 1330 4812; x_wconf 87' lang='lat' dir='ltr'><strong>surpasse</strong></span> <span class='ocrx_word' id='word_1_563' title='bbox 1365 4749 1535 4795; x_wconf 82' lang='lat' dir='ltr'><strong>toutes</strong></span> <span class='ocrx_word' id='word_1_564' title='bbox 1561 4743 1636 4796; x_wconf 88' lang='lat' dir='ltr'><strong>les</strong></span> <span class='ocrx_word' id='word_1_565' title='bbox 1666 4747 1852 4795; x_wconf 77' lang='lat' dir='ltr'><strong>a-utres</strong></span> <span class='ocrx_word' id='word_1_566' title='bbox 1883 4759 1949 4793; x_wconf 65' lang='lat' dir='ltr'><strong>eu</strong></span> 
     </span>
    </p>
   </div>
   <div class='ocr_carea' id='block_1_56' title="bbox 298 4812 1954 4887">
    <p class='ocr_par' dir='ltr' id='par_1_56' title="bbox 298 4812 1954 4887">
     <span class='ocr_line' id='line_1_56' title="bbox 298 4812 1954 4887; baseline -0.007 -12"><span class='ocrx_word' id='word_1_567' title='bbox 298 4821 562 4887; x_wconf 70' lang='lat' dir='ltr'><strong>e’lt‘gance</strong></span> <span class='ocrx_word' id='word_1_568' title='bbox 591 4826 642 4870; x_wconf 79' lang='lat' dir='ltr'><strong>et</strong></span> <span class='ocrx_word' id='word_1_569' title='bbox 680 4831 748 4869; x_wconf 89' lang='lat' dir='ltr'><strong>e-n</strong></span> <span class='ocrx_word' id='word_1_570' title='bbox 797 4817 991 4887; x_wconf 70' lang='lat' dir='ltr'><strong>clarte.</strong></span> <span class='ocrx_word' id='word_1_571' title='bbox 1029 4815 1188 4887; x_wconf 28' lang='lat' dir='ltr'><strong>‘Qette</strong></span> <span class='ocrx_word' id='word_1_572' title='bbox 1233 4814 1489 4887; x_wconf 82' lang='lat' dir='ltr'><strong>nauvelle</strong></span> <span class='ocrx_word' id='word_1_573' title='bbox 1535 4812 1747 4866; x_wconf 71' lang='lat' dir='ltr'><strong>vers-imi</strong></span> <span class='ocrx_word' id='word_1_574' title='bbox 1772 4817 1954 4887; x_wconf 67' lang='lat' dir='ltr'><strong>parte</strong></span> 
     </span>
    </p>
   </div>
   <div class='ocr_carea' id='block_1_57' title="bbox 295 4883 1953 4950">
    <p class='ocr_par' dir='ltr' id='par_1_57' title="bbox 295 4883 1953 4950">
     <span class='ocr_line' id='line_1_57' title="bbox 295 4883 1953 4950; baseline -0.006 -5"><span class='ocrx_word' id='word_1_575' title='bbox 295 4893 348 4948; x_wconf 86' lang='lat' dir='ltr'><strong>le</strong></span> <span class='ocrx_word' id='word_1_576' title='bbox 387 4883 520 4944; x_wconf 62' lang='lat' dir='ltr'><strong>hom</strong></span> <span class='ocrx_word' id='word_1_577' title='bbox 567 4887 822 4940; x_wconf 87' lang='lat' dir='ltr'><strong>d’Anvar</strong></span> <span class='ocrx_word' id='word_1_578' title='bbox 866 4884 1106 4950; x_wconf 88' lang='lat' dir='ltr'><strong>Sohaili,</strong></span> <span class='ocrx_word' id='word_1_579' title='bbox 1157 4887 1231 4939; x_wconf 86' lang='lat' dir='ltr'><strong>les</strong></span> <span class='ocrx_word' id='word_1_580' title='bbox 1260 4886 1600 4944; x_wconf 80' lang='lat' dir='ltr'><strong>splendeurs,</strong></span> <span class='ocrx_word' id='word_1_581' title='bbox 1642 4900 1713 4938; x_wconf 83' lang='lat' dir='ltr'><strong>ou</strong></span> <span class='ocrx_word' id='word_1_582' title='bbox 1765 4883 1842 4936; x_wconf 79' lang='lat' dir='ltr'><strong>les</strong></span> <span class='ocrx_word' id='word_1_583' title='bbox 1871 4885 1953 4936; x_wconf 87' lang='lat' dir='ltr'><strong>lu-</strong></span> 
     </span>
    </p>
   </div>
   <div class='ocr_carea' id='block_1_58' title="bbox 293 4953 1951 5025">
    <p class='ocr_par' dir='ltr' id='par_1_58' title="bbox 293 4953 1951 5025">
     <span class='ocr_line' id='line_1_58' title="bbox 293 4953 1951 5025; baseline -0.006 -8"><span class='ocrx_word' id='word_1_584' title='bbox 293 4965 500 5017; x_wconf 77' lang='lat' dir='ltr'><strong>miéres</strong></span> <span class='ocrx_word' id='word_1_585' title='bbox 531 4959 596 5014; x_wconf 85' lang='lat' dir='ltr'><strong>de</strong></span> <span class='ocrx_word' id='word_1_586' title='bbox 643 4958 912 5024; x_wconf 84' lang='lat' dir='ltr'><strong>Canopus,</strong></span> <span class='ocrx_word' id='word_1_587' title='bbox 945 4958 979 5010; x_wconf 82' lang='grc' dir='ltr'><strong><em>ἁ</em></strong></span> <span class='ocrx_word' id='word_1_588' title='bbox 1003 4973 1168 5010; x_wconf 84' lang='lat' dir='ltr'><strong>cause</strong></span> <span class='ocrx_word' id='word_1_589' title='bbox 1209 4956 1407 5025; x_wconf 89' lang='lat' dir='ltr'><strong>qu’elle</strong></span> <span class='ocrx_word' id='word_1_590' title='bbox 1436 4959 1523 5022; x_wconf 80' lang='lat' dir='ltr'><strong>fut</strong></span> <span class='ocrx_word' id='word_1_591' title='bbox 1564 4957 1700 5025; x_wconf 70' lang='lat' dir='ltr'><strong>[nite</strong></span> <span class='ocrx_word' id='word_1_592' title='bbox 1746 4957 1780 5008; x_wconf 84' lang='grc' dir='ltr'><em>ὰ</em></span> <span class='ocrx_word' id='word_1_593' title='bbox 1823 4953 1951 5007; x_wconf 86' lang='lat' dir='ltr'><strong>l’in-</strong></span> 
     </span>
    </p>
   </div>
   <div class='ocr_carea' id='block_1_59' title="bbox 291 5027 1948 5098">
    <p class='ocr_par' dir='ltr' id='par_1_59' title="bbox 291 5027 1948 5098">
     <span class='ocr_line' id='line_1_59' title="bbox 291 5027 1948 5098; baseline -0.006 -8"><span class='ocrx_word' id='word_1_594' title='bbox 291 5045 486 5090; x_wconf 81' lang='lat' dir='ltr'><strong>stance</strong></span> <span class='ocrx_word' id='word_1_595' title='bbox 533 5030 600 5086; x_wconf 87' lang='lat' dir='ltr'><strong>de</strong></span> <span class='ocrx_word' id='word_1_596' title='bbox 647 5029 844 5084; x_wconf 79' lang='lat' dir='ltr'><strong>l’emir.</strong></span> <span class='ocrx_word' id='word_1_597' title='bbox 897 5027 994 5098; x_wconf 86' lang='lat' dir='ltr'><strong>qui</strong></span> <span class='ocrx_word' id='word_1_598' title='bbox 1035 5028 1240 5094; x_wconf 83' lang='lat' dir='ltr'><strong>portait</strong></span> <span class='ocrx_word' id='word_1_599' title='bbox 1279 5029 1330 5080; x_wconf 89' lang='lat' dir='ltr'><strong>le</strong></span> <span class='ocrx_word' id='word_1_600' title='bbox 1373 5043 1498 5081; x_wconf 82' lang='lat' dir='ltr'><strong>nom</strong></span> <span class='ocrx_word' id='word_1_601' title='bbox 1529 5027 1594 5080; x_wconf 90' lang='lat' dir='ltr'><strong>de</strong></span> <span class='ocrx_word' id='word_1_602' title='bbox 1630 5031 1765 5080; x_wconf 79' lang='lat' dir='ltr'><strong>cette</strong></span> <span class='ocrx_word' id='word_1_603' title='bbox 1795 5041 1948 5081; x_wconf 82' lang='lat' dir='ltr'><strong>cons-</strong></span> 
     </span>
    </p>
   </div>
   <div class='ocr_carea' id='block_1_60' title="bbox 293 5098 1950 5168">
    <p class='ocr_par' dir='ltr' id='par_1_60' title="bbox 293 5098 1950 5168">
     <span class='ocr_line' id='line_1_60' title="bbox 293 5098 1950 5168; baseline -0.008 -6"><span class='ocrx_word' id='word_1_604' title='bbox 293 5107 557 5162; x_wconf 81' lang='lat' dir='ltr'><strong>tellation</strong></span> <span class='ocrx_word' id='word_1_605' title='bbox 585 5119 606 5163; x_wconf 86' lang='grc'>,·</span> <span class='ocrx_word' id='word_1_606' title='bbox 636 5110 690 5156; x_wconf 81' lang='lat' dir='ltr'><strong>et</strong></span> <span class='ocrx_word' id='word_1_607' title='bbox 737 5117 771 5154; x_wconf 82' lang='grc' dir='ltr'><em>α</em></span> <span class='ocrx_word' id='word_1_608' title='bbox 800 5099 889 5155; x_wconf 67' lang='lat' dir='ltr'><strong>exe</strong></span> <span class='ocrx_word' id='word_1_609' title='bbox 916 5098 1160 5154; x_wconf 82' lang='lat' dir='ltr'><strong>traduite</strong></span> <span class='ocrx_word' id='word_1_610' title='bbox 1189 5116 1256 5153; x_wconf 89' lang='lat' dir='ltr'><strong>en</strong></span> <span class='ocrx_word' id='word_1_611' title='bbox 1289 5100 1487 5168; x_wconf 84' lang='lat' dir='ltr'><strong>langue</strong></span> <span class='ocrx_word' id='word_1_612' title='bbox 1530 5108 1857 5168; x_wconf 78' lang='lat' dir='ltr'><strong>turquesqzte</strong></span> <span class='ocrx_word' id='word_1_613' title='bbox 1885 5114 1950 5150; x_wconf 86' lang='lat' dir='ltr'><strong>en</strong></span> 
     </span>
    </p>
   </div>
   <div class='ocr_carea' id='block_1_61' title="bbox 295 5169 1952 5250">
    <p class='ocr_par' dir='ltr' id='par_1_61' title="bbox 295 5169 1952 5250">
     <span class='ocr_line' id='line_1_61' title="bbox 295 5169 1952 5250; baseline -0.007 -17"><span class='ocrx_word' id='word_1_614' title='bbox 295 5192 466 5250; x_wconf 78' lang='lat' dir='ltr'><strong>prose</strong></span> <span class='ocrx_word' id='word_1_615' title='bbox 506 5183 558 5230; x_wconf 82' lang='lat' dir='ltr'><strong>et</strong></span> <span class='ocrx_word' id='word_1_616' title='bbox 603 5187 761 5250; x_wconf 65' lang='lat' dir='ltr'><strong>vers._</strong></span> <span class='ocrx_word' id='word_1_617' title='bbox 808 5169 1020 5226; x_wconf 85' lang='lat' dir='ltr'><strong>Gemali</strong></span> <span class='ocrx_word' id='word_1_618' title='bbox 1184 5173 1318 5250; x_wconf 63' lang='lat' dir='ltr'><strong>raise</strong></span> <span class='ocrx_word' id='word_1_619' title='bbox 1363 5187 1431 5224; x_wconf 89' lang='lat' dir='ltr'><strong>en</strong></span> <span class='ocrx_word' id='word_1_620' title='bbox 1486 5186 1605 5250; x_wconf 72' lang='lat' dir='ltr'><strong>vers</strong></span> <span class='ocrx_word' id='word_1_621' title='bbox 1652 5185 1791 5250; x_wconf 69' lang='lat' dir='ltr'><strong>pour</strong></span> <span class='ocrx_word' id='word_1_622' title='bbox 1843 5173 1952 5222; x_wconf 83' lang='lat' dir='ltr'><strong>Ba—</strong></span> 
     </span>
    </p>
   </div>
   <div class='ocr_carea' id='block_1_62' title="bbox 285 5241 1952 5322">
    <p class='ocr_par' dir='ltr' id='par_1_62' title="bbox 285 5241 1952 5322">
     <span class='ocr_line' id='line_1_62' title="bbox 285 5241 1952 5322; baseline -0.006 -18"><span class='ocrx_word' id='word_1_623' title='bbox 285 5241 482 5322; x_wconf 65' lang='lat' dir='ltr'><strong>]azelh</strong></span> <span class='ocrx_word' id='word_1_624' title='bbox 501 5242 802 5322; x_wconf 41' lang='lat' dir='ltr'><strong>secondAdAu</strong></span> <span class='ocrx_word' id='word_1_625' title='bbox 828 5258 956 5322; x_wconf 70' lang='lat' dir='ltr'><strong>nom</strong></span> <span class='ocrx_word' id='word_1_626' title='bbox 983 5242 1355 5322; x_wconf 24' lang='lat' dir='ltr'><strong>Julian-idenm.</strong></span> <span class='ocrx_word' id='word_1_627' title='bbox 1376 5257 1502 5295; x_wconf 88' lang='lat' dir='ltr'><strong>race</strong></span> <span class='ocrx_word' id='word_1_628' title='bbox 1529 5241 1620 5295; x_wconf 83' lang='lat' dir='ltr'><strong>des</strong></span> <span class='ocrx_word' id='word_1_629' title='bbox 1651 5241 1952 5322; x_wconf 79' lang='lat' dir='ltr'><strong>Ottomans.</strong></span> 
     </span>
    </p>
   </div>
   <div class='ocr_carea' id='block_1_63' title="bbox 300 5312 1953 5388">
    <p class='ocr_par' dir='ltr' id='par_1_63' title="bbox 300 5312 1953 5388">
     <span class='ocr_line' id='line_1_63' title="bbox 300 5312 1953 5388; baseline -0.008 -10"><span class='ocrx_word' id='word_1_630' title='bbox 300 5312 470 5378; x_wconf 80' lang='lat' dir='ltr'><strong>Idem</strong></span> <span class='ocrx_word' id='word_1_631' title='bbox 505 5333 639 5388; x_wconf 85' lang='lat' dir='ltr'><strong>pag.</strong></span> <span class='ocrx_word' id='word_1_632' title='bbox 673 5314 822 5369; x_wconf 85' lang='lat'>399:</span> <span class='ocrx_word' id='word_1_633' title='bbox 859 5312 1132 5388; x_wconf 69' lang='lat' dir='ltr'><strong>Giavidaa</strong></span> <span class='ocrx_word' id='word_1_634' title='bbox 1156 5313 1310 5388; x_wconf 73' lang='lat' dir='ltr'><strong>Kird,</strong></span> <span class='ocrx_word' id='word_1_635' title='bbox 1343 5313 1398 5367; x_wconf 91' lang='lat' dir='ltr'><strong>la</strong></span> <span class='ocrx_word' id='word_1_636' title='bbox 1437 5329 1675 5388; x_wconf 70' lang='lat' dir='ltr'><strong>saeesse</strong></span> <span class='ocrx_word' id='word_1_637' title='bbox 1722 5312 1791 5388; x_wconf 79' lang='lat' dir='ltr'><strong>de</strong></span> <span class='ocrx_word' id='word_1_638' title='bbox 1823 5318 1953 5365; x_wconf 86' lang='lat' dir='ltr'><strong>tous</strong></span> 
     </span>
    </p>
   </div>
   <div class='ocr_carea' id='block_1_64' title="bbox 297 5383 1954 5458">
    <p class='ocr_par' dir='ltr' id='par_1_64' title="bbox 297 5383 1954 5458">
     <span class='ocr_line' id='line_1_64' title="bbox 297 5383 1954 5458; baseline -0.008 -11"><span class='ocrx_word' id='word_1_639' title='bbox 297 5393 381 5449; x_wconf 73' lang='lat' dir='ltr'><strong>les</strong></span> <span class='ocrx_word' id='word_1_640' title='bbox 417 5383 535 5444; x_wconf 80' lang='lat' dir='ltr'><strong>tem</strong></span> <span class='ocrx_word' id='word_1_641' title='bbox 548 5383 632 5458; x_wconf 79' lang='lat' dir='ltr'><strong>ps.</strong></span> <span class='ocrx_word' id='word_1_642' title='bbox 665 5390 791 5458; x_wconf 79' lang='lat' dir='ltr'><strong>c’est</strong></span> <span class='ocrx_word' id='word_1_643' title='bbox 821 5402 897 5458; x_wconf 79' lang='lat' dir='ltr'><strong>un</strong></span> <span class='ocrx_word' id='word_1_644' title='bbox 930 5385 1071 5439; x_wconf 82' lang='lat' dir='ltr'><strong>livre</strong></span> <span class='ocrx_word' id='word_1_645' title='bbox 1100 5385 1163 5438; x_wconf 85' lang='lat' dir='ltr'><strong>de</strong></span> <span class='ocrx_word' id='word_1_646' title='bbox 1192 5385 1534 5452; x_wconf 82' lang='lat' dir='ltr'><strong>philosophie</strong></span> <span class='ocrx_word' id='word_1_647' title='bbox 1559 5383 1787 5458; x_wconf 80' lang='lat' dir='ltr'><strong>morale,</strong></span> <span class='ocrx_word' id='word_1_648' title='bbox 1810 5398 1954 5458; x_wconf 30' lang='lat' dir='ltr'><strong>come</strong></span> 
     </span>
    </p>
   </div>
   <div class='ocr_carea' id='block_1_65' title="bbox 294 5455 1957 5535">
    <p class='ocr_par' dir='ltr' id='par_1_65' title="bbox 294 5455 1957 5535">
     <span class='ocr_line' id='line_1_65' title="bbox 294 5455 1957 5535; baseline -0.007 -16"><span class='ocrx_word' id='word_1_649' title='bbox 294 5466 428 5535; x_wconf 63' lang='lat' dir='ltr'><strong>post!</strong></span> <span class='ocrx_word' id='word_1_650' title='bbox 454 5462 529 5516; x_wconf 80' lang='lat' dir='ltr'><strong>de</strong></span> <span class='ocrx_word' id='word_1_651' title='bbox 549 5455 874 5535; x_wconf 45' lang='lat' dir='ltr'><strong>&#39;Husehenk,</strong></span> <span class='ocrx_word' id='word_1_652' title='bbox 905 5459 1122 5535; x_wconf 61' lang='grc' dir='ltr'><strong>Δαρἰεἱιξῃ</strong></span> <span class='ocrx_word' id='word_1_653' title='bbox 1153 5471 1250 5525; x_wconf 81' lang='lat' dir='ltr'><strong>roy</strong></span> <span class='ocrx_word' id='word_1_654' title='bbox 1279 5459 1345 5510; x_wconf 85' lang='lat' dir='ltr'><strong>de</strong></span> <span class='ocrx_word' id='word_1_655' title='bbox 1377 5461 1561 5535; x_wconf 74' lang='lat' dir='ltr'><strong>Perse,</strong></span> <span class='ocrx_word' id='word_1_656' title='bbox 1596 5457 1771 5535; x_wconf 50' lang='lat' dir='ltr'><strong>[liquet</strong></span> <span class='ocrx_word' id='word_1_657' title='bbox 1811 5471 1843 5507; x_wconf 82' lang='grc' dir='ltr'>α</span> <span class='ocrx_word' id='word_1_658' title='bbox 1873 5455 1957 5508; x_wconf 64' lang='lat' dir='ltr'><strong>ere</strong></span> 
     </span>
    </p>
   </div>
   <div class='ocr_carea' id='block_1_66' title="bbox 295 5525 1954 5602">
    <p class='ocr_par' dir='ltr' id='par_1_66' title="bbox 295 5525 1954 5602">
     <span class='ocr_line' id='line_1_66' title="bbox 295 5525 1954 5602; baseline -0.008 -11"><span class='ocrx_word' id='word_1_659' title='bbox 295 5525 514 5592; x_wconf 61' lang='lat' dir='ltr'><strong>tradat!)</strong></span> <span class='ocrx_word' id='word_1_660' title='bbox 563 5532 840 5602; x_wconf 82' lang='lat' dir='ltr'><strong>plusieurs</strong></span> <span class='ocrx_word' id='word_1_661' title='bbox 873 5525 1018 5602; x_wconf 73' lang='lat' dir='ltr'><strong>fois,</strong></span> <span class='ocrx_word' id='word_1_662' title='bbox 1072 5533 1123 5582; x_wconf 86' lang='lat' dir='ltr'><strong>et</strong></span> <span class='ocrx_word' id='word_1_663' title='bbox 1151 5544 1218 5582; x_wconf 82' lang='lat' dir='ltr'><strong>en</strong></span> <span class='ocrx_word' id='word_1_664' title='bbox 1274 5530 1550 5602; x_wconf 68' lang='lat' dir='ltr'><strong>ptusieurs</strong></span> <span class='ocrx_word' id='word_1_665' title='bbox 1600 5528 1831 5602; x_wconf 80' lang='lat' dir='ltr'><strong>langues</strong></span> <span class='ocrx_word' id='word_1_666' title='bbox 1887 5556 1954 5565; x_wconf 95' lang='lat'><strong>—</strong></span> 
     </span>
    </p>
   </div>
   <div class='ocr_carea' id='block_1_67' title="bbox 298 5598 1956 5674">
    <p class='ocr_par' dir='ltr' id='par_1_67' title="bbox 298 5598 1956 5674">
     <span class='ocr_line' id='line_1_67' title="bbox 298 5598 1956 5674; baseline -0.008 -12"><span class='ocrx_word' id='word_1_667' title='bbox 298 5609 416 5666; x_wconf 86' lang='lat' dir='ltr'><strong>Une</strong></span> <span class='ocrx_word' id='word_1_668' title='bbox 447 5598 632 5674; x_wconf 73' lang='lat' dir='ltr'><strong>pariie</strong></span> <span class='ocrx_word' id='word_1_669' title='bbox 665 5601 831 5674; x_wconf 20' lang='lat' dir='ltr'><strong>deﬁce</strong></span> <span class='ocrx_word' id='word_1_670' title='bbox 866 5598 1008 5674; x_wconf 79' lang='lat' dir='ltr'><strong>livre</strong></span> <span class='ocrx_word' id='word_1_671' title='bbox 1035 5615 1070 5653; x_wconf 82' lang='grc' dir='ltr'>α</span> <span class='ocrx_word' id='word_1_672' title='bbox 1097 5599 1458 5674; x_wconf 73' lang='lat' dir='ltr'><strong>etdtraduite</strong></span> <span class='ocrx_word' id='word_1_673' title='bbox 1485 5614 1551 5652; x_wconf 87' lang='lat' dir='ltr'><strong>en</strong></span> <span class='ocrx_word' id='word_1_674' title='bbox 1583 5599 1956 5674; x_wconf 22' lang='lat' dir='ltr'><strong>[maeois’par</strong></span> 
     </span>
    </p>
   </div>
   <div class='ocr_carea' id='block_1_68' title="bbox 294 5668 1950 5739">
    <p class='ocr_par' dir='ltr' id='par_1_68' title="bbox 294 5668 1950 5739">
     <span class='ocr_line' id='line_1_68' title="bbox 294 5668 1950 5739; baseline -0.008 -4"><span class='ocrx_word' id='word_1_675' title='bbox 294 5668 476 5735; x_wconf 70' lang='lat' dir='ltr'><strong>David</strong></span> <span class='ocrx_word' id='word_1_676' title='bbox 541 5673 674 5730; x_wconf 83' lang='lat' dir='ltr'><strong>Said</strong></span> <span class='ocrx_word' id='word_1_677' title='bbox 723 5671 1010 5739; x_wconf 84' lang='lat' dir='ltr'><strong>d’lspahan</strong></span> <span class='ocrx_word' id='word_1_678' title='bbox 1059 5676 1108 5725; x_wconf 84' lang='lat' dir='ltr'><strong>el</strong></span> <span class='ocrx_word' id='word_1_679' title='bbox 1174 5672 1436 5734; x_wconf 74' lang='lat' dir='ltr'><strong>imprime</strong></span> <span class='ocrx_word' id='word_1_680' title='bbox 1479 5675 1512 5722; x_wconf 73' lang='grc' dir='ltr'><em>ά</em></span> <span class='ocrx_word' id='word_1_681' title='bbox 1574 5668 1732 5722; x_wconf 85' lang='lat' dir='ltr'><strong>Paris</strong></span> <span class='ocrx_word' id='word_1_682' title='bbox 1792 5669 1950 5723; x_wconf 76' lang='grc'>1644.</span> 
     </span>
    </p>
   </div>
   <div class='ocr_carea' id='block_1_69' title="bbox 291 5740 1953 5807">
    <p class='ocr_par' dir='ltr' id='par_1_69' title="bbox 291 5740 1953 5807">
     <span class='ocr_line' id='line_1_69' title="bbox 291 5740 1953 5807; baseline -0.008 0"><span class='ocrx_word' id='word_1_683' title='bbox 291 5765 424 5807; x_wconf 72' lang='lat' dir='ltr'><strong>suus</strong></span> <span class='ocrx_word' id='word_1_684' title='bbox 472 5749 524 5802; x_wconf 85' lang='lat' dir='ltr'><strong>le</strong></span> <span class='ocrx_word' id='word_1_685' title='bbox 571 5747 696 5801; x_wconf 82' lang='lat' dir='ltr'><strong>titre</strong></span> <span class='ocrx_word' id='word_1_686' title='bbox 741 5744 810 5797; x_wconf 89' lang='lat' dir='ltr'><strong>de</strong></span> <span class='ocrx_word' id='word_1_687' title='bbox 856 5741 997 5796; x_wconf 89' lang='lat' dir='ltr'><strong>livre</strong></span> <span class='ocrx_word' id='word_1_688' title='bbox 1045 5743 1115 5796; x_wconf 90' lang='lat' dir='ltr'><strong>de</strong></span> <span class='ocrx_word' id='word_1_689' title='bbox 1167 5741 1409 5796; x_wconf 81' lang='lat' dir='ltr'><strong>Iumiere</strong></span> <span class='ocrx_word' id='word_1_690' title='bbox 1442 5740 1495 5793; x_wconf 86' lang='lat' dir='ltr'><strong>la</strong></span> <span class='ocrx_word' id='word_1_691' title='bbox 1527 5741 1801 5796; x_wconf 81' lang='lat' dir='ltr'><strong>conduite</strong></span> <span class='ocrx_word' id='word_1_692' title='bbox 1850 5740 1953 5793; x_wconf 84' lang='lat' dir='ltr'><strong>des</strong></span> 
     </span>
    </p>
   </div>
   <div class='ocr_carea' id='block_1_70' title="bbox 297 5812 1956 5888">
    <p class='ocr_par' dir='ltr' id='par_1_70' title="bbox 297 5812 1956 5888">
     <span class='ocr_line' id='line_1_70' title="bbox 297 5812 1956 5888; baseline -0.007 -12"><span class='ocrx_word' id='word_1_693' title='bbox 297 5837 457 5888; x_wconf 85' lang='lat' dir='ltr'><strong>reys.</strong></span> <span class='ocrx_word' id='word_1_694' title='bbox 493 5819 563 5888; x_wconf 82' lang='lat' dir='ltr'><strong>Le</strong></span> <span class='ocrx_word' id='word_1_695' title='bbox 589 5815 908 5888; x_wconf 74' lang='lat' dir='ltr'><strong>traducteur</strong></span> <span class='ocrx_word' id='word_1_696' title='bbox 952 5812 1033 5888; x_wconf 81' lang='lat' dir='ltr'><strong>dit</strong></span> <span class='ocrx_word' id='word_1_697' title='bbox 1058 5814 1195 5868; x_wconf 83' lang='lat' dir='ltr'><strong>dans</strong></span> <span class='ocrx_word' id='word_1_698' title='bbox 1226 5829 1286 5868; x_wconf 87' lang='lat' dir='ltr'><strong>sa</strong></span> <span class='ocrx_word' id='word_1_699' title='bbox 1315 5817 1554 5888; x_wconf 73' lang='lat' dir='ltr'><strong>pre/ace,</strong></span> <span class='ocrx_word' id='word_1_700' title='bbox 1598 5828 1700 5888; x_wconf 74' lang='lat' dir='ltr'><strong>que</strong></span> <span class='ocrx_word' id='word_1_701' title='bbox 1729 5827 1786 5888; x_wconf 75' lang='lat' dir='ltr'><strong>ee</strong></span> <span class='ocrx_word' id='word_1_702' title='bbox 1817 5812 1956 5864; x_wconf 73' lang='lat' dir='ltr'><strong>(iure</strong></span> 
     </span>
    </p>
   </div>
   <div class='ocr_carea' id='block_1_71' title="bbox 293 5883 1956 5968">
    <p class='ocr_par' dir='ltr' id='par_1_71' title="bbox 293 5883 1956 5968">
     <span class='ocr_line' id='line_1_71' title="bbox 293 5883 1956 5968; baseline -0.007 -21"><span class='ocrx_word' id='word_1_703' title='bbox 431 5887 653 5968; x_wconf 65' lang='lat' dir='ltr'><strong>traduit</strong></span> <span class='ocrx_word' id='word_1_704' title='bbox 697 5887 767 5941; x_wconf 84' lang='lat' dir='ltr'><strong>de</strong></span> <span class='ocrx_word' id='word_1_705' title='bbox 820 5886 1200 5968; x_wconf 41' lang='lat' dir='ltr'><strong>persie-unen.</strong></span> <span class='ocrx_word' id='word_1_706' title='bbox 1230 5885 1405 5968; x_wconf 67' lang='lat' dir='ltr'><strong>arabe</strong></span> <span class='ocrx_word' id='word_1_707' title='bbox 1430 5901 1549 5968; x_wconf 74' lang='grc' dir='ltr'><strong>¹ραν</strong></span> <span class='ocrx_word' id='word_1_708' title='bbox 1609 5883 1956 5968; x_wconf 73' lang='lat' dir='ltr'><strong>Abulhassan</strong></span> 
     </span>
    </p>
   </div>
   <div class='ocr_carea' id='block_1_72' title="bbox 319 5954 1956 6034">
    <p class='ocr_par' dir='ltr' id='par_1_72' title="bbox 319 5954 1956 6034">
     <span class='ocr_line' id='line_1_72' title="bbox 319 5954 1956 6034; baseline -0.008 -11"><span class='ocrx_word' id='word_1_709' title='bbox 319 5961 546 6034; x_wconf 77' lang='lat' dir='ltr'><strong>bdaua,</strong></span> <span class='ocrx_word' id='word_1_710' title='bbox 595 5977 702 6034; x_wconf 78' lang='lat' dir='ltr'><strong>par</strong></span> <span class='ocrx_word' id='word_1_711' title='bbox 753 5956 919 6017; x_wconf 82' lang='lat' dir='ltr'><strong>ardre</strong></span> <span class='ocrx_word' id='word_1_712' title='bbox 965 5955 1330 6027; x_wconf 79' lang='lat' dir='ltr'><strong>d’Abugiafar</strong></span> <span class='ocrx_word' id='word_1_713' title='bbox 1371 5956 1684 6026; x_wconf 77' lang='lat' dir='ltr'><strong>Alnansor,</strong></span> <span class='ocrx_word' id='word_1_714' title='bbox 1737 5971 1812 6010; x_wconf 86' lang='lat' dir='ltr'><strong>un</strong></span> <span class='ocrx_word' id='word_1_715' title='bbox 1863 5954 1956 6011; x_wconf 86' lang='lat' dir='ltr'><strong>des</strong></span> 
     </span>
    </p>
   </div>
   <div class='ocr_carea' id='block_1_73' title="bbox 96 6323 438 6416">
    <p class='ocr_par' dir='ltr' id='par_1_73' title="bbox 96 6323 438 6416">
     <span class='ocr_line' id='line_1_73' title="bbox 96 6323 438 6416; baseline 0 0"><span class='ocrx_word' id='word_1_716' title='bbox 96 6323 224 6416; x_wconf 57' lang='lat' dir='ltr'><strong>Laut.</strong></span> <span class='ocrx_word' id='word_1_717' title='bbox 253 6381 368 6416; x_wconf 68' lang='lat' dir='ltr'><strong>.&#39;._.-&#39;-....i</strong></span> <span class='ocrx_word' id='word_1_718' title='bbox 391 6381 410 6416; x_wconf 72' lang='grc' dir='ltr'>ἱ.</span> <span class='ocrx_word' id='word_1_719' title='bbox 433 6391 438 6394; x_wconf 92' lang='grc'>·</span> 
     </span>
    </p>
   </div>
   <div class='ocr_carea' id='block_1_74' title="bbox 2064 2595 3716 2668">
    <p class='ocr_par' dir='ltr' id='par_1_74' title="bbox 2064 2595 3716 2668">
     <span class='ocr_line' id='line_1_74' title="bbox 2064 2595 3716 2668; baseline 0.004 -21"><span class='ocrx_word' id='word_1_720' title='bbox 2064 2595 2300 2664; x_wconf 69' lang='lat' dir='ltr'><strong>lchalifes</strong></span> <span class='ocrx_word' id='word_1_721' title='bbox 2346 2597 2680 2668; x_wconf 15' lang='lat' dir='ltr'><strong>Arbbassides,</strong></span> <span class='ocrx_word' id='word_1_722' title='bbox 2732 2597 2872 2650; x_wconf 90' lang='lat' dir='ltr'><strong>mais</strong></span> <span class='ocrx_word' id='word_1_723' title='bbox 2921 2597 2964 2650; x_wconf 88' lang='lat' dir='ltr'><strong>il</strong></span> <span class='ocrx_word' id='word_1_724' title='bbox 3009 2612 3066 2651; x_wconf 87' lang='lat' dir='ltr'><strong>se</strong></span> <span class='ocrx_word' id='word_1_725' title='bbox 3113 2606 3366 2663; x_wconf 86' lang='lat' dir='ltr'><strong>trompe:</strong></span> <span class='ocrx_word' id='word_1_726' title='bbox 3399 2614 3495 2652; x_wconf 82' lang='lat' dir='ltr'><strong>car</strong></span> <span class='ocrx_word' id='word_1_727' title='bbox 3541 2615 3600 2652; x_wconf 79' lang='lat' dir='ltr'><strong>re</strong></span> <span class='ocrx_word' id='word_1_728' title='bbox 3626 2601 3716 2668; x_wconf 78' lang='lat' dir='ltr'><strong>[ut</strong></span> 
     </span>
    </p>
   </div>
   <div class='ocr_carea' id='block_1_75' title="bbox 2067 2667 3710 2736">
    <p class='ocr_par' dir='ltr' id='par_1_75' title="bbox 2067 2667 3710 2736">
     <span class='ocr_line' id='line_1_75' title="bbox 2067 2667 3710 2736; baseline 0.003 -16"><span class='ocrx_word' id='word_1_729' title='bbox 2067 2671 2290 2720; x_wconf 79' lang='lat' dir='ltr'><strong>Hassan</strong></span> <span class='ocrx_word' id='word_1_730' title='bbox 2339 2667 2481 2722; x_wconf 69' lang='lat' dir='ltr'><strong>vizir</strong></span> <span class='ocrx_word' id='word_1_731' title='bbox 2527 2668 2890 2732; x_wconf 77' lang='lat' dir='ltr'><strong>d’Almamon,</strong></span> <span class='ocrx_word' id='word_1_732' title='bbox 2941 2669 3040 2734; x_wconf 86' lang='lat' dir='ltr'><strong>qui</strong></span> <span class='ocrx_word' id='word_1_733' title='bbox 3077 2684 3142 2723; x_wconf 87' lang='lat' dir='ltr'><strong>en</strong></span> <span class='ocrx_word' id='word_1_734' title='bbox 3183 2669 3244 2736; x_wconf 82' lang='lat' dir='ltr'><strong>ﬁt</strong></span> <span class='ocrx_word' id='word_1_735' title='bbox 3276 2670 3331 2722; x_wconf 88' lang='lat' dir='ltr'><strong>la</strong></span> <span class='ocrx_word' id='word_1_736' title='bbox 3376 2667 3710 2725; x_wconf 70' lang='lat' dir='ltr'><strong>traductiOn.</strong></span> 
     </span>
    </p>
   </div>
   <div class='ocr_carea' id='block_1_76' title="bbox 2065 2739 3712 2810">
    <p class='ocr_par' dir='ltr' id='par_1_76' title="bbox 2065 2739 3712 2810">
     <span class='ocr_line' id='line_1_76' title="bbox 2065 2739 3712 2810; baseline 0.003 -19"><span class='ocrx_word' id='word_1_737' title='bbox 2065 2739 2222 2792; x_wconf 90' lang='lat' dir='ltr'><strong>ldem</strong></span> <span class='ocrx_word' id='word_1_738' title='bbox 2255 2756 2386 2810; x_wconf 90' lang='lat' dir='ltr'><strong>pag.</strong></span> <span class='ocrx_word' id='word_1_739' title='bbox 2418 2740 2556 2792; x_wconf 81' lang='lat'><strong>206:</strong></span> <span class='ocrx_word' id='word_1_740' title='bbox 2594 2739 2797 2810; x_wconf 89' lang='lat' dir='ltr'><strong>Bidpai</strong></span> <span class='ocrx_word' id='word_1_741' title='bbox 2835 2744 2890 2810; x_wconf 90' lang='lat' dir='ltr'><strong>et</strong></span> <span class='ocrx_word' id='word_1_742' title='bbox 2922 2739 3130 2808; x_wconf 88' lang='lat' dir='ltr'><strong>Pilpai,</strong></span> <span class='ocrx_word' id='word_1_743' title='bbox 3161 2739 3477 2810; x_wconf 84' lang='lat' dir='ltr'><strong>philosophe</strong></span> <span class='ocrx_word' id='word_1_744' title='bbox 3509 2741 3712 2796; x_wconf 81' lang='lat' dir='ltr'><strong>imlien</strong></span> 
     </span>
    </p>
   </div>
   <div class='ocr_carea' id='block_1_77' title="bbox 2060 2809 3709 2881">
    <p class='ocr_par' dir='ltr' id='par_1_77' title="bbox 2060 2809 3709 2881">
     <span class='ocr_line' id='line_1_77' title="bbox 2060 2809 3709 2881; baseline 0.002 -18"><span class='ocrx_word' id='word_1_745' title='bbox 2060 2811 2206 2863; x_wconf 66' lang='lat' dir='ltr'><strong>vizir</strong></span> <span class='ocrx_word' id='word_1_746' title='bbox 2234 2809 2298 2864; x_wconf 90' lang='lat' dir='ltr'><strong>de</strong></span> <span class='ocrx_word' id='word_1_747' title='bbox 2329 2809 2719 2878; x_wconf 27' lang='lat' dir='ltr'><strong>Dabsc/celim,’</strong></span> <span class='ocrx_word' id='word_1_748' title='bbox 2739 2809 2934 2864; x_wconf 83' lang='lat' dir='ltr'><strong>ancien</strong></span> <span class='ocrx_word' id='word_1_749' title='bbox 2987 2827 3088 2881; x_wconf 85' lang='lat' dir='ltr'><strong>roy</strong></span> <span class='ocrx_word' id='word_1_750' title='bbox 3120 2811 3211 2865; x_wconf 82' lang='lat' dir='ltr'><strong>des</strong></span> <span class='ocrx_word' id='word_1_751' title='bbox 3240 2811 3416 2874; x_wconf 81' lang='lat' dir='ltr'><strong>ludes,</strong></span> <span class='ocrx_word' id='word_1_752' title='bbox 3450 2817 3530 2865; x_wconf 84' lang='lat' dir='ltr'><strong>est</strong></span> <span class='ocrx_word' id='word_1_753' title='bbox 3569 2811 3709 2867; x_wconf 88' lang='lat' dir='ltr'><strong>l’au-</strong></span> 
     </span>
    </p>
   </div>
   <div class='ocr_carea' id='block_1_78' title="bbox 2061 2883 3713 2948">
    <p class='ocr_par' dir='ltr' id='par_1_78' title="bbox 2061 2883 3713 2948">
     <span class='ocr_line' id='line_1_78' title="bbox 2061 2883 3713 2948; baseline 0.003 -14"><span class='ocrx_word' id='word_1_754' title='bbox 2061 2885 2181 2935; x_wconf 86' lang='lat' dir='ltr'><strong>leur</strong></span> <span class='ocrx_word' id='word_1_755' title='bbox 2210 2883 2287 2935; x_wconf 92' lang='lat' dir='ltr'><strong>du</strong></span> <span class='ocrx_word' id='word_1_756' title='bbox 2335 2883 2677 2937; x_wconf 88' lang='lat' dir='ltr'><strong>Testameut</strong></span> <span class='ocrx_word' id='word_1_757' title='bbox 2722 2883 2791 2935; x_wconf 93' lang='lat' dir='ltr'><strong>de</strong></span> <span class='ocrx_word' id='word_1_758' title='bbox 2836 2883 3224 2948; x_wconf 84' lang='lat' dir='ltr'><strong>Auschemek,</strong></span> <span class='ocrx_word' id='word_1_759' title='bbox 3274 2887 3474 2937; x_wconf 80' lang='lat' dir='ltr'><strong>second</strong></span> <span class='ocrx_word' id='word_1_760' title='bbox 3522 2887 3610 2939; x_wconf 85' lang='lat' dir='ltr'><strong>roi</strong></span> <span class='ocrx_word' id='word_1_761' title='bbox 3648 2885 3713 2939; x_wconf 83' lang='lat' dir='ltr'><strong>de</strong></span> 
     </span>
    </p>
   </div>
   <div class='ocr_carea' id='block_1_79' title="bbox 2064 2952 3712 3026">
    <p class='ocr_par' dir='ltr' id='par_1_79' title="bbox 2064 2952 3712 3026">
     <span class='ocr_line' id='line_1_79' title="bbox 2064 2952 3712 3026; baseline 0.002 -20"><span class='ocrx_word' id='word_1_762' title='bbox 2064 2957 2229 3026; x_wconf 82' lang='lat' dir='ltr'><strong>Perse</strong></span> <span class='ocrx_word' id='word_1_763' title='bbox 2256 2952 2322 3006; x_wconf 84' lang='lat' dir='ltr'><strong>de</strong></span> <span class='ocrx_word' id='word_1_764' title='bbox 2351 2956 2405 3008; x_wconf 87' lang='lat' dir='ltr'><strong>Ia</strong></span> <span class='ocrx_word' id='word_1_765' title='bbox 2435 2953 2704 3026; x_wconf 72' lang='lat' dir='ltr'><strong>premidre</strong></span> <span class='ocrx_word' id='word_1_766' title='bbox 2731 2956 3004 3023; x_wconf 79' lang='lat' dir='ltr'><strong>dynaslie.</strong></span> <span class='ocrx_word' id='word_1_767' title='bbox 3041 2955 3108 3007; x_wconf 64' lang='grc' dir='ltr'><strong>αθ</strong></span> <span class='ocrx_word' id='word_1_768' title='bbox 3140 2955 3294 3020; x_wconf 84' lang='lat' dir='ltr'><strong>livre,</strong></span> <span class='ocrx_word' id='word_1_769' title='bbox 3319 2957 3413 3024; x_wconf 85' lang='lat' dir='ltr'><strong>qui</strong></span> <span class='ocrx_word' id='word_1_770' title='bbox 3443 2973 3472 3008; x_wconf 82' lang='grc' dir='ltr'><strong><em>(ι</em></strong></span> <span class='ocrx_word' id='word_1_771' title='bbox 3505 2955 3712 3026; x_wconf 72' lang='lat' dir='ltr'><strong>change</strong></span> 
     </span>
    </p>
   </div>
   <div class='ocr_carea' id='block_1_80' title="bbox 2061 3024 3708 3096">
    <p class='ocr_par' dir='ltr' id='par_1_80' title="bbox 2061 3024 3708 3096">
     <span class='ocr_line' id='line_1_80' title="bbox 2061 3024 3708 3096; baseline 0.004 -20"><span class='ocrx_word' id='word_1_772' title='bbox 2061 3024 2346 3092; x_wconf 76' lang='lat' dir='ltr'><strong>plus-ienrs</strong></span> <span class='ocrx_word' id='word_1_773' title='bbox 2374 3025 2478 3094; x_wconf 69' lang='grc' dir='ltr'><strong>[οἰδ</strong></span> <span class='ocrx_word' id='word_1_774' title='bbox 2518 3029 2584 3078; x_wconf 83' lang='lat' dir='ltr'><strong>de</strong></span> <span class='ocrx_word' id='word_1_775' title='bbox 2625 3041 2780 3090; x_wconf 87' lang='lat' dir='ltr'><strong>nom,</strong></span> <span class='ocrx_word' id='word_1_776' title='bbox 2821 3035 2898 3079; x_wconf 90' lang='lat' dir='ltr'><strong>est</strong></span> <span class='ocrx_word' id='word_1_777' title='bbox 2942 3027 2993 3079; x_wconf 84' lang='lat' dir='ltr'><strong>te</strong></span> <span class='ocrx_word' id='word_1_778' title='bbox 3039 3028 3212 3081; x_wconf 75' lang='lat' dir='ltr'><strong>meme</strong></span> <span class='ocrx_word' id='word_1_779' title='bbox 3260 3042 3362 3096; x_wconf 83' lang='lat' dir='ltr'><strong>que</strong></span> <span class='ocrx_word' id='word_1_780' title='bbox 3406 3024 3708 3082; x_wconf 25' lang='lat' dir='ltr'><strong>Giavida’m</strong></span> 
     </span>
    </p>
   </div>
   <div class='ocr_carea' id='block_1_81' title="bbox 2065 3096 3708 3161">
    <p class='ocr_par' dir='ltr' id='par_1_81' title="bbox 2065 3096 3708 3161">
     <span class='ocr_line' id='line_1_81' title="bbox 2065 3096 3708 3161; baseline 0.002 -13"><span class='ocrx_word' id='word_1_781' title='bbox 2065 3097 2266 3161; x_wconf 87' lang='lat' dir='ltr'><strong>Khird,</strong></span> <span class='ocrx_word' id='word_1_782' title='bbox 2291 3097 2619 3150; x_wconf 77' lang='lat' dir='ltr'><strong>Homuinnn</strong></span> <span class='ocrx_word' id='word_1_783' title='bbox 2639 3098 2836 3152; x_wconf 81' lang='lat' dir='ltr'><strong>Name.</strong></span> <span class='ocrx_word' id='word_1_784' title='bbox 2862 3096 3083 3150; x_wconf 85' lang='lat' dir='ltr'><strong>Kalilah</strong></span> <span class='ocrx_word' id='word_1_785' title='bbox 3119 3114 3181 3151; x_wconf 87' lang='lat' dir='ltr'><strong>ve</strong></span> <span class='ocrx_word' id='word_1_786' title='bbox 3200 3097 3484 3151; x_wconf 88' lang='lat' dir='ltr'><strong>Daumah.</strong></span> <span class='ocrx_word' id='word_1_787' title='bbox 3510 3105 3568 3152; x_wconf 87' lang='lat' dir='ltr'><strong>et</strong></span> <span class='ocrx_word' id='word_1_788' title='bbox 3594 3106 3708 3152; x_wconf 86' lang='lat' dir='ltr'><strong>An-</strong></span> 
     </span>
    </p>
   </div>
   <div class='ocr_carea' id='block_1_82' title="bbox 2063 3167 3708 3240">
    <p class='ocr_par' dir='ltr' id='par_1_82' title="bbox 2063 3167 3708 3240">
     <span class='ocr_line' id='line_1_82' title="bbox 2063 3167 3708 3240; baseline 0.004 -22"><span class='ocrx_word' id='word_1_789' title='bbox 2063 3185 2160 3220; x_wconf 78' lang='lat' dir='ltr'><strong>var</strong></span> <span class='ocrx_word' id='word_1_790' title='bbox 2189 3167 2625 3240; x_wconf 6' lang='lat' dir='ltr'><strong>Sohailiqldem</strong></span> <span class='ocrx_word' id='word_1_791' title='bbox 2662 3185 2792 3239; x_wconf 85' lang='lat' dir='ltr'><strong>pag.</strong></span> <span class='ocrx_word' id='word_1_792' title='bbox 2826 3169 2967 3223; x_wconf 58' lang='lat' dir='ltr'><strong>l165:</strong></span> <span class='ocrx_word' id='word_1_793' title='bbox 3003 3169 3045 3222; x_wconf 85' lang='lat' dir='ltr'><strong>Il</strong></span> <span class='ocrx_word' id='word_1_794' title='bbox 3075 3171 3149 3222; x_wconf 75' lang='lat' dir='ltr'><strong>est</strong></span> <span class='ocrx_word' id='word_1_795' title='bbox 3182 3185 3373 3240; x_wconf 78' lang='lat' dir='ltr'><strong>eacore</strong></span> <span class='ocrx_word' id='word_1_796' title='bbox 3401 3174 3556 3224; x_wconf 84' lang='lat' dir='ltr'><strong>aussi</strong></span> <span class='ocrx_word' id='word_1_797' title='bbox 3599 3187 3708 3240; x_wconf 64' lang='grc' dir='ltr'><strong>ρέα</strong></span> 
     </span>
    </p>
   </div>
   <div class='ocr_carea' id='block_1_83' title="bbox 2059 3238 3708 3311">
    <p class='ocr_par' dir='ltr' id='par_1_83' title="bbox 2059 3238 3708 3311">
     <span class='ocr_line' id='line_1_83' title="bbox 2059 3238 3708 3311; baseline 0.001 -17"><span class='ocrx_word' id='word_1_798' title='bbox 2059 3238 2633 3311; x_wconf 73' lang='lat' dir='ltr'><strong>waisemblableque</strong></span> <span class='ocrx_word' id='word_1_799' title='bbox 2692 3238 2763 3294; x_wconf 22' lang='lat' dir='ltr'><strong>cei</strong></span> <span class='ocrx_word' id='word_1_800' title='bbox 2795 3243 2984 3308; x_wconf 62' lang='lat' dir='ltr'><strong>prince</strong></span> <span class='ocrx_word' id='word_1_801' title='bbox 3030 3239 3445 3308; x_wconf 85' lang='lat' dir='ltr'><strong>(Huschemek.</strong></span> <span class='ocrx_word' id='word_1_802' title='bbox 3502 3238 3608 3296; x_wconf 34' lang='lat' dir='ltr'><strong>roi‘</strong></span> <span class='ocrx_word' id='word_1_803' title='bbox 3636 3243 3708 3296; x_wconf 92' lang='lat' dir='ltr'><strong>de</strong></span> 
     </span>
    </p>
   </div>
   <div class='ocr_carea' id='block_1_84' title="bbox 2059 3310 3706 3381">
    <p class='ocr_par' dir='ltr' id='par_1_84' title="bbox 2059 3310 3706 3381">
     <span class='ocr_line' id='line_1_84' title="bbox 2059 3310 3706 3381; baseline 0.001 -17"><span class='ocrx_word' id='word_1_804' title='bbox 2059 3311 2278 3381; x_wconf 78' lang='lat' dir='ltr'><strong>Perse.)</strong></span> <span class='ocrx_word' id='word_1_805' title='bbox 2327 3311 2429 3366; x_wconf 72' lang='lat' dir='ltr'><strong>soil</strong></span> <span class='ocrx_word' id='word_1_806' title='bbox 2480 3310 2722 3364; x_wconf 77' lang='lat' dir='ltr'><strong>i&#39;auteur</strong></span> <span class='ocrx_word' id='word_1_807' title='bbox 2770 3311 2898 3364; x_wconf 84' lang='lat' dir='ltr'><strong>d’un</strong></span> <span class='ocrx_word' id='word_1_808' title='bbox 2947 3312 3090 3365; x_wconf 80' lang='lat' dir='ltr'><strong>livre</strong></span> <span class='ocrx_word' id='word_1_809' title='bbox 3141 3313 3369 3365; x_wconf 72' lang='lat' dir='ltr'><strong>intilule</strong></span> <span class='ocrx_word' id='word_1_810' title='bbox 3409 3311 3706 3367; x_wconf 86' lang='lat' dir='ltr'><strong>Giavidam</strong></span> 
     </span>
    </p>
   </div>
   <div class='ocr_carea' id='block_1_85' title="bbox 2061 3381 3710 3454">
    <p class='ocr_par' dir='ltr' id='par_1_85' title="bbox 2061 3381 3710 3454">
     <span class='ocr_line' id='line_1_85' title="bbox 2061 3381 3710 3454; baseline 0.002 -20"><span class='ocrx_word' id='word_1_811' title='bbox 2061 3382 2262 3448; x_wconf 82' lang='lat' dir='ltr'><strong>Khird,</strong></span> <span class='ocrx_word' id='word_1_812' title='bbox 2298 3383 2353 3436; x_wconf 85' lang='lat' dir='ltr'><strong>la</strong></span> <span class='ocrx_word' id='word_1_813' title='bbox 2381 3398 2596 3450; x_wconf 84' lang='lat' dir='ltr'><strong>sagesse</strong></span> <span class='ocrx_word' id='word_1_814' title='bbox 2625 3381 2892 3436; x_wconf 83' lang='lat' dir='ltr'><strong>éternelle</strong></span> <span class='ocrx_word' id='word_1_815' title='bbox 2920 3399 2985 3436; x_wconf 85' lang='lat' dir='ltr'><strong>ou</strong></span> <span class='ocrx_word' id='word_1_816' title='bbox 3021 3383 3085 3437; x_wconf 82' lang='lat' dir='ltr'><strong>de</strong></span> <span class='ocrx_word' id='word_1_817' title='bbox 3123 3387 3242 3437; x_wconf 85' lang='lat' dir='ltr'><strong>lous</strong></span> <span class='ocrx_word' id='word_1_818' title='bbox 3273 3394 3464 3452; x_wconf 84' lang='lat' dir='ltr'><strong>temps,</strong></span> <span class='ocrx_word' id='word_1_819' title='bbox 3498 3385 3710 3454; x_wconf 87' lang='lat' dir='ltr'><strong>auquel</strong></span> 
     </span>
    </p>
   </div>
   <div class='ocr_carea' id='block_1_86' title="bbox 2059 3454 3706 3509">
    <p class='ocr_par' dir='ltr' id='par_1_86' title="bbox 2059 3454 3706 3509">
     <span class='ocr_line' id='line_1_86' title="bbox 2059 3454 3706 3509; baseline 0.001 -3"><span class='ocrx_word' id='word_1_820' title='bbox 2059 3472 2132 3506; x_wconf 88' lang='lat' dir='ltr'><strong>on</strong></span> <span class='ocrx_word' id='word_1_821' title='bbox 2153 3472 2184 3507; x_wconf 91' lang='lat' dir='ltr'><strong>a</strong></span> <span class='ocrx_word' id='word_1_822' title='bbox 2211 3455 2618 3508; x_wconf 72' lang='lat' dir='ltr'><strong>donneaussile</strong></span> <span class='ocrx_word' id='word_1_823' title='bbox 2637 3471 2763 3507; x_wconf 84' lang='lat' dir='ltr'><strong>nom</strong></span> <span class='ocrx_word' id='word_1_824' title='bbox 2790 3454 2853 3508; x_wconf 86' lang='lat' dir='ltr'><strong>de</strong></span> <span class='ocrx_word' id='word_1_825' title='bbox 2873 3455 3212 3508; x_wconf 85' lang='lat' dir='ltr'><strong>Testament</strong></span> <span class='ocrx_word' id='word_1_826' title='bbox 3248 3455 3316 3509; x_wconf 92' lang='lat' dir='ltr'><strong>de</strong></span> <span class='ocrx_word' id='word_1_827' title='bbox 3353 3454 3706 3509; x_wconf 88' lang='lat' dir='ltr'><strong>Huschenk:</strong></span> 
     </span>
    </p>
   </div>
   <div class='ocr_carea' id='block_1_87' title="bbox 2057 3525 3713 3596">
    <p class='ocr_par' dir='ltr' id='par_1_87' title="bbox 2057 3525 3713 3596">
     <span class='ocr_line' id='line_1_87' title="bbox 2057 3525 3713 3596; baseline 0.001 -17"><span class='ocrx_word' id='word_1_828' title='bbox 2057 3525 2201 3579; x_wconf 87' lang='lat' dir='ltr'><strong>mais</strong></span> <span class='ocrx_word' id='word_1_829' title='bbox 2255 3525 2621 3580; x_wconf 72' lang='lat' dir='ltr'><strong>l’ancienneté</strong></span> <span class='ocrx_word' id='word_1_830' title='bbox 2646 3535 2695 3580; x_wconf 81' lang='lat' dir='ltr'><strong>et</strong></span> <span class='ocrx_word' id='word_1_831' title='bbox 2743 3527 2794 3580; x_wconf 89' lang='lat' dir='ltr'><strong>la</strong></span> <span class='ocrx_word' id='word_1_832' title='bbox 2826 3525 3138 3594; x_wconf 72' lang='lat' dir='ltr'><strong>reputation</strong></span> <span class='ocrx_word' id='word_1_833' title='bbox 3188 3527 3260 3579; x_wconf 84' lang='lat' dir='ltr'><strong>de</strong></span> <span class='ocrx_word' id='word_1_834' title='bbox 3309 3541 3368 3579; x_wconf 85' lang='lat' dir='ltr'><strong>ce</strong></span> <span class='ocrx_word' id='word_1_835' title='bbox 3410 3543 3713 3596; x_wconf 86' lang='lat' dir='ltr'><strong>monarque</strong></span> 
     </span>
    </p>
   </div>
   <div class='ocr_carea' id='block_1_88' title="bbox 2057 3597 3708 3667">
    <p class='ocr_par' dir='ltr' id='par_1_88' title="bbox 2057 3597 3708 3667">
     <span class='ocr_line' id='line_1_88' title="bbox 2057 3597 3708 3667; baseline 0 -15"><span class='ocrx_word' id='word_1_836' title='bbox 2057 3607 2150 3652; x_wconf 81' lang='grc' dir='ltr'><strong>οηι</strong></span> <span class='ocrx_word' id='word_1_837' title='bbox 2181 3597 2286 3662; x_wconf 82' lang='lat' dir='ltr'><strong>fuit</strong></span> <span class='ocrx_word' id='word_1_838' title='bbox 2321 3600 2642 3667; x_wconf 82' lang='lat' dir='ltr'><strong>emprunler</strong></span> <span class='ocrx_word' id='word_1_839' title='bbox 2683 3614 2781 3651; x_wconf 83' lang='lat' dir='ltr'><strong>son</strong></span> <span class='ocrx_word' id='word_1_840' title='bbox 2813 3614 2938 3652; x_wconf 88' lang='lat' dir='ltr'><strong>nom</strong></span> <span class='ocrx_word' id='word_1_841' title='bbox 2967 3615 3106 3665; x_wconf 86' lang='lat' dir='ltr'><strong>pour</strong></span> <span class='ocrx_word' id='word_1_842' title='bbox 3152 3598 3362 3652; x_wconf 79' lang='lat' dir='ltr'><strong>:tonner</strong></span> <span class='ocrx_word' id='word_1_843' title='bbox 3389 3600 3513 3666; x_wconf 87' lang='lat' dir='ltr'><strong>plus</strong></span> <span class='ocrx_word' id='word_1_844' title='bbox 3551 3599 3708 3652; x_wconf 83' lang='lat' dir='ltr'><strong>d’au-</strong></span> 
     </span>
    </p>
   </div>
   <div class='ocr_carea' id='block_1_89' title="bbox 2061 3670 3706 3739">
    <p class='ocr_par' dir='ltr' id='par_1_89' title="bbox 2061 3670 3706 3739">
     <span class='ocr_line' id='line_1_89' title="bbox 2061 3670 3706 3739; baseline 0.001 -17"><span class='ocrx_word' id='word_1_845' title='bbox 2061 3671 2228 3722; x_wconf 79' lang='lat' dir='ltr'><strong>torile</strong></span> <span class='ocrx_word' id='word_1_846' title='bbox 2273 3687 2308 3721; x_wconf 78' lang='grc' dir='ltr'><strong>ιι</strong></span> <span class='ocrx_word' id='word_1_847' title='bbox 2339 3679 2421 3723; x_wconf 76' lang='lat' dir='ltr'><strong>cet</strong></span> <span class='ocrx_word' id='word_1_848' title='bbox 2451 3686 2706 3736; x_wconf 78' lang='lat' dir='ltr'><strong>ouorage,</strong></span> <span class='ocrx_word' id='word_1_849' title='bbox 2740 3672 2836 3738; x_wconf 88' lang='lat' dir='ltr'><strong>qui</strong></span> <span class='ocrx_word' id='word_1_850' title='bbox 2866 3674 2945 3724; x_wconf 87' lang='lat' dir='ltr'><strong>est</strong></span> <span class='ocrx_word' id='word_1_851' title='bbox 2990 3670 3281 3724; x_wconf 82' lang='lat' dir='ltr'><strong>d’aillcurs</strong></span> <span class='ocrx_word' id='word_1_852' title='bbox 3333 3671 3445 3739; x_wconf 79' lang='lat' dir='ltr'><strong>fort</strong></span> <span class='ocrx_word' id='word_1_853' title='bbox 3484 3671 3706 3724; x_wconf 83' lang='lat' dir='ltr'><strong>estima-</strong></span> 
     </span>
    </p>
   </div>
   <div class='ocr_carea' id='block_1_90' title="bbox 2061 3740 3712 3811">
    <p class='ocr_par' dir='ltr' id='par_1_90' title="bbox 2061 3740 3712 3811">
     <span class='ocr_line' id='line_1_90' title="bbox 2061 3740 3712 3811; baseline 0.003 -19"><span class='ocrx_word' id='word_1_854' title='bbox 2061 3741 2146 3793; x_wconf 70' lang='grc' dir='ltr'><strong>ωε</strong></span> <span class='ocrx_word' id='word_1_855' title='bbox 2194 3745 2242 3793; x_wconf 86' lang='lat' dir='ltr'><strong>el</strong></span> <span class='ocrx_word' id='word_1_856' title='bbox 2277 3740 2450 3809; x_wconf 77' lang='lat' dir='ltr'><strong>let/uel</strong></span> <span class='ocrx_word' id='word_1_857' title='bbox 2489 3747 2570 3794; x_wconf 75' lang='lat' dir='ltr'><strong>est</strong></span> <span class='ocrx_word' id='word_1_858' title='bbox 2615 3757 2864 3806; x_wconf 76' lang='lat' dir='ltr'><strong>parvcnu</strong></span> <span class='ocrx_word' id='word_1_859' title='bbox 2912 3741 3129 3811; x_wconf 80' lang='lat' dir='ltr'><strong>jusqu&#39;a</strong></span> <span class='ocrx_word' id='word_1_860' title='bbox 3160 3757 3298 3795; x_wconf 87' lang='lat' dir='ltr'><strong>nous</strong></span> <span class='ocrx_word' id='word_1_861' title='bbox 3342 3758 3469 3796; x_wconf 75' lang='lat' dir='ltr'><strong>suus</strong></span> <span class='ocrx_word' id='word_1_862' title='bbox 3502 3743 3550 3797; x_wconf 84' lang='lat' dir='ltr'><strong>le</strong></span> <span class='ocrx_word' id='word_1_863' title='bbox 3583 3744 3712 3797; x_wconf 76' lang='lat' dir='ltr'><strong>tz&#39;lre</strong></span> 
     </span>
    </p>
   </div>
   <div class='ocr_carea' id='block_1_91' title="bbox 2057 3811 2709 3866">
    <p class='ocr_par' dir='ltr' id='par_1_91' title="bbox 2057 3811 2709 3866">
     <span class='ocr_line' id='line_1_91' title="bbox 2057 3811 2709 3866; baseline 0.002 -1"><span class='ocrx_word' id='word_1_864' title='bbox 2057 3811 2120 3866; x_wconf 82' lang='lat' dir='ltr'><strong>de</strong></span> <span class='ocrx_word' id='word_1_865' title='bbox 2156 3811 2439 3866; x_wconf 89' lang='lat' dir='ltr'><strong>llumaion</strong></span> <span class='ocrx_word' id='word_1_866' title='bbox 2472 3812 2709 3866; x_wconf 73' lang='lat' dir='ltr'><strong>Numeb.</strong></span> 
     </span>
    </p>
   </div>
   <div class='ocr_carea' id='block_1_92' title="bbox 2130 3881 3707 3952">
    <p class='ocr_par' dir='ltr' id='par_1_92' title="bbox 2130 3881 3707 3952">
     <span class='ocr_line' id='line_1_92' title="bbox 2130 3881 3707 3952; baseline 0.003 -18"><span class='ocrx_word' id='word_1_867' title='bbox 2130 3881 2206 3952; x_wconf 68' lang='grc' dir='ltr'><strong>(ῃ)</strong></span> <span class='ocrx_word' id='word_1_868' title='bbox 2242 3881 2399 3936; x_wconf 91' lang='lat' dir='ltr'><strong>Hanc</strong></span> <span class='ocrx_word' id='word_1_869' title='bbox 2431 3883 2745 3936; x_wconf 84' lang='lat' dir='ltr'><strong>editionem</strong></span> <span class='ocrx_word' id='word_1_870' title='bbox 2781 3881 3020 3937; x_wconf 87' lang='lat' dir='ltr'><strong>uberius</strong></span> <span class='ocrx_word' id='word_1_871' title='bbox 3043 3882 3355 3950; x_wconf 76' lang='lat' dir='ltr'><strong>descripsit</strong></span> <span class='ocrx_word' id='word_1_872' title='bbox 3386 3885 3707 3938; x_wconf 85' lang='lat' dir='ltr'><strong>Kastuerin</strong></span> 
     </span>
    </p>
   </div>
   <div class='ocr_carea' id='block_1_93' title="bbox 2059 3953 3712 4025">
    <p class='ocr_par' dir='ltr' id='par_1_93' title="bbox 2059 3953 3712 4025">
     <span class='ocr_line' id='line_1_93' title="bbox 2059 3953 3712 4025; baseline 0.003 -20"><span class='ocrx_word' id='word_1_873' title='bbox 2059 3953 2450 4007; x_wconf 83' lang='lat' dir='ltr'><strong>vermischten</strong></span> <span class='ocrx_word' id='word_1_874' title='bbox 2485 3955 2798 4016; x_wconf 78' lang='lat' dir='ltr'><strong>Schriften,</strong></span> <span class='ocrx_word' id='word_1_875' title='bbox 2835 3958 2981 4023; x_wconf 89' lang='lat' dir='ltr'><strong>part.</strong></span> <span class='ocrx_word' id='word_1_876' title='bbox 3017 3970 3056 4016; x_wconf 87' lang='lat' dir='ltr'><strong>I,</strong></span> <span class='ocrx_word' id='word_1_877' title='bbox 3091 3971 3145 4023; x_wconf 93' lang='lat' dir='ltr'><strong>p.</strong></span> <span class='ocrx_word' id='word_1_878' title='bbox 3175 3955 3282 4025; x_wconf 82' lang='lat'><strong>219</strong></span> <span class='ocrx_word' id='word_1_879' title='bbox 3313 3971 3444 4025; x_wconf 89' lang='lat' dir='ltr'><strong>sqq.</strong></span> <span class='ocrx_word' id='word_1_880' title='bbox 3501 3956 3712 4010; x_wconf 83' lang='lat' dir='ltr'><strong>Inscri-</strong></span> 
     </span>
    </p>
   </div>
   <div class='ocr_carea' id='block_1_94' title="bbox 2061 4024 3715 4093">
    <p class='ocr_par' dir='ltr' id='par_1_94' title="bbox 2061 4024 3715 4093">
     <span class='ocr_line' id='line_1_94' title="bbox 2061 4024 3715 4093; baseline 0.002 -16"><span class='ocrx_word' id='word_1_881' title='bbox 2061 4027 2179 4093; x_wconf 89' lang='lat' dir='ltr'><strong>ptio</strong></span> <span class='ocrx_word' id='word_1_882' title='bbox 2213 4032 2405 4078; x_wconf 89' lang='lat' dir='ltr'><strong>autem</strong></span> <span class='ocrx_word' id='word_1_883' title='bbox 2451 4025 2571 4078; x_wconf 70' lang='lat' dir='ltr'><strong>haec</strong></span> <span class='ocrx_word' id='word_1_884' title='bbox 2604 4030 2722 4079; x_wconf 90' lang='lat' dir='ltr'><strong>est:</strong></span> <span class='ocrx_word' id='word_1_885' title='bbox 2762 4025 2860 4078; x_wconf 91' lang='lat' dir='ltr'><strong>llie</strong></span> <span class='ocrx_word' id='word_1_886' title='bbox 2891 4025 3065 4078; x_wconf 88' lang='lat' dir='ltr'><strong>endet</strong></span> <span class='ocrx_word' id='word_1_887' title='bbox 3094 4024 3220 4078; x_wconf 75' lang='lat' dir='ltr'><strong>sich</strong></span> <span class='ocrx_word' id='word_1_888' title='bbox 3265 4024 3376 4080; x_wconf 81' lang='lat' dir='ltr'><strong>das</strong></span> <span class='ocrx_word' id='word_1_889' title='bbox 3405 4027 3557 4081; x_wconf 85' lang='lat' dir='ltr'><strong>buch</strong></span> <span class='ocrx_word' id='word_1_890' title='bbox 3611 4029 3715 4080; x_wconf 85' lang='lat' dir='ltr'><strong>der</strong></span> 
     </span>
    </p>
   </div>
   <div class='ocr_carea' id='block_1_95' title="bbox 2062 4096 3716 4167">
    <p class='ocr_par' dir='ltr' id='par_1_95' title="bbox 2062 4096 3716 4167">
     <span class='ocr_line' id='line_1_95' title="bbox 2062 4096 3716 4167; baseline 0.002 -19"><span class='ocrx_word' id='word_1_891' title='bbox 2062 4096 2330 4150; x_wconf 68' lang='lat' dir='ltr'><strong>weisheit</strong></span> <span class='ocrx_word' id='word_1_892' title='bbox 2362 4099 2461 4149; x_wconf 85' lang='lat' dir='ltr'><strong>der</strong></span> <span class='ocrx_word' id='word_1_893' title='bbox 2493 4097 2644 4150; x_wconf 80' lang='lat' dir='ltr'><strong>allen</strong></span> <span class='ocrx_word' id='word_1_894' title='bbox 2676 4097 2896 4151; x_wconf 87' lang='lat' dir='ltr'><strong>weisen</strong></span> <span class='ocrx_word' id='word_1_895' title='bbox 2932 4112 3037 4148; x_wconf 89' lang='lat' dir='ltr'><strong>von</strong></span> <span class='ocrx_word' id='word_1_896' title='bbox 3073 4096 3424 4160; x_wconf 86' lang='lat' dir='ltr'><strong>ambeginue</strong></span> <span class='ocrx_word' id='word_1_897' title='bbox 3455 4115 3554 4167; x_wconf 73' lang='lat' dir='ltr'><strong>per</strong></span> <span class='ocrx_word' id='word_1_898' title='bbox 3585 4097 3716 4152; x_wconf 86' lang='lat' dir='ltr'><strong>welt</strong></span> 
     </span>
    </p>
   </div>
   <div class='ocr_carea' id='block_1_96' title="bbox 2061 4167 3710 4236">
    <p class='ocr_par' dir='ltr' id='par_1_96' title="bbox 2061 4167 3710 4236">
     <span class='ocr_line' id='line_1_96' title="bbox 2061 4167 3710 4236; baseline 0.002 -18"><span class='ocrx_word' id='word_1_899' title='bbox 2061 4185 2169 4221; x_wconf 71' lang='lat' dir='ltr'><strong>Von</strong></span> <span class='ocrx_word' id='word_1_900' title='bbox 2203 4169 2492 4234; x_wconf 73' lang='lat' dir='ltr'><strong>geschlect</strong></span> <span class='ocrx_word' id='word_1_901' title='bbox 2523 4186 2590 4221; x_wconf 87' lang='lat' dir='ltr'><strong>zu</strong></span> <span class='ocrx_word' id='word_1_902' title='bbox 2626 4167 2982 4236; x_wconf 81' lang='lat' dir='ltr'><strong>gesehlecht.</strong></span> <span class='ocrx_word' id='word_1_903' title='bbox 3017 4167 3311 4221; x_wconf 88' lang='lat' dir='ltr'><strong>Gedruckt</strong></span> <span class='ocrx_word' id='word_1_904' title='bbox 3343 4170 3460 4221; x_wconf 87' lang='lat' dir='ltr'><strong>und</strong></span> <span class='ocrx_word' id='word_1_905' title='bbox 3493 4169 3710 4222; x_wconf 80' lang='lat' dir='ltr'><strong>vellen-</strong></span> 
     </span>
    </p>
   </div>
   <div class='ocr_carea' id='block_1_97' title="bbox 2063 4238 3710 4308">
    <p class='ocr_par' dir='ltr' id='par_1_97' title="bbox 2063 4238 3710 4308">
     <span class='ocr_line' id='line_1_97' title="bbox 2063 4238 3710 4308; baseline 0.002 -18"><span class='ocrx_word' id='word_1_906' title='bbox 2063 4240 2158 4292; x_wconf 82' lang='lat' dir='ltr'><strong>det</strong></span> <span class='ocrx_word' id='word_1_907' title='bbox 2189 4241 2369 4294; x_wconf 90' lang='lat' dir='ltr'><strong>dureh</strong></span> <span class='ocrx_word' id='word_1_908' title='bbox 2404 4241 2648 4294; x_wconf 67' lang='lat' dir='ltr'><strong>lien/tari</strong></span> <span class='ocrx_word' id='word_1_909' title='bbox 2685 4239 2869 4292; x_wconf 69' lang='lat' dir='ltr'><strong>hellen</strong></span> <span class='ocrx_word' id='word_1_910' title='bbox 2904 4255 2967 4292; x_wconf 91' lang='lat' dir='ltr'><strong>zu</strong></span> <span class='ocrx_word' id='word_1_911' title='bbox 3011 4238 3138 4292; x_wconf 91' lang='lat' dir='ltr'><strong>Ulm</strong></span> <span class='ocrx_word' id='word_1_912' title='bbox 3176 4239 3322 4292; x_wconf 88' lang='lat' dir='ltr'><strong>naeh</strong></span> <span class='ocrx_word' id='word_1_913' title='bbox 3356 4239 3518 4294; x_wconf 87' lang='lat' dir='ltr'><strong>eristi</strong></span> <span class='ocrx_word' id='word_1_914' title='bbox 3554 4241 3710 4308; x_wconf 86' lang='grc'>1485,</span> 
     </span>
    </p>
   </div>
   <div class='ocr_carea' id='block_1_98' title="bbox 2065 4310 3712 4382">
    <p class='ocr_par' dir='ltr' id='par_1_98' title="bbox 2065 4310 3712 4382">
     <span class='ocr_line' id='line_1_98' title="bbox 2065 4310 3712 4382; baseline 0.001 -18"><span class='ocrx_word' id='word_1_915' title='bbox 2065 4310 2161 4364; x_wconf 89' lang='lat' dir='ltr'><strong>fol.</strong></span> <span class='ocrx_word' id='word_1_916' title='bbox 2205 4313 2338 4365; x_wconf 88' lang='lat' dir='ltr'><strong>add.</strong></span> <span class='ocrx_word' id='word_1_917' title='bbox 2386 4311 2455 4365; x_wconf 85' lang='lat' dir='ltr'><strong>el.</strong></span> <span class='ocrx_word' id='word_1_918' title='bbox 2507 4311 2684 4382; x_wconf 78' lang='lat' dir='ltr'><strong>Zap/ii</strong></span> <span class='ocrx_word' id='word_1_919' title='bbox 2723 4311 2921 4364; x_wconf 82' lang='lat' dir='ltr'><strong>alleste</strong></span> <span class='ocrx_word' id='word_1_920' title='bbox 2961 4310 3712 4382; x_wconf 75' lang='lat' dir='ltr'><strong>Buchdruekergeschiehte</strong></span> 
     </span>
    </p>
   </div>
   <div class='ocr_carea' id='block_1_99' title="bbox 2063 4381 3710 4452">
    <p class='ocr_par' dir='ltr' id='par_1_99' title="bbox 2063 4381 3710 4452">
     <span class='ocr_line' id='line_1_99' title="bbox 2063 4381 3710 4452; baseline 0.002 -16"><span class='ocrx_word' id='word_1_921' title='bbox 2063 4385 2436 4450; x_wconf 81' lang='lat' dir='ltr'><strong>Schwebens,</strong></span> <span class='ocrx_word' id='word_1_922' title='bbox 2493 4401 2546 4452; x_wconf 92' lang='lat' dir='ltr'><strong>p.</strong></span> <span class='ocrx_word' id='word_1_923' title='bbox 2587 4381 2692 4447; x_wconf 80' lang='lat'><strong>86,</strong></span> <span class='ocrx_word' id='word_1_924' title='bbox 2728 4399 2815 4451; x_wconf 90' lang='lat' dir='ltr'><strong>sq.</strong></span> <span class='ocrx_word' id='word_1_925' title='bbox 2867 4382 3160 4450; x_wconf 88' lang='lat' dir='ltr'><strong>imprimis</strong></span> <span class='ocrx_word' id='word_1_926' title='bbox 3205 4381 3343 4436; x_wconf 85' lang='lat' dir='ltr'><strong>clar.</strong></span> <span class='ocrx_word' id='word_1_927' title='bbox 3394 4384 3606 4438; x_wconf 82' lang='lat' dir='ltr'><strong>l‘auzer</strong></span> <span class='ocrx_word' id='word_1_928' title='bbox 3650 4385 3710 4439; x_wconf 91' lang='lat' dir='ltr'><strong>in</strong></span> 
     </span>
    </p>
   </div>
   <div class='ocr_carea' id='block_1_100' title="bbox 2061 4452 3706 4527">
    <p class='ocr_par' dir='ltr' id='par_1_100' title="bbox 2061 4452 3706 4527">
     <span class='ocr_line' id='line_1_100' title="bbox 2061 4452 3706 4527; baseline 0.002 -20"><span class='ocrx_word' id='word_1_929' title='bbox 2061 4455 2323 4508; x_wconf 88' lang='lat' dir='ltr'><strong>Aunalen</strong></span> <span class='ocrx_word' id='word_1_930' title='bbox 2358 4457 2458 4508; x_wconf 88' lang='lat' dir='ltr'><strong>der</strong></span> <span class='ocrx_word' id='word_1_931' title='bbox 2478 4455 2661 4508; x_wconf 79' lang='lat' dir='ltr'><strong>altern</strong></span> <span class='ocrx_word' id='word_1_932' title='bbox 2695 4452 2988 4527; x_wconf 77' lang='lat' dir='ltr'><strong>deurehen</strong></span> <span class='ocrx_word' id='word_1_933' title='bbox 3015 4453 3351 4521; x_wconf 88' lang='lat' dir='ltr'><strong>Litteratur,</strong></span> <span class='ocrx_word' id='word_1_934' title='bbox 3384 4471 3438 4526; x_wconf 92' lang='lat' dir='ltr'><strong>p.</strong></span> <span class='ocrx_word' id='word_1_935' title='bbox 3471 4458 3593 4520; x_wconf 83' lang='grc'>143,</span> <span class='ocrx_word' id='word_1_936' title='bbox 3619 4474 3706 4527; x_wconf 87' lang='lat' dir='ltr'><strong>sq.</strong></span> 
     </span>
    </p>
   </div>
   <div class='ocr_carea' id='block_1_101' title="bbox 2063 4525 3712 4598">
    <p class='ocr_par' dir='ltr' id='par_1_101' title="bbox 2063 4525 3712 4598">
     <span class='ocr_line' id='line_1_101' title="bbox 2063 4525 3712 4598; baseline 0.002 -20"><span class='ocrx_word' id='word_1_937' title='bbox 2063 4526 2160 4595; x_wconf 89' lang='lat' dir='ltr'><strong>qui</strong></span> <span class='ocrx_word' id='word_1_938' title='bbox 2196 4543 2263 4580; x_wconf 77' lang='lat' dir='ltr'><strong>ex</strong></span> <span class='ocrx_word' id='word_1_939' title='bbox 2310 4528 2561 4596; x_wconf 77' lang='lat' dir='ltr'><strong>Freyatii</strong></span> <span class='ocrx_word' id='word_1_940' title='bbox 2589 4525 3019 4598; x_wconf 78' lang='lat' dir='ltr'><strong>notitiaeitata</strong></span> <span class='ocrx_word' id='word_1_941' title='bbox 3066 4525 3398 4598; x_wconf 86' lang='lat' dir='ltr'><strong>memoratu</strong></span> <span class='ocrx_word' id='word_1_942' title='bbox 3443 4525 3712 4598; x_wconf 83' lang='lat' dir='ltr'><strong>digniora</strong></span> 
     </span>
    </p>
   </div>
   <div class='ocr_carea' id='block_1_102' title="bbox 2062 4596 3702 4667">
    <p class='ocr_par' dir='ltr' id='par_1_102' title="bbox 2062 4596 3702 4667">
     <span class='ocr_line' id='line_1_102' title="bbox 2062 4596 3702 4667; baseline 0.004 -18"><span class='ocrx_word' id='word_1_943' title='bbox 2062 4599 2367 4667; x_wconf 74' lang='lat' dir='ltr'><strong>excerpsit.</strong></span> <span class='ocrx_word' id='word_1_944' title='bbox 2407 4599 2558 4651; x_wconf 86' lang='lat' dir='ltr'><strong>ldem</strong></span> <span class='ocrx_word' id='word_1_945' title='bbox 2595 4597 2661 4650; x_wconf 91' lang='lat' dir='ltr'><strong>N.</strong></span> <span class='ocrx_word' id='word_1_946' title='bbox 2701 4601 2760 4650; x_wconf 88' lang='lat'><strong>1).</strong></span> <span class='ocrx_word' id='word_1_947' title='bbox 2795 4596 2942 4667; x_wconf 84' lang='lat' dir='ltr'><strong>ibid.</strong></span> <span class='ocrx_word' id='word_1_948' title='bbox 2972 4596 3286 4665; x_wconf 85' lang='lat' dir='ltr'><strong>descripsit</strong></span> <span class='ocrx_word' id='word_1_949' title='bbox 3319 4614 3369 4666; x_wconf 92' lang='lat' dir='ltr'><strong>p.</strong></span> <span class='ocrx_word' id='word_1_950' title='bbox 3405 4596 3533 4667; x_wconf 62' lang='lat'><strong>152;</strong></span> <span class='ocrx_word' id='word_1_951' title='bbox 3563 4601 3702 4655; x_wconf 83' lang='lat' dir='ltr'><strong>edit.</strong></span> 
     </span>
    </p>
   </div>
   <div class='ocr_carea' id='block_1_103' title="bbox 2062 4666 3710 4738">
    <p class='ocr_par' dir='ltr' id='par_1_103' title="bbox 2062 4666 3710 4738">
     <span class='ocr_line' id='line_1_103' title="bbox 2062 4666 3710 4738; baseline 0.002 -19"><span class='ocrx_word' id='word_1_952' title='bbox 2062 4666 2300 4723; x_wconf 82' lang='lat' dir='ltr'><strong>alteram</strong></span> <span class='ocrx_word' id='word_1_953' title='bbox 2327 4669 2659 4723; x_wconf 80' lang='lat' dir='ltr'><strong>Ulmensem</strong></span> <span class='ocrx_word' id='word_1_954' title='bbox 2695 4685 2788 4738; x_wconf 89' lang='lat' dir='ltr'><strong>ap.</strong></span> <span class='ocrx_word' id='word_1_955' title='bbox 2827 4666 3026 4721; x_wconf 90' lang='lat' dir='ltr'><strong>llollen</strong></span> <span class='ocrx_word' id='word_1_956' title='bbox 3063 4669 3218 4728; x_wconf 83' lang='grc'>1484,</span> <span class='ocrx_word' id='word_1_957' title='bbox 3245 4667 3341 4722; x_wconf 84' lang='lat' dir='ltr'><strong>fol.</strong></span> <span class='ocrx_word' id='word_1_958' title='bbox 3372 4674 3428 4723; x_wconf 92' lang='lat' dir='ltr'><strong>et</strong></span> <span class='ocrx_word' id='word_1_959' title='bbox 3452 4666 3580 4738; x_wconf 82' lang='lat' dir='ltr'><strong>pag.</strong></span> <span class='ocrx_word' id='word_1_960' title='bbox 3608 4672 3710 4724; x_wconf 87' lang='lat'><strong>135</strong></span> 
     </span>
    </p>
   </div>
   <div class='ocr_carea' id='block_1_104' title="bbox 2060 4739 3710 4808">
    <p class='ocr_par' dir='ltr' id='par_1_104' title="bbox 2060 4739 3710 4808">
     <span class='ocr_line' id='line_1_104' title="bbox 2060 4739 3710 4808; baseline 0.002 -16"><span class='ocrx_word' id='word_1_961' title='bbox 2060 4757 2127 4792; x_wconf 86' lang='lat' dir='ltr'><strong>ex</strong></span> <span class='ocrx_word' id='word_1_962' title='bbox 2159 4741 2429 4795; x_wconf 88' lang='lat' dir='ltr'><strong>Gerkenii</strong></span> <span class='ocrx_word' id='word_1_963' title='bbox 2461 4740 2722 4793; x_wconf 67' lang='lat' dir='ltr'><strong>itinerar.</strong></span> <span class='ocrx_word' id='word_1_964' title='bbox 2765 4744 2909 4808; x_wconf 81' lang='lat' dir='ltr'><strong>part.</strong></span> <span class='ocrx_word' id='word_1_965' title='bbox 2944 4754 2983 4793; x_wconf 87' lang='grc' dir='ltr'>Ι.</span> <span class='ocrx_word' id='word_1_966' title='bbox 3020 4756 3074 4808; x_wconf 82' lang='grc' dir='ltr'>ρ.</span> <span class='ocrx_word' id='word_1_967' title='bbox 3110 4741 3232 4792; x_wconf 77' lang='grc'>308.</span> <span class='ocrx_word' id='word_1_968' title='bbox 3266 4739 3380 4795; x_wconf 87' lang='lat' dir='ltr'><strong>Das</strong></span> <span class='ocrx_word' id='word_1_969' title='bbox 3413 4739 3569 4796; x_wconf 76' lang='lat' dir='ltr'><strong>Buch</strong></span> <span class='ocrx_word' id='word_1_970' title='bbox 3604 4744 3710 4796; x_wconf 93' lang='lat' dir='ltr'><strong>der</strong></span> 
     </span>
    </p>
   </div>
   <div class='ocr_carea' id='block_1_105' title="bbox 2060 4810 3709 4881">
    <p class='ocr_par' dir='ltr' id='par_1_105' title="bbox 2060 4810 3709 4881">
     <span class='ocr_line' id='line_1_105' title="bbox 2060 4810 3709 4881; baseline 0.002 -18"><span class='ocrx_word' id='word_1_971' title='bbox 2060 4812 2337 4866; x_wconf 84' lang='lat' dir='ltr'><strong>weisheit</strong></span> <span class='ocrx_word' id='word_1_972' title='bbox 2361 4813 2500 4864; x_wconf 76' lang='lat' dir='ltr'><strong>oder</strong></span> <span class='ocrx_word' id='word_1_973' title='bbox 2531 4814 2632 4865; x_wconf 91' lang='lat' dir='ltr'><strong>der</strong></span> <span class='ocrx_word' id='word_1_974' title='bbox 2664 4811 2816 4864; x_wconf 90' lang='lat' dir='ltr'><strong>alten</strong></span> <span class='ocrx_word' id='word_1_975' title='bbox 2840 4810 3116 4876; x_wconf 85' lang='lat' dir='ltr'><strong>weissen,</strong></span> <span class='ocrx_word' id='word_1_976' title='bbox 3140 4815 3247 4865; x_wconf 88' lang='lat' dir='ltr'><strong>etc.</strong></span> <span class='ocrx_word' id='word_1_977' title='bbox 3283 4819 3552 4881; x_wconf 63' lang='lat' dir='ltr'><strong>Augusta:</strong></span> <span class='ocrx_word' id='word_1_978' title='bbox 3574 4813 3709 4869; x_wconf 86' lang='lat' dir='ltr'><strong>Vin-</strong></span> 
     </span>
    </p>
   </div>
   <div class='ocr_carea' id='block_1_106' title="bbox 2061 4881 3709 4954">
    <p class='ocr_par' dir='ltr' id='par_1_106' title="bbox 2061 4881 3709 4954">
     <span class='ocr_line' id='line_1_106' title="bbox 2061 4881 3709 4954; baseline 0 -15"><span class='ocrx_word' id='word_1_979' title='bbox 2061 4884 2209 4939; x_wconf 90' lang='lat' dir='ltr'><strong>delic</strong></span> <span class='ocrx_word' id='word_1_980' title='bbox 2264 4901 2366 4953; x_wconf 87' lang='lat' dir='ltr'><strong>per</strong></span> <span class='ocrx_word' id='word_1_981' title='bbox 2394 4888 2551 4936; x_wconf 78' lang='lat' dir='ltr'><strong>Hans</strong></span> <span class='ocrx_word' id='word_1_982' title='bbox 2583 4881 3026 4954; x_wconf 76' lang='lat' dir='ltr'><strong>Schnnl&#39;perger.</strong></span> <span class='ocrx_word' id='word_1_983' title='bbox 3065 4883 3220 4936; x_wconf 86' lang='grc'>1484.</span> <span class='ocrx_word' id='word_1_984' title='bbox 3257 4881 3354 4937; x_wconf 89' lang='lat' dir='ltr'><strong>fol.</strong></span> <span class='ocrx_word' id='word_1_985' title='bbox 3387 4915 3456 4925; x_wconf 74' lang='grc' dir='ltr'><strong>-ο</strong></span> <span class='ocrx_word' id='word_1_986' title='bbox 3489 4901 3542 4954; x_wconf 91' lang='lat' dir='ltr'><strong>p.</strong></span> <span class='ocrx_word' id='word_1_987' title='bbox 3586 4886 3709 4939; x_wconf 89' lang='lat'><strong>158.</strong></span> 
     </span>
    </p>
   </div>
   <div class='ocr_carea' id='block_1_107' title="bbox 2064 4952 3712 5022">
    <p class='ocr_par' dir='ltr' id='par_1_107' title="bbox 2064 4952 3712 5022">
     <span class='ocr_line' id='line_1_107' title="bbox 2064 4952 3712 5022; baseline 0.002 -13"><span class='ocrx_word' id='word_1_988' title='bbox 2064 4961 2176 5010; x_wconf 79' lang='lat' dir='ltr'><strong>Das</strong></span> <span class='ocrx_word' id='word_1_989' title='bbox 2210 4952 2365 5008; x_wconf 86' lang='lat' dir='ltr'><strong>Buch</strong></span> <span class='ocrx_word' id='word_1_990' title='bbox 2391 4955 2493 5006; x_wconf 88' lang='lat' dir='ltr'><strong>der</strong></span> <span class='ocrx_word' id='word_1_991' title='bbox 2523 4953 2764 5022; x_wconf 87' lang='lat' dir='ltr'><strong>biespiel</strong></span> <span class='ocrx_word' id='word_1_992' title='bbox 2790 4953 2890 5006; x_wconf 88' lang='lat' dir='ltr'><strong>der</strong></span> <span class='ocrx_word' id='word_1_993' title='bbox 2919 4952 3091 5007; x_wconf 86' lang='lat' dir='ltr'><strong>altem</strong></span> <span class='ocrx_word' id='word_1_994' title='bbox 3116 4954 3361 5022; x_wconf 80' lang='lat' dir='ltr'><strong>Weisen,</strong></span> <span class='ocrx_word' id='word_1_995' title='bbox 3395 4952 3506 5011; x_wconf 45' lang='lat' dir='ltr'><strong>etc}</strong></span> <span class='ocrx_word' id='word_1_996' title='bbox 3533 4955 3712 5012; x_wconf 72' lang='lat' dir='ltr'><strong>Ulmaa</strong></span> 
     </span>
    </p>
   </div>
   <div class='ocr_carea' id='block_1_108' title="bbox 2062 5023 3713 5096">
    <p class='ocr_par' dir='ltr' id='par_1_108' title="bbox 2062 5023 3713 5096">
     <span class='ocr_line' id='line_1_108' title="bbox 2062 5023 3713 5096; baseline 0 -14"><span class='ocrx_word' id='word_1_997' title='bbox 2062 5045 2165 5094; x_wconf 89' lang='lat' dir='ltr'><strong>per</strong></span> <span class='ocrx_word' id='word_1_998' title='bbox 2207 5032 2374 5082; x_wconf 78' lang='lat' dir='ltr'><strong>Conr.</strong></span> <span class='ocrx_word' id='word_1_999' title='bbox 2410 5025 2746 5080; x_wconf 77' lang='lat' dir='ltr'><strong>Dinckmut.</strong></span> <span class='ocrx_word' id='word_1_1000' title='bbox 2801 5025 2956 5090; x_wconf 78' lang='lat' dir='ltr'><strong>H85,</strong></span> <span class='ocrx_word' id='word_1_1001' title='bbox 3012 5023 3108 5078; x_wconf 87' lang='lat' dir='ltr'><strong>fol.</strong></span> <span class='ocrx_word' id='word_1_1002' title='bbox 3145 5057 3208 5065; x_wconf 95' lang='lat'>—</span> <span class='ocrx_word' id='word_1_1003' title='bbox 3259 5042 3388 5096; x_wconf 80' lang='lat' dir='ltr'><strong>pag.</strong></span> <span class='ocrx_word' id='word_1_1004' title='bbox 3421 5029 3545 5080; x_wconf 83' lang='lat'><strong>256.</strong></span> <span class='ocrx_word' id='word_1_1005' title='bbox 3600 5029 3713 5084; x_wconf 91' lang='lat' dir='ltr'><strong>Das</strong></span> 
     </span>
    </p>
   </div>
   <div class='ocr_carea' id='block_1_109' title="bbox 2063 5096 3715 5166">
    <p class='ocr_par' dir='ltr' id='par_1_109' title="bbox 2063 5096 3715 5166">
     <span class='ocr_line' id='line_1_109' title="bbox 2063 5096 3715 5166; baseline -0.002 -12"><span class='ocrx_word' id='word_1_1006' title='bbox 2063 5099 2220 5154; x_wconf 87' lang='lat' dir='ltr'><strong>Buch</strong></span> <span class='ocrx_word' id='word_1_1007' title='bbox 2254 5099 2353 5151; x_wconf 84' lang='lat' dir='ltr'><strong>der</strong></span> <span class='ocrx_word' id='word_1_1008' title='bbox 2384 5096 2656 5152; x_wconf 86' lang='lat' dir='ltr'><strong>weisheit</strong></span> <span class='ocrx_word' id='word_1_1009' title='bbox 2685 5101 2794 5149; x_wconf 89' lang='lat' dir='ltr'><strong>etc.</strong></span> <span class='ocrx_word' id='word_1_1010' title='bbox 2819 5098 3102 5166; x_wconf 70' lang='lat' dir='ltr'><strong>Argeator</strong></span> <span class='ocrx_word' id='word_1_1011' title='bbox 3151 5113 3249 5166; x_wconf 89' lang='lat' dir='ltr'><strong>per</strong></span> <span class='ocrx_word' id='word_1_1012' title='bbox 3277 5097 3432 5152; x_wconf 84' lang='lat' dir='ltr'><strong>Hans</strong></span> <span class='ocrx_word' id='word_1_1013' title='bbox 3454 5099 3715 5155; x_wconf 80' lang='lat' dir='ltr'><strong>Grunir-</strong></span> 
     </span>
    </p>
   </div>
   <div class='ocr_carea' id='block_1_110' title="bbox 2064 5165 3710 5241">
    <p class='ocr_par' dir='ltr' id='par_1_110' title="bbox 2064 5165 3710 5241">
     <span class='ocr_line' id='line_1_110' title="bbox 2064 5165 3710 5241; baseline 0.004 -21"><span class='ocrx_word' id='word_1_1014' title='bbox 2064 5188 2184 5241; x_wconf 75' lang='lat' dir='ltr'><strong>ger.</strong></span> <span class='ocrx_word' id='word_1_1015' title='bbox 2222 5171 2377 5241; x_wconf 87' lang='lat'><strong>1001,</strong></span> <span class='ocrx_word' id='word_1_1016' title='bbox 2416 5168 2532 5241; x_wconf 84' lang='lat' dir='ltr'><strong>_fol.</strong></span> <span class='ocrx_word' id='word_1_1017' title='bbox 2565 5169 2915 5241; x_wconf 10' lang='lat' dir='ltr'><strong>--_7Frey_tag</strong></span> <span class='ocrx_word' id='word_1_1018' title='bbox 2947 5165 3082 5241; x_wconf 24' lang='lat' dir='ltr'><strong>l.‘c.</strong></span> <span class='ocrx_word' id='word_1_1019' title='bbox 3121 5165 3174 5239; x_wconf 82' lang='lat' dir='ltr'><strong>p.</strong></span> <span class='ocrx_word' id='word_1_1020' title='bbox 3213 5169 3345 5241; x_wconf 80' lang='lat'><strong>117,</strong></span> <span class='ocrx_word' id='word_1_1021' title='bbox 3385 5169 3710 5240; x_wconf 78' lang='lat' dir='ltr'><strong>longiorem</strong></span> 
     </span>
    </p>
   </div>
   <div class='ocr_carea' id='block_1_111' title="bbox 2067 5238 3712 5308">
    <p class='ocr_par' dir='ltr' id='par_1_111' title="bbox 2067 5238 3712 5308">
     <span class='ocr_line' id='line_1_111' title="bbox 2067 5238 3712 5308; baseline 0 -11"><span class='ocrx_word' id='word_1_1022' title='bbox 2067 5238 2339 5297; x_wconf 81' lang='lat' dir='ltr'><strong>editionis</strong></span> <span class='ocrx_word' id='word_1_1023' title='bbox 2381 5239 2530 5293; x_wconf 85' lang='lat' dir='ltr'><strong>alius</strong></span> <span class='ocrx_word' id='word_1_1024' title='bbox 2565 5257 2596 5292; x_wconf 87' lang='lat' dir='ltr'><strong>a</strong></span> <span class='ocrx_word' id='word_1_1025' title='bbox 2629 5238 2860 5292; x_wconf 81' lang='lat' dir='ltr'><strong>Starkio</strong></span> <span class='ocrx_word' id='word_1_1026' title='bbox 2901 5238 3152 5308; x_wconf 68' lang='lat' dir='ltr'><strong>omissa},</strong></span> <span class='ocrx_word' id='word_1_1027' title='bbox 3195 5240 3355 5294; x_wconf 86' lang='lat' dir='ltr'><strong>dedit</strong></span> <span class='ocrx_word' id='word_1_1028' title='bbox 3396 5238 3658 5297; x_wconf 66' lang='lat' dir='ltr'><strong>notitiam</strong></span> <span class='ocrx_word' id='word_1_1029' title='bbox 3700 5260 3712 5298; x_wconf 91' lang='lat'><strong>:</strong></span> 
     </span>
    </p>
   </div>
   <div class='ocr_carea' id='block_1_112' title="bbox 2069 5308 3710 5380">
    <p class='ocr_par' dir='ltr' id='par_1_112' title="bbox 2069 5308 3710 5380">
     <span class='ocr_line' id='line_1_112' title="bbox 2069 5308 3710 5380; baseline 0.001 -12"><span class='ocrx_word' id='word_1_1030' title='bbox 2069 5314 2180 5368; x_wconf 89' lang='lat' dir='ltr'><strong>Der</strong></span> <span class='ocrx_word' id='word_1_1031' title='bbox 2209 5313 2365 5366; x_wconf 82' lang='lat' dir='ltr'><strong>alten</strong></span> <span class='ocrx_word' id='word_1_1032' title='bbox 2393 5311 2611 5367; x_wconf 84' lang='lat' dir='ltr'><strong>weisen</strong></span> <span class='ocrx_word' id='word_1_1033' title='bbox 2639 5308 2919 5380; x_wconf 81' lang='lat' dir='ltr'><strong>exempel,</strong></span> <span class='ocrx_word' id='word_1_1034' title='bbox 2955 5309 3170 5380; x_wconf 85' lang='lat' dir='ltr'><strong>sprueh</strong></span> <span class='ocrx_word' id='word_1_1035' title='bbox 3201 5313 3395 5368; x_wconf 90' lang='lat' dir='ltr'><strong>mitvil</strong></span> <span class='ocrx_word' id='word_1_1036' title='bbox 3421 5315 3710 5370; x_wconf 87' lang='lat' dir='ltr'><strong>schoenen</strong></span> 
     </span>
    </p>
   </div>
   <div class='ocr_carea' id='block_1_113' title="bbox 2068 5381 3712 5466">
    <p class='ocr_par' dir='ltr' id='par_1_113' title="bbox 2068 5381 3712 5466">
     <span class='ocr_line' id='line_1_113' title="bbox 2068 5381 3712 5466; baseline 0.015 -47"><span class='ocrx_word' id='word_1_1037' title='bbox 2068 5384 2405 5466; x_wconf 44' lang='lat' dir='ltr'><strong>prs‘piciep‘</strong></span> <span class='ocrx_word' id='word_1_1038' title='bbox 2457 5382 2829 5466; x_wconf 52' lang='lat' dir='ltr'><strong>und‘ligiLrSP</strong></span> <span class='ocrx_word' id='word_1_1039' title='bbox 2863 5381 3201 5466; x_wconf 50' lang='lat' dir='ltr'><strong>erieu&#39;pbtet,</strong></span> <span class='ocrx_word' id='word_1_1040' title='bbox 3243 5389 3351 5466; x_wconf 77' lang='lat' dir='ltr'><strong>etc.</strong></span> <span class='ocrx_word' id='word_1_1041' title='bbox 3405 5390 3712 5466; x_wconf 77' lang='lat' dir='ltr'><strong>Argentor.</strong></span> 
     </span>
    </p>
   </div>
   <div class='ocr_carea' id='block_1_114' title="bbox 2069 5451 3716 5600">
    <p class='ocr_par' dir='ltr' id='par_1_114' title="bbox 2069 5451 3716 5600">
     <span class='ocr_line' id='line_1_114' title="bbox 2069 5451 3716 5525; baseline 0.002 -16"><span class='ocrx_word' id='word_1_1042' title='bbox 2069 5451 2312 5524; x_wconf 55' lang='lat' dir='ltr'><strong>apIJac.</strong></span> <span class='ocrx_word' id='word_1_1043' title='bbox 2367 5452 2646 5508; x_wconf 86' lang='lat' dir='ltr'><strong>Froelich.</strong></span> <span class='ocrx_word' id='word_1_1044' title='bbox 2687 5453 2837 5506; x_wconf 82' lang='grc'>1530.</span> <span class='ocrx_word' id='word_1_1045' title='bbox 2877 5451 2970 5506; x_wconf 82' lang='lat' dir='ltr'><strong>fol.</strong></span> <span class='ocrx_word' id='word_1_1046' title='bbox 3007 5453 3410 5525; x_wconf 85' lang='lat' dir='ltr'><strong>Deniquejam</strong></span> <span class='ocrx_word' id='word_1_1047' title='bbox 3458 5451 3716 5514; x_wconf 71' lang='lat' dir='ltr'><strong>laudavit</strong></span> 
     </span>
     <span class='ocr_line' id='line_1_115' title="bbox 2072 5524 3712 5600; baseline 0.001 -19"><span class='ocrx_word' id='word_1_1048' title='bbox 2072 5526 2322 5581; x_wconf 67' lang='lat' dir='ltr'><strong>lsrueker</strong></span> <span class='ocrx_word' id='word_1_1049' title='bbox 2350 5528 2545 5600; x_wconf 77' lang='lat' dir='ltr'><strong>Ilistor.</strong></span> <span class='ocrx_word' id='word_1_1050' title='bbox 2589 5526 2840 5600; x_wconf 70' lang='lat' dir='ltr'><strong>criticum</strong></span> <span class='ocrx_word' id='word_1_1051' title='bbox 2868 5524 3174 5600; x_wconf 49' lang='lat' dir='ltr'><strong>philosorrh.</strong></span> <span class='ocrx_word' id='word_1_1052' title='bbox 3205 5525 3359 5600; x_wconf 63' lang='lat' dir='ltr'><strong>libr.</strong></span> <span class='ocrx_word' id='word_1_1053' title='bbox 3398 5545 3459 5595; x_wconf 87' lang='lat' dir='ltr'><strong>Il,</strong></span> <span class='ocrx_word' id='word_1_1054' title='bbox 3493 5546 3622 5600; x_wconf 88' lang='lat' dir='ltr'><strong>cap.</strong></span> <span class='ocrx_word' id='word_1_1055' title='bbox 3659 5531 3712 5595; x_wconf 88' lang='grc'><strong>4,</strong></span> 
     </span>
    </p>
   </div>
   <div class='ocr_carea' id='block_1_115' title="bbox 2067 5597 3710 5668">
    <p class='ocr_par' dir='ltr' id='par_1_115' title="bbox 2067 5597 3710 5668">
     <span class='ocr_line' id='line_1_116' title="bbox 2067 5597 3710 5668; baseline 0.004 -19"><span class='ocrx_word' id='word_1_1056' title='bbox 2067 5603 2176 5662; x_wconf 55' lang='grc' dir='ltr'><strong>ξε,</strong></span> <span class='ocrx_word' id='word_1_1057' title='bbox 2210 5604 2345 5650; x_wconf 89' lang='lat' dir='ltr'><strong>tom.</strong></span> <span class='ocrx_word' id='word_1_1058' title='bbox 2407 5599 2443 5660; x_wconf 88' lang='lat' dir='ltr'><strong>l,</strong></span> <span class='ocrx_word' id='word_1_1059' title='bbox 2488 5613 2620 5663; x_wconf 83' lang='lat' dir='ltr'><strong>pag.</strong></span> <span class='ocrx_word' id='word_1_1060' title='bbox 2673 5599 2776 5650; x_wconf 83' lang='lat'><strong>210</strong></span> <span class='ocrx_word' id='word_1_1061' title='bbox 2829 5613 2959 5667; x_wconf 83' lang='lat' dir='ltr'><strong>sqq.</strong></span> <span class='ocrx_word' id='word_1_1062' title='bbox 2995 5628 3061 5637; x_wconf 90' lang='lat'><strong>——</strong></span> <span class='ocrx_word' id='word_1_1063' title='bbox 3115 5597 3347 5652; x_wconf 69' lang='lat' dir='ltr'><strong>Italicas</strong></span> <span class='ocrx_word' id='word_1_1064' title='bbox 3392 5597 3710 5668; x_wconf 75' lang='lat' dir='ltr'><strong>versiones,</strong></span> 
     </span>
    </p>
   </div>
   <div class='ocr_carea' id='block_1_116' title="bbox 2067 5668 3706 5734">
    <p class='ocr_par' dir='ltr' id='par_1_116' title="bbox 2067 5668 3706 5734">
     <span class='ocr_line' id='line_1_117' title="bbox 2067 5668 3706 5734; baseline 0.004 -12"><span class='ocrx_word' id='word_1_1065' title='bbox 2067 5669 2348 5724; x_wconf 71' lang='lat' dir='ltr'><strong>Venetiis.</strong></span> <span class='ocrx_word' id='word_1_1066' title='bbox 2407 5669 2558 5726; x_wconf 79' lang='grc'>1552,</span> <span class='ocrx_word' id='word_1_1067' title='bbox 2594 5669 2623 5721; x_wconf 87' lang='grc'><strong>4</strong></span> <span class='ocrx_word' id='word_1_1068' title='bbox 2657 5698 2724 5706; x_wconf 91' lang='lat'><strong>--</strong></span> <span class='ocrx_word' id='word_1_1069' title='bbox 2778 5668 2933 5730; x_wconf 80' lang='lat'><strong>1567,</strong></span> <span class='ocrx_word' id='word_1_1070' title='bbox 2967 5671 3019 5731; x_wconf 88' lang='grc'><strong>8,</strong></span> <span class='ocrx_word' id='word_1_1071' title='bbox 3059 5701 3120 5708; x_wconf 91' lang='grc'><strong>-</strong></span> <span class='ocrx_word' id='word_1_1072' title='bbox 3165 5669 3425 5725; x_wconf 87' lang='lat' dir='ltr'><strong>Tridenl.</strong></span> <span class='ocrx_word' id='word_1_1073' title='bbox 3461 5673 3621 5734; x_wconf 84' lang='grc'>1594.</span> <span class='ocrx_word' id='word_1_1074' title='bbox 3653 5674 3706 5728; x_wconf 88' lang='grc'><strong>8.</strong></span> 
     </span>
    </p>
   </div>
   <div class='ocr_carea' id='block_1_117' title="bbox 2066 5739 3711 5805">
    <p class='ocr_par' dir='ltr' id='par_1_117' title="bbox 2066 5739 3711 5805">
     <span class='ocr_line' id='line_1_118' title="bbox 2066 5739 3711 5805; baseline 0.002 -12"><span class='ocrx_word' id='word_1_1075' title='bbox 2066 5773 2134 5781; x_wconf 90' lang='lat'><strong>—-</strong></span> <span class='ocrx_word' id='word_1_1076' title='bbox 2164 5739 2463 5805; x_wconf 68' lang='lat' dir='ltr'><strong>Vicentiaa,</strong></span> <span class='ocrx_word' id='word_1_1077' title='bbox 2507 5740 2664 5804; x_wconf 83' lang='lat'><strong>1597,</strong></span> <span class='ocrx_word' id='word_1_1078' title='bbox 2696 5739 2749 5796; x_wconf 88' lang='lat'><strong>8.</strong></span> <span class='ocrx_word' id='word_1_1079' title='bbox 2776 5769 2843 5778; x_wconf 86' lang='lat'><strong>——-</strong></span> <span class='ocrx_word' id='word_1_1080' title='bbox 2896 5740 3088 5792; x_wconf 77' lang='lat' dir='ltr'><strong>Venet.</strong></span> <span class='ocrx_word' id='word_1_1081' title='bbox 3127 5739 3284 5794; x_wconf 88' lang='lat'><strong>1605.</strong></span> <span class='ocrx_word' id='word_1_1082' title='bbox 3335 5741 3366 5794; x_wconf 84' lang='grc'><strong>4</strong></span> <span class='ocrx_word' id='word_1_1083' title='bbox 3398 5773 3464 5782; x_wconf 92' lang='lat'><strong>—-</strong></span> <span class='ocrx_word' id='word_1_1084' title='bbox 3513 5744 3711 5797; x_wconf 81' lang='lat' dir='ltr'><strong>Ferra-</strong></span> 
     </span>
    </p>
   </div>
   <div class='ocr_carea' id='block_1_118' title="bbox 2065 5811 3712 5876">
    <p class='ocr_par' dir='ltr' id='par_1_118' title="bbox 2065 5811 3712 5876">
     <span class='ocr_line' id='line_1_119' title="bbox 2065 5811 3712 5876; baseline -0.001 -10"><span class='ocrx_word' id='word_1_1085' title='bbox 2065 5813 2184 5866; x_wconf 75' lang='lat' dir='ltr'><strong>rire.</strong></span> <span class='ocrx_word' id='word_1_1086' title='bbox 2232 5812 2386 5874; x_wconf 68' lang='grc'>1503,</span> <span class='ocrx_word' id='word_1_1087' title='bbox 2419 5815 2471 5873; x_wconf 82' lang='grc'><strong>8,</strong></span> <span class='ocrx_word' id='word_1_1088' title='bbox 2502 5817 2558 5866; x_wconf 89' lang='lat' dir='ltr'><strong>et</strong></span> <span class='ocrx_word' id='word_1_1089' title='bbox 2608 5811 2766 5876; x_wconf 84' lang='lat'><strong>1610,</strong></span> <span class='ocrx_word' id='word_1_1090' title='bbox 2800 5811 2853 5876; x_wconf 92' lang='lat'><strong>8,</strong></span> <span class='ocrx_word' id='word_1_1091' title='bbox 2889 5811 3130 5864; x_wconf 84' lang='lat' dir='ltr'><strong>uberius</strong></span> <span class='ocrx_word' id='word_1_1092' title='bbox 3181 5816 3442 5867; x_wconf 85' lang='lat' dir='ltr'><strong>recenset</strong></span> <span class='ocrx_word' id='word_1_1093' title='bbox 3483 5813 3712 5870; x_wconf 80' lang='lat' dir='ltr'><strong>Paitoni</strong></span> 
     </span>
    </p>
   </div>
   <div class='ocr_carea' id='block_1_119' title="bbox 2065 5879 3714 6028">
    <p class='ocr_par' dir='ltr' id='par_1_119' title="bbox 2065 5879 3714 6028">
     <span class='ocr_line' id='line_1_120' title="bbox 2065 5879 3714 5959; baseline 0 -21"><span class='ocrx_word' id='word_1_1094' title='bbox 2065 5887 2122 5938; x_wconf 89' lang='lat' dir='ltr'><strong>in</strong></span> <span class='ocrx_word' id='word_1_1095' title='bbox 2158 5883 2296 5938; x_wconf 90' lang='lat' dir='ltr'><strong>bibl.</strong></span> <span class='ocrx_word' id='word_1_1096' title='bbox 2333 5883 2485 5956; x_wconf 84' lang='lat' dir='ltr'><strong>dein</strong></span> <span class='ocrx_word' id='word_1_1097' title='bbox 2515 5880 2714 5938; x_wconf 88' lang='lat' dir='ltr'><strong>Autori</strong></span> <span class='ocrx_word' id='word_1_1098' title='bbox 2749 5911 2813 5922; x_wconf 89' lang='lat'><strong>—</strong></span> <span class='ocrx_word' id='word_1_1099' title='bbox 2843 5879 3212 5952; x_wconf 83' lang='lat' dir='ltr'><strong>volgarizzati</strong></span> <span class='ocrx_word' id='word_1_1100' title='bbox 3247 5883 3390 5938; x_wconf 83' lang='lat' dir='ltr'><strong>tom.</strong></span> <span class='ocrx_word' id='word_1_1101' title='bbox 3427 5883 3522 5956; x_wconf 80' lang='lat' dir='ltr'><strong>iV,</strong></span> <span class='ocrx_word' id='word_1_1102' title='bbox 3553 5901 3613 5959; x_wconf 84' lang='lat' dir='ltr'><strong>p.</strong></span> <span class='ocrx_word' id='word_1_1103' title='bbox 3642 5881 3714 5940; x_wconf 86' lang='lat'><strong>52</strong></span> 
     </span>
     <span class='ocr_line' id='line_1_121' title="bbox 2065 5955 3566 6028; baseline -0.002 -15"><span class='ocrx_word' id='word_1_1104' title='bbox 2065 5958 2154 6014; x_wconf 85' lang='lat'><strong>58.</strong></span> <span class='ocrx_word' id='word_1_1105' title='bbox 2187 5955 2407 6028; x_wconf 53' lang='lat' dir='ltr'><strong>(Hann)</strong></span> <span class='ocrx_word' id='word_1_1106' title='bbox 3562 6027 3566 6028; x_wconf 18' lang='grc' dir='ltr'><em>ν</em></span> 
     </span>
    </p>
   </div>
   <div class='ocr_carea' id='block_1_120' title="bbox 2065 5958 2381 6014">
    <p class='ocr_par' dir='ltr' id='par_1_120' title="bbox 2065 5958 2381 6014">
     <span class='ocr_line' id='line_1_122' title="bbox 2065 5958 2381 6014; baseline -0.013 0"><span class='ocrx_word' id='word_1_1107' title='bbox 2065 5958 2154 6014; x_wconf 86' lang='grc'><strong>58.</strong></span> <span class='ocrx_word' id='word_1_1108' title='bbox 2187 5958 2381 6014; x_wconf 69' lang='grc' dir='ltr'><strong>(ΗΑΒῑι.</strong></span> 
     </span>
    </p>
   </div>
  </div>
