4090 6402
295 406 404 463 435
1526 405 1736 458 PETRI
1778 402 1910 458 PCR

2108 405 2495 461 )EDICATIO.
3616 399 3723 455 436

295 532 726 602 Pachymerius,
763 530 901 602 quod
931 545 1000 585 ea:
1019 528 1251 584 historia
1280 532 1333 583 et
1353 527 1483 583 aliis
1513 525 1755 598 ejusdem
1787 526 2210 583 tractationibus
2241 528 2440 600 epltigi
2464 532 2663 600 potest,
2695 530 2909 600 ineptat
2941 526 3018 600 (g)
3038 527 3234 583 Refert
3258 532 3453 582 autem
3488 532 3728 581 nactum

296 638 360 679 se
393 621 761 694 Pacbymeraa
788 618 1141 691 opusculum
1170 617 1299 691 Περὶ
1328 614 1747 675 κατασκευασίας
1776 615 1867 669 καὶ
1898 613 1911 669 ἓ

2111 615 2210 678 πίας
2241 620 2349 670 τῶν
2404 616 2884 693 ἐπιχειρημάτων,
2918 618 2993 672 De
3045 632 3322 688 apparatu
3364 619 3417 671 et
3472 622 3726 671 constru-

297 711 478 767 ctione
498 718 984 781 argumentorum,
1004 708 1174 778 cujus
1204 706 1438 761 initium
1478 724 1489 761 :
1526 710 1635 758 Πᾶν
1668 724 1912 758 κατασκει

2118 748 2121 757 .
2155 702 2224 759 δι’
2253 702 2327 778 ἕξ.
2363 709 2451 762 Ait
2476 709 2676 774 etiam,
2707 707 3072 779 Pachymeraa
3091 705 3360 761 libellum
3395 709 3477 760 De
3498 707 3733 776 qaatuor

296 799 707 855 mathematicis
739 797 998 852 scientiis
1047 802 1270 851 exstare
1296 812 1407 850 ms.
1443 796 1500 849 in
1533 796 1674 850 bibl.
1719 796 1875 866 regis
1923 794 2143 859 Galliae,
2189 798 2289 851 sed
2314 797 2568 864 dubitat,
2620 797 2853 852 idemne
2888 796 2983 863 sit,
3012 796 3111 868 qui
3146 797 3251 852 sub
3282 793 3458 851 Pselli
3490 794 3733 850 nomine

300 890 496 945 editus
530 893 638 957 est,
664 892 721 943 et
752 889 821 942 de
855 903 970 957 quo
1001 884 1253 940 Allatius
1301 884 1447 939 libro
1482 886 1553 940 de
1579 885 1790 940 Psellis
1820 902 1948 956 cap.
1981 886 2068 938 37.
2104 886 2256 941 Sane
2277 886 2431 941 idem
2456 886 2744 957 scriptum
2762 886 3065 954 Arsenius,
3090 901 3225 941 cum
3249 884 3507 956 primum
3534 882 3734 939 Romae

301 978 507 1049 edidit,
549 977 857 1033 dubitavit.
891 974 1349 1046 Enthymiumne
1380 991 1452 1029 an
1484 974 1720 1028 Psellun
1756 974 1996 1029 haberet
2027 980 2348 1041 auctorem,
2383 975 2517 1032 licet
2538 975 2725 1031 Pselle
2749 993 2781 1030 a
2808 976 3080 1046 pluribus
3103 974 3434 1031 tribuatur:
3463 973 3735 1029 Labbeus

300 1084 437 1124 vero
459 1068 516 1122 in
541 1064 891 1121 Bibliotheca
926 1079 1071 1118 nova
1105 1079 1239 1133 ms.,
1276 1080 1408 1133 pag.
1444 1064 1567 1131 H7,
1600 1068 1863 1133 tanquan
1896 1064 2124 1118 diversa
2170 1070 2459 1120 memorat
2513 1065 2743 1137 Georgii
2791 1064 3160 1136 Pachymeraa
3218 1064 3291 1118 De
3333 1071 3571 1134 quatuor
3603 1077 3734 1117 ma-

302 1155 636 1219 thematicis,
661 1152 1033 1214 arithmetica.
1064 1152 1297 1214 musica,
1326 1154 1630 1221 geometria
1661 1162 1710 1207 et
1740 1153 2083 1208 astronomia
2114 1153 2253 1225 (quo
2285 1154 2412 1225 ipso
2435 1154 2639 1210 ordine
2663 1154 2839 1209 etiam
2863 1152 3190 1224 disciplinae
3213 1151 3326 1206 illa?
3348 1152 3408 1206 in
3441 1149 3737 1208 Pselliano

302 1244 501 1302 libello
534 1243 978 1315 pertratautur),
1011 1242 1069 1297 in
1094 1243 1286 1297 codice
1324 1243 1489 1314 regio
1515 1244 1640 1311 859,
1701 1250 1755 1296 et
1800 1241 1867 1296 de
1926 1242 2125 1298 iisdem
2183 1243 2475 1315 Euthymii
2524 1244 2700 1299 Pselli
2753 1242 2945 1300 codice
2989 1242 3117 1298 891.
3174 1242 3253 1298 De
3296 1241 3495 1298 iisdem
3531 1240 3744 1296 incerti

301 1334 481 1390 codice
511 1333 635 1387 481.
670 1332 995 1404 (Fasa.)-—
1040 1331 1376 1385 Secundum
1436 1330 1603 1386 codd.
1636 1329 1807 1385 cata].
1868 1372 1882 1385 .
1940 1331 2117 1387 Paris.
2176 1332 2284 1387 vol.
2349 1333 2423 1402 ΙΙ,
2478 1332 2537 1388 in
2588 1332 2715 1388 cod.
2769 1332 2933 1396 2338,
2996 1330 3139 1386 2339
3190 1335 3248 1387 et
3286 1330 3448 1398 2340,
3504 1327 3744 1400 Georgii

304 1422 576 1495 Pachym.
610 1420 699 1477 vel
732 1420 906 1490 Mich,
941 1419 1115 1475 Pselli
1146 1419 1559 1489 arithmeticae,
1591 1420 1852 1487 musica},
1887 1420 2219 1491 geometriae
2262 1426 2319 1477 et
2368 1422 2742 1478 astronomiae
2775 1421 3220 1488 institutiones;
3270 1421 3330 1476 in
3390 1420 3519 1476 cod.
3572 1419 3738 1486 2341,

303 1513 535 1584 Georgii
557 1511 833 1583 Pachyni.
873 1508 1242 1564 arithmetica
1264 1508 1391 1576 (ubi
1425 1510 1681 1580 primum
1715 1513 1893 1579 caput
1927 1510 2341 1583 desideratur),
2400 1511 2724 1583 geometria
2774 1520 2827 1566 el
2885 1510 3305 1567 stereometria.
3369 1539 3438 1550 --
3490 1514 3557 1564 In
3605 1508 3737 1564 cod.

300 1602 445 1657 2438
475 1605 529 1668 (e
558 1602 686 1656 cod.
714 1600 997 1654 Vaticano
1030 1617 1083 1652 a.
1120 1599 1258 1653 1594
1289 1598 1629 1668 descripto),
1664 1614 1751 1651 nr.
1784 1598 1837 1661 3,
1875 1597 2148 1669 Pacbym.
2183 1599 2566 1655 arithmeticae
2600 1604 2808 1672 quater
2838 1598 3113 1655 inchoata
3143 1597 3459 1670 descriptio
3481 1597 3736 1652 duorum

305 1692 685 1746 librariorum
721 1705 894 1743 manu
928 1688 1158 1743 diversa
1193 1704 1206 1754 ;
1242 1704 1328 1741 nr.
1364 1688 1415 1750 4,
1450 1688 1716 1757 ejusdem
1741 1686 2082 1744 harmoniam
2105 1689 2377 1744 inchoata
2408 1688 2728 1761 descriptio
2769 1720 2835 1729 —-
2865 1689 2924 1743 in
2957 1688 3248 1744 cod.2536
3277 1685 3628 1759 opusculum
3661 1685 3735 1741 de

310 1781 538 1837 Mucica.
571 1795 601 1835 e
631 1782 891 1833 veterum
924 1782 980 1831 et
1001 1776 1392 1833 recentiorum
1430 1778 1667 1847 scriptis
1699 1793 1733 1829 a
1776 1775 2021 1847 Georgio
2081 1778 2437 1850 Pacbymera
2496 1778 2554 1833 in
2604 1778 2843 1833 illorum
2892 1777 3164 1850 gratiam,
3225 1777 3328 1848 qui
3387 1776 3468 1832 rei
3502 1775 3741 1832 musicas

312 1885 552 1941 operam
593 1868 753 1934 dant,
787 1865 1088 1935 collectus,
1121 1882 1272 1935 opus
1295 1864 1607 1931 ineditum,
1644 1864 1798 1935 quod
1833 1864 1927 1919 inc

2126 1866 2308 1939 υτὲραν
2341 1862 2458 1940 ἔχει
2490 1865 2660 1935 τάξιν.
2696 1898 2762 1907 -
2794 1869 2856 1922 In
2891 1865 3307 1921 cod.Naniano
3332 1862 3741 1932 255Venetiis,

310 1950 736 2033 ἠτετράϐιϐλος
791 1951 888 2008 τοῦ
957 1952 1255 2029 Παχυμὲρη
1310 1984 1378 1996 -ο
1435 1957 1562 2007 tum
1615 1955 1712 2006 τοῦ
1765 1954 2083 2028 σοφωτάτου
2140 1959 2309 2029 κυροῦ
2368 1954 2638 2031 Γεωργίου
2695 1950 3070 2029 πρωτεκδίκου
3128 1985 3197 1995 —-
3250 1957 3348 2008 τοῦ
3406 1947 3740 2027 Παχυμέρη,

311 2046 596 2121 σύνταγμα
647 2048 756 2100 τῶν
812 2044 1109 2119 τεσσάρων,
1172 2041 1534 2114 μαθημάτων,
1596 2042 1988 2115 ἀριθμητικῆς,
2053 2050 2339 2115 μουσικῆς,
2399 2042 2742 2118 γεωμετρίας
2798 2042 2888 2098 καὶ
2955 2041 3339 2118 ἀστρονομίας.
3398 2044 3748 2116 Sequuntur

309 2139 555 2211 triginta
582 2151 787 2192 versus
809 2134 991 2189 iambi
1025 2132 1238 2189 senarii
1275 2151 1288 2188 :
1324 2137 1455 2205 post
1485 2133 1593 2188 hos
1624 2133 1833 2203 incipit
1863 2149 2034 2203 opus.
2070 2133 2247 2190 Plura
2275 2151 2345 2190 ex
2373 2134 2475 2190 illo
2507 2135 2634 2190 cod.
2666 2134 2830 2190 dedit
2860 2137 3063 2189 auctor
3092 2137 3208 2190 cat.
3256 2134 3426 2189 codd.
3485 2131 3740 2188 Nanian.

316 2244 446 2300 pag,
478 2226 602 2283 448.
634 2254 705 2267 -
734 2223 919 2280 Leidas
950 2222 1103 2277 inter
1135 2223 1305 2279 codd.
1341 2221 1663 2278 Vossianos
1692 2220 1931 2295 ἁρμονικ

2119 2223 2242 2291 σικὴ
2297 2221 2676 2299 Παχυμερίου.
2707 2224 2767 2280 ν.
2801 2227 2914 2279 cat.
2949 2222 3093 2280 bibl.
3132 2222 3291 2279 Leid.
3348 2222 3474 2278 394.
3509 2238 3598 2277 nr.
3640 2221 3734 2276 62.

310 2345 383 2358 -
438 2317 523 2370 An
583 2312 759 2370 etiam
816 2312 1235 2385 Pachymerem
1296 2310 1649 2382 pertineant,
1709 2325 1838 2381 quas
1898 2316 2039 2366 sunt
2092 2311 2152 2367 in
2211 2312 2340 2368 cod.
2393 2315 2739 2385 Augustano
2782 2311 2985 2368 Vindel
3044 2314 3273 2381 (Reiser.
3324 2317 3439 2368 cat.
3500 2328 3559 2383 p.
3616 2308 3735 2383 87).

312 2405 566 2476 epitome
598 2402 815 2475 logica,
846 2401 1015 2458 initio
1042 2399 1272 2468 mutila,
1306 2398 1550 2471 reliquis
1577 2398 1756 2454 etiam
1817 2400 2049 2472 paginis
2100 2417 2378 2472 magnam
2441 2408 2669 2473 partem
2726 2401 2918 2458 exesis
2951 2421 2965 2471 ;
3020 2402 3136 2458 alia
3165 2401 3418 2473 epitome
3457 2399 3743 2457 arithme-

312 2493 482 2563 tices,
511 2496 627 2557 etc,
657 2490 892 2562 ali-aque
923 2490 1181 2561 epitome
1212 2488 1491 2555 musices,
1525 2490 1879 2560 geometriae,
1915 2489 2310 2561 astronomia,
2352 2494 2487 2559 etc.,
2557 2490 2871 2547 collatione
2921 2506 3055 2547 cum
3116 2490 3250 2547 aliis
3304 2491 3475 2547 codd.
3522 2488 3748 2546 certius

316 2583 426 2639 erit
455 2581 882 2637 definiendum.
906 2578 1140 2653 (Hann)

386 2670 463 2723 Τὰ
487 2668 606 2732 καθ’
637 2667 844 2737 ἑαυτὸν,
875 2667 1138 2724 Carmina
1187 2666 1253 2722 de
1307 2668 1426 2722 vita
1480 2683 1584 2722 sua
1641 2671 1931 2723 memorat
1989 2668 2377 2740 Pacbymeres
2431 2672 2489 2724 et
2544 2684 2614 2724 ex
2644 2667 2765 2725 illis
2812 2683 3019 2725 versus
3055 2668 3346 2740 quosdam
3377 2666 3753 2724 hexametros

320 2760 561 2819 adducit
592 2758 695 2814 lib.
725 2775 763 2814 x
793 2757 1058 2814 Historias
1089 2756 1244 2828 Byz.,
1272 2773 1401 2827 cap.
1434 2756 1501 2810 14
1532 2760 1591 2812 et
1618 2756 1706 2810 15.
1738 2756 1944 2827 (Fasn)
1976 2756 2279 2814 Florentiae
2305 2757 2365 2813 in
2396 2758 2525 2814 cod.
2562 2762 2832 2815 Laurent.
2884 2757 3101 2814 Medic.
3166 2758 3238 2826 V,
3296 2756 3444 2829 plut.
3501 2756 3592 2825 8?,
3637 2758 3745 2829 qui

322 2848 586 2907 continet
614 2848 857 2902 Aristot.
893 2845 1148 2918 physicae
1180 2844 1493 2901 ausculiat.
1526 2844 1707 2901 libros
1726 2862 1850 2913 vm,
1886 2862 2018 2902 cum
2052 2848 2416 2918 expositione
2449 2846 2761 2920 marginali
2794 2846 3027 2920 Georgii
3067 2845 3445 2920 Pachymeris
3477 2862 3491 2901 :
3526 2846 3585 2902 in
3637 2846 3744 2902 ﬁni

322 2938 605 3008 leguntur
632 2952 838 2991 versus
871 2936 1111 3005 quidam
1142 2933 1362 2988 heroici
1394 2933 1455 2987 in
1491 2932 1725 2988 laudem
1757 2933 1913 3000 libri,
1949 2936 2204 3008 ascripto
2238 2938 2473 2993 nomine
2501 2940 2599 2991 τοῦ
2641 2935 2969 3012 Παχυμὲρη,
3003 2953 3152 3009 quos
3183 2935 3404 3008 publici
3426 2935 3581 3007 juris
3612 2935 3762 2993 fecit

321 3024 571 3081 Bandin.
600 3025 659 3079 in
694 3028 808 3078 cat.
842 3022 938 3078 Gr.
978 3023 1072 3090 III,
1102 3038 1157 3092 p.
1189 3022 1295 3075 385
1325 3037 1414 3092 sq.
1447 3052 1513 3062 —
1541 3023 1601 3076 In
1637 3023 1765 3077 cod.
1820 3023 2038 3079 Veneth
2087 3024 2292 3096 Marc.,
2353 3025 2456 3097 qui
2514 3025 2776 3082 continet
2835 3025 3074 3081 Macarii
3129 3024 3587 3097 Chrysoccphali
3635 3030 3752 3082 Po-

326 3110 572 3181 δωνιᾶν,,
606 3112 803 3168 {01231
838 3112 1215 3167 adducuntur
1244 3113 1516 3182 excerpta
1547 3127 1617 3165 ex
1646 3112 2030 3179 carminibus,
2062 3129 2187 3185 quae
2218 3114 2502 3186 Georgius
2534 3114 2923 3187 Pachymeres
2949 3115 3022 3170 de
3051 3114 3170 3170 vita
3213 3131 3321 3171 sua
3367 3114 3748 3187 conscripsit,

330 3199 394 3256 ἐκ
432 3204 542 3255 τῶν
597 3199 858 3273 ἡρωϊκῶν
908 3197 1051 3253 ἐπῶν
1106 3200 1206 3251 τοῦ
1259 3196 1565 3271 Παχυμὲρη
1621 3202 1791 3266 κυροῦ
1840 3199 2140 3274 Γεωργίου,
2195 3197 2264 3255 δι’
2316 3199 2389 3256 ὧν
2458 3202 2526 3257 τὰ
2591 3203 2710 3267 καθ’
2774 3203 2959 3258 ἑαυτὸν
3033 3200 3303 3279 διηγεῖται
3353 3200 3409 3258 ὗν
3463 3203 3746 3277 τμήμασιν

334 3287 503 3358 ἐννὲα,
537 3294 595 3346 et
642 3288 740 3345 fol.
789 3289 897 3343 233
949 3292 1087 3343 rect.
1146 3288 1243 3340 τοῦ
1300 3285 1465 3340 αὖτού
1525 3287 1880 3361 (Παχυμὲρη)
1940 3289 2129 3364 στίχοι
2193 3290 2437 3367 ὑφαντοί·
2499 3286 2611 3347 ἔστι
2669 3288 2727 3346 δὲ
2778 3292 2806 3346 ὁ
2849 3292 3210 3370 ὑφαινόμενος
3270 3290 3488 3367 στίχος,
3544 3290 3744 3357 ἀνωθεν

323 3377 471 3433 κάτω
501 3377 591 3432 καὶ
620 3374 859 3432 κάτωθεν
890 3376 1018 3430 ἄνω.
1052 3376 1120 3431 V.
1172 3376 1280 3432 cel.
1340 3376 1622 3432 Villoison
1679 3378 1932 3433 anecdoc

2178 3384 2322 3436 tom.
2385 3382 2455 3451 ΙΙ,
2516 3400 2646 3455 pag.
2700 3382 2756 3451 7,
2813 3382 3114 3454 imprimis
3164 3399 3296 3456 pag.
3355 3383 3425 3438 76
3482 3399 3610 3454 sqq.
3642 3383 3748 3439 ubi

329 3465 545 3543 στίχος,
578 3468 727 3525 istos
757 3466 1025 3540 quamvis
1055 3466 1339 3522 barbaros
1370 3466 1743 3538 ineptosque.
1777 3471 1972 3523 Graece
1992 3469 2272 3540 vulgavit.
2301 3472 2367 3527 In
2400 3473 2672 3529 versibus
2705 3476 2904 3529 autem
2936 3471 3192 3529 heroicis
3221 3471 3479 3528 laudatis
3528 3471 3763 3546 Pachy-

327 3575 516 3615 meres
565 3558 758 3613 indice
788 3555 1157 3620 Villosionio,
1190 3557 1414 3610 veteres
1447 3560 1673 3627 poetas,
1708 3556 1998 3628 praecipue
2052 3557 2365 3616 homerum
2397 3564 2459 3617 et
2512 3561 2858 3634 Gregorium
2919 3560 3371 3630 Nazianzenum,
3405 3577 3523 3617 non
3554 3559 3765 3617 infeli-

326 3648 472 3706 citer
499 3647 790 3703 imitando
812 3644 1121 3718 expressit.
1155 3644 1384 3718 (Hann)
3074 3642 3083 3647 ”

400 3791 477 3864 (g)
508 3789 662 3846 Add.
695 3804 900 3861 supra,
923 3787 1040 3845 vol.
1068 3789 1114 3859 Ι,
1143 3804 1203 3861 p.
1223 3789 1353 3844 703.
1385 3789 1617 3860 (Hann)

332 3961 3769 3993 Μ

940 4143 1740 4306 GEORGII
1871 4142 3131 4308 PACHYMEIUE

820 4572 1420 4723 MICHAELE
1514 4571 1654 4721 ET
1749 4571 2431 4723 ANllllONlCO
2527 4573 3305 4728 PALAlOLOGIS

1639 4827 2045 4937 LIBRI
2144 4827 2460 4939 XIII.

1527 5149 1762 5209 PETRI
1809 5147 2029 5210 POSSI
2039 5149 2125 5212 ΜΙ
2173 5149 2604 5212 DEDICATIO

1140 5433 1440 5491 SANCTIE
1480 5435 1837 5494 MEMORIAE
1878 5436 2151 5493 URBANI
2182 5437 2311 5495 VIll
2341 5436 2574 5495 SUMMI
2597 5436 2991 5495 PONTIFICIS

657 5581 1019 5643 GEORGIUS
1058 5582 1566 5639 PACHYMERES.
1596 5583 1670 5639 EJ
1678 5583 1765 5639 US
1806 5583 2174 5640 BENEFICIO
2204 5584 2610 5656 REDIVIVUS,
2638 5588 3105 5645 IMMORTALES
3139 5589 3470 5647 GRATIAS.

439 5726 797 5811 Synagogaz
826 5730 1052 5811 veteris
1110 5725 1527 5811 pontiﬁcibus
1581 5744 1773 5811 sacra:
1835 5729 2064 5811 littera:
2117 5740 2470 5791 memorant
2526 5734 2857 5809 singulari
2901 5738 3251 5811 privilegio
3318 5735 3653 5808 tributum,
3714 5745 3806 5798 ut

361 5806 564 5871 morte
592 5806 713 5871 sua
738 5806 1417 5894 panderent_reditum
1449 5808 1808 5894 eacsulibus,
1832 5806 1993 5894 Plus
2025 5827 2222 5894 _p0sse
2267 5829 2437 5871 novae
2496 5806 2650 5891 legis
2701 5821 2786 5894 et,
2815 5806 3059 5875 Christi
3109 5806 3406 5876 Ecclesia
3449 5806 3806 5894 pontiﬁces

362 5894 640 5967 feliciter
668 5886 969 5963 experior
996 5886 1186 5948 hodie
1211 5906 1250 5946 a
1284 5896 1364 5956 te,
1402 5893 1589 5957 cujus
1636 5891 1854 5965 gratia
1904 5886 2156 5951 dudum
2209 5898 2447 5951 mortui
2489 5886 2881 5971 jampridem
2937 5902 2999 5954 et
3053 5900 3187 5974 ipse
3234 5886 3531 5958 mortuus
3588 5886 3801 5961 lucem
