4090 6406
361 397 467 452 447

1661 400 1966 459 GEORGII
2004 397 2472 455 PACHYMERE

3681 394 3792 451 448

360 521 453 573 τὸν
490 520 661 582 οὕτως
696 518 851 595 ἔχον,
884 519 1030 577 ἀλλά
1050 524 1221 595 παρὸν
1268 525 1362 597 μὲν
1394 525 1483 578 καὶ
1518 526 1591 585 ὡς
1623 524 1793 598 ἐχρην
1822 519 2014 576 τελού-
2045 524 2099 591 Α
2127 524 2583 591 κατακτήσασθαι,
2643 525 2721 592 τῷ
2772 518 2830 574 δὲ
2876 525 2975 589 τῆς
3010 518 3285 589 θαλάττης
3337 517 3486 593 μέρει
3532 518 3645 595 οὐχ
3677 521 3788 578 οἷοί

367 630 525 683 μενον
550 609 871 687 ἀσφαλείας,
906 611 1041 665 ἀπὸν
1074 611 1129 666 δέ
1159 615 1250 666 καὶ
1305 616 1379 675 ὡς
1413 613 1509 667 οὐκ
1558 613 1728 688 ἐχρῆν
1761 609 2015 687 παρορώ·

370 720 525 771 μενον
555 706 655 769 τῆς
684 699 964 772 παρούσης
995 702 1329 776 συγχύσεως.

504 844 569 915 γ’.
603 844 793 904 ’Ὀπως
824 845 873 897 οἱ
905 843 1133 898 παλαιοὶ
1168 844 1523 919 κατωχύρουν
1556 844 1650 906 τὰς
1684 842 1872 919 ἄκρας.

435 966 665 1019 Ἐκεῖνοι
719 966 897 1021 τοίνυν
962 965 1110 1021 δυοῖν
1171 970 1334 1040 μέσον
1396 969 1617 1043 ἐχθροῖν
1681 967 2014 1038 ἐναπειλτ,μ-

366 1053 539 1127 μένοι,
600 1054 648 1127 ἐξ
702 1054 776 1109 ἕω
838 1058 931 1127 μὲν
989 1058 1236 1132 Περσῶν,
1288 1056 1579 1119 ἐκδόσεως
1620 1056 1903 1113 δ’]ταλῶν
1955 1055 2015 1109 οὐ

365 1146 527 1215 μόνον
586 1145 648 1197 τὸ
709 1145 844 1220 πρὸς
899 1150 968 1219 τῇ
1031 1146 1275 1220 θαλάσσῃ
1336 1146 1481 1202 ἀλλὰ
1529 1149 1616 1201 καὶ
1648 1148 1709 1201 τὸ
1742 1147 2017 1201 ἀνώτατον

356 1232 779 1307 κατασχόντων,
838 1234 927 1288 καὶ
986 1235 1062 1297 εἷς
1124 1238 1304 1291 στενὸν
1364 1233 1572 1308 κομιδῆ
1628 1236 2014 1309 ἀμφοτέρωθεν

356 1323 713 1383 καταστάντες
774 1324 847 1387 ὡς
922 1323 1051 1395 μηδ’
1110 1324 1410 1401 ἐλευθέρως
1477 1327 1730 1380 ἀναπνεῖν
1810 1326 2013 1396 ἐᾶσθαι,

354 1412 423 1483 τῇ
457 1412 550 1483 μὲν
603 1410 871 1468 Ἰταλικὸν
906 1410 1129 1487 ἔχοντες
1180 1415 1534 1489 συμμαχικὸν
1591 1414 1819 1488 ἐπῄεσαν
1880 1414 2018 1488 Πέρ-

358 1521 495 1568 σαις,
544 1504 612 1573 τῇ
647 1498 703 1554 δὲ
737 1504 1001 1565 Σκυθικὸν
1032 1499 1474 1578 προσλαϐόμενοι
1508 1502 1629 1577 ἄρτι
1686 1506 1807 1559 τότε
1856 1506 2013 1581 φανέν

356 1609 415 1642 τε
469 1588 556 1641 καὶ
615 1590 962 1666 προσληφθέν
1023 1594 1265 1656 ἀνώθουν
1320 1594 1446 1654 τοὺς
1503 1593 1765 1655 Ἰταλούς.
1804 1594 2017 1655 Σκοπὸς

361 1676 405 1731 δ’
464 1678 531 1745 ἦν
587 1676 811 1740 ἐκείνοις
858 1680 1120 1757 ἀσφαλέσι
1168 1684 1229 1737 τὸ
1292 1684 1452 1756 μέσον
1512 1688 1875 1757 κατοχυροῦν.
1918 1684 2015 1737 Καὶ

357 1765 420 1818 τὸ
480 1766 571 1836 μὲν
634 1767 771 1840 πρὸς
820 1765 1086 1822 Θάλασσαν
1121 1769 1219 1825 οὐκ
1249 1772 1397 1845 εἶχον
1436 1771 1760 1845 ὀχυρώματι
1793 1770 1948 1843 ἄλλῳ
1979 1770 2013 1839 ἢ

360 1850 605 1918 θαλάσση
655 1856 1182 1933 κατασφαλίζεσθαι·
1248 1857 1373 1913 οὐδὲ
1430 1862 1533 1935 γάρ
1584 1861 1674 1929 ἦν,
1735 1860 2013 1915 θαλασσο-

359 1942 703 2016 κρατούντων
783 1949 890 1999 τῶν

1994 1951 2007 1967 \

971 1946 1197 2003 Ἰταλῶν
1256 1948 1345 2003 καὶ
1394 1948 1881 2024 προσκατεχόντων
1950 1951 2017 2004 τὰ

358 2030 571 2103 πρόσω,
631 2032 891 2109 ἀσφαλῶς
947 2036 1008 2089 τὸ
1069 2035 1263 2091 λοιπὸν
1327 2035 1547 2108 διάξειν·
1597 2040 1659 2093 τὸ
1692 2036 1749 2093 δὲ
1777 2040 1913 2113 πρὸς
1944 2035 2015 2092 ἕω

364 2118 601 2195 ὀχυροῦν
651 2122 801 2197 εἶχον
854 2124 1112 2197 ἐρυμνοῖς
1166 2147 1223 2179 τε
1282 2129 1371 2180 καὶ
1424 2123 1710 2189 δυσϐάτοις
1744 2129 1937 2195 ὁρέων,
1973 2127 2019 2181 εἴ

359 2204 716 2282 προλάϐοιεν.
769 2212 872 2266 Καὶ
925 2210 1015 2267 διὰ
1056 2214 1221 2268 ταῦτα
1250 2213 1365 2269 ἐπεὶ
1400 2220 1498 2271 οῦκ
1528 2218 1675 2291 εἶχον
1720 2218 1832 2288 ἅμα
1881 2218 2014 2291 πρὸς

360 2296 585 2369 ἒκάτερα
619 2301 911 2375 μάχεσθαι,
944 2302 1034 2356 καὶ
1070 2303 1151 2357 ὅτι
1198 2305 1264 2358 τὰ
1298 2305 1391 2377 μὲν
1420 2306 1557 2379 πρὸς
1604 2303 1678 2360 ἕω
1710 2302 1810 2381 ὅρη
1850 2305 2016 2381 μέχρι

357 2384 578 2442 πολλοῦ
620 2388 889 2464 ἀνέχοντα
930 2392 1020 2445 καὶ
1066 2392 1130 2445 τὸ
1176 2391 1413 2471 ἀσφαλὲς
1458 2401 1835 2469 κατεγγυῶντα
1882 2396 2015 2451 Ῥω-

357 2476 566 2548 μαίοις,
620 2478 849 2553 Πέρσαις
896 2476 972 2548 δὲ,
1007 2480 1081 2541 ὡς
1116 2480 1306 2550 εἰπεῖν,
1357 2482 1729 2555 ἀμελούμενα,
1780 2482 2014 2558 προσδο-

351 2565 474 2619 κίαν
526 2572 788 2642 παρεῖχεν
824 2570 1012 2631 αὐτοῖς
1038 2576 1330 2647 κατασχεῖν
1377 2572 1660 2627 κάντεῦθεν
1722 2571 2017 2651 ἀσφάλειαν

354 2784 573 2840 nentia.
628 2784 820 2841 Unum
852 2803 920 2841 ex
964 2786 1066 2842 illa
1098 2792 1330 2846 tantum
1377 2790 1670 2861 preterita
1722 2790 2005 2849 memoria

350 2875 775 2929 resumendum
797 2874 892 2929 hic
916 2876 1085 2932 nobis
1118 2894 1232 2933 non
1265 2878 1571 2946 inutiliter,
1608 2879 1666 2933 ni
1698 2879 2002 2949 fallor,est,

352 2965 659 3032 propterea
695 2964 847 3032 quod
883 2963 980 3019 ille
1010 2965 1127 3020 tale
1169 2972 1279 3035 est,
1310 2966 1405 3021 cui
1439 2967 1547 3024 soli
1598 2967 1842 3039 quidam
1905 2968 2005 3023 ad-

353 3051 719 3105 scribendam
738 3057 949 3123 putant
962 3059 1016 3108 et
1030 3055 1403 3110 securitatem
1422 3057 2009 3129 tranquilitatemque

359 3154 484 3208 quae
512 3144 653 3193 tunc
686 3139 1031 3209 fuitrerum,
1057 3147 1114 3197 et
1144 3145 1581 3214 perversionem
1618 3162 1683 3201 ac
1715 3146 2012 3201 confusio-

354 3243 485 3283 nem
504 3245 629 3300 quae
646 3246 800 3284 nunc
815 3231 1220 3299 cernitur,una
1233 3250 1414 3289 causa
1432 3236 1757 3291 contrarios
1772 3237 2011 3291 effectus

2128 612 2174 664 τ’
2226 611 2361 679 ἦσαν
2396 612 2705 686 χρήσασθαι
2741 609 3067 685 ὀχυρώματι
3098 610 3363 683 πρότερον
3395 608 3429 677 ἢ
3478 606 3606 670 τοὺς
3646 611 3787 664 Ἰτα-

2124 698 2255 760 λους
2289 694 2561 769 ἐκϐαλεῖν,
2597 696 2685 753 διὰ
2714 702 2875 753 τοῦτο
2906 696 3075 752 πλέον
3119 699 3213 770 μὲν
3263 694 3586 751 ἐσπένδοντο
3645 700 3784 771 [Ξέρ-

2125 809 2241 850 σαις
2300 789 2390 842 καὶ
2450 788 2742 863 ἀνακωχήν
2815 784 3024 841 ἐδίδουν
3080 791 3159 859 τῷ
3216 784 3453 859 πολέμῳ
3511 791 3591 858 τῷ
3648 789 3785 863 πρὸς

2124 877 2385 949 ἐκείνους,
2437 878 2650 948 ἐτήσιον
2682 877 2843 939 τέλος
2891 877 3157 946 τάξαντες,
3218 878 3245 930 ὃ
3305 874 3370 944 δὴ
3421 876 3511 930 καὶ
3571 874 3785 931 ἐδίδουν

2125 968 2256 1041 οὐχὶ
2311 968 2524 1041 μικρὸν,
2582 972 2698 1028 τοῖς
2758 964 2801 1020 δ’
2847 968 3081 1028 Ἰταλοῖς
3116 964 3271 1027 ὅλαις
3303 964 3527 1040 ἐπεῖχον
3558 967 3781 1041 ὁρμαῖς.

2127 1062 2362 1131 Συχνοῖς
2396 1054 2453 1111 δὲ
2499 1056 2686 1117 πόνοις
2712 1056 2802 1109 καὶ
2853 1054 3314 1129 ἀκαταγωνίστοις
3346 1052 3619 1128 πολέμοις
3671 1054 3782 1109 ἐνι-

2125 1144 2372 1218 δροῦντες
2420 1146 2656 1206 ἐκείνους
2713 1147 2807 1218 μὲν
2860 1146 3104 1217 ἐξῶσαν,
3156 1144 3247 1199 καὶ
3303 1145 3488 1199 ναυσὶν
3551 1143 3782 1206 οἰκείαις

2123 1234 2454 1305 πάραπλέειν
2488 1235 2899 1309 παρεσχηκότες
2944 1236 3042 1303 τήν
3095 1233 3365 1297 θάλασσαν
3421 1234 3609 1302 ἱκανὴν
3664 1238 3785 1294 τοῖς

2123 1322 2296 1379 ἐκεῖσε
2354 1328 2460 1378 τῶν
2532 1321 2820 1395 Ῥωμαίων
2884 1321 3124 1377 οἷ’κοῦσιν
3186 1319 3399 1377 ἐδίδουν
3458 1321 3781 1399 ἀσφάλειαν,

2124 1413 2238 1467 εἶτα
2295 1417 2440 1467 νῶτα
2472 1414 2796 1485 στρέψαντες
2825 1412 3057 1466 ἑκόντων
3111 1411 3351 1465 ἀκόντων
3385 1412 3604 1486 Ηερσῶν
3660 1416 3781 1472 τοῖς

2127 1498 2304 1574 ὄρεσιν
2335 1496 2687 1572 ἐπεϐάλοντο,
2724 1506 2945 1576 συχνοῖς
2975 1499 3031 1554 δὶ
3068 1505 3187 1561 τοῖς
3236 1501 3581 1573 πανταχόθεν
3632 1499 3785 1553 ἐποί-

2123 1612 2239 1651 κοις
2269 1590 2357 1645 καὶ
2393 1590 2643 1665 ἰσχυροῖς
2674 1589 3215 1666 κατασφαλισάμενοι
3256 1586 3461 1663 ἐρυμνά
3490 1589 3651 1663 τείχη
3688 1587 3780 1642 καὶ

2128 1683 2240 1734 οἷον
2303 1677 2790 1755 δυσεπιχειρήτους
2858 1678 3112 1753 θριγκοὺς
3169 1681 3236 1750 τῇ
3280 1675 3552 1751 Ῥωμαΐδι
3610 1682 3780 1732 ταῦτα

2121 1770 2447 1839 κατέστησαν
2461 1817 2473 1826 .

2047 1902 2094 1966 Β
2126 1875 2187 1934 δ’.
2219 1878 2408 1938 Ὅπως
2437 1882 2543 1931 τῶν
2575 1876 2626 1929 ἐν
2654 1881 2773 1937 ταῖς
2802 1872 2990 1949 ἄκραις
3032 1873 3395 1946 ἐπεμελοῦντο
3429 1870 3638 1949 ἀνδρῶν
3687 1875 3783 1928 καὶ

2774 1967 3103 2021 πραγμάτων
3115 1990 3127 2003 .

2197 2039 2276 2109 οὐ
2313 2039 2419 2110 μὴν
2455 2036 2512 2091 δέ
2560 2036 2650 2091 καὶ
2683 2038 2767 2110 [Ρ.
2800 2039 2857 2109 7]
2902 2033 3287 2108 ἀτημελήτους
3340 2035 3468 2098 τοὺς
3495 2034 3631 2109 πρὸς
3660 2039 3786 2095 τοῖς

2128 2124 2303 2200 ὄρεσιν
2366 2126 2650 2188 οἰκοῦντας
2703 2124 2851 2193 εἶ’ων,
2894 2126 2969 2187 ὡς
3018 2122 3272 2197 ἐτοίμους
3332 2122 3788 2197 μεταναστάντας,

2128 2214 2180 2270 εἷ’
2229 2237 2338 2269 που
2399 2214 2656 2289 ἀμηγέπη
2717 2214 2791 2276 ὡς
2851 2211 3085 2268 ἐναντίοι
3143 2206 3552 2287 προσϐάλοιεν,
3615 2208 3790 2284 μηδὲν

2127 2305 2357 2382 ἔχοντας
2414 2306 2476 2360 τὸ
2508 2306 2693 2359 πεῖθον
2756 2305 2931 2377 μένειν
2982 2302 3072 2357 καὶ
3125 2302 3273 2377 παρά
3322 2300 3573 2375 δύναμιν,
3607 2301 3659 2357 εἷ’
3683 2323 3788 2357 ποι

2126 2396 2402 2469 παρείκοι,
2460 2394 2593 2469 πρὸς
2650 2393 2829 2449 ἐκεῖνα
2884 2391 3261 2467 ἀνδρίζεσθαι·
3324 2390 3452 2447 ἀλλ’
3511 2389 3787 2453 ἀτελείαις

2130 2486 2225 2557 μέν
2256 2484 2384 2546 τοὺς
2417 2483 2642 2553 πάντας,
2700 2483 2985 2555 προνοίαις
3039 2478 3081 2536 δ’
3116 2479 3175 2535 ἐκ
3197 2480 3405 2535 τούτων
3431 2479 3560 2542 τοὺς
3592 2478 3785 2535 ἐπιδο-

2128 2574 2399 2650 ξοτέρους,
2448 2573 2538 2628 καὶ
2590 2573 2671 2635 οἷς
2718 2570 2963 2645 τολμῆεν
3013 2571 3074 2625 τὸ
3124 2568 3404 2645 φρόνημα,
3453 2570 3779 2645 γράμμασιν

2116 2792 2303 2857 Quare
2326 2806 2457 2846 cum
2489 2805 2657 2862 pares
2689 2804 2805 2844 non
2836 2791 3035 2844 essent
3064 2786 3223 2842 binis
3251 2803 3282 2842 e
3314 2786 3541 2841 diversa
3584 2788 3779 2856 parte-

2118 2880 2484 2935 sustinendis
2510 2878 2804 2943 hostibus,
2840 2880 2905 2933 ut
2936 2876 3144 2933 saltem
3177 2875 3411 2931 interim
3434 2891 3547 2947 pax
3578 2891 3611 2930 a
3642 2878 3783 2929 Per-

2118 2968 2201 3025 sis
2232 2972 2405 3037 esset,
2439 2968 2673 3023 arcibus
2731 2982 2831 3022 eos
2891 2966 3027 3020 inde
3069 2964 3476 3037 praesidiisque
3525 2963 3777 3034 objectis

2121 3073 2491 3114 summovere
2541 3058 2946 3112 decreverunt.
2998 3055 3113 3111 Nec
3172 3054 3351 3110 nimis
3412 3052 3652 3109 difﬁcile
3711 3053 3769 3107 id

2122 3148 2253 3215 fuit,
2297 3148 2448 3218 quod
2506 3150 2563 3201 et
2609 3145 2823 3217 longus
2882 3144 2962 3198 ibi
2995 3146 3218 3199 tractus
3262 3146 3388 3198 erat
3432 3156 3774 3213 asperorum

2124 3237 2437 3303 montium,
2473 3240 2529 3290 et
2558 3235 2825 3290 custodia
2856 3233 3229 3303 vallium,per
3249 3248 3398 3304 quas
3415 3233 3767 3293 arctus,erat

351 3334 466 3371 non
491 3299 693 3373 eodem
729 3322 886 3374 statu
920 3337 985 3374 ac
1011 3323 1183 3377 modo
1213 3324 1697 3393 producente,sed
1717 3325 2000 3397 tranquil
2042 3299 2084 3366 Ο
2122 3299 2436 3395 transitus,
2470 3328 2651 3381 ferme
2672 3325 2740 3380 ab
2755 3299 3153 3380 Orientalibus
3175 3299 3289 3378 alio
3320 3322 3561 3379 intentis
3588 3317 3772 3389 negli-

345 3406 572 3462 litatem
606 3408 845 3478 quidem
868 3416 1149 3480 operante
1182 3414 1374 3481 quoad
1406 3418 1617 3484 praesto
1642 3415 1753 3469 fuit
1784 3420 1841 3469 et
1864 3432 2012 3486 prae-

351 3514 488 3554 sens
516 3497 781 3552 adhibita
810 3504 918 3569 est,
982 3507 1295 3571 postquam
1347 3520 1478 3559 vero
1526 3504 1705 3576 (quod
1768 3505 2013 3560 minime

353 3586 638 3656 oportuit)
669 3586 934 3659 neglecta
959 3589 1162 3645 eadem
1196 3590 1534 3664 omissaque
1566 3599 1676 3661 est,
1707 3594 2010 3665 perturba-

354 3675 575 3731 tionem
610 3675 925 3732 inducente
957 3695 1076 3749 qua
1107 3696 1265 3735 nunc
1296 3680 1616 3738 laboratur.

566 3817 619 3871 3.
658 3819 719 3874 Ut
750 3834 904 3874 arces
935 3836 968 3874 a
993 3821 1272 3878 veteribus
1300 3826 1539 3882 munitm
1566 3828 1799 3895 fuerint.

425 3939 513 3994 Illi
534 3956 670 4012 ergo
703 3942 921 4014 duplici
947 3944 1223 4017 utrinque
1248 3948 1470 4006 obsessi
1493 3968 1703 4023 genere
1731 3951 2009 4019 hostium,

356 4030 553 4086 Persis
581 4031 818 4102 quidem
853 4034 923 4088 ab
947 4034 1199 4108 Oriente,
1260 4040 1333 4094 ab
1390 4041 1609 4097 Occasu
1664 4043 1845 4109 Italis,
1896 4060 2011 4097 non

355 4136 514 4176 oram
553 4123 720 4177 modo
745 4124 1125 4193 maritimam,
1154 4129 1253 4183 sed
1288 4138 1340 4185 et
1366 4132 1668 4202 superiora
1694 4133 1792 4187 I5
1837 4148 2012 4187 occu-

350 4210 655 4279 pantibus,
678 4214 737 4265 et
764 4210 931 4268 valde
964 4213 1023 4268 in
1054 4223 1375 4287 angustum
1431 4224 1820 4291 undecunque
1876 4238 2010 4275 con-

349 4297 524 4366 trusi,
549 4298 641 4353 vix
676 4304 739 4353 ut
771 4300 949 4356 libere
983 4305 1270 4375 respirare
1295 4309 1651 4379 sinerentur,
1694 4310 2013 4382 aliquando

354 4386 594 4458 quidem
630 4388 721 4441 usi
754 4389 1145 4450 auxiliaribus
1178 4395 1341 4452 Italis
1358 4400 2014 4469 Persasﬁncursabant,

356 4474 977 4547 aliquandoScythicis
1002 4483 1187 4553 adjuti
1223 4486 1424 4553 armis,
1459 4504 1584 4557 quas
1614 4505 1730 4543 non
1788 4489 1870 4544 ita
1895 4491 2013 4560 pri-

354 4564 490 4619 dem
524 4581 804 4635 apparere
838 4566 896 4621 in
961 4569 1053 4625 his
1098 4572 1365 4643 partibus
1410 4581 1466 4631 et
1513 4578 1793 4633 societate
1844 4579 2014 4635 nobis

2119 3416 2387 3489 gebatur.
2427 3415 2613 3470 Dilato
2643 3431 2778 3486 ergo
2800 3412 3043 3469 consilio
3070 3411 3376 3468 muniendi
3401 3409 3618 3481 oppida
3641 3422 3772 3461 ma-

2117 3505 2315 3560 ritima
2348 3504 2403 3559 in
2436 3504 2493 3559 id
2525 3508 2760 3574 tempus
2804 3518 2919 3574 quo
2951 3500 3127 3557 Italos
3186 3498 3509 3555 continenti
3559 3498 3779 3567 ejectos

2118 3594 2290 3666 longe
2322 3594 2780 3655 submovissent,
2812 3591 2870 3645 in
2896 3607 3008 3661 quo
3036 3598 3171 3645 tunc
3207 3587 3583 3661 polissimum
3609 3584 3779 3640 labo-

2118 3686 2378 3748 rabatur,
2411 3684 2667 3755 quietem
2698 3682 2921 3737 interea
2952 3681 3327 3736 redemerunt
3350 3696 3383 3734 a
3411 3676 3605 3733 Persis
3639 3691 3780 3747 pac-

2116 3773 2274 3829 tione
2306 3772 2509 3828 tributi
2544 3771 2749 3836 annui,
2785 3771 2937 3842 quod
2969 3768 3117 3840 ipsis
3148 3785 3263 3823 non
3298 3766 3594 3823 modicum
3631 3779 3779 3835 pen-

2118 3866 2372 3921 debant:
2435 3863 2639 3934 sicque
2691 3866 2811 3917 toto
2861 3860 3036 3915 Italos
3091 3860 3309 3930 impetu
3352 3859 3618 3927 ruerunt,
3645 3871 3781 3910 cre-

2119 3952 2360 4023 brisque
2388 3952 2691 4008 laboribus
2726 3966 2792 4005 ac
2823 3948 2992 4004 bellis
3034 3945 3779 4003 difﬁcillimisinsudantes

2120 4059 2218 4097 eos
2264 4043 2502 4097 tandem
2553 4039 2831 4112 expulsos
2881 4038 3136 4110 propriis
3184 4038 3286 4091 10
3336 4036 3585 4091 navibus
3613 4038 3784 4087 trans

2122 4148 2281 4186 mare
2315 4131 2940 4201 deporlarunt,magna
2972 4126 3053 4180 sic
3078 4124 3342 4181 stabilita
3370 4121 3783 4194 tranquilitatc

2122 4220 2405 4275 Romanis
2435 4218 2555 4273 illic
2602 4217 2973 4289 degentibus.
3030 4216 3169 4270 Inde
3215 4233 3245 4269 a
3297 4214 3511 4279 Persis,
3561 4210 3787 4267 vellent

2121 4309 2347 4364 nollent
2381 4308 2740 4376 deﬁcientes,
2783 4306 3241 4361 muniendorum
3286 4302 3580 4358 montium
3634 4316 3785 4355 cura

2121 4402 2443 4468 resumpta,
2505 4395 2705 4452 multis
2738 4401 2793 4451 et
2839 4394 3099 4450 robustis
3128 4392 3391 4464 undique
3443 4388 3783 4446 convocatis

2124 4490 2384 4551 advenis,
2404 4488 2571 4543 sedes
2602 4487 2661 4541 in
2695 4487 2767 4541 iis
2801 4485 3042 4542 stabiles
3075 4484 3480 4555 assignarunt,
3530 4480 3779 4536 iisdem-

2125 4594 2239 4648 que
2268 4576 2684 4633 custodiendas
2714 4575 3143 4631 commiserunt
3164 4570 3786 4639 munitissimas,quas

339 4652 515 4724 jungi
539 4669 788 4725 coepere,
827 4658 1400 4729 repellebantltalos.
1428 4666 1544 4721 Hoc
1573 4673 1767 4723 autem
1801 4668 1859 4723 in
1883 4669 2013 4723 istis
2047 4652 2093 4718 D
2124 4672 2499 4724 extruxerant
2548 4681 2719 4737 Opere
2798 4663 3184 4730 solidissimo,
3235 4678 3300 4717 ac
3365 4660 3483 4715 fere
3520 4658 3776 4728 inexpu-

348 4740 806 4801 difﬁcultatibus
823 4748 1198 4817 potissimum
1214 4754 1578 4827 spectabant,
1609 4760 1674 4812 ut
1690 4758 1844 4829 quod
1870 4757 2006 4813 hinc

350 4835 529 4903 atque
559 4831 695 4889 inde
719 4836 982 4893 medium
1017 4839 1167 4896 inter
1199 4841 1360 4914 ipsos
1406 4849 1463 4900 et
1506 4845 1707 4901 hostes
1740 4846 2005 4915 ipsorum

349 4924 496 4984 erat,
524 4921 767 4978 munitis
799 4928 855 4979 et
885 4925 1078 4983 valido
1108 4930 1400 5001 {praesidio
1440 4933 1721 4989 insesssis
1772 4935 2007 4990 arcibus

349 5007 708 5066 ﬁrmaretur.
745 5017 827 5067 Ac
861 5016 1178 5073 maritimis
1202 5020 1442 5091 quidem
1487 5021 1630 5077 locis
1681 5040 1797 5077 non
1848 5023 2006 5079 aliud

346 5095 601 5165 adjicere
616 5100 1059 5161 munimentum
1076 5110 1399 5179 potuerunt
1417 5127 1596 5182 quam
1611 5112 1807 5182 ipsum
1826 5128 2006 5169 mare:

347 5200 465 5238 non
498 5184 655 5239 enim
690 5186 925 5258 licebat,
961 5193 1404 5253 dominantibus
1430 5200 1575 5254 mari
1608 5199 1768 5255 Italis
1802 5206 1857 5255 et
1878 5219 2009 5273 par-

348 5274 472 5327 tem
505 5274 863 5334 continentis
892 5285 1161 5352 praesidio
1196 5289 1554 5358 tenentibus,
1588 5289 1669 5343 ita
1698 5289 1867 5345 illum
1890 5308 2008 5345 mu-

350 5377 490 5416 nere
520 5361 799 5433 limitem,
834 5372 897 5423 ut
943 5372 1091 5426 nihil
1138 5373 1273 5431 inde
1312 5379 1638 5434 timeretur.
1676 5378 2009 5435 Conﬁnium

354 5449 745 5509 Orientalium
773 5455 891 5512 alia
921 5465 1132 5516 natura
1162 5469 1304 5519 erat.
1336 5465 1634 5523 Praeteritis
1659 5469 1817 5523 enim
1850 5470 1921 5524 ab
1945 5487 2012 5525 ea

350 5542 516 5629 parte
547 5539 683 5629 altis
708 5546 765 5598 et
786 5549 1099 5619 praeruptis
1132 5553 1453 5622 montibus,
1479 5573 1693 5627 magna
1724 5574 1857 5629 spes
1888 5562 2013 5613 erat

349 5627 747 5719 intercluendi
781 5633 1051 5694 hostibus
1082 5641 1391 5712 transitus,
1425 5644 1474 5701 si
1499 5648 1646 5719 juga
1665 5652 1722 5703 et
1747 5627 2011 5719 angustia

352 5716 554 5774 fauces
627 5721 1068 5795 subjacentium
1116 5728 1359 5787 vallium
1440 5716 2008 5808 praeoccuparentur.

2117 4755 2382 4827 gnabiles
2414 4773 2595 4811 arces.
2630 4756 2754 4820 Quo
2790 4753 2961 4809 modo
2992 4752 3393 4808 Romanorum
3428 4765 3521 4805 res
3548 4746 3782 4819 optimo

2118 4862 2261 4902 sane
2291 4846 2418 4901 loco
2452 4848 2800 4916 posuerunt.

2279 4952 2332 5007 4.
2364 4953 2426 5008 Ut
2455 4951 2771 5007 curaverint
2786 4946 3188 5032 praesidiaria:
3223 4948 3440 5002 arcium
3470 4954 3520 5001 et
3545 4959 3628 4999 res

2814 5036 3081 5093 zpsorum.

2191 5116 2477 5169 Caeterum
2512 5111 2657 5167 istos
2688 5110 2773 5165 sic
2804 5110 3063 5179 objectos
3087 5107 3359 5163 hostibus
3408 5110 3467 5160 et
3500 5104 3571 5160 ad
3623 5120 3779 5175 prae—

2121 5201 2525 5269 sens,siPersa3
2558 5199 2919 5271 lngruerent,
2978 5194 3319 5252 defectionis
3364 5198 3421 5249 et
3462 5191 3778 5261 transfugii

2120 5289 2447 5362 periculum
2471 5289 2787 5361 expositos,
2818 5292 3018 5358 utpote
3034 5284 3176 5341 nihil
3208 5284 3491 5339 habentes
3525 5280 3681 5353 quod
3714 5281 3780 5335 in

2119 5380 2233 5433 ﬁde
2248 5396 2314 5433 ac
2330 5378 2582 5434 statione
2596 5378 2985 5433 constentiam
3009 5373 3779 5443 suaderet,haudquaquam

2120 5468 2506 5540 imperatores
2537 5465 2940 5523 necessariain
2972 5464 3076 5519 tali
3098 5461 3357 5535 periculo
3380 5460 3785 5517 destituerunt

2121 5556 2508 5628 providentia,
2544 5557 2645 5611 sed
2680 5554 2828 5611 tales
2852 5555 3171 5610 effecerunt
3201 5550 3423 5624 utipsis
3454 5546 3779 5621 expediret,

2121 5650 2178 5701 et
2229 5645 2469 5701 omnino
2513 5643 2748 5709 vellent,
2796 5643 2969 5701 etiam
3017 5659 3197 5713 supra
3246 5640 3397 5696 vires
3430 5638 3621 5695 Persis
3669 5635 3778 5691 ob-

2122 5734 2418 5791 sistere.ld
2442 5734 2952 5805 censequebantur
2982 5732 3157 5804 plena
3186 5728 3564 5786 immunitate
3583 5724 3779 5782 tribu-
