4090 6416
303 401 416 460 449
1399 405 1492 458 DE
1532 405 1908 462 MICHAELR
1947 411 1986 464 P

2100 397 2394 470 BOLOGO
2433 417 2565 471 LIB.
2608 419 2650 470 ι.
3631 425 3737 481 450

306 526 623 601 ἐσωροῦντο
686 524 1016 588 Βασιλικοῖς.
1077 524 1179 582 Καὶ
1220 521 1285 593 δὴ
1317 529 1416 581 τοῦ
1447 526 1654 602 χρόνου
1679 529 1970 604 προϊόντος
2000 537 2055 604 Α
2081 533 2380 592 οἰκούντων
2441 541 2874 614 βρενθυομένων,
2906 543 2996 597 καὶ
3057 542 3209 598 οὐδὲν
3243 547 3324 601 ὅτι
3389 547 3465 620 μὴ
3494 547 3737 603 πλούτου

309 614 551 690 ηὔξανον
577 619 698 678 ταῖς
730 614 1092 689 περιουσίαις,
1133 616 1223 669 καὶ
1275 613 1515 678 πλοῦτος
1567 616 1779 695 ἐπέρῥει
1831 621 1980 698 σφίσι

311 707 541 782 συχνός.
595 706 730 780 Παρ’
761 700 887 759 ὅσον
923 702 970 759 δ’
1001 702 1229 766 ἐκείνοις
1265 703 1660 774 ἐνευθηνεῖσθαι
1711 704 1984 782 ξυνέϐαινεν

306 802 430 860 τοῖς
488 796 627 850 κατά
680 794 774 849 τὸν
837 793 978 869 βίον,
1031 794 1178 869 παρά
1224 799 1485 850 τοσοῦτον
1540 797 1630 851 καὶ
1689 799 1823 872 πρὸς
1852 799 1980 860 τοὺς

309 885 591 945 ἐναντίους
649 883 930 959 ἐθάρρουν,
989 883 1081 937 καὶ
1137 882 1378 945 πολλοῖς
1421 891 1540 947 τοῖς
1593 886 1791 942 ἐκεῖθεν
1827 887 1982 963 ἐτρό-

311 997 457 1052 φων,
487 971 957 1047 νυκτολοχοῦντες
987 970 1078 1026 καὶ
1113 973 1384 1046 ὁσημέραι
1433 976 1532 1044 τὴν
1571 980 1678 1029 τῶν
1728 977 1979 1032 ἐναντίων

311 1064 741 1139 περικόπτοντες
771 1059 860 1114 καί
885 1063 952 1116 τὰ
981 1059 1170 1116 πολλά
1201 1060 1549 1135 ληϊζόμενοι.
1605 1066 1689 1137 Ἐξ
1724 1067 1796 1119 ὧν
1829 1063 1983 1120 συνέ-

312 1148 504 1207 6αινεν
562 1149 748 1210 αὐτοῖς
812 1151 905 1221 μὲν
968 1147 1136 1221 ὁμόσε
1183 1154 1300 1210 τοῖς
1357 1148 1674 1215 ἀντιπάλοις
1735 1159 1983 1227 χωροῦσι

318 1234 736 1315 προϐεϐλῆσθαι
773 1241 880 1292 τῶν
933 1235 1251 1314 ἐνδοτέρων,
1300 1237 1430 1300 τοὺς
1483 1237 1527 1293 δ’
1578 1239 1984 1316 ἐξαρτωμένους

313 1329 410 1390 τὰς
444 1324 676 1391 ἐλπίδας
706 1325 924 1381 ἐκείνων
960 1325 1048 1381 ἐπὶ
1076 1333 1180 1395 τῆς
1211 1327 1416 1392 οἰκείας
1442 1325 1738 1403 διατρίϐειν
1789 1328 1979 1402 ἀνέδην

309 1418 406 1474 καὶ
460 1421 584 1478 ταῖς
615 1415 842 1478 οἰκείαις
901 1416 1266 1491 προσανέχειν
1321 1416 1592 1491 φροντίσι,
1632 1418 1760 1481 τοὺς
1799 1421 1981 1493 μέντοι

312 1506 407 1562 ἐπὶ
465 1509 573 1560 τῶν
631 1504 822 1581 ἀρχῶν
879 1509 981 1573 τῆς
1041 1505 1376 1579 στρατηγίας
1406 1501 1584 1574 ὄντας,
1622 1511 1730 1561 τῶν
1761 1505 1978 1564 ὄπισθεν

309 1594 578 1673 ἀσφαλῶς
631 1593 704 1655 ὡς
773 1591 889 1648 οἷόν
943 1614 1002 1648 τε
1060 1590 1316 1668 ἔχοντας,
1370 1595 1469 1662 τὴν
1535 1595 1721 1671 μάχην
1757 1596 1984 1672 ἑτέρωσε

307 1687 535 1760 τρέπειν
567 1682 659 1738 καὶ
696 1683 772 1755 μὴ
827 1679 987 1736 οὖσαν
1015 1688 1136 1744 ταῖς
1194 1682 1494 1746 ἐπιθέσεσιν
1554 1683 1837 1758 ἐρεθίζειν,
1892 1697 1982 1748 καὶ

316 1775 541 1853 φθάνειν
571 1775 755 1833 κακῶς
797 1768 1131 1834 διατιθέντας
1184 1770 1398 1846 ἐτέρους
1452 1772 1716 1848 πρότερον
1768 1774 1803 1844 ἢ
1857 1777 1983 1830 ἀνα-

319 1863 506 1935 μένειν
562 1860 794 1934 πάσχειν
843 1858 1100 1932 ἑτέρωθεν
1127 1861 1194 1914 τὰ
1225 1857 1389 1916 δεινά.
1439 1861 1508 1914 Τὸ
1541 1859 1598 1915 δὲ
1641 1862 1856 1935 σύμπαν
1914 1866 1982 1934 ἦν

313 1922 764 2024 κατορθούμενον
817 1953 927 2004 τῶν
986 1949 1166 2024 ἀκρῶν
1225 1949 1412 2012 καλῶς
1444 1949 1692 2026 ἐχουσῶν
1725 1956 1813 2007 καὶ
1850 1952 1982 2026 μηδ’
2013 1922 2059 1984 Β

317 2039 381 2096 ἂν
417 2038 542 2095 εἷ’τι
593 2039 682 2093 καὶ
744 2039 958 2112 γένοιτο
988 2042 1095 2093 τῶν
1144 2037 1255 2093 ἐκεῖ
1283 2039 1714 2110 καθυπειξόντων
1748 2041 1979 2117 ἀνδρῶν,

317 2130 374 2186 εἷ’
425 2150 478 2183 τι
533 2128 623 2183 καὶ
683 2128 998 2183 ἀντιτείνειν
1053 2127 1306 2201 τολμῷεν
1353 2130 1406 2183 οἱ
1457 2130 1845 2204 ἀντικείμενοι,
1893 2136 1982 2188 καὶ

313 2223 493 2274 ταῦτα
547 2217 638 2271 καὶ
692 2224 796 2286 τῆς
855 2218 1036 2291 ἀρχῆς
1087 2215 1304 2293 ἐγγύθεν
1367 2217 1533 2289 οὔσης
1567 2263 1581 2288 ,
1659 2221 1984 2294 ἀνθεξοόσης

320 2307 554 2380 ἑτοίμου
607 2307 746 2380 πρὸς
802 2303 938 2360 ἅπαν
988 2307 1051 2360 τὸ
1109 2307 1589 2380 ἀντιστησόμενον.
1623 2311 1728 2365 Καὶ
1775 2311 1842 2365 τὰ
1887 2315 1981 2384 μὲν

316 2396 566 2472 πρότερα
594 2399 820 2450 τοιαῦτα
864 2393 955 2448 καὶ
981 2393 1153 2456 οὕτως
1199 2390 1420 2470 ἔχοντα,
1469 2398 1531 2451 οὐ
1580 2398 1744 2468 μόνον
1779 2403 1865 2462 αῖς
1897 2401 1982 2479 ἐρ-

320 2485 455 2562 ῥέθη
516 2483 784 2545 ἀτελείαις
827 2503 886 2538 τε
931 2484 1023 2538 καὶ
1053 2485 1339 2556 προνοίαις
1371 2484 1521 2541 ἀλλά
1571 2508 1631 2561 γε
1682 2490 1768 2542 καὶ
1815 2503 1984 2561 καθη-

323 2578 577 2648 μεριναῖς
663 2571 1013 2650 φιλοτησίαις
1091 2571 1401 2646 βασιλικαῖς
1469 2581 1575 2630 τῶν
1650 2578 1746 2640 τὰς
1821 2577 1988 2655 ἄκρας

320 2793 526 2846 torum
560 2803 626 2843 ac
672 2786 1042 2858 vectigalium
1086 2788 1336 2845 limitem
1385 2789 1542 2845 hunc
1591 2791 1987 2850 incolentibus

329 2875 718 2946 indulgenda,
753 2876 968 2932 annuis
1008 2893 1244 2948 quoque
1300 2895 1368 2933 ex
1416 2879 1558 2935 ﬁsco
1607 2883 1989 2952 pensionibus

331 2966 686 3023 illustriores
717 2967 982 3038 ipsorum
1032 2967 1396 3026 honorando.
1431 2970 1595 3026 Unde
1644 2975 1991 3043 procedente

335 3063 592 3125 tempore
625 3059 800 3112 aucta
826 3057 924 3111 isti
955 3056 1277 3128 plurimum
1312 3074 1373 3114 re
1414 3060 1711 3130 familiari,
1746 3080 1992 3135 magnas

338 3143 600 3217 plerique
632 3161 773 3216 opes
805 3151 1253 3216 congesserunt.
1289 3147 1463 3204 Porro
1520 3166 1636 3220 quo
1669 3151 1895 3208 meliori
1928 3172 1992 3209 ac

331 3231 718 3287 commodiori
744 3230 869 3287 loco
895 3248 989 3287 res
1007 3233 1346 3290 domesticae
1370 3236 1631 3307 ipsorum
1652 3256 1719 3294 ac
1743 3241 1989 3296 fortuna

328 3323 499 3377 erant
530 3335 598 3374 eo
630 3318 840 3375 fortius
870 3319 1244 3393 alacriusque
1301 3323 1361 3378 in
1413 3323 1614 3381 hostes
1663 3326 1986 3397 irruebant,

330 3409 512 3465 illecti
545 3409 619 3464 ad
650 3408 760 3464 hoc
795 3408 992 3481 ipsum
1025 3410 1526 3482 frequentandum
1589 3416 1990 3490 audaciusque

328 3497 686 3555 tentandum
718 3502 897 3569 gustu
925 3501 1132 3570 praeda
1166 3517 1278 3555 non
1309 3501 1487 3556 semel
1521 3507 1824 3561 nocturnis
1854 3507 1994 3561 insi-

333 3587 451 3642 diis
473 3587 714 3654 abactae,
737 3587 1112 3660 assiduisque
1134 3589 1269 3644 inde
1293 3584 1732 3648 incursionibus
1763 3594 1991 3650 hostem

327 3680 634 3744 vexantes,
658 3676 905 3748 ejusque
929 3677 1010 3730 sic
1035 3677 1995 3752 infringentesimpetum,vastau-

334 3771 427 3824 tes
463 3765 606 3839 quin
640 3766 815 3821 etiam
848 3783 1018 3838 agros
1049 3783 1115 3821 ac
1144 3771 1331 3822 terras
1365 3767 1593 3840 lateque
1619 3772 1989 3842 populantes,

330 3870 670 3925 manusque
699 3854 902 3910 obvias
934 3855 1245 3923 caedentes,
1279 3872 1346 3912 ac
1373 3856 1501 3928 ipsa
1532 3857 1810 3914 interiora
1854 3860 1991 3915 Per-

326 3942 478 3999 sidis
496 3941 822 3998 latrociniis
845 3947 902 3998 et
917 3944 1366 3999 excursionibus
1393 3945 1604 4001 infesta
1622 3946 1911 4019 sollicitaq
1924 3965 1992 4004 ue

331 4032 676 4098 reddentes,
707 4034 1033 4103 eademque
1055 4049 1226 4104 opera
1252 4034 1534 4090 Romanis
1558 4038 1599 4090 1
1616 4039 1652 4090 7
1684 4035 1814 4092 laeta
1834 4039 1993 4093 domi

327 4128 386 4176 et
411 4119 693 4192 opulenta
723 4121 842 4176 otia
873 4123 1224 4192 praebentes,
1257 4141 1460 4180 secure
1490 4126 1764 4197 deinceps
1783 4144 1847 4181 ac
1867 4127 1994 4182 sine

331 4211 534 4267 hostili
569 4209 689 4266 ullo
731 4217 893 4266 metu
953 4211 1270 4268 familiaria
1326 4215 1689 4271 curantibus.
1724 4217 1990 4272 Indidem

331 4300 590 4355 ducibus
623 4315 856 4371 quoque
888 4300 1163 4356 Romana
1184 4301 1428 4371 militiae,
1455 4304 1670 4376 quippe
1692 4321 1840 4376 quos
1863 4307 1990 4377 jam

332 4387 485 4444 nihil
518 4393 675 4444 retro
707 4389 892 4443 vereri
925 4406 989 4445 ac
1021 4391 1310 4461 respicere
1361 4409 1584 4465 cogere,
1619 4395 1905 4450 securitas
1935 4400 1993 4451 et

330 4476 583 4533 facultas
614 4478 814 4533 aderat
860 4479 978 4534 vim
1038 4477 1150 4535 alio
1207 4484 1490 4550 vertendi,
1527 4482 1821 4555 ultroque,
1857 4501 1990 4539 cum

327 4583 521 4638 Operm
554 4566 810 4638 pretium
845 4571 989 4636 erat,
1022 4567 1352 4624 lacessendi
1393 4569 1592 4626 hostes
1644 4573 1811 4641 alios,
1845 4590 1990 4644 prae-

329 4655 722 4725 vertendique
752 4654 910 4711 bella
941 4655 1336 4723 imminentia,
1369 4659 1732 4731 consiliaque
1761 4678 1995 4732 suspec-
2021 4648 2068 4712 D

332 4749 532 4800 tarum
566 4743 830 4815 gentium
865 4751 1096 4800 mature
1126 4748 1989 4817 praeoccupandi,saluberrimo

330 4832 538 4888 auxilii
572 4848 805 4904 genere,
841 4850 955 4889 non
987 4840 1328 4904 expectante
1359 4837 1649 4891 malorum
1701 4845 1988 4907 exortum,

329 4927 389 4978 et
421 4938 748 4993 praecavere
779 4923 995 4977 damno
1021 4922 1253 4994 publica
1291 4925 1478 4979 satius
1537 4924 1786 4981 habente
1809 4944 1988 4998 quam

331 5011 540 5068 ulcisci
571 5017 674 5068 aut
726 5029 874 5068 saeve
906 5015 1238 5084 grassantia
1296 5015 1605 5086 depellere.
1639 5017 1705 5071 Hi
1765 5018 1988 5074 fructus

324 5106 504 5158 erant
533 5101 897 5171 insessurum
929 5102 1144 5158 validis
1178 5104 1521 5160 istiusmodi
1575 5107 1866 5174 praesidiis
1895 5126 1988 5163 ar-

326 5189 514 5244 cium.
549 5189 686 5253 Quaa
715 5206 786 5245 ne
816 5206 1080 5262 unquam
1113 5192 1524 5249 desererentur
1570 5197 1988 5252 retrocedenti-

326 5279 448 5335 bus
479 5277 862 5350 praesidiariis
911 5280 983 5335 ob
1023 5280 1138 5336 vim
1172 5283 1454 5353 majorem
1519 5285 1854 5356 urgentium
1887 5303 1987 5342 eos

328 5367 636 5423 interdum
668 5367 862 5424 acrius
886 5368 1221 5436 Persarum,
1258 5371 1402 5427 satis
1429 5374 1846 5444 providebatur
1864 5376 1986 5430 col-

325 5455 540 5512 locatis
568 5461 899 5527 opportune
918 5475 1031 5513 non
1057 5459 1256 5530 procul
1279 5461 1350 5514 ab
1369 5460 1468 5516 illo
1491 5462 1679 5518 limite
1707 5464 1987 5520 Romanis

329 5545 566 5614 castris,
602 5547 757 5601 unde
790 5547 1141 5602 auxiliorum
1175 5554 1464 5619 quantum
1520 5557 1675 5607 esset
1722 5570 1891 5624 opus,
1925 5555 1985 5609 in

325 5641 594 5707 tempore
623 5635 896 5690 submitti
927 5636 1340 5694 laborantibus
1381 5647 1599 5710 posset.
1636 5642 1740 5697 Hic
1797 5651 1985 5700 status

324 5729 458 5782 tum
492 5724 614 5780 illic
647 5741 843 5781 rerum
895 5725 1025 5796 fuit,
1058 5725 1537 5800 imperatoribus,
1571 5731 1672 5802 qui
1730 5749 1798 5787 ea
1836 5737 1984 5789 tem-

2092 630 2320 698 σημεῖον
2374 625 2639 703 ἐχόντων,
2689 631 2971 694 κάντεῦθεν
3023 633 3112 688 καὶ
3173 634 3615 711 ἀρῥᾳθυμότερον
3650 639 3743 710 μὲν

2089 711 2467 789 φυλασσόντων
2507 763 2519 787 ,
2589 717 3030 796 θαρραλεώτερον
3096 720 3142 776 δ’
3199 719 3602 780 εἰσϐαλλόντων
3655 727 3743 781 καὶ

2088 801 2455 878 ἀντισχόντων
2515 812 2656 878 τοῖς,
2717 807 2771 862 εἷ’
2820 831 2894 880 πη
2953 810 3257 885 ἰσχόσειαν,
3291 820 3648 870 κακοποιοῦσι
3679 817 3746 872 τὰ

2087 891 2348 967 ἡμέτερα.

2090 1012 2393 1093 ε’·..ὍπΨς
2453 1012 2694 1082 ἀλουσης
2750 1014 2919 1093 πάλαι
2968 1022 3068 1093 Ti:
3118 1017 3338 1093 πᾷλεως
3382 1023 3510 1093 παρ’
3541 1021 3744 1077 Ιταλῶν

2161 1080 2480 1170 ἐξηξθένησε
2521 1091 2588 1138 τᾶ
2635 1080 2773 1140 κατά
2812 1089 2912 1155 τὴν
2967 1080 3299 1160 Ἀ’νατολήνο
3347 1080 3610 1170 καῖ’περί
3650 1098 3746 1148 τοῦ

2161 1153 2434 1225 Χαδηνοῦ.

2161 1253 2238 1324 [Ρ.
2273 1255 2328 1326 8]
2357 1254 2449 1326 Ἓξ
2483 1252 2608 1308 ὅτου
2643 1253 2686 1308 δ’
2719 1258 2753 1324 ἡ
2784 1257 3185 1311 Κωνσταντίνου
3249 1257 3410 1323 πόλις
3439 1261 3746 1332 Ῥωμαίοις

2087 1339 2253 1410 ἑάλω,
2301 1343 2392 1396 καὶ
2442 1343 2503 1410 ἦν
2551 1344 3000 1420 μεταναστρέφειν
3054 1345 3258 1422 ἀνάγκη
3309 1352 3377 1414 τῆ
3410 1349 3632 1426 πατρίδι
3682 1351 3748 1405 τὰ

2085 1431 2263 1499 τέκνα,
2324 1432 2411 1485 καὶ
2469 1434 2734 1506 πρότερον
2793 1438 2900 1488 τῶν
2932 1433 3118 1489 ἄλλων
3169 1439 3250 1498 οἷς
3279 1438 3344 1505 ἦν
3391 1438 3453 1492 τὸ
3503 1445 3744 1513 κρατεῖν,

2088 1515 2362 1589 ξυνέϐαινε
2413 1522 2508 1592 μὲν
2565 1517 2713 1586 ἔνθεν
2776 1523 3072 1593 ἐξασθενεῖν
3122 1524 3357 1587 ἐκείνους
3406 1530 3474 1600 τῇ
3523 1525 3745 1583 διαστά-

2087 1629 2165 1662 σει
2197 1613 2306 1662 τῶν
2361 1609 2656 1684 βασιλέων,
2709 1610 2816 1666 ἔδει
2849 1609 2896 1666 δ’
2936 1611 3166 1675 ἐκείνοις
3195 1615 3410 1677 πάντως
3459 1617 3745 1689 προνοίας,

2087 1696 2176 1752 καὶ
2212 1695 2424 1769 μᾶλλον
2453 1699 2532 1776 ἐφ’
2564 1700 2609 1770 ᾧ
2659 1702 2774 1754 καθ’
2808 1699 3029 1762 ἑαυτοὺς
3062 1699 3217 1757 οὐδὲν
3265 1702 3431 1770 ἧττον
3472 1703 3745 1782 θαρῥοῖεν,

2090 1784 2136 1838 εἰ
2191 1783 2321 1856 μηδ’
2367 1783 2624 1855 ἄλλοθεν,
2685 1787 2812 1843 ἀλλ’
2868 1786 2958 1842 οὖν
2998 1793 3162 1863 νεῦρα
3191 1790 3443 1864 πολέμου
3473 1793 3564 1847 τὸν
3598 1797 3746 1870 σφῶν

2090 1872 2330 1928 πλοῦτον
2376 1872 2619 1950 ἔχουσιν.
2656 1875 2834 1933 Ἀλλά
2865 1877 3050 1952 χρόνῳ
3082 1877 3302 1955 ὕστερον
3331 1886 3431 1950 τῆς
3468 1881 3747 1955 βασιλείας

2096 1962 2504 2034 μεταπεσούσης
2553 1961 2798 2034 Χαδηνός
2846 1987 2954 2032 τις,
3005 1967 3050 2038 ᾧ
3083 1965 3149 2036 δὴ
3201 1968 3289 2022 καὶ
3319 1970 3381 2023 τὸ
3429 1977 3529 2038 τῆς
3584 1970 3750 2045 ἐπαρο

2092 2050 2219 2125 χίας
2253 2052 2466 2124 ἀξίωμα
2499 2051 2710 2118 ἐσαῦθις
2765 2053 3022 2125 ἐπέθηκεν
3071 2058 3098 2111 ὁ
3148 2062 3383 2132 κρατῶν,
3443 2061 3510 2113 τά
3565 2058 3752 2114 πολλὰ

2091 2141 2216 2212 παρ’
2250 2139 2435 2214 ἐκείνῳ
2467 2139 2765 2214 δυνάμενος
2799 2143 2849 2214 ἐξ
2897 2143 3086 2198 αἰτιῶν
3121 2146 3244 2199 ὅσον
3280 2147 3461 2201 οὐκέτι
3511 2147 3749 2219 ῥηθησο-

2097 2229 2268 2302 μένων
2323 2228 2547 2302 (ἐκεῖθεν
2581 2231 2684 2306 γάρ
2739 2232 2827 2286 καὶ
2878 2235 2905 2286 ὁ
2936 2235 3122 2308 παρὼν
3171 2233 3340 2310 λόγος
3374 2237 3450 2299 εἰς
3480 2238 3750 2293 κατάστα-

2094 2338 2176 2370 σιν
2253 2319 2354 2387 τὴν
2428 2321 2738 2391 πρέπουσαν
2806 2322 3252 2396 ἀναχθήσεται),
3313 2324 3520 2387 ἐκεῖνος
3570 2325 3752 2381 τοίνυν

2097 2407 2374 2482 συμφέρον
2435 2406 2614 2463 δοκεῖν
2687 2409 2887 2472 ἐθέλων
2957 2406 3350 2484 συμϐουλεύειν
3405 2419 3486 2486 τῷ
3541 2415 3760 2490 βασιλεῖ

2093 2495 2507 2570 (Παλαιολόγος
2563 2495 2610 2551 δ’
2669 2498 2826 2560 οὗτος
2885 2499 2953 2566 ἦν
3002 2501 3262 2574 Μιχαὴλ)
3313 2501 3520 2578 βουλήν
3555 2503 3757 2577 εἰσάγει

2096 2581 2260 2653 τήνδε
2314 2585 2402 2638 καὶ
2464 2584 2587 2640 λίαν
2647 2585 2964 2664 ἐπισφαλῆ,
3026 2590 3100 2651 ὡς
3156 2591 3219 2644 τὸ
3277 2596 3505 2666 πρᾶγμα
3562 2590 3756 2663 ἔδειξεν

2098 2801 2321 2869 pestate
2351 2799 2681 2870 reipublicae
2705 2807 3008 2871 praeerant,
3044 2801 3420 2859 utilissimam
3454 2804 3628 2860 istam
3681 2804 3749 2858 li-

2075 2886 2490 2943 ‘mitaneorum
2525 2888 2714 2944 militu
2729 2907 2780 2943 ru
2806 2889 3170 2946 alacritatem
3200 2892 3259 2946 in
3293 2891 3493 2948 hostes
3553 2894 3752 2948 foven-

2100 2975 2259 3030 tibus
2284 2993 2400 3031 non
2417 2979 2588 3032 modo
2615 2977 3092 3034 immunitatibus
3117 2981 3576 3051 etpensionibus
3606 2998 3754 3052 quas

2101 3064 2219 3119 dixi
2254 3065 2624 3135 praestandis,
2655 3068 2753 3121 sed
2788 3072 2844 3122 et
2875 3068 3236 3137 quotidianis
3267 3075 3430 3125 extra
3488 3069 3752 3126 ordinem

2101 3153 2516 3225 largitionibus
2547 3171 2783 3226 operam
2830 3156 3209 3228 insigniorem
3261 3163 3317 3212 et
3352 3160 3602 3214 clariora
3628 3177 3754 3230 qua:

2103 3243 2178 3297 fet
2194 3248 2398 3298 rentur
2428 3259 2591 3298 arces
2641 3245 3032 3300 obtinentium
3083 3246 3342 3302 facinora
3371 3247 3529 3318 regie
3559 3264 3754 3303 remu-

2103 3332 2384 3386 nerando.
2411 3332 2573 3387 Unde
2596 3335 2817 3403 passim
2841 3334 3336 3406 praesidiariorum
3358 3337 3606 3392 istorum
3625 3341 3758 3392 tan-

2101 3425 2227 3475 tum
2263 3420 2441 3476 animi
2475 3430 2798 3488 creverant,
2833 3429 2898 3477 ut
2929 3424 3179 3479 minima
3236 3441 3342 3496 par
3372 3426 3518 3497 ipsis
3577 3426 3756 3481 ofﬁcii

2099 3510 2395 3565 videretur
2420 3511 2569 3565 tueri
2604 3512 2955 3568 commissas
2997 3529 3182 3582 arces,
3217 3515 3370 3585 quod
3431 3513 3755 3570 ludibunde

2103 3614 2168 3652 ac
2200 3598 2361 3654 nullo
2393 3601 2627 3671 negotio
2661 3603 3039 3674 praestabant,
3064 3602 3178 3657 nisi
3213 3603 3606 3658 audacissime
3637 3603 3758 3659 lon-

2103 3688 2462 3758 gissimeque
2494 3690 2873 3746 incursarent
2902 3691 3146 3746 hostiles
3168 3697 3375 3760 terras,
3405 3699 3758 3765 apparatus-

2104 3793 2217 3848 que
2245 3778 2580 3846 Persarum,
2616 3781 2668 3835 si
2701 3781 3080 3849 procederent
3108 3783 3178 3836 ad
3214 3782 3556 3853 perfectum,
3579 3784 3756 3839 rebus

2106 3865 2326 3920 nostris
2351 3866 2714 3936 perniciosos
2741 3867 2995 3937 futuros,
3021 3870 3080 3924 in
3103 3887 3313 3926 exorsu
3341 3873 3612 3943 protinus
3634 3872 3761 3944 ipso

2105 3954 2409 4026 primaque
2443 3955 2746 4011 molitione
2779 3958 3140 4027 disjicerent.

2103 4062 2157 4115 5.
2193 4061 2255 4116 Ut
2315 4064 2531 4129 recepta
2585 4062 2721 4114 olim
2780 4078 2849 4116 ea:
2897 4045 3054 4116 Italis
3112 4064 3268 4130 urbe,
3314 4064 3616 4120 debilitatae
3675 4084 3762 4121 res

2396 4133 2706 4189 Orientales
2734 4133 2946 4202 fuerint
2972 4160 2985 4199 ;
3013 4139 3063 4188 et
3093 4134 3157 4190 de
3189 4136 3458 4204 Chadeno,

2175 4222 2256 4275 Ex
2287 4237 2404 4292 quo
2435 4227 2630 4276 autem
2664 4228 2894 4291 recepta
2916 4223 3455 4295 Constantinopolis
3487 4243 3516 4278 a
3548 4226 3755 4282 Boma-

2105 4310 2198 4365 nis
2250 4315 2361 4378 est,
2393 4314 2450 4364 et
2510 4311 2786 4365 reducere
2840 4327 3134 4382 quemque
3169 4310 3320 4367 filios
3378 4313 3437 4367 in
3500 4313 3754 4385 patriam

2103 4399 2380 4470 oportuit,
2417 4397 2714 4470 principes
2763 4399 3037 4464 maxime,
3071 4400 3317 4469 contigit
3372 4403 3646 4472 praesidia
3687 4404 3755 4457 li-

2103 4489 2267 4542 nium
2320 4487 2687 4542 Persicorum
2751 4488 3044 4543 debilitari
3105 4489 3178 4544 ob
3231 4489 3660 4562 imperatorum
3697 4494 3752 4547 in

2104 4578 2308 4631 urbem
2356 4593 2723 4630 reversorum
2759 4577 3147 4644 distantiam;
3181 4595 3250 4632 ex
3299 4596 3412 4648 qua
3469 4581 3646 4635 ﬁebat
3693 4585 3758 4636 ut

2103 4665 2413 4736 pensiones
2445 4665 2513 4719 ad
2548 4665 2700 4719 diem
2737 4666 2902 4736 prius
2938 4667 3100 4721 reddi
3138 4666 3322 4721 solita}
3381 4685 3755 4738 nequaquam

2106 4754 2204 4809 18
2229 4771 2295 4809 ea
2328 4755 2439 4808 ﬁde
2472 4753 2861 4820 solverentur,
2896 4762 3175 4824 quatunc
3208 4772 3358 4826 opus
3383 4756 3468 4811 vel
3502 4759 3758 4813 maxime

2102 4845 2292 4899 fuerat
2321 4844 2392 4898 ad
2425 4843 2761 4898 excitandos
2812 4844 3097 4899 militares
3131 4845 3384 4914 animos,
3419 4852 3482 4900 ut
3542 4847 3758 4903 vellent

2101 4939 2278 5002 atque
2307 4932 2594 4986 auderant
2626 4939 2915 5003 quantum
2968 4933 3042 4987 iis
3101 4933 3246 4989 locis
3278 4939 3334 4988 et
3387 4937 3757 5007 temporibus

2101 5020 2347 5092 publica
2380 5022 2762 5076 necessitates
2814 5022 3156 5092 poscebant.
3195 5023 3411 5078 Tamen
3471 5024 3754 5096 aliquate-

2102 5126 2213 5164 nus
2247 5108 2383 5164 huic
2413 5109 2788 5164 incommodo
2820 5110 3188 5178 medebatur,
3220 5112 3374 5181 quod
3422 5110 3538 5169 illis
3569 5115 3755 5169 abun-

2099 5198 2321 5253 dabant
2351 5213 2492 5269 opes
2525 5199 2793 5269 proprias,
2828 5215 2956 5269 quae
3016 5197 3152 5253 belli
3199 5216 3406 5256 nervos
3464 5203 3756 5258 submini-

2099 5290 2373 5350 strarent,
2407 5289 2589 5341 donec
2625 5287 2934 5356 posteriori
2992 5292 3277 5359 tempore,
3310 5289 3372 5344 in
3405 5291 3756 5348 deteriorem

2098 5380 2317 5431 statum
2351 5375 2597 5446 imperio
2632 5374 2926 5446 prolapso,
2952 5375 3266 5432 Chadenus
3291 5379 3551 5452 quidam,
3575 5382 3668 5437 cui
3700 5388 3759 5436 et

2097 5464 2457 5536 praefectura
2491 5462 2838 5534 dignitatem
2868 5464 3081 5520 deinde
3135 5466 3454 5536 imperator
3487 5470 3755 5540 contulit,

2099 5552 2356 5608 multum
2386 5551 2446 5605 in
2479 5551 2615 5606 aula
2647 5551 2874 5623 pollens
2918 5570 2987 5608 ex
3043 5555 3236 5610 causis
3268 5555 3442 5626 paulo
3469 5569 3601 5627 post
3631 5577 3754 5615 me-

2097 5642 2400 5698 morandis
2424 5644 2517 5712 (ab
2545 5643 2725 5713 hujus
2747 5644 2904 5699 enim
2937 5645 3236 5701 mentione
3258 5651 3460 5702 nostra
3484 5648 3542 5702 in
3575 5666 3752 5705 suum

2095 5732 2273 5789 finem
2302 5731 2548 5790 historia
2575 5733 2848 5806 procedet
2877 5733 3192 5791 consilium
3235 5735 3537 5808 suggessit
3564 5736 3749 5812 impe-
