4090 6404
362 373 464 430 451

1677 364 1981 420 GEORGII
2017 361 2479 417 ΡΔΟΗῩΠΕΒΛΕ

3686 364 3794 419 452

364 494 609 573 ὕστερον.
668 491 771 549 Καὶ
803 492 1016 568 δεχθεὶς
1075 492 1151 555 ὡς
1203 488 1363 560 δῆθεν
1395 488 1779 567 συμφερόντως
1812 483 2017 562 λέγων,
2047 486 2103 553 Α
2132 484 2307 559 ἐχειν)
2363 482 2528 573 μόγις
2581 482 2802 539 ὑπεῖκον
2828 487 3277 573 ,προσοικοῦντες
3331 484 3583 561 ἀντέχειν
3615 530 3628 543 .
3686 489 3796 545 Καὶ

362 584 635 658 πέμπεται
692 581 1027 657 καταπρᾶξαι
1090 579 1121 635 ἃ
1174 581 1378 658 φθάσας
1453 576 1806 652 βεοούλευται
1842 615 1855 630 .
1924 573 2024 629 Καὶ

365 672 432 744 δὴ
492 672 713 736 ἐπιστὰς
761 672 977 746 ταχέως
1016 675 1134 733 τοῖς
1186 668 1348 723 τόποι
1388 667 1472 736 (ού
1505 668 1608 742 γὰρ
1658 665 1727 733 ἦν
1775 664 1913 736 πρὸς
1957 665 2026 718 τὰ

360 756 736 831 ἐπεσταλμένα
790 754 1072 833 βραδύνειν
1146 754 1295 816 ὅλως
1364 753 1524 808 αὐτὸν
1572 752 2023 827 καταρξάμενον),

363 846 563 920 ἄνδρας
616 844 1032 921 βαθυπλούτους
1081 844 1252 921 εὑρὼν
1285 844 1376 898 καί
1423 844 1670 915 κτήμασι
1718 841 1805 896 καὶ
1856 840 2026 916 θρέμ-

365 960 493 1012 μασι
545 938 858 1012 βρίθοντας,
902 934 1176 1008 στρατεύει
1224 932 1455 997 τούτους
1502 931 1561 986 ἐκ
1590 935 1699 985 τῶν
1750 928 2019 1007 σφετέρων

360 1026 577 1082 ἐκείνων
631 1025 720 1081 καὶ
779 1027 859 1087 οἷς
892 1025 919 1079 ὁ
978 1024 1206 1078 ἑκάστου
1260 1022 1377 1098 βίος
1428 1019 1875 1097 συνεκεκρότητο,
1930 1026 2020 1080 καὶ

355 1116 431 1177 εἷς
494 1115 891 1190 τεσσαράκοντα
948 1113 1271 1186 νομίσματα
1337 1115 1418 1183 τῷ
1488 1109 1567 1165 ἐνὶ
1627 1108 2018 1182 συμποσώσας,

354 1205 443 1261 καὶ
474 1204 682 1260 τούτων
708 1204 770 1258 τὸ
801 1201 1061 1258 πλεῖστον
1113 1201 1172 1256 ἐκ
1199 1205 1308 1255 τῶν
1357 1200 1545 1268 αὐτοῦ,
1576 1200 1639 1255 τὸ
1680 1198 1875 1254 λοιπὸν
1923 1201 2019 1251 τοῦ

352 1294 598 1356 τεθέντος
627 1291 845 1365 τέλους,
904 1292 1003 1346 οὐκ
1034 1290 1223 1366 ὀλίγον
1256 1291 1334 1359 ὃν,
1366 1294 1447 1362 τῷ
1482 1287 1751 1364 βασιλικῷ
1781 1288 2017 1360 ταμιείῳ

355 1382 759 1457 εἰσκομίζεσθαι
806 1379 1009 1455 ἔταξεν.
1070 1382 1140 1438 "0
1190 1378 1280 1434 καὶ
1329 1379 1599 1454 πραχθὲν,
1648 1377 1883 1451 πρώτως
1913 1396 2019 1430 πα-

354 1471 559 1525 θόντων
589 1474 700 1525 τῶν
746 1466 958 1543 ἀνδρῶν
989 1465 1021 1521 ἃ
1053 1460 1153 1521 οὐκ
1198 1463 1439 1535 ἤλπισαν
1474 1465 1720 1533 πώποτε,
1755 1460 2018 1517 ἐπέκλασέ

350 1580 411 1614 τε
437 1560 538 1629 τὴν
571 1557 883 1633 προθυμίαν
922 1555 1307 1633 βουλομένοις,
1364 1553 1453 1609 καὶ
1502 1551 1885 1631 καθυφείκεσαν
1917 1557 2017 1620 τῆς

354 1646 658 1721 δυνάμεως.

355 1757 399 1819 ς’
471 1757 663 1819 ’Ὀπως
747 1754 799 1809 oi
897 1751 1151 1878 Πέρσαιὸ
1192 1750 1460 1828 κατέσχον

1155 1844 1248 1878 o-n.

1190 1847 1248 1896 η.

1122 1844 1150 1878 ο
1234 1869 1248 1882 .

430 1915 703 1972 Ἐντεῦθεν
761 1914 853 1969 καὶ
908 1918 1029 1977 τοῖς
1111 1844 1222 1968 τῖ’ῗῖ)ὶ
1295 1916 1516 1988 Περσῶν
1596 1912 1871 1987 μαχίμοις
1921 1910 2011 1964 καὶ

348 2008 435 2068 οἷς
496 2003 549 2060 ἐν
609 2002 860 2080 μαχαίρᾳ
912 2003 975 2058 τὸ
1034 2005 1149 2077 ζῇν,
1198 2006 1308 2058 τῶν
1367 1999 1554 2057 ἄλλων
1608 1998 2008 2055 ὑποκλιθέντων

347 2100 469 2157 τοῖς
522 2091 799 2170 Τοχᾶροις
867 2094 987 2167 ἄρτι
1043 2096 1377 2169 κατασχοῦσι
1433 2092 1533 2161 τὴν
1590 2094 1693 2156 τῆς
1747 2085 2013 2164 Περσίδος

352 2185 533 2261 ἀρχὴν
567 2226 584 2255 ,
677 2182 950 2259 συμφέρον
1043 2179 1215 2237 ἐδόκει
1305 2181 1664 2260 ἀφηνιάζουσι
1743 2176 2012 2257 καταφεύ-

354 2294 465 2350 γειν
520 2272 658 2349 πρὸς
711 2271 782 2327 τὰ
835 2276 944 2325 τῶν
1005 2272 1148 2348 ὁρῶν
1210 2270 1532 2348 ὀχυρώτερα
1589 2269 1678 2323 καὶ
1733 2267 1801 2323 τὰ
1856 2264 2011 2337 πλη-

353 2362 469 2417 σίον
523 2359 956 2437 κατατρέχοντας
1012 2359 1172 2435 νόμῳ
1226 2361 1444 2436 λῃστῶν
1504 2358 1713 2430 ἄποζῇν
1772 2359 1871 2431 [Ρ.
1929 2357 2008 2431 9].

353 2455 427 2509 Ὀ
473 2453 561 2507 καὶ
596 2452 823 2527 γεγονὸς
849 2451 1173 2522 συνέστησαν
1220 2452 1337 2505 κατ’
1377 2447 1572 2511 αὐτοὺς
1616 2447 1889 2517 πλεῖστοι,
1919 2445 2011 2501 καὶ

356 2542 617 2617 συχνάκις
645 2539 872 2617 ἴσχυροὶ
915 2538 1221 2605 ἐπετίθεντο
1272 2540 1510 2594 ἀσθενέσι
1555 2537 1871 2614 γενομένοις
1894 2540 2012 2599 τοῖς

353 2631 670 2706 ἡμετέροις,
727 2628 818 2685 καὶ
875 2629 1155 2706 περιόντες
1206 2630 1325 2685 κατ’
1368 2627 1552 2704 όκίγον
1606 2623 2009 2681 ἀδυνατούντων

357 2719 593 2775 ὑπείκειν
646 2717 886 2776 ἐποίουν.
932 2719 1039 2776 Καὶ
1091 2718 1235 2795 τάχα
1274 2719 1334 2774 ἂν
1386 2717 1760 2794 ἐσχωροῦντες
1806 2714 2012 2789 ὁσημέ-

354 2829 442 2883 ραι
466 2814 586 2871 τοῖς
630 2807 893 2871 ἐναντίοις
937 2813 1043 2864 τῶν
1096 2812 1332 2885 θριγκῖυν
1381 2806 1806 2883 παρεχώρησαν,
1834 2803 1880 2858 εί
1932 2804 2008 2877 μή

356 2918 418 2973 γε
441 2895 759 2974 ταχθείσαις
808 2897 995 2975 ῥόγαις
1023 2899 1111 2973 (τὰ
1140 2898 1244 2973 γὰρ
1294 2896 1521 2974 σφέτερα
1569 2893 1669 2949 οὐκ
1698 2895 1847 2969 εἶχον
1879 2913 2010 2948 κατ-

1560 1750 1627 1806 τὶ
1704 1746 2014 1823 Ῥωμαΐδος

357 3120 537 3177 ratori
568 3118 703 3191 (fuit
731 3120 782 3176 is
816 3120 1062 3177 Michael
1095 3119 1476 3192 Palteologus)
1509 3117 1672 3174 valde
1719 3117 2008 3190 pernicio-

2135 573 2387 649 ἀντεῖχον
2444 572 2602 639 τέως,
2659 574 2728 628 τὰ
2783 572 3015 628 πλεῖστα
3077 574 3170 646 μὶν
3229 575 3320 629 καὶ
3379 574 3689 645 έξέαυτῶν,
3721 578 3790 647 ἦν

2132 659 2178 716 δ’
2204 661 2269 717 αὖ
2316 662 2406 717 καὶ
2435 661 2661 718 πολλῶν
2706 661 3136 737 ἐπεισφρούντων
3184 668 3294 718 τῶν
3337 662 3590 720 ἐναντίων
3647 663 3796 737 δῆλα

2128 751 2360 815 τιθέντες
2394 756 2473 823 τῷ
2514 753 2770 827 ἡμετέρῳ
2820 752 3183 826 στρατεύματι
3214 754 3302 808 καὶ
3339 754 3614 830 ἄπρακτον
3645 756 3794 813 πολ-

2132 840 2290 904 λάκις
2318 843 2420 912 τήν
2453 841 2667 896 ἐκιίνων
2699 842 3042 897 ἐπισύστασιν
3088 844 3473 906 καθιστῶντες.
3508 844 3612 901 Καὶ
3641 843 3792 901 ταῦτ’

2128 930 2263 999 ἦσαν
2302 927 2408 995 ἕως
2433 928 2675 986 ἐδίδοντο
2709 931 2866 1007 ῥόγαι
2912 938 3129 1008 καιροῖς
3170 932 3495 1006 ὡρισμένοις
3536 934 3675 989 κατᾶ
3723 936 3789 990 τὸ

2128 1031 2376 1090 σύνηθες.
2410 1018 2563 1087 Πλὴν
2599 1019 2962 1098 φυλάσσεσθτι
3010 1022 3175 1092 μόνον
3222 1023 3288 1090 ἦν
3321 1022 3383 1077 τὸ
3413 1022 3582 1078 κακὸν
3611 1023 3788 1095 έπιὸν,

2125 1109 2213 1163 καὶ
2272 1111 2348 1182 μὴ
2408 1115 2757 1186 προσχωρεῖν
2820 1116 2953 1187 σιρᾶς
3009 1108 3087 1165 ἔτι
3146 1109 3286 1184 μηδὲ
3344 1118 3787 1188 περιγίγνεσθαι,

2129 1194 2258 1269 μηδ’
2308 1198 2508 1261 αὐτοὺς
2560 1204 2742 1270 ζητεῖν
2801 1203 3004 1254 κακοῦν
3064 1202 3162 1269 τὴν
3218 1199 3434 1255 ἐκείνων
3491 1203 3787 1277 καταστρέ-

2124 1288 2342 1360 ψαντας,
2392 1285 2520 1343 ἀλλ’
2568 1287 2791 1350 ἑαυτοὺς
2822 1294 3106 1364 συντηρεῖν
3157 1287 3243 1344 ἐπὶ
3290 1297 3393 1359 τῆς
3442 1289 3646 1353 οἰκείας
3691 1292 3791 1365 μέ-

2123 1396 2332 1443 νοντας,
2389 1378 2463 1438 ώς
2524 1378 2891 1452 μαχουμένων
2954 1379 3073 1451 μὲν,
3125 1378 3214 1434 ὅτε
3264 1378 3463 1435 ἐκεῖνοι
3494 1378 3584 1434 ἐπὶ
3619 1379 3788 1453 μέσυυ

2121 1466 2218 1532 τῆς
2266 1466 2538 1541 ἡμετέρας
2585 1467 2677 1519 τὸν
2735 1465 2986 1540 πόλεμον
3040 1465 3386 1544 ἐξενέγκαιεν,
3437 1468 3514 1540 μή
3567 1487 3787 1544 μαχου-

2124 1553 2301 1626 μένων
2358 1551 2436 1622 δὲ,
2499 1552 2549 1609 εἴ
2603 1555 2679 1627 μὴ
2734 1554 2929 1610 ἐκεῖνοι
2960 1555 3170 1611 θέλοιεν
3202 1554 3493 1629 πολεμεῖν.
3546 1558 3694 1613 Ἐπεὶ
3726 1553 3789 1611 δὲ

2119 1643 2207 1697 καὶ
2241 1642 2365 1717 περὶ
2396 1643 2589 1705 ταύτας
2623 1645 2676 1699 οἱ
2724 1646 2987 1720 ἄρχοντες
3032 1644 3486 1721 ἐγλισχρεύοντο,
3532 1646 3625 1701 καὶ
3685 1647 3785 1720 μό-

2120 1728 2210 1794 λις
2236 1732 2326 1787 καὶ
2361 1732 2708 1808 ὑπερήμερον
2749 1734 2839 1789 καὶ
2888 1735 3036 1808 παρὰ
3092 1734 3155 1789 τὸ
3207 1736 3443 1810 ἀρχαῖοε
3505 1740 3655 1809 μεῖον
3714 1738 3784 1805 ἦν

2044 1821 2182 1923 Ba?)
2240 1820 2553 1896 διδόμενον,
2600 1822 2682 1901 ἐφ’
2737 1825 2886 1899 ᾧπερ
2947 1824 3038 1880 καὶ
3096 1826 3342 1923 obitur?
3396 1824 3622 1899 καιροὺς
3670 1829 3781 1880 τῶν

2123 1916 2541 1987 στρατευμάτων
2590 1913 2854 1988 ἡγεμόνες
2910 1914 3130 1989 μερίτας
3164 1912 3224 1970 ἐκ
3268 1912 3604 1987 κλεμμάτων
3655 1913 3787 1969 ἑαυα-

2118 1999 2247 2063 τοὺς
2275 2000 2515 2077 εἰσῆγον,
2565 2000 2822 2056 ἀπώλετο
2879 2003 2976 2075 μὲν
3022 2003 3057 2073 ἠ
3108 2000 3327 2073 πληθὺς
3376 2002 3618 2070 ἐκείνων,
3666 2006 3775 2057 τῶν

2124 2089 2219 2161 μὲν
2250 2087 2403 2165 ἔργον
2452 2090 2726 2165 μαχαίρας
2772 2093 3100 2166 γεγονότων,
3147 2095 3256 2147 τῶν
3291 2088 3348 2147 δὲ
3389 2092 3479 2147 καὶ
3509 2110 3781 2167 προσχω-

2122 2177 2401 2253 ρησάντων
2428 2184 2547 2241 τοῖς
2579 2179 2869 2249 ἐναντίοις,
2917 2178 3105 2236 ἄλλων
3138 2177 3197 2235 δὲ
3236 2181 3325 2236 καὶ
3357 2179 3615 2256 ἀλλαχοῦ
3645 2202 3770 2252 που,

2119 2266 2233 2322 ἐπεὶ
2285 2266 2385 2322 οὐκ
2438 2268 2506 2336 ἦν
2566 2266 2737 2324 ἐκεῖσε
2790 2269 3159 2344 προσμένουσι
3207 2270 3412 2347 φευκτὰ
3459 2270 3526 2324 τὰ
3582 2267 3774 2340 δεινὰ,

2125 2354 2565 2430 μετοικησάντων
2615 2356 2706 2411 καὶ
2756 2358 2830 2420 ὡς
2864 2358 3018 2433 εἶχον
3069 2355 3434 2435 διαγαγόντων
3484 2361 3579 2414 τὸν
3633 2358 3778 2435 βίον,

2118 2445 2253 2501 κατὰ
2282 2444 2501 2516 πολλὴν
2536 2443 2594 2502 δὲ
2620 2450 2716 2501 τοῦ
2746 2445 3093 2509 κωλύσοντος
3140 2446 3376 2523 ἐρημίαν
3423 2449 3689 2524 κατέσχον
3722 2449 3778 2502 οἱ

2120 2534 2352 2591 ἐναντίοι
2402 2536 2471 2591 τὰ
2527 2535 2887 2611 ὀχυρώματα,
2947 2536 2997 2608 ἐξ
3050 2538 3123 2591 ὧν
3155 2538 3246 2592 καὶ
3277 2535 3632 2614 κατατρέχειν
3667 2538 3781 2593 οἷοί

2117 2626 2165 2679 τ’
2220 2626 2376 2695 ἦσαν,
2437 2626 2624 2688 ὁσάκις
2672 2626 2739 2695 ἦν
2800 2626 2987 2691 αὐτοῖς
3036 2625 3421 2702 βουλομένοις,
3451 2628 3541 2682 καὶ
3596 2632 3784 2690 κακῶς

2119 2718 2295 2769 ποιεῖν
2331 2714 2438 2790 οὐχ
2494 2714 2645 2775 ὅπως
2701 2714 2828 2777 τοὺς
2858 2716 3227 2791 προσχώρους
3278 2719 3462 2789 (τοῦτο
3491 2716 3593 2792 γὰρ
3624 2718 3780 2791 εἶχον

2120 2803 2384 2876 αὐτόθεν),
2416 2800 2561 2859 ἆ).λᾶ
2582 2802 2672 2859 καὶ
2705 2804 2778 2857 ὧν
2806 2802 2861 2866 ἐς
2887 2805 3094 2880 μακρὰν
3126 2804 3381 2879 ἀπεῖχον.
3414 2807 3548 2867 Τοῖς
3581 2801 3640 2860 δὶ
3667 2807 3782 2859 τῶν

2118 2890 2405 2967 Ῥωμαίων
2457 2891 2851 2967 στρατεύμασιν
2917 2892 3185 2968 ἆσχολίιον
3240 2897 3509 2971 παρεῖχον
3561 2895 3627 2949 οὐ
3680 2894 3785 2964 τὴν

2119 3115 2880 3189 quotidianisvalentiorum
2906 3115 3414 3173 insultibustracti
3437 3118 3780 3174 desererent

352 3225 487 3264 sum
517 3216 724 3266 eventu
749 3209 1210 3280 deprehensum,
1244 3226 1379 3265 cum
1410 3210 1534 3281 ipse
1563 3207 1704 3263 utile
1731 3210 1963 3279 putaret
1987 3223 2001 3273 ;
2035 3224 2078 3291 ρ
2117 3205 2508 3276 hostibusque
2539 3206 2839 3273 dederent,
2863 3206 2987 3261 sola
3009 3206 3311 3278 prohibuit
3340 3206 3765 3278 stipendiorum

350 3314 536 3369 eoque
566 3300 833 3369 probato,
862 3306 1171 3355 exsecutor
1200 3299 1327 3369 ipse
1359 3298 1579 3354 missus
1609 3303 1699 3352 est
1727 3296 1830 3367 qui
1868 3312 2004 3350 sua-

351 3391 529 3444 serat.
563 3388 752 3452 Quare
782 3389 835 3445 is
865 3387 1129 3445 celeriter
1160 3389 1218 3443 in
1273 3386 1407 3443 illas
1456 3383 1767 3442 Orientalis
1797 3384 2006 3439 limitis

347 3477 646 3546 profectus
703 3491 886 3544 arces,
919 3492 1050 3530 cum
1117 3476 1397 3547 degentes
1457 3474 1514 3528 in
1564 3472 1635 3528 iis
1692 3472 2006 3543 reperisset

354 3563 682 3635 praedivites
715 3563 984 3620 homines
1009 3564 1338 3619 latifundiis
1390 3579 1688 3634 agrorum,
1722 3575 2000 3632 gregum-

349 3668 467 3723 que
495 3658 675 3723 atque
706 3659 1108 3709 armentorum
1131 3654 1467 3723 provenitus
1489 3650 1824 3722 opulentos,
1849 3647 2003 3703 mili-

345 3740 459 3797 tari
481 3756 664 3795 censu
697 3740 900 3796 habito
934 3741 1197 3812 initaque
1219 3741 1476 3813 pecuniae
1506 3740 1795 3811 cujusque
1837 3754 2000 3793 sum-

348 3845 469 3895 ma,
502 3828 869 3899 stipendium
903 3830 1158 3901 singulis
1180 3847 1559 3886 nummorum
1608 3828 2001 3900 quadraginta

346 3917 672 3983 constituit,
706 3920 862 3988 quod
895 3919 1189 3990 reliquum
1212 3925 1356 3986 erat,
1377 3918 1545 3990 pretii
1576 3934 1691 3972 non
1725 3915 1910 3987 parvi,
1931 3933 2001 3970 ex

351 4005 568 4061 annuis
599 4004 837 4063 illorum
870 4014 1163 4063 tractuum
1223 4006 1628 4077 vectigalibus,
1664 4006 1801 4061 fisco
1833 4004 1998 4059 deiu-

341 4109 478 4163 ceps
510 4095 784 4167 precepit
814 4097 999 4153 reddi.
1033 4098 1183 4153 Hinc
1214 4096 1406 4153 evenit
1437 4096 1694 4168 primum
1728 4101 1791 4149 ut
1809 4093 1999 4165 praesi-

345 4182 538 4253 diarii,
573 4200 701 4253 que
729 4184 974 4241 minime
1021 4187 1346 4241 timuerant
1380 4185 1558 4253 passi,
1587 4185 1998 4253 frangerentur

339 4271 539 4328 animo
569 4278 628 4329 et
658 4277 961 4346 antiquam
995 4274 1357 4331 alacritatem
1382 4274 1636 4329 bellandi
1662 4273 1994 4343 perderent,

337 4375 611 4431 moxque,
646 4371 709 4416 ut
739 4363 824 4429 fit,
860 4363 1106 4418 minutis
1154 4365 1338 4435 copiis
1394 4362 1581 4416 multo
1637 4361 1993 4417 infirmiores

334 4449 739 4505 redderentur.

419 4591 474 4647 6.
503 4592 568 4648 Ut
595 4593 778 4649 Persa:
805 4596 1128 4662 occuparint
1158 4594 1401 4652 Romani
1439 4593 1635 4648 limitis
1666 4600 1893 4649 monles.

416 4719 678 4774 Posthac
698 4721 841 4777 viris
862 4720 1111 4776 fortibus
1133 4721 1287 4775 inter
1308 4719 1532 4787 Persas,
1553 4717 1770 4789 quibus
1792 4718 1987 4774 omnis

332 4813 561 4871 vivendi
594 4828 733 4882 spes
757 4817 816 4867 et
844 4810 1101 4866 conditio
1133 4814 1192 4864 in
1226 4809 1406 4865 armis
1457 4813 1603 4872 erat,
1635 4808 1860 4862 caeteris
1891 4808 1985 4862 in-

333 4902 567 4959 clinatis
599 4902 672 4957 ad
704 4900 1021 4965 Tocharos,
1052 4900 1156 4970 qui
1187 4914 1376 4969 nuper
1429 4896 1745 4968 imperium
1777 4895 1982 4953 Persa-

332 5008 464 5048 rum
492 4995 871 5061 occuparant,
896 4988 1343 5054 rebellantibus,
1366 4986 1561 5042 visum
1582 4992 1980 5056 Opportunum

327 5085 419 5136 est
445 5080 712 5149 refugere
733 5080 834 5134 19
877 5080 949 5134 ad
985 5078 1242 5134 claustra
1267 5075 1627 5147 castellaque
1663 5075 1977 5141 montium,

328 5174 389 5225 et
417 5168 554 5225 inde
583 5167 775 5224 vicina
806 5168 1162 5223 incursando
1194 5170 1365 5236 raptu
1398 5181 1466 5220 ac
1511 5162 1726 5235 praedis
1758 5164 1977 5220 victum

328 5273 611 5331 quaerere.
644 5257 702 5311 Id
737 5256 1046 5311 consilium
1074 5273 1187 5327 quo
1218 5252 1580 5310 exsecutioni
1608 5253 1976 5323 mandarent,

328 5349 731 5403 convenerunt
763 5342 1025 5415 plurimi,
1047 5344 1347 5416 vilidaque
1373 5342 1704 5414 Iidentidem
1730 5341 1978 5397 conflata

330 5451 512 5492 manu
544 5433 895 5489 inﬁrmiores
923 5434 1042 5501 jam
1071 5440 1304 5489 nostros
1334 5438 1475 5488 sunt
1498 5429 1707 5497 adorti,
1741 5438 1795 5485 et
1827 5448 1974 5501 pau-

335 5525 501 5581 latim
555 5521 1066 5578 circumveniendo
1124 5528 1335 5578 tenues
1392 5522 1604 5592 opibus
1659 5528 1716 5575 et
1765 5520 1975 5590 prioris

326 5618 490 5685 parte
520 5611 675 5668 haud
701 5612 930 5668 modica
949 5610 1220 5683 potentiae
1240 5608 1553 5666 destitutos
1586 5607 1751 5666 facile
1772 5625 1973 5682 coege-

327 5706 468 5762 iunt
496 5702 608 5759 sibi
641 5702 863 5761 cedere.
890 5702 960 5759 Et
982 5716 1148 5759 arces
1168 5698 1406 5769 quidem
1439 5696 1600 5770 ipsas
1631 5713 1747 5769 quo
1778 5698 1975 5755 minus

2118 3297 2190 3351 ab
2215 3295 2567 3367 imperatore
2584 3294 2820 3362 solutio,
2844 3304 3086 3352 eatenus
3108 3296 3256 3352 satis
3276 3301 3436 3353 certa
3460 3296 3572 3351 ﬁde
3589 3296 3761 3351 tacta.

2112 3373 2271 3439 Cum.
2335 3384 2493 3440 enim
2520 3384 2755 3456 propria
2807 3386 2930 3453 jam
2955 3401 3071 3440 non
3101 3384 3385 3441 baberent
3404 3402 3533 3455 quin
3565 3384 3772 3441 defen-

2112 3474 2339 3539 derent,
2370 3473 2493 3529 solo
2524 3473 2623 3529 illo
2664 3478 2816 3528 recte
2844 3474 3139 3529 numerati
3193 3474 3472 3544 stipendii
3530 3474 3767 3531 vinculo

2111 3568 2414 3633 utcunque
2439 3562 2497 3616 in
2533 3562 2725 3617 ofticio
2748 3562 3224 3629 continebantur,
3256 3567 3503 3619 eatenus
3535 3568 3764 3619 tantum

2111 3656 2173 3705 ut
2205 3655 2409 3706 contra
2440 3658 2849 3722 oppugnantes
2879 3668 2911 3706 e
2937 3650 3125 3706 vicino
3157 3651 3364 3708 Persas
3423 3668 3765 3723 propugna-

2109 3738 2243 3795 cula
2272 3738 2633 3810 castellaque
2684 3744 3023 3808 tuerentur;
3058 3757 3126 3796 ac
3154 3739 3206 3795 si
3252 3741 3492 3810 quando
3553 3742 3765 3813 majori

2108 3844 2178 3883 ea
2221 3828 2273 3882 vi
2337 3828 2523 3882 Persze
2581 3834 2860 3883 coeuntes
2917 3829 3311 3896 adorirentur,
3346 3829 3680 3885 necessaria
3735 3848 3771 3887 e

2106 3922 2446 3972 nostrorum
2487 3916 2696 3972 castris
2727 3916 2947 3973 auxilia
2988 3922 3317 3987 evocarent,
3358 3918 3577 3988 quibus
3609 3935 3769 3990 saepe

2104 4007 2165 4062 in
2213 4012 2475 4078 tempore
2522 4008 2707 4076 adjuti
2769 4013 3013 4064 conatus
3060 4009 3318 4065 hostium
3377 4010 3766 4066 reddiderunt

2101 4095 2319 4151 irritos.
2356 4096 2465 4151 Res
2495 4113 2562 4152 eo
2589 4096 2713 4152 loco
2746 4098 3002 4166 fuerunt,
3026 4099 3312 4168 quamdiu
3343 4105 3764 4169 processerunt

2101 4201 2169 4239 ex
2191 4185 2563 4253 imperatoris
2583 4186 2720 4241 lisco
2744 4186 2917 4241 statis
2936 4186 3319 4256 pensionibus
3338 4192 3764 4258 representata

2101 4273 2395 4342 stipendia
2424 4274 2495 4328 de
2537 4291 2717 4329 more.
2747 4274 2889 4330 Toto
2931 4276 3086 4331 enim
3120 4274 3221 4331 illo
3257 4281 3522 4346 tempore
3553 4276 3755 4346 prmsi-

2099 4362 2272 4418 diarii
2305 4380 2420 4417 non
2440 4363 2675 4432 quidem
2708 4371 2773 4418 ut
2793 4365 3095 4434 quondam
3125 4363 3300 4436 longe
3322 4364 3759 4420 submovebant

2098 4451 2305 4507 Persas
2337 4455 2394 4506 et
2422 4452 2640 4507 damna
2670 4451 2818 4523 ipsis
2858 4453 3242 4523 reponebant,
3280 4459 3657 4508 excurrentes
3688 4453 3750 4509 in

2097 4544 2284 4596 terras
2315 4548 2611 4604 eorum,et
2642 4540 2880 4596 illorum
2903 4558 3077 4613 agros
3108 4543 3494 4615 regionesque
3522 4548 3756 4597 vastan-

2017 4595 2222 4685 Dtes:
2256 4636 2473 4695 tamen,
2523 4639 2585 4685 ut
2614 4630 2757 4695 dixi,
2809 4595 3316 4687 locauobtinebant
3353 4595 3500 4703 ipsis
3530 4631 3759 4688 credita

2097 4719 2426 4790 castrisque
2465 4735 2531 4774 ac
2560 4719 2709 4774 vallo
2742 4719 2931 4776 clausi
2956 4720 3182 4776 fortiter
3211 4720 3533 4775 obstabant
3561 4736 3753 4792 oppu-

2094 4808 2432 4876 gnantibus,
2458 4808 2832 4865 cessantibus
2854 4814 2911 4865 et
2931 4810 3233 4880 negotium
3260 4825 3377 4864 non
3404 4809 3755 4864 facessenti-

2095 4896 2205 4952 bus
2218 4901 2287 4952 de
2301 4903 2506 4953 caetero
2520 4914 2636 4953 non
2652 4899 2905 4953 molesti.
2921 4901 2994 4954 At
3008 4904 3318 4970 postquam
3336 4897 3572 4969 parcius
3584 4897 3750 4954 deiu-

2091 4988 2161 5041 de
2173 5002 2240 5041 ac
2253 4985 2572 5056 malignius
2589 4986 3193 5059 cmperuntstipeu‘dia
3210 4986 3546 5058 persolvi,et
3558 5002 3752 5058 neque

2090 5074 2164 5129 ad
2198 5074 2349 5130 diem
2385 5091 2576 5146 neque
2606 5075 2708 5131 20
2743 5075 2864 5143 pari
2895 5093 2963 5131 ac
2995 5076 3160 5147 prius
3209 5092 3447 5131 summa
3479 5076 3745 5147 pecunias

2091 5162 2379 5218 militibus
2412 5164 2852 5230 numerabatur,
2888 5163 3212 5236 quinetiam
3248 5162 3418 5219 missi
3470 5180 3539 5219 eo
3570 5165 3747 5220 certis

2087 5251 2412 5308 intervallis
2441 5253 2623 5309 duces
2642 5253 3005 5309 exercituum
3042 5253 3247 5324 praedae
3269 5269 3337 5308 ex
3370 5252 3537 5308 boste
3568 5259 3745 5324 partae

2086 5339 2371 5396 divisores
2403 5357 2464 5396 se
2508 5342 2966 5409 constituerunt,
3013 5347 3177 5413 parte
3220 5340 3489 5397 videlicet
3532 5341 3744 5413 majori

2086 5429 2200 5485 sibi
2226 5429 2368 5499 ipsis
2385 5436 2648 5502 excepta,
2668 5432 3071 5487 Romanorum
3098 5430 3196 5485 illu
3210 5447 3266 5485 m
3290 5429 3542 5486 limitem
3570 5436 3743 5486 tuen-

2082 5520 2232 5574 tium
2270 5519 2592 5575 multitudo
2633 5520 2791 5576 varie
2821 5520 3054 5591 dilapsa
3104 5524 3579 5591 consumptaque
3624 5525 3739 5590 est,

2086 5606 2383 5679 plerisque
2401 5608 2591 5677 caesis,
2616 5608 2823 5664 multis
2845 5625 2963 5680 qua
2979 5610 3033 5663 vi
3067 5626 3183 5683 qua
3206 5614 3412 5664 coacta
3440 5608 3741 5665 deditione

2082 5696 2235 5753 hosti
2295 5697 2599 5769 subjectis.
2646 5697 2739 5753 Sic
2798 5698 3036 5754 demum
3094 5713 3259 5754 arces
3305 5697 3370 5755 in
3423 5696 3737 5755 Persarum
