4090 6430
317 378 430 434 453

1407 379 1506 432 DE
1543 377 1915 433 MICHABLE
1951 374 2399 433 PALEOLOGO
2434 381 2566 434 LIB.
2608 384 2652 434 Ῑ.

3635 384 3741 440 454

312 506 617 579 τυχοῦσαν,
671 501 808 576 πρὸς
867 499 1107 563 ἐκείνους
1161 499 1244 579 ἐφ’
1299 501 1448 576 ᾧπερ
1508 498 1755 574 ἐπισχεῖν
1808 498 1860 560 ἐς
1893 499 1973 553 ἀεὶ
2003 498 2387 573 Απρονόμιον
2438 502 2579 577 εἶχεν
2640 501 2699 558 ἐκ
2754 503 2992 560 παλαιοῦ
3053 506 3129 566 εἰς
3194 510 3384 583 χεῖρας
3440 506 3587 582 ἄγειν
3647 509 3737 564 τὸν

315 592 568 668 ῥέπουσι,
627 592 718 646 καὶ
775 595 883 645 τῶν
928 588 1117 645 ἄλλων
1153 590 1445 668 ἀφεμένοις
1476 589 1580 643 οὐκ
1607 585 1800 662 ὀλίγης
1833 607 1977 662 χρῃ-

318 681 524 752 ζόντων
556 679 894 756 ἐπικουρίας,
939 679 1029 734 καὶ
1067 678 1284 751 μᾶλλον
1326 684 1434 733 τῶν
1472 678 1610 754 πρὸς
1641 675 1816 745 δύσιν,
1849 675 1881 730 ἃ
1911 677 1976 745 δὴ

311 772 403 826 καί
457 767 800 833 κενωθέντων
856 773 964 822 τῶν
1017 765 1357 823 ἀνατολικῶν
1409 767 1582 822 ἐκεῖσε
1626 767 1825 836 τάξεων
1875 766 1980 842 πρὸ

312 859 516 922 τὲλους
559 859 594 928 ἢ
652 860 823 914 ταῦτα
852 857 1100 934 γενέσθαι
1137 861 1212 930 μή
1248 860 1330 912 ὅτι
1365 879 1428 933 γε
1457 859 1524 912 τά
1554 857 1662 930 ἐῷα
1710 863 1980 932 προσεζηε

321 951 511 1023 μίουν,
544 947 690 1004 ἀλλά
716 949 803 1003 καὶ
838 950 956 1002 κατ’
1001 948 1140 1002 αὐτά
1171 945 1390 1021 ἀπόρως
1430 948 1579 1022 εἶχον
1607 951 1712 1001 τῶν
1749 944 1981 1000 δυτιγῶν

314 1041 455 1095 ποτὲ
488 1039 584 1112 μὲν
614 1038 694 1116 ἐφ’
737 1041 910 1110 ἡμᾶς,
936 1037 1071 1091 ποτε
1102 1034 1149 1090 δ’
1181 1035 1265 1091 ἐπ’
1314 1035 1552 1098 ἐκείνους
1605 1035 1979 1111 τρεπομένων,

315 1130 408 1184 καὶ
440 1131 510 1201 τῇ
554 1134 656 1196 τῆς
687 1128 920 1202 γνώμης
948 1125 1173 1196 ἀστασίᾳ
1201 1120 1396 1198 τριϐὴν
1442 1125 1818 1198 ἐμποιούντων
1863 1129 1980 1186 τοῖς

321 1215 655 1293 ἀμφοτέροις
687 1258 702 1286 ,
759 1217 832 1277 ὡς
891 1214 1177 1288 παρόντων
1242 1215 1336 1286 μὶν
1392 1218 1509 1268 τῶκ
1563 1214 1980 1288 στρατευμάτων

323 1306 497 1382 χωρὶς
559 1302 873 1359 ὑποκλίνειν
933 1303 1194 1378 ἀνάγκης,
1245 1303 1543 1378 ἀνακωχῆς
1589 1299 1646 1356 δὲ
1686 1302 1984 1377 γενομένης

311 1396 404 1452 ἐπὶ
464 1395 696 1467 σμικρὸν
751 1395 888 1468 πρὸς
947 1392 1144 1467 θάτερα
1203 1390 1356 1455 αὖθις
1417 1391 1619 1469 ῥᾳδίως
1675 1392 1977 1467 τρέπεσθαι.

314 1488 366 1542 εἰ
429 1484 591 1558 μόνον
642 1482 778 1538 ἴοιεν
815 1484 930 1556 μεθ’
963 1481 1152 1537 ὅπλων
1190 1481 1274 1538 ἐπ’
1303 1482 1522 1546 αὐτούς.
1558 1482 1716 1540 Οὕτω
1751 1481 1796 1537 δ’
1821 1478 1986 1557 ἐχόν-

311 1597 426 1632 των
456 1577 564 1630 τῶν
595 1580 694 1642 τῆς
725 1574 1002 1641 ἀνατολῆς
1051 1574 1133 1645 [Ρ.
1173 1575 1256 1644 10]
1308 1571 1400 1626 καὶ
1429 1571 1572 1627 οὕτω
1630 1577 1738 1627 τῶν
1789 1569 1989 1646 δυσχε-

312 1669 427 1740 ρῶν
487 1662 778 1732 ἐπιόντων,
837 1658 892 1724 ἐς
948 1660 977 1714 ’ὸ
1033 1661 1214 1734 τύχης
1269 1659 1491 1734 ὕστερον
1537 1659 1606 1714 τὰ
1633 1661 1776 1715 κεῖθι
1808 1661 1988 1736 πράγ-

317 1772 466 1826 ματα
519 1745 840 1826 προῦϐησαν
896 1749 1113 1812 ἐσαῦθις
1173 1750 1400 1824 ἐροῦμεν
1437 1793 1451 1817 ,
1520 1748 1840 1826 προσθέντες
1896 1758 1988 1812 καὶ

2086 585 2282 664 ἔχοντα
2311 593 2473 645 τοῦτο
2536 593 2671 646 ἅπαν
2733 595 2795 648 τὸ
2849 593 2899 664 ἐξ
2960 594 3186 651 Ἰταλῶν
3234 598 3621 672 στρατιωτικὸν
3651 600 3740 652 καὶ

2088 677 2356 751 ὑπήκοον)
2416 679 2659 743 ὕποπτος
2724 682 2818 754 μὲν
2881 682 2956 744 εἷς
3020 683 3298 758 βασιλείαν
3351 685 3430 740 ἀεί
3493 689 3614 741 ποτ’
3671 688 3740 756 ἦν

2084 766 2174 820 καὶ
2229 764 2418 838 δῆλος,
2479 768 2529 838 ἐξ
2588 771 2659 823 ῶν
2717 772 3148 844 ὑποκαθημὲνων
3203 772 3354 849 εὖχε,
3386 777 3740 849 νεωτερίσων,

2086 855 2131 910 εἷ
2189 861 2379 930 καιροῦ
2411 853 2669 929 λάϐηται,
2724 861 2790 914 τά
2851 863 3015 916 πιστά
3074 860 3130 916 δὲ
3189 860 3314 925 δοὺς
3377 869 3457 936 τῷ
3486 870 3580 919 τοῦ
3611 886 3741 941 κρα-

2083 949 2306 1006 τοῦντος
2366 949 2527 1020 πατρὶ
2580 949 2870 1025 ἀσφαλέσιν
2933 952 3140 1024 ὅρκοις,
3197 952 3286 1006 καὶ
3321 951 3388 1021 δή
3427 955 3516 1007 καὶ
3550 955 3744 1030 ἀρχιε-

2088 1038 2330 1105 ρατικαῖς
2429 1033 2764 1107 ἐμπεδωθεὶς
2859 1038 3245 1115 ἀφοριζούσαις
3326 1046 3433 1096 τῶν
3532 1064 3739 1098 πιστων

2087 1121 2289 1176 ἐκεῖνον
2350 1122 2546 1198 ἀραῖς,
2606 1125 2659 1178 εἷ’
2709 1147 2816 1180 που
2872 1127 2961 1181 καὶ
3029 1129 3352 1184 ἀποστατεῖν
3412 1138 3739 1207 προαιροῖτο

2084 1210 2176 1265 καὶ
2253 1209 2494 1266 δυσνοεῖν
2551 1213 2698 1276 ὅλως
2766 1221 2882 1278 τοῖς
2944 1217 3321 1291 βασιλεύουσιν
3360 1264 3371 1276 ,
3434 1220 3534 1274 Καὶ
3589 1224 3737 1276 ταῦτ’

2087 1299 2378 1374 ἐπράττετο
2413 1343 2427 1369 ,
2485 1301 2574 1356 ὅτε
2627 1305 2725 1372 τὴν
2785 1309 2889 1358 τῶν
2948 1303 3177 1360 δυτικῶν
3237 1307 3738 1383 ἐμπεπιπευμένος

2087 1390 2234 1463 παρὰ
2276 1393 2374 1443 τοῦ
2411 1390 2681 1465 βασιλέως
2711 1393 2889 1467 ἀρχὴν
2926 1393 3098 1448 αἰτίαν
3150 1390 3279 1470 ἔσχε
3325 1402 3422 1451 τοῦ
3471 1401 3742 1468 συνθήκας

2087 1482 2262 1531 ποιεῖν
2315 1476 2383 1532 δι’
2415 1478 2740 1555 ἀπορρήτων
2798 1483 2934 1556 πρὸς
2962 1484 3052 1536 τὸν
3109 1481 3376 1554 δεσπότην
3423 1490 3530 1540 τῶν
3585 1484 3739 1542 δυτι-

2087 1570 2199 1620 κῶν
2235 1567 2468 1642 Μιχαὴλ
2511 1569 2602 1623 τὸν
2654 1569 2940 1645 Ἄγγελον,
2997 1571 3078 1648 ἐφ’
3137 1574 3182 1644 ᾧ
3230 1582 3592 1650 κατεγγυῆσαι
3651 1575 3744 1631 τὸν

2093 1652 2360 1725 δεσπότην
2407 1656 2591 1730 ἐκείνῳ
2639 1659 2736 1726 τὴν
2791 1657 2926 1714 ἰδίαν
2973 1658 3141 1716 παῖδα
3168 1661 3304 1737 πρὸς
3332 1663 3531 1738 γάμον,
3584 1663 3741 1720 αὐτὸν

2095 1740 2152 1796 δὲ
2208 1740 2542 1818 παραδοῦναι
2597 1747 2697 1815 τὴν
2756 1751 2852 1801 τού
2909 1747 3178 1824 βασιλέως
3229 1751 3446 1825 χώραν,
3503 1751 3592 1806 καὶ
3656 1754 3743 1808 ὑπ’

307 1842 410 1904 τὰς
467 1839 671 1903 αἰτίας·
735 1840 874 1900 τέως
933 1836 980 1892 δ’
1037 1837 1128 1892 οὖν
1165 1834 1595 1902 ἐπαναλαϐόντες
1641 1839 1732 1893 τὸν
1795 1836 1981 1914 λόγον,
2015 1874 2058 1936 B
2095 1831 2282 1904 ἐκείνῳ
2325 1835 2611 1907 γενόμενον
2663 1837 3025 1912 συμπράττειν
3085 1838 3160 1900 ὠς
3214 1839 3357 1902 εἰκὸς
3413 1841 3513 1910 τὴν
3563 1843 3742 1917 ἀρχὴν

359 1925 861 1936 --..μ-
1101 1927 1525 1936 .._..
1677 1929 1695 1936 -
2125 1919 2402 1936 -a.
2627 1926 2638 1936 .
2897 1931 3097 1936 μί

308 1930 413 1998 τὴν
478 1928 682 2004 ἀρχὴν,
715 1925 767 1998 ἐξ
800 1927 968 2002 οὗπερ
1025 1927 1115 1982 καὶ
1161 1927 1227 1982 οὐ
1278 1933 1465 2001 χεῖρον
1499 1929 1782 2003 ἄρχεσθαι,
1819 1947 1977 2000 μετα-

310 2020 618 2090 στήσομεν.

315 2137 377 2205 ζ’.
422 2137 644 2207 ,Ὅπως
693 2131 808 2207 Δἐπὶ
889 2130 1167 2207 βασιλέως
1241 2136 1376 2207 τοῦ,
1412 2131 1669 2207 Ἰωάννου
1744 2131 1832 2186 ἐπὶ
1907 2134 1976 2207 τῇ

387 2206 468 2267 εἰς
565 2189 810 2280 βασιλεῖς
881 2189 1059 2259 πίστει
1276 2203 1664 2280 Παλαιολόγος
1739 2189 1974 2279 Μιχαὴλ

386 2274 853 2354 κατησφαλίζετο.

386 2371 533 2445 ’Ήδη
589 2374 683 2446 μὲν
743 2372 1212 2448 αὐτοκρατοῦντος
1273 2373 1410 2444 μετά
1458 2371 1662 2447 πατέρα
1713 2376 1808 2426 τοῦ
1866 2370 1977 2426 Λά-

309 2485 492 2539 σκαρη
553 2460 863 2536 Θεοδώρου,
909 2462 936 2515 ὁ
995 2459 1083 2516 ἐπί
1130 2463 1355 2536 θυγατρί
1409 2459 1737 2534 αὐτανεψίου
1770 2459 1974 2515 ἐκείνου

307 2547 568 2627 γαμϐρὸς
621 2551 649 2604 6
706 2547 1094 2624 Παλαιολόγος
1151 2547 1385 2624 Μιχαὴλ
1441 2553 1520 2620 τῷ
1575 2552 1670 2602 τοῦ
1733 2546 1974 2623 μεγάλου

307 2635 687 2693 κονοσταύλου
763 2633 1076 2712 διαπρέπων
1155 2636 1424 2710 ἀξιώματι
1504 2636 1588 2710 (τὸ
1656 2633 1701 2690 δ’
1760 2635 1973 2708 ἀξίωμα

309 2860 598 2913 venerunt
631 2859 976 2928 potestatem
1009 2874 1024 2926 ;
1057 2871 1126 2911 ex
1156 2853 1374 2928 quibus
1403 2858 1780 2926 erumpentes
1833 2871 1969 2927 age-

316 2952 447 3001 rent
477 2945 814 3018 ferrentque
843 2948 1171 3000 Romanum
1205 2942 1451 2998 limitem
1485 2943 1715 3014 quoties
1738 2942 1966 3011 liberet,

319 3034 719 3105 Romanisque
750 3033 1101 3090 exercitibus
1139 3032 1632 3088 molestissimum
1667 3033 1967 3104 negotium

325 3122 660 3195 praberent,
695 3122 832 3192 alia,
878 3121 1203 3195 prmsertim
1260 3122 1320 3177 in
1380 3122 1645 3178 occiduis
1679 3121 1967 3194 partibus,

323 3213 698 3284 quantumvis
724 3213 989 3283 urgentia
1011 3218 1067 3268 et
1088 3228 1195 3284 ope
1217 3211 1306 3266 vel
1339 3211 1592 3267 maxime
1615 3210 1960 3284 indigentia,

313 3307 378 3357 ut
432 3301 529 3358 his
589 3301 963 3366 obsisterent,
1018 3302 1288 3357 omittere
1345 3301 1582 3356 coactis.
1643 3303 1778 3366 Quae
1837 3305 1962 3356 erat

312 3391 532 3446 misera
557 3389 969 3461 etreipublicm
1029 3391 1318 3445 damnosa
1367 3390 1613 3460 jactatio
1665 3389 1969 3462 copiarum

312 3484 679 3544 nostrarum,
713 3495 868 3534 nunc
893 3497 926 3534 a
947 3479 1160 3546 Persis,
1185 3494 1321 3534 cum
1347 3495 1446 3533 eos
1471 3479 1701 3534 minuto
1726 3496 1970 3534 numero

311 3570 459 3624 citra
482 3584 766 3640 magnum
803 3567 1128 3639 periculum
1170 3567 1462 3623 instantes
1513 3573 1836 3637 cernerent,
1900 3568 1970 3621 ad

313 3659 615 3713 Romanos
654 3673 717 3712 se
767 3656 1258 3724 convertentium,
1320 3673 1531 3710 rursus
1589 3672 1720 3710 cum
1785 3656 1972 3712 redire

316 3747 499 3802 iidem
538 3745 811 3801 fortiores
858 3744 1476 3816 formidolosioresque
1533 3745 1972 3814 nuntiarentur,

317 3853 385 3892 co
420 3835 890 3908 respectantium
927 3839 1166 3906 totaque
1222 3833 1276 3887 vi
1339 3835 1798 3899 occurrentium,
1859 3835 1975 3890 ista

326 3925 587 3998 quadam
621 3923 1034 3979 incertitudine
1092 3923 1472 3978 consiliorum
1535 3939 1600 3977 ac
1661 3923 1978 3979 desultoria

320 4013 740 4070 vicissitudine
770 4012 1026 4068 bellandi
1063 4028 1335 4084 magnam
1372 4012 1625 4067 securim
1677 4011 1979 4084 inﬂigente

320 4102 700 4158 successibus
745 4119 810 4158 ac
861 4101 1252 4173 ttanquilitati
1315 4101 1582 4173 publicai.
1635 4106 1754 4156 Hoc
1820 4107 1977 4158 statu

319 4191 684 4248 Orientalem
718 4207 938 4256 rerum,
969 4195 1027 4245 et
1064 4190 1122 4244 in
1183 4189 1342 4244 hunc
1377 4186 1613 4246 modum
1655 4191 1978 4262 ingruenti-

316 4282 434 4336 bus
469 4280 751 4343 adversis.
783 4297 898 4352 quo
931 4279 1168 4335 tandem
1205 4296 1296 4334 res
1328 4285 1562 4334 nostras
1611 4279 1848 4335 fortuna
1879 4281 1978 4335 de-

315 4369 586 4437 truserit,
621 4370 897 4441 deinceps
957 4369 1295 4424 narrabitur
1359 4368 1639 4440 expositis
1662 4373 1976 4424 eventuum

315 4459 543 4515 causis.
579 4459 854 4530 Adeoque
876 4458 1014 4515 hinc
1070 4463 1310 4530 sumpto
1370 4457 1608 4514 exordio
1669 4457 1979 4514 historiam

319 4548 791 4619 auspicabimur.

2086 1927 2165 1995 τῷ
2240 1919 2473 1998 δεσπότῃ
2555 1926 2642 1979 καὶ
2697 1931 2936 2002 πενθερῷ
2973 1972 2983 1982 .
3055 1927 3490 2005 Προσαγγελθεῖς
3551 1928 3599 1986 δ’
3655 1930 3744 1985 ἐπὶ

2085 2012 2265 2084 τούτῳ
2317 2013 2453 2089 πρὸς
2504 2012 2729 2086 βασιλέα
2777 2016 2911 2089 πρὸς
2962 2017 3199 2088 οἷκέτην,
3249 2019 3294 2091 ᾧ
3327 2016 3384 2074 δὲ
3427 2020 3516 2074 καὶ
3550 2020 3617 2075 τὰ
3641 2027 3743 2090 τῆς

2092 2098 2338 2176 βουλῆς,
2397 2102 2472 2164 ὡς
2530 2101 2734 2166 ἐκεῖνος
2793 2111 3116 2180 κατηγορῶν
3174 2100 3368 2182 ἔλεγε,
3424 2110 3742 2182 προσανετί-

2089 2201 2208 2253 θετο
2244 2233 2258 2258 ,
2317 2191 2627 2265 ἀνήρπαστό
2677 2213 2736 2247 τε
2791 2195 2890 2262 τήν
2950 2195 3218 2269 ταχίστην
3256 2196 3589 2272 παραλυθεὶς
3643 2206 3743 2268 τῆς

2087 2279 2288 2353 ἀρχῆς,
2345 2281 2434 2334 καὶ
2478 2284 2546 2353 τῇ
2596 2281 2816 2357 φυλακῇ
2873 2281 3230 2358 σιδηρόδετος
3280 2285 3612 2362 ἐῤῥιπτεῖτο.
3647 2290 3740 2358 Μὴ

2087 2365 2264 2437 δήλου
2322 2365 2681 2444 δέ·γινέσθαι
2741 2369 3044 2444 δυναμένου
3100 2378 3196 2428 τοῦ
3253 2378 3739 2452 κατηγορήματος,

2086 2455 2293 2527 ἄδηλον
2345 2457 2402 2511 ὃν
2461 2456 2555 2512 εἴτ’
2589 2458 2849 2528 ἀληθεύοι
2884 2460 2911 2514 6
2942 2461 3400 2538 προσαγγέλλων,
3435 2465 3509 2528 ὡς
3538 2465 3740 2529 ἐκεῖνος

2039 2544 2399 2619 ’ἰσχυρίζετο
2435 2592 2450 2617 ,
2513 2543 2619 2601 εἴτε
2678 2549 3078 2626 συκοφαντοίη,
3139 2551 3216 2613 ὡς
3273 2553 3300 2607 6
3359 2551 3740 2631 Παλαιολόγος

2084 2633 2452 2711 ἀντεπιφέρων
2510 2635 2731 2709 ἕτοιμος
2785 2637 2850 2706 ἦν
2913 2639 3044 2716 ὑπὲρ
3077 2639 3338 2711 ἀληθείας
3397 2650 3739 2719 μονομαχεῖν

2078 2873 2212 2910 cum
2238 2872 2341 2926 spe
2368 2855 2568 2926 aliqua
2599 2857 2886 2911 tentanda:
2917 2860 3249 2927 opportuna
3305 2858 3535 2914 occasio
3583 2876 3734 2931 pras-

2080 2944 2260 3000 beret.
2288 2945 2487 2999 Fidem
2523 2944 2619 2999 ille
2670 2950 2866 3000 tamen
2925 2946 3151 3016 parenti
3191 2945 3568 3017 imperatoris
3625 2947 3723 3002 ﬁr-

2079 3033 2349 3088 missimo
2373 3033 2766 3104 jurejurando
2796 3033 3147 3090 astrinxerat
3179 3053 3192 3090 :
3225 3039 3284 3092 et
3303 3053 3367 3091 se
3388 3035 3563 3108 ultro,
3589 3037 3735 3093 sub-

2071 3121 2285 3192 jiciens
2307 3122 2732 3192 pontiﬁcalium
2757 3123 3200 3179 anathematum
3225 3123 3370 3180 diris
3398 3142 3575 3196 quam
3609 3143 3740 3181 ma-

2078 3210 2233 3264 xime
2258 3210 2590 3276 horrendis,
2621 3211 2669 3265 si
2696 3228 2956 3282 unquam
2983 3217 3084 3267 aut
3104 3213 3348 3268 deficere
3375 3219 3479 3269 aut
3498 3215 3740 3270 omnino

2078 3298 2367 3354 dissidere
2399 3300 2470 3353 ab
2504 3299 2962 3369 impecatoribus
3006 3301 3064 3356 in
3107 3301 3373 3356 animum
3434 3303 3743 3360 induceret

2078 3387 2444 3460 persuasisse
2466 3388 2779 3443 videbatur
2802 3405 2862 3444 se
2881 3394 3248 3446 constantem
3279 3391 3337 3445 in
3361 3392 3553 3448 ofﬁcio
3580 3393 3739 3447 futu-

2081 3493 2211 3532 rum
2246 3497 2260 3543 ;
2295 3493 2428 3532 cum
2461 3477 2796 3532 Occidentis
2833 3479 3242 3548 procuratione
3273 3480 3385 3535 sibi
3419 3481 3492 3535 ab
3552 3481 3737 3553 impe-

2080 3568 2538 3631 ratore‘credita,
2595 3567 2878 3622 initarum
2931 3567 3158 3624 occulte
3210 3571 3545 3642 pactionum
3601 3588 3735 3629 cum

2081 3655 2412 3711 Occidentis
2437 3657 2692 3726 .despota
2740 3657 3016 3712 Michaele
3082 3659 3304 3730 Angelo
3362 3660 3741 3718 insimulatus

2081 3749 2190 3800 est.
2224 3744 2515 3799 Nimirum
2558 3745 2710 3798 inter
2760 3763 2860 3801 eos
2898 3749 3246 3804 convenisse
3296 3749 3613 3817 ferebatur,
3679 3756 3743 3807 ut

2082 3835 2324 3904 despota
2341 3833 2522 3887 filiam
2547 3834 2938 3905 desponderet
2961 3835 3304 3908 Palaeologo,
3327 3837 3425 3893 ille
3454 3839 3742 3910 vicissim,

2086 3940 2190 3995 pro
2225 3939 2292 3977 ea
2315 3938 2432 3992 qua
2456 3921 2701 3993 polleret
2723 3925 2875 3995 apud
2903 3924 3243 3995 imperatori
3274 3944 3341 3982 su
3355 3929 3572 3998 bjectas
3598 3945 3742 4002 gen-

2086 4016 2174 4068 tes
2206 4017 2262 4067 et
2293 4011 2446 4082 apud
2471 4011 2789 4066 exercitum
2843 4014 3211 4080 auctoritate,
3245 4016 3470 4072 ambitu
3504 4023 3562 4074 et
3625 4020 3752 4075 suf-

2086 4101 2416 4173 fragatione
2446 4117 2553 4154 suo
2582 4100 2734 4155 viam
2765 4103 2830 4155 ad
2871 4102 3181 4173 imperium
3220 4121 3420 4159 socero
3465 4105 3768 4164 muniret.’

2087 4191 2202 4246 Hac
2227 4191 2297 4245 de
2324 4207 2383 4245 re
2416 4191 2566 4260 apud
2603 4189 3015 4261 imperatorem
3055 4208 3156 4263 per
3184 4192 3526 4249 familiarem
3589 4197 3748 4253 dela-

2089 4284 2181 4334 tus
2206 4280 2401 4350 (quem
2436 4277 2620 4334 totius
2648 4279 2902 4346 consilii,
2931 4284 2992 4333 ut
3024 4281 3149 4352 ipse
3175 4284 3506 4339 accusando
3531 4283 3748 4353 aiebat,

2090 4369 2433 4439 participem
2459 4367 2692 4436 fecerat)
2725 4372 2989 4422 actutum
3051 4370 3514 4440 comprehensus
3545 4377 3597 4428 et
3656 4391 3746 4428 re—

2088 4457 2295 4511 dactus
2328 4457 2386 4510 in
2420 4458 2685 4512 ordinem
2739 4457 3085 4529 catenisque
3143 4460 3470 4515 contrictus
3528 4464 3744 4518 carceri

2089 4547 2364 4601 traditur.
2403 4551 2481 4600 Ac
2528 4563 2864 4617 quanquam
2926 4547 3088 4602 nullo
3143 4549 3286 4604 satis
3337 4551 3586 4606 evidenti
3640 4569 3748 4606 ex-

391 4657 446 4709 7_
488 4655 550 4711 ω
583 4657 898 4726 imperante
925 4655 1155 4723 Joanne,
1180 4654 1472 4710 Michaelis
1498 4652 1822 4726 ραιὸεοιουί
1849 4654 1979 4722 ﬁdes
2011 4622 2056 4685 D
2089 4640 2282 4690 stante
2303 4635 2446 4726 tanti
2475 4635 2742 4726 criminis
2772 4635 3004 4726 indicis,
3029 4638 3238 4692 merito
3261 4639 3630 4695 dubitaretur
3647 4642 3748 4698 22

660 4724 793 4796 erga
813 4727 1168 4797 imperatores
1195 4727 1417 4797 ﬁrmata
1444 4724 1636 4796 luerit.

394 4816 492 4872 2|
523 4817 857 4888 Imperante
877 4817 1000 4886 jam
1016 4815 1317 4871 Theodoro
1349 4813 1572 4870 Lascari
1599 4817 1728 4884 post
1752 4817 1969 4884 patrem

316 4907 422 4976 qui
457 4903 638 4960 ﬁliam
671 4904 902 4976 nepotis
943 4904 1072 4974 ejus
1114 4921 1183 4960 ex
1218 4904 1394 4959 fratre
1451 4901 1828 4958 matrimonio
1861 4903 1972 4958 sibi

309 4996 615 5064 junxerat,
645 4993 890 5050 Michael
948 4991 1334 5064 Palaeologus,
1391 4991 1591 5062 magni
1648 4991 1974 5046 conostauli

316 5083 612 5157 dignitate
643 5083 1021 5154 conspicuus,
1055 5087 1113 5139 et
1161 5083 1336 5138 istius
1375 5082 1750 5154 magistratus
1796 5081 1973 5136 veteri

307 5174 452 5244 jure
479 5188 545 5227 ac
575 5171 876 5244 privilegio
900 5172 1136 5228 Italicas
1167 5187 1372 5228 omnes
1395 5170 1593 5242 copias
1614 5170 1671 5224 in
1693 5175 1974 5242 potestate

315 5261 572 5329 habens,
606 5277 841 5330 semper
871 5261 1164 5317 obnoxius
1224 5259 1662 5330 suspicionibus
1724 5260 1973 5314 affectati

316 5351 510 5424 regni,
543 5356 677 5406 vota
704 5351 832 5421 ejus
863 5351 1097 5423 generis
1131 5355 1324 5407 mente
1372 5349 1518 5405 clam
1566 5349 1774 5404 intima
1831 5349 1974 5403 sub-

317 5439 576 5498 sidentia
615 5440 837 5496 frustra
873 5440 999 5510 ipso
1050 5439 1296 5509 celante,
1346 5455 1481 5494 cum
1541 5439 1693 5494 ultro
1743 5437 1978 5492 indiciis

315 5534 715 5602 erumperent,
772 5529 1149 5586 manifestum
1186 5532 1598 5600 argumentum
1654 5527 1973 5599 praebuisse

316 5621 484 5677 visus
515 5625 604 5677 sst
633 5617 979 5676 ambitionis
1014 5618 1296 5674 inhiantia
1357 5616 1736 5682 novitatibus,
1793 5621 1850 5671 et
1897 5617 1968 5672 ad

316 5710 548 5784 aliquid
599 5709 942 5766 audendum
1007 5712 1394 5779 proruptura),
1464 5706 1514 5762 si
1575 5723 1637 5760 se
1697 5704 1815 5762 ulla
1893 5707 1972 5762 rei

2095 4741 2305 4779 verane
2353 4723 2582 4779 delator
2614 4725 2809 4791 ferret,
2836 4729 2898 4778 ut
2929 4725 3054 4795 ipse
3085 4728 3498 4794 contendebat,
3551 4747 3623 4784 an
3657 4747 3752 4786 ca-

2087 4812 2436 4882 lumniatur,
2500 4813 2582 4867 uti
2647 4818 2848 4867 contra
2909 4815 3295 4883 portendebat
3356 4816 3744 4888 Palaeologus,

2085 4906 2355 4973 paratum
2387 4920 2449 4958 se
2479 4901 2762 4956 exhibens
2795 4903 2859 4956 ad
2897 4919 3066 4956 suam
3102 4904 3501 4960 innocentiam
3535 4907 3740 4978 singu-

2084 4989 2226 5045 laris
2257 4991 2596 5046 certaminis
2629 4991 3029 5062 cxperimento
3062 4993 3584 5063 comprehendam,
3617 5013 3746 5067 qua:

2085 5079 2397 5134 dubiarum
2415 5080 2859 5134 accusationum
2883 5081 3321 5151 purgandarum
3340 5083 3487 5137 ratio
3503 5084 3748 5156 antiquo

2083 5167 2495 5238 imperatorem
2531 5169 2910 5238 comprobato
2947 5187 3057 5224 usu
3091 5170 3360 5237 invaluit,
3391 5178 3584 5227 tamen
3639 5190 3744 5230 nec

2083 5256 2168 5312 sic
2198 5255 2437 5312 amoleri
2473 5256 2876 5327 suspicionem
2912 5264 3014 5314 aut
3047 5258 3215 5330 plene
3250 5260 3473 5316 diluere
3497 5262 3750 5333 cogitate

2083 5345 2428 5402 defectionis
2459 5347 2682 5401 crimen
2713 5347 2936 5416 valens,
2972 5349 3150 5422 longo
3198 5354 3462 5423 tempore
3517 5352 3748 5408 vinctus

2085 5437 2474 5494 detinebatur.
2501 5437 2764 5508 Cumque
2789 5437 2890 5493 diu
2924 5440 3126 5496 nullus
3149 5446 3306 5498 esset
3335 5442 3437 5514 qui
3471 5460 3575 5515 pro
3623 5448 3745 5500 tam

2084 5530 2355 5597 suspecto
2405 5543 2502 5582 reo
2534 5527 2949 5598 imperatorem
2993 5527 3216 5600 alloqui
3268 5533 3528 5602 auderet,
3571 5533 3747 5589 exsti-

2083 5618 2152 5674 tit
2179 5616 2411 5672 tandem
2442 5621 2586 5672 tunc
2622 5616 3056 5689 patriarchatus
3118 5619 3340 5677 honore
3393 5620 3748 5694 praefulgens

2087 5705 2347 5772 Manuel,
2379 5706 2482 5780 qui
2511 5707 2788 5778 cumjam
2825 5707 3024 5781 plures
3057 5724 3291 5766 menses
3323 5709 3384 5766 in
3415 5711 3596 5786 Lydia
3630 5728 3748 5768 una
