4090 6398
378 369 485 427 455

381 584 516 640 λιῶν
578 583 809 657 ἀρχαῖον
868 576 986 640 ἔθος
1046 582 1163 641 τοῖς
1208 575 1545 652 βασιλεῧσιν,
1582 575 1734 646 ὅμως
1764 573 1861 640 τήν
1902 574 2037 626 ὑπο-

382 672 506 747 ψίαν
566 672 668 725 οὐκ
700 671 815 744 εἶχε
845 666 1226 731 διολισθαίνειν
1256 664 1345 719 καὶ
1392 666 1453 718 τὸ
1510 670 1609 732 τῆς
1658 660 1908 723 ἀπιστίας
1952 658 2037 735 ἕγ-

383 760 577 834 κλημα
634 759 711 822 εἷς
759 756 919 819 τέλος
998 753 1397 828 διαδιδράσκειν
1434 800 1449 823 ,
1513 748 1642 806 ἀλλ’
1716 748 1797 828 ἐφ’
1854 750 2034 804 ἱκανὸν

386 851 586 926 χρόνον
645 851 713 921 τῇ
774 846 991 923 φυλακῇ
1049 844 1335 917 κατείχετο
1367 841 1609 913 δέσμιος,
1640 841 1727 894 καὶ
1762 842 1795 908 ἡ
1833 838 2039 911 ὑποψία

379 945 610 1015 προσῆν.
673 939 761 998 Ὡς
813 934 857 989 δ’
917 934 1015 988 οὐκ
1069 936 1133 1001 ἦν
1200 933 1331 1007 ὑπὲρ
1383 930 1587 983 ἐκείνου
1622 927 1790 983 ἄλλον
1822 928 2034 1001 τολμᾷν

381 1030 471 1083 καὶ
502 1021 813 1101 πρεσϐεύειν
871 1028 951 1094 [Ρ.
987 1024 1069 1095 ii]
1114 1026 1192 1093 τῷ
1245 1018 1483 1096 βασιλεῖ,
1544 1020 1570 1072 ὁ
1628 1015 1885 1088 τηνικάδε
1933 1038 2037 1070 πα-

378 1116 719 1192 τριαρχεύων
779 1111 1042 1180 Μανουὴλ
1092 1110 1176 1164 ἐπὶ
1236 1110 1369 1183 μησὶ
1414 1107 1691 1168 πλείστοις
1738 1104 2033 1180 συνδιάγων

376 1190 515 1260 κατά
564 1200 763 1258 Λυδίαν
822 1205 902 1272 τῷ
959 1196 1192 1275 βασιλεῖ,
1258 1196 1373 1251 ἐπεὶ
1430 1195 1565 1271 πρὸς
1616 1190 1795 1267 ἕδοξον
1842 1196 1905 1265 ἦν
1947 1195 2035 1248 καὶ

377 1293 546 1359 δῆλος
602 1292 667 1361 ἦν
728 1293 755 1347 6
812 1293 1026 1364 κρατῶν
1086 1286 1221 1362 πρὸς
1280 1288 1443 1360 χάριν
1502 1286 1679 1339 τελεῖν
1710 1289 1873 1355 τιτῷ
1902 1285 2039 1359 ἱερεῖ

377 1384 881 1457 προθυμούμενος,
956 1377 1125 1432 αὐτίκ’
1204 1376 1409 1437 ἐκεῖνος
1488 1374 1640 1451 ἀφεὶς
1700 1372 1879 1428 τᾶλλα
1935 1375 2034 1443 τήν

377 1473 508 1547 ὑπὲρ
567 1476 663 1527 τοῦ
717 1466 1076 1544 σιδηροδέτου
1135 1460 1425 1542 πρεσϐείαν
1486 1463 1673 1538 εἷσῆγε
1708 1508 1721 1534 ,
1795 1462 1885 1517 καὶ
1964 1465 2039 1527 ὡς

377 1559 883 1633 συκοφαντούμενον
968 1556 1172 1611 ἱκέτευε
1256 1554 1665 1627 κατοικτείρεινη
1763 1574 1787 1605 α
1863 1551 1929 1607 Εἴ
1990 1550 2036 1605 δ’

376 1652 491 1721 οὗν,
524 1650 671 1705 ἀλλᾶ
725 1651 799 1722 μὴ
833 1649 980 1721 παρα
1011 1645 1095 1700 σοὶ
1151 1649 1425 1720 καθαρῶς,
1486 1641 1611 1719 ἔφη,
1657 1644 1755 1711 τῆς
1806 1642 2039 1715 ὑποψίας

375 1743 611 1820 ἀφεῖται,
672 1741 716 1793 ὦ
778 1736 1027 1816 βασιλεῦ,
1088 1736 1214 1792 ἀλλ’
1266 1736 1471 1796 ἐκεῖνος
1528 1734 1589 1788 τὸ
1648 1735 1839 1788 πιστὸν
1875 1730 2034 1787 δώσει

374 1834 509 1906 πρὸς
565 1829 809 1900 τοὺπιὸν,
869 1829 963 1889 τὰς
993 1834 1093 1897 τῆς
1144 1824 1478 1896 Ἐκκλησίας
1537 1824 1616 1901 ἐφ’
1643 1824 1830 1877 ἑαυτὸν
1865 1821 2036 1877 ἐπιτι-
2068 1863 2116 1928 Β

443 1924 452 1928 -
760 1917 783 1928 κ
821 1919 872 1928 μ.
1191 1918 1214 1928 ..
1370 1915 1382 1928 .
1505 1912 1543 1928 ,ς
1907 1910 1929 1928 ε.
1983 1912 1994 1928 ,

380 1924 570 1995 μήσεις
615 1917 1046 1991 καταδεξάμενος
1079 1961 1094 1987 ,
1154 1918 1239 1977 αῖς
1294 1915 1385 1969 καὶ
1448 1912 1596 1987 μάλα
1651 1910 2035 1985 κατεμπεδού-

378 2032 537 2085 μενος
594 2009 683 2063 καὶ
743 2010 872 2063 αὐτὸ
934 2005 1000 2075 δὴ
1057 2007 1120 2061 τὸ
1178 2003 1573 2080 ἀκατέργαστον
1629 2006 1725 2056 τοῦ
1755 2003 1878 2063 νοὸς
1912 2001 2034 2075 περὶ

373 2097 702 2160 ἀποστασίας
737 2096 997 2168 ἐνθύμιον
1055 2094 1115 2149 οὐ
1171 2096 1528 2167 προσήσεται,
1591 2090 1735 2146 ἀλλά
1791 2112 1852 2165 γε
1901 2097 2030 2165 Χρι-

372 2189 584 2249 στιανὸς
617 2185 691 2241 ὢν
720 2189 819 2256 τὴν
852 2190 949 2240 τοῦ
989 2189 1123 2239 Θεοῦ
1156 2181 1311 2253 δίκην
1348 2182 1662 2260 φυλάξεται,
1692 2180 1780 2235 καὶ
1816 2178 2030 2241 ἀδόλως

370 2277 597 2349 ἐμμενεῖ
624 2281 741 2338 τοῖς
790 2277 974 2351 ὅρκοις
1008 2275 1083 2336 εἷς
1134 2274 1234 2343 τήν
1293 2273 1430 2346 πρὸς
1490 2272 1547 2325 σε
1604 2270 1781 2325 πίστιν
1829 2271 1917 2324 καὶ
1967 2270 2030 2323 τὸ

370 2368 524 2441 γένος
552 2366 613 2421 τὸ
665 2365 779 2422 σόν.
842 2389 869 2416 ››
930 2363 1116 2425 Οὒτως
1152 2361 1371 2417 εἰπόντα
1416 2359 1657 2415 δυσωπεῖ
1697 2361 1796 2429 τὴν
1847 2357 2028 2429 δέησιν

370 2457 397 2509 6
457 2459 694 2529 κρατῶν,
748 2454 838 2509 καὶ
900 2453 1132 2508 ἐπινεύει
1192 2454 1329 2525 πρὸς
1384 2452 1481 2519 τὴν
1552 2454 1647 2504 τοῦ
1705 2449 2029 2523 κατακρίτου

369 2546 731 2618 συμπάθειαν,
808 2543 1007 2617 εὐμενῆ
1094 2541 1337 2603 συνόλως
1428 2538 1617 2612 ἐκείνῳ
1701 2539 1800 2607 τὴν
1892 2536 2031 2593 ἰδίαν

370 2636 617 2709 γενέσθαι
686 2634 871 2709 ψυχὴν
950 2634 1482 2708 κατεγγυησάμενος,
1562 2629 1611 2684 εἷ’
1665 2629 1913 2689 κάκεῖνος
1964 2628 2030 2682 τὰ

366 2727 467 2790 τῆς
546 2720 813 2778 εἶσέπειτα
877 2722 1012 2795 πρὸς
1094 2718 1251 2775 αὑτὸν
1334 2719 1566 2787 εὐνοίας,
1627 2722 1701 2780 ὡς
1778 2720 1804 2771 6
1855 2717 2031 2793 ἱερεὺς

375 2813 643 2889 ὑπέσχετο
680 2856 694 2878 ,
775 2811 938 2867 πιστᾶ
992 2812 1347 2882 καταστήσειε
1383 2852 1395 2866 .
1454 2810 1557 2865 Καὶ
1621 2807 1686 2878 δὴ
1744 2810 1866 2883 περί
1922 2828 2029 2861 που

371 2902 471 2971 τήν
534 2902 841 2976 Ἀχυράους
874 2902 901 2955 6
934 2900 1109 2975 ἱερεὺς
1158 2899 1418 2976 γεγονὼς,
1470 2898 1680 2971 σύναμα
1728 2897 1817 2951 καὶ
1867 2894 2030 2951 πλεί-

370 3045 506 3083 cum
540 3029 891 3099 imperatore
923 3028 1134 3083 fuisset
1156 3035 1328 3098 atque
1359 3027 1416 3081 in
1442 3026 1741 3096 procinctu
1768 3028 1923 3079 esset
1944 3024 2014 3078 ad

366 3116 646 3182 reditum,
680 3120 1103 3187 appareretque
1135 3116 1547 3185 imperatorem
1576 3114 1656 3168 ita
1686 3114 1744 3168 in
1773 3130 1906 3167 eum
1932 3113 2021 3167 af—

1687 356 1992 418 GEORGII
2029 358 2495 416 PACHYMERE

377 495 516 550 κατά
570 516 624 549 τι
676 497 951 567 κρατῆσαν
1008 489 1096 545 ἐπὶ
1155 493 1273 549 τοῖς
1327 486 1557 557 ἀδήλοις
1587 486 1694 540 τῶν
1726 485 2119 559 προσαγγε-Α
2150 502 2299 546 στοις
2365 485 2702 562 ἀρχιερεῦσι,

3701 365 3809 421 456

2790 484 3005 542 στέΑλει
3092 488 3227 559 πρὸς
3304 487 3396 541 τὸν
3482 492 3809 563 κρατοῦντα,

2144 571 2321 634 οὕτως
2396 573 2602 629 ἐκείνου
2672 577 2807 647 πρὸς
2878 575 2970 629 τὸν
3030 575 3339 650 ἀρχιθύτην
3413 576 3805 650 συνταξαμένου

2144 662 2233 714 καὶ
2293 660 2435 717 οὕτω
2490 661 2747 734 τάξαντος
2782 709 2795 733 ,
2844 664 2966 719 τινὰ
3022 665 3131 719 τῶν
3203 666 3371 719 αὐτοῦ
3432 665 3657 720 οἰκετῶν
3716 669 3808 722 καὶ

2143 750 2410 827 ἱερωσύνῃ
2440 754 2845 825 κοσμούμενον,
2902 754 2959 807 ὃν
2994 755 3020 808 6
3052 759 3265 828 κρατῶν
3302 752 3591 827 δεξάμενος
3627 756 3809 826 ἀνίησι

2148 839 2240 910 μὶν
2275 843 2579 916 παραυτίκα
2626 843 2719 896 τὸν
2765 844 3136 916 κατεχόμενον
3196 848 3303 897 τῶν
3370 841 3605 915 δεσμῶν,
3666 845 3808 898 ἀπο-

2146 925 2262 982 λύει
2296 926 2341 982 δ’
2400 930 2647 1003 ἀσμένως
2698 933 2833 1005 πρὸς
2882 931 2974 985 τὸν
3030 932 3319 1007 ἱεράρχην,
3380 930 3617 995 ὀπαδοὺς
3660 933 3807 1006 αύτῷ

2145 1021 2539 1094 συνεξαγαγών.
2599 1024 2751 1094 ’Ἀμα
2810 1026 2936 1096 γοῦν
2988 1021 3183 1087 ἐπέστη
3230 1022 3318 1076 καὶ
3370 1023 3481 1095 ἅμα
3530 1024 3675 1097 παρά
3702 1031 3804 1093 τῆς

2145 1106 2373 1162 συιόδου
2414 1110 2481 1163 τά
2531 1108 2712 1163 εἶκότα
2766 1109 3157 1183 ἐνωτισάμενος
3207 1113 3306 1180 τήν
3354 1111 3568 1167 ἐκείνων
3630 1111 3803 1167 ἐπιτί-

2148 1217 2312 1268 μησιν
2376 1198 2450 1260 είς
2507 1197 2719 1276 ἀσιρακῆ
2769 1204 2875 1253 τῶν
2937 1200 3073 1274 πρὸς
3137 1200 3363 1275 βασιλέα
3422 1198 3573 1254 ἰδίων
3626 1199 3805 1275 ὅρκων

2149 1280 2437 1359 βεϐαίωσιν
2492 1284 2731 1362 δέχεται.
2787 1288 2891 1342 Καὶ
2950 1289 3088 1361 πρὸς
3146 1288 3239 1343 τὸν
3287 1293 3592 1363 κρατοῦντα
3648 1289 3802 1353 αὖθις

2145 1373 2377 1429 ἐπανιὼν
2428 1376 2655 1445 πολλῆς
2709 1384 2809 1445 τῆς
2866 1379 2992 1453 παρ’
3050 1378 3257 1432 ἐκείνου
3319 1378 3595 1451 εὐμενείας
3647 1378 3804 1454 ἐτύγ-

2147 1484 2307 1540 χανεν
2346 1507 2357 1519 .
2417 1466 2576 1523 Οὕτω
2632 1468 2933 1542 τοιγαροῦν
3004 1466 3147 1543 ἔχὼν
3206 1469 3296 1522 καὶ
3354 1468 3495 1523 οὕτω
3554 1467 3802 1525 σπεύδων

2146 1555 2331 1609 ἑαυτὸν
2388 1554 2674 1633 φυλάττειν
2736 1556 2911 1627 πάσης
2968 1558 3321 1632 καχυποψίας
3355 1558 3649 1631 ἀνώτερον,
3708 1560 3803 1614 καὶ

2150 1642 2362 1716 μᾶλλον
2414 1644 2495 1699 ὅτι
2544 1645 2633 1699 καὶ
2673 1645 2985 1718 ἀξιώματος
3033 1641 3199 1715 ἐπέϐη
3267 1647 3540 1721 μεγίστου,
3599 1646 3803 1721 πολλῷ

2144 1730 2309 1787 πλέον
2340 1735 2473 1810 πρὸς
2502 1734 2592 1788 τὸν
2648 1737 2762 1807 μετ’
2813 1734 2971 1790 αὑτὸν
3003 1736 3064 1790 τὸ
3113 1736 3308 1811 κράτος
3341 1732 3547 1811 ἔχοντα
3592 1736 3805 1792 ἁλῶναι

2144 1830 2242 1892 τῆς
2278 1822 2511 1897 ὑποψίας
2545 1821 2951 1901 διεφυλάττετο.

2146 1934 2212 1998 η’.
2245 1934 2433 1993 *Οπως
2467 1934 2494 1985 6
2527 1930 2773 2009 δεύτερος
2809 1935 3077 2009 Λάσκαρις
3127 1931 3523 2009 πολλοὺςμτῶν
3555 1933 3606 1989 ἐν
3641 1934 3807 2009 ἀξιώ-

2364 2025 2522 2076 μασιν
2569 2004 2852 2079 ὑπερορῶν
2895 2004 3109 2079 ἐτέρους
3158 2006 3583 2076 ἀντικαθίστησι.

2220 2090 2372 2147 Ἀλλ’
2405 2091 2591 2163 ἐπειδὴ
2628 2096 2825 2169 θερμὸς
2859 2095 2923 2163 ἦν
2958 2094 3163 2157 ἐκεῖνος
3194 2096 3331 2170 πρὸς
3378 2095 3570 2165 πάντα,
3618 2094 3695 2151 ἔτι
3750 2094 3810 2152 δὲ

2140 2182 2229 2236 καὶ
2259 2184 2357 2249 τήν
2382 2187 2477 2237 τοῦ
2514 2186 2595 2257 [Ρ.
2635 2187 2720 2257 12]
2768 2192 3175 2263 καταφρονῆσαι
3228 2184 3381 2256 δόξαν
3416 2189 3472 2259 (ἡ
3505 2190 3607 2262 γάρ
3638 2186 3797 2249 νόσος

2143 2271 2533 2327 ἐπεισπεσοῦσα
2606 2274 2693 2327 καὶ
2772 2273 2983 2347 μᾶλλον
3060 2275 3345 2350 τρύχουσα
3413 2274 3592 2330 ἔπειθε
3650 2274 3800 2331 δεινά

2145 2359 2467 2431 ὑπιδέσθαι),
2525 2363 2792 2437 παραλύει
2854 2365 2949 2436 μὶν
3007 2369 3102 2417 τοῦ
3134 2365 3446 2437 ἀξιώματος
3476 2365 3552 2429 εἷς
3575 2387 3803 2440 πρωτο-

2142 2446 2452 2525 ϐεστιαρίου
2520 2456 2847 2529 τεταγμένον
2906 2455 3074 2527 τιμὴν
3132 2455 3224 2509 τὸν
3277 2454 3476 2511 Ῥαοὺλ
3528 2454 3801 2528 Ἀλέξων,

2141 2540 2445 2615 ἀντεισάγει
2504 2539 2551 2595 δ’
2604 2543 2684 2596 εἶσ
2711 2542 2913 2613 ταύτην
2960 2545 3052 2597 τὸν
3114 2542 3163 2614 ἐξ
3214 2544 3579 2620 Ἀτραμυτίου
3613 2544 3805 2621 Γεὼρ-

2141 2651 2259 2703 γιον
2308 2632 2399 2684 τὸν
2451 2630 2818 2701 Μουζάλῶνα,
2877 2632 3181 2694 συνοικίσας
3247 2633 3393 2706 αὐτῷ
3433 2636 3521 2688 καὶ
3589 2637 3691 2704 τήν
3735 2634 3800 2690 ἐκ

2141 2722 2605 2791 Καντακουζηνῶν
2653 2720 2969 2797 Θεοδώραν,
3027 2727 3125 2777 τοῦ
3183 2722 3572 2799 Παλαιολόγου
3631 2723 3798 2779 οὖσαν

2139 2806 2459 2887 ἀδελφιδῆν,
2508 2812 2599 2865 τὸν
2663 2808 2720 2865 δὲ
2782 2814 2899 2884 μετ’
2956 2810 3157 2867 ἐκεῖνον
3222 2810 3566 2887 Ἀνδρόνικον
3626 2813 3797 2888 μέγαν

2141 2895 2511 2972 δομέστικον,
2570 2898 2809 2955 Κλοϊστᾶ
2859 2902 2958 2971 τήν
3016 2906 3113 2955 τοῦ
3160 2900 3357 2958 Ῥαοὺλ
3418 2901 3682 2979 θυγατέρα
3742 2905 3799 2958 οἱ

2130 3032 2416 3096 peccaret,
2451 3044 2663 3082 novum
2702 3028 3002 3083 fidelitatis
3047 3028 3335 3084 inviolatae
3377 3031 3792 3099 juramentum

2136 3117 2365 3186 proprie
2398 3116 2510 3171 sibi
2542 3117 2755 3171 dictata
2778 3118 2847 3171 ab
2882 3118 2954 3172 iis
2989 3117 3238 3173 formula
3259 3119 3552 3189 concepit;
3584 3120 3793 3189 sicque

366 3206 580 3261 fectum
618 3211 681 3260 ut
712 3222 827 3261 non
860 3211 1096 3276 gravate
1125 3205 1488 3268 concederet,
1522 3204 1569 3257 si
1616 3204 1754 3273 quid
1816 3203 2018 3272 gratias
2051 3203 2094 3269 C
2135 3206 2202 3258 ad
2241 3205 2564 3276 principem
2602 3221 2891 3270 reversus,
2953 3223 3168 3277 magna
3224 3214 3314 3263 est
3357 3210 3488 3279 ejus
3536 3209 3776 3261 benevo-

365 3295 489 3350 loco
515 3298 797 3365 posceret;
824 3294 1101 3349 omnibus
1135 3293 1265 3347 aliis
1293 3292 1533 3346 omissis
1568 3307 1765 3359 preces
1806 3291 2022 3345 obtulit

367 3400 468 3453 pro
493 3382 913 3453 Paleeologo,et
937 3383 1142 3449 utejus
1166 3388 1445 3450 tanquam
1473 3380 1830 3435 calumniam
1862 3379 2021 3449 passi

367 3472 681 3527 miseretur
730 3472 931 3526 oravit.
968 3492 996 3519 ‹‹
1059 3470 1220 3535 Quod
1284 3470 1353 3533 si,
1406 3486 1438 3523 o
1498 3471 1837 3538 imperator,
1898 3468 2019 3521 aie-

367 3560 484 3625 bat,
526 3560 919 3631 suspicionem
950 3562 1020 3613 de
1083 3559 1183 3614 illo
1243 3576 1356 3613 non
1414 3560 1582 3628 plene
1642 3552 1903 3628 deponis,
1963 3564 2019 3611 at

365 3649 461 3704 ille
489 3650 725 3719 quidem
761 3651 819 3702 in
855 3654 1159 3718 posterum
1193 3647 1592 3717 qualicunque
1651 3664 1717 3700 ac
1766 3655 2016 3717 quanto-

362 3754 591 3808 cunque
616 3738 772 3792 voles
805 3738 936 3791 fidei
969 3737 1207 3807 pignore
1239 3736 1347 3791 tibi
1384 3736 1629 3800 cavebit,
1665 3753 1844 3806 seque
1876 3753 2015 3791 cen-

369 3826 794 3882 surisEcclesiae
809 3827 1360 3897 subjiciet,quarum
1387 3826 1878 3880 incurrendarum
1898 3829 2016 3879 met

362 3916 448 3971 vel
478 3917 667 3984 ipsam
693 3916 1035 3970 defectionis
1064 3918 1333 3969 umbram
1369 3922 1743 3969 aversaturus
1774 3915 2013 3970 omnino

361 4007 461 4060 sit.
497 4006 679 4059 Homo
711 4006 866 4060 enim
900 4004 1269 4060 Christianus
1308 4005 1602 4073 judicium
1664 4006 1863 4072 utique
1914 4004 2015 4058 Dei

362 4096 746 4162 pertimescet,
781 4100 835 4148 et
867 4096 994 4162 ejus
1028 4094 1487 4148 comminatione
1538 4092 1786 4147 sancitis
1846 4094 2015 4147 firme

363 4184 544 4238 stabit
573 4183 886 4254 promissis
916 4200 928 4248 ;
953 4198 1057 4236 nec
1081 4182 1399 4253 obligatam
1425 4181 1890 4235 talicmremonia
1911 4181 2015 4235 tibi

358 4289 423 4326 ac
456 4282 553 4325 tuo
582 4271 779 4339 generi
824 4271 996 4325 fidem
1033 4286 1295 4340 unquam
1339 4271 1399 4324 in
1460 4270 1726 4323 animum
1776 4269 2015 4323 inducet

359 4361 578 4415 fallere.
615 4382 641 4409 ››
675 4360 805 4414 Haec
839 4360 1132 4429 loqentem
1169 4358 1337 4412 illum
1380 4359 1698 4428 imperator
1733 4360 2014 4413 reveritus

357 4449 620 4503 damnati
678 4464 907 4502 carcere
961 4448 1372 4502 liberationem
1428 4448 1526 4502 23
1562 4449 1773 4501 annuit
1841 4447 2010 4517 polli-

362 4555 501 4593 cens
536 4538 779 4607 insuper
808 4536 1005 4590 animo
1083 4553 1144 4590 sc
1190 4537 1246 4590 in
1293 4535 1458 4591 illum
1504 4535 1676 4606 plane
1736 4537 2012 4592 benevolo

366 4630 656 4691 futurum,
690 4628 740 4681 si
762 4627 812 4681 is
841 4642 1075 4697 quoque
1108 4643 1208 4695 pro
1242 4644 1323 4685 se,
1352 4627 1428 4680 uti
1466 4626 1799 4695 patriarcha
1830 4644 2011 4697 spon-

356 4718 549 4786 debat,
590 4732 765 4770 suum
828 4731 965 4786 erga
1027 4715 1344 4786 principem
1394 4716 1652 4770 studium
1715 4715 2010 4785 ﬁdemque

362 4812 681 4877 priestaret.
716 4807 863 4860 Hinc
895 4821 1029 4859 cum
1074 4806 1228 4874 apud
1289 4803 1623 4875 Achyraum
1678 4804 2011 4875 patriarcha

358 4912 491 4949 cum
516 4895 811 4966 plurimus
833 4894 1011 4949 simul
1040 4892 1389 4962 praesulibus
1414 4893 1545 4946 aliis
1570 4894 2013 4960 adesset,mittit

360 4985 428 5038 ad
464 4984 898 5054 imperatorem,
928 4987 1100 5053 prout
1131 4982 1255 5051 ipse
1285 4982 1607 5037 discedenti
1637 4982 2010 5052 praescripse-

362 5077 468 5141 ret,
502 5088 532 5126 e
555 5073 943 5128 familiaribus
976 5088 1158 5126 unum
1194 5072 1521 5127 sacerdotio
1541 5072 1869 5142 praeditum,
1896 5088 2010 5141 quo

361 5162 683 5232 imperator
711 5166 948 5231 excepto
967 5160 1283 5231 auditoque
1305 5159 1477 5215 solvit
1500 5160 1777 5215 continuo
1801 5160 2009 5214 Palico-

361 5250 559 5318 logum
583 5249 832 5304 vinculis
854 5253 911 5304 et
928 5250 999 5303 ad
1024 5248 1220 5319 ipsum
1245 5249 1635 5318 patriarcham
1659 5248 2013 5320 perlibenter

365 5338 546 5392 mittit
576 5355 709 5393 cum
733 5338 1047 5393 comitibus
1072 5338 1286 5408 pariter
1310 5339 1597 5393 liberatis.
1626 5339 1701 5392 Eo
1724 5356 1856 5391 cum
1885 5355 2009 5408 per-

358 5427 634 5491 venisset,
671 5434 978 5498 postquam
1005 5426 1228 5481 audivit
1258 5444 1461 5498 graves
1486 5429 1542 5482 in
1571 5429 1795 5496 synodo
1827 5432 1883 5482 et
1916 5445 2011 5482 ac-

357 5520 759 5572 commodatas
782 5532 969 5569 causas
986 5531 1048 5568 ac
1072 5516 1317 5585 tempori
1335 5517 1753 5571 adminitiones
1776 5522 1830 5571 et
1854 5534 2012 5571 com-

361 5603 1233 5669 minationesPatrum,obnoxis
1250 5606 1549 5675 professus
1577 5606 1721 5661 nihil
1747 5623 2015 5661 recusare

358 5712 419 5753 se
434 5696 728 5753 canonicis
747 5692 1266 5751 animadversionis
1282 5711 1345 5751 ac
1360 5713 1663 5769 pcsnarum
1678 5696 1729 5753 si
1742 5696 2013 5769 deinceps

2130 3292 2311 3347 lentia
2342 3298 2398 3348 et
2447 3293 2881 3363 significatione
2921 3295 3120 3364 gratia:
3182 3296 3482 3367 dignatus.
3515 3297 3627 3351 Hoc
3671 3296 3774 3351 ille

2128 3398 2370 3435 suarum
2404 3387 2555 3436 statu
2593 3399 2784 3436 rerum
2814 3384 3159 3449 invigilabat
3188 3386 3301 3439 sibi
3337 3386 3569 3451 acriter,
3604 3386 3779 3439 undi-

2126 3486 2239 3540 que
2269 3471 2751 3541 circumspiciens
2775 3488 2838 3525 ac
2864 3472 3287 3529 sollicitissime
3304 3477 3643 3543 observans,
3665 3492 3786 3544 quo

2128 3576 2187 3613 se
2220 3560 2379 3615 omni
2412 3562 2774 3631 superiorem
2802 3578 2975 3631 prava
3006 3562 3345 3632 suspicione
3375 3570 3653 3618 servaret.
3710 3565 3776 3618 In

2125 3666 2309 3719 eaque
2340 3667 2479 3703 cura
2512 3650 2896 3720 custodiaque
2929 3652 3339 3719 perseverebat
3374 3668 3439 3707 eo
3473 3653 3791 3722 intentius,

2124 3755 2240 3809 qno
2272 3755 2332 3791 se
2366 3739 2421 3791 in
2472 3739 2722 3792 maxime
2776 3738 2941 3809 apice
3000 3740 3307 3809 dignitatis
3360 3743 3550 3811 magis
3598 3757 3781 3813 expo-

2124 3828 2168 3881 si
2183 3833 2305 3880 tum
2328 3827 2558 3881 invidias
2591 3828 3131 3897 imperantiumque
3150 3830 3457 3885 offensioni
3482 3833 3785 3902 cernebat,

2124 3918 2449 3987 pragscrtim
2479 3918 2735 3985 junioris
2768 3918 3033 3987 ipsorum
3058 3922 3113 3972 et
3135 3919 3494 3973 successoris
3518 3918 3577 3973 in
3612 3922 3782 3987 prin-

2122 4006 2318 4075 cipatu
2369 4005 2684 4074 designati,
2748 4024 2781 4059 a
2838 4007 3010 4073 cujus
3073 4007 3398 4075 praesertim
3474 4007 3778 4078 suspicaci

2124 4094 2318 4148 animo
2350 4093 2460 4147 sibi
2492 4099 2548 4148 et
2579 4094 2826 4148 timebat
2848 4099 2904 4148 et
2927 4100 3211 4163 quantum
3253 4101 3476 4165 poterat
3507 4098 3773 4151 cavebat.

2191 4257 2244 4310 8.
2283 4254 2563 4325 Πιριιηίον
2587 4256 2837 4311 Lascan's
2865 4256 3053 4323 plures
3098 4272 3127 4310 ε
3169 4257 3590 4325 magistratibus
3644 4272 3785 4311 con-

2435 4329 2685 4397 temptim
2717 4328 3010 4393 amaverit,
3042 4327 3173 4381 aliis
3195 4326 3454 4398 suffectis.

2192 4453 2262 4504 At
2293 4450 2574 4519 quoniam
2612 4451 2703 4505 hic
2732 4451 2966 4521 ingenio
2998 4451 3225 4505 ardenti
3261 4467 3393 4505 cum
3427 4468 3680 4521 praeceps
3717 4454 3780 4507 in

2124 4538 2239 4594 alia
2257 4545 2470 4594 cuncta
2492 4540 2810 4606 ferebatur,
2842 4548 2965 4594 tum
3002 4539 3318 4594 faclllimus
3364 4546 3488 4595 erat
3547 4542 3616 4595 ad
3649 4544 3783 4612 opi-

2125 4630 2388 4683 nandum
2412 4645 2539 4683 sese
2587 4630 2881 4684 contemni
2932 4630 3199 4699 (morbus
3259 4630 3412 4684 enim
3445 4646 3559 4700 quo
3620 4636 3787 4685 tene-

2123 4719 2295 4773 batur
2317 4728 2370 4773 et
2395 4718 2647 4773 multum
2682 4720 3020 4787 urgebatur,
3052 4723 3449 4789 opportunum
3482 4736 3615 4774 eum
3672 4737 3785 4791 pa-

2120 4815 2432 4881 ratumque
2462 4810 2680 4865 talibus
2712 4810 3017 4865 credendis
3049 4812 3343 4881 rebusque
3362 4828 3511 4881 quas
3543 4811 3787 4866 audiret

2123 4902 2507 4952 autccrneret
2538 4898 2594 4950 in
2632 4903 2851 4967 partem
2921 4897 3251 4968 sequiorem
3313 4898 3780 4969 interpretandis

2124 4984 2418 5055 faciebat),
2442 4984 2684 5039 Baulem
2718 4985 2980 5039 Alexium
3016 4985 3441 5055 protovestiarii
3490 4985 3783 5057 dignitate

2122 5080 2394 5128 ornatum
2433 5072 2621 5144 privat
2652 5073 3023 5142 magistratu,
3056 5079 3113 5127 et
3144 5073 3274 5141 ejus
3296 5074 3356 5127 in
3410 5073 3604 5128 locum
3640 5089 3784 5143 pro-

2124 5167 2317 5217 movet
2349 5161 2663 5233 Georgium
2707 5161 3073 5217 Muzalodem
3132 5162 3624 5233 Atramyttinum,
3677 5162 3788 5217 24

2125 5252 2217 5307 cui
2250 5256 2305 5305 et
2332 5250 2693 5305 Theodoram
2744 5267 2774 5304 e
2830 5250 3368 5305 Cantucazenorum
3419 5255 3610 5320 gente,
3673 5250 3797 5304 Pa-

2124 5338 2350 5409 laeologi
2386 5346 2615 5407 neptem
2649 5355 2718 5393 ex
2750 5355 2967 5404 sorore,
3002 5338 3162 5393 dedit
3202 5339 3534 5409 conjugem.
3596 5337 3793 5406 Hujus

2127 5444 2357 5499 quoque
2416 5429 2651 5481 fratrem
2714 5428 2999 5482 minorem
3052 5427 3452 5481 Andronicum
3498 5443 3789 5494 magnum

2129 5516 2517 5572 domesticum
2542 5532 2716 5585 creat,
2770 5516 3054 5572 collocata
3114 5516 3225 5586 ipsi
3288 5517 3345 5570 in
3409 5516 3791 5571 matrimonio

2127 5606 2339 5663 Cloista
2372 5606 2573 5661 Baulis
2608 5606 2744 5661 ﬁlia.
2791 5606 3053 5661 Tertium
3107 5605 3364 5677 denique
3406 5605 3616 5660 horam
3682 5606 3801 5661 fra-

2130 5703 2278 5753 trem
2302 5694 2831 5770 prothieracarium
2872 5695 2994 5753 sive
3046 5711 3353 5752 summum
3407 5694 3795 5768 accipitrariae
