4090 6418
363 449 472 505 457

1514 449 1602 501 DE
1641 449 2011 502 MICUAELE
2048 451 2494 507 PALEOLOGO
2529 455 2663 508 LIB.
2708 459 2753 510 Ι.

3678 472 3784 528 458

360 571 728 666 συναρμόσας,
755 571 860 666 τὸν⁸
907 569 965 626 δὲ
1015 571 1203 666 τρλίτον
1247 574 1353 666 τῶν
1417 567 1667 666 αδελφῶν
1700 565 2014 666 προϐάλλε-
2045 573 2099 639 Α
2132 567 2485 666 δεδιότα-δια
2693 579 3099 655 ὑποτρέχουσαν
3133 592 3234 656 τῆς
3285 589 3466 665 ἀρχῆς
3519 591 3778 666 ὑποψίαν.

360 682 453 716 ται
506 658 964 736 πρωθιερακᾶριν,
1007 657 1203 733 ἄνδρας
1261 658 1360 714 ούκ
1408 657 1676 733 εύγενειας
1743 659 1836 730 μὲν
1896 679 2020 730 μιτ-

364 752 596 824 έχοντας
648 750 710 804 τὸ
765 748 1037 822 παράπαν,
1062 749 1139 812 εἷς
1192 745 1602 809 παιδοπούλους
1661 745 1717 801 δὲ
1769 746 2022 800 αὐθεντο-

364 837 762 911 πουλευομένῳ
807 838 1168 912 τεταγμένους
1200 837 1367 909 αύτῷ.
1402 836 1505 890 Δύο
1560 839 1742 909 μέντοι
1801 856 1860 910 γε
1911 840 2018 889 τῶν

370 929 703 1001 μεγιστάνων
734 932 838 980 τῶν
871 926 1138 1000 ὀμμάτων
1171 931 1366 1000 στερεῖ,
1400 927 1471 979 ὧν
1529 927 1557 979 6
1618 927 1711 998 μὲν
1769 926 1842 985 εἷς
1903 925 2018 985 υἱὸς

331 1017 434 1085 .ἦν
485 1020 582 1071 τοῦ
641 1015 1146 1092 Στρατηγοπούλου
1179 1013 1452 1087 Ἀλεξίου,
1504 1015 1531 1068 6
1591 1018 2018 1084 Κωνσταντῖνος,

361 1106 424 1168 ’ὀς
453 1106 677 1176 ἠξιοῦτο
707 1105 796 1159 καὶ
827 1102 1028 1174 κήδους
1062 1105 1181 1176 (τὴν
1213 1105 1314 1178 γὰρ
1366 1100 1665 1179 ἀδελφιδῆν
1708 1107 1806 1156 τοῦ
1869 1102 2019 1175 βασι-

362 1192 506 1254 λέως
564 1194 818 1248 Ἰωάννου
885 1192 1088 1254 ἐκείνου
1161 1190 1404 1254 διδόντος
1476 1193 1611 1266 εἶχε)
1695 1193 2021 1268 περιφανοῦς

360 1281 454 1336 καὶ
517 1281 666 1356 μάλα
722 1281 1003 1356 λαμπροῦ,
1036 1281 1224 1356 ἅτερος
1283 1282 1310 1334 ὁ
1369 1279 1551 1350 Φιλῆς
1587 1282 1651 1348 ἦν
1715 1277 2018 1354 Θεόδωρος.

362 1371 471 1427 Καὶ
530 1368 698 1426 πόλλ’
727 1371 858 1426 ἄττα
915 1369 1279 1443 ἐκαινοτόμει,
1339 1371 1439 1438 τήν
1496 1369 1663 1445 ὀφρὺν
1719 1374 1825 1423 τῶν
1881 1371 2021 1437 πρὸς

360 1460 592 1534 α’ίματος
652 1467 950 1538 καθαιρῶν,
980 1462 1069 1516 καὶ
1122 1461 1184 1515 τὸ
1236 1459 1472 1536 ἀσφαλὲς
1534 1459 1768 1514 ἐντεῦθεν
1824 1460 2017 1530 ἑαυτῷ,

362 1553 439 1614 ὡς
490 1549 651 1625 ᾤετο,
710 1550 1174 1626 προμηθούμενος
1211 1571 1221 1582 ·
1281 1550 1340 1604 ού
1427 1551 1529 1625 γὰρ
1598 1551 1848 1604 ἀναπνεῖν
1937 1548 2019 1603 ε’ία

358 1641 565 1698 ἐκεῖνον
601 1645 635 1711 ἡ
667 1640 848 1703 νόσος.
882 1639 1094 1716 νύκτωρ
1129 1639 1219 1694 καὶ
1255 1641 1370 1713 μεθ’
1402 1639 1612 1714 ἡμέραν
1658 1640 1725 1692 τὰ
1768 1638 1843 1712 μή
1876 1635 2019 1693 καλά

357 1727 597 1806 φανταζὸ
606 1752 766 1804 μενον
778 1773 791 1786 .

356 1823 422 1878 θ’.
476 1823 667 1882 ’Όπως
724 1821 752 1875 6
811 1818 979 1884 Κότυς
1035 1819 1126 1873 τὸν
1185 1815 1564 1891 Παλαιολόγον
1625 1815 2014 1893 παρασκεύάζει

790 1909 1170 1982 αύτομολησαι
1202 1909 1337 1983 πρὸς
1369 1907 1601 1980 Πέρσας.

426 2001 565 2056 Τότε
613 1997 680 2068 δὴ
729 2001 820 2053 καὶ
869 2003 966 2053 τοῦ
1013 1997 1397 2071 Παλαιολόγου
1448 1996 1520 2058 είς
1546 1996 1788 2074 κεφαλὴν
1819 2017 2013 2070 τεταγ-

359 2093 527 2164 μένου
586 2091 920 2154 Μεσοθυνίας
996 2091 1086 2144 καὶ
1163 2088 1338 2143 αὐτῶν
1419 2087 1736 2160 ὀπτιματων
1808 2086 2011 2141 ἐκείνου

351 2180 777 2256 προστάξαντος,
810 2179 899 2233 καὶ
955 2178 1020 2233 τὰ
1075 2177 1262 2233 πολλᾶ
1317 2179 1434 2232 κατ’
1467 2175 1687 2232 Ἰταλῶν
1746 2175 2010 2251 πράττον-

347 2291 470 2340 τος,
504 2272 712 2344 προσῆν
760 2290 843 2332 τις
881 2271 977 2322 τοῦ
1035 2265 1325 2324 παλατίου.
1359 2265 1530 2330 Κότυς
1589 2265 1873 2339 ἰπώνυμον
1928 2269 2008 2336 τῷ

348 2358 651 2434 ἆνδρὶ,καὶ
711 2360 788 2422 εἰς
844 2358 911 2414 τὰ
966 2357 1202 2431 μάλιστά
1262 2359 1312 2412 οἳ
1369 2363 1476 2412 τῶν
1538 2355 1713 2434 φίλων
1783 2353 1875 2412 ὤν.
1910 2357 2006 2411 Καὶ

352 2446 530 2513 δῆλος
585 2448 650 2518 ἦν
711 2447 834 2524 περὶ
885 2446 1064 2521 τούτῳ
1122 2448 1363 2522 ἀγωνιῶν
1425 2446 1476 2518 ἐξ
1523 2447 1595 2500 ὧν
1656 2447 1790 2520 πρὸς
1846 2443 2003 2500 αὐτὸν

342 2535 576 2612 διεξῄει,
605 2537 720 2608 καὶ,
753 2535 877 2594 «Ei
936 2538 1012 2610 μὴ
1075 2533 1340 2611 φυγαδείᾳ
1400 2538 1663 2610 χρήσαιο,
1716 2558 1744 2585 ››
1798 2532 2004 2607 ἔλεγεν,

339 2650 370 2677 α
405 2628 632 2699 ἡμερῶν
686 2624 891 2699 ὀλίγων
958 2623 1034 2688 sic;
1087 2622 1226 2699 μέγα
1284 2628 1568 2700 συμφορᾶς
1625 2623 1691 2678 τὰ
1750 2624 1886 2676 κατᾶ
1945 2623 2002 2676 σὲ

333 2709 702 2790 προϐήσεται.
766 2711 924 2770 Ἀλλ’
983 2710 1100 2768 οὐδ’
1160 2712 1286 2787 ἐμοὶ
1349 2713 1660 2776 τούντεῦθεν
1721 2709 2002 2766 ἀκίνδυνον

342 2801 548 2878 μένειν,
582 2800 711 2858 ἀλλ’
739 2801 1149 2875 αὐτομολητέον
1186 2803 1323 2878 πρὸς
1360 2803 1562 2878 Ηέρσας
1614 2802 1704 2856 καὶ
1755 2800 1998 2877 ἀμφοτέ-

341 2914 485 2969 ροις,
519 2891 574 2947 εἷ’
621 2913 705 2947 σοι
772 2891 925 2966 μέλει
980 2896 1089 2946 τῶν
1144 2890 1528 2969 ὀφθαλμῶν.»
1587 2895 1763 2946 Ταῦτα
1822 2889 1995 2965 λέγει,

339 2984 430 3040 καὶ
463 2981 639 3038 πείθει
671 2985 1044 3060 πληροφορῶν
1079 2979 1240 3058 φίλος
1270 2978 1342 3035 ὣν
1371 2981 1464 3035 τὸν
1513 2980 1593 3035 ἀεὶ
1651 2981 1772 3057 περὶ
1823 2981 1996 3050 ἑαυτῷ

346 3160 667 3217 venationis
711 3164 768 3216 et
798 3161 941 3233 regii
999 3159 1236 3234 aucupii
1297 3162 1637 3232 praefectum
1703 3160 1988 3230 nominat,

338 3250 610 3305 homines
643 3250 902 3322 patriciae
934 3250 1255 3305 nobilitatis
1286 3266 1530 3322 prorsus
1553 3255 1840 3320 expertes,
1876 3249 1988 3305 sibi

334 3355 472 3395 vero
506 3338 718 3410 puerili
762 3338 1133 3394 famliaritate
1181 3342 1351 3395 notos
1399 3356 1466 3395 ac
1522 3340 1987 3407 commendatos,

328 3429 482 3500 quod
534 3427 647 3499 ipsi
707 3428 778 3483 ab
838 3427 1086 3483 infantia
1130 3428 1287 3483 inter
1338 3428 1682 3484 honorarios
1728 3428 1988 3499 ephebos

329 3517 770 3590 apparuissent.
823 3521 980 3573 Duos
1038 3517 1179 3588 quin
1239 3517 1416 3573 etiam
1476 3533 1544 3573 ex
1601 3517 1989 3590 optimatibus

328 3607 517 3663 oculis
572 3606 1153 3678 privavit;quorum
1215 3607 1361 3660 alter
1416 3606 1574 3662 ﬁlius
1635 3607 1748 3661 fuit
1802 3605 1987 3662 Alcxii

323 3695 746 3769 StrategOpuli,
778 3696 884 3751 viri
917 3695 1330 3768 perillustrtris
1361 3713 1426 3751 ac
1460 3695 1518 3749 in
1547 3695 1754 3766 primis
1787 3695 1984 3766 splen-

323 3786 470 3856 didi,
505 3785 933 3841 Constantinus
956 3785 1212 3854 nomine,
1234 3785 1514 3856 dignatus
1547 3784 1620 3839 ab
1644 3784 1771 3854 ipso
1791 3783 1982 3838 afﬁni-

321 3880 443 3930 tate
469 3875 654 3947 regia,
687 3873 981 3945 siquidem
1025 3877 1260 3945 neptam
1309 3872 1684 3944 imperatoris
1734 3872 1982 3927 Joannis

319 3965 420 4019 illo
452 3964 720 4019 tradente
746 3979 984 4018 uxorem
1010 3961 1243 4020 habuit.
1277 3962 1437 4016 Alter
1465 3961 1812 4017 Theodorus
1845 3960 1979 4016 Phi-

323 4052 409 4109 les
441 4057 586 4108 erat.
622 4055 751 4108 Haec
781 4051 880 4108 ille
911 4061 960 4107 et
990 4053 1104 4107 alia
1131 4049 1320 4106 multa
1351 4067 1501 4106 nova
1547 4050 1814 4122 exempla
1842 4051 1978 4105 ede-

321 4144 446 4213 bat,
479 4142 540 4196 in
575 4142 724 4208 dies,
758 4141 1022 4197 intentus
1045 4139 1426 4212 deprimendo
1459 4138 1774 4212 supercilio
1824 4139 1979 4211 prin-

318 4233 524 4304 cipum
558 4230 702 4302 regii
736 4231 1064 4302 sanguinis,
1096 4230 1232 4284 inde
1263 4229 1637 4284 securitatem
1688 4229 1799 4284 sibi
1835 4245 1974 4299 pru-

317 4321 506 4386 denti,
531 4323 596 4375 ut
626 4321 862 4392 quidem
888 4320 1305 4388 arbitrabatur,
1329 4317 1572 4375 consilio
1596 4334 1832 4390 parans.
1849 4317 1973 4372 Non

315 4413 478 4470 enim
511 4410 804 4481 respirare
837 4409 1004 4465 illum
1039 4409 1270 4464 sinebat
1294 4409 1534 4464 morbus
1558 4407 1656 4463 diu
1681 4413 1976 4480 noctuque

318 4518 500 4576 prava
528 4501 976 4572 imaginantem.

386 4595 441 4648 9.
508 4594 572 4650 Ut
631 4591 788 4661 Cotys
858 4585 1166 4658 Palaeologo
1198 4589 1537 4658 persuaserit
1589 4588 1789 4657 fugam
1829 4587 1904 4642 ad

1040 4677 1254 4730 Persas.

386 4773 538 4828 Tum
571 4768 866 4825 enimvero
898 4762 1220 4836 Palaeologo
1252 4762 1627 4834 Mesothyniae
1675 4763 1966 4835 praefecto,

316 4860 749 4934 praepositoque
781 4855 930 4927 ipsis
953 4853 1338 4925 optimatibus
1361 4853 1539 4922 jussu
1573 4853 1967 4923 imperatoris,

309 4968 379 5006 ac
411 4954 650 5005 strenue
677 4949 885 5001 contra
915 4941 1093 4998 Italos
1126 4957 1246 4996 rem
1281 4940 1529 5012 gerenti,
1563 4940 1760 4997 adfuit
1790 4957 1819 4996 e
1872 4959 1968 5013 pa-

307 5040 457 5096 latio
502 5037 746 5109 quidam
798 5035 1180 5105 cognomento
1213 5034 1401 5102 Cotys,
1437 5048 1502 5086 ex
1542 5029 1770 5086 intimis
1820 5032 1969 5100 ejus,

307 5128 478 5186 vultu
515 5127 615 5198 qui
646 5124 1010 5196 signiﬁcaret
1040 5137 1172 5176 eum
1203 5137 1315 5174 non
1349 5137 1546 5192 parem
1582 5120 1714 5192 angi
1739 5120 1810 5174 iis
1844 5136 1971 5192 qua:

311 5219 585 5276 dicturus
616 5213 921 5279 veniebat;
957 5211 1176 5282 quibus
1208 5209 1488 5282 expositis
1516 5226 1528 5263 :
1565 5231 1592 5259 «
1625 5212 1704 5265 Ac
1755 5209 1867 5264 nisi
1916 5214 1973 5265 te

312 5307 456 5379 fuga
489 5303 767 5377 proripis,
801 5322 828 5351 ››
863 5299 1152 5370 adjunxit,
1185 5319 1208 5350 ιι
1245 5298 1450 5370 paucis
1499 5298 1707 5353 diebus
1757 5298 1814 5352 in
1849 5315 1972 5353 ma-

309 5413 494 5469 gnam
528 5391 924 5450 calamitatem
958 5404 1051 5444 res
1082 5392 1195 5442 tuae
1215 5386 1616 5458 prolabentur.
1639 5387 1745 5444 Sed
1779 5403 1973 5460 neque

312 5485 462 5541 mihi
498 5489 626 5538 tuta
659 5481 752 5535 hic
784 5479 1064 5545 deinceps
1089 5477 1184 5532 25
1216 5494 1378 5532 mora
1409 5482 1519 5542 est,
1542 5493 1744 5532 verum
1777 5481 1972 5533 trans-

311 5571 665 5646 fugiendum
698 5569 769 5624 ad
803 5573 1010 5623 Persas
1044 5567 1263 5638 pariter
1310 5565 1545 5636 utrique
1594 5570 1888 5633 nostrum,
1921 5567 1970 5622 si

311 5661 622 5720 oculorum
655 5675 796 5714 cura
826 5655 935 5713 tibi
969 5659 1076 5710 est.
1109 5677 1136 5705 »
1163 5654 1292 5710 Haec
1324 5653 1422 5709 ille
1447 5672 1460 5723 ;
1488 5672 1614 5726 quae
1648 5654 1816 5711 facile
1845 5673 1975 5725 per-

313 5751 510 5811 suasit
540 5748 769 5808 amicus
799 5744 1010 5813 amico,
1043 5743 1155 5817 sibi
1188 5759 1422 5816 semper
1451 5744 1681 5800 timenti
1735 5748 1976 5818 propter

598 5879 870 5938 PATBOL.
919 5872 1030 5935 Ga.
1077 5870 1322 5935 CXLIII

2021 3297 2064 3365 C

2130 659 2271 756 ρύδῖε
2321 663 2424 737 γὰρ
2487 662 2612 718 οὐδὲ
2669 669 2759 722 τὸν
2814 671 2957 725 θεῖον
3005 673 3204 729 τούτου
3237 659 3509 752 εἰς-μέγαν
3541 659 3781 756 χαρτου-

2132 747 2321 841 λάριον
2365 755 2713 841 τεταγμένον,
2747 759 3128 836 Παλαιολόγον
3189 747 3436 841 Μιχαὴλ·
3475 747 3581 824 καῖ
3619 747 3780 828 αὐτὸν

2129 836 2416 908 ἀκούοντα,
2450 839 2730 898 ἀκίνδυνον
2791 845 2874 900 εἷά
2931 852 2965 917 ἡ
3029 836 3452 926 ὑποψίας-ἀλλὰ
3503 858 3628 930 περὶ
3683 866 3783 929 τῆς

2131 926 2333 1021 ἀρχῆς.
2369 928 2702 1001 ἐρωτηθέντα
2750 936 3030 1000 ἁπλοϊκῶς
3088 942 3250 1014 φάναι
3305 942 3522 1020 λέγεταί
3575 926 3678 1021 -ὡς,
3739 926 3787 1003 εἷ’

2129 1017 2547 1108 κεχρεώστηταί
2593 1025 2864 1098 τιν-πρὸς
2924 1032 3058 1082 Θεοῦ
3115 1031 3177 1084 τὸ
3237 1017 3393 1107 ἄρξαι
3449 1037 3509 1106 [Ρ
3569 1017 3782 1108 13]’ἀν-

2130 1104 2436 1196 υπαίτιοςὸ
2468 1107 2804 1183 καλούμενος
2835 1132 2850 1147 ⁶
2876 1117 2936 1169 οῦ
2991 1114 3055 1186 δή
3109 1104 3283 1193 χάριν
3319 1104 3412 1176 καὶ
3449 1104 3787 1196 -νεμεσηθεῖς

2129 1191 2248 1245 οἷον
2276 1195 2420 1268 παρὰ
2449 1201 2545 1250 τοῦ
2602 1205 2951 1276 κρατοῦντος,
2986 1205 3033 1259 εἴ
3086 1212 3337 1273 τοιοῦτος
3395 1209 3468 1266 ὢν
3509 1213 3784 1276 τοιούτοις

2131 1286 2446 1376 μετεωρίζει
2501 1289 2595 1343 τὸν
2644 1295 2788 1362 νοῦν,
2847 1296 2915 1366 τῇ
2975 1295 3192 1372 φυλακῇ
3269 1297 3479 1356 δίδοται
3537 1300 3782 1376 δέσμιος.

2126 1370 2263 1423 Τότε
2309 1371 2488 1426 τοίνυν
2553 1379 2738 1449 μαθὼν
2795 1379 2884 1433 καὶ
2943 1382 3016 1443 ὡς
3069 1370 3212 1447 εἰκὸς
3273 1383 3468 1460 δείσας,
3504 1387 3548 1442 εἷ
3605 1370 3781 1461 μένων

2132 1459 2226 1529 μὲν
2289 1458 2615 1533 κινδυνεύοι,
2648 1463 2820 1521 δεινὸν
2876 1471 3068 1544 ἡγεῖτο
3121 1473 3212 1527 καὶ
3271 1472 3395 1529 λίαν
3428 1476 3686 1547 ἐλεεινὸν,
3719 1480 3780 1534 τὸ

2202 1547 2533 1642 αὐτομολεῖν
2564 1553 2717 1618 αὖθις
2768 1558 2907 1632 πρὸς
2934 1543 2937 1544 ν
2963 1558 3296 1636 ἀλλοτρίους
3352 1569 3624 1642 σωτήριον
3660 1543 3779 1640 μὲν,

2127 1635 2253 1691 ἀλλ’
2285 1636 2576 1714 ἐπίμωμον
2615 1641 2831 1728 ῖέκρινε.
2866 1647 3019 1712 Τέως
3077 1635 3154 1706 δέ
3187 1651 3336 1707 δυοῖν
3395 1635 3782 1728 νομιζομένων

2127 1732 2336 1794 κακοῖν,
2383 1735 2480 1784 τοῦ
2523 1727 2696 1808 φόϐου
2740 1739 3149 1810 προστεθέντος,
3185 1742 3415 1816 αἱρεῖται
3459 1740 3783 1804 τοῦλαττον,

2126 1815 2232 1870 Καὶ
2290 1815 2356 1886 δὴ
2407 1817 2466 1874 ἐκ
2513 1820 2766 1893 πολλῶν,
2821 1825 2894 1888 ὡς
2940 1828 3082 1902 εἶχε,
3135 1815 3661 1904 προῗμηθευσάμενος
3722 1839 3784 1888 τὸ

2043 1937 2090 2003 Β
2127 1904 2435 2003 ἀιρώρατον,
2496 1909 2831 1984 παραλαϐὼν
2904 1917 2994 1970 καί
3051 1938 3203 1982 τινας
3253 1923 3360 1974 τῶν
3421 1920 3633 1977 οἰκείων
3691 1923 3781 1977 καὶ

2120 1992 2210 2046 τὸν
2268 1999 2512 2070 ποταμὸν
2568 2003 2890 2075 περαιωθεὶς
2949 2007 3244 2083 Σάγγαριν,
3301 2010 3400 2078 τὴν
3466 2009 3588 2064 εὐθὺ
3640 2016 3782 2087 Περ-

2121 2079 2273 2146 σίδος
2331 2085 2430 2140 ἆνᾶ
2486 2090 2682 2162 κράτος
2742 2089 2877 2147 ἷέται
2936 2095 3136 2168 καὶτῷ
3167 2096 3399 2152 σουλτὰν
3430 2079 3773 2176 προσχωρέῖ.

2120 2172 2180 2227 Ὁ
2212 2169 2258 2225 δ’
2281 2173 2528 2246 ἀςμένως
2583 2177 2800 2254 δέχεται
2857 2187 3050 2238 τοῦτον
3110 2185 3200 2238 καὶ
3249 2191 3385 2258 τιμᾷ
3408 2169 3528 2250 τοῖς
3557 2169 3773 2262 προση-

2118 2279 2293 2320 κουσι.
2329 2265 2481 2329 Τέως
2524 2264 2581 2322 δέ
2629 2290 2692 2341 γε
2741 2270 2835 2325 κάν
2894 2275 2961 2345 τῇ
2993 2271 3284 2348 ἀλλοδαπῇ
3311 2276 3574 2348 σημαίαις
3625 2278 3774 2352 βασι·

2118 2357 2301 2420 λιναῖς
2358 2361 2803 2432 παραταξάμενος
2863 2361 2954 2415 σὺν
3016 2361 3241 2426 ἐκείνοις
3297 2365 3433 2420 κατὰ
3499 2371 3609 2422 τῶν
3674 2366 3772 2442 έχ-

2117 2451 2258 2523 θρῶν
2316 2453 2419 2504 τοῦ
2473 2447 2707 2504 σουλτὰν
2765 2451 3055 2526 ἀριστεύει,
3107 2453 3197 2508 τὸν
3257 2452 3506 2528 βασιλέα,
3558 2453 3613 2510 εἷ’
3663 2477 3770 2512 που

2114 2539 2359 2606 ἀκούσοι,
2411 2537 2646 2593 ἐντεῦθεν
2703 2538 3211 2613 ἐκμειλισσόμενος.
3264 2543 3395 2598 Εἶτα
3454 2544 3770 2617 μεταμελη-

2112 2627 2241 2694 θεὶς,
2316 2629 2430 2681 οἷον
2517 2626 2607 2680 καὶ
2683 2625 3086 2702 παλινδρομεῖν
3160 2629 3630 2704 προαιρούμενος,
3687 2638 3767 2706 τῷ

2107 2713 2366 2784 τηνικάδε
2393 2716 2618 2771 Ἰκονίου
2662 2722 3047 2791 προσέρχεται,
3080 2719 3169 2773 καί
3220 2721 3272 2774 οἱ
3319 2720 3508 2795 μεσίτῃ
3563 2728 3764 2798 χρᾶται

2106 2805 2243 2878 πρὸς
2305 2803 2551 2880 βασιλέα,
2602 2803 2656 2858 εἷ’
2707 2826 2824 2867 πως
2892 2806 2958 2860 τὰ
3007 2808 3172 2862 πιστὰ
3229 2811 3515 2884 γράμμασι
3575 2809 3765 2876 δόντος

2105 2893 2331 2966 ἐκείνου,
2363 2896 2397 2963 ἧ
2461 2898 2568 2967 μὴν
2616 2895 2716 2962 τὴν
2777 2895 2946 2970 ὀργὴν
2997 2899 3247 2972 καθαρῶς
3305 2899 3581 2974 ἀνασχεῖν,
3613 2900 3761 2973 αύτῷ

2104 2982 2195 3036 καὶ
2273 2983 2438 3038 πάλιν
2517 2982 2831 3064 ἐπανελθεῖν
2910 2986 3144 3060 γένοιτο.
3201 2992 3310 3044 Τοῦ
3379 2985 3438 3043 δὲ
3493 2989 3758 3064 ἱεράρχου

2101 3161 2253 3217 clam
2285 3167 2655 3234 grassantem
2702 3164 2774 3218 de
2805 3181 2867 3219 se
2892 3165 3288 3236 suspicionem
3341 3168 3594 3224 affectati
3641 3169 3755 3226 im-

2105 3252 2270 3322 perii.
2303 3252 2445 3307 Nam
2488 3269 2559 3308 ne
2611 3255 2848 3324 patrum
2897 3253 3134 3324 quidem
3187 3256 3316 3326 ejus
3361 3257 3420 3312 in
3473 3273 3756 3331 magnum

2103 3339 2531 3396 chartularium
2563 3347 2924 3413 cooptatum,
2959 3343 3061 3414 qui
3091 3348 3149 3399 et
3176 3344 3320 3416 ipsae
3364 3346 3611 3403 Michael
3645 3347 3754 3404 Pa-

2101 3428 2376 3500 lazologus
2406 3430 2746 3498 vocabatur,
2779 3431 2907 3486 sine
2939 3432 3196 3503 periculo
3229 3449 3357 3490 esse
3411 3437 3750 3506 patiebatur

2099 3517 2380 3590 suspicio.
2415 3520 2564 3576 Cum
2613 3520 2771 3575 enim
2823 3520 2873 3576 is
2922 3521 3321 3595 interrogatus
3371 3525 3444 3581 de
3498 3525 3748 3598 imperio

2097 3608 2345 3662 candide
2365 3609 2744 3679 respondisse
2777 3609 3088 3679 diceretur,
3121 3611 3171 3666 si
3203 3612 3294 3667 cui
3325 3612 3612 3670 divinitus
3642 3615 3749 3670 de-

2095 3695 2354 3763 beretur,
2377 3696 2548 3753 illum
2580 3697 2822 3770 impune
2852 3715 3159 3770 capessere
3191 3701 3292 3772 qui
3320 3706 3650 3775 vocaretur,
3675 3720 3746 3775 ep

2094 3784 2251 3840 dicto
2281 3785 2464 3840 relato
2488 3786 2713 3841 invisus
2741 3802 3077 3859 exosusque
3109 3788 3474 3860 imperatori,
3496 3808 3620 3847 rem
3652 3793 3744 3847 in-

2093 3873 2334 3946 dignam
2388 3891 2494 3929 nec
2542 3875 2842 3930 ferendam
2897 3877 3180 3932 arbitrato
3229 3877 3410 3934 talem
3460 3879 3646 3936 virum
3682 3881 3742 3936 in

2091 3963 2384 4034 ejusmodi
2415 3963 2800 4034 cogitationes
2832 3971 3090 4020 mentem
3142 3967 3429 4036 attollere,
3461 3971 3740 4025 custodias

2087 4054 2317 4108 vinctus
2346 4053 2620 4108 traditur.
2655 4054 2880 4120 Quibus
2928 4054 3026 4109 ille
3074 4055 3316 4125 auditis,
3343 4057 3572 4128 sibique
3621 4075 3738 4115 non

2086 4141 2382 4197 immerito
2415 4146 2706 4210 metuens,
2734 4141 2829 4196 hic
2878 4143 3116 4212 quidem
3164 4160 3338 4216 grave
3367 4150 3425 4201 et
3453 4163 3735 4218 perquam

2087 4232 2491 4287 miserandum
2511 4232 2755 4302 putabat
2777 4247 2910 4286 cum
2933 4237 3098 4286 tanto
3125 4232 3382 4304 periculo
3409 4251 3735 4303 remanere,

2085 4319 2222 4376 inde
2253 4336 2383 4376 vero
2417 4320 2486 4376 ad
2510 4323 2776 4376 externos
2794 4320 3165 4391 transfugere
3185 4321 3443 4379 salutare
3468 4324 3732 4396 quidem,

2084 4414 2143 4465 at
2201 4410 2548 4480 probrosum
2602 4410 2933 4480 judicabat.
2974 4412 3164 4475 Quare
3223 4429 3356 4467 cum
3413 4419 3735 4486 utrumque

2086 4494 2306 4551 malum
2339 4495 2634 4552 videretur
2683 4499 2928 4569 urgente
2971 4497 3043 4551 ad
3095 4496 3433 4571 eligendum
3483 4499 3733 4556 alterum

2086 4585 2345 4656 periculo
2376 4584 2674 4656 praesenti,
2695 4585 2850 4656 quod
2886 4585 3080 4640 minus
3102 4603 3132 4642 e
3157 4587 3391 4644 duobus
3423 4593 3513 4644 est
3544 4589 3732 4644 visum

2001 4661 2050 4729 D
2083 4674 2324 4745 optavit.
2358 4679 2561 4745 Itaque
2594 4674 2782 4728 multa
2814 4674 3077 4729 adhibita
3108 4676 3179 4730 ad
3215 4675 3519 4732 latendum
3550 4682 3736 4732 atten-

2081 4764 2240 4819 tione
2271 4779 2336 4818 ac
2358 4763 2689 4835 diligentia,
2715 4763 3063 4835 aescitisque
3113 4765 3470 4835 quibusdam
3504 4783 3534 4821 e
3566 4765 3734 4822 fami-

2080 4853 2344 4917 liaribus,
2377 4854 2732 4908 transmisso
2766 4852 3004 4908 ﬂumine
3035 4855 3277 4925 Sangari
3309 4861 3467 4910 recta
3506 4855 3564 4909 in
3599 4856 3733 4909 Per-

2081 4942 2272 4997 sidem
2324 4941 2554 5013 magnis
2603 4941 2906 4996 contendit
2940 4942 3276 5014 itineribus,
3309 4943 3735 5017 sultanumque

2082 5031 2369 5095 convenit,
2407 5030 2508 5101 qui
2540 5030 2840 5085 hominem
2874 5047 3008 5085 cum
3035 5033 3248 5103 gaudio
3281 5038 3338 5088 et
3384 5034 3600 5105 quibus
3631 5051 3737 5105 par

2081 5123 2206 5175 erat
2235 5119 2562 5175 honoribus
2592 5118 2823 5190 excipit.
2860 5122 2978 5174 Hoc
3035 5121 3269 5176 interim
3330 5124 3521 5194 spatio
3577 5124 3732 5195 apud

2082 5213 2309 5265 exteros
2342 5209 2452 5263 sub
2504 5208 2682 5280 regiis
2729 5207 2956 5264 vexillis
3007 5226 3142 5264 eum
3193 5211 3467 5269 hostibus
3515 5212 3735 5269 sultani

2083 5313 2437 5370 congressus
2470 5297 2790 5352 fortissime
2821 5313 2883 5351 se
2914 5297 3088 5369 gerit,
3121 5298 3541 5372 imperatorem
3575 5301 3736 5371 inde,

2083 5387 2132 5443 si
2165 5387 2312 5442 forte
2341 5385 2590 5453 audiret,
2615 5384 2730 5440 sibi
2756 5384 3191 5442 consiliandum
3225 5393 3327 5444 aut
3348 5389 3561 5446 saltem
3593 5389 3736 5446 deli-

2081 5476 2362 5531 niendum
2397 5491 2662 5546 sperans.
2692 5475 2830 5530 Inde
2853 5475 3046 5545 palam
3073 5478 3362 5547 pcenitens
3394 5479 3734 5550 transfugii,

2083 5583 2151 5622 ac
2182 5565 2282 5622 26
2316 5579 2610 5621 recurrere
2642 5563 2712 5619 ad
2754 5579 2892 5619 suos
2924 5569 3137 5636 certus,
3173 5567 3224 5622 ei
3283 5567 3383 5638 qui
3418 5571 3558 5622 tunc
3613 5568 3734 5624 Ico-

2083 5655 2274 5711 niensi
2313 5653 2590 5710 Ecclesia:
2647 5658 2891 5724 praeerat
2938 5655 3255 5710 consilium
3307 5656 3735 5723 communicat,

2082 5745 2301 5817 illoque
2342 5743 2716 5815 deprecatore
2776 5743 2960 5800 utitur
3008 5745 3164 5818 apud
3217 5744 3656 5817 imperatorem,
3689 5745 3737 5800 si

3420 5873 3495 5932 15
