4090 6408
306 431 412 487 459

1608 418 1909 475 GEORHII
1950 416 2413 469 PACHYMERB

3615 417 3724 472 460

308 557 597 631 γράμμασι
680 547 1065 625 σχεδιάσαντος
1140 547 1239 613 τὴν
1315 540 1601 617 πρεσοείαν
1660 543 1688 596 6
1745 544 1959 614 κρατῶν
1988 541 2043 611 Α
2071 538 2422 631 καθεσθέντος
2469 544 2547 611 τῷ
2592 540 2751 613 ⁸ίππῳ
2797 543 2923 617 παρ’
2955 541 3159 597 ἐκείνου
3212 543 3426 615 καιρίαν
3468 540 3731 617 βάλλεται

307 627 593 700 κατένευσε
648 642 745 707 τήν
800 638 1157 710 συμπάθειαν,
1215 636 1305 688 καὶ
1364 631 1671 704 βασιλικαῖς
1755 627 1958 682 συλλα-

310 730 434 795 ϐαῖς
488 733 570 786 ἐπ’
602 727 870 806 ἆσιραλείᾳ
925 730 1019 781 τοῦ
1083 726 1157 797 μή
1216 744 1267 777 τι
1316 723 1503 775 παθεῖν
1541 721 1851 789 έάνήκεστον
1912 715 1963 785 ἐξ

312 823 479 896 ὀργῆς
514 820 800 875 ἐπάνεισιν,
836 818 895 873 Ὀ
944 814 998 869 δὲ
1046 814 1134 867 καὶ
1186 810 1397 886 δέχεται
1456 814 1649 863 τοῦτον
1702 808 1960 882 πρόιρρων

311 907 843 979 ταπεινωθέντα,καῖ
904 904 1255 979 ἀγκαλίζεται
1308 899 1625 972 προσιόντα,
1675 896 1763 951 καὶ
1824 897 1967 967 ὁμο-

316 1001 583 1075 λογοῦντι
644 1000 716 1059 ὡς
774 998 945 1066 ἐαυτῷ
1012 989 1225 1046 σ·5νοιδε
1299 988 1525 1049 πταίσας
1612 985 1967 1061 ἀσύγγνωστα

315 1093 610 1163 συμπαθεῖ,
641 1086 731 1141 καὶ
762 1084 849 1139 ἐπὶ
878 1090 976 1152 τῆς
1010 1081 1273 1157 προτέρας
1306 1075 1450 1151 ἔχων
1478 1082 1667 1149 τιμῆς.

319 1207 366 1259 ι’.
427 1206 616 1263 ’Όπως
672 1203 700 1255 ὁ
752 1195 1135 1272 ΙΙαλαιολόγος
1192 1191 1501 1256 ἐπανελθὼν
1581 1191 1667 1245 καὶ
1758 1186 1969 1262 δεχθεὶς

458 1288 742 1347 στέλλεται
773 1287 1075 1363 στρατηγὸς
1108 1286 1160 1339 ἂν
1192 1289 1307 1345 τοῖς
1338 1284 1473 1336 κατὰ
1501 1282 1600 1350 τὴν
1644 1279 1823 1334 Λύσιν.

391 1382 539 1439 Ἐπεὶ
600 1379 657 1435 δὲ
706 1384 806 1445 τῆς
861 1376 997 1433 κατὰ
1054 1373 1201 1429 δύσιν
1258 1369 1593 1443 Ἐπιδάμνου
1665 1365 1970 1437 κατειλημο

321 1472 487 1544 μένης
542 1471 681 1543 πρὸς
737 1472 843 1522 τῶν
905 1464 1188 1539 ἡμετέρων
1257 1458 1563 1544 ἠγγέλλετο
1617 1458 1679 1512 τὸ
1739 1451 1972 1527 συμϐὰν,

316 1542 407 1616 καὶ
466 1565 586 1619 τοῖς
640 1556 813 1611 ἐκεῖσε
863 1550 967 1608 ἔδει
1004 1553 1096 1626 μὲν
1128 1549 1453 1625 ἀρχιερέως,
1484 1542 1589 1601 ἔδει
1623 1544 1668 1600 δ’
1699 1543 1973 1618 ἡγεμόνος

318 1650 407 1704 καὶ
462 1643 853 1722 στρατιώτιδος
900 1641 1124 1712 τάξεως,
1157 1639 1457 1715 ἀρχιερέως
1510 1634 1975 1722 ἐπικηρυχθέντος

320 1744 418 1793 τοῦ
477 1720 835 1804 Χαλκούτζη,
868 1734 926 1794 ὃς
986 1732 1074 1786 καὶ
1133 1731 1231 1797 τὴν
1282 1731 1379 1782 τοῦ
1415 1723 1655 1801 μεγάλου
1714 1720 1975 1795 σκευοφό-

322 1829 492 1889 λακος
550 1824 639 1880 ἐπὶ
681 1831 780 1893 τῆς
829 1820 1088 1895 Μεγάλης
1130 1816 1424 1886 ἐκκλησίας
1476 1816 1590 1889 εἶχε
1629 1814 1820 1885 τιμὴν,
1851 1808 1977 1864 τού-

2076 630 2151 701 μή
2188 625 2375 685 λαϐὼν
2402 629 2550 701 θίσην.

2078 745 2161 799 ια’.
2214 746 2401 806 "Omna;
2477 744 2873 801 ἀποστέλλεται
2951 743 3205 815 Χαδηνὸς
3261 747 3479 820 ἀγαγεῖν
3567 744 3729 800 αὐτὸν

2715 832 3089 907 σιδηρόδετον.

2145 940 2327 995 Ἀλλά
2383 946 2480 996 τοῦ
2536 940 2843 1017 Δυρραχίου
2910 943 3047 1017 πρὸς
3117 941 3519 1011 Οεσσαλονίκην
3601 944 3733 996 ὑπο-

2078 1030 2400 1105 στραφέντος
2463 1028 2551 1083 διὰ
2604 1031 2704 1099 τήν
2778 1030 3066 1104 σύγχυσιν,
3117 1031 3370 1086 κάκείνου
3444 1033 3517 1093 ὡς
3589 1031 3733 1092 εἰκὸς

2079 1116 2511 1192 διαπονουμένου
2574 1118 2653 1196 ἐφ’
2835 1119 3127 1190 συσταλείη
3203 1121 3266 1175 τὸ
3328 1120 3740 1193 ἀνθιστάμενον,

2079 1209 2238 1284 φήμη
2274 1209 2570 1281 προτρέχει
2618 1210 2710 1263 τὸν
2758 1213 2864 1263 τῶν
2916 1208 3214 1282 βασιλικῶν
3269 1207 3456 1264 ’ίππων
3517 1210 3741 1281 κόμητα

2079 1296 2325 1365 Χαδηνὸν
2389 1300 2511 1352 ὅσον
2565 1297 2663 1352 οὐκ
2712 1296 2820 1367 ἤδη
2864 1294 3304 1371 καταλαμϐάνειν
3336 1298 3739 1369 Θεσσαλονίκην

2081 1384 2453 1459 ἀγγέλλουσα,
2506 1387 2605 1442 οὐκ
2658 1384 2834 1443 ἄλλου
2891 1388 3053 1463 χάριν
3113 1390 3148 1459 ἢ
3201 1389 3292 1443 τὸν
3359 1386 3739 1462 Παλαιολόγον

2082 1476 2375 1546 καθέξοντα
2452 1478 2529 1537 ὡς
2599 1477 2827 1550 βασιλέα
2901 1476 3122 1550 δέσμιον
3206 1478 3460 1554 ἐνεγκεῖν.
3521 1478 3618 1532 Καὶ
3682 1479 3745 1539 ὃς

2084 1566 2302 1641 (ἔφθασε
2348 1566 2448 1642 γάρ
2503 1562 2793 1641 διατρίϐων
2844 1567 2895 1621 ἐν
2929 1566 3294 1641 Θεσσαλονίκῃ
3334 1572 3413 1639 τῷ
3462 1564 3746 1637 τηνικάδε)

2086 1655 2320 1717 ἀκούσας
2377 1656 2438 1709 τὸ
2492 1656 2872 1733 φημιζόμενον
2936 1655 3084 1711 δεινὰ
3142 1657 3338 1725 ἐποίει,
3366 1656 3456 1711 καὶ
3498 1658 3743 1732 στρέφων

2088 1744 2154 1811 ἦν
2210 1744 2293 1798 ἐπὶ
2357 1741 2638 1820 λογισμῶν
2697 1744 2750 1797 τί
2796 1765 2929 1799 ποτε
2957 1746 3058 1820 ἄρα
3086 1750 3165 1817 τῷ
3200 1742 3419 1819 βασιλεῖ
3450 1742 3603 1817 δόξαν
3666 1745 3742 1807 ὡς

2089 1834 2276 1887 ἑαυτὸν
2338 1832 2445 1907 οὐχ
2502 1833 2578 1895 ὡς
2631 1830 2867 1907 ἔπεμψεν
2927 1833 3206 1909 ἐπανάγει,
3239 1833 3385 1889 ἀλλᾶ
3431 1838 3568 1907 τιμῇ
3600 1855 3743 1909 προ-

321 1938 399 1988 τῳ
452 1912 815 1985 συνεκπέμπει
872 1910 1124 1964 κάκεῖνον
1182 1904 1785 1998 ἡγεμονεύσαντα--τῶν
1847 1900 2311 1998 ἐκεῖ,Βπὲμψας
2369 1900 2680 1987 ἐέτάνελθεῖν
2742 1900 3055 1997 arma“,
3111 1900 3260 1989 ’θέλει
3331 1926 3446 1997 μετ’
3494 1900 3743 1998 ᾖέιμίας,

321 2005 623 2078 προστάξας
682 2001 1044 2076 συμπράττειν
1104 1998 1165 2052 τὸ
1215 1995 1370 2066 δόξαν
1443 1993 1533 2047 καὶ
1611 1990 1808 2053 ἄλλοις
1887 1991 1980 2063 μὲν

326 2094 603 2168 ἁρχηγοῖς
664 2096 781 2153 τοῖς
838 2090 971 2159 ἐκεῖ,
1027 2085 1266 2160 μάλιστα
1318 2082 1375 2138 δέ
1433 2103 1497 2157 γε
1548 2086 1628 2168 τῷ
1686 2082 1839 2153 ἱερεῖ.
1890 2080 1979 2140 Ὠς

317 2167 622 2242 Θεσσαλίας
682 2177 773 2233 διὰ
826 2179 1038 2251 ταχέων
1100 2170 1369 2243 ἐπέϐησαν
1425 2172 1513 2225 καὶ
1564 2167 1672 2239 ἤδη
1731 2170 1869 2243 πρὸς
1918 2168 1980 2222 τὸ

318 2273 676 2347 περαιοῦσθαι
734 2270 828 2323 τὸν
890 2267 1141 2338 ποταμὸν
1201 2264 1500 2338 Βαρδάριον
1548 2262 1717 2339 ᾖσαν,
1769 2264 1834 2333 [Ρ
1893 2260 1983 2327 14]

320 2364 640 2437 περαιοῦται
704 2358 797 2432 μὲν
859 2359 887 2411 6
929 2356 1155 2431 ἡγεμὼν
1226 2354 1320 2407 σὺν
1374 2358 1494 2414 ταῖς
1548 2352 1727 2422 τάξεσι
1786 2349 1984 2425 πρότε-

325 2436 445 2523 ρον,
498 2447 733 2524 εὑρίσκει
794 2444 852 2500 δὲ
900 2446 967 2499 τὰ
1022 2441 1155 2517 τῇδε
1236 2441 1618 2516 συγκεχυμένα
1702 2440 1789 2494 καὶ
1850 2436 1987 2512 πρὸς

329 2538 577 2594 απιστίαν
628 2538 910 2604 κλίναντα,
946 2534 975 2588 ὅ
1022 2554 1079 2587 τε
1125 2533 1214 2586 καὶ
1247 2532 1275 2585 ὁ
1304 2536 1401 2584 τοῦ
1452 2529 1718 2585 δεσπότου
1751 2528 1987 2604 Μιχαὴλ

329 2629 389 2683 ἐκ
444 2628 655 2691 νοθείας
715 2625 933 2686 σκότιος
982 2627 1111 2684 παῖς
1152 2619 1415 2687 Μανουὴλ
1444 2621 1630 2694 τυχὼν
1665 2618 1837 2674 ἐκεῖσε
1893 2618 1985 2673 σὺν

324 2720 494 2789 ἰκανῷ
552 2715 935 2791 στρατεύματι,
993 2712 1085 2766 καὶ
1160 2709 1502 2783 συμπλακεὶς
1578 2714 1657 2781 τῷ
1727 2706 1985 2780 πολέμῳ,

323 2808 389 2863 τὰ
418 2810 611 2881 πρῶτα
643 2806 737 2878 μὲν
774 2805 942 2877 ὁμόσε
972 2803 1238 2876 χωρήσας
1282 2804 1363 2871 τῷ
1411 2798 1643 2873 ἡγεμόνι
1689 2802 1768 2868 τῷ
1811 2802 1987 2869 κοντῷ

328 2901 558 2959 συνωθεῖ
603 2894 695 2948 καὶ
747 2892 950 2967 ῥιπτεῖ,
998 2889 1183 2944 ἔπειτα
1242 2887 1297 2941 δὲ
1356 2888 1645 2947 συστάντος
1710 2887 1800 2940 καὶ
1868 2884 1985 2940 ἐπι-

324 3080 471 3133 forte
501 3076 820 3146 impetrare
851 3074 1050 3145 posset
1082 3070 1274 3142 regias
1325 3070 1572 3137 litteras,
1608 3069 1824 3140 quibus
1874 3067 1987 3124 sibi

340 3168 487 3223 fides
516 3169 674 3221 certa
705 3164 870 3219 fieret
926 3162 1023 3215 ira:
1083 3159 1459 3233 imperatoris
1518 3160 1689 3230 plane
1749 3159 1985 3229 sedatae,

2088 2012 2178 2066 καὶ
2230 2013 2286 2067 ὃν
2344 2014 2679 2085 συμπαθείας
2738 2012 2895 2085 ἠξίου
2946 2011 3035 2067 διὰ
3062 2013 3400 2089 γραμμάτων
3458 2014 3549 2068 καὶ
3601 2012 3745 2068 οὕτω

2091 2106 2366 2176 καρτερῶς
2420 2103 2751 2174 ἀμνημονεῖν
2810 2102 2965 2174 ἐῴκει
3021 2108 3127 2157 τῶν
3211 2104 3606 2178 πεπραγμένων
3668 2103 3742 2165 ὡς

2092 2190 2182 2243 καὶ
2240 2190 2535 2265 ἡγεμονίας
2584 2192 2763 2260 ἀξιοῦν
2810 2192 3094 2265 μεγίστης,
3152 2196 3368 2263 τοῦτον,
3413 2193 3507 2255 τὰς
3554 2193 3745 2261 συνθή-

2094 2300 2191 2340 κας
2239 2274 2662 2351 ἀναλαμϐάνων,
2710 2281 2782 2342 ὡς
2834 2279 2913 2356 ἐφ’
2946 2282 3421 2355 ὁμολογουμέναις
3470 2282 3747 2335 καθοσιώ-

2098 2388 2208 2421 σεσι
2235 2369 2563 2442 κατακρίνει.
2597 2371 2789 2440 ’Ὀμως
2824 2368 2923 2424 οὐκ
2951 2364 3095 2443 ἔχων
3130 2371 3257 2424 ὅποι
3299 2375 3407 2424 τῶν
3457 2368 3746 2446 λογισμῶν

2096 2456 2323 2511 καὶτῶν
2364 2455 2501 2512 ὁδῶν
2534 2457 2820 2533 τράποιτο,
2852 2458 2939 2513 ἐπὶ
2998 2460 3126 2514 Θεὸν
3177 2460 3531 2536 καταφεύγειν
3582 2456 3749 2533 ἔγνω.

2099 2545 2385 2601 Κοινοῦταί
2431 2566 2490 2600 τε
2536 2551 2615 2618 τῷ
2666 2547 2978 2623 Δυρραχίου
3008 2548 3076 2602 τὰ
3104 2549 3240 2603 κατὰ
3270 2549 3519 2622 γνώμην,
3550 2547 3641 2602 καί
3700 2548 3754 2602 οἱ

2096 2641 2196 2703 τῆς
2226 2635 2359 2711 πρὸς
2402 2636 2462 2690 τὸ
2494 2640 2647 2689 Θεῖον
2680 2637 2911 2697 ἱκετείας
2961 2638 3289 2710 συνάρασθαι
3354 2635 3549 2693 δέεται,
3585 2635 3766 2700 Εὐθὺς

2097 2725 2271 2778 τοίνυν
2308 2722 2504 2796 (ἐδόκει
2534 2726 2638 2799 γάρ
2670 2726 2894 2789 αὐτόθεν
2952 2726 3042 2780 καὶ
3093 2727 3155 2781 τὸ
3203 2732 3432 2802 πρᾶγμα
3475 2724 3756 2802 θεοφιλὲς)

2096 2813 2183 2891 ἐπὶ
2234 2820 2335 2883 τῆς
2381 2818 2477 2868 τοῦ
2526 2814 2840 2872 Ἀκατονίου
2894 2822 3066 2887 μονῆς
3129 2814 3517 2891 ὑμνολογεῖται
3576 2815 3755 2890 παρά-

2095 2902 2293 2973 κλησις
2376 2905 2566 2968 νυκτὸς
2646 2905 2733 2981 ἀφ’
2802 2906 3052 2979 ἑσπέρας,
3110 2908 3209 2975 τῆς
3292 2904 3756 2983 ἐπιγενησομένης

2098 3086 2184 3142 ii.
2216 3086 2452 3141 Mittitur
2484 3086 2769 3143 Chadenus
2799 3086 3063 3142 ducturus
3108 3084 3492 3156 Palaeoiogum
3538 3086 3754 3145 catenis

2793 3178 3056 3231 vinctum.

333 3256 536 3327 εἰοειυθ
568 3257 728 3309 "ltus
768 3251 881 3323 ίρδί
929 3254 985 3306 et
1033 3266 1276 3305 securus
1325 3248 1687 3340 cpntinseret
1736 3248 1977 3340 rediijl13~
2012 3270 2057 3340 α
2165 3266 2373 3322 Verum
2409 3264 2686 3336 Dyrrachi
2720 3265 2965 3335 praesule
3000 3264 3484 3321 Thessalonicam
3533 3264 3602 3320 ob
3634 3279 3737 3319 eas

327 3349 399 3399 At
431 3341 679 3416 praesule
702 3340 999 3413 negotium
1026 3346 1267 3411 urgente
1294 3338 1495 3393 missis
1523 3338 1650 3393 sine
1683 3354 1847 3392 mora
1869 3338 1968 3391 lit-

328 3433 470 3490 teris
503 3433 824 3503 imperator
854 3428 1062 3485 annuit
1092 3428 1440 3498 veniamque
1462 3425 1973 3492 concessit,chiro-

328 3522 549 3595 grapho
583 3537 794 3577 cavens
844 3517 1090 3585 homini,
1127 3516 1272 3571 nihil
1323 3532 1595 3587 asperum
1643 3518 1714 3571 ab
1761 3516 1847 3570 ira
1878 3520 1979 3569 aut

330 3628 505 3684 grave
563 3625 899 3681 passurum.
948 3608 1262 3662 Reversum
1314 3604 1563 3676 benigne
1612 3605 1848 3675 excipit,
1880 3605 1978 3659 de-

336 3701 665 3756 mittentem
699 3712 760 3753 se
790 3702 847 3751 et
877 3697 1248 3750 accedentem
1282 3694 1672 3765 amplectitur,
1697 3700 1753 3749 et
1776 3694 1979 3749 fatenti

337 3789 559 3845 nullam
593 3804 655 3843 se
685 3785 896 3841 mereri
927 3785 1155 3841 veniam
1190 3785 1395 3855 parcit,
1429 3801 1681 3855 eumque
1724 3784 1985 3855 pristinae

337 3877 597 3934 restituit
636 3874 931 3947 dignitati.

340 3971 425 4024 10.
464 3970 526 4023 Ut
569 3982 821 4022 reversus
850 3970 901 4020 et
933 3966 1066 4019 bene
1115 3971 1371 4035 exceptus
1400 3965 1746 4035 Palwologus
1790 3964 1988 4019 missus

768 4054 940 4127 fuerit
969 4054 1083 4109 dux
1113 4053 1174 4108 in
1206 4053 1560 4110 Occieentem.

410 4146 697 4211 Quoniam
731 4162 863 4200 vero
896 4144 966 4198 de
998 4143 1321 4214 Epidamno
1354 4143 1415 4197 in
1465 4143 1777 4199 Occidente
1826 4146 1995 4213 capta

342 4253 648 4292 sermones
680 4239 738 4289 et
770 4233 974 4289 litteras
1007 4238 1345 4287 nostrorum
1379 4232 1845 4302 proferebantur,
1883 4232 1998 4286 ibi-

339 4342 451 4397 que
483 4325 974 4380 desiderabantur
1011 4330 1068 4377 et
1117 4323 1326 4393 przesul
1361 4327 1418 4376 et
1448 4323 1568 4376 dux
1618 4327 1675 4376 et
1724 4322 2000 4377 militaris

340 4416 517 4481 neies,
552 4413 889 4468 renuntiato
947 4411 1195 4482 praesule
1249 4410 1582 4477 Chalcutze,
1620 4411 1721 4481 qui
1776 4414 1998 4483 Magnae

336 4501 1005 4571 ConstantinOpolitanae
1076 4500 1334 4555 ecclesiae
1408 4508 1654 4572 praeerat
1725 4504 1980 4558 sacrario

341 4611 475 4651 cum
508 4594 617 4649 hoc
650 4593 870 4649 missus
904 4608 1019 4647 una
1054 4592 1411 4665 Palaaologus
1460 4598 1551 4650 est
1588 4600 1651 4650 ut
1704 4596 1873 4651 ducis
1924 4576 2007 4660 ibi

347 4701 585 4740 munere
619 4685 983 4754 fungeretur,
1018 4682 1112 4737 cui
1146 4684 1497 4739 mandatum
1553 4686 1907 4741 nominatim
1941 4686 1999 4740 in

342 4775 401 4829 in
435 4772 822 4829 decernendis
854 4772 1030 4827 rebus
1054 4788 1189 4826 cum
1214 4776 1555 4829 casterorum
1582 4775 1679 4845 qni
1706 4775 1878 4831 isthic
1904 4792 1999 4830 es-

344 4870 475 4919 sent
505 4864 747 4930 ducum,
779 4866 903 4916 tum
938 4861 998 4915 in
1042 4861 1253 4931 primis
1285 4862 1551 4932 praesulis
1597 4862 1841 4918 consilio
1875 4870 1998 4919 ute-

345 4957 525 5006 retur.
562 4952 678 5006 Ηοο
706 4951 917 5006 itinere
949 4950 1214 5005 celeriter
1247 4952 1566 5021 trangressi
1608 4951 1996 5018 Thessaliam,

341 5057 475 5095 eum
502 5042 625 5110 jam
660 5039 1005 5094 Bardarium
1059 5039 1280 5094 ﬂumen
1331 5040 1745 5096 transmissuri
1777 5046 1993 5110 essent,

343 5129 561 5197 trajicit
593 5128 848 5199 primum
882 5129 1000 5182 dux
1022 5145 1157 5183 cum
1192 5128 1400 5199 copiis,
1426 5129 1523 5183 ubi
1547 5131 1746 5184 omnia
1769 5136 1994 5201 pertur-

350 5222 481 5273 bata
510 5221 567 5271 et
598 5217 669 5270 ad
694 5216 1078 5271 defectionem
1108 5216 1387 5273 inclinata
1420 5219 1653 5289 reperit,
1679 5221 1915 5289 quando
1940 5226 1997 5277 et

351 5305 654 5361 Michaelis
681 5305 936 5376 despotae
961 5305 1177 5361 nothus
1193 5311 1248 5361 et
1273 5308 1560 5362 obscurus
1580 5308 1737 5363 filius
1765 5310 1992 5366 Manuel

342 5412 477 5451 cum
539 5393 693 5447 haud
749 5409 891 5447 sane
940 5398 1369 5451 contemnendo
1423 5397 1679 5451 exercitu
1732 5398 1877 5453 forte
1926 5416 1991 5456 eo

345 5485 604 5552 veniens,
638 5486 903 5537 conserto
934 5483 1153 5553 praalio,
1186 5486 1443 5553 primum
1478 5486 1719 5557 quidem
1752 5506 1989 5560 aggres-

341 5591 444 5629 sus
475 5572 682 5626 dueem
714 5570 917 5625 lancea
957 5572 1230 5642 propellit
1260 5574 1355 5629 27
1405 5579 1461 5629 et
1491 5576 1744 5646 projicit,
1778 5578 1989 5634 deinde

340 5678 473 5719 cum
510 5662 559 5715 is
590 5658 1010 5716 assurrexisset
1039 5665 1098 5715 et
1127 5677 1275 5731 equo
1310 5662 1647 5735 insedisset,
1667 5663 1880 5723 vulnus
1914 5669 1986 5725 ab

340 5768 405 5807 eo
438 5749 653 5806 lethale
685 5750 930 5822 accepit,
964 5765 1070 5806 nec
1100 5767 1207 5821 par
1236 5752 1519 5822 reposuit.

2080 3357 2289 3413 turbas
2325 3370 2577 3421 reverso,
2614 3355 2961 3424 eodemque,
2996 3359 3171 3425 prout
3201 3370 3294 3409 res
3328 3355 3625 3426 poscebat,
3658 3370 3750 3409 sa-

2080 3447 2323 3515 tagente
2356 3449 2418 3497 ut
2450 3443 2825 3499 mitterentur
2848 3444 2949 3513 qui
2979 3442 3481 3499 tumultuantibus
3501 3443 3756 3499 obsiste-

2087 3536 2235 3601 rent,
2269 3547 2473 3585 rumor
2502 3532 2808 3602 praecurrit
2839 3532 3205 3603 imperatorii
3228 3532 3532 3604 equitatus
3557 3531 3755 3587 comi-

2088 3626 2205 3677 tem
2229 3620 2567 3675 Chadenum
2595 3620 3036 3691 quamprimum
3062 3630 3475 3691 perventurum
3498 3620 3756 3675 Thessa-

2092 3710 2362 3777 lonicam,
2384 3726 2496 3764 non
2522 3709 2697 3764 aliam
2718 3711 2789 3765 ob
2809 3726 3048 3765 causam
3070 3726 3249 3781 quam
3272 3715 3336 3764 ut
3354 3708 3754 3780 Palasologum

2095 3798 2584 3869 comprehensum
2617 3798 3000 3870 vinctumque
3026 3800 3096 3854 ad
3124 3800 3543 3870 imperatorem
3574 3800 3760 3853 duee-

2098 3895 2201 3944 ret.
2214 3888 2760 3957 Atille(versabatur
2773 3888 2927 3943 enim
2943 3894 2998 3943 et
3012 3890 3135 3961 ipse
3150 3893 3290 3945 tunc
3302 3885 3763 3959 Thessalonicae)

2099 3978 2299 4033 audito
2333 3978 2487 4048 quod
2539 3978 2859 4047 ferebatur,
2892 3994 3034 4033 sane
3085 3996 3261 4049 quam
3312 3994 3463 4049 aegre
3510 3976 3766 4043 ferebat,

2106 4085 2428 4139 secumque
2462 4068 2588 4139 ipse
2621 4069 2816 4124 animo
2850 4069 3033 4125 multa
3079 4071 3375 4135 versabat,
3411 4069 3769 4139 desquirens

2108 4174 2235 4228 qua:
2257 4174 2435 4213 causa
2458 4164 2573 4213 tam
2597 4157 2883 4230 inopinati
2909 4158 3138 4215 consilii
3164 4158 3374 4215 fuisset
3396 4156 3766 4230 imperatori,

2112 4256 2177 4303 ut
2208 4255 2325 4303 tam
2359 4249 2587 4304 diverso
2619 4249 2792 4304 modo
2824 4250 2894 4303 de
2927 4266 2989 4305 se
3020 4254 3327 4317 statueret,
3358 4254 3415 4304 et
3444 4265 3615 4320 quem
3640 4252 3768 4302 tam

2114 4338 2435 4393 honoriﬁce
2469 4339 2639 4393 modo
2673 4338 2935 4394 miserat.
2970 4338 3163 4394 statim
3204 4342 3326 4393 tam
3370 4336 3771 4410 ignominiosa

2117 4432 2434 4496 revocaret,
2469 4426 2680 4497 cuique
2728 4427 2906 4498 regiis
2951 4427 3160 4482 litteris
3208 4427 3379 4483 venia
3423 4425 3598 4497 paulo
3628 4428 3771 4480 ante

2119 4517 2543 4586 securitateque
2566 4515 2827 4571 stabilita
2847 4533 2980 4571 cum
3004 4515 3478 4588 plenaoblivione
3501 4520 3770 4571 veterum

2122 4606 2467 4662 delictorum
2502 4606 2703 4677 gratia:
2737 4622 2852 4660 non
2880 4605 3138 4678 vulgaris
3162 4605 3353 4661 locum
3382 4606 3537 4677 apud
3570 4621 3632 4660 se
3664 4603 3774 4658 tri-

2117 4698 2345 4763 buerat,
2368 4696 2646 4767 dignatus
2672 4695 2866 4765 ipsum
2891 4695 3111 4751 honore
3134 4695 3413 4763 maxime,
3435 4710 3569 4749 eum
3605 4709 3769 4748 nunc

2110 4786 2297 4857 pactis
2330 4786 2629 4840 conventis
2663 4790 2958 4840 momento
2987 4784 3273 4853 rescissis,
3309 4784 3463 4840 velut
3493 4781 3765 4839 criminis

2110 4874 2471 4929 detestabilis
2519 4880 2907 4945 compertum,
2943 4879 3178 4944 repente
3220 4874 3545 4929 damnaret.
3580 4873 3765 4928 Caste-

2110 4981 2241 5018 rum
2256 4980 2387 5019 cum
2407 4962 2544 5033 quid
2564 4962 2817 5018 consiliii
2843 4969 3071 5035 caperet
3092 4980 3278 5035 quove
3296 4980 3359 5019 se
3377 4966 3623 5018 verteret
3644 4977 3765 5016 non

2108 5053 2367 5118 haberet,
2388 5053 2457 5106 ad
2474 5052 2734 5106 divinam
2752 5053 3063 5123 petendam
3080 5068 3249 5124 opem
3277 5052 3389 5107 sibi
3413 5050 3760 5122 confugien-

2107 5143 2246 5196 dum
2298 5156 2426 5196 esse
2476 5141 2674 5208 duxit;
2711 5142 3261 5210 communicataque
3312 5157 3449 5196 cum
3498 5138 3757 5212 Dyrrha-

2104 5231 2327 5285 chiensi
2362 5247 2521 5295 cura,
2542 5246 2677 5285 eum
2703 5235 2767 5285 ut
2796 5230 2910 5285 sibi
2943 5232 3150 5286 adesse
3173 5230 3375 5285 divina
3399 5247 3501 5302 pro
3534 5245 3596 5285 se
3645 5243 3755 5300 ope

2104 5320 2471 5391 imploranda
2504 5337 2573 5374 ne
2602 5326 2878 5391 gravetur
2908 5326 3093 5391 rogat.
3118 5324 3242 5383 Quo
3265 5319 3435 5375 facile
3460 5323 3756 5375 annuente

2104 5414 2218 5475 (res
2248 5408 2401 5463 enim
2436 5426 2537 5479 per
2568 5426 2629 5464 se
2658 5408 2751 5479 pia
2785 5410 3013 5480 Deoque
3044 5414 3209 5480 grata
3252 5409 3560 5464 videbatur
3610 5406 3753 5479 peti)

2102 5498 2159 5553 in
2193 5498 2459 5553 Acatonii
2497 5498 2849 5552 monasterio
2879 5516 2909 5551 a
2942 5514 3185 5569 vespera
3216 5502 3519 5553 nocturna:
3539 5498 3755 5553 decan-

2099 5593 2235 5643 tatas
2252 5595 2389 5641 sunt
2412 5602 2611 5657 preces
2637 5603 2650 5641 :
2680 5592 2913 5658 postera
2932 5587 3149 5659 quippe
3171 5588 3265 5643 die
3286 5604 3516 5644 sacrum
3560 5587 3751 5645 facere

2099 5676 2311 5747 praesul
2368 5676 2713 5731 decreverat.
2750 5676 2850 5731 28
2882 5677 2951 5732 Ut
2996 5675 3180 5747 igitur
3228 5675 3606 5733 illucescente
3653 5678 3751 5734 die

2097 5770 2278 5823 statas
2298 5782 2363 5821 ac
2385 5765 2677 5821 solemnes
2696 5765 2870 5823 horas
2893 5780 3252 5837 percurrere,
3280 5765 3538 5825 divinam
3562 5766 3749 5824 factu-
