4090 6430
355 428 454 483 461

1489 431 1580 483 DE
1619 424 1988 484 MICHAELE
2031 423 2385 480 PALEOGO
2421 427 2556 480 LIB.
2598 429 2645 479 Ι.

3671 435 3778 490 462

347 554 562 630 ἡμέρας
589 551 642 608 ἐν
676 556 753 626 νῷ
782 553 962 616 θέντος
993 556 1094 608 τοῦ
1143 553 1447 630 ἀρχιερέως
1496 554 1596 621 τὴν
1649 550 1796 626 ἱερὰν
1846 547 2002 603 τελέ-
2034 548 2088 611 Α
2119 548 2427 621 πονώτερον
2480 547 2777 622 ἐρευνῶντα
2824 554 2946 628 περὶ
2998 552 3260 611 τοιούτων
3310 555 3622 631 ἐγνωκέναι.
3667 558 3776 614 Καὶ

342 663 429 696 σαι
483 641 888 718 μυσταγωγίαν.
921 643 1011 705 Ὡς
1058 646 1192 717 γοῦν
1245 641 1555 719 ἐπέφωσκεν
1607 644 1640 709 ἡ
1695 639 1877 712 ἡμέρα
1927 639 2018 690 καὶ

339 732 440 795 τὰς
492 733 860 804 νομιζομένας
907 731 1052 806 ὥρας
1099 729 1334 794 διελθεῖν
1387 728 1618 803 ἔμελλεν
1653 730 1680 782 6
1727 724 1988 804 ἀρχιερεῖ)

342 821 425 898 ἐφ’
453 821 498 892 ᾦ
531 821 959 896 λειτουργήσειε,
995 821 1151 896 σιγὴν
1187 822 1279 893 μὲν
1332 818 1655 890 ἐπισκήπτει
1713 823 1829 878 τοῖς
1889 813 1990 885 ἔξω

343 910 454 976 θεν,
488 908 650 971 αὐτὸς
709 906 766 964 δὲ
813 910 950 964 κατά
1003 909 1172 982 μόνας
1211 907 1415 982 ὡμίλει
1449 907 1590 980 Θεῷ,
1623 908 1712 962 καὶ
1743 906 1838 966 τὰς
1889 923 2018 966 συν,

344 999 503 1066 ήθεις
558 997 651 1052 καὶ
710 996 1131 1072 προτελεστικᾶς
1187 997 1357 1072 εὐχὰς
1438 997 1554 1068 μεθ’
1615 997 1697 1049 δτι
1753 993 2023 1063 πλείστης

345 1083 612 1140 ἀπεδίδου
669 1094 771 1156 τῆς
829 1087 1087 1162 ἡσυχίας.
1123 1087 1263 1144 Τότε
1312 1084 1378 1154 δὴ
1425 1086 1551 1140 τότε
1608 1083 1822 1159 λέγεται
1853 1081 2023 1136 ἀκοῦ-

349 1195 443 1228 σαι
500 1181 684 1251 φωνῆς
738 1182 838 1244 τῆς
896 1176 1064 1245 αὐτῆς
1115 1175 1318 1230 ἐκεῖνον
1384 1175 1444 1229 ἐκ
1499 1174 1712 1249 τρίτου,
1748 1171 1855 1245 οὐχ
1910 1171 2024 1242 ἅμα

347 1259 481 1317 ἀλλ’
509 1261 561 1316 ἐν
620 1267 698 1334 τῷ
750 1263 946 1336 μεταξὺ
1000 1268 1194 1338 καιροῦ
1239 1261 1610 1325 διαλείποντς.
1667 1264 1747 1334 [Ρ.
1916 1265 2020 1322 Καὶ

351 1352 386 1419 ἡ
421 1353 576 1426 φωνὴ
611 1351 809 1422 λέξεως
840 1353 904 1406 οὐ
936 1354 1232 1424 συνήθους,
1263 1349 1389 1406 οὔτε
1424 1353 1530 1424 μὴν
1564 1351 1668 1426 οὐχ
1712 1349 1861 1410 ὅπως
1894 1346 2024 1402 Ἑλ-

351 1439 583 1510 ληνικὴ,
616 1439 748 1495 ἀλλ’
774 1438 898 1496 οὐδέ
945 1461 1052 1496 τινι
1104 1439 1257 1516 ἑτέρᾳ
1301 1440 1524 1515 γλώσσῃ
1572 1441 1871 1516 προσήκειν
1929 1434 2022 1491 δο-

349 1532 523 1583 κοῦσα
557 1549 568 1562 ·
605 1531 836 1603 Μάρπου
868 1529 972 1606 γὰρ
1005 1529 1242 1605 ἐλέγετο,
1275 1529 1364 1584 καὶ
1404 1529 1571 1584 πλέον
1623 1529 1721 1583 οὐκ
1771 1529 1866 1596 ἦν.
1909 1527 2003 1602 Ἑφ

343 1619 392 1690 ᾧ
429 1615 498 1686 δὴ
533 1620 881 1691 θαυμάσαντα
909 1620 1001 1673 τὸν
1036 1619 1294 1695 ἀρχιερέα
1333 1617 1487 1680 εὐθὺς
1547 1616 1869 1693 προσελθεῖν
1928 1619 2010 1686 τῷ

345 1703 752 1775 Θεσσαλονίκης
801 1707 852 1780 (ὁ
904 1704 1198 1768 δισύπατος
1247 1706 1314 1774 ἦν
1371 1703 1669 1778 Μανουὴλ)
1700 1705 1790 1759 καὶ
1847 1703 2026 1778 ἀπαγ-

342 1792 528 1869 γεῖλαι
558 1792 713 1856 ὅπως
741 1813 800 1848 τε
832 1795 1049 1866 σταθείη
1084 1793 1159 1856 εἷς
1210 1796 1310 1863 τὴν
1369 1797 1504 1866 μετά
1547 1791 1880 1868 ψαλμῳδίας
1938 1792 2027 1853 ἐν,

1997 798 2021 839 ς

2129 633 2196 703 δὴ
2251 638 2515 711 γνωρίσαι
2562 640 2790 702 θέΛοντα
2827 647 2998 698 ταῦτα
3024 645 3070 714 ᾧ
3092 665 3152 719 γε
3179 644 3270 699 καὶ
3301 647 3335 714 ἡ
3363 652 3463 716 τῆς
3497 645 3777 721 βασιλείας

2128 734 2474 800 κατηγγυᾶτο
2533 731 2810 803 περιωπή,
2870 731 2960 786 καὶ
3019 731 3297 811 ἀναφέρειν
3384 736 3498 791 οἷον
3573 735 3779 792 ἐκεῖνον

2127 821 2226 883 τῆς
2285 813 2486 886 λύπης,
2517 816 2631 872 ἐπεὶ
2688 820 2776 873 καὶ
2835 820 2960 894 περὶ
2994 821 3130 895 αὐτῇ
3159 824 3230 894 τῇ
3262 827 3374 897 ζωῇ
3410 821 3689 896 ἐδεδοίκει,
3719 825 3782 878 τὸ

2134 904 2227 974 μὲν
2279 902 2339 958 ἐκ
2390 899 2596 977 βίϐλων
2651 905 2846 961 εἰδέναι
2900 908 3078 984 λέγειν
3146 913 3220 984 μή
3273 907 3424 986 ἔχειν
3469 912 3658 986 ἐκείνῳ
3684 935 3780 967 πι-

2131 991 2334 1046 στεύειν
2369 991 2517 1063 (ούδὲ
2572 996 2675 1069 γὰρ
2732 997 3012 1072 ἀραρότως
3073 998 3189 1073 εἶχε
3247 1006 3366 1063 ταῖς
3422 996 3641 1075 βίϐλοις
3699 1000 3781 1056 ἐπ’

2129 1077 2362 1149 ἀδήλοις
2414 1087 2534 1144 ταῖς
2593 1081 2936 1156 ἀποϐάσεσι),
2989 1088 3052 1141 τὸ
3110 1085 3157 1141 δ’
3211 1089 3270 1143 ἐκ
3329 1095 3464 1144 Θεοῦ
3540 1095 3782 1168 φανερῶς

2132 1165 2380 1238 ἀκοῦσαι,
2417 1171 2492 1242 μή
2522 1172 2609 1225 καὶ
2643 1170 2916 1236 πολλάκις
2974 1174 3066 1229 τὸ)
3118 1174 3287 1251 λόγον
3343 1165 3613 1233 πιστεύειν
3666 1177 3782 1233 δια-

2130 1262 2310 1310 πεσεῖν
2340 1255 2657 1329 δεδοικέναι,
2689 1261 2899 1317 καὶδιά
2945 1268 3112 1318 ταῦτα
3166 1270 3246 1336 τῷ
3293 1266 3604 1343 Δυρῥαχίου
3657 1269 3780 1342 περὶ

2129 1349 2238 1398 τῶν
2269 1346 2534 1402 τοιούτων
2566 1349 3100 1427 κοινολογησάμενον
3148 1353 3295 1426 αύτῷ
3346 1357 3439 1427 μὲν
3496 1356 3786 1420 ὑποθέσθαι

2134 1432 2306 1508 λέγειν
2361 1442 2459 1504 τῆς
2519 1445 2702 1513 φωνῆς
2772 1441 3020 1509 ἀκοῦσαι,
3066 1440 3266 1496 ἐκεῖνον
3327 1440 3374 1496 δ’
3430 1443 3782 1500 ἀναπτύσσειν

2133 1532 2547 1594 προσποιεῖσθαι
2607 1530 2743 1602 πρὸς
2791 1527 2923 1605 ὅπερ
2982 1531 3071 1585 καὶ
3124 1530 3385 1606 βούλοιτο
3413 1536 3513 1602 τὴν
3543 1536 3669 1610 παρ’
3699 1535 3788 1589 αὐ-

2133 1617 2229 1666 τοῦ
2287 1617 2620 1672 συντεθεῖσαν
2679 1617 2844 1688 λέξιν.
2899 1622 2965 1676 "A
3023 1618 3089 1687 δὴ
3141 1622 3219 1692 τῷ
3266 1620 3639 1698 Παλαιολόγῳ
3693 1645 3784 1677 πι-

2135 1705 2410 1766 στεύοντες
2465 1707 2554 1760 καὶ
2623 1708 2923 1784 ἀμφότεροι
2991 1709 3194 1765 ἐκεῖνον
3266 1711 3361 1782 μὲν
3423 1711 3506 1766 ἐπ’
3559 1712 3789 1786 ἀγαθαῖς

2135 1791 2347 1848 ἐλπίσιν
2382 1795 2529 1869 εἶχον
2593 1798 2964 1872 μετεωρίζειν,
2995 1799 3208 1861 ἑαυτοῖς
3269 1798 3347 1872 δὲ,
3380 1801 3426 1854 εἰ
3479 1802 3555 1874 μὴ
3615 1800 3789 1864 οὕτως

339 1881 542 1956 τυχίαν
577 1883 732 1951 Θεοῦ,
765 1885 854 1938 καὶ
888 1882 1036 1946 ὅπως
1069 1883 1396 1958 ἀπροόπτως
1443 1883 1698 1962 ἀφίκοιτο
1745 1885 1780 1951 ἡ
1829 1883 2007 1959 φωνὴ,
2042 1911 2089 1977 Β
2136 1877 2400 1953 ἀποϐαίη.
2436 1884 2759 1958 παραίτησιν
2794 1885 3152 1943 ὑπελείποντο
3203 1890 3277 1952 ὡς
3329 1891 3633 1965 ἁμαρτοῦσι
3688 1897 3790 1959 τῆς

347 1972 698 2047 Λογιζομένῳ
726 1972 852 2047 περὶ
901 1973 976 2026 ὧν
1039 1971 1348 2047 λογίζεσθαι
1403 1970 1529 2045 ἔφη.
1566 1972 1668 2028 Καὶ
1719 1971 1799 2036 ἐφ’
1826 1971 2009 2024 ἱκανὸν

343 2061 448 2128 τὴν
481 2057 625 2130 λέξιν
687 2061 1140 2134 σκεψάμενον,τὸ
1188 2057 1396 2134 συμϐὰν
1450 2061 1535 2116 ἐπὶ
1581 2062 1642 2116 τὸ
1693 2059 1865 2114 πάλαι
1912 2059 2011 2114 Βέ-

344 2148 488 2211 κλας
540 2144 728 2204 λαϐεῖν
772 2148 860 2204 ἐπὶ
911 2149 1214 2224 λογισμῶν,
1243 2149 1332 2206 καὶ
1361 2151 1430 2204 τὰ
1461 2155 1712 2224 στοιχεῖα
1767 2155 1866 2218 τῆς
1922 2147 2013 2202 λέ-

347 2243 485 2312 ξεως
542 2237 913 2311 ἀναπτύξαντα
970 2236 1250 2314 ἀριδήλως
1309 2237 1473 2317 φάναι
1545 2240 1644 2308 τήν
1735 2237 2012 2313 βασιλείαν

345 2327 643 2400 Ῥωμαίων
704 2331 782 2398 τῷ
850 2325 1218 2403 Παλαιολόγῳ
1277 2328 1715 2401 μνηστεύεσθαι·
1780 2325 2014 2402 Μιχαὴλ

344 2417 450 2492 γὰρ
484 2417 648 2485 ’Άναξ
699 2415 984 2488 Ῥωμαίων
1045 2415 1431 2490 Παλαιολόγος
1489 2417 1686 2486 Ὀξὲως
1733 2416 2014 2490 Ὑμνηθή-

345 2525 524 2575 σεται,
559 2504 634 2566 ὡς
686 2501 865 2579 ἔλεγε,
897 2504 995 2572 τὴν
1053 2501 1196 2575 λέξιν
1253 2501 1479 2575 δηλοῦν.
1536 2503 1657 2561 Εἰσὶ
1716 2501 1762 2558 δ’
1819 2501 2014 2567 οἵτινες

355 2595 583 2670 λέγουσι
646 2595 786 2666 μήτε
839 2594 933 2648 τὸν
981 2593 1293 2669 Δυρῥαγίου
1336 2597 1560 2647 τοιαῦτα
1590 2593 1818 2647 ἀκοῦσαι
1875 2598 2015 2665 μήτε

342 2684 443 2738 τὸν
503 2679 908 2752 Θεσσαλονίκης
955 2685 1180 2736 τοιαῦτα
1228 2677 1609 2758 φοιϐάσασθαι,
1645 2680 1792 2737 ἀλλὰ
1850 2681 2014 2758 σοφὸν

347 2772 557 2827 ἐκεῖνον
619 2766 768 2842 ὄντα,
800 2770 890 2825 καὶ
947 2771 1072 2846 περὶ
1127 2771 1377 2832 τοιαύτας
1433 2766 1658 2845 βίϐλους
1691 2771 1746 2824 αἲ
1797 2768 1864 2838 δὴ
1923 2772 2014 2825 καὶ

357 2859 648 2937 βασιλείας
677 2859 732 2924 ἐς
773 2859 999 2915 τούπιὸν
1057 2857 1407 2915 διατυποῦσιν
1457 2858 1818 2932 ἐπτοημένον,
1853 2857 2012 2937 φιλο-

360 3060 464 3098 rus
499 3059 622 3098 rem
662 3042 859 3115 coepit,
893 3041 1196 3098 silentium
1233 3041 1441 3098 indicit
1473 3043 1710 3114 populo.
1738 3042 2016 3113 solusque

364 3147 559 3188 secum
586 3131 713 3202 ipse
735 3130 921 3187 Deum
947 3130 1341 3188 intentissima
1367 3131 1698 3202 alloquens,
1727 3148 1855 3202 quae
1878 3136 2013 3187 ante

358 3220 720 3276 sacriﬁcium
755 3221 862 3276 rite
895 3220 1057 3275 fundi
1089 3227 1522 3276 consueverunt
1550 3236 1752 3292 preces
1777 3236 2013 3275 summa

2127 1971 2456 2045 ἐξηγήσεως,
2487 1971 2627 2028 ἄλλο
2658 1995 2708 2028 τι
2741 1981 2842 2044 τῆς
2870 1982 3054 2053 φωνῆς
3080 1975 3224 2052 τάχα
3281 1975 3560 2048 δηλούσής
3614 1981 3649 2047 ἢ
3711 1979 3786 2040 ὡς

2124 2060 2353 2123 ἐκείνοις
2411 2061 2663 2137 ἐξήγητο.
2700 2062 2854 2132 Πλὴν
2907 2063 3034 2119 ἀλλ’
3065 2065 3116 2120 ἐν
3147 2066 3393 2139 τοσούτῳ
3446 2068 3632 2128 φθάνει
3683 2066 3776 2120 καὶ

2124 2152 2152 2205 6
2181 2154 2290 2205 τῶν
2331 2149 2630 2225 βασιλικῶν
2675 2149 2860 2206 ’ίππων
2903 2153 3082 2225 κόμης
3113 2154 3140 2208 6
3173 2153 3444 2225 δηλωθεὶς
3503 2153 3778 2225 Χαδηνὸς,

2122 2239 2213 2294 καὶ
2270 2234 2535 2294 ἐπιϐαίνει
2592 2239 2810 2312 ἀπτέρῳ
2863 2242 3022 2316 τάχει
3079 2241 3504 2314 Θεσσαλονίκης,
3533 2245 3622 2299 καὶ
3682 2245 3777 2300 αὐ-

2121 2328 2247 2383 τίκα
2285 2330 2348 2383 τὸ
2395 2329 2585 2382 πιστὸν
2642 2335 2744 2398 τῆς
2794 2331 2988 2405 φήμης
3040 2328 3207 2401 ἔδειξε
3261 2333 3489 2408 πράξας,
3518 2335 3611 2388 τὸν
3670 2339 3780 2388 Πα-

2126 2415 2421 2491 λαιολόγον
2452 2415 2503 2471 έν
2539 2417 2771 2492 ἀσφαλεῖ
2801 2420 3112 2493 κατασχών.
3148 2418 3416 2494 Σιδήροις
3466 2423 3652 2495 μέντοι
3685 2422 3785 2477 οὐκ

2123 2504 2261 2580 ἔγνω
2292 2502 2572 2578 δεσμεύειν
2603 2504 2682 2560 τὼ
2713 2504 2869 2575 πόδε,
2901 2507 2976 2570 ὡς
3005 2505 3071 2578 δή
3129 2509 3182 2562 οἱ
3229 2510 3317 2563 καὶ
3370 2509 3781 2586 προστεταγμέ-

2121 2615 2212 2648 νον
2255 2595 2346 2664 ἦν,
2378 2594 2479 2647 οὐκ
2536 2590 2637 2646 οἶδ’
2670 2592 2776 2648 εἷίτε
2827 2594 2890 2648 τὸ
2935 2599 3032 2649 τοῦ
3084 2593 3274 2671 ἀνδρὸς
3333 2595 3662 2671 αἰδούμενος
3692 2597 3779 2653 εύ-

2121 2682 2292 2756 γενὲς,
2324 2681 2430 2736 εἷπε
2477 2703 2527 2736 τι
2578 2680 2667 2736 καὶ
2711 2681 2900 2759 φιλίας
2929 2685 3067 2757 πρὸς
3100 2672 3305 2739 ἐκεῖνον
3344 2704 3356 2716 ·
3389 2687 3451 2740 τὸ
3481 2687 3582 2762 γὰρ
3643 2686 3778 2742 ὁπο-

2121 2776 2261 2825 νοεῖν
2292 2793 2347 2825 τι
2375 2771 2498 2841 περὶ
2530 2769 2738 2825 ἐκείνου
2767 2775 2874 2825 τῶν
2926 2773 3136 2848 ἀγαθῶν
3190 2775 3259 2828 τὰ
3311 2781 3412 2844 τῆς
3465 2775 3632 2852 ὀργῆς
3681 2776 3783 2830 οὐκ

2123 2857 2356 2914 ἐδίδουν.
2391 2860 2542 2922 Τέως
2580 2856 2626 2912 δ’
2659 2860 3106 2934 ἀφοσιωσάμενος
3136 2860 3327 2936 ἐκείνῳ
3382 2864 3450 2918 τὰ
3481 2862 3580 2932 τῆς
3611 2871 3781 2938 τιμῆς

2121 3037 2570 3094 exhilarandum
2604 3036 2997 3110 Palaeologum
3029 3041 3300 3097 eumdem
3327 3045 3490 3098 tanto
3513 3047 3652 3098 tunc
3677 3060 3778 3114 op-

2122 3145 2392 3199 pressum
2427 3126 2609 3183 animi
2641 3143 2909 3196 moerere,
2945 3135 3009 3183 ut
3040 3129 3111 3184 de
3138 3129 3256 3185 vita
3303 3132 3434 3201 ejus
3491 3137 3779 3188 metuere-

2120 3223 2237 3272 tur.
2261 3217 2386 3272 Non
2415 3232 2684 3288 sperasse
2711 3223 2907 3272 autem
2938 3233 2999 3272 se
3021 3219 3132 3289 ipsi
3175 3235 3599 3290 persuasurum
3625 3222 3781 3294 quod

352 3309 782 3381 tranquillitate
806 3308 1109 3364 recitabat.
1134 3310 1285 3364 Tum
1309 3309 1465 3365 enim
1484 3326 1616 3365 vero
1632 3326 1826 3364 vocem
1843 3309 2016 3363 inau-
2047 3274 2090 3343 α
2126 3306 2385 3374 volebat,
2410 3306 2460 3362 si
2493 3323 2561 3361 ex
2587 3304 2754 3360 libris
2777 3304 2836 3360 id
2858 3322 2920 3361 se
2951 3307 3225 3363 hausisse
3249 3309 3594 3377 afﬁrmaret,
3633 3327 3783 3382 quo-

352 3398 516 3453 disse
545 3398 720 3453 tertio
751 3397 1020 3452 eamdem
1061 3397 1402 3453 intermisso
1463 3402 1722 3470 tempore
1776 3398 2012 3452 dicitur.

354 3487 494 3542 Erat
524 3492 720 3541 autem
754 3502 861 3541 vox
887 3485 1123 3541 insueta
1155 3486 1348 3557 plane,
1383 3486 1605 3542 nullius
1645 3487 1844 3542 afﬁnis
1869 3491 2015 3542 notae

353 3578 596 3650 lingua,
624 3577 842 3634 nedum
875 3577 1106 3633 Graecae.
1140 3582 1383 3645 Mar-pou.
1415 3578 1695 3633 nimirum
1748 3596 2014 3649 pronun-

350 3667 485 3723 tiari
519 3666 822 3733 audiebat,
855 3671 913 3722 et
944 3667 1090 3722 nihil
1121 3667 1301 3721 aliud.
1323 3666 1482 3729 Quod
1505 3666 1718 3739 praesul
1752 3667 2013 3722 adrnira-

351 3761 478 3822 tus,
536 3755 740 3810 statim
791 3753 1380 3810 Thessalonicensem
1449 3755 1722 3810 convenit
1765 3755 1840 3826 (is
1898 3760 2022 3810 erat

360 3845 684 3917 Disypatus
711 3844 990 3915 Manuel),
1024 3844 1196 3914 eique
1228 3844 1465 3898 nuntiat
1495 3844 1688 3916 agenti
1722 3845 1835 3899 sibi
1889 3860 2019 3899 cum

364 3935 484 3990 Deo
521 3951 620 4006 per
651 3950 877 3989 sacram
909 3933 1324 4006 psalmodiam,
1358 3938 1414 3990 et
1443 3951 1512 3990 ea
1544 3937 1738 3990 mente
1768 3934 2025 3990 versanti

369 4042 501 4096 quae
534 4041 597 4080 se
628 4023 921 4094 cogitasse
952 4025 1256 4092 referebat,
1283 4025 1528 4079 missam
1560 4033 1618 4080 et
1642 4029 1796 4079 clare
1836 4025 2028 4096 prola-

374 4119 499 4170 tam
563 4130 743 4184 quam
801 4112 1113 4169 retulimus
1170 4131 1390 4170 vocem.
1451 4115 1593 4169 Eam
1634 4130 1768 4169 cum
1801 4113 1896 4168 ille
1929 4113 2029 4170 diu

375 4206 721 4274 attenteque
752 4203 1209 4267 considerasset,
1249 4202 1476 4274 aliquid
1511 4203 1568 4257 in
1602 4219 1670 4258 ea
1709 4203 1901 4258 simile
1941 4219 2035 4258 su-

375 4292 642 4364 spicatus
673 4296 764 4346 est
793 4307 857 4346 ac
891 4291 1326 4362 deprehensum
1361 4292 1569 4348 fuisset
1591 4291 1738 4348 alias
1775 4291 1832 4347 in
1871 4308 2034 4347 voca-

374 4380 517 4438 bulo
548 4380 836 4436 divinitus
869 4381 1090 4452 pariter
1119 4381 1276 4437 edito
1311 4382 1539 4450 Beclas;
1572 4383 1726 4438 unde
1765 4381 2034 4454 singulas

375 4471 510 4541 ejus
542 4469 727 4541 ignoti
760 4469 1020 4524 nominis
1051 4471 1351 4525 excutiens
1382 4471 1630 4540 litteras,
1692 4470 2037 4542 planissime

375 4558 635 4614 asseruit
657 4558 1058 4614 Romanorum
1080 4557 1396 4630 imperium
1412 4559 1736 4632 Palaeologo
1751 4559 2035 4632 promitti.

2128 3398 2285 3451 niam
2300 3396 2374 3451 ob
2393 3395 2613 3450 multas
2639 3394 3045 3465 praedictiones
3069 3397 3216 3452 tales
3235 3403 3442 3453 eventu
3467 3399 3784 3456 frustratas

2125 3487 2272 3542 haut
2297 3489 2422 3542 erat
2458 3483 2776 3540 verisimile
2802 3483 2937 3540 huic
2978 3503 3112 3540 eum
3153 3474 3473 3558 tranquille
3489 3505 3556 3543 ac
3579 3504 3784 3544 secure

2129 3577 2560 3647 acquieturum.
2588 3573 2899 3645 Propterea
2940 3575 3179 3631 ﬁnxisse
3202 3576 3512 3632 manifeste
3535 3575 3647 3632 sibi
3678 3594 3782 3632 au-

2131 3666 2314 3720 ditam
2349 3665 2592 3719 missam
2627 3679 2660 3717 a
2691 3668 2806 3719 Deo
2836 3679 3059 3736 vocem,
3093 3665 3186 3720 cui
3218 3665 3388 3737 signo
3422 3670 3622 3738 utpote
3653 3683 3784 3722 raro

2131 3759 2188 3810 et
2219 3755 2366 3808 miro
2400 3751 2631 3808 facilius
2663 3752 3026 3808 crediturum
3067 3753 3460 3826 Palaeologum
3521 3755 3782 3828 putabat.

2134 3842 2274 3897 Inde
2306 3858 2366 3896 re
2397 3857 2532 3895 cum
2563 3840 2907 3911 Dyrrhachii
2930 3842 3181 3912 praesule
3213 3845 3666 3915 communicata,
3699 3845 3786 3900 illi

2137 3929 2372 4002 penitus
2405 3928 2665 3984 suasisse
2699 3931 2762 3984 ut
2788 3928 2838 3983 is
2871 3945 3070 3984 vocem
3103 3931 3409 3988 inaudisse
3437 3933 3690 3990 diceret:
3724 3949 3789 3990 se

2142 4024 2312 4091 prout
2341 4017 2545 4072 liberet
2569 4018 2836 4072 eamdem
2866 4035 2898 4072 a
2930 4035 2992 4072 se
3023 4019 3329 4074 conﬁctam
3364 4020 3653 4092 explicare
3709 4024 3788 4078 si-

2142 4107 2530 4164 mulaturum.
2565 4105 2792 4169 Quibus
2825 4105 3142 4178 Palzsologo
3174 4106 3352 4162 veluti
3379 4109 3451 4164 ad
3483 4126 3689 4166 aurem
3715 4113 3788 4166 ab

2145 4197 2404 4266 utrisque
2426 4195 2685 4262 creditis,
2709 4198 2767 4250 in
2793 4211 3064 4266 magnam
3090 4213 3254 4267 spem
3273 4196 3572 4253 hominem
3591 4215 3793 4255 erexe—

2145 4289 2305 4356 runt,
2339 4285 2590 4355 sibique,
2623 4283 2672 4338 si
2733 4289 2975 4338 eventus
3034 4285 3105 4338 ad
3161 4289 3491 4342 extremum
3547 4287 3794 4356 falleret,

2145 4375 2582 4432 excusationem
2615 4372 2978 4444 probabilem
3012 4373 3402 4446 reliquerunt,
3434 4377 3601 4448 quasi
3647 4395 3795 4449 quos

2147 4465 2485 4534 conjectura
2507 4463 2838 4518 induxisset
2861 4463 2916 4518 in
2937 4479 3210 4534 errorem,
3237 4481 3351 4519 non
3385 4466 3531 4522 satis
3554 4467 3799 4524 feliciter

2147 4554 2560 4626 interpretatos
2591 4567 2788 4607 vocem
2815 4550 2974 4607 aliud
3001 4569 3197 4608 revera
3219 4554 3600 4626 indicantem,
3623 4563 3800 4628 prout

375 4650 493 4704 llas
526 4647 682 4703 enim
715 4646 879 4702 hisce
909 4647 1124 4703 litteris
1167 4647 1460 4718 designari
1518 4665 1726 4704 voces:
1789 4648 2034 4704 Michael
2064 4641 2112 4707 D
2144 4649 2349 4700 eventa
2379 4646 2795 4707 monstrarent,
2825 4657 3000 4712 quam
3027 4643 3184 4713 quod
3207 4642 3321 4713 ipsi
3354 4645 3636 4716 suspicati
3673 4651 3796 4701 tum

375 4741 683 4808 Augustus
707 4735 1103 4792 Romanorum
1122 4735 1480 4807 Paleologus
1494 4735 1683 4808 Ocyus
1694 4736 2034 4792 Vocabitur.

376 4828 535 4884 Sunt
562 4829 764 4882 tamen
801 4825 902 4897 qui
935 4825 1132 4880 dicant
1154 4825 1276 4880 haec
1302 4841 1492 4896 neque
1520 4843 1554 4881 a
1588 4825 2038 4898 Dyrrhachiensi

381 4915 585 4971 audita
615 4931 807 4985 neque
837 4932 870 4970 a
916 4913 1424 4971 Thessalonicensi
1474 4914 1655 4969 fuisse
1704 4914 1882 4982 dicta,
1935 4915 2036 4970 sed

376 5005 538 5059 hunc
572 5002 808 5074 ingenio
841 5007 1018 5075 atque
1050 5006 1174 5059 arte
1205 5019 1328 5058 rem
1372 5007 1557 5059 totam
1617 5009 2039 5058 commentum.

374 5093 517 5149 Erat
538 5091 821 5146 nimirum
834 5091 1386 5147 Thessalonicensis
1401 5093 1546 5146 mire
1560 5089 2042 5146 dedituslectioni

375 5199 448 5238 ac
481 5181 856 5236 meditationi
881 5180 1168 5237 librorum
1192 5181 1290 5253 qui
1319 5185 1501 5237 artem
1525 5180 1877 5253 proﬁtentur
1899 5180 2042 5236 divi-

380 5270 566 5327 nandi
601 5269 831 5325 futuras
865 5271 1260 5342 quorumdam
1294 5270 1618 5326 evectiones
1648 5270 1719 5324 ad
1776 5269 2041 5342 imperia,

381 5367 630 5430 totoque
662 5359 723 5412 in
757 5358 872 5414 isto
902 5357 1301 5430 qualicunque
1332 5358 1582 5414 artiﬁcio
1638 5359 2044 5430 praeodorandi

382 5453 674 5506 eventura
704 5447 1035 5520 plurimum
1064 5449 1166 5503 29
1197 5447 1568 5503 exercitatus.
1604 5448 1754 5518 Ergo
1785 5464 1919 5503 cum
1954 5465 2046 5505 res

385 5537 565 5594 istius
595 5536 830 5608 generis
863 5537 1264 5592 curiosissime
1297 5537 1664 5607 investigans
1686 5538 1881 5592 nescio
1903 5537 2044 5609 quid

386 5629 461 5684 de
473 5626 763 5698 imperatu
775 5642 834 5681 ro
851 5624 1171 5698 Palaeologo
1185 5626 1543 5698 comperisse
1557 5624 1672 5682 sibi
1691 5631 1846 5682 esset
1866 5627 2044 5698 visus,

386 5717 558 5774 aiunt
589 5715 706 5772 ista
733 5731 870 5772 eum
921 5714 1130 5773 notitia
1159 5721 1485 5788 opportune
1541 5715 1625 5771 uti
1663 5714 1921 5774 voluisse
1973 5719 2047 5775 ad

2147 4733 2420 4788 fuissent.
2454 4732 2680 4786 Interea
2708 4730 2850 4785 dum
2900 4729 3021 4784 haec
3069 4735 3377 4802 geruntur,
3437 4733 3798 4804 imperatorii

2148 4823 2452 4894 equitatus
2481 4819 2677 4875 dictus
2700 4818 2828 4888 jam
2860 4834 3052 4873 comes
3083 4821 3421 4890 supervenit
3463 4821 3798 4890 Chadenus,

2151 4908 2748 4979 Thessalonicamque
2770 4906 3099 4978 ingreditur
3120 4908 3512 4980 perceleriter,
3563 4913 3798 4966 statim-

2153 5015 2268 5070 que
2287 4998 2440 5068 quod
2462 4998 3126 5068 communii’amaatque
3148 4997 3410 5054 omnium
3425 5000 3801 5057 sermonibus

2152 5087 2456 5158 vulgatum
2491 5086 2700 5152 fuerat,
2735 5101 2796 5139 re
2818 5085 2950 5155 ipsa
2971 5095 3209 5140 ostensa
3235 5087 3624 5143 conﬁrmavit.
3656 5089 3802 5146 Nam

2154 5174 2543 5246 Palesologum
2576 5189 2784 5229 secura
2814 5173 3082 5230 custodia
3108 5177 3318 5245 tenuit,
3341 5194 3584 5248 parcens
3605 5183 3804 5235 tamen

2154 5281 2288 5320 eum
2313 5264 2497 5319 ferrea
2520 5263 2804 5333 stringere
2827 5264 3124 5333 compede,
3149 5267 3420 5336 quamvis
3457 5268 3515 5321 id
3567 5267 3810 5326 haberet

2156 5354 2214 5409 in
2249 5349 2571 5409 mandatis.
2606 5351 2770 5415 Quod
2802 5350 2901 5407 ille
2935 5357 3130 5408 utrum
3165 5359 3338 5411 tanta:
3373 5356 3697 5412 nobilitatis
3722 5374 3810 5415 ve-

2158 5441 2542 5505 recundia,an
2561 5439 2829 5496 amicitiae
2844 5440 3100 5510 quodam
3118 5441 3397 5500 instinctu
3415 5445 3635 5514 fecerit,
3650 5445 3806 5504 haud

2157 5529 2596 5589 afﬁrmaverim.
2616 5527 2832 5584 Vereor
2854 5531 3008 5584 enim
3034 5534 3096 5584 ut
3129 5531 3268 5587 satis
3289 5532 3686 5590 verisimiliter
3707 5537 3808 5591 80

2157 5619 2447 5693 suspicari
2479 5618 2651 5675 liceat
2671 5617 3012 5674 ministrum
3045 5619 3142 5674 ire
3177 5625 3299 5677 tam
3332 5622 3546 5678 atrocis
3563 5627 3682 5678 tam
3707 5623 3811 5680 hu-

2158 5727 2365 5770 manes
2387 5725 2600 5766 sensus
2613 5713 2793 5782 atque
2804 5708 3070 5780 affectus,
3095 5709 3235 5766 dum
3251 5726 3471 5767 saevum
3490 5710 3805 5784 imperium
