  <div class='ocr_page' id='page_1' title='image "/cluster/home/n/w/nwhite01/storage/ocr_20150623/143:no.1/coo.31924054870484/241.png"; bbox 0 0 4090 6428; ppageno 0'>
   <div class='ocr_carea' id='block_1_1' title="bbox 211 392 317 448">
    <p class='ocr_par' dir='ltr' id='par_1_1' title="bbox 211 392 317 448">
     <span class='ocr_line' id='line_1_1' title="bbox 211 392 317 448; baseline -0.019 0"><span class='ocrx_word' id='word_1_1' title='bbox 211 392 317 448; x_wconf 78' lang='grc'>467</span> 
     </span>
    </p>
   </div>
   <div class='ocr_carea' id='block_1_2' title="bbox 1513 388 2323 458">
    <p class='ocr_par' dir='ltr' id='par_1_2' title="bbox 1513 388 2323 458">
     <span class='ocr_line' id='line_1_2' title="bbox 1513 388 2323 458; baseline -0.007 0"><span class='ocrx_word' id='word_1_2' title='bbox 1513 395 1815 458; x_wconf 72' lang='lat' dir='ltr'>GEORGII</span> <span class='ocrx_word' id='word_1_3' title='bbox 1856 388 2323 452; x_wconf 73' lang='lat' dir='ltr'>PACHYMERE</span> 
     </span>
    </p>
   </div>
   <div class='ocr_carea' id='block_1_3' title="bbox 3527 395 3636 450">
    <p class='ocr_par' dir='ltr' id='par_1_3' title="bbox 3527 395 3636 450">
     <span class='ocr_line' id='line_1_3' title="bbox 3527 395 3636 450; baseline 0 0"><span class='ocrx_word' id='word_1_4' title='bbox 3527 395 3636 450; x_wconf 79' lang='grc'>468</span> 
     </span>
    </p>
   </div>
   <div class='ocr_carea' id='block_1_4' title="bbox 209 512 3632 600">
    <p class='ocr_par' dir='ltr' id='par_1_4' title="bbox 209 512 3632 600">
     <span class='ocr_line' id='line_1_4' title="bbox 209 512 3632 600; baseline 0.001 -30"><span class='ocrx_word' id='word_1_5' title='bbox 209 517 418 589; x_wconf 82' lang='grc' dir='ltr'>τεῦθεν,</span> <span class='ocrx_word' id='word_1_6' title='bbox 453 516 570 572; x_wconf 77' lang='grc' dir='ltr'>ἐπεὶ</span> <span class='ocrx_word' id='word_1_7' title='bbox 625 521 715 574; x_wconf 82' lang='grc' dir='ltr'>καὶ</span> <span class='ocrx_word' id='word_1_8' title='bbox 773 521 910 596; x_wconf 87' lang='grc' dir='ltr'>πρὸς</span> <span class='ocrx_word' id='word_1_9' title='bbox 967 522 1057 577; x_wconf 82' lang='grc' dir='ltr'>τὸν</span> <span class='ocrx_word' id='word_1_10' title='bbox 1092 521 1266 597; x_wconf 82' lang='grc' dir='ltr'>γάμον</span> <span class='ocrx_word' id='word_1_11' title='bbox 1301 522 1366 578; x_wconf 77' lang='grc' dir='ltr'>τὰ</span> <span class='ocrx_word' id='word_1_12' title='bbox 1400 523 1536 598; x_wconf 87' lang='grc' dir='ltr'>μέρη</span> <span class='ocrx_word' id='word_1_13' title='bbox 1568 522 1702 590; x_wconf 77' lang='grc' dir='ltr'>ἦσαν</span> <span class='ocrx_word' id='word_1_14' title='bbox 1737 536 1859 588; x_wconf 89' lang='grc' dir='ltr'>συγ·</span> <span class='ocrx_word' id='word_1_15' title='bbox 1891 512 1944 579; x_wconf 80' lang='grc' dir='ltr'>Α</span> <span class='ocrx_word' id='word_1_16' title='bbox 1974 514 2049 578; x_wconf 87' lang='grc' dir='ltr'>ὡς</span> <span class='ocrx_word' id='word_1_17' title='bbox 2080 517 2180 571; x_wconf 80' lang='grc' dir='ltr'>οὐκ</span> <span class='ocrx_word' id='word_1_18' title='bbox 2223 516 2326 572; x_wconf 72' lang='grc' dir='ltr'>οἶδ’</span> <span class='ocrx_word' id='word_1_19' title='bbox 2355 519 2401 574; x_wconf 85' lang='grc' dir='ltr'>εί</span> <span class='ocrx_word' id='word_1_20' title='bbox 2434 522 2462 575; x_wconf 87' lang='lat'>6</span> <span class='ocrx_word' id='word_1_21' title='bbox 2493 521 2726 600; x_wconf 78' lang='grc' dir='ltr'>νυμφίος</span> <span class='ocrx_word' id='word_1_22' title='bbox 2777 524 3075 595; x_wconf 80' lang='grc' dir='ltr'>μεμίσηται</span> <span class='ocrx_word' id='word_1_23' title='bbox 3134 525 3201 595; x_wconf 79' lang='grc' dir='ltr'>τῇ</span> <span class='ocrx_word' id='word_1_24' title='bbox 3259 517 3414 576; x_wconf 81' lang='grc' dir='ltr'>παιδὶ</span> <span class='ocrx_word' id='word_1_25' title='bbox 3473 515 3632 590; x_wconf 71' lang='grc' dir='ltr'>ἄὶλῳ</span> 
     </span>
    </p>
   </div>
   <div class='ocr_carea' id='block_1_5' title="bbox 211 604 1869 687">
    <p class='ocr_par' dir='ltr' id='par_1_5' title="bbox 211 604 1869 687">
     <span class='ocr_line' id='line_1_5' title="bbox 211 604 1869 687; baseline 0.006 -28"><span class='ocrx_word' id='word_1_26' title='bbox 211 607 462 675; x_wconf 90' lang='grc' dir='ltr'>κάταινα,</span> <span class='ocrx_word' id='word_1_27' title='bbox 497 609 571 669; x_wconf 88' lang='grc' dir='ltr'>ὡς</span> <span class='ocrx_word' id='word_1_28' title='bbox 627 604 878 686; x_wconf 78' lang='grc' dir='ltr'>γαμϐρὸς</span> <span class='ocrx_word' id='word_1_29' title='bbox 935 609 1127 682; x_wconf 87' lang='grc' dir='ltr'>ἀνέδην</span> <span class='ocrx_word' id='word_1_30' title='bbox 1181 614 1280 680; x_wconf 81' lang='grc' dir='ltr'>τήν</span> <span class='ocrx_word' id='word_1_31' title='bbox 1338 620 1439 681; x_wconf 77' lang='grc' dir='ltr'>τῆς</span> <span class='ocrx_word' id='word_1_32' title='bbox 1496 613 1668 687; x_wconf 81' lang='grc' dir='ltr'>κόρης</span> <span class='ocrx_word' id='word_1_33' title='bbox 1697 605 1869 662; x_wconf 74' lang='grc' dir='ltr'>οὶκίαν</span> 
     </span>
    </p>
   </div>
   <div class='ocr_carea' id='block_1_6' title="bbox 215 695 1867 777">
    <p class='ocr_par' dir='ltr' id='par_1_6' title="bbox 215 695 1867 777">
     <span class='ocr_line' id='line_1_6' title="bbox 215 695 1867 777; baseline 0.003 -29"><span class='ocrx_word' id='word_1_34' title='bbox 215 695 532 770; x_wconf 72' lang='grc' dir='ltr'>εἰσήρχετο.</span> <span class='ocrx_word' id='word_1_35' title='bbox 564 697 743 754; x_wconf 82' lang='grc' dir='ltr'>Ἀλλὰ</span> <span class='ocrx_word' id='word_1_36' title='bbox 772 699 1051 777; x_wconf 78' lang='grc' dir='ltr'>παρερῤυη</span> <span class='ocrx_word' id='word_1_37' title='bbox 1087 703 1288 776; x_wconf 82' lang='grc' dir='ltr'>χρόνος</span> <span class='ocrx_word' id='word_1_38' title='bbox 1319 701 1504 776; x_wconf 80' lang='grc' dir='ltr'>ὀλίγος</span> <span class='ocrx_word' id='word_1_39' title='bbox 1533 705 1560 756; x_wconf 97' lang='lat'>6</span> <span class='ocrx_word' id='word_1_40' title='bbox 1589 702 1688 770; x_wconf 81' lang='grc' dir='ltr'>τὴν</span> <span class='ocrx_word' id='word_1_41' title='bbox 1727 717 1867 769; x_wconf 84' lang='grc' dir='ltr'>μνη·</span> 
     </span>
    </p>
   </div>
   <div class='ocr_carea' id='block_1_7' title="bbox 215 784 1860 863">
    <p class='ocr_par' dir='ltr' id='par_1_7' title="bbox 215 784 1860 863">
     <span class='ocr_line' id='line_1_7' title="bbox 215 784 1860 863; baseline 0.005 -25"><span class='ocrx_word' id='word_1_42' title='bbox 215 784 391 838; x_wconf 86' lang='grc' dir='ltr'>στείαν</span> <span class='ocrx_word' id='word_1_43' title='bbox 450 784 658 857; x_wconf 86' lang='grc' dir='ltr'>ἐκείνην</span> <span class='ocrx_word' id='word_1_44' title='bbox 720 787 1170 863; x_wconf 80' lang='grc' dir='ltr'>ἐπιμετρῶν,καὶ</span> <span class='ocrx_word' id='word_1_45' title='bbox 1231 791 1330 845; x_wconf 82' lang='grc' dir='ltr'>οὐκ</span> <span class='ocrx_word' id='word_1_46' title='bbox 1359 788 1521 846; x_wconf 76' lang='grc' dir='ltr'>οἶδ’ὅ</span> <span class='ocrx_word' id='word_1_47' title='bbox 1566 811 1616 845; x_wconf 88' lang='grc' dir='ltr'>τι</span> <span class='ocrx_word' id='word_1_48' title='bbox 1675 787 1860 847; x_wconf 88' lang='grc' dir='ltr'>παθὼν</span> 
     </span>
    </p>
   </div>
   <div class='ocr_carea' id='block_1_8' title="bbox 217 874 1869 954">
    <p class='ocr_par' dir='ltr' id='par_1_8' title="bbox 217 874 1869 954">
     <span class='ocr_line' id='line_1_8' title="bbox 217 874 1869 954; baseline 0.006 -28"><span class='ocrx_word' id='word_1_49' title='bbox 217 874 244 926; x_wconf 91' lang='lat'>6</span> <span class='ocrx_word' id='word_1_50' title='bbox 276 879 511 948; x_wconf 80' lang='grc' dir='ltr'>κρατῶν,</span> <span class='ocrx_word' id='word_1_51' title='bbox 544 874 690 943; x_wconf 69' lang='grc' dir='ltr'>πλὴν</span> <span class='ocrx_word' id='word_1_52' title='bbox 733 875 860 930; x_wconf 83' lang='grc' dir='ltr'>ἀλλ’</span> <span class='ocrx_word' id='word_1_53' title='bbox 886 880 920 946; x_wconf 84' lang='grc' dir='ltr'>ἡ</span> <span class='ocrx_word' id='word_1_54' title='bbox 971 877 1183 948; x_wconf 79' lang='grc' dir='ltr'>ἐξουσία</span> <span class='ocrx_word' id='word_1_55' title='bbox 1224 885 1471 954; x_wconf 79' lang='grc' dir='ltr'>κρεῖσσον</span> <span class='ocrx_word' id='word_1_56' title='bbox 1525 879 1760 948; x_wconf 76' lang='grc' dir='ltr'>δικαίου,</span> <span class='ocrx_word' id='word_1_57' title='bbox 1790 887 1869 954; x_wconf 75' lang='grc' dir='ltr'>τῷ</span> 
     </span>
    </p>
   </div>
   <div class='ocr_carea' id='block_1_9' title="bbox 215 960 1868 1046">
    <p class='ocr_par' dir='ltr' id='par_1_9' title="bbox 215 960 1868 1046">
     <span class='ocr_line' id='line_1_9' title="bbox 215 960 1868 1046; baseline 0.006 -30"><span class='ocrx_word' id='word_1_58' title='bbox 215 966 312 1016; x_wconf 83' lang='grc' dir='ltr'>τοῦ</span> <span class='ocrx_word' id='word_1_59' title='bbox 344 960 736 1038; x_wconf 72' lang='grc' dir='ltr'>Καϐαλλαρίου</span> <span class='ocrx_word' id='word_1_60' title='bbox 788 968 892 1038; x_wconf 76' lang='grc' dir='ltr'>υἱῷ</span> <span class='ocrx_word' id='word_1_61' title='bbox 924 966 1192 1041; x_wconf 85' lang='grc' dir='ltr'>Βασιλείῳ</span> <span class='ocrx_word' id='word_1_62' title='bbox 1251 970 1454 1046; x_wconf 79' lang='grc' dir='ltr'>εὐγενεῖ</span> <span class='ocrx_word' id='word_1_63' title='bbox 1507 992 1566 1024; x_wconf 93' lang='grc' dir='ltr'>τε</span> <span class='ocrx_word' id='word_1_64' title='bbox 1614 967 1728 1025; x_wconf 68' lang='grc' dir='ltr'>ὄντι</span> <span class='ocrx_word' id='word_1_65' title='bbox 1788 971 1868 1041; x_wconf 77' lang='grc' dir='ltr'>ἐξ·</span> 
     </span>
    </p>
   </div>
   <div class='ocr_carea' id='block_1_10' title="bbox 217 1049 1871 1134">
    <p class='ocr_par' dir='ltr' id='par_1_10' title="bbox 217 1049 1871 1134">
     <span class='ocr_line' id='line_1_10' title="bbox 217 1049 1871 1134; baseline 0.005 -28"><span class='ocrx_word' id='word_1_66' title='bbox 217 1049 404 1106; x_wconf 82' lang='grc' dir='ltr'>εδίδου</span> <span class='ocrx_word' id='word_1_67' title='bbox 434 1053 490 1107; x_wconf 77' lang='grc' dir='ltr'>εὗ</span> <span class='ocrx_word' id='word_1_68' title='bbox 518 1054 706 1128; x_wconf 84' lang='grc' dir='ltr'>γένους</span> <span class='ocrx_word' id='word_1_69' title='bbox 735 1053 968 1129; x_wconf 77' lang='grc' dir='ltr'>ἔχουσαν</span> <span class='ocrx_word' id='word_1_70' title='bbox 998 1058 1098 1124; x_wconf 74' lang='grc' dir='ltr'>τὴν</span> <span class='ocrx_word' id='word_1_71' title='bbox 1145 1058 1422 1134; x_wconf 82' lang='grc' dir='ltr'>ῥηθεῖσαν.</span> <span class='ocrx_word' id='word_1_72' title='bbox 1455 1061 1511 1112; x_wconf 91' lang='grc' dir='ltr'>Ὁ</span> <span class='ocrx_word' id='word_1_73' title='bbox 1544 1058 1588 1114; x_wconf 88' lang='grc' dir='ltr'>δ’</span> <span class='ocrx_word' id='word_1_74' title='bbox 1620 1060 1670 1114; x_wconf 85' lang='grc' dir='ltr'>έν</span> <span class='ocrx_word' id='word_1_75' title='bbox 1722 1060 1871 1133; x_wconf 83' lang='grc' dir='ltr'>εὐερ-</span> 
     </span>
    </p>
   </div>
   <div class='ocr_carea' id='block_1_11' title="bbox 216 1139 1870 1223">
    <p class='ocr_par' dir='ltr' id='par_1_11' title="bbox 216 1139 1870 1223">
     <span class='ocr_line' id='line_1_11' title="bbox 216 1139 1870 1223; baseline 0.007 -30"><span class='ocrx_word' id='word_1_76' title='bbox 216 1139 398 1214; x_wconf 91' lang='grc' dir='ltr'>γεσίας</span> <span class='ocrx_word' id='word_1_77' title='bbox 458 1143 606 1215; x_wconf 86' lang='grc' dir='ltr'>μέρει</span> <span class='ocrx_word' id='word_1_78' title='bbox 662 1139 879 1218; x_wconf 87' lang='grc' dir='ltr'>δέχεται</span> <span class='ocrx_word' id='word_1_79' title='bbox 939 1146 1188 1218; x_wconf 85' lang='grc' dir='ltr'>ἀσμένως</span> <span class='ocrx_word' id='word_1_80' title='bbox 1239 1149 1297 1202; x_wconf 82' lang='grc' dir='ltr'>τὸ</span> <span class='ocrx_word' id='word_1_81' title='bbox 1353 1146 1592 1223; x_wconf 78' lang='grc' dir='ltr'>δωρηθὲν</span> <span class='ocrx_word' id='word_1_82' title='bbox 1624 1149 1713 1204; x_wconf 85' lang='grc' dir='ltr'>καὶ</span> <span class='ocrx_word' id='word_1_83' title='bbox 1743 1171 1870 1203; x_wconf 70' lang='grc' dir='ltr'>κατα</span> 
     </span>
    </p>
   </div>
   <div class='ocr_carea' id='block_1_12' title="bbox 217 1228 1870 1312">
    <p class='ocr_par' dir='ltr' id='par_1_12' title="bbox 217 1228 1870 1312">
     <span class='ocr_line' id='line_1_12' title="bbox 217 1228 1870 1312; baseline 0.007 -31"><span class='ocrx_word' id='word_1_84' title='bbox 217 1228 414 1302; x_wconf 86' lang='grc' dir='ltr'>επείγει</span> <span class='ocrx_word' id='word_1_85' title='bbox 453 1230 582 1290; x_wconf 81' lang='grc' dir='ltr'>τοῦς</span> <span class='ocrx_word' id='word_1_86' title='bbox 611 1229 838 1306; x_wconf 85' lang='grc' dir='ltr'>γάμους.</span> <span class='ocrx_word' id='word_1_87' title='bbox 874 1234 1006 1295; x_wconf 89' lang='grc' dir='ltr'>Ταῖς</span> <span class='ocrx_word' id='word_1_88' title='bbox 1039 1235 1222 1307; x_wconf 87' lang='grc' dir='ltr'>μέντοι</span> <span class='ocrx_word' id='word_1_89' title='bbox 1269 1259 1330 1310; x_wconf 89' lang='grc' dir='ltr'>γε</span> <span class='ocrx_word' id='word_1_90' title='bbox 1374 1238 1578 1312; x_wconf 78' lang='grc' dir='ltr'>γυναιξὶ</span> <span class='ocrx_word' id='word_1_91' title='bbox 1626 1239 1761 1312; x_wconf 83' lang='grc' dir='ltr'>πρὸς</span> <span class='ocrx_word' id='word_1_92' title='bbox 1809 1238 1870 1292; x_wconf 89' lang='grc' dir='ltr'>τό</span> 
     </span>
    </p>
   </div>
   <div class='ocr_carea' id='block_1_13' title="bbox 217 1318 1873 1400">
    <p class='ocr_par' dir='ltr' id='par_1_13' title="bbox 217 1318 1873 1400">
     <span class='ocr_line' id='line_1_13' title="bbox 217 1318 1873 1400; baseline 0.005 -29"><span class='ocrx_word' id='word_1_93' title='bbox 217 1320 434 1391; x_wconf 74' lang='grc' dir='ltr'>πρῶτον</span> <span class='ocrx_word' id='word_1_94' title='bbox 496 1318 786 1394; x_wconf 82' lang='grc' dir='ltr'>ῥεπούσαις</span> <span class='ocrx_word' id='word_1_95' title='bbox 864 1321 1246 1400; x_wconf 79' lang='grc' dir='ltr'>συνάλλαγμα,</span> <span class='ocrx_word' id='word_1_96' title='bbox 1295 1326 1873 1400; x_wconf 85' lang='grc' dir='ltr'>προκατειλημμέναις</span> 
     </span>
    </p>
   </div>
   <div class='ocr_carea' id='block_1_14' title="bbox 219 1403 1873 1489">
    <p class='ocr_par' dir='ltr' id='par_1_14' title="bbox 219 1403 1873 1489">
     <span class='ocr_line' id='line_1_14' title="bbox 219 1403 1873 1489; baseline 0.007 -29"><span class='ocrx_word' id='word_1_97' title='bbox 219 1403 413 1478; x_wconf 80' lang='grc' dir='ltr'>ἄτιμον</span> <span class='ocrx_word' id='word_1_98' title='bbox 471 1407 730 1482; x_wconf 80' lang='grc' dir='ltr'>ἐχούσαις</span> <span class='ocrx_word' id='word_1_99' title='bbox 785 1412 848 1465; x_wconf 82' lang='grc' dir='ltr'>τὸ</span> <span class='ocrx_word' id='word_1_100' title='bbox 911 1409 1276 1485; x_wconf 73' lang='grc' dir='ltr'>μεταϐαίνειν,</span> <span class='ocrx_word' id='word_1_101' title='bbox 1310 1415 1643 1489; x_wconf 85' lang='grc' dir='ltr'>ἀπόστοργος</span> <span class='ocrx_word' id='word_1_102' title='bbox 1684 1419 1711 1471; x_wconf 93' lang='lat'>6</span> <span class='ocrx_word' id='word_1_103' title='bbox 1741 1437 1873 1488; x_wconf 87' lang='grc' dir='ltr'>νυμ-</span> 
     </span>
    </p>
   </div>
   <div class='ocr_carea' id='block_1_15' title="bbox 220 1494 1873 1578">
    <p class='ocr_par' dir='ltr' id='par_1_15' title="bbox 220 1494 1873 1578">
     <span class='ocr_line' id='line_1_15' title="bbox 220 1494 1873 1578; baseline 0.008 -31"><span class='ocrx_word' id='word_1_104' title='bbox 220 1494 342 1572; x_wconf 82' lang='grc' dir='ltr'>φίος</span> <span class='ocrx_word' id='word_1_105' title='bbox 373 1495 463 1562; x_wconf 73' lang='grc' dir='ltr'>ἦν.</span> <span class='ocrx_word' id='word_1_106' title='bbox 497 1498 645 1559; x_wconf 83' lang='grc' dir='ltr'>Τέως</span> <span class='ocrx_word' id='word_1_107' title='bbox 677 1496 734 1553; x_wconf 78' lang='grc' dir='ltr'>δὲ</span> <span class='ocrx_word' id='word_1_108' title='bbox 765 1501 818 1564; x_wconf 87' lang='lat'>(6</span> <span class='ocrx_word' id='word_1_109' title='bbox 865 1500 964 1574; x_wconf 76' lang='grc' dir='ltr'>γὰρ</span> <span class='ocrx_word' id='word_1_110' title='bbox 1025 1508 1238 1575; x_wconf 80' lang='grc' dir='ltr'>κρατῶν</span> <span class='ocrx_word' id='word_1_111' title='bbox 1292 1503 1674 1578; x_wconf 71' lang='grc' dir='ltr'>προσέταττεν)</span> <span class='ocrx_word' id='word_1_112' title='bbox 1723 1504 1873 1560; x_wconf 81' lang='grc' dir='ltr'>ἐκου-</span> 
     </span>
    </p>
   </div>
   <div class='ocr_carea' id='block_1_16' title="bbox 221 1585 1884 1664">
    <p class='ocr_par' dir='ltr' id='par_1_16' title="bbox 221 1585 1884 1664">
     <span class='ocr_line' id='line_1_16' title="bbox 221 1585 1884 1664; baseline 0.008 -28"><span class='ocrx_word' id='word_1_113' title='bbox 221 1587 330 1636; x_wconf 84' lang='grc' dir='ltr'>σῶν</span> <span class='ocrx_word' id='word_1_114' title='bbox 391 1585 637 1639; x_wconf 82' lang='grc' dir='ltr'>ἀκουσῶν</span> <span class='ocrx_word' id='word_1_115' title='bbox 697 1586 917 1642; x_wconf 81' lang='grc' dir='ltr'>ἐκείνων</span> <span class='ocrx_word' id='word_1_116' title='bbox 966 1591 1032 1644; x_wconf 71' lang='grc' dir='ltr'>τὰ</span> <span class='ocrx_word' id='word_1_117' title='bbox 1107 1591 1448 1664; x_wconf 87' lang='grc' dir='ltr'>νομιζόμενα</span> <span class='ocrx_word' id='word_1_118' title='bbox 1504 1594 1740 1649; x_wconf 76' lang='grc' dir='ltr'>ἐτελεῖτο</span> <span class='ocrx_word' id='word_1_119' title='bbox 1785 1613 1884 1664; x_wconf 74' lang='grc' dir='ltr'>καὶ</span> 
     </span>
    </p>
   </div>
   <div class='ocr_carea' id='block_1_17' title="bbox 219 1675 1877 1759">
    <p class='ocr_par' dir='ltr' id='par_1_17' title="bbox 219 1675 1877 1759">
     <span class='ocr_line' id='line_1_17' title="bbox 219 1675 1877 1759; baseline 0.009 -35"><span class='ocrx_word' id='word_1_120' title='bbox 219 1677 529 1745; x_wconf 80' lang='grc' dir='ltr'>περιφανῶς</span> <span class='ocrx_word' id='word_1_121' title='bbox 580 1675 631 1728; x_wconf 78' lang='grc' dir='ltr'>οἱ</span> <span class='ocrx_word' id='word_1_122' title='bbox 691 1675 935 1748; x_wconf 74' lang='grc' dir='ltr'>ὑμέναιοι</span> <span class='ocrx_word' id='word_1_123' title='bbox 989 1677 1208 1753; x_wconf 75' lang='grc' dir='ltr'>ἤγοντο.</span> <span class='ocrx_word' id='word_1_124' title='bbox 1243 1679 1457 1736; x_wconf 82' lang='grc' dir='ltr'>Ἀλλ’ὁ</span> <span class='ocrx_word' id='word_1_125' title='bbox 1505 1685 1740 1759; x_wconf 79' lang='grc' dir='ltr'>νυμφίος</span> <span class='ocrx_word' id='word_1_126' title='bbox 1797 1686 1877 1759; x_wconf 79' lang='grc' dir='ltr'>ἐφ’</span> 
     </span>
    </p>
   </div>
   <div class='ocr_carea' id='block_1_18' title="bbox 220 1762 1871 1845">
    <p class='ocr_par' dir='ltr' id='par_1_18' title="bbox 220 1762 1871 1845">
     <span class='ocr_line' id='line_1_18' title="bbox 220 1762 1871 1845; baseline 0.011 -33"><span class='ocrx_word' id='word_1_127' title='bbox 220 1762 456 1834; x_wconf 80' lang='grc' dir='ltr'>ἡμέραις</span> <span class='ocrx_word' id='word_1_128' title='bbox 515 1762 614 1816; x_wconf 85' lang='grc' dir='ltr'>οὐκ</span> <span class='ocrx_word' id='word_1_129' title='bbox 673 1763 923 1835; x_wconf 79' lang='grc' dir='ltr'>ἐπλήρου</span> <span class='ocrx_word' id='word_1_130' title='bbox 975 1772 1043 1833; x_wconf 81' lang='grc' dir='ltr'>τῆ</span> <span class='ocrx_word' id='word_1_131' title='bbox 1103 1769 1241 1843; x_wconf 79' lang='grc' dir='ltr'>κόρῃ</span> <span class='ocrx_word' id='word_1_132' title='bbox 1273 1771 1340 1825; x_wconf 73' lang='grc' dir='ltr'>τὰ</span> <span class='ocrx_word' id='word_1_133' title='bbox 1366 1777 1472 1826; x_wconf 80' lang='grc' dir='ltr'>τῶν</span> <span class='ocrx_word' id='word_1_134' title='bbox 1507 1771 1735 1845; x_wconf 79' lang='grc' dir='ltr'>ἀνδρῶν.</span> <span class='ocrx_word' id='word_1_135' title='bbox 1770 1777 1871 1830; x_wconf 78' lang='grc' dir='ltr'>Καὶ</span> 
     </span>
    </p>
   </div>
   <div class='ocr_carea' id='block_1_19' title="bbox 1977 605 3632 686">
    <p class='ocr_par' dir='ltr' id='par_1_19' title="bbox 1977 605 3632 686">
     <span class='ocr_line' id='line_1_19' title="bbox 1977 605 3632 686; baseline 0.002 -29"><span class='ocrx_word' id='word_1_136' title='bbox 1977 625 2056 675; x_wconf 87' lang='grc' dir='ltr'>τῳ</span> <span class='ocrx_word' id='word_1_137' title='bbox 2113 607 2375 680; x_wconf 85' lang='grc' dir='ltr'>πρότερον</span> <span class='ocrx_word' id='word_1_138' title='bbox 2435 610 2879 686; x_wconf 81' lang='grc' dir='ltr'>κατηγγυημένῃ.</span> <span class='ocrx_word' id='word_1_139' title='bbox 2912 613 2975 668; x_wconf 91' lang='grc' dir='ltr'>Ὁ</span> <span class='ocrx_word' id='word_1_140' title='bbox 3032 612 3216 684; x_wconf 76' lang='grc' dir='ltr'>μέντοι</span> <span class='ocrx_word' id='word_1_141' title='bbox 3263 631 3325 686; x_wconf 88' lang='grc' dir='ltr'>γε</span> <span class='ocrx_word' id='word_1_142' title='bbox 3377 605 3632 683; x_wconf 73' lang='grc' dir='ltr'>βασιλεὺς</span> 
     </span>
    </p>
   </div>
   <div class='ocr_carea' id='block_1_20' title="bbox 1981 692 3630 772">
    <p class='ocr_par' dir='ltr' id='par_1_20' title="bbox 1981 692 3630 772">
     <span class='ocr_line' id='line_1_20' title="bbox 1981 692 3630 772; baseline 0.005 -24"><span class='ocrx_word' id='word_1_143' title='bbox 1981 692 2085 749; x_wconf 81' lang='grc' dir='ltr'>εἷ’τε</span> <span class='ocrx_word' id='word_1_144' title='bbox 2116 698 2250 768; x_wconf 82' lang='grc' dir='ltr'>πρὸς</span> <span class='ocrx_word' id='word_1_145' title='bbox 2276 699 2375 765; x_wconf 74' lang='grc' dir='ltr'>την</span> <span class='ocrx_word' id='word_1_146' title='bbox 2428 700 2659 772; x_wconf 74' lang='grc' dir='ltr'>ὑποψίαν</span> <span class='ocrx_word' id='word_1_147' title='bbox 2711 699 2800 755; x_wconf 73' lang='grc' dir='ltr'>καὶ</span> <span class='ocrx_word' id='word_1_148' title='bbox 2845 698 2921 755; x_wconf 78' lang='grc' dir='ltr'>ἔτι</span> <span class='ocrx_word' id='word_1_149' title='bbox 2974 700 3300 772; x_wconf 78' lang='grc' dir='ltr'>ἀμετάθετον</span> <span class='ocrx_word' id='word_1_150' title='bbox 3350 693 3493 772; x_wconf 81' lang='grc' dir='ltr'>ἔχων</span> <span class='ocrx_word' id='word_1_151' title='bbox 3554 697 3630 756; x_wconf 81' lang='grc' dir='ltr'>ὡς</span> 
     </span>
    </p>
   </div>
   <div class='ocr_carea' id='block_1_21' title="bbox 1981 781 3630 862">
    <p class='ocr_par' dir='ltr' id='par_1_21' title="bbox 1981 781 3630 862">
     <span class='ocr_line' id='line_1_21' title="bbox 1981 781 3630 862; baseline 0.002 -26"><span class='ocrx_word' id='word_1_152' title='bbox 1981 781 2188 853; x_wconf 78' lang='grc' dir='ltr'>ἐκείνην</span> <span class='ocrx_word' id='word_1_153' title='bbox 2254 787 2568 862; x_wconf 87' lang='grc' dir='ltr'>μαγγνείαις</span> <span class='ocrx_word' id='word_1_154' title='bbox 2622 788 2934 861; x_wconf 76' lang='grc' dir='ltr'>εἷ’θισμένην</span> <span class='ocrx_word' id='word_1_155' title='bbox 2985 787 3129 847; x_wconf 83' lang='grc' dir='ltr'>εἷ’κὸς</span> <span class='ocrx_word' id='word_1_156' title='bbox 3183 789 3274 842; x_wconf 85' lang='grc' dir='ltr'>καὶ</span> <span class='ocrx_word' id='word_1_157' title='bbox 3316 788 3433 842; x_wconf 90' lang='grc' dir='ltr'>κατ’</span> <span class='ocrx_word' id='word_1_158' title='bbox 3465 786 3630 840; x_wconf 80' lang='grc' dir='ltr'>αὐτοῦ</span> 
     </span>
    </p>
   </div>
   <div class='ocr_carea' id='block_1_22' title="bbox 1977 871 3630 950">
    <p class='ocr_par' dir='ltr' id='par_1_22' title="bbox 1977 871 3630 950">
     <span class='ocr_line' id='line_1_22' title="bbox 1977 871 3630 950; baseline 0.001 -25"><span class='ocrx_word' id='word_1_159' title='bbox 1977 871 2262 944; x_wconf 78' lang='grc' dir='ltr'>τολμῆσαι</span> <span class='ocrx_word' id='word_1_160' title='bbox 2291 875 2570 938; x_wconf 79' lang='grc' dir='ltr'>τοιούτοις</span> <span class='ocrx_word' id='word_1_161' title='bbox 2602 879 2934 950; x_wconf 77' lang='grc' dir='ltr'>χρήσασθαι,</span> <span class='ocrx_word' id='word_1_162' title='bbox 2968 874 3510 947; x_wconf 88' lang='grc' dir='ltr'>συνυποπτευομένου</span> <span class='ocrx_word' id='word_1_163' title='bbox 3540 872 3630 928; x_wconf 84' lang='grc' dir='ltr'>καὶ</span> 
     </span>
    </p>
   </div>
   <div class='ocr_carea' id='block_1_23' title="bbox 1978 960 3632 1042">
    <p class='ocr_par' dir='ltr' id='par_1_23' title="bbox 1978 960 3632 1042">
     <span class='ocr_line' id='line_1_23' title="bbox 1978 960 3632 1042; baseline 0.001 -28"><span class='ocrx_word' id='word_1_164' title='bbox 1978 960 2250 1038; x_wconf 74' lang='grc' dir='ltr'>τάδελφοῦ</span> <span class='ocrx_word' id='word_1_165' title='bbox 2303 964 2388 1017; x_wconf 82' lang='grc' dir='ltr'>ὑπ’</span> <span class='ocrx_word' id='word_1_166' title='bbox 2418 964 2553 1038; x_wconf 78' lang='grc' dir='ltr'>αὐτῇ</span> <span class='ocrx_word' id='word_1_167' title='bbox 2601 965 2898 1042; x_wconf 80' lang='grc' dir='ltr'>τραφέντος</span> <span class='ocrx_word' id='word_1_168' title='bbox 2952 966 3042 1020; x_wconf 84' lang='grc' dir='ltr'>καὶ</span> <span class='ocrx_word' id='word_1_169' title='bbox 3102 964 3490 1038; x_wconf 71' lang='grc' dir='ltr'>στεργομένου,</span> <span class='ocrx_word' id='word_1_170' title='bbox 3524 960 3632 1016; x_wconf 63' lang='grc' dir='ltr'>εἴτε</span> 
     </span>
    </p>
   </div>
   <div class='ocr_carea' id='block_1_24' title="bbox 1985 1050 3633 1126">
    <p class='ocr_par' dir='ltr' id='par_1_24' title="bbox 1985 1050 3633 1126">
     <span class='ocr_line' id='line_1_24' title="bbox 1985 1050 3633 1126; baseline 0.001 -24"><span class='ocrx_word' id='word_1_171' title='bbox 1985 1052 2092 1122; x_wconf 71' lang='grc' dir='ltr'>μὴν</span> <span class='ocrx_word' id='word_1_172' title='bbox 2123 1053 2211 1104; x_wconf 83' lang='grc' dir='ltr'>καὶ</span> <span class='ocrx_word' id='word_1_173' title='bbox 2244 1051 2320 1113; x_wconf 81' lang='grc' dir='ltr'>εἰς</span> <span class='ocrx_word' id='word_1_174' title='bbox 2354 1051 2558 1107; x_wconf 82' lang='grc' dir='ltr'>ἔννοιαν</span> <span class='ocrx_word' id='word_1_175' title='bbox 2593 1052 2766 1116; x_wconf 81' lang='grc' dir='ltr'>ἐλθὼν</span> <span class='ocrx_word' id='word_1_176' title='bbox 2822 1057 2894 1125; x_wconf 77' lang='grc' dir='ltr'>μή</span> <span class='ocrx_word' id='word_1_177' title='bbox 2950 1075 3069 1116; x_wconf 90' lang='grc' dir='ltr'>πως</span> <span class='ocrx_word' id='word_1_178' title='bbox 3123 1055 3230 1108; x_wconf 80' lang='grc' dir='ltr'>τῶν</span> <span class='ocrx_word' id='word_1_179' title='bbox 3281 1050 3633 1126; x_wconf 76' lang='grc' dir='ltr'>πραχθέντων</span> 
     </span>
    </p>
   </div>
   <div class='ocr_carea' id='block_1_25' title="bbox 1983 1137 3632 1217">
    <p class='ocr_par' dir='ltr' id='par_1_25' title="bbox 1983 1137 3632 1217">
     <span class='ocr_line' id='line_1_25' title="bbox 1983 1137 3632 1217; baseline 0.001 -26"><span class='ocrx_word' id='word_1_180' title='bbox 1983 1139 2056 1200; x_wconf 84' lang='grc' dir='ltr'>ὡς</span> <span class='ocrx_word' id='word_1_181' title='bbox 2115 1139 2260 1201; x_wconf 81' lang='grc' dir='ltr'>εἷ’κὸς</span> <span class='ocrx_word' id='word_1_182' title='bbox 2316 1140 2680 1196; x_wconf 85' lang='grc' dir='ltr'>ἀκουσθέντων</span> <span class='ocrx_word' id='word_1_183' title='bbox 2730 1144 2757 1196; x_wconf 90' lang='lat'>6</span> <span class='ocrx_word' id='word_1_184' title='bbox 2789 1141 3171 1217; x_wconf 82' lang='grc' dir='ltr'>Παλαιολόγος</span> <span class='ocrx_word' id='word_1_185' title='bbox 3226 1137 3632 1216; x_wconf 74' lang='grc' dir='ltr'>ὑϐριοπαθήσας</span> 
     </span>
    </p>
   </div>
   <div class='ocr_carea' id='block_1_26' title="bbox 1982 1226 3633 1306">
    <p class='ocr_par' dir='ltr' id='par_1_26' title="bbox 1982 1226 3633 1306">
     <span class='ocr_line' id='line_1_26' title="bbox 1982 1226 3633 1306; baseline 0.001 -25"><span class='ocrx_word' id='word_1_186' title='bbox 1982 1227 2056 1288; x_wconf 83' lang='grc' dir='ltr'>ὡς</span> <span class='ocrx_word' id='word_1_187' title='bbox 2114 1226 2346 1306; x_wconf 75' lang='grc' dir='ltr'>ἀδελφὸς</span> <span class='ocrx_word' id='word_1_188' title='bbox 2400 1232 2534 1306; x_wconf 82' lang='grc' dir='ltr'>πρὸς</span> <span class='ocrx_word' id='word_1_189' title='bbox 2590 1233 2954 1304; x_wconf 86' lang='grc' dir='ltr'>νεωτερισμὸν</span> <span class='ocrx_word' id='word_1_190' title='bbox 3029 1230 3398 1299; x_wconf 84' lang='grc' dir='ltr'>ἀποκλίνειεν,</span> <span class='ocrx_word' id='word_1_191' title='bbox 3457 1228 3633 1289; x_wconf 78' lang='grc' dir='ltr'>οὕτως</span> 
     </span>
    </p>
   </div>
   <div class='ocr_carea' id='block_1_27' title="bbox 1983 1311 3636 1393">
    <p class='ocr_par' dir='ltr' id='par_1_27' title="bbox 1983 1311 3636 1393">
     <span class='ocr_line' id='line_1_27' title="bbox 1983 1311 3636 1393; baseline 0 -23"><span class='ocrx_word' id='word_1_192' title='bbox 1983 1311 2126 1390; x_wconf 80' lang='grc' dir='ltr'>ἔχων</span> <span class='ocrx_word' id='word_1_193' title='bbox 2181 1317 2399 1391; x_wconf 85' lang='grc' dir='ltr'>πέμψας</span> <span class='ocrx_word' id='word_1_194' title='bbox 2457 1319 2547 1373; x_wconf 81' lang='grc' dir='ltr'>καὶ</span> <span class='ocrx_word' id='word_1_195' title='bbox 2601 1326 2700 1388; x_wconf 83' lang='grc' dir='ltr'>τῆς</span> <span class='ocrx_word' id='word_1_196' title='bbox 2747 1319 3042 1393; x_wconf 83' lang='grc' dir='ltr'>ἡγεμονίας</span> <span class='ocrx_word' id='word_1_197' title='bbox 3082 1319 3284 1374; x_wconf 83' lang='grc' dir='ltr'>ἐκείνον</span> <span class='ocrx_word' id='word_1_198' title='bbox 3318 1315 3636 1393; x_wconf 78' lang='grc' dir='ltr'>παραλύσας</span> 
     </span>
    </p>
   </div>
   <div class='ocr_carea' id='block_1_28' title="bbox 1983 1403 3636 1482">
    <p class='ocr_par' dir='ltr' id='par_1_28' title="bbox 1983 1403 3636 1482">
     <span class='ocr_line' id='line_1_28' title="bbox 1983 1403 3636 1482; baseline 0.001 -22"><span class='ocrx_word' id='word_1_199' title='bbox 1983 1407 2163 1480; x_wconf 78' lang='grc' dir='ltr'>ἀνάγει</span> <span class='ocrx_word' id='word_1_200' title='bbox 2198 1403 2552 1480; x_wconf 86' lang='grc' dir='ltr'>δέσμιον,τῷ</span> <span class='ocrx_word' id='word_1_201' title='bbox 2602 1410 2696 1481; x_wconf 74' lang='grc' dir='ltr'>μὲν</span> <span class='ocrx_word' id='word_1_202' title='bbox 2740 1406 2917 1464; x_wconf 81' lang='grc' dir='ltr'>δοκεῖν</span> <span class='ocrx_word' id='word_1_203' title='bbox 2968 1409 3092 1482; x_wconf 86' lang='grc' dir='ltr'>περὶ</span> <span class='ocrx_word' id='word_1_204' title='bbox 3145 1412 3242 1463; x_wconf 88' lang='grc' dir='ltr'>τοῦ</span> <span class='ocrx_word' id='word_1_205' title='bbox 3293 1413 3394 1477; x_wconf 84' lang='grc' dir='ltr'>τῆς</span> <span class='ocrx_word' id='word_1_206' title='bbox 3431 1426 3636 1480; x_wconf 87' lang='grc' dir='ltr'>μαγγα-</span> 
     </span>
    </p>
   </div>
   <div class='ocr_carea' id='block_1_29' title="bbox 1983 1493 3636 1573">
    <p class='ocr_par' dir='ltr' id='par_1_29' title="bbox 1983 1493 3636 1573">
     <span class='ocr_line' id='line_1_29' title="bbox 1983 1493 3636 1573; baseline -0.001 -24"><span class='ocrx_word' id='word_1_207' title='bbox 1983 1493 2127 1556; x_wconf 90' lang='grc' dir='ltr'>νείας</span> <span class='ocrx_word' id='word_1_208' title='bbox 2195 1494 2541 1570; x_wconf 78' lang='grc' dir='ltr'>ἐγκλήματος</span> <span class='ocrx_word' id='word_1_209' title='bbox 2611 1495 3113 1573; x_wconf 80' lang='grc' dir='ltr'>ἀπολογησόμενον,</span> <span class='ocrx_word' id='word_1_210' title='bbox 3170 1501 3239 1571; x_wconf 77' lang='grc' dir='ltr'>τῇ</span> <span class='ocrx_word' id='word_1_211' title='bbox 3300 1495 3349 1551; x_wconf 85' lang='grc' dir='ltr'>δ’</span> <span class='ocrx_word' id='word_1_212' title='bbox 3401 1495 3636 1565; x_wconf 79' lang='grc' dir='ltr'>ἀληθείᾳ</span> 
     </span>
    </p>
   </div>
   <div class='ocr_carea' id='block_1_30' title="bbox 1985 1585 3638 1662">
    <p class='ocr_par' dir='ltr' id='par_1_30' title="bbox 1985 1585 3638 1662">
     <span class='ocr_line' id='line_1_30' title="bbox 1985 1585 3638 1662; baseline 0.002 -25"><span class='ocrx_word' id='word_1_213' title='bbox 1985 1585 2289 1658; x_wconf 81' lang='grc' dir='ltr'>πρόσχημα</span> <span class='ocrx_word' id='word_1_214' title='bbox 2334 1587 2398 1654; x_wconf 81' lang='grc' dir='ltr'>ἦν</span> <span class='ocrx_word' id='word_1_215' title='bbox 2447 1588 2510 1641; x_wconf 92' lang='grc' dir='ltr'>τὸ</span> <span class='ocrx_word' id='word_1_216' title='bbox 2551 1588 2793 1662; x_wconf 76' lang='grc' dir='ltr'>πραχθὲν</span> <span class='ocrx_word' id='word_1_217' title='bbox 2843 1585 3072 1658; x_wconf 84' lang='grc' dir='ltr'>δειλίας,</span> <span class='ocrx_word' id='word_1_218' title='bbox 3101 1590 3197 1642; x_wconf 90' lang='grc' dir='ltr'>τοῦ</span> <span class='ocrx_word' id='word_1_219' title='bbox 3250 1588 3324 1659; x_wconf 77' lang='grc' dir='ltr'>μή</span> <span class='ocrx_word' id='word_1_220' title='bbox 3357 1607 3408 1640; x_wconf 92' lang='grc' dir='ltr'>τι</span> <span class='ocrx_word' id='word_1_221' title='bbox 3439 1605 3638 1640; x_wconf 88' lang='grc' dir='ltr'>νεωτε-</span> 
     </span>
    </p>
   </div>
   <div class='ocr_carea' id='block_1_31' title="bbox 1987 1672 3632 1748">
    <p class='ocr_par' dir='ltr' id='par_1_31' title="bbox 1987 1672 3632 1748">
     <span class='ocr_line' id='line_1_31' title="bbox 1987 1672 3632 1748; baseline 0 -21"><span class='ocrx_word' id='word_1_222' title='bbox 1987 1672 2129 1747; x_wconf 86' lang='grc' dir='ltr'>ρίσαι</span> <span class='ocrx_word' id='word_1_223' title='bbox 2183 1674 2501 1730; x_wconf 85' lang='grc' dir='ltr'>ἀκούσαντα.</span> <span class='ocrx_word' id='word_1_224' title='bbox 2534 1677 2602 1730; x_wconf 89' lang='grc' dir='ltr'>Τὸ</span> <span class='ocrx_word' id='word_1_225' title='bbox 2659 1674 2706 1730; x_wconf 87' lang='grc' dir='ltr'>δ’</span> <span class='ocrx_word' id='word_1_226' title='bbox 2735 1679 2798 1746; x_wconf 70' lang='grc' dir='ltr'>ἦν</span> <span class='ocrx_word' id='word_1_227' title='bbox 2851 1674 3020 1745; x_wconf 81' lang='grc' dir='ltr'>δῆλον</span> <span class='ocrx_word' id='word_1_228' title='bbox 3082 1676 3141 1730; x_wconf 74' lang='grc' dir='ltr'>ἐκ</span> <span class='ocrx_word' id='word_1_229' title='bbox 3189 1679 3289 1730; x_wconf 87' lang='grc' dir='ltr'>τοῦ</span> <span class='ocrx_word' id='word_1_230' title='bbox 3347 1675 3422 1748; x_wconf 83' lang='grc' dir='ltr'>μὴ</span> <span class='ocrx_word' id='word_1_231' title='bbox 3481 1673 3632 1734; x_wconf 83' lang='grc' dir='ltr'>ὅπως</span> 
     </span>
    </p>
   </div>
   <div class='ocr_carea' id='block_1_32' title="bbox 1992 1761 3638 1840">
    <p class='ocr_par' dir='ltr' id='par_1_32' title="bbox 1992 1761 3638 1840">
     <span class='ocr_line' id='line_1_32' title="bbox 1992 1761 3638 1840; baseline -0.001 -23"><span class='ocrx_word' id='word_1_232' title='bbox 1992 1764 2106 1834; x_wconf 86' lang='grc' dir='ltr'>μετ’</span> <span class='ocrx_word' id='word_1_233' title='bbox 2155 1762 2345 1838; x_wconf 86' lang='grc' dir='ltr'>ὀλίγον</span> <span class='ocrx_word' id='word_1_234' title='bbox 2389 1771 2490 1832; x_wconf 86' lang='grc' dir='ltr'>τῆς</span> <span class='ocrx_word' id='word_1_235' title='bbox 2549 1767 2768 1840; x_wconf 80' lang='grc' dir='ltr'>εἱρκτῆς</span> <span class='ocrx_word' id='word_1_236' title='bbox 2826 1765 3027 1820; x_wconf 80' lang='grc' dir='ltr'>ἐκεῖνον</span> <span class='ocrx_word' id='word_1_237' title='bbox 3080 1765 3290 1828; x_wconf 79' lang='grc' dir='ltr'>ἐσαῦθις</span> <span class='ocrx_word' id='word_1_238' title='bbox 3347 1761 3638 1817; x_wconf 85' lang='grc' dir='ltr'>ἀνακαλεῖ-</span> 
     </span>
    </p>
   </div>
   <div class='ocr_carea' id='block_1_33' title="bbox 221 1849 3634 1942">
    <p class='ocr_par' dir='ltr' id='par_1_33' title="bbox 221 1849 3634 1942">
     <span class='ocr_line' id='line_1_33' title="bbox 221 1849 3634 1942; baseline 0 -39"><span class='ocrx_word' id='word_1_239' title='bbox 221 1850 622 1922; x_wconf 83' lang='grc' dir='ltr'>πυνθάνομένου</span> <span class='ocrx_word' id='word_1_240' title='bbox 677 1857 775 1907; x_wconf 87' lang='grc' dir='ltr'>τοῦ</span> <span class='ocrx_word' id='word_1_241' title='bbox 839 1856 1108 1929; x_wconf 85' lang='grc' dir='ltr'>βασιλέως</span> <span class='ocrx_word' id='word_1_242' title='bbox 1160 1857 1310 1922; x_wconf 77' lang='grc' dir='ltr'>ὅπως</span> <span class='ocrx_word' id='word_1_243' title='bbox 1365 1865 1527 1916; x_wconf 90' lang='grc' dir='ltr'>τοῦτο</span> <span class='ocrx_word' id='word_1_244' title='bbox 1584 1862 1816 1936; x_wconf 84' lang='grc' dir='ltr'>γένοιτο,</span> <span class='ocrx_word' id='word_1_245' title='bbox 1849 1866 1877 1918; x_wconf 89' lang='lat'>6</span> <span class='ocrx_word' id='word_1_246' title='bbox 1910 1878 1955 1942; x_wconf 83' lang='lat' dir='ltr'><strong>B</strong></span> <span class='ocrx_word' id='word_1_247' title='bbox 1988 1854 2110 1906; x_wconf 72' lang='grc' dir='ltr'>σθαι</span> <span class='ocrx_word' id='word_1_248' title='bbox 2140 1851 2230 1906; x_wconf 67' lang='grc' dir='ltr'>καὶ</span> <span class='ocrx_word' id='word_1_249' title='bbox 2273 1855 2595 1925; x_wconf 80' lang='grc' dir='ltr'>συμπαθεῖν,</span> <span class='ocrx_word' id='word_1_250' title='bbox 2625 1852 2770 1909; x_wconf 76' lang='grc' dir='ltr'>ἀλλὰ</span> <span class='ocrx_word' id='word_1_251' title='bbox 2821 1856 2910 1909; x_wconf 84' lang='grc' dir='ltr'>καὶ</span> <span class='ocrx_word' id='word_1_252' title='bbox 2963 1855 3088 1928; x_wconf 88' lang='grc' dir='ltr'>περὶ</span> <span class='ocrx_word' id='word_1_253' title='bbox 3146 1855 3321 1925; x_wconf 72' lang='grc' dir='ltr'>ἑαυτῷ</span> <span class='ocrx_word' id='word_1_254' title='bbox 3367 1849 3457 1906; x_wconf 84' lang='grc' dir='ltr'>καὶ</span> <span class='ocrx_word' id='word_1_255' title='bbox 3511 1854 3634 1912; x_wconf 87' lang='grc' dir='ltr'>τοῖς</span> 
     </span>
    </p>
   </div>
   <div class='ocr_carea' id='block_1_34' title="bbox 222 1936 1878 2024">
    <p class='ocr_par' dir='ltr' id='par_1_34' title="bbox 222 1936 1878 2024">
     <span class='ocr_line' id='line_1_34' title="bbox 222 1936 1878 2024; baseline 0.008 -32"><span class='ocrx_word' id='word_1_256' title='bbox 222 1936 280 1993; x_wconf 75' lang='grc' dir='ltr'>δὲ</span> <span class='ocrx_word' id='word_1_257' title='bbox 335 1943 553 2010; x_wconf 81' lang='grc' dir='ltr'>πρῶτον</span> <span class='ocrx_word' id='word_1_258' title='bbox 609 1941 704 2012; x_wconf 74' lang='grc' dir='ltr'>μὲν</span> <span class='ocrx_word' id='word_1_259' title='bbox 765 1943 1055 2014; x_wconf 85' lang='grc' dir='ltr'>ὑπεσκίαζε</span> <span class='ocrx_word' id='word_1_260' title='bbox 1105 1949 1197 2001; x_wconf 89' lang='grc' dir='ltr'>τὸν</span> <span class='ocrx_word' id='word_1_261' title='bbox 1236 1947 1510 2024; x_wconf 85' lang='grc' dir='ltr'>ἀπόλογον</span> <span class='ocrx_word' id='word_1_262' title='bbox 1547 1952 1620 2012; x_wconf 86' lang='grc' dir='ltr'>ὡς</span> <span class='ocrx_word' id='word_1_263' title='bbox 1680 1953 1755 2022; x_wconf 82' lang='grc' dir='ltr'>μὴ</span> <span class='ocrx_word' id='word_1_264' title='bbox 1791 1953 1878 2016; x_wconf 87' lang='grc' dir='ltr'>θέ-</span> 
     </span>
    </p>
   </div>
   <div class='ocr_carea' id='block_1_35' title="bbox 222 2025 1880 2113">
    <p class='ocr_par' dir='ltr' id='par_1_35' title="bbox 222 2025 1880 2113">
     <span class='ocr_line' id='line_1_35' title="bbox 222 2025 1880 2113; baseline 0.009 -33"><span class='ocrx_word' id='word_1_265' title='bbox 222 2025 336 2081; x_wconf 91' lang='grc' dir='ltr'>λων</span> <span class='ocrx_word' id='word_1_266' title='bbox 388 2029 782 2085; x_wconf 84' lang='grc' dir='ltr'>ἀνακαλύπτειν</span> <span class='ocrx_word' id='word_1_267' title='bbox 832 2029 1018 2103; x_wconf 80' lang='grc' dir='ltr'>δῆθεν,</span> <span class='ocrx_word' id='word_1_268' title='bbox 1054 2037 1151 2099; x_wconf 77' lang='grc' dir='ltr'>εἶθ’</span> <span class='ocrx_word' id='word_1_269' title='bbox 1183 2037 1257 2098; x_wconf 84' lang='grc' dir='ltr'>ὡς</span> <span class='ocrx_word' id='word_1_270' title='bbox 1307 2039 1399 2092; x_wconf 82' lang='grc' dir='ltr'>καὶ</span> <span class='ocrx_word' id='word_1_271' title='bbox 1451 2037 1880 2113; x_wconf 64' lang='grc' dir='ltr'>δραστικώτερον</span> 
     </span>
    </p>
   </div>
   <div class='ocr_carea' id='block_1_36' title="bbox 226 2116 1877 2201">
    <p class='ocr_par' dir='ltr' id='par_1_36' title="bbox 226 2116 1877 2201">
     <span class='ocr_line' id='line_1_36' title="bbox 226 2116 1877 2201; baseline 0.009 -31"><span class='ocrx_word' id='word_1_272' title='bbox 226 2116 555 2189; x_wconf 78' lang='grc' dir='ltr'>ἀνεκρίνετο,</span> <span class='ocrx_word' id='word_1_273' title='bbox 623 2122 949 2194; x_wconf 75' lang='grc' dir='ltr'>μαγγανείαν</span> <span class='ocrx_word' id='word_1_274' title='bbox 997 2123 1058 2178; x_wconf 88' lang='grc' dir='ltr'>τὸ</span> <span class='ocrx_word' id='word_1_275' title='bbox 1109 2123 1364 2196; x_wconf 83' lang='grc' dir='ltr'>ἐμποδὼν</span> <span class='ocrx_word' id='word_1_276' title='bbox 1423 2126 1599 2201; x_wconf 76' lang='grc' dir='ltr'>ἔλεγε.</span> <span class='ocrx_word' id='word_1_277' title='bbox 1632 2131 1728 2183; x_wconf 78' lang='grc' dir='ltr'>Καὶ</span> <span class='ocrx_word' id='word_1_278' title='bbox 1788 2133 1877 2184; x_wconf 79' lang='grc' dir='ltr'>εύ-</span> 
     </span>
    </p>
   </div>
   <div class='ocr_carea' id='block_1_37' title="bbox 228 2205 1878 2289">
    <p class='ocr_par' dir='ltr' id='par_1_37' title="bbox 228 2205 1878 2289">
     <span class='ocr_line' id='line_1_37' title="bbox 228 2205 1878 2289; baseline 0.009 -31"><span class='ocrx_word' id='word_1_279' title='bbox 228 2205 321 2267; x_wconf 83' lang='grc' dir='ltr'>Οῦς</span> <span class='ocrx_word' id='word_1_280' title='bbox 376 2205 581 2280; x_wconf 79' lang='grc' dir='ltr'>ὑποψία</span> <span class='ocrx_word' id='word_1_281' title='bbox 634 2211 759 2282; x_wconf 84' lang='grc' dir='ltr'>περὶ</span> <span class='ocrx_word' id='word_1_282' title='bbox 809 2211 983 2283; x_wconf 69' lang='grc' dir='ltr'>ἑαυτῷ</span> <span class='ocrx_word' id='word_1_283' title='bbox 1032 2217 1128 2266; x_wconf 87' lang='grc' dir='ltr'>τοῦ</span> <span class='ocrx_word' id='word_1_284' title='bbox 1184 2219 1510 2288; x_wconf 75' lang='grc' dir='ltr'>κρατοῦντος</span> <span class='ocrx_word' id='word_1_285' title='bbox 1565 2217 1655 2271; x_wconf 86' lang='grc' dir='ltr'>καὶ</span> <span class='ocrx_word' id='word_1_286' title='bbox 1708 2220 1878 2289; x_wconf 83' lang='grc' dir='ltr'>θυμὸς</span> 
     </span>
    </p>
   </div>
   <div class='ocr_carea' id='block_1_38' title="bbox 230 2293 1876 2378">
    <p class='ocr_par' dir='ltr' id='par_1_38' title="bbox 230 2293 1876 2378">
     <span class='ocr_line' id='line_1_38' title="bbox 230 2293 1876 2378; baseline 0.007 -28"><span class='ocrx_word' id='word_1_287' title='bbox 230 2296 314 2366; x_wconf 83' lang='grc' dir='ltr'>[Ρ.</span> <span class='ocrx_word' id='word_1_288' title='bbox 349 2296 436 2367; x_wconf 81' lang='grc'>19]</span> <span class='ocrx_word' id='word_1_289' title='bbox 464 2295 651 2350; x_wconf 84' lang='grc' dir='ltr'>πολλὰ</span> <span class='ocrx_word' id='word_1_290' title='bbox 677 2293 875 2370; x_wconf 76' lang='grc' dir='ltr'>δεινὸς,</span> <span class='ocrx_word' id='word_1_291' title='bbox 905 2298 994 2353; x_wconf 83' lang='grc' dir='ltr'>καὶ</span> <span class='ocrx_word' id='word_1_292' title='bbox 1027 2298 1180 2356; x_wconf 69' lang='grc' dir='ltr'>οὐδὲν</span> <span class='ocrx_word' id='word_1_293' title='bbox 1214 2303 1423 2378; x_wconf 78' lang='grc' dir='ltr'>ὑφεῖναι</span> <span class='ocrx_word' id='word_1_294' title='bbox 1475 2302 1652 2359; x_wconf 81' lang='grc' dir='ltr'>δοκῶν</span> <span class='ocrx_word' id='word_1_295' title='bbox 1697 2306 1747 2360; x_wconf 71' lang='grc' dir='ltr'>εἴ</span> <span class='ocrx_word' id='word_1_296' title='bbox 1802 2309 1876 2377; x_wconf 77' lang='grc' dir='ltr'>μὴ</span> 
     </span>
    </p>
   </div>
   <div class='ocr_carea' id='block_1_39' title="bbox 232 2382 1878 2469">
    <p class='ocr_par' dir='ltr' id='par_1_39' title="bbox 232 2382 1878 2469">
     <span class='ocr_line' id='line_1_39' title="bbox 232 2382 1878 2469; baseline 0.008 -33"><span class='ocrx_word' id='word_1_297' title='bbox 232 2382 566 2457; x_wconf 86' lang='grc' dir='ltr'>ὁμολογοῖτο</span> <span class='ocrx_word' id='word_1_298' title='bbox 623 2387 658 2453; x_wconf 79' lang='grc' dir='ltr'><strong>ἡ</strong></span> <span class='ocrx_word' id='word_1_299' title='bbox 703 2389 1018 2460; x_wconf 89' lang='grc' dir='ltr'>μαγγανεία.</span> <span class='ocrx_word' id='word_1_300' title='bbox 1072 2390 1243 2452; x_wconf 83' lang='grc' dir='ltr'>Εὐθὺς</span> <span class='ocrx_word' id='word_1_301' title='bbox 1301 2390 1395 2446; x_wconf 77' lang='grc' dir='ltr'>οῦν</span> <span class='ocrx_word' id='word_1_302' title='bbox 1456 2395 1652 2457; x_wconf 77' lang='grc' dir='ltr'>σάκκος</span> <span class='ocrx_word' id='word_1_303' title='bbox 1706 2394 1878 2469; x_wconf 88' lang='grc' dir='ltr'>ἀχυρ-</span> 
     </span>
    </p>
   </div>
   <div class='ocr_carea' id='block_1_40' title="bbox 231 2471 1877 2558">
    <p class='ocr_par' dir='ltr' id='par_1_40' title="bbox 231 2471 1877 2558">
     <span class='ocr_line' id='line_1_40' title="bbox 231 2471 1877 2558; baseline 0.008 -34"><span class='ocrx_word' id='word_1_304' title='bbox 231 2475 380 2541; x_wconf 84' lang='grc' dir='ltr'>μιᾶς,</span> <span class='ocrx_word' id='word_1_305' title='bbox 414 2471 504 2526; x_wconf 87' lang='grc' dir='ltr'>καὶ</span> <span class='ocrx_word' id='word_1_306' title='bbox 560 2477 738 2549; x_wconf 87' lang='grc' dir='ltr'>γυμνή</span> <span class='ocrx_word' id='word_1_307' title='bbox 801 2473 1014 2548; x_wconf 87' lang='grc' dir='ltr'>σύναμα</span> <span class='ocrx_word' id='word_1_308' title='bbox 1071 2479 1275 2552; x_wconf 84' lang='grc' dir='ltr'>γαλαῖς</span> <span class='ocrx_word' id='word_1_309' title='bbox 1332 2484 1366 2550; x_wconf 78' lang='grc' dir='ltr'>ἡ</span> <span class='ocrx_word' id='word_1_310' title='bbox 1427 2479 1650 2557; x_wconf 80' lang='grc' dir='ltr'>εὒγενής</span> <span class='ocrx_word' id='word_1_311' title='bbox 1709 2489 1877 2558; x_wconf 80' lang='grc' dir='ltr'>γραῦς</span> 
     </span>
    </p>
   </div>
   <div class='ocr_carea' id='block_1_41' title="bbox 227 2559 1878 2643">
    <p class='ocr_par' dir='ltr' id='par_1_41' title="bbox 227 2559 1878 2643">
     <span class='ocr_line' id='line_1_41' title="bbox 227 2559 1878 2643; baseline 0.008 -29"><span class='ocrx_word' id='word_1_312' title='bbox 227 2559 374 2622; x_wconf 81' lang='grc' dir='ltr'>ἐντὸς</span> <span class='ocrx_word' id='word_1_313' title='bbox 429 2560 862 2636; x_wconf 86' lang='grc' dir='ltr'>συναπείληπτο,</span> <span class='ocrx_word' id='word_1_314' title='bbox 900 2565 974 2619; x_wconf 83' lang='grc' dir='ltr'>ὧν</span> <span class='ocrx_word' id='word_1_315' title='bbox 1033 2567 1225 2641; x_wconf 86' lang='grc' dir='ltr'>λύγοις</span> <span class='ocrx_word' id='word_1_316' title='bbox 1280 2567 1469 2640; x_wconf 69' lang='grc' dir='ltr'>ἔξωθεν</span> <span class='ocrx_word' id='word_1_317' title='bbox 1520 2574 1878 2643; x_wconf 89' lang='grc' dir='ltr'>μυωπιζομέ-</span> 
     </span>
    </p>
   </div>
   <div class='ocr_carea' id='block_1_42' title="bbox 225 2653 1876 2736">
    <p class='ocr_par' dir='ltr' id='par_1_42' title="bbox 225 2653 1876 2736">
     <span class='ocr_line' id='line_1_42' title="bbox 225 2653 1876 2736; baseline 0.008 -33"><span class='ocrx_word' id='word_1_318' title='bbox 225 2670 329 2703; x_wconf 92' lang='grc' dir='ltr'>νων</span> <span class='ocrx_word' id='word_1_319' title='bbox 361 2655 480 2712; x_wconf 90' lang='grc' dir='ltr'>ταῖς</span> <span class='ocrx_word' id='word_1_320' title='bbox 513 2655 620 2705; x_wconf 81' lang='grc' dir='ltr'>τῶν</span> <span class='ocrx_word' id='word_1_321' title='bbox 651 2653 867 2728; x_wconf 84' lang='grc' dir='ltr'>ὀνύχων</span> <span class='ocrx_word' id='word_1_322' title='bbox 901 2655 1101 2728; x_wconf 84' lang='grc' dir='ltr'>ἀκμαῖς</span> <span class='ocrx_word' id='word_1_323' title='bbox 1139 2656 1430 2732; x_wconf 82' lang='grc' dir='ltr'>ἐπερονᾶτο</span> <span class='ocrx_word' id='word_1_324' title='bbox 1481 2662 1515 2728; x_wconf 76' lang='grc' dir='ltr'>ἠ</span> <span class='ocrx_word' id='word_1_325' title='bbox 1567 2662 1876 2736; x_wconf 82' lang='grc' dir='ltr'>πάσχουσα,</span> 
     </span>
    </p>
   </div>
   <div class='ocr_carea' id='block_1_43' title="bbox 224 2737 1879 2827">
    <p class='ocr_par' dir='ltr' id='par_1_43' title="bbox 224 2737 1879 2827">
     <span class='ocr_line' id='line_1_43' title="bbox 224 2737 1879 2827; baseline 0.008 -35"><span class='ocrx_word' id='word_1_326' title='bbox 224 2737 305 2814; x_wconf 80' lang='grc' dir='ltr'>ἐφ’</span> <span class='ocrx_word' id='word_1_327' title='bbox 337 2738 382 2811; x_wconf 84' lang='grc' dir='ltr'>ᾦ</span> <span class='ocrx_word' id='word_1_328' title='bbox 409 2738 856 2814; x_wconf 84' lang='grc' dir='ltr'>ἀναγκαζομένην</span> <span class='ocrx_word' id='word_1_329' title='bbox 904 2744 993 2798; x_wconf 85' lang='grc' dir='ltr'>καὶ</span> <span class='ocrx_word' id='word_1_330' title='bbox 1045 2743 1274 2800; x_wconf 77' lang='grc' dir='ltr'>ἄκουσαν</span> <span class='ocrx_word' id='word_1_331' title='bbox 1321 2748 1546 2820; x_wconf 81' lang='grc' dir='ltr'>ἐξειπεῖν</span> <span class='ocrx_word' id='word_1_332' title='bbox 1598 2752 1660 2805; x_wconf 84' lang='grc' dir='ltr'>τὸ</span> <span class='ocrx_word' id='word_1_333' title='bbox 1707 2750 1879 2827; x_wconf 81' lang='grc' dir='ltr'>ἀπόρ-</span> 
     </span>
    </p>
   </div>
   <div class='ocr_carea' id='block_1_44' title="bbox 227 2827 1879 2911">
    <p class='ocr_par' dir='ltr' id='par_1_44' title="bbox 227 2827 1879 2911">
     <span class='ocr_line' id='line_1_44' title="bbox 227 2827 1879 2911; baseline 0.007 -29"><span class='ocrx_word' id='word_1_334' title='bbox 227 2827 416 2902; x_wconf 81' lang='grc' dir='ltr'>ῥητον.</span> <span class='ocrx_word' id='word_1_335' title='bbox 452 2828 609 2885; x_wconf 80' lang='grc' dir='ltr'>Ἀλλ’</span> <span class='ocrx_word' id='word_1_336' title='bbox 657 2830 756 2885; x_wconf 83' lang='grc' dir='ltr'>οὐκ</span> <span class='ocrx_word' id='word_1_337' title='bbox 807 2831 874 2900; x_wconf 84' lang='grc' dir='ltr'>ἧν</span> <span class='ocrx_word' id='word_1_338' title='bbox 935 2833 1101 2889; x_wconf 85' lang='grc' dir='ltr'>πλέον</span> <span class='ocrx_word' id='word_1_339' title='bbox 1157 2837 1284 2911; x_wconf 81' lang='grc' dir='ltr'>παρ’</span> <span class='ocrx_word' id='word_1_340' title='bbox 1315 2835 1519 2908; x_wconf 83' lang='grc' dir='ltr'>ἐκείνης</span> <span class='ocrx_word' id='word_1_341' title='bbox 1576 2840 1787 2895; x_wconf 82' lang='grc' dir='ltr'>ἀκούειν</span> <span class='ocrx_word' id='word_1_342' title='bbox 1845 2839 1879 2907; x_wconf 73' lang='grc' dir='ltr'>ἢ</span> 
     </span>
    </p>
   </div>
   <div class='ocr_carea' id='block_1_45' title="bbox 224 2915 1880 3002">
    <p class='ocr_par' dir='ltr' id='par_1_45' title="bbox 224 2915 1880 3002">
     <span class='ocr_line' id='line_1_45' title="bbox 224 2915 1880 3002; baseline 0.007 -33"><span class='ocrx_word' id='word_1_343' title='bbox 224 2915 287 2970; x_wconf 85' lang='grc' dir='ltr'>τὸ</span> <span class='ocrx_word' id='word_1_344' title='bbox 350 2918 426 2989; x_wconf 82' lang='grc' dir='ltr'>μή</span> <span class='ocrx_word' id='word_1_345' title='bbox 483 2916 775 2974; x_wconf 88' lang='grc' dir='ltr'>συνειδέναι</span> <span class='ocrx_word' id='word_1_346' title='bbox 829 2941 881 2974; x_wconf 91' lang='grc' dir='ltr'>τι</span> <span class='ocrx_word' id='word_1_347' title='bbox 939 2926 1188 2978; x_wconf 91' lang='grc' dir='ltr'>τοιοῦτον</span> <span class='ocrx_word' id='word_1_348' title='bbox 1250 2926 1412 2998; x_wconf 74' lang='grc' dir='ltr'>ἑαυτῇ</span> <span class='ocrx_word' id='word_1_349' title='bbox 1464 2928 1734 3002; x_wconf 81' lang='grc' dir='ltr'>πραξάσῃ,</span> <span class='ocrx_word' id='word_1_350' title='bbox 1791 2929 1880 2983; x_wconf 88' lang='grc' dir='ltr'>καὶ</span> 
     </span>
    </p>
   </div>
   <div class='ocr_carea' id='block_1_46' title="bbox 234 3094 1880 3178">
    <p class='ocr_par' dir='ltr' id='par_1_46' title="bbox 234 3094 1880 3178">
     <span class='ocr_line' id='line_1_46' title="bbox 234 3094 1880 3178; baseline 0.009 -28"><span class='ocrx_word' id='word_1_351' title='bbox 234 3094 382 3164; x_wconf 86' lang='lat' dir='ltr'>cipis</span> <span class='ocrx_word' id='word_1_352' title='bbox 406 3095 516 3150; x_wconf 90' lang='lat' dir='ltr'>rite</span> <span class='ocrx_word' id='word_1_353' title='bbox 547 3097 850 3167; x_wconf 81' lang='lat' dir='ltr'>sponsalia</span> <span class='ocrx_word' id='word_1_354' title='bbox 881 3105 1115 3168; x_wconf 89' lang='lat' dir='ltr'>sunt,et</span> <span class='ocrx_word' id='word_1_355' title='bbox 1132 3101 1436 3172; x_wconf 88' lang='lat' dir='ltr'>aliquanto</span> <span class='ocrx_word' id='word_1_356' title='bbox 1467 3105 1603 3160; x_wconf 92' lang='lat' dir='ltr'>inde</span> <span class='ocrx_word' id='word_1_357' title='bbox 1617 3108 1807 3178; x_wconf 92' lang='lat' dir='ltr'>spatio</span> <span class='ocrx_word' id='word_1_358' title='bbox 1830 3109 1880 3165; x_wconf 93' lang='lat' dir='ltr'>is</span> 
     </span>
    </p>
   </div>
   <div class='ocr_carea' id='block_1_47' title="bbox 231 3183 1880 3268">
    <p class='ocr_par' dir='ltr' id='par_1_47' title="bbox 231 3183 1880 3268">
     <span class='ocr_line' id='line_1_47' title="bbox 231 3183 1880 3268; baseline 0.008 -30"><span class='ocrx_word' id='word_1_359' title='bbox 231 3183 464 3254; x_wconf 85' lang='lat' dir='ltr'>juvenis</span> <span class='ocrx_word' id='word_1_360' title='bbox 495 3187 698 3256; x_wconf 82' lang='lat' dir='ltr'>sponsi</span> <span class='ocrx_word' id='word_1_361' title='bbox 723 3188 941 3244; x_wconf 91' lang='lat' dir='ltr'>ﬁducia</span> <span class='ocrx_word' id='word_1_362' title='bbox 974 3190 1127 3245; x_wconf 72' lang='lat' dir='ltr'>aedes</span> <span class='ocrx_word' id='word_1_363' title='bbox 1151 3190 1359 3260; x_wconf 74' lang='lat' dir='ltr'>puellae</span> <span class='ocrx_word' id='word_1_364' title='bbox 1392 3193 1880 3268; x_wconf 81' lang='lat' dir='ltr'>frequentaverat,</span> 
     </span>
    </p>
   </div>
   <div class='ocr_carea' id='block_1_48' title="bbox 236 3275 1883 3356">
    <p class='ocr_par' dir='ltr' id='par_1_48' title="bbox 236 3275 1883 3356">
     <span class='ocr_line' id='line_1_48' title="bbox 236 3275 1883 3356; baseline 0.01 -29"><span class='ocrx_word' id='word_1_365' title='bbox 236 3288 372 3327; x_wconf 90' lang='lat' dir='ltr'>cum</span> <span class='ocrx_word' id='word_1_366' title='bbox 400 3289 532 3329; x_wconf 86' lang='lat' dir='ltr'>ecce</span> <span class='ocrx_word' id='word_1_367' title='bbox 561 3275 761 3332; x_wconf 89' lang='lat' dir='ltr'>nescio</span> <span class='ocrx_word' id='word_1_368' title='bbox 818 3293 937 3347; x_wconf 90' lang='lat' dir='ltr'>qua</span> <span class='ocrx_word' id='word_1_369' title='bbox 967 3279 1272 3351; x_wconf 87' lang='lat' dir='ltr'>repentina</span> <span class='ocrx_word' id='word_1_370' title='bbox 1320 3283 1648 3339; x_wconf 79' lang='lat' dir='ltr'>mutatione</span> <span class='ocrx_word' id='word_1_371' title='bbox 1697 3285 1883 3356; x_wconf 89' lang='lat' dir='ltr'>impe-</span> 
     </span>
    </p>
   </div>
   <div class='ocr_carea' id='block_1_49' title="bbox 238 3363 1886 3442">
    <p class='ocr_par' dir='ltr' id='par_1_49' title="bbox 238 3363 1886 3442">
     <span class='ocr_line' id='line_1_49' title="bbox 238 3363 1886 3442; baseline 0.009 -27"><span class='ocrx_word' id='word_1_372' title='bbox 238 3366 418 3429; x_wconf 86' lang='lat' dir='ltr'>rator,</span> <span class='ocrx_word' id='word_1_373' title='bbox 443 3363 570 3432; x_wconf 80' lang='lat' dir='ltr'>iure</span> <span class='ocrx_word' id='word_1_374' title='bbox 603 3381 670 3419; x_wconf 93' lang='lat' dir='ltr'>ac</span> <span class='ocrx_word' id='word_1_375' title='bbox 700 3366 886 3436; x_wconf 90' lang='lat' dir='ltr'>pactis</span> <span class='ocrx_word' id='word_1_376' title='bbox 916 3367 1189 3423; x_wconf 86' lang='lat' dir='ltr'>absoluta</span> <span class='ocrx_word' id='word_1_377' title='bbox 1220 3373 1504 3436; x_wconf 76' lang='lat' dir='ltr'>potestate</span> <span class='ocrx_word' id='word_1_378' title='bbox 1534 3389 1755 3442; x_wconf 86' lang='lat' dir='ltr'>susque</span> <span class='ocrx_word' id='word_1_379' title='bbox 1787 3377 1886 3429; x_wconf 93' lang='lat' dir='ltr'>de-</span> 
     </span>
    </p>
   </div>
   <div class='ocr_carea' id='block_1_50' title="bbox 239 3450 1888 3531">
    <p class='ocr_par' dir='ltr' id='par_1_50' title="bbox 239 3450 1888 3531">
     <span class='ocr_line' id='line_1_50' title="bbox 239 3450 1888 3531; baseline 0.011 -29"><span class='ocrx_word' id='word_1_380' title='bbox 239 3466 353 3521; x_wconf 88' lang='lat' dir='ltr'>que</span> <span class='ocrx_word' id='word_1_381' title='bbox 384 3450 598 3508; x_wconf 89' lang='lat' dir='ltr'>habere</span> <span class='ocrx_word' id='word_1_382' title='bbox 614 3453 823 3523; x_wconf 87' lang='lat' dir='ltr'>jussis,</span> <span class='ocrx_word' id='word_1_383' title='bbox 859 3455 1333 3526; x_wconf 86' lang='lat' dir='ltr'>inopinatissime</span> <span class='ocrx_word' id='word_1_384' title='bbox 1365 3459 1616 3531; x_wconf 88' lang='lat' dir='ltr'>imperat</span> <span class='ocrx_word' id='word_1_385' title='bbox 1638 3463 1888 3520; x_wconf 85' lang='lat' dir='ltr'>Tarcba-</span> 
     </span>
    </p>
   </div>
   <div class='ocr_carea' id='block_1_51' title="bbox 239 3539 1888 3619">
    <p class='ocr_par' dir='ltr' id='par_1_51' title="bbox 239 3539 1888 3619">
     <span class='ocr_line' id='line_1_51' title="bbox 239 3539 1888 3619; baseline 0.009 -26"><span class='ocrx_word' id='word_1_386' title='bbox 239 3539 410 3594; x_wconf 67' lang='lat' dir='ltr'>niota</span> <span class='ocrx_word' id='word_1_387' title='bbox 463 3541 664 3612; x_wconf 81' lang='lat' dir='ltr'>magni</span> <span class='ocrx_word' id='word_1_388' title='bbox 713 3544 1016 3600; x_wconf 80' lang='lat' dir='ltr'>domestici</span> <span class='ocrx_word' id='word_1_389' title='bbox 1050 3544 1231 3600; x_wconf 91' lang='lat' dir='ltr'>ﬁliam</span> <span class='ocrx_word' id='word_1_390' title='bbox 1264 3547 1388 3602; x_wconf 90' lang='lat' dir='ltr'>viro</span> <span class='ocrx_word' id='word_1_391' title='bbox 1417 3547 1627 3619; x_wconf 49' lang='lat' dir='ltr'>{nobili</span> <span class='ocrx_word' id='word_1_392' title='bbox 1675 3553 1888 3609; x_wconf 84' lang='lat' dir='ltr'>Basilio</span> 
     </span>
    </p>
   </div>
   <div class='ocr_carea' id='block_1_52' title="bbox 238 3628 1888 3710">
    <p class='ocr_par' dir='ltr' id='par_1_52' title="bbox 238 3628 1888 3710">
     <span class='ocr_line' id='line_1_52' title="bbox 238 3628 1888 3710; baseline 0.008 -27"><span class='ocrx_word' id='word_1_393' title='bbox 238 3628 551 3683; x_wconf 89' lang='lat' dir='ltr'>Caballarii</span> <span class='ocrx_word' id='word_1_394' title='bbox 601 3630 718 3685; x_wconf 86' lang='lat' dir='ltr'>ﬁlio</span> <span class='ocrx_word' id='word_1_395' title='bbox 768 3632 1009 3690; x_wconf 91' lang='lat' dir='ltr'>nubere.</span> <span class='ocrx_word' id='word_1_396' title='bbox 1048 3636 1112 3689; x_wconf 91' lang='lat' dir='ltr'>In</span> <span class='ocrx_word' id='word_1_397' title='bbox 1164 3651 1388 3706; x_wconf 73' lang='lat' dir='ltr'>magnas</span> <span class='ocrx_word' id='word_1_398' title='bbox 1421 3641 1546 3694; x_wconf 91' lang='lat' dir='ltr'>loco</span> <span class='ocrx_word' id='word_1_399' title='bbox 1579 3641 1778 3710; x_wconf 82' lang='lat' dir='ltr'>gratiae</span> <span class='ocrx_word' id='word_1_400' title='bbox 1828 3643 1888 3697; x_wconf 90' lang='lat' dir='ltr'>id</span> 
     </span>
    </p>
   </div>
   <div class='ocr_carea' id='block_1_53' title="bbox 241 3716 1886 3799">
    <p class='ocr_par' dir='ltr' id='par_1_53' title="bbox 241 3716 1886 3799">
     <span class='ocr_line' id='line_1_53' title="bbox 241 3716 1886 3799; baseline 0.007 -27"><span class='ocrx_word' id='word_1_401' title='bbox 241 3716 491 3772; x_wconf 90' lang='lat' dir='ltr'>Basilius</span> <span class='ocrx_word' id='word_1_402' title='bbox 533 3717 762 3786; x_wconf 83' lang='lat' dir='ltr'>habuit,</span> <span class='ocrx_word' id='word_1_403' title='bbox 798 3723 855 3774; x_wconf 91' lang='lat' dir='ltr'>et</span> <span class='ocrx_word' id='word_1_404' title='bbox 885 3737 989 3792; x_wconf 91' lang='lat' dir='ltr'>pro</span> <span class='ocrx_word' id='word_1_405' title='bbox 1040 3739 1100 3776; x_wconf 92' lang='lat' dir='ltr'>se</span> <span class='ocrx_word' id='word_1_406' title='bbox 1132 3738 1254 3778; x_wconf 89' lang='lat' dir='ltr'>rem</span> <span class='ocrx_word' id='word_1_407' title='bbox 1288 3727 1553 3796; x_wconf 85' lang='lat' dir='ltr'>urgebat.</span> <span class='ocrx_word' id='word_1_408' title='bbox 1611 3730 1886 3799; x_wconf 79' lang='lat' dir='ltr'>Feminis,</span> 
     </span>
    </p>
   </div>
   <div class='ocr_carea' id='block_1_54' title="bbox 241 3805 1892 3890">
    <p class='ocr_par' dir='ltr' id='par_1_54' title="bbox 241 3805 1892 3890">
     <span class='ocr_line' id='line_1_54' title="bbox 241 3805 1892 3890; baseline 0.011 -31"><span class='ocrx_word' id='word_1_409' title='bbox 241 3805 416 3860; x_wconf 89' lang='lat' dir='ltr'>matri</span> <span class='ocrx_word' id='word_1_410' title='bbox 449 3806 722 3878; x_wconf 76' lang='lat' dir='ltr'>ﬁliaeque,</span> <span class='ocrx_word' id='word_1_411' title='bbox 755 3808 1040 3866; x_wconf 89' lang='lat' dir='ltr'>charitate</span> <span class='ocrx_word' id='word_1_412' title='bbox 1071 3813 1274 3883; x_wconf 87' lang='lat' dir='ltr'>sponsi</span> <span class='ocrx_word' id='word_1_413' title='bbox 1305 3814 1518 3884; x_wconf 85' lang='lat' dir='ltr'>prioris</span> <span class='ocrx_word' id='word_1_414' title='bbox 1549 3817 1814 3890; x_wconf 87' lang='lat' dir='ltr'>illigatis,</span> <span class='ocrx_word' id='word_1_415' title='bbox 1837 3825 1892 3877; x_wconf 90' lang='lat' dir='ltr'>et</span> 
     </span>
    </p>
   </div>
   <div class='ocr_carea' id='block_1_55' title="bbox 241 3895 1891 3964">
    <p class='ocr_par' dir='ltr' id='par_1_55' title="bbox 241 3895 1891 3964">
     <span class='ocr_line' id='line_1_55' title="bbox 241 3895 1891 3964; baseline 0.009 -14"><span class='ocrx_word' id='word_1_416' title='bbox 241 3895 584 3950; x_wconf 81' lang='lat' dir='ltr'>indecorum</span> <span class='ocrx_word' id='word_1_417' title='bbox 643 3897 1068 3955; x_wconf 86' lang='lat' dir='ltr'>arbitrantibus</span> <span class='ocrx_word' id='word_1_418' title='bbox 1122 3902 1414 3958; x_wconf 90' lang='lat' dir='ltr'>resilirea</span> <span class='ocrx_word' id='word_1_419' title='bbox 1466 3909 1767 3964; x_wconf 84' lang='lat' dir='ltr'>conventis</span> <span class='ocrx_word' id='word_1_420' title='bbox 1825 3927 1891 3964; x_wconf 91' lang='lat' dir='ltr'>ac</span> 
     </span>
    </p>
   </div>
   <div class='ocr_carea' id='block_1_56' title="bbox 244 3983 1892 4070">
    <p class='ocr_par' dir='ltr' id='par_1_56' title="bbox 244 3983 1892 4070">
     <span class='ocr_line' id='line_1_56' title="bbox 244 3983 1892 4070; baseline 0.009 -31"><span class='ocrx_word' id='word_1_421' title='bbox 244 3984 422 4040; x_wconf 89' lang='lat' dir='ltr'>ﬁdem</span> <span class='ocrx_word' id='word_1_422' title='bbox 438 3983 657 4056; x_wconf 87' lang='lat' dir='ltr'>fallere,</span> <span class='ocrx_word' id='word_1_423' title='bbox 683 3987 982 4058; x_wconf 86' lang='lat' dir='ltr'>negotium</span> <span class='ocrx_word' id='word_1_424' title='bbox 1004 3990 1244 4046; x_wconf 89' lang='lat' dir='ltr'>omnino</span> <span class='ocrx_word' id='word_1_425' title='bbox 1266 4008 1376 4046; x_wconf 90' lang='lat' dir='ltr'>non</span> <span class='ocrx_word' id='word_1_426' title='bbox 1405 3993 1687 4065; x_wconf 81' lang='lat' dir='ltr'>placebat;</span> <span class='ocrx_word' id='word_1_427' title='bbox 1711 4014 1892 4070; x_wconf 91' lang='lat' dir='ltr'>quare</span> 
     </span>
    </p>
   </div>
   <div class='ocr_carea' id='block_1_57' title="bbox 245 4072 1891 4153">
    <p class='ocr_par' dir='ltr' id='par_1_57' title="bbox 245 4072 1891 4153">
     <span class='ocr_line' id='line_1_57' title="bbox 245 4072 1891 4153; baseline 0.009 -25"><span class='ocrx_word' id='word_1_428' title='bbox 245 4074 399 4143; x_wconf 87' lang='lat' dir='ltr'>apud</span> <span class='ocrx_word' id='word_1_429' title='bbox 433 4072 564 4128; x_wconf 91' lang='lat' dir='ltr'>illas</span> <span class='ocrx_word' id='word_1_430' title='bbox 595 4075 784 4146; x_wconf 89' lang='lat' dir='ltr'>gratia</span> <span class='ocrx_word' id='word_1_431' title='bbox 834 4078 1069 4133; x_wconf 89' lang='lat' dir='ltr'>carebat</span> <span class='ocrx_word' id='word_1_432' title='bbox 1099 4078 1367 4137; x_wconf 89' lang='lat' dir='ltr'>intrusus</span> <span class='ocrx_word' id='word_1_433' title='bbox 1402 4100 1632 4153; x_wconf 77' lang='lat' dir='ltr'>prosus.</span> <span class='ocrx_word' id='word_1_434' title='bbox 1678 4090 1891 4142; x_wconf 85' lang='lat' dir='ltr'>Tamen</span> 
     </span>
    </p>
   </div>
   <div class='ocr_carea' id='block_1_58' title="bbox 245 4162 1894 4244">
    <p class='ocr_par' dir='ltr' id='par_1_58' title="bbox 245 4162 1894 4244">
     <span class='ocr_line' id='line_1_58' title="bbox 245 4162 1894 4244; baseline 0.008 -27"><span class='ocrx_word' id='word_1_435' title='bbox 245 4162 627 4218; x_wconf 83' lang='lat' dir='ltr'>incumbente</span> <span class='ocrx_word' id='word_1_436' title='bbox 658 4165 1087 4235; x_wconf 88' lang='lat' dir='ltr'>iteratisjussis</span> <span class='ocrx_word' id='word_1_437' title='bbox 1118 4168 1175 4222; x_wconf 91' lang='lat' dir='ltr'>in</span> <span class='ocrx_word' id='word_1_438' title='bbox 1200 4169 1355 4225; x_wconf 89' lang='lat' dir='ltr'>idem</span> <span class='ocrx_word' id='word_1_439' title='bbox 1390 4171 1674 4244; x_wconf 89' lang='lat' dir='ltr'>principe,</span> <span class='ocrx_word' id='word_1_440' title='bbox 1695 4175 1894 4230; x_wconf 89' lang='lat' dir='ltr'>volen-</span> 
     </span>
    </p>
   </div>
   <div class='ocr_carea' id='block_1_59' title="bbox 244 4251 1895 4333">
    <p class='ocr_par' dir='ltr' id='par_1_59' title="bbox 244 4251 1895 4333">
     <span class='ocr_line' id='line_1_59' title="bbox 244 4251 1895 4333; baseline 0.008 -27"><span class='ocrx_word' id='word_1_441' title='bbox 244 4251 407 4307; x_wconf 89' lang='lat' dir='ltr'>tibus</span> <span class='ocrx_word' id='word_1_442' title='bbox 442 4251 778 4309; x_wconf 89' lang='lat' dir='ltr'>nolentibus</span> <span class='ocrx_word' id='word_1_443' title='bbox 838 4260 1028 4312; x_wconf 88' lang='lat' dir='ltr'>matre</span> <span class='ocrx_word' id='word_1_444' title='bbox 1061 4255 1300 4328; x_wconf 89' lang='lat' dir='ltr'>ﬁliaque</span> <span class='ocrx_word' id='word_1_445' title='bbox 1333 4262 1552 4330; x_wconf 68' lang='lat' dir='ltr'>nuptiaa</span> <span class='ocrx_word' id='word_1_446' title='bbox 1602 4263 1793 4333; x_wconf 87' lang='lat' dir='ltr'>palam</span> <span class='ocrx_word' id='word_1_447' title='bbox 1830 4282 1895 4320; x_wconf 89' lang='lat' dir='ltr'>ac</span> 
     </span>
    </p>
   </div>
   <div class='ocr_carea' id='block_1_60' title="bbox 247 4340 1897 4412">
    <p class='ocr_par' dir='ltr' id='par_1_60' title="bbox 247 4340 1897 4412">
     <span class='ocr_line' id='line_1_60' title="bbox 247 4340 1897 4412; baseline 0.008 -17"><span class='ocrx_word' id='word_1_448' title='bbox 247 4340 552 4412; x_wconf 87' lang='lat' dir='ltr'>splendide</span> <span class='ocrx_word' id='word_1_449' title='bbox 598 4342 900 4398; x_wconf 69' lang='lat' dir='ltr'>celebratas</span> <span class='ocrx_word' id='word_1_450' title='bbox 932 4349 1092 4400; x_wconf 91' lang='lat' dir='ltr'>sunt.</span> <span class='ocrx_word' id='word_1_451' title='bbox 1147 4348 1219 4400; x_wconf 87' lang='lat' dir='ltr'>At</span> <span class='ocrx_word' id='word_1_452' title='bbox 1268 4348 1471 4402; x_wconf 90' lang='lat' dir='ltr'>multis</span> <span class='ocrx_word' id='word_1_453' title='bbox 1521 4349 1658 4404; x_wconf 89' lang='lat' dir='ltr'>inde</span> <span class='ocrx_word' id='word_1_454' title='bbox 1687 4353 1897 4409; x_wconf 90' lang='lat' dir='ltr'>diebus</span> 
     </span>
    </p>
   </div>
   <div class='ocr_carea' id='block_1_61' title="bbox 247 4427 1898 4509">
    <p class='ocr_par' dir='ltr' id='par_1_61' title="bbox 247 4427 1898 4509">
     <span class='ocr_line' id='line_1_61' title="bbox 247 4427 1898 4509; baseline 0.008 -26"><span class='ocrx_word' id='word_1_455' title='bbox 247 4427 532 4500; x_wconf 85' lang='lat' dir='ltr'>nuptialis</span> <span class='ocrx_word' id='word_1_456' title='bbox 561 4430 882 4501; x_wconf 88' lang='lat' dir='ltr'>conjugum</span> <span class='ocrx_word' id='word_1_457' title='bbox 917 4447 1300 4504; x_wconf 85' lang='lat' dir='ltr'>congressum</span> <span class='ocrx_word' id='word_1_458' title='bbox 1325 4434 1784 4509; x_wconf 87' lang='lat' dir='ltr'>haudquaquam</span> <span class='ocrx_word' id='word_1_459' title='bbox 1812 4459 1898 4497; x_wconf 87' lang='lat' dir='ltr'>se-</span> 
     </span>
    </p>
   </div>
   <div class='ocr_carea' id='block_1_62' title="bbox 247 4519 1896 4595">
    <p class='ocr_par' dir='ltr' id='par_1_62' title="bbox 247 4519 1896 4595">
     <span class='ocr_line' id='line_1_62' title="bbox 247 4519 1896 4595; baseline 0.01 -23"><span class='ocrx_word' id='word_1_460' title='bbox 247 4519 560 4587; x_wconf 88' lang='lat' dir='ltr'>quebatur.</span> <span class='ocrx_word' id='word_1_461' title='bbox 607 4521 790 4589; x_wconf 89' lang='lat' dir='ltr'>Cujus</span> <span class='ocrx_word' id='word_1_462' title='bbox 823 4520 903 4576; x_wconf 86' lang='lat' dir='ltr'>rei</span> <span class='ocrx_word' id='word_1_463' title='bbox 945 4521 1092 4577; x_wconf 85' lang='lat' dir='ltr'>forte</span> <span class='ocrx_word' id='word_1_464' title='bbox 1123 4523 1368 4595; x_wconf 66' lang='lat' dir='ltr'>cognita:</span> <span class='ocrx_word' id='word_1_465' title='bbox 1391 4534 1764 4595; x_wconf 84' lang='lat' dir='ltr'>percontatus</span> <span class='ocrx_word' id='word_1_466' title='bbox 1795 4549 1896 4587; x_wconf 89' lang='lat' dir='ltr'>ex-</span> 
     </span>
    </p>
   </div>
   <div class='ocr_carea' id='block_1_63' title="bbox 1986 1937 3634 2014">
    <p class='ocr_par' dir='ltr' id='par_1_63' title="bbox 1986 1937 3634 2014">
     <span class='ocr_line' id='line_1_63' title="bbox 1986 1937 3634 2014; baseline -0.001 -20"><span class='ocrx_word' id='word_1_467' title='bbox 1986 1940 2150 1994; x_wconf 84' lang='grc' dir='ltr'>αὐτοῦ</span> <span class='ocrx_word' id='word_1_468' title='bbox 2207 1942 2492 2014; x_wconf 86' lang='grc' dir='ltr'>πράγμασι</span> <span class='ocrx_word' id='word_1_469' title='bbox 2553 1939 2838 1996; x_wconf 82' lang='grc' dir='ltr'>δεδοικότα</span> <span class='ocrx_word' id='word_1_470' title='bbox 2895 1941 2984 1996; x_wconf 81' lang='grc' dir='ltr'>διὰ</span> <span class='ocrx_word' id='word_1_471' title='bbox 3037 1943 3135 2010; x_wconf 78' lang='grc' dir='ltr'>τὴν</span> <span class='ocrx_word' id='word_1_472' title='bbox 3169 1941 3324 1996; x_wconf 89' lang='grc' dir='ltr'>νόσον</span> <span class='ocrx_word' id='word_1_473' title='bbox 3357 1937 3634 2013; x_wconf 85' lang='grc' dir='ltr'>ἀνάδοχον</span> 
     </span>
    </p>
   </div>
   <div class='ocr_carea' id='block_1_64' title="bbox 1988 2029 3636 2105">
    <p class='ocr_par' dir='ltr' id='par_1_64' title="bbox 1988 2029 3636 2105">
     <span class='ocr_line' id='line_1_64' title="bbox 1988 2029 3636 2105; baseline 0 -23"><span class='ocrx_word' id='word_1_474' title='bbox 1988 2029 2165 2098; x_wconf 81' lang='grc' dir='ltr'>ἀξιοῦν</span> <span class='ocrx_word' id='word_1_475' title='bbox 2204 2030 2336 2083; x_wconf 75' lang='grc' dir='ltr'>εἶναι</span> <span class='ocrx_word' id='word_1_476' title='bbox 2365 2035 2442 2099; x_wconf 80' lang='grc' dir='ltr'>τῷ</span> <span class='ocrx_word' id='word_1_477' title='bbox 2466 2031 2629 2105; x_wconf 86' lang='grc' dir='ltr'>γένει,</span> <span class='ocrx_word' id='word_1_478' title='bbox 2659 2033 2750 2085; x_wconf 83' lang='grc' dir='ltr'>καὶ</span> <span class='ocrx_word' id='word_1_479' title='bbox 2803 2031 3279 2104; x_wconf 86' lang='grc' dir='ltr'>ἀπομνημονεύειν</span> <span class='ocrx_word' id='word_1_480' title='bbox 3326 2031 3425 2098; x_wconf 74' lang='grc' dir='ltr'>τήν</span> <span class='ocrx_word' id='word_1_481' title='bbox 3471 2029 3636 2102; x_wconf 86' lang='grc' dir='ltr'>χάριν</span> 
     </span>
    </p>
   </div>
   <div class='ocr_carea' id='block_1_65' title="bbox 1987 2115 3641 2189">
    <p class='ocr_par' dir='ltr' id='par_1_65' title="bbox 1987 2115 3641 2189">
     <span class='ocr_line' id='line_1_65' title="bbox 1987 2115 3641 2189; baseline 0.001 -18"><span class='ocrx_word' id='word_1_482' title='bbox 1987 2119 2138 2188; x_wconf 83' lang='grc' dir='ltr'>αὐτῷ</span> <span class='ocrx_word' id='word_1_483' title='bbox 2199 2117 2250 2170; x_wconf 85' lang='grc' dir='ltr'>ἐν</span> <span class='ocrx_word' id='word_1_484' title='bbox 2306 2118 2544 2184; x_wconf 90' lang='grc' dir='ltr'>τούτοις,</span> <span class='ocrx_word' id='word_1_485' title='bbox 2576 2120 2659 2174; x_wconf 75' lang='grc' dir='ltr'>ὅτι</span> <span class='ocrx_word' id='word_1_486' title='bbox 2716 2126 2907 2184; x_wconf 79' lang='grc' dir='ltr'>παθεῖν</span> <span class='ocrx_word' id='word_1_487' title='bbox 2965 2125 3146 2182; x_wconf 79' lang='grc' dir='ltr'>κακῶς</span> <span class='ocrx_word' id='word_1_488' title='bbox 3197 2117 3342 2189; x_wconf 77' lang='grc' dir='ltr'>ἄξιον</span> <span class='ocrx_word' id='word_1_489' title='bbox 3375 2115 3501 2173; x_wconf 74' lang='grc' dir='ltr'>ὄντα</span> <span class='ocrx_word' id='word_1_490' title='bbox 3549 2116 3641 2172; x_wconf 87' lang='grc' dir='ltr'>διὰ</span> 
     </span>
    </p>
   </div>
   <div class='ocr_carea' id='block_1_66' title="bbox 1986 2205 3637 2282">
    <p class='ocr_par' dir='ltr' id='par_1_66' title="bbox 1986 2205 3637 2282">
     <span class='ocr_line' id='line_1_66' title="bbox 1986 2205 3637 2282; baseline 0.001 -23"><span class='ocrx_word' id='word_1_491' title='bbox 1986 2205 2052 2260; x_wconf 77' lang='grc' dir='ltr'>τὰ</span> <span class='ocrx_word' id='word_1_492' title='bbox 2083 2207 2351 2282; x_wconf 75' lang='grc' dir='ltr'>φθάσαντα</span> <span class='ocrx_word' id='word_1_493' title='bbox 2379 2205 2530 2262; x_wconf 76' lang='grc' dir='ltr'>οὐδὲν</span> <span class='ocrx_word' id='word_1_494' title='bbox 2580 2207 2780 2263; x_wconf 84' lang='grc' dir='ltr'>ἐκεῖνον</span> <span class='ocrx_word' id='word_1_495' title='bbox 2843 2208 2902 2264; x_wconf 86' lang='grc' dir='ltr'>ἐκ</span> <span class='ocrx_word' id='word_1_496' title='bbox 2957 2210 3295 2281; x_wconf 86' lang='grc' dir='ltr'>συμπαθείας</span> <span class='ocrx_word' id='word_1_497' title='bbox 3341 2208 3637 2280; x_wconf 77' lang='grc' dir='ltr'>ἀνήκεστον</span> 
     </span>
    </p>
   </div>
   <div class='ocr_carea' id='block_1_67' title="bbox 1987 2291 2195 2369">
    <p class='ocr_par' dir='ltr' id='par_1_67' title="bbox 1987 2291 2195 2369">
     <span class='ocr_line' id='line_1_67' title="bbox 1987 2291 2195 2369; baseline 0.005 -21"><span class='ocrx_word' id='word_1_498' title='bbox 1987 2291 2195 2369; x_wconf 58' lang='grc' dir='ltr'>ἔδρασε.</span> 
     </span>
    </p>
   </div>
   <div class='ocr_carea' id='block_1_68' title="bbox 1992 2400 3636 2479">
    <p class='ocr_par' dir='ltr' id='par_1_68' title="bbox 1992 2400 3636 2479">
     <span class='ocr_line' id='line_1_68' title="bbox 1992 2400 3636 2479; baseline 0.002 -25"><span class='ocrx_word' id='word_1_499' title='bbox 1992 2403 2075 2474; x_wconf 90' lang='grc' dir='ltr'>ιγ’.</span> <span class='ocrx_word' id='word_1_500' title='bbox 2135 2401 2370 2465; x_wconf 85' lang='grc' dir='ltr'>Θάνατος</span> <span class='ocrx_word' id='word_1_501' title='bbox 2426 2407 2522 2458; x_wconf 88' lang='grc' dir='ltr'>τοῦ</span> <span class='ocrx_word' id='word_1_502' title='bbox 2587 2402 2854 2479; x_wconf 74' lang='grc' dir='ltr'>βασιλέως</span> <span class='ocrx_word' id='word_1_503' title='bbox 2915 2403 3222 2479; x_wconf 82' lang='grc' dir='ltr'>Θεοδώρου,</span> <span class='ocrx_word' id='word_1_504' title='bbox 3281 2405 3367 2459; x_wconf 85' lang='grc' dir='ltr'>καὶ</span> <span class='ocrx_word' id='word_1_505' title='bbox 3436 2405 3504 2458; x_wconf 80' lang='grc' dir='ltr'>τὰ</span> <span class='ocrx_word' id='word_1_506' title='bbox 3559 2400 3636 2458; x_wconf 82' lang='grc' dir='ltr'>ἔτι</span> 
     </span>
    </p>
   </div>
   <div class='ocr_carea' id='block_1_69' title="bbox 2385 2477 3244 2551">
    <p class='ocr_par' dir='ltr' id='par_1_69' title="bbox 2385 2477 3244 2551">
     <span class='ocr_line' id='line_1_69' title="bbox 2385 2477 3244 2551; baseline 0.001 -22"><span class='ocrx_word' id='word_1_507' title='bbox 2385 2477 2594 2543; x_wconf 79' lang='grc' dir='ltr'>ζῶντος</span> <span class='ocrx_word' id='word_1_508' title='bbox 2631 2477 2795 2531; x_wconf 80' lang='grc' dir='ltr'>αὐτοῦ</span> <span class='ocrx_word' id='word_1_509' title='bbox 2825 2478 3244 2551; x_wconf 84' lang='grc' dir='ltr'>κατορθώματα,</span> 
     </span>
    </p>
   </div>
   <div class='ocr_carea' id='block_1_70' title="bbox 2060 2560 3638 2643">
    <p class='ocr_par' dir='ltr' id='par_1_70' title="bbox 2060 2560 3638 2643">
     <span class='ocr_line' id='line_1_70' title="bbox 2060 2560 3638 2643; baseline 0.002 -28"><span class='ocrx_word' id='word_1_510' title='bbox 2060 2566 2164 2616; x_wconf 89' lang='grc' dir='ltr'>Τοῦ</span> <span class='ocrx_word' id='word_1_511' title='bbox 2209 2560 2252 2616; x_wconf 85' lang='grc' dir='ltr'>δ’</span> <span class='ocrx_word' id='word_1_512' title='bbox 2282 2565 2448 2617; x_wconf 81' lang='grc' dir='ltr'>αὐτοῦ</span> <span class='ocrx_word' id='word_1_513' title='bbox 2497 2565 2699 2638; x_wconf 91' lang='grc' dir='ltr'>χρόνου</span> <span class='ocrx_word' id='word_1_514' title='bbox 2757 2567 2895 2638; x_wconf 87' lang='grc' dir='ltr'>πρὸς</span> <span class='ocrx_word' id='word_1_515' title='bbox 2940 2567 3003 2619; x_wconf 88' lang='grc' dir='ltr'>τὸ</span> <span class='ocrx_word' id='word_1_516' title='bbox 3045 2565 3444 2643; x_wconf 79' lang='grc' dir='ltr'>φθινοπωρινὸν</span> <span class='ocrx_word' id='word_1_517' title='bbox 3499 2565 3638 2618; x_wconf 85' lang='grc' dir='ltr'>ἀπο-</span> 
     </span>
    </p>
   </div>
   <div class='ocr_carea' id='block_1_71' title="bbox 1988 2651 3640 2729">
    <p class='ocr_par' dir='ltr' id='par_1_71' title="bbox 1988 2651 3640 2729">
     <span class='ocr_line' id='line_1_71' title="bbox 1988 2651 3640 2729; baseline 0.001 -23"><span class='ocrx_word' id='word_1_518' title='bbox 1988 2651 2271 2714; x_wconf 84' lang='grc' dir='ltr'>κλίνοντος</span> <span class='ocrx_word' id='word_1_519' title='bbox 2329 2651 2416 2706; x_wconf 80' lang='grc' dir='ltr'>έπὶ</span> <span class='ocrx_word' id='word_1_520' title='bbox 2473 2653 2689 2728; x_wconf 87' lang='grc' dir='ltr'>τέτρασι</span> <span class='ocrx_word' id='word_1_521' title='bbox 2746 2655 2899 2708; x_wconf 77' lang='grc' dir='ltr'>παισὶ</span> <span class='ocrx_word' id='word_1_522' title='bbox 2938 2652 3298 2727; x_wconf 83' lang='grc' dir='ltr'>μεταλλάττει</span> <span class='ocrx_word' id='word_1_523' title='bbox 3327 2655 3389 2708; x_wconf 83' lang='grc' dir='ltr'>τὸ</span> <span class='ocrx_word' id='word_1_524' title='bbox 3423 2654 3575 2729; x_wconf 88' lang='grc' dir='ltr'>βιοῦν</span> <span class='ocrx_word' id='word_1_525' title='bbox 3611 2655 3640 2708; x_wconf 88' lang='lat'>6</span> 
     </span>
    </p>
   </div>
   <div class='ocr_carea' id='block_1_72' title="bbox 1989 2739 3641 2818">
    <p class='ocr_par' dir='ltr' id='par_1_72' title="bbox 1989 2739 3641 2818">
     <span class='ocr_line' id='line_1_72' title="bbox 1989 2739 3641 2818; baseline 0.001 -24"><span class='ocrx_word' id='word_1_526' title='bbox 1989 2745 2222 2812; x_wconf 80' lang='grc' dir='ltr'>κρατῶν,</span> <span class='ocrx_word' id='word_1_527' title='bbox 2271 2741 2414 2816; x_wconf 80' lang='grc' dir='ltr'>τρισὶ</span> <span class='ocrx_word' id='word_1_528' title='bbox 2472 2742 2566 2812; x_wconf 76' lang='grc' dir='ltr'>μὲν</span> <span class='ocrx_word' id='word_1_529' title='bbox 2623 2741 2972 2818; x_wconf 80' lang='grc' dir='ltr'>θηλυτέραις,</span> <span class='ocrx_word' id='word_1_530' title='bbox 3031 2743 3109 2797; x_wconf 75' lang='grc' dir='ltr'>ἑνὶ</span> <span class='ocrx_word' id='word_1_531' title='bbox 3167 2740 3213 2797; x_wconf 88' lang='grc' dir='ltr'>δ’</span> <span class='ocrx_word' id='word_1_532' title='bbox 3259 2741 3490 2797; x_wconf 81' lang='grc' dir='ltr'>ἐνναέτει</span> <span class='ocrx_word' id='word_1_533' title='bbox 3544 2739 3641 2818; x_wconf 55' lang='grc' dir='ltr'>ἄῤ.</span> 
     </span>
    </p>
   </div>
   <div class='ocr_carea' id='block_1_73' title="bbox 1992 2829 3643 2908">
    <p class='ocr_par' dir='ltr' id='par_1_73' title="bbox 1992 2829 3643 2908">
     <span class='ocr_line' id='line_1_73' title="bbox 1992 2829 3643 2908; baseline 0.001 -24"><span class='ocrx_word' id='word_1_534' title='bbox 1992 2829 2100 2905; x_wconf 81' lang='grc' dir='ltr'>ῥενι</span> <span class='ocrx_word' id='word_1_535' title='bbox 2163 2835 2632 2903; x_wconf 88' lang='grc' dir='ltr'>παππωνυμοῦντι</span> <span class='ocrx_word' id='word_1_536' title='bbox 2689 2836 2768 2903; x_wconf 81' lang='grc' dir='ltr'>τῷ</span> <span class='ocrx_word' id='word_1_537' title='bbox 2823 2833 3064 2906; x_wconf 84' lang='grc' dir='ltr'>Ἰωάννῃ.</span> <span class='ocrx_word' id='word_1_538' title='bbox 3124 2833 3196 2887; x_wconf 79' lang='grc' dir='ltr'>Αἱ</span> <span class='ocrx_word' id='word_1_539' title='bbox 3253 2831 3351 2905; x_wconf 78' lang='grc' dir='ltr'>γὰρ</span> <span class='ocrx_word' id='word_1_540' title='bbox 3426 2837 3643 2908; x_wconf 82' lang='grc' dir='ltr'>πρῶται</span> 
     </span>
    </p>
   </div>
   <div class='ocr_carea' id='block_1_74' title="bbox 1989 2919 3642 2997">
    <p class='ocr_par' dir='ltr' id='par_1_74' title="bbox 1989 2919 3642 2997">
     <span class='ocr_line' id='line_1_74' title="bbox 1989 2919 3642 2997; baseline 0.001 -23"><span class='ocrx_word' id='word_1_541' title='bbox 1989 2924 2097 2974; x_wconf 82' lang='grc' dir='ltr'>τῶν</span> <span class='ocrx_word' id='word_1_542' title='bbox 2125 2919 2452 2993; x_wconf 55' lang='grc' dir='ltr'>θυγατέρων,</span> <span class='ocrx_word' id='word_1_543' title='bbox 2484 2922 2517 2987; x_wconf 74' lang='grc' dir='ltr'>ἡ</span> <span class='ocrx_word' id='word_1_544' title='bbox 2554 2919 2648 2991; x_wconf 73' lang='grc' dir='ltr'>μὶν</span> <span class='ocrx_word' id='word_1_545' title='bbox 2693 2924 2771 2991; x_wconf 80' lang='grc' dir='ltr'>τῷ</span> <span class='ocrx_word' id='word_1_546' title='bbox 2819 2921 3150 2997; x_wconf 88' lang='grc' dir='ltr'>Βουλγαρίας</span> <span class='ocrx_word' id='word_1_547' title='bbox 3198 2919 3427 2996; x_wconf 75' lang='grc' dir='ltr'>ἄρχοντι</span> <span class='ocrx_word' id='word_1_548' title='bbox 3484 2923 3642 2978; x_wconf 88' lang='grc' dir='ltr'>Κων-</span> 
     </span>
    </p>
   </div>
   <div class='ocr_carea' id='block_1_75' title="bbox 1993 3099 3641 3171">
    <p class='ocr_par' dir='ltr' id='par_1_75' title="bbox 1993 3099 3641 3171">
     <span class='ocr_line' id='line_1_75' title="bbox 1993 3099 3641 3171; baseline 0.002 -18"><span class='ocrx_word' id='word_1_549' title='bbox 1993 3099 2317 3170; x_wconf 79' lang='lat' dir='ltr'>quaestione</span> <span class='ocrx_word' id='word_1_550' title='bbox 2348 3099 2699 3171; x_wconf 88' lang='lat' dir='ltr'>sperabatur</span> <span class='ocrx_word' id='word_1_551' title='bbox 2729 3099 3016 3155; x_wconf 89' lang='lat' dir='ltr'>elicienda</span> <span class='ocrx_word' id='word_1_552' title='bbox 3054 3099 3288 3157; x_wconf 87' lang='lat' dir='ltr'>mulieri</span> <span class='ocrx_word' id='word_1_553' title='bbox 3318 3117 3456 3157; x_wconf 89' lang='lat' dir='ltr'>vera</span> <span class='ocrx_word' id='word_1_554' title='bbox 3503 3118 3641 3157; x_wconf 91' lang='lat' dir='ltr'>con-</span> 
     </span>
    </p>
   </div>
   <div class='ocr_carea' id='block_1_76' title="bbox 1993 3187 3633 3260">
    <p class='ocr_par' dir='ltr' id='par_1_76' title="bbox 1993 3187 3633 3260">
     <span class='ocr_line' id='line_1_76' title="bbox 1993 3187 3633 3260; baseline -0.001 -16"><span class='ocrx_word' id='word_1_555' title='bbox 1993 3189 2190 3244; x_wconf 84' lang='lat' dir='ltr'>fessio.</span> <span class='ocrx_word' id='word_1_556' title='bbox 2224 3187 2378 3242; x_wconf 88' lang='lat' dir='ltr'>Nihil</span> <span class='ocrx_word' id='word_1_557' title='bbox 2412 3196 2608 3243; x_wconf 89' lang='lat' dir='ltr'>tamen</span> <span class='ocrx_word' id='word_1_558' title='bbox 2642 3189 2800 3244; x_wconf 89' lang='lat' dir='ltr'>aliud</span> <span class='ocrx_word' id='word_1_559' title='bbox 2834 3204 3178 3260; x_wconf 86' lang='lat' dir='ltr'>expressum</span> <span class='ocrx_word' id='word_1_560' title='bbox 3216 3190 3334 3245; x_wconf 91' lang='lat' dir='ltr'>nisi</span> <span class='ocrx_word' id='word_1_561' title='bbox 3389 3207 3450 3246; x_wconf 89' lang='lat' dir='ltr'>se</span> <span class='ocrx_word' id='word_1_562' title='bbox 3479 3189 3633 3244; x_wconf 88' lang='lat' dir='ltr'>haud</span> 
     </span>
    </p>
   </div>
   <div class='ocr_carea' id='block_1_77' title="bbox 1989 3280 3632 3353">
    <p class='ocr_par' dir='ltr' id='par_1_77' title="bbox 1989 3280 3632 3353">
     <span class='ocr_line' id='line_1_77' title="bbox 1989 3280 3632 3353; baseline -0.002 -15"><span class='ocrx_word' id='word_1_563' title='bbox 1989 3281 2284 3338; x_wconf 88' lang='lat' dir='ltr'>consciam</span> <span class='ocrx_word' id='word_1_564' title='bbox 2313 3280 2448 3336; x_wconf 87' lang='lat' dir='ltr'>talis</span> <span class='ocrx_word' id='word_1_565' title='bbox 2479 3280 2753 3336; x_wconf 88' lang='lat' dir='ltr'>sceleris:</span> <span class='ocrx_word' id='word_1_566' title='bbox 2814 3286 3089 3336; x_wconf 67' lang='lat' dir='ltr'>caeterum</span> <span class='ocrx_word' id='word_1_567' title='bbox 3123 3281 3409 3353; x_wconf 80' lang='lat' dir='ltr'>virginem</span> <span class='ocrx_word' id='word_1_568' title='bbox 3437 3280 3632 3353; x_wconf 88' lang='lat' dir='ltr'>sponsi</span> 
     </span>
    </p>
   </div>
   <div class='ocr_carea' id='block_1_78' title="bbox 1991 3365 3636 3437">
    <p class='ocr_par' dir='ltr' id='par_1_78' title="bbox 1991 3365 3636 3437">
     <span class='ocr_line' id='line_1_78' title="bbox 1991 3365 3636 3437; baseline -0.001 -17"><span class='ocrx_word' id='word_1_569' title='bbox 1991 3366 2202 3437; x_wconf 87' lang='lat' dir='ltr'>prioris</span> <span class='ocrx_word' id='word_1_570' title='bbox 2227 3366 2664 3420; x_wconf 86' lang='lat' dir='ltr'>necessitudine</span> <span class='ocrx_word' id='word_1_571' title='bbox 2694 3367 3021 3421; x_wconf 85' lang='lat' dir='ltr'>devinctam</span> <span class='ocrx_word' id='word_1_572' title='bbox 3056 3382 3085 3422; x_wconf 89' lang='lat' dir='ltr'>a</span> <span class='ocrx_word' id='word_1_573' title='bbox 3119 3367 3379 3421; x_wconf 89' lang='lat' dir='ltr'>secundo</span> <span class='ocrx_word' id='word_1_574' title='bbox 3423 3365 3636 3421; x_wconf 86' lang='lat' dir='ltr'>abhor-</span> 
     </span>
    </p>
   </div>
   <div class='ocr_carea' id='block_1_79' title="bbox 1991 3454 3642 3526">
    <p class='ocr_par' dir='ltr' id='par_1_79' title="bbox 1991 3454 3642 3526">
     <span class='ocr_line' id='line_1_79' title="bbox 1991 3454 3642 3526; baseline -0.001 -17"><span class='ocrx_word' id='word_1_575' title='bbox 1991 3470 2136 3509; x_wconf 88' lang='lat' dir='ltr'>rere.</span> <span class='ocrx_word' id='word_1_576' title='bbox 2197 3454 2326 3509; x_wconf 83' lang='lat' dir='ltr'>Haec</span> <span class='ocrx_word' id='word_1_577' title='bbox 2378 3455 2622 3509; x_wconf 88' lang='lat' dir='ltr'>audiens</span> <span class='ocrx_word' id='word_1_578' title='bbox 2677 3471 2792 3509; x_wconf 90' lang='lat' dir='ltr'>non</span> <span class='ocrx_word' id='word_1_579' title='bbox 2853 3455 3008 3510; x_wconf 89' lang='lat' dir='ltr'>ultra</span> <span class='ocrx_word' id='word_1_580' title='bbox 3067 3455 3270 3510; x_wconf 75' lang='lat' dir='ltr'>saevire</span> <span class='ocrx_word' id='word_1_581' title='bbox 3317 3455 3642 3526; x_wconf 83' lang='lat' dir='ltr'>imperator</span> 
     </span>
    </p>
   </div>
   <div class='ocr_carea' id='block_1_80' title="bbox 1991 3543 3640 3614">
    <p class='ocr_par' dir='ltr' id='par_1_80' title="bbox 1991 3543 3640 3614">
     <span class='ocr_line' id='line_1_80' title="bbox 1991 3543 3640 3614; baseline -0.001 -16"><span class='ocrx_word' id='word_1_582' title='bbox 1991 3543 2194 3610; x_wconf 88' lang='lat' dir='ltr'>voluit,</span> <span class='ocrx_word' id='word_1_583' title='bbox 2229 3543 2338 3598; x_wconf 89' lang='lat' dir='ltr'>sibi</span> <span class='ocrx_word' id='word_1_584' title='bbox 2373 3548 2639 3598; x_wconf 87' lang='lat' dir='ltr'>metuens</span> <span class='ocrx_word' id='word_1_585' title='bbox 2671 3543 2741 3598; x_wconf 90' lang='lat' dir='ltr'>ab</span> <span class='ocrx_word' id='word_1_586' title='bbox 2763 3544 3096 3612; x_wconf 86' lang='lat' dir='ltr'>exercitata,</span> <span class='ocrx_word' id='word_1_587' title='bbox 3120 3548 3186 3599; x_wconf 90' lang='lat' dir='ltr'>ut</span> <span class='ocrx_word' id='word_1_588' title='bbox 3203 3543 3640 3614; x_wconf 87' lang='lat' dir='ltr'>suspicabatur,</span> 
     </span>
    </p>
   </div>
   <div class='ocr_carea' id='block_1_81' title="bbox 1993 3632 3648 3699">
    <p class='ocr_par' dir='ltr' id='par_1_81' title="bbox 1993 3632 3648 3699">
     <span class='ocr_line' id='line_1_81' title="bbox 1993 3632 3648 3699; baseline -0.001 -11"><span class='ocrx_word' id='word_1_589' title='bbox 1993 3632 2138 3689; x_wconf 89' lang='lat' dir='ltr'>diris</span> <span class='ocrx_word' id='word_1_590' title='bbox 2168 3632 2667 3688; x_wconf 83' lang='lat' dir='ltr'>incantationibus</span> <span class='ocrx_word' id='word_1_591' title='bbox 2726 3649 2865 3699; x_wconf 89' lang='lat' dir='ltr'>anu,</span> <span class='ocrx_word' id='word_1_592' title='bbox 2927 3648 3000 3687; x_wconf 91' lang='lat' dir='ltr'>ne</span> <span class='ocrx_word' id='word_1_593' title='bbox 3053 3633 3169 3686; x_wconf 89' lang='lat' dir='ltr'>vim</span> <span class='ocrx_word' id='word_1_594' title='bbox 3224 3632 3552 3688; x_wconf 86' lang='lat' dir='ltr'>maleﬁcam</span> <span class='ocrx_word' id='word_1_595' title='bbox 3586 3634 3648 3686; x_wconf 89' lang='lat' dir='ltr'>in</span> 
     </span>
    </p>
   </div>
   <div class='ocr_carea' id='block_1_82' title="bbox 1995 3720 3654 3794">
    <p class='ocr_par' dir='ltr' id='par_1_82' title="bbox 1995 3720 3654 3794">
     <span class='ocr_line' id='line_1_82' title="bbox 1995 3720 3654 3794; baseline 0.001 -18"><span class='ocrx_word' id='word_1_596' title='bbox 1995 3723 2192 3794; x_wconf 89' lang='lat' dir='ltr'>ipsum</span> <span class='ocrx_word' id='word_1_597' title='bbox 2225 3725 2494 3790; x_wconf 88' lang='lat' dir='ltr'>verteret,</span> <span class='ocrx_word' id='word_1_598' title='bbox 2529 3721 2578 3777; x_wconf 89' lang='lat' dir='ltr'>si</span> <span class='ocrx_word' id='word_1_599' title='bbox 2609 3720 2868 3792; x_wconf 87' lang='lat' dir='ltr'>amplius</span> <span class='ocrx_word' id='word_1_600' title='bbox 2899 3720 3258 3790; x_wconf 89' lang='lat' dir='ltr'>irritaretur;</span> <span class='ocrx_word' id='word_1_601' title='bbox 3292 3737 3395 3778; x_wconf 91' lang='lat' dir='ltr'>seu</span> <span class='ocrx_word' id='word_1_602' title='bbox 3427 3721 3654 3777; x_wconf 91' lang='lat' dir='ltr'>veritus</span> 
     </span>
    </p>
   </div>
   <div class='ocr_carea' id='block_1_83' title="bbox 1994 3809 3650 3881">
    <p class='ocr_par' dir='ltr' id='par_1_83' title="bbox 1994 3809 3650 3881">
     <span class='ocr_line' id='line_1_83' title="bbox 1994 3809 3650 3881; baseline -0.001 -16"><span class='ocrx_word' id='word_1_603' title='bbox 1994 3827 2067 3865; x_wconf 90' lang='lat' dir='ltr'>ne</span> <span class='ocrx_word' id='word_1_604' title='bbox 2100 3809 2456 3881; x_wconf 83' lang='lat' dir='ltr'>Palaeologus</span> <span class='ocrx_word' id='word_1_605' title='bbox 2491 3814 2608 3864; x_wconf 90' lang='lat' dir='ltr'>tam</span> <span class='ocrx_word' id='word_1_606' title='bbox 2641 3815 2895 3865; x_wconf 86' lang='lat' dir='ltr'>atrocem</span> <span class='ocrx_word' id='word_1_607' title='bbox 2930 3811 3149 3865; x_wconf 89' lang='lat' dir='ltr'>sororis</span> <span class='ocrx_word' id='word_1_608' title='bbox 3182 3811 3460 3880; x_wconf 87' lang='lat' dir='ltr'>injuriam</span> <span class='ocrx_word' id='word_1_609' title='bbox 3486 3811 3650 3864; x_wconf 84' lang='lat' dir='ltr'>defe-</span> 
     </span>
    </p>
   </div>
   <div class='ocr_carea' id='block_1_84' title="bbox 1995 3898 3650 3970">
    <p class='ocr_par' dir='ltr' id='par_1_84' title="bbox 1995 3898 3650 3970">
     <span class='ocr_line' id='line_1_84' title="bbox 1995 3898 3650 3970; baseline -0.001 -15"><span class='ocrx_word' id='word_1_610' title='bbox 1995 3900 2186 3956; x_wconf 85' lang='lat' dir='ltr'>ctione</span> <span class='ocrx_word' id='word_1_611' title='bbox 2218 3898 2620 3954; x_wconf 85' lang='lat' dir='ltr'>ulcisceretur.</span> <span class='ocrx_word' id='word_1_612' title='bbox 2656 3901 2839 3969; x_wconf 83' lang='lat' dir='ltr'>Atque</span> <span class='ocrx_word' id='word_1_613' title='bbox 2863 3899 2970 3954; x_wconf 89' lang='lat' dir='ltr'>hoc</span> <span class='ocrx_word' id='word_1_614' title='bbox 2993 3899 3228 3969; x_wconf 87' lang='lat' dir='ltr'>quidem</span> <span class='ocrx_word' id='word_1_615' title='bbox 3254 3904 3317 3954; x_wconf 90' lang='lat' dir='ltr'>ut</span> <span class='ocrx_word' id='word_1_616' title='bbox 3337 3905 3650 3970; x_wconf 74' lang='lat' dir='ltr'>przsverte-</span> 
     </span>
    </p>
   </div>
   <div class='ocr_carea' id='block_1_85' title="bbox 1999 3988 3659 4056">
    <p class='ocr_par' dir='ltr' id='par_1_85' title="bbox 1999 3988 3659 4056">
     <span class='ocr_line' id='line_1_85' title="bbox 1999 3988 3659 4056; baseline -0.001 -12"><span class='ocrx_word' id='word_1_617' title='bbox 1999 3995 2104 4056; x_wconf 92' lang='lat' dir='ltr'>ret,</span> <span class='ocrx_word' id='word_1_618' title='bbox 2133 3988 2335 4054; x_wconf 87' lang='lat' dir='ltr'>misso,</span> <span class='ocrx_word' id='word_1_619' title='bbox 2367 3991 2431 4042; x_wconf 85' lang='lat' dir='ltr'>ut</span> <span class='ocrx_word' id='word_1_620' title='bbox 2461 3988 2736 4054; x_wconf 87' lang='lat' dir='ltr'>diximus,</span> <span class='ocrx_word' id='word_1_621' title='bbox 2762 3988 3061 4044; x_wconf 89' lang='lat' dir='ltr'>Cbaldeno</span> <span class='ocrx_word' id='word_1_622' title='bbox 3083 3988 3387 4043; x_wconf 90' lang='lat' dir='ltr'>redactum</span> <span class='ocrx_word' id='word_1_623' title='bbox 3415 3988 3472 4042; x_wconf 93' lang='lat' dir='ltr'>in</span> <span class='ocrx_word' id='word_1_624' title='bbox 3497 3988 3659 4043; x_wconf 87' lang='lat' dir='ltr'>ordi-</span> 
     </span>
    </p>
   </div>
   <div class='ocr_carea' id='block_1_86' title="bbox 1999 4076 3663 4147">
    <p class='ocr_par' dir='ltr' id='par_1_86' title="bbox 1999 4076 3663 4147">
     <span class='ocr_line' id='line_1_86' title="bbox 1999 4076 3663 4147; baseline -0.002 -14"><span class='ocrx_word' id='word_1_625' title='bbox 1999 4094 2129 4134; x_wconf 88' lang='lat' dir='ltr'>nem</span> <span class='ocrx_word' id='word_1_626' title='bbox 2164 4077 2553 4147; x_wconf 72' lang='lat' dir='ltr'>Pelzsologum</span> <span class='ocrx_word' id='word_1_627' title='bbox 2589 4082 2646 4131; x_wconf 88' lang='lat' dir='ltr'>et</span> <span class='ocrx_word' id='word_1_628' title='bbox 2678 4076 2939 4132; x_wconf 90' lang='lat' dir='ltr'>vinctum</span> <span class='ocrx_word' id='word_1_629' title='bbox 2974 4078 3046 4132; x_wconf 91' lang='lat' dir='ltr'>ad</span> <span class='ocrx_word' id='word_1_630' title='bbox 3094 4093 3223 4132; x_wconf 87' lang='lat' dir='ltr'>sese</span> <span class='ocrx_word' id='word_1_631' title='bbox 3281 4077 3508 4132; x_wconf 89' lang='lat' dir='ltr'>curavit</span> <span class='ocrx_word' id='word_1_632' title='bbox 3554 4077 3663 4131; x_wconf 88' lang='lat' dir='ltr'>ad-</span> 
     </span>
    </p>
   </div>
   <div class='ocr_carea' id='block_1_87' title="bbox 1998 4166 3658 4237">
    <p class='ocr_par' dir='ltr' id='par_1_87' title="bbox 1998 4166 3658 4237">
     <span class='ocr_line' id='line_1_87' title="bbox 1998 4166 3658 4237; baseline -0.001 -15"><span class='ocrx_word' id='word_1_633' title='bbox 1998 4167 2158 4235; x_wconf 88' lang='lat' dir='ltr'>duci,</span> <span class='ocrx_word' id='word_1_634' title='bbox 2192 4166 2383 4237; x_wconf 88' lang='lat' dir='ltr'>specie</span> <span class='ocrx_word' id='word_1_635' title='bbox 2417 4167 2652 4235; x_wconf 88' lang='lat' dir='ltr'>quidem</span> <span class='ocrx_word' id='word_1_636' title='bbox 2688 4171 2752 4220; x_wconf 88' lang='lat' dir='ltr'>ut</span> <span class='ocrx_word' id='word_1_637' title='bbox 2803 4167 3062 4222; x_wconf 78' lang='lat' dir='ltr'>veneﬁcii</span> <span class='ocrx_word' id='word_1_638' title='bbox 3122 4183 3358 4222; x_wconf 82' lang='lat' dir='ltr'>causam</span> <span class='ocrx_word' id='word_1_639' title='bbox 3411 4166 3658 4233; x_wconf 88' lang='lat' dir='ltr'>diceret,</span> 
     </span>
    </p>
   </div>
   <div class='ocr_carea' id='block_1_88' title="bbox 2000 4255 3662 4328">
    <p class='ocr_par' dir='ltr' id='par_1_88' title="bbox 2000 4255 3662 4328">
     <span class='ocr_line' id='line_1_88' title="bbox 2000 4255 3662 4328; baseline -0.001 -16"><span class='ocrx_word' id='word_1_640' title='bbox 2000 4273 2219 4326; x_wconf 85' lang='lat' dir='ltr'>revera,</span> <span class='ocrx_word' id='word_1_641' title='bbox 2244 4255 2706 4327; x_wconf 56' lang='lat' dir='ltr'>quod,&quot;indicavi,</span> <span class='ocrx_word' id='word_1_642' title='bbox 2737 4273 2808 4311; x_wconf 92' lang='lat' dir='ltr'>ne</span> <span class='ocrx_word' id='word_1_643' title='bbox 2832 4256 2882 4311; x_wconf 91' lang='lat' dir='ltr'>is</span> <span class='ocrx_word' id='word_1_644' title='bbox 2910 4257 3109 4312; x_wconf 89' lang='lat' dir='ltr'>audita</span> <span class='ocrx_word' id='word_1_645' title='bbox 3141 4256 3502 4312; x_wconf 87' lang='lat' dir='ltr'>contumelia</span> <span class='ocrx_word' id='word_1_646' title='bbox 3523 4272 3662 4328; x_wconf 87' lang='lat' dir='ltr'>ger-</span> 
     </span>
    </p>
   </div>
   <div class='ocr_carea' id='block_1_89' title="bbox 2002 4345 3662 4417">
    <p class='ocr_par' dir='ltr' id='par_1_89' title="bbox 2002 4345 3662 4417">
     <span class='ocr_line' id='line_1_89' title="bbox 2002 4345 3662 4417; baseline 0 -16"><span class='ocrx_word' id='word_1_647' title='bbox 2002 4364 2186 4402; x_wconf 63' lang='lat' dir='ltr'>mana:</span> <span class='ocrx_word' id='word_1_648' title='bbox 2220 4347 2289 4401; x_wconf 91' lang='lat' dir='ltr'>ad</span> <span class='ocrx_word' id='word_1_649' title='bbox 2324 4345 2729 4402; x_wconf 86' lang='lat' dir='ltr'>rebellandum</span> <span class='ocrx_word' id='word_1_650' title='bbox 2759 4345 3157 4402; x_wconf 88' lang='lat' dir='ltr'>induceretur.</span> <span class='ocrx_word' id='word_1_651' title='bbox 3194 4349 3256 4402; x_wconf 92' lang='lat' dir='ltr'>Id</span> <span class='ocrx_word' id='word_1_652' title='bbox 3281 4347 3437 4402; x_wconf 88' lang='lat' dir='ltr'>enim</span> <span class='ocrx_word' id='word_1_653' title='bbox 3467 4346 3662 4417; x_wconf 89' lang='lat' dir='ltr'>patuit</span> 
     </span>
    </p>
   </div>
   <div class='ocr_carea' id='block_1_90' title="bbox 2000 4435 3664 4506">
    <p class='ocr_par' dir='ltr' id='par_1_90' title="bbox 2000 4435 3664 4506">
     <span class='ocr_line' id='line_1_90' title="bbox 2000 4435 3664 4506; baseline 0.001 -15"><span class='ocrx_word' id='word_1_654' title='bbox 2000 4454 2067 4492; x_wconf 85' lang='lat' dir='ltr'>ex</span> <span class='ocrx_word' id='word_1_655' title='bbox 2088 4453 2153 4491; x_wconf 91' lang='lat' dir='ltr'>eo</span> <span class='ocrx_word' id='word_1_656' title='bbox 2169 4437 2320 4506; x_wconf 88' lang='lat' dir='ltr'>quod</span> <span class='ocrx_word' id='word_1_657' title='bbox 2345 4435 2808 4506; x_wconf 87' lang='lat' dir='ltr'>imperatoreum</span> <span class='ocrx_word' id='word_1_658' title='bbox 2827 4435 3000 4506; x_wconf 89' lang='lat' dir='ltr'>paulo</span> <span class='ocrx_word' id='word_1_659' title='bbox 3025 4438 3444 4505; x_wconf 89' lang='lat' dir='ltr'>posteductum</span> <span class='ocrx_word' id='word_1_660' title='bbox 3467 4453 3664 4492; x_wconf 87' lang='lat' dir='ltr'>carce-</span> 
     </span>
    </p>
   </div>
   <div class='ocr_carea' id='block_1_91' title="bbox 2003 4525 3658 4598">
    <p class='ocr_par' dir='ltr' id='par_1_91' title="bbox 2003 4525 3658 4598">
     <span class='ocr_line' id='line_1_91' title="bbox 2003 4525 3658 4598; baseline -0.001 -16"><span class='ocrx_word' id='word_1_661' title='bbox 2003 4543 2062 4582; x_wconf 86' lang='lat' dir='ltr'>re</span> <span class='ocrx_word' id='word_1_662' title='bbox 2088 4543 2203 4581; x_wconf 91' lang='lat' dir='ltr'>non</span> <span class='ocrx_word' id='word_1_663' title='bbox 2229 4528 2422 4581; x_wconf 85' lang='lat' dir='ltr'>solum</span> <span class='ocrx_word' id='word_1_664' title='bbox 2453 4525 2619 4581; x_wconf 88' lang='lat' dir='ltr'>venia</span> <span class='ocrx_word' id='word_1_665' title='bbox 2636 4525 2870 4580; x_wconf 87' lang='lat' dir='ltr'>donavit</span> <span class='ocrx_word' id='word_1_666' title='bbox 2890 4532 2946 4580; x_wconf 91' lang='lat' dir='ltr'>et</span> <span class='ocrx_word' id='word_1_667' title='bbox 2970 4526 3028 4581; x_wconf 89' lang='lat' dir='ltr'>in</span> <span class='ocrx_word' id='word_1_668' title='bbox 3055 4526 3352 4598; x_wconf 87' lang='lat' dir='ltr'>integrum</span> <span class='ocrx_word' id='word_1_669' title='bbox 3376 4527 3658 4596; x_wconf 79' lang='lat' dir='ltr'>restituit,</span> 
     </span>
    </p>
   </div>
   <div class='ocr_carea' id='block_1_92' title="bbox 246 4602 3663 4686">
    <p class='ocr_par' dir='ltr' id='par_1_92' title="bbox 246 4602 3663 4686">
     <span class='ocr_line' id='line_1_92' title="bbox 246 4602 3663 4686; baseline 0.003 -26"><span class='ocrx_word' id='word_1_670' title='bbox 246 4606 469 4662; x_wconf 86' lang='lat' dir='ltr'>Basilio</span> <span class='ocrx_word' id='word_1_671' title='bbox 500 4623 736 4663; x_wconf 80' lang='lat' dir='ltr'>causam</span> <span class='ocrx_word' id='word_1_672' title='bbox 773 4609 1114 4679; x_wconf 85' lang='lat' dir='ltr'>imperator,</span> <span class='ocrx_word' id='word_1_673' title='bbox 1149 4613 1222 4666; x_wconf 90' lang='lat' dir='ltr'>ab</span> <span class='ocrx_word' id='word_1_674' title='bbox 1244 4629 1310 4668; x_wconf 91' lang='lat' dir='ltr'>eo</span> <span class='ocrx_word' id='word_1_675' title='bbox 1337 4615 1592 4685; x_wconf 91' lang='lat' dir='ltr'>primum</span> <span class='ocrx_word' id='word_1_676' title='bbox 1626 4619 1902 4677; x_wconf 86' lang='lat' dir='ltr'>eludeba-</span> <span class='ocrx_word' id='word_1_677' title='bbox 1934 4602 1980 4666; x_wconf 87' lang='lat' dir='ltr'><strong>D</strong></span> <span class='ocrx_word' id='word_1_678' title='bbox 2012 4617 2111 4673; x_wconf 90' lang='lat' dir='ltr'>sed</span> <span class='ocrx_word' id='word_1_679' title='bbox 2144 4619 2201 4669; x_wconf 90' lang='lat' dir='ltr'>et</span> <span class='ocrx_word' id='word_1_680' title='bbox 2231 4615 2357 4669; x_wconf 87' lang='lat' dir='ltr'>suis</span> <span class='ocrx_word' id='word_1_681' title='bbox 2390 4615 2587 4683; x_wconf 87' lang='lat' dir='ltr'>rebus,</span> <span class='ocrx_word' id='word_1_682' title='bbox 2621 4615 2694 4670; x_wconf 91' lang='lat' dir='ltr'>ob</span> <span class='ocrx_word' id='word_1_683' title='bbox 2727 4615 2998 4669; x_wconf 88' lang='lat' dir='ltr'>morbum</span> <span class='ocrx_word' id='word_1_684' title='bbox 3047 4631 3114 4669; x_wconf 85' lang='lat' dir='ltr'>ex</span> <span class='ocrx_word' id='word_1_685' title='bbox 3146 4632 3263 4686; x_wconf 91' lang='lat' dir='ltr'>quo</span> <span class='ocrx_word' id='word_1_686' title='bbox 3295 4615 3663 4686; x_wconf 85' lang='lat' dir='ltr'>periclitaba-</span> 
     </span>
    </p>
   </div>
   <div class='ocr_carea' id='block_1_93' title="bbox 246 4696 1899 4770">
    <p class='ocr_par' dir='ltr' id='par_1_93' title="bbox 246 4696 1899 4770">
     <span class='ocr_line' id='line_1_93' title="bbox 246 4696 1899 4770; baseline 0.008 -18"><span class='ocrx_word' id='word_1_687' title='bbox 246 4702 344 4752; x_wconf 87' lang='lat' dir='ltr'>tur</span> <span class='ocrx_word' id='word_1_688' title='bbox 375 4696 672 4768; x_wconf 86' lang='lat' dir='ltr'>ambiguis</span> <span class='ocrx_word' id='word_1_689' title='bbox 703 4697 1007 4770; x_wconf 88' lang='lat' dir='ltr'>responsis</span> <span class='ocrx_word' id='word_1_690' title='bbox 1033 4716 1044 4752; x_wconf 93' lang='lat'><strong><em>:</em></strong></span> <span class='ocrx_word' id='word_1_691' title='bbox 1077 4703 1318 4757; x_wconf 86' lang='lat' dir='ltr'>tandem</span> <span class='ocrx_word' id='word_1_692' title='bbox 1345 4703 1577 4762; x_wconf 87' lang='lat' dir='ltr'>instans</span> <span class='ocrx_word' id='word_1_693' title='bbox 1599 4708 1899 4767; x_wconf 84' lang='lat' dir='ltr'>efﬁcacius</span> 
     </span>
    </p>
   </div>
   <div class='ocr_carea' id='block_1_94' title="bbox 247 4786 1899 4862">
    <p class='ocr_par' dir='ltr' id='par_1_94' title="bbox 247 4786 1899 4862">
     <span class='ocr_line' id='line_1_94' title="bbox 247 4786 1899 4862; baseline 0.01 -22"><span class='ocrx_word' id='word_1_694' title='bbox 247 4786 473 4841; x_wconf 88' lang='lat' dir='ltr'>audivit</span> <span class='ocrx_word' id='word_1_695' title='bbox 531 4787 750 4842; x_wconf 90' lang='lat' dir='ltr'>nodum</span> <span class='ocrx_word' id='word_1_696' title='bbox 810 4789 1050 4844; x_wconf 86' lang='lat' dir='ltr'>Veneris</span> <span class='ocrx_word' id='word_1_697' title='bbox 1109 4792 1336 4862; x_wconf 82' lang='lat' dir='ltr'>magico</span> <span class='ocrx_word' id='word_1_698' title='bbox 1392 4795 1681 4852; x_wconf 88' lang='lat' dir='ltr'>maleﬁcio</span> <span class='ocrx_word' id='word_1_699' title='bbox 1735 4801 1899 4855; x_wconf 89' lang='lat' dir='ltr'>novis</span> 
     </span>
    </p>
   </div>
   <div class='ocr_carea' id='block_1_95' title="bbox 249 4875 1896 4956">
    <p class='ocr_par' dir='ltr' id='par_1_95' title="bbox 249 4875 1896 4956">
     <span class='ocr_line' id='line_1_95' title="bbox 249 4875 1896 4956; baseline 0.009 -26"><span class='ocrx_word' id='word_1_700' title='bbox 249 4875 480 4944; x_wconf 87' lang='lat' dir='ltr'>sponsis</span> <span class='ocrx_word' id='word_1_701' title='bbox 513 4876 820 4946; x_wconf 90' lang='lat' dir='ltr'>injectum.</span> <span class='ocrx_word' id='word_1_702' title='bbox 882 4878 999 4933; x_wconf 89' lang='lat' dir='ltr'>Hac</span> <span class='ocrx_word' id='word_1_703' title='bbox 1031 4881 1326 4937; x_wconf 89' lang='lat' dir='ltr'>mentione</span> <span class='ocrx_word' id='word_1_704' title='bbox 1375 4886 1808 4956; x_wconf 68' lang='lat' dir='ltr'>praestigiarum</span> <span class='ocrx_word' id='word_1_705' title='bbox 1841 4888 1896 4944; x_wconf 90' lang='lat' dir='ltr'>in</span> 
     </span>
    </p>
   </div>
   <div class='ocr_carea' id='block_1_96' title="bbox 252 4962 1899 5045">
    <p class='ocr_par' dir='ltr' id='par_1_96' title="bbox 252 4962 1899 5045">
     <span class='ocr_line' id='line_1_96' title="bbox 252 4962 1899 5045; baseline 0.01 -29"><span class='ocrx_word' id='word_1_706' title='bbox 252 4962 571 5018; x_wconf 79' lang='lat' dir='ltr'>familiares</span> <span class='ocrx_word' id='word_1_707' title='bbox 625 4966 995 5036; x_wconf 89' lang='lat' dir='ltr'>suspiciones</span> <span class='ocrx_word' id='word_1_708' title='bbox 1054 4968 1353 5025; x_wconf 89' lang='lat' dir='ltr'>revolutus</span> <span class='ocrx_word' id='word_1_709' title='bbox 1412 4972 1707 5045; x_wconf 79' lang='lat' dir='ltr'>princeps,</span> <span class='ocrx_word' id='word_1_710' title='bbox 1749 4981 1805 5031; x_wconf 90' lang='lat' dir='ltr'>et</span> <span class='ocrx_word' id='word_1_711' title='bbox 1837 4993 1899 5032; x_wconf 92' lang='lat' dir='ltr'>se</span> 
     </span>
    </p>
   </div>
   <div class='ocr_carea' id='block_1_97' title="bbox 250 5052 1898 5130">
    <p class='ocr_par' dir='ltr' id='par_1_97' title="bbox 250 5052 1898 5130">
     <span class='ocr_line' id='line_1_97' title="bbox 250 5052 1898 5130; baseline 0.01 -25"><span class='ocrx_word' id='word_1_712' title='bbox 250 5052 688 5122; x_wconf 85' lang='lat' dir='ltr'>quoqueipsum</span> <span class='ocrx_word' id='word_1_713' title='bbox 713 5055 960 5110; x_wconf 77' lang='lat' dir='ltr'>infernis</span> <span class='ocrx_word' id='word_1_714' title='bbox 983 5056 1210 5112; x_wconf 87' lang='lat' dir='ltr'>artibus</span> <span class='ocrx_word' id='word_1_715' title='bbox 1237 5061 1563 5130; x_wconf 87' lang='lat' dir='ltr'>appetitum</span> <span class='ocrx_word' id='word_1_716' title='bbox 1581 5067 1898 5122; x_wconf 87' lang='lat' dir='ltr'>autumans</span> 
     </span>
    </p>
   </div>
   <div class='ocr_carea' id='block_1_98' title="bbox 251 5139 1901 5214">
    <p class='ocr_par' dir='ltr' id='par_1_98' title="bbox 251 5139 1901 5214">
     <span class='ocr_line' id='line_1_98' title="bbox 251 5139 1901 5214; baseline 0.009 -20"><span class='ocrx_word' id='word_1_717' title='bbox 251 5139 324 5194; x_wconf 88' lang='lat' dir='ltr'>ab</span> <span class='ocrx_word' id='word_1_718' title='bbox 358 5142 559 5194; x_wconf 87' lang='lat' dir='ltr'>eodem</span> <span class='ocrx_word' id='word_1_719' title='bbox 591 5141 836 5197; x_wconf 88' lang='lat' dir='ltr'>indicati</span> <span class='ocrx_word' id='word_1_720' title='bbox 872 5143 1077 5198; x_wconf 85' lang='lat' dir='ltr'>fascini</span> <span class='ocrx_word' id='word_1_721' title='bbox 1111 5151 1368 5214; x_wconf 85' lang='lat' dir='ltr'>auctore,</span> <span class='ocrx_word' id='word_1_722' title='bbox 1427 5149 1803 5208; x_wconf 87' lang='lat' dir='ltr'>vehementer</span> <span class='ocrx_word' id='word_1_723' title='bbox 1832 5173 1901 5210; x_wconf 82' lang='lat' dir='ltr'>ex</span> 
     </span>
    </p>
   </div>
   <div class='ocr_carea' id='block_1_99' title="bbox 251 5229 1898 5305">
    <p class='ocr_par' dir='ltr' id='par_1_99' title="bbox 251 5229 1898 5305">
     <span class='ocr_line' id='line_1_99' title="bbox 251 5229 1898 5305; baseline 0.008 -22"><span class='ocrx_word' id='word_1_724' title='bbox 251 5229 514 5289; x_wconf 88' lang='lat' dir='ltr'>canduit,</span> <span class='ocrx_word' id='word_1_725' title='bbox 548 5234 809 5285; x_wconf 83' lang='lat' dir='ltr'>extrema</span> <span class='ocrx_word' id='word_1_726' title='bbox 837 5233 1084 5302; x_wconf 87' lang='lat' dir='ltr'>experiri</span> <span class='ocrx_word' id='word_1_727' title='bbox 1121 5251 1286 5305; x_wconf 67' lang='lat' dir='ltr'>quaeq</span> <span class='ocrx_word' id='word_1_728' title='bbox 1301 5253 1368 5290; x_wconf 90' lang='lat' dir='ltr'>ue</span> <span class='ocrx_word' id='word_1_729' title='bbox 1399 5242 1593 5293; x_wconf 91' lang='lat' dir='ltr'>certus</span> <span class='ocrx_word' id='word_1_730' title='bbox 1618 5242 1685 5294; x_wconf 86' lang='lat' dir='ltr'>ad</span> <span class='ocrx_word' id='word_1_731' title='bbox 1713 5243 1898 5298; x_wconf 83' lang='lat' dir='ltr'>artiﬁ-</span> 
     </span>
    </p>
   </div>
   <div class='ocr_carea' id='block_1_100' title="bbox 251 5318 1897 5396">
    <p class='ocr_par' dir='ltr' id='par_1_100' title="bbox 251 5318 1897 5396">
     <span class='ocr_line' id='line_1_100' title="bbox 251 5318 1897 5396; baseline 0.01 -26"><span class='ocrx_word' id='word_1_732' title='bbox 251 5331 376 5370; x_wconf 89' lang='lat' dir='ltr'>cem</span> <span class='ocrx_word' id='word_1_733' title='bbox 409 5318 670 5370; x_wconf 77' lang='lat' dir='ltr'>veneﬁcii</span> <span class='ocrx_word' id='word_1_734' title='bbox 706 5321 1090 5374; x_wconf 89' lang='lat' dir='ltr'>noscendum.</span> <span class='ocrx_word' id='word_1_735' title='bbox 1125 5325 1338 5378; x_wconf 89' lang='lat' dir='ltr'>Saccus</span> <span class='ocrx_word' id='word_1_736' title='bbox 1396 5327 1702 5396; x_wconf 80' lang='lat' dir='ltr'>expeditur</span> <span class='ocrx_word' id='word_1_737' title='bbox 1741 5331 1897 5388; x_wconf 91' lang='lat' dir='ltr'>illico</span> 
     </span>
    </p>
   </div>
   <div class='ocr_carea' id='block_1_101' title="bbox 250 5404 1899 5477">
    <p class='ocr_par' dir='ltr' id='par_1_101' title="bbox 250 5404 1899 5477">
     <span class='ocr_line' id='line_1_101' title="bbox 250 5404 1899 5477; baseline 0.01 -18"><span class='ocrx_word' id='word_1_738' title='bbox 250 5404 704 5474; x_wconf 78' lang='lat' dir='ltr'>stramentitius,</span> <span class='ocrx_word' id='word_1_739' title='bbox 740 5412 797 5460; x_wconf 90' lang='lat' dir='ltr'>et</span> <span class='ocrx_word' id='word_1_740' title='bbox 829 5407 884 5461; x_wconf 90' lang='lat' dir='ltr'>in</span> <span class='ocrx_word' id='word_1_741' title='bbox 919 5424 1050 5462; x_wconf 90' lang='lat' dir='ltr'>cum</span> <span class='ocrx_word' id='word_1_742' title='bbox 1087 5426 1235 5465; x_wconf 86' lang='lat' dir='ltr'>anus</span> <span class='ocrx_word' id='word_1_743' title='bbox 1267 5413 1480 5469; x_wconf 89' lang='lat' dir='ltr'>misera</span> <span class='ocrx_word' id='word_1_744' title='bbox 1526 5417 1899 5477; x_wconf 84' lang='lat' dir='ltr'>nobilissima</span> 
     </span>
    </p>
   </div>
   <div class='ocr_carea' id='block_1_102' title="bbox 250 5495 1898 5572">
    <p class='ocr_par' dir='ltr' id='par_1_102' title="bbox 250 5495 1898 5572">
     <span class='ocr_line' id='line_1_102' title="bbox 250 5495 1898 5572; baseline 0.012 -27"><span class='ocrx_word' id='word_1_745' title='bbox 250 5497 514 5547; x_wconf 87' lang='lat' dir='ltr'>matrona</span> <span class='ocrx_word' id='word_1_746' title='bbox 545 5495 701 5548; x_wconf 89' lang='lat' dir='ltr'>unda</span> <span class='ocrx_word' id='word_1_747' title='bbox 731 5495 1044 5563; x_wconf 84' lang='lat' dir='ltr'>conjicitur</span> <span class='ocrx_word' id='word_1_748' title='bbox 1074 5514 1205 5553; x_wconf 90' lang='lat' dir='ltr'>cum</span> <span class='ocrx_word' id='word_1_749' title='bbox 1242 5501 1472 5570; x_wconf 82' lang='lat' dir='ltr'>felibus,</span> <span class='ocrx_word' id='word_1_750' title='bbox 1501 5505 1596 5572; x_wconf 90' lang='lat' dir='ltr'>qui</span> <span class='ocrx_word' id='word_1_751' title='bbox 1629 5508 1898 5565; x_wconf 72' lang='lat' dir='ltr'>videlicet</span> 
     </span>
    </p>
   </div>
   <div class='ocr_carea' id='block_1_103' title="bbox 250 5582 1895 5665">
    <p class='ocr_par' dir='ltr' id='par_1_103' title="bbox 250 5582 1895 5665">
     <span class='ocr_line' id='line_1_103' title="bbox 250 5582 1895 5665; baseline 0.012 -30"><span class='ocrx_word' id='word_1_752' title='bbox 250 5583 471 5636; x_wconf 82' lang='lat' dir='ltr'>acubus</span> <span class='ocrx_word' id='word_1_753' title='bbox 534 5582 818 5639; x_wconf 78' lang='lat' dir='ltr'>immissis</span> <span class='ocrx_word' id='word_1_754' title='bbox 881 5601 979 5652; x_wconf 87' lang='lat' dir='ltr'>per</span> <span class='ocrx_word' id='word_1_755' title='bbox 1037 5589 1261 5641; x_wconf 87' lang='lat' dir='ltr'>textum</span> <span class='ocrx_word' id='word_1_756' title='bbox 1325 5589 1527 5659; x_wconf 83' lang='lat' dir='ltr'>legetis</span> <span class='ocrx_word' id='word_1_757' title='bbox 1558 5601 1895 5665; x_wconf 89' lang='lat' dir='ltr'>compuncti</span> 
     </span>
    </p>
   </div>
   <div class='ocr_carea' id='block_1_104' title="bbox 249 5671 1894 5746">
    <p class='ocr_par' dir='ltr' id='par_1_104' title="bbox 249 5671 1894 5746">
     <span class='ocr_line' id='line_1_104' title="bbox 249 5671 1894 5746; baseline 0.012 -23"><span class='ocrx_word' id='word_1_758' title='bbox 249 5671 550 5740; x_wconf 84' lang='lat' dir='ltr'>unguibus</span> <span class='ocrx_word' id='word_1_759' title='bbox 582 5672 680 5726; x_wconf 74' lang='lat'>35</span> <span class='ocrx_word' id='word_1_760' title='bbox 739 5672 994 5727; x_wconf 83' lang='lat' dir='ltr'>vetulam</span> <span class='ocrx_word' id='word_1_761' title='bbox 1059 5675 1478 5746; x_wconf 80' lang='lat' dir='ltr'>discerperent.</span> <span class='ocrx_word' id='word_1_762' title='bbox 1542 5684 1894 5742; x_wconf 80' lang='lat' dir='ltr'>Eaimmani</span> 
     </span>
    </p>
   </div>
   <div class='ocr_carea' id='block_1_105' title="bbox 2009 4703 3659 4776">
    <p class='ocr_par' dir='ltr' id='par_1_105' title="bbox 2009 4703 3659 4776">
     <span class='ocr_line' id='line_1_105' title="bbox 2009 4703 3659 4776; baseline -0.001 -16"><span class='ocrx_word' id='word_1_763' title='bbox 2009 4710 2125 4771; x_wconf 88' lang='lat' dir='ltr'>tur,</span> <span class='ocrx_word' id='word_1_764' title='bbox 2151 4710 2441 4769; x_wconf 88' lang='lat' dir='ltr'>metuens,</span> <span class='ocrx_word' id='word_1_765' title='bbox 2467 4703 2732 4774; x_wconf 82' lang='lat' dir='ltr'>proprios</span> <span class='ocrx_word' id='word_1_766' title='bbox 2755 4703 2803 4757; x_wconf 92' lang='lat' dir='ltr'>ei</span> <span class='ocrx_word' id='word_1_767' title='bbox 2822 4703 3033 4758; x_wconf 83' lang='lat' dir='ltr'>liberos</span> <span class='ocrx_word' id='word_1_768' title='bbox 3057 4705 3505 4770; x_wconf 86' lang='lat' dir='ltr'>commendavit,</span> <span class='ocrx_word' id='word_1_769' title='bbox 3530 4721 3659 4776; x_wconf 85' lang='lat' dir='ltr'>gra-</span> 
     </span>
    </p>
   </div>
   <div class='ocr_carea' id='block_1_106' title="bbox 2009 4792 3656 4862">
    <p class='ocr_par' dir='ltr' id='par_1_106' title="bbox 2009 4792 3656 4862">
     <span class='ocr_line' id='line_1_106' title="bbox 2009 4792 3656 4862; baseline 0.001 -14"><span class='ocrx_word' id='word_1_770' title='bbox 2009 4792 2227 4848; x_wconf 81' lang='lat' dir='ltr'>tiamin</span> <span class='ocrx_word' id='word_1_771' title='bbox 2260 4809 2395 4848; x_wconf 91' lang='lat' dir='ltr'>cum</span> <span class='ocrx_word' id='word_1_772' title='bbox 2429 4808 2600 4846; x_wconf 87' lang='lat' dir='ltr'>suam</span> <span class='ocrx_word' id='word_1_773' title='bbox 2633 4808 2971 4847; x_wconf 88' lang='lat' dir='ltr'>memorans</span> <span class='ocrx_word' id='word_1_774' title='bbox 2992 4809 3059 4847; x_wconf 88' lang='lat' dir='ltr'>ea</span> <span class='ocrx_word' id='word_1_775' title='bbox 3089 4792 3458 4862; x_wconf 81' lang='lat' dir='ltr'>indulgentia</span> <span class='ocrx_word' id='word_1_776' title='bbox 3484 4799 3656 4849; x_wconf 83' lang='lat' dir='ltr'>testa-</span> 
     </span>
    </p>
   </div>
   <div class='ocr_carea' id='block_1_107' title="bbox 2009 4881 3662 4952">
    <p class='ocr_par' dir='ltr' id='par_1_107' title="bbox 2009 4881 3662 4952">
     <span class='ocr_line' id='line_1_107' title="bbox 2009 4881 3662 4952; baseline -0.002 -15"><span class='ocrx_word' id='word_1_777' title='bbox 2009 4887 2149 4947; x_wconf 88' lang='lat' dir='ltr'>tam,</span> <span class='ocrx_word' id='word_1_778' title='bbox 2175 4899 2287 4951; x_wconf 83' lang='lat' dir='ltr'>qua</span> <span class='ocrx_word' id='word_1_779' title='bbox 2319 4881 2514 4952; x_wconf 87' lang='lat' dir='ltr'>ipsum</span> <span class='ocrx_word' id='word_1_780' title='bbox 2549 4881 2620 4935; x_wconf 94' lang='lat' dir='ltr'>ob</span> <span class='ocrx_word' id='word_1_781' title='bbox 2645 4886 2838 4936; x_wconf 86' lang='lat' dir='ltr'>vetera</span> <span class='ocrx_word' id='word_1_782' title='bbox 2872 4881 3075 4952; x_wconf 90' lang='lat' dir='ltr'>utique</span> <span class='ocrx_word' id='word_1_783' title='bbox 3105 4882 3356 4935; x_wconf 88' lang='lat' dir='ltr'>crimina</span> <span class='ocrx_word' id='word_1_784' title='bbox 3379 4899 3548 4952; x_wconf 78' lang='lat' dir='ltr'>pmna</span> <span class='ocrx_word' id='word_1_785' title='bbox 3567 4883 3662 4936; x_wconf 91' lang='lat' dir='ltr'>di-</span> 
     </span>
    </p>
   </div>
   <div class='ocr_carea' id='block_1_108' title="bbox 2007 4969 3649 5042">
    <p class='ocr_par' dir='ltr' id='par_1_108' title="bbox 2007 4969 3649 5042">
     <span class='ocr_line' id='line_1_108' title="bbox 2007 4969 3649 5042; baseline 0 -16"><span class='ocrx_word' id='word_1_786' title='bbox 2007 4987 2214 5042; x_wconf 82' lang='lat' dir='ltr'>gnum:</span> <span class='ocrx_word' id='word_1_787' title='bbox 2250 4969 2500 5041; x_wconf 82' lang='lat' dir='ltr'>benigno</span> <span class='ocrx_word' id='word_1_788' title='bbox 2525 4969 2734 5024; x_wconf 73' lang='lat' dir='ltr'>ail‘ectu</span> <span class='ocrx_word' id='word_1_789' title='bbox 2789 4969 3104 5034; x_wconf 82' lang='lat' dir='ltr'>miserans,</span> <span class='ocrx_word' id='word_1_790' title='bbox 3158 4969 3304 5024; x_wconf 91' lang='lat' dir='ltr'>nulli</span> <span class='ocrx_word' id='word_1_791' title='bbox 3355 4971 3539 5027; x_wconf 91' lang='lat' dir='ltr'>atroci</span> <span class='ocrx_word' id='word_1_792' title='bbox 3595 4975 3649 5026; x_wconf 90' lang='lat' dir='ltr'>et</span> 
     </span>
    </p>
   </div>
   <div class='ocr_carea' id='block_1_109' title="bbox 2009 5057 3147 5129">
    <p class='ocr_par' dir='ltr' id='par_1_109' title="bbox 2009 5057 3147 5129">
     <span class='ocr_line' id='line_1_109' title="bbox 2009 5057 3147 5129; baseline 0.002 -16"><span class='ocrx_word' id='word_1_793' title='bbox 2009 5058 2425 5114; x_wconf 88' lang='lat' dir='ltr'>immedicabili</span> <span class='ocrx_word' id='word_1_794' title='bbox 2459 5057 2745 5129; x_wconf 89' lang='lat' dir='ltr'>supplicio</span> <span class='ocrx_word' id='word_1_795' title='bbox 2778 5075 2842 5112; x_wconf 90' lang='lat' dir='ltr'>su</span> <span class='ocrx_word' id='word_1_796' title='bbox 2855 5059 3147 5128; x_wconf 80' lang='lat' dir='ltr'>biecisset.</span> 
     </span>
    </p>
   </div>
   <div class='ocr_carea' id='block_1_110' title="bbox 2010 5147 3660 5220">
    <p class='ocr_par' dir='ltr' id='par_1_110' title="bbox 2010 5147 3660 5220">
     <span class='ocr_line' id='line_1_110' title="bbox 2010 5147 3660 5220; baseline 0 -16"><span class='ocrx_word' id='word_1_797' title='bbox 2010 5151 2094 5204; x_wconf 86' lang='grc'>13.</span> <span class='ocrx_word' id='word_1_798' title='bbox 2130 5148 2268 5204; x_wconf 80' lang='lat' dir='ltr'>Mors</span> <span class='ocrx_word' id='word_1_799' title='bbox 2303 5147 2564 5203; x_wconf 85' lang='lat' dir='ltr'>Theodori</span> <span class='ocrx_word' id='word_1_800' title='bbox 2593 5148 2840 5218; x_wconf 76' lang='lat' dir='ltr'>Augusti,</span> <span class='ocrx_word' id='word_1_801' title='bbox 2869 5151 2922 5202; x_wconf 79' lang='lat' dir='ltr'>rt</span> <span class='ocrx_word' id='word_1_802' title='bbox 2950 5149 3128 5220; x_wconf 78' lang='lat' dir='ltr'>ipsius</span> <span class='ocrx_word' id='word_1_803' title='bbox 3158 5149 3297 5204; x_wconf 86' lang='lat' dir='ltr'>dum</span> <span class='ocrx_word' id='word_1_804' title='bbox 3326 5149 3529 5206; x_wconf 79' lang='lat' dir='ltr'>viveret</span> <span class='ocrx_word' id='word_1_805' title='bbox 3569 5164 3660 5205; x_wconf 80' lang='lat' dir='ltr'>res</span> 
     </span>
    </p>
   </div>
   <div class='ocr_carea' id='block_1_111' title="bbox 2584 5237 3073 5307">
    <p class='ocr_par' dir='ltr' id='par_1_111' title="bbox 2584 5237 3073 5307">
     <span class='ocr_line' id='line_1_111' title="bbox 2584 5237 3073 5307; baseline 0.008 -20"><span class='ocrx_word' id='word_1_806' title='bbox 2584 5237 2860 5307; x_wconf 63' lang='lat' dir='ltr'>praeclare</span> <span class='ocrx_word' id='word_1_807' title='bbox 2886 5241 3073 5303; x_wconf 56' lang='lat' dir='ltr'>gesta.</span> 
     </span>
    </p>
   </div>
   <div class='ocr_carea' id='block_1_112' title="bbox 2080 5325 3662 5398">
    <p class='ocr_par' dir='ltr' id='par_1_112' title="bbox 2080 5325 3662 5398">
     <span class='ocr_line' id='line_1_112' title="bbox 2080 5325 3662 5398; baseline 0.001 -18"><span class='ocrx_word' id='word_1_808' title='bbox 2080 5326 2294 5380; x_wconf 87' lang='lat' dir='ltr'>Eodem</span> <span class='ocrx_word' id='word_1_809' title='bbox 2330 5341 2500 5395; x_wconf 88' lang='lat' dir='ltr'>porro</span> <span class='ocrx_word' id='word_1_810' title='bbox 2528 5341 2680 5379; x_wconf 89' lang='lat' dir='ltr'>anno</span> <span class='ocrx_word' id='word_1_811' title='bbox 2704 5325 2760 5378; x_wconf 90' lang='lat' dir='ltr'>in</span> <span class='ocrx_word' id='word_1_812' title='bbox 2793 5331 3143 5380; x_wconf 83' lang='lat' dir='ltr'>autumnum</span> <span class='ocrx_word' id='word_1_813' title='bbox 3177 5334 3448 5398; x_wconf 82' lang='lat' dir='ltr'>vergente</span> <span class='ocrx_word' id='word_1_814' title='bbox 3484 5327 3662 5382; x_wconf 92' lang='lat' dir='ltr'>mori-</span> 
     </span>
    </p>
   </div>
   <div class='ocr_carea' id='block_1_113' title="bbox 2007 5413 3663 5486">
    <p class='ocr_par' dir='ltr' id='par_1_113' title="bbox 2007 5413 3663 5486">
     <span class='ocr_line' id='line_1_113' title="bbox 2007 5413 3663 5486; baseline 0 -15"><span class='ocrx_word' id='word_1_815' title='bbox 2007 5421 2104 5471; x_wconf 88' lang='lat' dir='ltr'>tur</span> <span class='ocrx_word' id='word_1_816' title='bbox 2137 5416 2477 5486; x_wconf 85' lang='lat' dir='ltr'>imperator,</span> <span class='ocrx_word' id='word_1_817' title='bbox 2508 5413 2760 5486; x_wconf 86' lang='lat' dir='ltr'>pupillos</span> <span class='ocrx_word' id='word_1_818' title='bbox 2782 5414 3125 5486; x_wconf 89' lang='lat' dir='ltr'>relinquens</span> <span class='ocrx_word' id='word_1_819' title='bbox 3147 5423 3398 5486; x_wconf 87' lang='lat' dir='ltr'>quatuor</span> <span class='ocrx_word' id='word_1_820' title='bbox 3421 5416 3663 5482; x_wconf 81' lang='lat' dir='ltr'>liberos,</span> 
     </span>
    </p>
   </div>
   <div class='ocr_carea' id='block_1_114' title="bbox 2007 5503 3659 5577">
    <p class='ocr_par' dir='ltr' id='par_1_114' title="bbox 2007 5503 3659 5577">
     <span class='ocr_line' id='line_1_114' title="bbox 2007 5503 3659 5577; baseline 0.001 -18"><span class='ocrx_word' id='word_1_821' title='bbox 2007 5509 2125 5559; x_wconf 88' lang='lat' dir='ltr'>tres</span> <span class='ocrx_word' id='word_1_822' title='bbox 2150 5503 2400 5557; x_wconf 76' lang='lat' dir='ltr'>feminas</span> <span class='ocrx_word' id='word_1_823' title='bbox 2424 5508 2480 5557; x_wconf 89' lang='lat' dir='ltr'>et</span> <span class='ocrx_word' id='word_1_824' title='bbox 2501 5519 2827 5558; x_wconf 89' lang='lat' dir='ltr'>novennem</span> <span class='ocrx_word' id='word_1_825' title='bbox 2860 5521 3043 5558; x_wconf 90' lang='lat' dir='ltr'>unum</span> <span class='ocrx_word' id='word_1_826' title='bbox 3071 5521 3290 5559; x_wconf 86' lang='lat' dir='ltr'>marem</span> <span class='ocrx_word' id='word_1_827' title='bbox 3318 5521 3420 5560; x_wconf 86' lang='lat' dir='ltr'>avo</span> <span class='ocrx_word' id='word_1_828' title='bbox 3443 5523 3659 5577; x_wconf 85' lang='lat' dir='ltr'>cogno-</span> 
     </span>
    </p>
   </div>
   <div class='ocr_carea' id='block_1_115' title="bbox 2007 5593 3658 5664">
    <p class='ocr_par' dir='ltr' id='par_1_115' title="bbox 2007 5593 3658 5664">
     <span class='ocr_line' id='line_1_115' title="bbox 2007 5593 3658 5664; baseline 0.002 -17"><span class='ocrx_word' id='word_1_829' title='bbox 2007 5595 2227 5648; x_wconf 89' lang='lat' dir='ltr'>minem</span> <span class='ocrx_word' id='word_1_830' title='bbox 2285 5593 2594 5646; x_wconf 85' lang='lat' dir='ltr'>Joannem.</span> <span class='ocrx_word' id='word_1_831' title='bbox 2648 5597 2794 5646; x_wconf 84' lang='lat' dir='ltr'>Nam</span> <span class='ocrx_word' id='word_1_832' title='bbox 2853 5593 2983 5648; x_wconf 56' lang='lat' dir='ltr'>lilia!</span> <span class='ocrx_word' id='word_1_833' title='bbox 3052 5593 3278 5664; x_wconf 83' lang='lat' dir='ltr'>priores</span> <span class='ocrx_word' id='word_1_834' title='bbox 3359 5594 3658 5650; x_wconf 70' lang='lat' dir='ltr'>collocata:</span> 
     </span>
    </p>
   </div>
   <div class='ocr_carea' id='block_1_116' title="bbox 2005 5682 3653 5754">
    <p class='ocr_par' dir='ltr' id='par_1_116' title="bbox 2005 5682 3653 5754">
     <span class='ocr_line' id='line_1_116' title="bbox 2005 5682 3653 5754; baseline 0.001 -15"><span class='ocrx_word' id='word_1_835' title='bbox 2005 5685 2228 5739; x_wconf 83' lang='lat' dir='ltr'>dudum</span> <span class='ocrx_word' id='word_1_836' title='bbox 2261 5683 2361 5735; x_wconf 80' lang='lat'>36</span> <span class='ocrx_word' id='word_1_837' title='bbox 2397 5682 2627 5735; x_wconf 76' lang='lat' dir='ltr'>fuerant</span> <span class='ocrx_word' id='word_1_838' title='bbox 2659 5682 2711 5733; x_wconf 88' lang='lat' dir='ltr'>in</span> <span class='ocrx_word' id='word_1_839' title='bbox 2762 5683 3230 5752; x_wconf 85' lang='lat' dir='ltr'>matrimonium,</span> <span class='ocrx_word' id='word_1_840' title='bbox 3268 5700 3384 5738; x_wconf 88' lang='lat' dir='ltr'>una</span> <span class='ocrx_word' id='word_1_841' title='bbox 3415 5684 3653 5754; x_wconf 86' lang='lat' dir='ltr'>quidem</span> 
     </span>
    </p>
   </div>
  </div>
