4090 6426
384 394 493 451 469

1507 391 1604 445 DE
1643 389 2020 444 MICHAELE
2065 388 2517 445 PALJBOLOGO
2554 393 2689 443 LIB.
2731 396 2775 444 Ι.

3713 394 3818 447 470

383 516 655 589 σταντίνῳ
697 519 778 589 τῷ
834 514 1037 590 Τείχῳ,
1070 517 1105 584 ἡ
1166 512 1221 568 δὲ
1268 517 1347 585 τῷ
1394 515 1493 567 τοῦ
1527 508 1744 567 δυτικοῦ
1778 507 2040 565 δεσπότου
2070 513 2125 580 Α
2155 510 2236 564 ὅτι
2289 510 2527 583 μάλιστα
2576 513 2818 587 ἄριστον,
2882 513 3020 571 ὥστε
3072 516 3160 571 καὶ
3218 516 3547 589 παμπληθὲς
3604 513 3817 570 ἐκινδῦ-

380 607 628 681 Μιχαὴλ
686 605 842 661 παιδὶ
901 604 1201 682 Νικηφόρῳ
1258 604 1393 677 πρὸς
1452 603 1626 676 γάμον
1678 595 1907 678 ἔφθασαν
1960 599 2046 653 ἐκ·

387 694 639 766 δοθῆναι.
670 698 737 752 “Ο
796 693 861 764 δὴ
919 695 1008 750 καὶ
1066 694 1425 768 προεσήμηνὲ
1480 713 1530 745 τι
1582 695 1852 762 σημεῖονο
1886 688 2049 757 ἥλιος

378 788 485 862 γὰρ
532 783 847 840 ἐκλελοίπει
895 783 976 861 ἐφ’
1019 781 1163 859 ὥραν
1220 781 1410 857 τρίτην
1457 788 1557 848 τῆς
1604 776 1766 847 ἕκτης
1814 777 2048 853 ἡμέρας,

381 876 474 929 καὶ
515 872 652 949 βαθὺ
685 868 882 934 σκότος
908 872 971 927 τὸ
998 878 1102 925 πᾶν
1159 869 1503 945 κατειλήφει,
1538 867 1675 921 ὥστε
1733 867 1823 920 καὶ
1882 867 2050 938 ἄστρα

382 969 619 1037 φανῆναι
665 963 781 1014 κατ’
837 960 1087 1035 οὐρανοῦ.
1148 959 1248 1014 Καὶ
1315 956 1381 1026 δὴ
1442 959 1734 1030 ἁρπάζεται
1798 954 1886 1008 καὶ
1944 955 2049 1028 πρὸ

381 1053 532 1127 ὥρας
565 1051 702 1125 ἀνὴρ
741 1048 1042 1124 βασιλικῶς
1080 1050 1173 1121 μὲν
1209 1048 1298 1101 καὶ
1325 1046 1606 1121 γεννηθεὶς
1666 1045 1754 1098 καὶ
1803 1043 2049 1120 τραφεὶς.

382 1141 687 1215 βασιλικῶς
719 1137 763 1194 δ’
796 1138 1054 1214 ἀναχθεὶς
1081 1137 1173 1193 καὶ
1206 1134 1538 1205 παιδευθεὶς,
1566 1136 1662 1188 κάν
1725 1133 1769 1187 εἷ
1820 1138 1899 1203 τῷ
1946 1153 2049 1185 πα-

370 1231 464 1305 τρὶ
517 1229 579 1284 οὗ
630 1230 933 1303 προσεῴκει
978 1229 1041 1283 τὸ
1095 1226 1229 1304 βαθύ
1278 1248 1337 1281 τε
1382 1226 1473 1280 καὶ
1523 1223 1738 1278 συνετὸν
1768 1220 1905 1296 πρὸς
1938 1220 2046 1299 ὅτξ

373 1318 528 1388 λὲξοι
576 1317 667 1372 καὶ
712 1318 904 1393 πράξοι
952 1315 1039 1371 καί
1090 1317 1152 1371 τὸ
1201 1322 1301 1384 τῆς
1356 1315 1585 1388 γνώμης
1618 1311 1838 1387 στεῤῥόν
1871 1330 1931 1364 τε
1957 1301 2047 1363 κο.ι

386 1408 402 1424 9
538 1408 584 1424 In
775 1405 889 1424 -\\s
956 1404 984 1424 τ’
1072 1405 1086 1423 1
1233 1406 1243 1423 ι
1483 1403 1501 1424 \
1568 1400 1648 1424 2'--.
1704 1400 1798 1424 .-Σ
1838 1401 1896 1424 rn
1955 1354 2048 1424 nn]

376 1408 732 1478 ἀμετάθετον,
764 1405 889 1461 ἀλλ’
926 1404 1016 1460 οὖν
1069 1405 1129 1460 ἐκ
1174 1406 1400 1459 πάππου
1443 1403 1537 1475 μὲν
1566 1400 1710 1475 ἔχων
1742 1400 1805 1454 τὸ
1838 1401 1925 1471 [Ρ.
1955 1399 2025 1453 20

376 1496 433 1557 ἐς
463 1496 621 1550 πάντ’
655 1495 746 1565 ὀξὺ
777 1497 864 1549 καὶ
897 1492 1247 1571 μεγαλόφρον
1295 1492 1384 1547 καὶ
1440 1492 1680 1566 ἀρεϊκὸν,
1717 1487 1775 1543 ἔκ
1826 1488 1882 1541 δὲ
1938 1508 2045 1558 μη-

374 1585 509 1659 τρὸς
540 1585 602 1639 τὸ
634 1581 1103 1662 φιλοδωρότατον,
1136 1584 1210 1645 ὡς
1245 1580 1401 1643 ὅλαις
1434 1581 1589 1656 χερσῖ
1632 1583 1748 1639 τοῖς
1781 1574 2048 1647 ὕπηκόοις

376 1674 445 1728 τά
505 1675 772 1747 χρήματα
826 1671 1097 1744 ἐξαντλεῖν
1163 1671 1254 1726 καὶ
1306 1669 1667 1740 ἐξαντλοῦντα
1725 1666 1841 1742 οὐχ
1896 1664 2047 1727 ὅπως

379 1761 630 1826 ἀνιᾶσθαι
665 1762 811 1818 ἀλλὰ
866 1763 954 1816 καὶ
1003 1766 1242 1836 χαίρειν,
1275 1757 1729 1837 φιλολογώτατος
1773 1753 1818 1809 δ’
1869 1754 1921 1816 ἐς
1978 1754 2045 1807 τά

2157 620 2304 654 νευεν
2365 601 2757 675 εὐεργετεῖσοαι
2818 606 2892 677 μὴ
2956 604 3036 659 ὅτι
3095 606 3221 667 τοὺς
3278 602 3613 677 ψάλλοντας,
3674 603 3817 659 ἀλλὰ

2159 688 2247 742 καὶ
2306 690 2502 745 αὐτοὺς
2559 696 2665 745 τῶν
2722 692 2905 765 ὕμνων
2960 695 3364 767 ἀκροωμένους,
3396 693 3493 748 κᾶν
3536 698 3645 747 τῶν
3674 714 3810 766 προ-

2159 779 2485 832 κοιτούντων
2518 781 2583 848 ἦν
2615 802 2697 841 τις
2728 782 2822 835 κᾶν
2868 786 2971 836 τῶν
3021 782 3349 860 ὁπλοφόρων
3410 782 3499 836 καὶ
3558 803 3809 853 σωματο-

2161 865 2260 942 φυλ
2277 867 2550 921 ακοόντων
2582 873 2659 939 τῷ
2694 868 2932 943 βασιλεῖ,
2959 871 3054 925 κᾶν
3090 868 3278 933 ἄλλως
3339 870 3636 945 ὑπηρετοίη
3693 876 3810 931 τοῖς

2165 953 2483 1028 βασιλείοις,
2516 955 2609 1010 κέὶν
2672 956 2857 1018 ἄλλως
2918 959 3148 1015 ἄλλοθεν
3202 961 3465 1023 ἐπελθών.
3521 966 3659 1013 nam
3709 960 3811 1034 γὰρ

2161 1041 2212 1112 ἐξ
2271 1041 2386 1096 ἷ¹σου
2442 1046 2503 1098 τὸ
2567 1046 2849 1119 βασιλικὸν
2912 1049 3327 1120 ἀνεξαντλήτως
3387 1045 3575 1123 ἔχευεν
3638 1042 3811 1117 ἕλεος,

2158 1134 2511 1207 στρατιώταις
2544 1131 2601 1187 δὲ
2634 1135 2845 1206 μᾶλλον
2878 1137 2965 1190 καὶ
2999 1139 3080 1199 οἷς
3115 1139 3141 1191 ὁ
3175 1136 3343 1212 λόγος
3395 1138 3458 1191 τὸ
3490 1134 3814 1209 σπούδασμα

2157 1220 2247 1289 ἦν.
2283 1221 2358 1277 Οὐ
2390 1224 2490 1297 γάρ
2521 1223 2589 1290 ἦν
2622 1224 2823 1297 ἡμέρα,
2859 1226 2921 1279 οὐ
2981 1226 3093 1298 νὺξ,
3124 1226 3183 1281 οὐ
3241 1227 3431 1302 καιρὸς
3489 1224 3812 1297 δυσθυμίας,

2160 1311 2267 1386 οὐχ
2294 1310 2409 1386 ὥρα
2441 1316 2634 1387 χαρᾶς,
2670 1312 2766 1367 οὐκ
2818 1314 3127 1370 ἀνατέλλων
3184 1314 3369 1384 ἥλιος,
3405 1315 3467 1369 οὐ
3525 1312 3810 1386 δυόμενος,

2160 1401 2248 1455 ὅτε
2303 1422 2386 1462 τις
2444 1402 2745 1478 εὐεργεσίας
2801 1401 2935 1477 δίχα
2977 1404 3064 1458 τὸν
3116 1402 3337 1473 ἄνακτα,
3395 1406 3430 1473 ἢ
3488 1402 3543 1457 εὖ
3602 1402 3807 1463 ἐκεῖνος

2157 1488 2385 1563 πάσχων
2540 1488 2725 1546 ἄλλων
2785 1491 2852 1545 τὰ
2890 1482 2999 1545 ἴσα
3054 1495 3403 1567 πασχόντων,
3436 1495 3563 1567 ὁρᾷν
3621 1491 3656 1560 ἢ
3715 1492 3804 1545 καὶ

2157 1578 2369 1633 ἀκούειν
2405 1579 2541 1652 εἶχε.
2574 1584 2836 1642 Τοιοῦτος
2877 1579 2934 1635 δὲ
2959 1578 3031 1634 ὣν
3070 1582 3234 1656 βαρὺς
3263 1578 3410 1653 ἔδοξε
3433 1587 3549 1643 τοῖς
3610 1582 3661 1635 ἐν
3718 1582 3804 1633 τὲ-

2157 1663 2262 1738 λει,
2296 1665 2376 1721 ὅτι
2412 1665 2471 1721 οὐ
2502 1668 2619 1722 κατ’
2650 1668 2919 1740 εὐγένειαν
2961 1668 3051 1723 καὶ
3099 1667 3269 1739 κῆδος
3324 1669 3625 1744 βασιλικὸν,
3658 1665 3803 1723 ἀλλᾶ

2153 1753 2464 1828 ἀριστίνδην
2520 1754 2647 1817 τοὺς
2710 1756 2951 1811 ἐπὶτῶν
3028 1758 3364 1832 πραγμάτων
3444 1756 3801 1831 ἐκλεγόμενος

382 1851 627 1922 μάλιστα
679 1846 779 1920 ὤν,
832 1850 921 1905 καὶ
984 1856 1114 1905 πᾶσι
1191 1850 1283 1922 μὲν
1361 1850 1609 1922 λογικοῖς
1692 1841 2043 1918 εὐεργετικῶς
2076 1848 2266 1947 Βτοῖς
2311 1846 2677 1919 προσήκουσιν
2732 1843 3014 1917 ἐσὲμνυνεν
3074 1846 3395 1918 ἀξιώμασιν.
3430 1849 3522 1907 Οἷς
3569 1844 3627 1899 δὲ
3682 1867 3803 1900 συν-

648 1939 658 1947 .
929 1940 941 1947 α
1032 1942 1061 1947 Α.
1222 1937 1261 1947 ιιι
1376 1938 1387 1947 ι
1485 1935 1497 1947 ο
1548 1937 1558 1947 ι
1659 1932 1677 1947 ς
1834 1936 1859 1946 ν
2166 1927 2212 1947 [ﬂ
2638 1935 2646 1947 ι
2702 1944 2705 1947 .
2824 1936 2849 1945 ο
3069 1936 3078 1947 Ι
3168 1937 3180 1947 ι
3322 1936 3332 1947 \
3456 1933 3479 1947 ιι
3713 1936 3725 1947 ι

378 1939 847 2017 προσφερόμενος,
884 1940 994 2013 οὐχ
1022 1942 1185 2007 ἦττον
1219 1937 1275 1992 δὲ
1305 1938 1392 1990 καὶ
1441 1935 1600 1997 αὐτὸς
1659 1932 1862 2008 λογικῇ
1915 1952 2041 1985 παι-

380 2027 503 2101 δείᾳ
532 2030 956 2104 προσεσχηκὼς,
984 2028 1044 2082 οὐ
1081 2027 1292 2101 μᾶλλον
1326 2026 1385 2080 ἐκ
1418 2027 1704 2098 μαθήσεως
1743 2024 1777 2093 ἢ
1834 2020 2043 2095 φύσεως

375 2122 480 2189 τήν
537 2118 661 2192 περὶ
717 2118 779 2172 τὸ
836 2119 1059 2195 γράφειν
1124 2114 1346 2188 δύναμιν
1398 2110 1674 2189 ἕχων,ὡς
1701 2111 1792 2166 καὶ
1850 2108 2041 2164 πολλὰ

377 2206 680 2283 ἐπιρῥόδην
732 2205 1018 2278 ἐκτιθέναι,
1074 2206 1119 2260 εἰ
1175 2204 1340 2278 μόνον
1386 2205 1673 2280 ὁρμήσειεν
1708 2196 1859 2254 ’ἔδει
1910 2200 2037 2273 γὰρ,

376 2297 468 2351 καὶ
529 2297 721 2351 σιωπῶ
763 2298 830 2351 τὰ
870 2296 1120 2368 πλεῖστα,
1152 2298 1187 2364 ἡ
1237 2294 1538 2370 περιφανής
1589 2290 1742 2366 ἁγίου
1784 2288 2037 2366 ἐφειστή-

376 2408 462 2441 κει
529 2384 928 2459 μνήμη,οὐδὲν
986 2386 1312 2462 προσθέντα,
1363 2386 1399 2452 ἢ
1457 2378 1605 2445 ὅπως
1660 2380 1865 2455 μακρὸν
1923 2378 2032 2431 τῶν

376 2474 719 2550 πραγμάτων
750 2475 1020 2548 ἀνεθέντα,
1062 2475 1177 2535 ἑνὸς
1207 2476 1314 2528 τῶν
1354 2476 1451 2526 τοῖ’)
1502 2469 1715 2544 κλήρου
1766 2466 2029 2542 σχολαιό-

374 2584 537 2639 τερον
568 2564 630 2617 τὸ
678 2563 1144 2639 προκαταρκτικὸν
1186 2565 1282 2615 τοῦ
1335 2555 1533 2636 ὄρθρου
1597 2555 2030 2631 μονολογοῦντος

372 2654 693 2729 ἒξάψαλμον
740 2655 935 2711 κανόνα
984 2652 1259 2723 πλακῆναι
1318 2655 1396 2723 τῷ
1457 2648 1921 2723 μνημονευομένῳ
1978 2644 2031 2707 ἐς

369 2839 764 2899 Constantino
821 2838 1011 2894 Techo
1070 2836 1457 2909 Bulgarorum
1516 2834 1792 2906 principi,
1854 2832 2033 2888 altera

371 2947 510 2985 vero
540 2927 867 2999 Nicephoro
898 2928 1197 2984 Michaelis
1230 2927 1482 2997 despotaa
1524 2922 1856 2979 Occidentis
1887 2920 2025 2977 filio.

374 3019 491 3077 Nec
510 3017 1051 3089 planeimprovisus
1075 3016 1287 3072 accidit
1313 3015 1407 3070 hic
1429 3030 1623 3081 casus,
1641 3012 1858 3085 quippe
1882 3028 2027 3083 prae-

382 3125 493 3162 nun
507 3112 668 3162 tatus
700 3106 918 3162 caelesti
950 3110 1236 3177 portento.
1260 3105 1490 3160 Etenim
1513 3102 1601 3159 sol
1630 3102 1922 3157 defecerat
1952 3100 2024 3153 ad

374 3195 583 3252 horam
617 3196 851 3250 tertiam
880 3200 1055 3250 sextze
1087 3194 1225 3264 diei,
1248 3198 1304 3250 et
1325 3195 1517 3249 densae
1538 3194 1790 3247 tenebrae
1817 3194 2028 3245 cuncta

370 3285 971 3357 comprehenderant,
1005 3285 1148 3340 adeo
1188 3289 1254 3338 ut
1302 3285 1652 3354 apparerent
1700 3280 1879 3335 stellae
1928 3296 2027 3351 per

370 3374 608 3431 coelum.
645 3376 731 3430 lta
764 3373 1094 3444 praeripilur
1116 3372 1326 3428 acerba
1348 3379 1533 3427 morte
1554 3371 1644 3426 vir
1674 3370 1829 3441 regie
1852 3375 2026 3424 natus

370 3470 431 3520 et
489 3463 776 3531 nutritus,
809 3462 967 3533 regie
1020 3478 1253 3533 quoque
1310 3462 1596 3516 educatus
1648 3465 1703 3515 et
1763 3459 2024 3523 edoctus,

370 3552 523 3625 patri
560 3569 677 3607 non
709 3551 808 3607 ille
841 3552 1079 3621 quidem
1112 3550 1324 3605 similis
1350 3549 1410 3604 in
1442 3549 1734 3620 profunda
1750 3562 2026 3602 consum-

373 3648 656 3712 mataque
686 3640 1001 3712 prudentia
1028 3640 1323 3695 dictorum
1378 3638 1595 3709 pariter
1623 3641 1681 3692 et
1736 3640 2025 3705 actorum,

374 3748 569 3801 neque
600 3731 657 3784 in
690 3729 1046 3785 immutabili
1077 3728 1407 3784 constantia
1436 3728 1617 3783 semel
1644 3730 1799 3781 recte
1831 3726 2025 3779 decre-

372 3826 595 3887 torum,
627 3824 905 3875 caatorum
938 3836 1007 3875 ex
1036 3835 1140 3874 avo
1174 3819 1396 3873 habens
1428 3817 1676 3871 celerem
1711 3816 1779 3870 ad
1806 3813 2024 3880 omnia,

367 3911 669 3965 excelsum
692 3925 758 3963 ac
780 3925 1060 3979 magnum
1085 3907 1356 3979 belloque
1378 3922 1571 3962 acrem
1613 3905 1918 3973 animum;
1958 3919 2027 3957 ex

371 4005 563 4055 matre
592 4016 725 4054 vero
757 3999 1359 4055 beneﬁcentissimam
1410 4001 1701 4062 naturam,
1736 4012 1866 4066 quae
1903 4012 2023 4049 am-

372 4090 567 4145 babus
596 4087 873 4143 manibus
906 4090 1060 4143 dona
1085 4088 1142 4142 in
1166 4086 1473 4143 subdditos
1495 4086 1838 4151 effunderet,
1864 4083 2025 4138 nullo

372 4194 623 4233 maerore
673 4178 1026 4250 largissime,
1059 4177 1176 4233 imo
1225 4176 1523 4233 effundere
1559 4174 1860 4247 gauderet.
1897 4173 2025 4227 Stu-

371 4267 700 4323 diossimus
732 4268 790 4321 in
825 4267 1032 4337 primis
1064 4265 1453 4334 litterrarum,
1484 4270 1540 4318 et
1571 4263 1858 4318 litteratos
1897 4279 2025 4315 am-

367 4355 542 4427 plecti
609 4356 912 4411 beneﬁciis
978 4355 1208 4422 solitus,
1268 4353 1631 4410 meditationi
1666 4353 1809 4423 quin
1845 4350 2021 4430 etiam

366 4446 727 4513 optimarum
760 4445 981 4499 artium
1025 4444 1290 4499 intentus
1320 4448 1378 4499 et
1404 4460 1519 4499 non
1551 4442 1742 4513 magis
1778 4441 2021 4496 institu~

2155 1927 2331 1987 ἔϐαινε
2387 1935 2739 2009 προσγενέσιν
2801 1936 2930 1989 εἶναι
2989 1936 3078 1990 καί
3135 1937 3187 1989 οἱ
3238 1936 3373 2010 πρὸς
3426 1933 3805 2008 α’ίματος,ἀρ-

2152 2027 2264 2075 κεῖν
2308 2016 2485 2097 ἔκρινε
2524 2024 2584 2076 τὸ
2631 2027 2883 2078 τοιοῦτον
2930 2026 3016 2079 καὶ
3068 2025 3251 2079 ἱκανὸν
3285 2024 3361 2085 εἰς
3391 2023 3558 2098 λόγον
3592 2025 3803 2096 σεμνώ-

2154 2132 2345 2181 ματος.
2380 2112 2456 2167 Τὸ
2506 2109 2562 2166 δὲ
2606 2112 2695 2181 ἦν,
2730 2113 2774 2166 εἰ
2808 2115 3045 2184 σκοποίη
3079 2134 3181 2183 τις,
3214 2113 3408 2186 ἀρετὴν
3472 2110 3807 2190 ὄφελλον-τος

2148 2196 2418 2275 ἄρχοντος
2467 2202 2557 2255 καὶ
2615 2200 3065 2277 παρακαλοῦντος
3121 2204 3256 2277 πρὸς
3330 2200 3682 2273 εὐδοκίμησιν
3741 2203 3804 2254 τὸ

2149 2288 2411 2358 ὑπήκοον.
2447 2288 2523 2346 Οὐ
2576 2290 2675 2365 γὰρ
2732 2290 2989 2365 βλακείας
3020 2293 3208 2366 χάριν,
3239 2291 3365 2346 ἀλλ’
3398 2290 3665 2365 ἁριστείας
3716 2289 3803 2343 καὶ

2142 2382 2238 2431 τοῦ
2268 2375 2451 2440 καλῶς
2484 2376 2704 2452 ἄγεσθαί
2736 2400 2793 2433 τε
2822 2380 2956 2454 πρὸς
2992 2379 3195 2435 ἐκείνου
3246 2380 3336 2433 καὶ
3393 2376 3537 2454 ἄγειν
3599 2375 3807 2440 ἄλλους

2140 2468 2236 2528 τὰς
2300 2464 2585 2541 βασιλικὰς
2645 2467 2967 2544 φιλοτησίας
3020 2464 3224 2542 ἔκρινεν
3282 2465 3650 2539 διανέμεσθαι.
3699 2473 3797 2527 Καὶ

2139 2558 2200 2610 τὸ
2233 2551 2464 2632 φοϐερὸν
2489 2563 2719 2630 προσῆν,
2754 2558 2827 2618 ὡς
2861 2557 3096 2630 ἑτοίμων
3126 2558 3215 2611 καὶ
3245 2558 3338 2610 τὸν
3388 2555 3576 2619 ἄλλως
3625 2555 3660 2624 ἢ
3721 2555 3795 2615 ὠς

2138 2642 2246 2700 ἔδει
2277 2648 2536 2699 ποιοῦντα
2578 2642 2905 2713 κολάζεσθαι
2957 2645 3047 2700 καὶ
3094 2645 3186 2699 τὸν
3233 2645 3600 2717 κατορθοῦντα
3655 2642 3807 2715 εὔερ-

2142 2846 2297 2901 dona
2324 2845 2641 2901 videretur.
2672 2847 2828 2901 Adeo
2879 2862 2996 2901 non
3046 2845 3394 2917 psallentes,
3428 2860 3543 2898 non
3575 2845 3784 2897 dantes

2140 2952 2379 3005 operam
2440 2935 2807 3003 canentibus,
2860 2936 3173 2991 indonatos
3232 2932 3625 3005 relinquebat.
3678 2932 3793 2985 Seu

2138 3024 2239 3095 qui
2273 3024 2329 3078 in
2386 3024 2792 3080 excubitorum
2845 3024 3070 3090 ordine,
3109 3040 3211 3079 seu
3260 3022 3318 3077 in
3373 3021 3695 3077 satellitum
3729 3025 3786 3073 ct

2136 3112 2397 3185 corporis
2456 3114 2766 3169 custodum
2838 3129 3104 3183 numero,
3165 3128 3266 3167 seu
3331 3111 3445 3165 alio
3510 3110 3784 3183 quopiam

2133 3203 2321 3258 aulico
2353 3202 2680 3257 ministerio
2708 3202 3047 3274 imperatori
3098 3204 3423 3273 appareret,
3459 3199 3579 3255 sive
3610 3199 3784 3254 etiam

2132 3291 2371 3346 aliunde
2403 3291 2587 3363 aliqui
2618 3309 2684 3347 eo
2718 3292 2861 3345 forte
2893 3292 3130 3345 veniens
3160 3294 3304 3345 tunc
3327 3296 3676 3356 occurreret,
3710 3289 3766 3340 in

2133 3397 2336 3436 omnes
2366 3396 2435 3435 ex
2465 3397 2630 3452 aequo
2662 3380 2879 3451 regiam
2917 3379 3359 3434 beneficentiam
3409 3378 3773 3432 extendebat.

2133 3470 2348 3525 milites
2417 3471 2740 3541 praesertim
2813 3472 2869 3523 et
2912 3468 3237 3522 litterarum
3296 3466 3611 3522 studiosos.
3645 3466 3770 3521 NO'l

2132 3560 2289 3614 enim
2338 3575 2471 3627 nox,
2515 3576 2630 3613 non
2679 3559 2828 3624 dies,
2865 3574 2979 3611 non
3040 3562 3277 3627 tempus
3327 3560 3626 3619 moestum,
3659 3572 3773 3608 non

2132 3646 2511 3715 horalzetior,
2548 3667 2661 3705 non
2713 3648 2907 3704 oriens
2955 3647 3043 3703 sol
3095 3664 3207 3701 non
3260 3647 3533 3702 occidens
3586 3646 3777 3716 ipsum

2131 3743 2433 3793 vacantem
2482 3755 2516 3792 a
2565 3738 2966 3793 beneficiendo
3000 3737 3301 3808 reperiret.
3348 3735 3588 3790 Videres
3620 3734 3781 3789 audi-

2132 3843 2343 3897 resque
2376 3827 2529 3881 circa
2551 3843 2683 3881 eum
2708 3826 3165 3897 semperautqui
3190 3842 3410 3880 munus
3430 3824 3781 3894 acciperent,

2132 3921 2234 3970 aut
2264 3914 2361 3986 qui
2395 3922 2628 3985 accepto
2675 3916 3033 3984 recederent,
3065 3914 3165 3985 qui
3201 3931 3313 3969 non
3366 3914 3583 3968 frustra
3632 3916 3782 3983 pete-

2132 4010 2284 4071 rent,
2317 4005 2417 4075 qui
2471 4004 2627 4058 nacti
2662 4006 2816 4076 quod
2878 4003 3185 4059 voluerant
3241 4003 3463 4074 gratias
3521 4007 3781 4072 agerent.

2130 4096 2320 4164 Atque
2353 4093 2446 4147 hic
2483 4098 2672 4148 tamen
2706 4091 2840 4146 talis
2873 4108 3007 4147 cum
3039 4095 3193 4147 esset
3218 4091 3558 4161 imperator,
3594 4090 3786 4160 gravis

2131 4188 2256 4239 erat
2287 4182 2650 4254 primoribus
2682 4197 3012 4253 procerum,
3042 4180 3262 4234 ideirco
3296 4180 3409 4249 qod
3441 4179 3498 4231 in
3534 4179 3783 4232 deman-

2131 4273 2342 4327 dandis
2372 4271 2727 4343 praefecturis
2759 4287 2874 4325 non
2898 4269 3131 4341 patricii
3155 4269 3385 4339 generis
3410 4275 3508 4322 aut
3531 4268 3786 4321 necessi-

2130 4362 2354 4417 tudinis
2378 4377 2513 4416 cum
2537 4359 2847 4432 principali
2870 4361 3042 4415 domo
3067 4358 3353 4414 rationem
3378 4357 3654 4422 haberet;
3682 4358 3777 4410 sed

2132 4466 2427 4523 quemque
2455 4450 2673 4505 viritim
2722 4464 2791 4503 ex
2839 4449 3075 4520 propria
3123 4447 3466 4519 praestantia
3515 4445 3785 4515 verisque

364 4534 529 4590 tione
567 4551 741 4605 quam
793 4534 988 4589 indole
1035 4550 1311 4605 magnam
1370 4532 1667 4603 eleganter
1722 4529 2017 4585 scribendi
2053 4532 2099 4592 D
2133 4540 2372 4595 dotibus
2395 4539 2716 4607 aestimans,
2738 4538 3085 4593 admovebat
3108 4537 3191 4593 rei
3214 4537 3482 4608 gerendae
3506 4535 3575 4590 ad
3604 4551 3783 4606 quam

366 4624 711 4679 facultatem
746 4628 1077 4689 assecutus,
1102 4629 1168 4677 ut
1198 4622 1387 4676 multa
1412 4622 1626 4676 diserte
1648 4623 2020 4691 componeret

368 4714 602 4784 quoties
644 4715 790 4767 tanti
835 4714 1074 4767 duceret
1121 4713 1180 4766 in
1231 4712 1287 4766 id
1340 4710 1681 4765 incumbere
1726 4711 1903 4778 Cujus
1938 4708 2017 4762 rei

366 4803 795 4856 documentum
828 4798 1041 4870 (multa
1071 4799 1293 4854 similia.
1322 4799 1591 4853 reticens)
1617 4796 1851 4851 unicum
1888 4814 2020 4866 pro-

365 4890 580 4955 feram,
637 4889 737 4945 ubi
799 4888 1123 4945 solemnius
1177 4887 1366 4943 sancti
1415 4887 1747 4957 cujuspiam
1806 4886 2020 4939 festum

365 4979 644 5035 illuxerat
690 4996 806 5035 non
867 4978 982 5033 alia
1038 4979 1304 5033 adhibita
1361 4977 1781 5047 prazparatione
1841 4992 2018 5045 quam

364 5068 707 5123 avocatione
739 5068 955 5123 mentis
987 5083 1019 5123 a
1042 5068 1310 5139 negotiis,
1332 5083 1448 5121 uno
1477 5066 1649 5120 modo
1673 5064 2019 5119 clericorum

365 5157 635 5214 sedatius
700 5157 1155 5225 distinctiusque
1224 5155 1641 5226 pronuntiante
1718 5154 2014 5209 senarium

366 5246 735 5318 psalmorum
799 5246 899 5317 qui
947 5246 1205 5317 premitti
1256 5248 1682 5300 consueverunt
1731 5245 2020 5297 matutino

367 5337 591 5403 cantui,
635 5335 892 5406 elogium
943 5335 1120 5401 beati,
1156 5336 1308 5407 quod
1356 5338 1569 5390 vocant
1616 5349 1922 5397 canonem,
1954 5350 2019 5386 ex

363 5428 633 5496 tempore
663 5425 977 5495 pangebat,
1010 5427 1106 5481 37
1142 5425 1194 5479 ei
1228 5424 1398 5493 cujus
1448 5424 1731 5477 memoria
1763 5423 2018 5477 celebra-

366 5516 542 5569 batur
564 5514 770 5569 laudes
798 5531 971 5585 quam
994 5515 1304 5572 scitissime
1319 5517 1629 5568 contexens
1644 5514 2018 5570 ornatissimo

367 5605 701 5678 preconio;
736 5605 890 5673 quod
926 5609 1043 5660 tam
1079 5604 1305 5660 liberali
1337 5603 1649 5675 largitione
1680 5605 2021 5660 cumulabat

368 5699 433 5748 ut
465 5710 743 5765 spargere
776 5694 994 5763 passim
1059 5695 1114 5748 in
1160 5697 1395 5766 quosvis
1434 5712 1499 5749 ac
1533 5710 1679 5765 pene
1738 5697 2019 5766 projicere

2132 4635 2304 4701 aptus
2335 4633 2480 4694 erat,
2505 4644 2571 4683 ac
2602 4627 2829 4682 meritis
2852 4627 3243 4697 dignitatibus
3266 4625 3531 4680 ornabat.
3558 4623 3781 4695 Cogna-

2131 4720 2208 4774 tis
2239 4734 2371 4773 vero
2404 4734 2470 4773 ac
2501 4717 2957 4787 consanguineis
3007 4716 3131 4770 suis
3183 4715 3471 4769 censebat
3518 4712 3787 4767 sufﬁcere

2134 4808 2309 4861 debre
2357 4807 2539 4861 istum
2593 4805 3190 4865 nataliumhonnrem,
3230 4819 3398 4857 suam
3450 4806 3663 4856 sortem
3719 4818 3784 4855 ac

2132 4896 2540 4950 claritudinem
2558 4894 2837 4966 prosapia)
2853 4894 3084 4948 abunde
3103 4909 3323 4963 magum
3340 4889 3784 4961 dignitatisloco

2132 4986 2365 5039 ducere.
2402 4985 2461 5038 Id
2495 4990 2691 5038 autem
2741 4988 2799 5037 et
2838 4982 3130 5052 judicium
3177 4987 3233 5034 et
3286 4980 3504 5034 factum
3556 4982 3699 5043 erat,
3734 4978 3781 5032 si

2134 5074 2264 5143 quis
2294 5077 2448 5127 recte
2479 5073 2876 5128 consideraret
2907 5070 3191 5143 principis
3244 5069 3515 5122 virtutem
3552 5083 3783 5138 promo-

2138 5163 2345 5227 ventis,
2380 5166 2438 5216 et
2470 5160 2839 5231 provocantis
2870 5160 3140 5214 subditos
3172 5159 3241 5212 ad
3277 5157 3539 5211 studium
3592 5158 3783 5210 omnis

2130 5266 2277 5305 verae
2312 5250 2523 5304 laudis.
2556 5250 2681 5304 Non
2716 5249 2869 5304 enim
2917 5250 3357 5303 auctoramenta
3404 5244 3647 5311 inertiae,
3682 5246 3778 5298 sed

2132 5341 2219 5396 vel
2247 5341 2438 5395 stadia
2466 5340 2554 5394 vel
2578 5339 2816 5411 praemia
2842 5338 3086 5394 heroicae
3111 5337 3344 5392 virtutis
3368 5335 3634 5390 illustres
3658 5350 3785 5389 csse

2135 5430 2519 5500 magistratus
2546 5449 2558 5495 ;
2585 5444 2731 5498 quos
2763 5428 2844 5482 ita
2874 5431 2931 5481 et
2960 5426 3079 5481 illis
3110 5427 3351 5480 demum
3390 5424 3601 5479 debere
3632 5438 3786 5476 com-

2134 5519 2285 5573 mitti
2319 5518 2665 5572 decernebat
2696 5517 2793 5587 qui
2828 5520 2886 5571 et
2917 5533 2977 5571 se
3010 5516 3108 5571 38
3135 5514 3412 5585 praeclare
3442 5513 3604 5583 ipsos
3632 5512 3689 5565 in
3713 5511 3785 5564 iis

2133 5624 2343 5679 genere
2366 5613 2422 5661 et
2444 5607 2586 5661 alios
2612 5607 2917 5661 commode
2940 5605 3376 5674 salubriterque
3393 5617 3561 5672 posse
3584 5600 3785 5672 guber-

2135 5715 2273 5752 nare
2298 5696 2661 5766 judicentur.
2699 5697 2895 5752 luerat
2926 5696 3054 5766 ejus
3082 5694 3341 5749 moribus
3375 5696 3429 5745 ct
3460 5690 3779 5744 terriﬁcum
