  <div class='ocr_page' id='page_1' title='image "/cluster/home/n/w/nwhite01/storage/ocr_20150623/143:no.1/coo.31924054870484/243.png"; bbox 0 0 4090 6460; ppageno 0'>
   <div class='ocr_carea' id='block_1_1' title="bbox 242 352 343 409">
    <p class='ocr_par' dir='ltr' id='par_1_1' title="bbox 242 352 343 409">
     <span class='ocr_line' id='line_1_1' title="bbox 242 352 343 409; baseline -0.04 -1"><span class='ocrx_word' id='word_1_1' title='bbox 242 352 343 409; x_wconf 81' lang='grc'>471</span> 
     </span>
    </p>
   </div>
   <div class='ocr_carea' id='block_1_2' title="bbox 1545 355 2366 413">
    <p class='ocr_par' dir='ltr' id='par_1_2' title="bbox 1545 355 2366 413">
     <span class='ocr_line' id='line_1_2' title="bbox 1545 355 2366 413; baseline 0 0"><span class='ocrx_word' id='word_1_2' title='bbox 1545 355 1845 413; x_wconf 85' lang='lat' dir='ltr'>GEORGII</span> <span class='ocrx_word' id='word_1_3' title='bbox 1898 355 2366 413; x_wconf 68' lang='lat' dir='ltr'>PACHYMERE</span> 
     </span>
    </p>
   </div>
   <div class='ocr_carea' id='block_1_3' title="bbox 3563 363 3671 419">
    <p class='ocr_par' dir='ltr' id='par_1_3' title="bbox 3563 363 3671 419">
     <span class='ocr_line' id='line_1_3' title="bbox 3563 363 3671 419; baseline -0.019 -1"><span class='ocrx_word' id='word_1_4' title='bbox 3563 363 3671 419; x_wconf 79' lang='grc'>472</span> 
     </span>
    </p>
   </div>
   <div class='ocr_carea' id='block_1_4' title="bbox 246 473 3671 566">
    <p class='ocr_par' dir='ltr' id='par_1_4' title="bbox 246 473 3671 566">
     <span class='ocr_line' id='line_1_4' title="bbox 246 473 3671 566; baseline 0.003 -37"><span class='ocrx_word' id='word_1_5' title='bbox 246 479 533 566; x_wconf 80' lang='grc' dir='ltr'>γετεῖσθαι.</span> <span class='ocrx_word' id='word_1_6' title='bbox 568 476 645 532; x_wconf 78' lang='grc' dir='ltr'>Οὐ</span> <span class='ocrx_word' id='word_1_7' title='bbox 675 474 777 551; x_wconf 79' lang='grc' dir='ltr'>γὰρ</span> <span class='ocrx_word' id='word_1_8' title='bbox 813 477 1003 551; x_wconf 88' lang='grc' dir='ltr'>μικρὸν</span> <span class='ocrx_word' id='word_1_9' title='bbox 1036 478 1098 531; x_wconf 85' lang='grc' dir='ltr'>τὸ</span> <span class='ocrx_word' id='word_1_10' title='bbox 1126 482 1223 532; x_wconf 79' lang='grc' dir='ltr'>τοῦ</span> <span class='ocrx_word' id='word_1_11' title='bbox 1292 484 1613 552; x_wconf 81' lang='grc' dir='ltr'>μεγιστᾶνος</span> <span class='ocrx_word' id='word_1_12' title='bbox 1674 473 1898 552; x_wconf 86' lang='grc' dir='ltr'>σφάλμα</span> <span class='ocrx_word' id='word_1_13' title='bbox 1941 477 1991 544; x_wconf 77' lang='grc' dir='ltr'>Α</span> <span class='ocrx_word' id='word_1_14' title='bbox 2018 497 2109 531; x_wconf 88' lang='grc' dir='ltr'>νον</span> <span class='ocrx_word' id='word_1_15' title='bbox 2144 481 2259 533; x_wconf 84' lang='grc' dir='ltr'>οἷον</span> <span class='ocrx_word' id='word_1_16' title='bbox 2292 482 2392 548; x_wconf 72' lang='grc' dir='ltr'>τὴν</span> <span class='ocrx_word' id='word_1_17' title='bbox 2418 487 2519 550; x_wconf 84' lang='grc' dir='ltr'>τῆς</span> <span class='ocrx_word' id='word_1_18' title='bbox 2568 481 2894 557; x_wconf 83' lang='grc' dir='ltr'>ἀμπεχόνης</span> <span class='ocrx_word' id='word_1_19' title='bbox 2954 482 3199 559; x_wconf 80' lang='grc' dir='ltr'>ἀκαιρίαν</span> <span class='ocrx_word' id='word_1_20' title='bbox 3261 482 3527 555; x_wconf 76' lang='grc' dir='ltr'>ὠνείδιζε,</span> <span class='ocrx_word' id='word_1_21' title='bbox 3559 487 3671 566; x_wconf 81' lang='grc' dir='ltr'>καὶ⁹</span> 
     </span>
    </p>
   </div>
   <div class='ocr_carea' id='block_1_5' title="bbox 249 559 1911 640">
    <p class='ocr_par' dir='ltr' id='par_1_5' title="bbox 249 559 1911 640">
     <span class='ocr_line' id='line_1_5' title="bbox 271 559 1782 591; baseline -0.009 -6"><span class='ocrx_word' id='word_1_22' title='bbox 271 564 284 585; x_wconf 77' lang='lat'><strong><em>\</em></strong></span> <span class='ocrx_word' id='word_1_23' title='bbox 376 565 391 583; x_wconf 82' lang='lat'><em>\</em></span> <span class='ocrx_word' id='word_1_24' title='bbox 464 559 488 583; x_wconf 70' lang='grc' dir='ltr'>ν</span> <span class='ocrx_word' id='word_1_25' title='bbox 774 565 788 581; x_wconf 63' lang='grc' dir='ltr'>ς</span> <span class='ocrx_word' id='word_1_26' title='bbox 1232 566 1245 585; x_wconf 78' lang='grc'>,</span> <span class='ocrx_word' id='word_1_27' title='bbox 1338 568 1349 591; x_wconf 92' lang='grc'>,</span> <span class='ocrx_word' id='word_1_28' title='bbox 1389 565 1401 585; x_wconf 79' lang='lat'>,</span> <span class='ocrx_word' id='word_1_29' title='bbox 1472 571 1493 580; x_wconf 73' lang='grc'>,,</span> <span class='ocrx_word' id='word_1_30' title='bbox 1658 565 1672 583; x_wconf 47' lang='grc' dir='ltr'><em>κ</em></span> <span class='ocrx_word' id='word_1_31' title='bbox 1770 564 1782 581; x_wconf 73' lang='lat'>,</span> 
     </span>
     <span class='ocr_line' id='line_1_6' title="bbox 249 563 1911 640; baseline 0.001 -24"><span class='ocrx_word' id='word_1_32' title='bbox 249 567 285 632; x_wconf 80' lang='grc' dir='ltr'><strong>ὴ</strong></span> <span class='ocrx_word' id='word_1_33' title='bbox 323 585 429 637; x_wconf 68' lang='grc' dir='ltr'>μην</span> <span class='ocrx_word' id='word_1_34' title='bbox 463 563 701 637; x_wconf 79' lang='grc' dir='ltr'>εμπαλιν</span> <span class='ocrx_word' id='word_1_35' title='bbox 736 584 796 618; x_wconf 90' lang='grc' dir='ltr'>το</span> <span class='ocrx_word' id='word_1_36' title='bbox 828 564 1185 640; x_wconf 85' lang='grc' dir='ltr'>κατόρθωμα,</span> <span class='ocrx_word' id='word_1_37' title='bbox 1223 565 1328 620; x_wconf 87' lang='grc' dir='ltr'>αλλ</span> <span class='ocrx_word' id='word_1_38' title='bbox 1385 586 1555 619; x_wconf 88' lang='grc' dir='ltr'>εκεινο</span> <span class='ocrx_word' id='word_1_39' title='bbox 1619 586 1712 636; x_wconf 84' lang='grc' dir='ltr'>μεν</span> <span class='ocrx_word' id='word_1_40' title='bbox 1767 584 1911 617; x_wconf 84' lang='grc' dir='ltr'>εκτο-</span> 
     </span>
    </p>
   </div>
   <div class='ocr_carea' id='block_1_6' title="bbox 258 660 1907 739">
    <p class='ocr_par' dir='ltr' id='par_1_6' title="bbox 258 660 1907 739">
     <span class='ocr_line' id='line_1_7' title="bbox 258 660 1907 739; baseline 0 -25"><span class='ocrx_word' id='word_1_41' title='bbox 258 660 386 733; x_wconf 82' lang='grc' dir='ltr'>μίου</span> <span class='ocrx_word' id='word_1_42' title='bbox 439 660 595 715; x_wconf 80' lang='grc' dir='ltr'>πάθει</span> <span class='ocrx_word' id='word_1_43' title='bbox 640 661 954 734; x_wconf 74' lang='grc' dir='ltr'>προσέοικεν</span> <span class='ocrx_word' id='word_1_44' title='bbox 1011 665 1084 723; x_wconf 84' lang='grc' dir='ltr'>ὡς</span> <span class='ocrx_word' id='word_1_45' title='bbox 1148 667 1216 735; x_wconf 81' lang='grc' dir='ltr'>τῇ</span> <span class='ocrx_word' id='word_1_46' title='bbox 1268 668 1364 717; x_wconf 75' lang='grc' dir='ltr'>τοῦ</span> <span class='ocrx_word' id='word_1_47' title='bbox 1403 662 1599 738; x_wconf 79' lang='grc' dir='ltr'>μορίου</span> <span class='ocrx_word' id='word_1_48' title='bbox 1632 662 1907 739; x_wconf 73' lang='grc' dir='ltr'>ἀφαιρέσει</span> 
     </span>
    </p>
   </div>
   <div class='ocr_carea' id='block_1_7' title="bbox 259 747 1909 828">
    <p class='ocr_par' dir='ltr' id='par_1_7' title="bbox 259 747 1909 828">
     <span class='ocr_line' id='line_1_8' title="bbox 259 747 1909 828; baseline 0 -25"><span class='ocrx_word' id='word_1_49' title='bbox 259 749 427 824; x_wconf 76' lang='grc' dir='ltr'>μέγαν</span> <span class='ocrx_word' id='word_1_50' title='bbox 488 747 713 824; x_wconf 79' lang='grc' dir='ltr'>ἔχοντος</span> <span class='ocrx_word' id='word_1_51' title='bbox 773 748 943 824; x_wconf 89' lang='grc' dir='ltr'>λόγον</span> <span class='ocrx_word' id='word_1_52' title='bbox 999 755 1065 824; x_wconf 77' lang='grc' dir='ltr'>τῇ</span> <span class='ocrx_word' id='word_1_53' title='bbox 1119 752 1275 828; x_wconf 82' lang='grc' dir='ltr'>φύσει</span> <span class='ocrx_word' id='word_1_54' title='bbox 1304 756 1477 806; x_wconf 86' lang='grc' dir='ltr'>πάντα</span> <span class='ocrx_word' id='word_1_55' title='bbox 1508 757 1909 826; x_wconf 83' lang='grc' dir='ltr'>συμπαρασπᾶ-</span> 
     </span>
    </p>
   </div>
   <div class='ocr_carea' id='block_1_8' title="bbox 258 838 1909 914">
    <p class='ocr_par' dir='ltr' id='par_1_8' title="bbox 258 838 1909 914">
     <span class='ocr_line' id='line_1_9' title="bbox 258 838 1909 914; baseline -0.001 -21"><span class='ocrx_word' id='word_1_56' title='bbox 258 850 377 901; x_wconf 90' lang='grc' dir='ltr'>σθαι</span> <span class='ocrx_word' id='word_1_57' title='bbox 437 838 528 893; x_wconf 83' lang='grc' dir='ltr'>καὶ</span> <span class='ocrx_word' id='word_1_58' title='bbox 589 841 1051 914; x_wconf 75' lang='grc' dir='ltr'>παρατρέπεσθαι,</span> <span class='ocrx_word' id='word_1_59' title='bbox 1082 842 1143 893; x_wconf 87' lang='grc' dir='ltr'>τὸ</span> <span class='ocrx_word' id='word_1_60' title='bbox 1194 838 1250 894; x_wconf 78' lang='grc' dir='ltr'>δὲ</span> <span class='ocrx_word' id='word_1_61' title='bbox 1292 840 1624 913; x_wconf 85' lang='grc' dir='ltr'>κατόρθωμα</span> <span class='ocrx_word' id='word_1_62' title='bbox 1678 838 1756 910; x_wconf 77' lang='grc' dir='ltr'>τῷ</span> <span class='ocrx_word' id='word_1_63' title='bbox 1809 844 1909 893; x_wconf 77' lang='grc' dir='ltr'>τοῦ</span> 
     </span>
    </p>
   </div>
   <div class='ocr_carea' id='block_1_9' title="bbox 256 927 1906 1003">
    <p class='ocr_par' dir='ltr' id='par_1_9' title="bbox 256 927 1906 1003">
     <span class='ocr_line' id='line_1_10' title="bbox 256 927 1906 1003; baseline 0.001 -22"><span class='ocrx_word' id='word_1_64' title='bbox 256 927 462 982; x_wconf 81' lang='grc' dir='ltr'>κύκλου</span> <span class='ocrx_word' id='word_1_65' title='bbox 523 927 748 1003; x_wconf 80' lang='grc' dir='ltr'>κέντρῳ,</span> <span class='ocrx_word' id='word_1_66' title='bbox 806 927 1148 1000; x_wconf 82' lang='grc' dir='ltr'>παμπόλλην</span> <span class='ocrx_word' id='word_1_67' title='bbox 1207 929 1501 1001; x_wconf 82' lang='grc' dir='ltr'>ἀσφάλειαν</span> <span class='ocrx_word' id='word_1_68' title='bbox 1560 934 1629 1003; x_wconf 82' lang='grc' dir='ltr'>τῇ</span> <span class='ocrx_word' id='word_1_69' title='bbox 1688 949 1906 1001; x_wconf 75' lang='grc' dir='ltr'>περιφε-</span> 
     </span>
    </p>
   </div>
   <div class='ocr_carea' id='block_1_10' title="bbox 258 1015 1904 1094">
    <p class='ocr_par' dir='ltr' id='par_1_10' title="bbox 258 1015 1904 1094">
     <span class='ocr_line' id='line_1_11' title="bbox 258 1015 1904 1094; baseline -0.001 -23"><span class='ocrx_word' id='word_1_70' title='bbox 258 1016 375 1091; x_wconf 80' lang='grc' dir='ltr'>ρείᾳ</span> <span class='ocrx_word' id='word_1_71' title='bbox 429 1015 816 1091; x_wconf 83' lang='grc' dir='ltr'>προσνέμοντι,</span> <span class='ocrx_word' id='word_1_72' title='bbox 851 1016 900 1071; x_wconf 85' lang='grc' dir='ltr'>εἷ’</span> <span class='ocrx_word' id='word_1_73' title='bbox 955 1019 1093 1073; x_wconf 83' lang='grc' dir='ltr'>κατὰ</span> <span class='ocrx_word' id='word_1_74' title='bbox 1150 1022 1335 1094; x_wconf 85' lang='grc' dir='ltr'>χώραν</span> <span class='ocrx_word' id='word_1_75' title='bbox 1383 1017 1554 1073; x_wconf 73' lang='grc' dir='ltr'>ἐκεῖνο</span> <span class='ocrx_word' id='word_1_76' title='bbox 1603 1016 1771 1090; x_wconf 84' lang='grc' dir='ltr'>μένει.</span> <span class='ocrx_word' id='word_1_77' title='bbox 1806 1020 1904 1073; x_wconf 80' lang='grc' dir='ltr'>Καὶ</span> 
     </span>
    </p>
   </div>
   <div class='ocr_carea' id='block_1_11' title="bbox 254 1101 1910 1183">
    <p class='ocr_par' dir='ltr' id='par_1_11' title="bbox 254 1101 1910 1183">
     <span class='ocr_line' id='line_1_12' title="bbox 254 1101 1910 1183; baseline 0.001 -25"><span class='ocrx_word' id='word_1_78' title='bbox 254 1111 371 1166; x_wconf 80' lang='grc' dir='ltr'>πῶς</span> <span class='ocrx_word' id='word_1_79' title='bbox 399 1106 498 1181; x_wconf 80' lang='grc' dir='ltr'>γὰρ</span> <span class='ocrx_word' id='word_1_80' title='bbox 529 1105 627 1159; x_wconf 82' lang='grc' dir='ltr'>οὐκ</span> <span class='ocrx_word' id='word_1_81' title='bbox 657 1101 886 1178; x_wconf 79' lang='grc' dir='ltr'>ἔμελλεν</span> <span class='ocrx_word' id='word_1_82' title='bbox 919 1108 1019 1174; x_wconf 74' lang='grc' dir='ltr'>τὴν</span> <span class='ocrx_word' id='word_1_83' title='bbox 1047 1107 1223 1183; x_wconf 74' lang='grc' dir='ltr'>ἀρχὴν</span> <span class='ocrx_word' id='word_1_84' title='bbox 1259 1111 1340 1177; x_wconf 88' lang='grc' dir='ltr'>[Ρ.</span> <span class='ocrx_word' id='word_1_85' title='bbox 1373 1110 1465 1178; x_wconf 82' lang='grc'>21]</span> <span class='ocrx_word' id='word_1_86' title='bbox 1494 1105 1719 1161; x_wconf 82' lang='grc' dir='ltr'>διοικεῖν</span> <span class='ocrx_word' id='word_1_87' title='bbox 1776 1106 1910 1160; x_wconf 81' lang='grc' dir='ltr'>κατᾶ</span> 
     </span>
    </p>
   </div>
   <div class='ocr_carea' id='block_1_12' title="bbox 253 1191 1909 1269">
    <p class='ocr_par' dir='ltr' id='par_1_12' title="bbox 253 1191 1909 1269">
     <span class='ocr_line' id='line_1_13' title="bbox 253 1191 1909 1269; baseline -0.001 -20"><span class='ocrx_word' id='word_1_88' title='bbox 253 1195 315 1249; x_wconf 89' lang='grc' dir='ltr'>τὸ</span> <span class='ocrx_word' id='word_1_89' title='bbox 373 1198 672 1267; x_wconf 77' lang='grc' dir='ltr'>προσῆκον,</span> <span class='ocrx_word' id='word_1_90' title='bbox 708 1193 854 1257; x_wconf 73' lang='grc' dir='ltr'>ὅστις</span> <span class='ocrx_word' id='word_1_91' title='bbox 920 1197 1022 1250; x_wconf 86' lang='grc' dir='ltr'>ὑπὸ</span> <span class='ocrx_word' id='word_1_92' title='bbox 1070 1194 1270 1268; x_wconf 79' lang='grc' dir='ltr'>τοιῷδε</span> <span class='ocrx_word' id='word_1_93' title='bbox 1321 1198 1507 1268; x_wconf 81' lang='grc' dir='ltr'>πατρὶ,</span> <span class='ocrx_word' id='word_1_94' title='bbox 1558 1194 1686 1269; x_wconf 81' lang='grc' dir='ltr'>μηδ’</span> <span class='ocrx_word' id='word_1_95' title='bbox 1732 1191 1909 1266; x_wconf 76' lang='grc' dir='ltr'>ὄνομα</span> 
     </span>
    </p>
   </div>
   <div class='ocr_carea' id='block_1_13' title="bbox 258 1279 1909 1359">
    <p class='ocr_par' dir='ltr' id='par_1_13' title="bbox 258 1279 1909 1359">
     <span class='ocr_line' id='line_1_14' title="bbox 258 1279 1909 1359; baseline 0 -22"><span class='ocrx_word' id='word_1_96' title='bbox 258 1283 533 1358; x_wconf 73' lang='grc' dir='ltr'>βασιλείας</span> <span class='ocrx_word' id='word_1_97' title='bbox 564 1279 733 1358; x_wconf 77' lang='grc' dir='ltr'>ἔχων,</span> <span class='ocrx_word' id='word_1_98' title='bbox 762 1283 834 1337; x_wconf 87' lang='grc' dir='ltr'>ὣν</span> <span class='ocrx_word' id='word_1_99' title='bbox 867 1283 917 1355; x_wconf 78' lang='grc' dir='ltr'>ἐξ</span> <span class='ocrx_word' id='word_1_100' title='bbox 953 1284 1159 1338; x_wconf 83' lang='grc' dir='ltr'>ἐκείνου</span> <span class='ocrx_word' id='word_1_101' title='bbox 1218 1287 1305 1339; x_wconf 85' lang='grc' dir='ltr'>καὶ</span> <span class='ocrx_word' id='word_1_102' title='bbox 1369 1285 1554 1357; x_wconf 82' lang='grc' dir='ltr'>μόνος,</span> <span class='ocrx_word' id='word_1_103' title='bbox 1592 1286 1743 1357; x_wconf 79' lang='grc' dir='ltr'>ὅμως</span> <span class='ocrx_word' id='word_1_104' title='bbox 1794 1286 1909 1359; x_wconf 85' lang='grc' dir='ltr'>ἀγε-</span> 
     </span>
    </p>
   </div>
   <div class='ocr_carea' id='block_1_14' title="bbox 254 1370 1223 1451">
    <p class='ocr_par' dir='ltr' id='par_1_14' title="bbox 254 1370 1223 1451">
     <span class='ocr_line' id='line_1_15' title="bbox 254 1370 1223 1451; baseline 0.001 -24"><span class='ocrx_word' id='word_1_105' title='bbox 254 1371 437 1428; x_wconf 87' lang='grc' dir='ltr'>λατεῖν</span> <span class='ocrx_word' id='word_1_106' title='bbox 467 1372 724 1451; x_wconf 81' lang='grc' dir='ltr'>ἀσφαλῶς</span> <span class='ocrx_word' id='word_1_107' title='bbox 757 1370 1183 1448; x_wconf 79' lang='grc' dir='ltr'>προύδιὸάσκετο</span> <span class='ocrx_word' id='word_1_108' title='bbox 1210 1394 1223 1443; x_wconf 85' lang='grc'><strong>;</strong></span> 
     </span>
    </p>
   </div>
   <div class='ocr_carea' id='block_1_15' title="bbox 258 1484 1906 1565">
    <p class='ocr_par' dir='ltr' id='par_1_15' title="bbox 258 1484 1906 1565">
     <span class='ocr_line' id='line_1_16' title="bbox 258 1484 1906 1565; baseline 0.002 -23"><span class='ocrx_word' id='word_1_109' title='bbox 258 1486 345 1545; x_wconf 83' lang='grc' dir='ltr'>ιδ’.</span> <span class='ocrx_word' id='word_1_110' title='bbox 379 1490 582 1565; x_wconf 47' lang='lat' dir='ltr'>&quot;Omns</span> <span class='ocrx_word' id='word_1_111' title='bbox 621 1484 997 1565; x_wconf 63' lang='grc' dir='ltr'>ἐπαιδεύετοΔὸ</span> <span class='ocrx_word' id='word_1_112' title='bbox 1029 1489 1303 1565; x_wconf 23' lang='grc' dir='ltr'>Λμάσκαριας</span> <span class='ocrx_word' id='word_1_113' title='bbox 1362 1491 1507 1565; x_wconf 76' lang='grc' dir='ltr'>παρὰ</span> <span class='ocrx_word' id='word_1_114' title='bbox 1552 1493 1647 1543; x_wconf 74' lang='grc' dir='ltr'>τοῦ</span> <span class='ocrx_word' id='word_1_115' title='bbox 1705 1492 1906 1563; x_wconf 83' lang='grc' dir='ltr'>πατρὸς</span> 
     </span>
    </p>
   </div>
   <div class='ocr_carea' id='block_1_16' title="bbox 539 1558 1619 1635">
    <p class='ocr_par' dir='ltr' id='par_1_16' title="bbox 539 1558 1619 1635">
     <span class='ocr_line' id='line_1_17' title="bbox 539 1558 1619 1635; baseline 0.003 -22"><span class='ocrx_word' id='word_1_116' title='bbox 539 1560 799 1616; x_wconf 84' lang='grc' dir='ltr'>Ἰωάννου</span> <span class='ocrx_word' id='word_1_117' title='bbox 833 1558 906 1620; x_wconf 80' lang='grc' dir='ltr'>εἷς</span> <span class='ocrx_word' id='word_1_118' title='bbox 941 1558 1230 1634; x_wconf 67' lang='grc' dir='ltr'>βασιλείαν</span> <span class='ocrx_word' id='word_1_119' title='bbox 1260 1558 1619 1635; x_wconf 80' lang='grc' dir='ltr'>ἀναγόμενος.</span> 
     </span>
    </p>
   </div>
   <div class='ocr_carea' id='block_1_17' title="bbox 326 1665 1906 1744">
    <p class='ocr_par' dir='ltr' id='par_1_17' title="bbox 326 1665 1906 1744">
     <span class='ocr_line' id='line_1_18' title="bbox 326 1665 1906 1744; baseline 0.004 -26"><span class='ocrx_word' id='word_1_120' title='bbox 326 1668 419 1727; x_wconf 89' lang='grc' dir='ltr'>Ὃς</span> <span class='ocrx_word' id='word_1_121' title='bbox 445 1665 562 1720; x_wconf 74' lang='grc' dir='ltr'>ἐπεί</span> <span class='ocrx_word' id='word_1_122' title='bbox 594 1686 725 1720; x_wconf 89' lang='grc' dir='ltr'>ποτε</span> <span class='ocrx_word' id='word_1_123' title='bbox 755 1666 843 1720; x_wconf 81' lang='grc' dir='ltr'>καὶ</span> <span class='ocrx_word' id='word_1_124' title='bbox 879 1672 1236 1744; x_wconf 81' lang='grc' dir='ltr'>χρυσοφορῶν</span> <span class='ocrx_word' id='word_1_125' title='bbox 1295 1668 1435 1740; x_wconf 77' lang='grc' dir='ltr'>ἐξῄει</span> <span class='ocrx_word' id='word_1_126' title='bbox 1498 1668 1574 1729; x_wconf 84' lang='grc' dir='ltr'>είς</span> <span class='ocrx_word' id='word_1_127' title='bbox 1625 1671 1906 1743; x_wconf 76' lang='grc' dir='ltr'>κυνήγιον,</span> 
     </span>
    </p>
   </div>
   <div class='ocr_carea' id='block_1_18' title="bbox 264 1753 1908 1830">
    <p class='ocr_par' dir='ltr' id='par_1_18' title="bbox 264 1753 1908 1830">
     <span class='ocr_line' id='line_1_19' title="bbox 264 1753 1908 1830; baseline 0.004 -23"><span class='ocrx_word' id='word_1_128' title='bbox 264 1755 558 1830; x_wconf 77' lang='grc' dir='ltr'>ὑπέστρεφε</span> <span class='ocrx_word' id='word_1_129' title='bbox 621 1755 716 1826; x_wconf 70' lang='grc' dir='ltr'>μὲν</span> <span class='ocrx_word' id='word_1_130' title='bbox 775 1753 977 1816; x_wconf 81' lang='grc' dir='ltr'>ἐκεῖνος</span> <span class='ocrx_word' id='word_1_131' title='bbox 1034 1756 1257 1824; x_wconf 80' lang='grc' dir='ltr'>ἐκεῖθεν,</span> <span class='ocrx_word' id='word_1_132' title='bbox 1292 1758 1525 1827; x_wconf 74' lang='grc' dir='ltr'>συνήντα</span> <span class='ocrx_word' id='word_1_133' title='bbox 1557 1754 1613 1811; x_wconf 79' lang='grc' dir='ltr'>δὲ</span> <span class='ocrx_word' id='word_1_134' title='bbox 1666 1760 1801 1813; x_wconf 76' lang='grc' dir='ltr'>κατὰ.</span> <span class='ocrx_word' id='word_1_135' title='bbox 1848 1761 1908 1814; x_wconf 84' lang='grc' dir='ltr'>τὸ</span> 
     </span>
    </p>
   </div>
   <div class='ocr_carea' id='block_1_19' title="bbox 2018 567 3672 648">
    <p class='ocr_par' dir='ltr' id='par_1_19' title="bbox 2018 567 3672 648">
     <span class='ocr_line' id='line_1_20' title="bbox 2018 567 3672 648; baseline 0.004 -26"><span class='ocrx_word' id='word_1_136' title='bbox 2018 590 2045 616; x_wconf 90' lang='grc'><strong>‹‹</strong></span> <span class='ocrx_word' id='word_1_137' title='bbox 2082 567 2146 622; x_wconf 86' lang='grc' dir='ltr'>Τί</span> <span class='ocrx_word' id='word_1_138' title='bbox 2176 567 2341 623; x_wconf 86' lang='grc' dir='ltr'>καλὸν</span> <span class='ocrx_word' id='word_1_139' title='bbox 2378 568 2638 632; x_wconf 79' lang='grc' dir='ltr'>συνειδὼς</span> <span class='ocrx_word' id='word_1_140' title='bbox 2684 572 2855 642; x_wconf 67' lang='grc' dir='ltr'>ἐαυτῷ</span> <span class='ocrx_word' id='word_1_141' title='bbox 2899 568 3096 647; x_wconf 83' lang='grc' dir='ltr'>δράσας</span> <span class='ocrx_word' id='word_1_142' title='bbox 3126 573 3450 646; x_wconf 78' lang='grc' dir='ltr'>Ῥωμαίους,</span> <span class='ocrx_word' id='word_1_143' title='bbox 3483 598 3511 626; x_wconf 82' lang='grc'>››</span> <span class='ocrx_word' id='word_1_144' title='bbox 3545 569 3672 648; x_wconf 80' lang='grc' dir='ltr'>ἔφη,</span> 
     </span>
    </p>
   </div>
   <div class='ocr_carea' id='block_1_20' title="bbox 2019 654 3674 735">
    <p class='ocr_par' dir='ltr' id='par_1_20' title="bbox 2019 654 3674 735">
     <span class='ocr_line' id='line_1_21' title="bbox 2019 654 3674 735; baseline 0.007 -31"><span class='ocrx_word' id='word_1_145' title='bbox 2019 676 2046 703; x_wconf 77' lang='grc' dir='ltr'>(ι</span> <span class='ocrx_word' id='word_1_146' title='bbox 2079 655 2144 707; x_wconf 81' lang='grc' dir='ltr'>τὰ</span> <span class='ocrx_word' id='word_1_147' title='bbox 2196 655 2412 710; x_wconf 82' lang='grc' dir='ltr'>ἐκείνων</span> <span class='ocrx_word' id='word_1_148' title='bbox 2466 657 2673 731; x_wconf 78' lang='grc' dir='ltr'>ἐκχέεις</span> <span class='ocrx_word' id='word_1_149' title='bbox 2734 658 2785 712; x_wconf 86' lang='grc' dir='ltr'>ἐν</span> <span class='ocrx_word' id='word_1_150' title='bbox 2842 654 3149 733; x_wconf 75' lang='grc' dir='ltr'>διατριϐαῖς</span> <span class='ocrx_word' id='word_1_151' title='bbox 3180 656 3349 732; x_wconf 77' lang='grc' dir='ltr'>μηδὲν</span> <span class='ocrx_word' id='word_1_152' title='bbox 3390 660 3454 715; x_wconf 88' lang='grc' dir='ltr'>τὸ</span> <span class='ocrx_word' id='word_1_153' title='bbox 3510 660 3674 735; x_wconf 84' lang='grc' dir='ltr'>ἀναγ-</span> 
     </span>
    </p>
   </div>
   <div class='ocr_carea' id='block_1_21' title="bbox 2016 743 3673 824">
    <p class='ocr_par' dir='ltr' id='par_1_21' title="bbox 2016 743 3673 824">
     <span class='ocr_line' id='line_1_22' title="bbox 2016 743 3673 824; baseline 0.006 -29"><span class='ocrx_word' id='word_1_154' title='bbox 2016 748 2168 796; x_wconf 89' lang='grc' dir='ltr'>καῖον</span> <span class='ocrx_word' id='word_1_155' title='bbox 2205 743 2500 818; x_wconf 46' lang='grc' dir='ltr'>ἐχούσαις</span> <span class='ocrx_word' id='word_1_156' title='bbox 2535 748 2598 801; x_wconf 89' lang='grc' dir='ltr'>Ἢ</span> <span class='ocrx_word' id='word_1_157' title='bbox 2648 746 2748 821; x_wconf 71' lang='grc' dir='ltr'>γὰρ</span> <span class='ocrx_word' id='word_1_158' title='bbox 2799 746 2896 801; x_wconf 69' lang='grc' dir='ltr'>οὒκ</span> <span class='ocrx_word' id='word_1_159' title='bbox 2928 745 3097 817; x_wconf 80' lang='grc' dir='ltr'>οἶδας,</span> <span class='ocrx_word' id='word_1_160' title='bbox 3130 772 3157 800; x_wconf 92' lang='grc'>››</span> <span class='ocrx_word' id='word_1_161' title='bbox 3194 749 3379 824; x_wconf 83' lang='grc' dir='ltr'>φησὶν,</span> <span class='ocrx_word' id='word_1_162' title='bbox 3415 772 3442 801; x_wconf 84' lang='grc' dir='ltr'>ι(</span> <span class='ocrx_word' id='word_1_163' title='bbox 3469 747 3673 822; x_wconf 67' lang='grc' dir='ltr'>α’ίματα</span> 
     </span>
    </p>
   </div>
   <div class='ocr_carea' id='block_1_22' title="bbox 2019 831 3673 910">
    <p class='ocr_par' dir='ltr' id='par_1_22' title="bbox 2019 831 3673 910">
     <span class='ocr_line' id='line_1_23' title="bbox 2019 831 3673 910; baseline 0.007 -27"><span class='ocrx_word' id='word_1_164' title='bbox 2019 831 2151 884; x_wconf 83' lang='grc' dir='ltr'>εἶναι</span> <span class='ocrx_word' id='word_1_165' title='bbox 2183 834 2466 905; x_wconf 84' lang='grc' dir='ltr'>Ῥωμαίων</span> <span class='ocrx_word' id='word_1_166' title='bbox 2500 838 2567 887; x_wconf 75' lang='grc' dir='ltr'>τὰ</span> <span class='ocrx_word' id='word_1_167' title='bbox 2598 835 2928 909; x_wconf 81' lang='grc' dir='ltr'>χρυσόσημα</span> <span class='ocrx_word' id='word_1_168' title='bbox 2956 841 3121 891; x_wconf 77' lang='grc' dir='ltr'>ταῦτα</span> <span class='ocrx_word' id='word_1_169' title='bbox 3172 838 3263 891; x_wconf 89' lang='grc' dir='ltr'>καὶ</span> <span class='ocrx_word' id='word_1_170' title='bbox 3323 840 3555 910; x_wconf 78' lang='grc' dir='ltr'>Σηρικὰ,</span> <span class='ocrx_word' id='word_1_171' title='bbox 3589 842 3673 904; x_wconf 81' lang='grc' dir='ltr'>οἷς</span> 
     </span>
    </p>
   </div>
   <div class='ocr_carea' id='block_1_23' title="bbox 2019 920 3672 1001">
    <p class='ocr_par' dir='ltr' id='par_1_23' title="bbox 2019 920 3672 1001">
     <span class='ocr_line' id='line_1_24' title="bbox 2019 920 3672 1001; baseline 0.005 -28"><span class='ocrx_word' id='word_1_172' title='bbox 2019 920 2151 993; x_wconf 67' lang='grc' dir='ltr'>ὑπὲρ</span> <span class='ocrx_word' id='word_1_173' title='bbox 2212 922 2424 977; x_wconf 83' lang='grc' dir='ltr'>ἐκείνων</span> <span class='ocrx_word' id='word_1_174' title='bbox 2487 921 2593 978; x_wconf 78' lang='grc' dir='ltr'>ἔδει</span> <span class='ocrx_word' id='word_1_175' title='bbox 2651 927 2889 999; x_wconf 80' lang='grc' dir='ltr'>χρῆσΟαι</span> <span class='ocrx_word' id='word_1_176' title='bbox 2951 924 3168 980; x_wconf 81' lang='grc' dir='ltr'>ἐκείνων</span> <span class='ocrx_word' id='word_1_177' title='bbox 3201 947 3261 1001; x_wconf 88' lang='grc' dir='ltr'>γε</span> <span class='ocrx_word' id='word_1_178' title='bbox 3291 925 3448 997; x_wconf 55' lang='lat' dir='ltr'>eum;</span> <span class='ocrx_word' id='word_1_179' title='bbox 3482 933 3672 999; x_wconf 83' lang='grc' dir='ltr'>Ζητεῖς</span> 
     </span>
    </p>
   </div>
   <div class='ocr_carea' id='block_1_24' title="bbox 2020 1006 3672 1088">
    <p class='ocr_par' dir='ltr' id='par_1_24' title="bbox 2020 1006 3672 1088">
     <span class='ocr_line' id='line_1_25' title="bbox 2020 1006 3672 1088; baseline 0.006 -25"><span class='ocrx_word' id='word_1_180' title='bbox 2020 1006 2075 1063; x_wconf 77' lang='grc' dir='ltr'>δε</span> <span class='ocrx_word' id='word_1_181' title='bbox 2106 1018 2292 1080; x_wconf 83' lang='grc' dir='ltr'>μαθεῖν</span> <span class='ocrx_word' id='word_1_182' title='bbox 2327 1012 2415 1066; x_wconf 83' lang='grc' dir='ltr'>καὶ</span> <span class='ocrx_word' id='word_1_183' title='bbox 2452 1015 2585 1088; x_wconf 73' lang='grc' dir='ltr'>ὑπὲρ</span> <span class='ocrx_word' id='word_1_184' title='bbox 2620 1013 2838 1069; x_wconf 84' lang='grc' dir='ltr'>ἐκείνων</span> <span class='ocrx_word' id='word_1_185' title='bbox 2898 1017 3069 1085; x_wconf 87' lang='grc' dir='ltr'>πότε;</span> <span class='ocrx_word' id='word_1_186' title='bbox 3101 1017 3232 1073; x_wconf 77' lang='grc' dir='ltr'>’Ότε</span> <span class='ocrx_word' id='word_1_187' title='bbox 3280 1014 3493 1087; x_wconf 82' lang='grc' dir='ltr'>δηλαδὴ</span> <span class='ocrx_word' id='word_1_188' title='bbox 3553 1017 3672 1073; x_wconf 80' lang='grc' dir='ltr'>ἐπι-</span> 
     </span>
    </p>
   </div>
   <div class='ocr_carea' id='block_1_25' title="bbox 2020 1092 3671 1175">
    <p class='ocr_par' dir='ltr' id='par_1_25' title="bbox 2020 1092 3671 1175">
     <span class='ocr_line' id='line_1_26' title="bbox 2020 1092 3671 1175; baseline 0.005 -23"><span class='ocrx_word' id='word_1_189' title='bbox 2020 1104 2169 1153; x_wconf 79' lang='grc' dir='ltr'>στᾶσι</span> <span class='ocrx_word' id='word_1_190' title='bbox 2226 1097 2508 1171; x_wconf 70' lang='grc' dir='ltr'>πρέσϐεσιν</span> <span class='ocrx_word' id='word_1_191' title='bbox 2544 1102 2591 1175; x_wconf 80' lang='grc' dir='ltr'>ἐξ</span> <span class='ocrx_word' id='word_1_192' title='bbox 2639 1102 2962 1172; x_wconf 75' lang='grc' dir='ltr'>ἀλλοδαπῆς</span> <span class='ocrx_word' id='word_1_193' title='bbox 3016 1092 3107 1158; x_wconf 84' lang='grc' dir='ltr'>τὸν</span> <span class='ocrx_word' id='word_1_194' title='bbox 3161 1105 3376 1160; x_wconf 84' lang='grc' dir='ltr'>ἐκείνων</span> <span class='ocrx_word' id='word_1_195' title='bbox 3435 1106 3671 1161; x_wconf 76' lang='grc' dir='ltr'>πλοῦτον</span> 
     </span>
    </p>
   </div>
   <div class='ocr_carea' id='block_1_26' title="bbox 2018 1187 3675 1271">
    <p class='ocr_par' dir='ltr' id='par_1_26' title="bbox 2018 1187 3675 1271">
     <span class='ocr_line' id='line_1_27' title="bbox 2018 1187 3675 1271; baseline 0.004 -28"><span class='ocrx_word' id='word_1_196' title='bbox 2018 1187 2565 1264; x_wconf 71' lang='grc' dir='ltr'>λαμπρειμονοῦντες</span> <span class='ocrx_word' id='word_1_197' title='bbox 2598 1189 2802 1263; x_wconf 67' lang='grc' dir='ltr'>δηλοῦν</span> <span class='ocrx_word' id='word_1_198' title='bbox 2843 1192 3093 1267; x_wconf 61' lang='grc' dir='ltr'>ἔχοιμεν.</span> <span class='ocrx_word' id='word_1_199' title='bbox 3128 1195 3188 1251; x_wconf 76' lang='grc' dir='ltr'>Ὁ</span> <span class='ocrx_word' id='word_1_200' title='bbox 3245 1197 3345 1271; x_wconf 76' lang='grc' dir='ltr'>γὰρ</span> <span class='ocrx_word' id='word_1_201' title='bbox 3408 1193 3675 1269; x_wconf 86' lang='grc' dir='ltr'>βασιλέων</span> 
     </span>
    </p>
   </div>
   <div class='ocr_carea' id='block_1_27' title="bbox 2017 1280 3673 1359">
    <p class='ocr_par' dir='ltr' id='par_1_27' title="bbox 2017 1280 3673 1359">
     <span class='ocr_line' id='line_1_28' title="bbox 2017 1280 3673 1359; baseline 0.004 -26"><span class='ocrx_word' id='word_1_202' title='bbox 2017 1280 2257 1340; x_wconf 76' lang='grc' dir='ltr'>πλοῦτος</span> <span class='ocrx_word' id='word_1_203' title='bbox 2306 1280 2549 1342; x_wconf 73' lang='grc' dir='ltr'>πλοῦτος</span> <span class='ocrx_word' id='word_1_204' title='bbox 2599 1286 2706 1336; x_wconf 79' lang='grc' dir='ltr'>τῶν</span> <span class='ocrx_word' id='word_1_205' title='bbox 2768 1283 3025 1353; x_wconf 82' lang='grc' dir='ltr'>ὑπηκόων</span> <span class='ocrx_word' id='word_1_206' title='bbox 3073 1280 3372 1357; x_wconf 83' lang='grc' dir='ltr'>λογίζεται,</span> <span class='ocrx_word' id='word_1_207' title='bbox 3432 1287 3559 1359; x_wconf 86' lang='grc' dir='ltr'>παρ’</span> <span class='ocrx_word' id='word_1_208' title='bbox 3614 1288 3673 1353; x_wconf 78' lang='grc' dir='ltr'>ἣν</span> 
     </span>
    </p>
   </div>
   <div class='ocr_carea' id='block_1_28' title="bbox 2022 1367 3678 1451">
    <p class='ocr_par' dir='ltr' id='par_1_28' title="bbox 2022 1367 3678 1451">
     <span class='ocr_line' id='line_1_29' title="bbox 2022 1367 3678 1451; baseline 0.004 -29"><span class='ocrx_word' id='word_1_209' title='bbox 2022 1368 2195 1422; x_wconf 82' lang='grc' dir='ltr'>αἰτίαν</span> <span class='ocrx_word' id='word_1_210' title='bbox 2229 1368 2319 1422; x_wconf 84' lang='grc' dir='ltr'>καὶ</span> <span class='ocrx_word' id='word_1_211' title='bbox 2350 1369 2411 1422; x_wconf 92' lang='grc' dir='ltr'>τὸ</span> <span class='ocrx_word' id='word_1_212' title='bbox 2463 1390 2538 1430; x_wconf 88' lang='grc' dir='ltr'>εις</span> <span class='ocrx_word' id='word_1_213' title='bbox 2594 1367 2845 1424; x_wconf 83' lang='grc' dir='ltr'>δουλείαν</span> <span class='ocrx_word' id='word_1_214' title='bbox 2892 1370 3234 1426; x_wconf 83' lang='grc' dir='ltr'>καΟυπείκειν</span> <span class='ocrx_word' id='word_1_215' title='bbox 3287 1372 3489 1448; x_wconf 73' lang='grc' dir='ltr'>ἑτέροις</span> <span class='ocrx_word' id='word_1_216' title='bbox 3549 1376 3678 1451; x_wconf 85' lang='grc' dir='ltr'>σφί-</span> 
     </span>
    </p>
   </div>
   <div class='ocr_carea' id='block_1_29' title="bbox 2017 1454 3673 1532">
    <p class='ocr_par' dir='ltr' id='par_1_29' title="bbox 2017 1454 3673 1532">
     <span class='ocr_line' id='line_1_30' title="bbox 2017 1454 3673 1532; baseline 0.005 -24"><span class='ocrx_word' id='word_1_217' title='bbox 2017 1477 2100 1509; x_wconf 88' lang='grc' dir='ltr'>σιν</span> <span class='ocrx_word' id='word_1_218' title='bbox 2152 1456 2335 1519; x_wconf 58' lang='lat' dir='ltr'>bii-ctu:</span> <span class='ocrx_word' id='word_1_219' title='bbox 2388 1454 2577 1530; x_wconf 78' lang='grc' dir='ltr'>ἔχουσι</span> <span class='ocrx_word' id='word_1_220' title='bbox 2629 1458 2718 1512; x_wconf 83' lang='grc' dir='ltr'>καὶ</span> <span class='ocrx_word' id='word_1_221' title='bbox 2765 1458 2887 1513; x_wconf 84' lang='grc' dir='ltr'>λίαν</span> <span class='ocrx_word' id='word_1_222' title='bbox 2921 1459 3239 1532; x_wconf 76' lang='grc' dir='ltr'>ἀπώμοτον.</span> <span class='ocrx_word' id='word_1_223' title='bbox 3275 1461 3369 1522; x_wconf 80' lang='grc' dir='ltr'>Οἷς</span> <span class='ocrx_word' id='word_1_224' title='bbox 3402 1462 3463 1514; x_wconf 76' lang='grc' dir='ltr'>σὺ</span> <span class='ocrx_word' id='word_1_225' title='bbox 3496 1459 3673 1517; x_wconf 85' lang='grc' dir='ltr'>διακε-</span> 
     </span>
    </p>
   </div>
   <div class='ocr_carea' id='block_1_30' title="bbox 2016 1545 3672 1623">
    <p class='ocr_par' dir='ltr' id='par_1_30' title="bbox 2016 1545 3672 1623">
     <span class='ocr_line' id='line_1_31' title="bbox 2016 1545 3672 1623; baseline 0.002 -24"><span class='ocrx_word' id='word_1_226' title='bbox 2016 1552 2116 1614; x_wconf 84' lang='grc' dir='ltr'>νῆς</span> <span class='ocrx_word' id='word_1_227' title='bbox 2178 1546 2472 1621; x_wconf 86' lang='grc' dir='ltr'>χρώμενος</span> <span class='ocrx_word' id='word_1_228' title='bbox 2532 1547 2591 1601; x_wconf 85' lang='grc' dir='ltr'>οὐ</span> <span class='ocrx_word' id='word_1_229' title='bbox 2653 1545 2847 1623; x_wconf 80' lang='grc' dir='ltr'>λογίζῃ</span> <span class='ocrx_word' id='word_1_230' title='bbox 2904 1550 2966 1603; x_wconf 89' lang='grc' dir='ltr'>τὸ</span> <span class='ocrx_word' id='word_1_231' title='bbox 2998 1548 3326 1621; x_wconf 71' lang='grc' dir='ltr'>πλημμελὲς</span> <span class='ocrx_word' id='word_1_232' title='bbox 3384 1551 3606 1605; x_wconf 88' lang='grc' dir='ltr'>ὁπόσον.</span> <span class='ocrx_word' id='word_1_233' title='bbox 3645 1575 3672 1602; x_wconf 84' lang='grc'><strong>››</strong></span> 
     </span>
    </p>
   </div>
   <div class='ocr_carea' id='block_1_31' title="bbox 2017 1633 3675 1714">
    <p class='ocr_par' dir='ltr' id='par_1_31' title="bbox 2017 1633 3675 1714">
     <span class='ocr_line' id='line_1_32' title="bbox 2017 1633 3675 1714; baseline 0.004 -26"><span class='ocrx_word' id='word_1_234' title='bbox 2017 1633 2169 1689; x_wconf 72' lang='grc' dir='ltr'>Οὕτω</span> <span class='ocrx_word' id='word_1_235' title='bbox 2201 1634 2289 1689; x_wconf 81' lang='grc' dir='ltr'>καὶ</span> <span class='ocrx_word' id='word_1_236' title='bbox 2325 1635 2411 1690; x_wconf 77' lang='grc' dir='ltr'>ἐπὶ</span> <span class='ocrx_word' id='word_1_237' title='bbox 2441 1636 2719 1699; x_wconf 79' lang='grc' dir='ltr'>τοιούτοις</span> <span class='ocrx_word' id='word_1_238' title='bbox 2752 1637 2779 1689; x_wconf 85' lang='grc' dir='ltr'>ὁ</span> <span class='ocrx_word' id='word_1_239' title='bbox 2813 1637 2886 1700; x_wconf 81' lang='grc' dir='ltr'>εἷς</span> <span class='ocrx_word' id='word_1_240' title='bbox 2914 1636 3193 1712; x_wconf 88' lang='grc' dir='ltr'>βασιλείαν</span> <span class='ocrx_word' id='word_1_241' title='bbox 3225 1639 3675 1714; x_wconf 82' lang='grc' dir='ltr'>ἀναχοησόμενος</span> 
     </span>
    </p>
   </div>
   <div class='ocr_carea' id='block_1_32' title="bbox 2016 1723 2348 1782">
    <p class='ocr_par' dir='ltr' id='par_1_32' title="bbox 2016 1723 2348 1782">
     <span class='ocr_line' id='line_1_33' title="bbox 2016 1723 2348 1782; baseline 0.006 -3"><span class='ocrx_word' id='word_1_242' title='bbox 2016 1723 2348 1782; x_wconf 78' lang='grc' dir='ltr'>ἐπαιδεύετο.</span> 
     </span>
    </p>
   </div>
   <div class='ocr_carea' id='block_1_33' title="bbox 258 1837 3671 1931">
    <p class='ocr_par' dir='ltr' id='par_1_33' title="bbox 258 1837 3671 1931">
     <span class='ocr_line' id='line_1_34' title="bbox 258 1837 3671 1931; baseline 0.001 -38"><span class='ocrx_word' id='word_1_243' title='bbox 258 1842 570 1913; x_wconf 86' lang='grc' dir='ltr'>προστυχὸν</span> <span class='ocrx_word' id='word_1_244' title='bbox 626 1846 705 1912; x_wconf 80' lang='grc' dir='ltr'>τῷ</span> <span class='ocrx_word' id='word_1_245' title='bbox 762 1843 945 1915; x_wconf 86' lang='grc' dir='ltr'>πατρί.</span> <span class='ocrx_word' id='word_1_246' title='bbox 980 1843 1076 1897; x_wconf 84' lang='grc' dir='ltr'>Καὶ</span> <span class='ocrx_word' id='word_1_247' title='bbox 1138 1842 1202 1912; x_wconf 81' lang='grc' dir='ltr'>δὴ</span> <span class='ocrx_word' id='word_1_248' title='bbox 1237 1846 1671 1919; x_wconf 77' lang='grc' dir='ltr'>προσκυνήσαντί</span> <span class='ocrx_word' id='word_1_249' title='bbox 1718 1848 1770 1901; x_wconf 77' lang='grc' dir='ltr'>οἱ</span> <span class='ocrx_word' id='word_1_250' title='bbox 1831 1850 1905 1919; x_wconf 82' lang='grc' dir='ltr'>μή</span> <span class='ocrx_word' id='word_1_251' title='bbox 1944 1847 1989 1913; x_wconf 82' lang='grc' dir='ltr'><strong>Β</strong></span> <span class='ocrx_word' id='word_1_252' title='bbox 2021 1842 2098 1896; x_wconf 85' lang='grc' dir='ltr'>ιε’.</span> <span class='ocrx_word' id='word_1_253' title='bbox 2142 1843 2329 1931; x_wconf 63' lang='lat' dir='ltr'>&quot;Oan</span> <span class='ocrx_word' id='word_1_254' title='bbox 2377 1843 2423 1931; x_wconf 60' lang='lat' dir='ltr'>6n</span> <span class='ocrx_word' id='word_1_255' title='bbox 2459 1837 3332 1931; x_wconf 50' lang='lat' dir='ltr'>np‘to&#39;coSsetiapioc,Mou;dlwv</span> <span class='ocrx_word' id='word_1_256' title='bbox 3388 1848 3490 1898; x_wconf 76' lang='grc' dir='ltr'>τοῦ</span> <span class='ocrx_word' id='word_1_257' title='bbox 3551 1864 3671 1917; x_wconf 80' lang='grc' dir='ltr'>μει-</span> 
     </span>
    </p>
   </div>
   <div class='ocr_carea' id='block_1_34' title="bbox 265 1928 1912 2009">
    <p class='ocr_par' dir='ltr' id='par_1_34' title="bbox 265 1928 1912 2009">
     <span class='ocr_line' id='line_1_35' title="bbox 265 1928 1912 2009; baseline 0.004 -27"><span class='ocrx_word' id='word_1_258' title='bbox 265 1928 483 2002; x_wconf 87' lang='grc' dir='ltr'>βλέπειν</span> <span class='ocrx_word' id='word_1_259' title='bbox 530 1928 733 1993; x_wconf 79' lang='grc' dir='ltr'>ἐκεῖνος</span> <span class='ocrx_word' id='word_1_260' title='bbox 796 1928 937 2003; x_wconf 76' lang='grc' dir='ltr'>μηδὲ</span> <span class='ocrx_word' id='word_1_261' title='bbox 1011 1934 1301 2008; x_wconf 70' lang='grc' dir='ltr'>προσέχειν</span> <span class='ocrx_word' id='word_1_262' title='bbox 1362 1940 1767 2009; x_wconf 78' lang='grc' dir='ltr'>προσεποιεῖτο,</span> <span class='ocrx_word' id='word_1_263' title='bbox 1825 1939 1912 1989; x_wconf 81' lang='grc' dir='ltr'><strong>καί</strong></span> 
     </span>
    </p>
   </div>
   <div class='ocr_carea' id='block_1_35' title="bbox 259 2017 1910 2097">
    <p class='ocr_par' dir='ltr' id='par_1_35' title="bbox 259 2017 1910 2097">
     <span class='ocr_line' id='line_1_36' title="bbox 259 2017 1910 2097; baseline 0.004 -26"><span class='ocrx_word' id='word_1_264' title='bbox 259 2020 583 2089; x_wconf 82' lang='grc' dir='ltr'>προσιόντος</span> <span class='ocrx_word' id='word_1_265' title='bbox 614 2018 835 2091; x_wconf 77' lang='grc' dir='ltr'>ἡμέλει.</span> <span class='ocrx_word' id='word_1_266' title='bbox 863 2022 929 2077; x_wconf 90' lang='grc' dir='ltr'><strong>Ὃ</strong></span> <span class='ocrx_word' id='word_1_267' title='bbox 962 2018 1028 2089; x_wconf 79' lang='grc' dir='ltr'>δὴ</span> <span class='ocrx_word' id='word_1_268' title='bbox 1082 2022 1171 2076; x_wconf 82' lang='grc' dir='ltr'>καὶ</span> <span class='ocrx_word' id='word_1_269' title='bbox 1221 2017 1515 2095; x_wconf 78' lang='grc' dir='ltr'>συμϐαῖνον</span> <span class='ocrx_word' id='word_1_270' title='bbox 1554 2023 1727 2097; x_wconf 82' lang='grc' dir='ltr'>ὀργῆς</span> <span class='ocrx_word' id='word_1_271' title='bbox 1774 2026 1910 2096; x_wconf 85' lang='grc' dir='ltr'>πρὸς</span> 
     </span>
    </p>
   </div>
   <div class='ocr_carea' id='block_1_36' title="bbox 257 2105 1911 2183">
    <p class='ocr_par' dir='ltr' id='par_1_36' title="bbox 257 2105 1911 2183">
     <span class='ocr_line' id='line_1_37' title="bbox 257 2105 1911 2183; baseline 0.004 -24"><span class='ocrx_word' id='word_1_272' title='bbox 257 2105 417 2160; x_wconf 84' lang='grc' dir='ltr'>αὐτὸν</span> <span class='ocrx_word' id='word_1_273' title='bbox 468 2108 734 2181; x_wconf 84' lang='grc' dir='ltr'>πατρόθεν</span> <span class='ocrx_word' id='word_1_274' title='bbox 786 2114 1042 2181; x_wconf 85' lang='grc' dir='ltr'>σημεῖον,</span> <span class='ocrx_word' id='word_1_275' title='bbox 1095 2112 1224 2183; x_wconf 80' lang='grc' dir='ltr'>ὅπερ</span> <span class='ocrx_word' id='word_1_276' title='bbox 1286 2112 1375 2165; x_wconf 81' lang='grc' dir='ltr'>καὶ</span> <span class='ocrx_word' id='word_1_277' title='bbox 1422 2108 1621 2180; x_wconf 76' lang='grc' dir='ltr'>ἀληθὲς</span> <span class='ocrx_word' id='word_1_278' title='bbox 1673 2112 1761 2180; x_wconf 75' lang='grc' dir='ltr'>ἦν,</span> <span class='ocrx_word' id='word_1_279' title='bbox 1793 2109 1911 2166; x_wconf 78' lang='grc' dir='ltr'>ἔδο-</span> 
     </span>
    </p>
   </div>
   <div class='ocr_carea' id='block_1_37' title="bbox 258 2195 1911 2273">
    <p class='ocr_par' dir='ltr' id='par_1_37' title="bbox 258 2195 1911 2273">
     <span class='ocr_line' id='line_1_38' title="bbox 258 2195 1911 2273; baseline 0.004 -27"><span class='ocrx_word' id='word_1_280' title='bbox 258 2195 361 2263; x_wconf 85' lang='grc' dir='ltr'>ξεν.</span> <span class='ocrx_word' id='word_1_281' title='bbox 396 2197 554 2252; x_wconf 82' lang='grc' dir='ltr'>Ὅθεν</span> <span class='ocrx_word' id='word_1_282' title='bbox 614 2195 796 2251; x_wconf 82' lang='grc' dir='ltr'>ἀλύων</span> <span class='ocrx_word' id='word_1_283' title='bbox 855 2199 941 2252; x_wconf 84' lang='grc' dir='ltr'>καὶ</span> <span class='ocrx_word' id='word_1_284' title='bbox 999 2196 1080 2253; x_wconf 77' lang='grc' dir='ltr'>ὅτι</span> <span class='ocrx_word' id='word_1_285' title='bbox 1114 2200 1347 2273; x_wconf 83' lang='grc' dir='ltr'>ἁμάρτοι</span> <span class='ocrx_word' id='word_1_286' title='bbox 1382 2196 1764 2270; x_wconf 81' lang='grc' dir='ltr'>διανοούμενος</span> <span class='ocrx_word' id='word_1_287' title='bbox 1823 2200 1911 2253; x_wconf 81' lang='grc' dir='ltr'>καὶ</span> 
     </span>
    </p>
   </div>
   <div class='ocr_carea' id='block_1_38' title="bbox 258 2284 1911 2362">
    <p class='ocr_par' dir='ltr' id='par_1_38' title="bbox 258 2284 1911 2362">
     <span class='ocr_line' id='line_1_39' title="bbox 258 2284 1911 2362; baseline 0.004 -26"><span class='ocrx_word' id='word_1_288' title='bbox 258 2286 434 2351; x_wconf 84' lang='grc' dir='ltr'>ζητῶν</span> <span class='ocrx_word' id='word_1_289' title='bbox 467 2290 747 2358; x_wconf 88' lang='grc' dir='ltr'>πρόσεισιν</span> <span class='ocrx_word' id='word_1_290' title='bbox 778 2284 839 2339; x_wconf 83' lang='grc' dir='ltr'>οὐ</span> <span class='ocrx_word' id='word_1_291' title='bbox 878 2285 1024 2357; x_wconf 84' lang='grc' dir='ltr'>μάλα</span> <span class='ocrx_word' id='word_1_292' title='bbox 1057 2287 1400 2362; x_wconf 71' lang='grc' dir='ltr'>θαρρούντως</span> <span class='ocrx_word' id='word_1_293' title='bbox 1449 2293 1530 2359; x_wconf 79' lang='grc' dir='ltr'>τῷ</span> <span class='ocrx_word' id='word_1_294' title='bbox 1576 2288 1739 2362; x_wconf 78' lang='grc' dir='ltr'>πατρὶ</span> <span class='ocrx_word' id='word_1_295' title='bbox 1796 2290 1911 2342; x_wconf 83' lang='grc' dir='ltr'>κατ’</span> 
     </span>
    </p>
   </div>
   <div class='ocr_carea' id='block_1_39' title="bbox 253 2367 1913 2452">
    <p class='ocr_par' dir='ltr' id='par_1_39' title="bbox 253 2367 1913 2452">
     <span class='ocr_line' id='line_1_40' title="bbox 253 2367 1913 2452; baseline 0.005 -28"><span class='ocrx_word' id='word_1_296' title='bbox 253 2367 503 2429; x_wconf 73' lang='grc' dir='ltr'>ἷδίαν.⁶Ο</span> <span class='ocrx_word' id='word_1_297' title='bbox 550 2369 595 2426; x_wconf 81' lang='grc' dir='ltr'>δ’</span> <span class='ocrx_word' id='word_1_298' title='bbox 630 2370 759 2428; x_wconf 75' lang='grc' dir='ltr'>ἴδὼν</span> <span class='ocrx_word' id='word_1_299' title='bbox 818 2374 1015 2439; x_wconf 79' lang='grc' dir='ltr'>εὐθέως</span> <span class='ocrx_word' id='word_1_300' title='bbox 1075 2377 1165 2432; x_wconf 81' lang='grc' dir='ltr'>καὶ</span> <span class='ocrx_word' id='word_1_301' title='bbox 1224 2375 1535 2447; x_wconf 70' lang='grc' dir='ltr'>ἀλαστήσας</span> <span class='ocrx_word' id='word_1_302' title='bbox 1589 2379 1726 2452; x_wconf 86' lang='grc' dir='ltr'>πρὸς</span> <span class='ocrx_word' id='word_1_303' title='bbox 1780 2378 1913 2432; x_wconf 86' lang='grc' dir='ltr'>έκεῖ-</span> 
     </span>
    </p>
   </div>
   <div class='ocr_carea' id='block_1_40' title="bbox 254 2554 1909 2632">
    <p class='ocr_par' dir='ltr' id='par_1_40' title="bbox 254 2554 1909 2632">
     <span class='ocr_line' id='line_1_41' title="bbox 254 2554 1909 2632; baseline 0.003 -24"><span class='ocrx_word' id='word_1_304' title='bbox 254 2554 605 2624; x_wconf 89' lang='lat' dir='ltr'>quid,vultu</span> <span class='ocrx_word' id='word_1_305' title='bbox 624 2574 1014 2632; x_wconf 89' lang='lat' dir='ltr'>sermoneque</span> <span class='ocrx_word' id='word_1_306' title='bbox 1036 2562 1472 2618; x_wconf 92' lang='lat' dir='ltr'>declarantibus</span> <span class='ocrx_word' id='word_1_307' title='bbox 1486 2562 1643 2618; x_wconf 82' lang='lat' dir='ltr'>haud</span> <span class='ocrx_word' id='word_1_308' title='bbox 1666 2560 1909 2632; x_wconf 81' lang='lat' dir='ltr'>impune</span> 
     </span>
    </p>
   </div>
   <div class='ocr_carea' id='block_1_41' title="bbox 254 2643 1907 2723">
    <p class='ocr_par' dir='ltr' id='par_1_41' title="bbox 254 2643 1907 2723">
     <span class='ocr_line' id='line_1_42' title="bbox 254 2643 1907 2723; baseline 0.006 -25"><span class='ocrx_word' id='word_1_309' title='bbox 254 2643 479 2701; x_wconf 89' lang='lat' dir='ltr'>laturos</span> <span class='ocrx_word' id='word_1_310' title='bbox 519 2647 621 2718; x_wconf 88' lang='lat' dir='ltr'>qui</span> <span class='ocrx_word' id='word_1_311' title='bbox 667 2647 834 2704; x_wconf 82' lang='lat' dir='ltr'>aliter</span> <span class='ocrx_word' id='word_1_312' title='bbox 884 2668 949 2706; x_wconf 89' lang='lat' dir='ltr'>ac</span> <span class='ocrx_word' id='word_1_313' title='bbox 1004 2657 1297 2723; x_wconf 86' lang='lat' dir='ltr'>oporteret</span> <span class='ocrx_word' id='word_1_314' title='bbox 1346 2656 1607 2723; x_wconf 84' lang='lat' dir='ltr'>agerent,</span> <span class='ocrx_word' id='word_1_315' title='bbox 1642 2651 1725 2706; x_wconf 87' lang='lat' dir='ltr'>uti</span> <span class='ocrx_word' id='word_1_316' title='bbox 1777 2655 1834 2706; x_wconf 92' lang='lat' dir='ltr'>et</span> <span class='ocrx_word' id='word_1_317' title='bbox 1876 2669 1907 2708; x_wconf 91' lang='lat' dir='ltr'>e</span> 
     </span>
    </p>
   </div>
   <div class='ocr_carea' id='block_1_42' title="bbox 263 2734 1906 2811">
    <p class='ocr_par' dir='ltr' id='par_1_42' title="bbox 263 2734 1906 2811">
     <span class='ocr_line' id='line_1_43' title="bbox 263 2734 1906 2811; baseline 0.005 -25"><span class='ocrx_word' id='word_1_318' title='bbox 263 2734 579 2807; x_wconf 85' lang='lat' dir='ltr'>contrario,</span> <span class='ocrx_word' id='word_1_319' title='bbox 614 2737 714 2808; x_wconf 87' lang='lat' dir='ltr'>qui</span> <span class='ocrx_word' id='word_1_320' title='bbox 748 2743 921 2810; x_wconf 82' lang='lat' dir='ltr'>prout</span> <span class='ocrx_word' id='word_1_321' title='bbox 952 2757 1058 2811; x_wconf 87' lang='lat' dir='ltr'>par</span> <span class='ocrx_word' id='word_1_322' title='bbox 1088 2745 1213 2797; x_wconf 90' lang='lat' dir='ltr'>erat</span> <span class='ocrx_word' id='word_1_323' title='bbox 1258 2741 1450 2797; x_wconf 82' lang='lat' dir='ltr'>officio</span> <span class='ocrx_word' id='word_1_324' title='bbox 1502 2742 1906 2811; x_wconf 81' lang='lat' dir='ltr'>fungerentur,</span> 
     </span>
    </p>
   </div>
   <div class='ocr_carea' id='block_1_43' title="bbox 259 2828 1905 2902">
    <p class='ocr_par' dir='ltr' id='par_1_43' title="bbox 259 2828 1905 2902">
     <span class='ocr_line' id='line_1_44' title="bbox 259 2828 1905 2902; baseline 0.005 -25"><span class='ocrx_word' id='word_1_325' title='bbox 259 2839 631 2895; x_wconf 83' lang='lat' dir='ltr'>nequaquam</span> <span class='ocrx_word' id='word_1_326' title='bbox 705 2828 972 2884; x_wconf 86' lang='lat' dir='ltr'>mercede</span> <span class='ocrx_word' id='word_1_327' title='bbox 1038 2831 1347 2887; x_wconf 89' lang='lat' dir='ltr'>carituros.</span> <span class='ocrx_word' id='word_1_328' title='bbox 1422 2831 1682 2902; x_wconf 88' lang='lat' dir='ltr'>Ingentis</span> <span class='ocrx_word' id='word_1_329' title='bbox 1748 2832 1905 2885; x_wconf 88' lang='lat' dir='ltr'>enim</span> 
     </span>
    </p>
   </div>
   <div class='ocr_carea' id='block_1_44' title="bbox 259 2914 1905 2987">
    <p class='ocr_par' dir='ltr' id='par_1_44' title="bbox 259 2914 1905 2987">
     <span class='ocr_line' id='line_1_45' title="bbox 259 2914 1905 2987; baseline 0.006 -22"><span class='ocrx_word' id='word_1_330' title='bbox 259 2914 549 2969; x_wconf 83' lang='lat' dir='ltr'>utramvis</span> <span class='ocrx_word' id='word_1_331' title='bbox 580 2915 640 2969; x_wconf 91' lang='lat' dir='ltr'>in</span> <span class='ocrx_word' id='word_1_332' title='bbox 674 2922 898 2987; x_wconf 88' lang='lat' dir='ltr'>partem</span> <span class='ocrx_word' id='word_1_333' title='bbox 932 2920 1171 2975; x_wconf 90' lang='lat' dir='ltr'>omnino</span> <span class='ocrx_word' id='word_1_334' title='bbox 1203 2920 1486 2974; x_wconf 86' lang='lat' dir='ltr'>momenti</span> <span class='ocrx_word' id='word_1_335' title='bbox 1529 2923 1619 2973; x_wconf 91' lang='lat' dir='ltr'>est</span> <span class='ocrx_word' id='word_1_336' title='bbox 1648 2919 1905 2976; x_wconf 87' lang='lat' dir='ltr'>hominis</span> 
     </span>
    </p>
   </div>
   <div class='ocr_carea' id='block_1_45' title="bbox 256 3000 1906 3078">
    <p class='ocr_par' dir='ltr' id='par_1_45' title="bbox 256 3000 1906 3078">
     <span class='ocr_line' id='line_1_46' title="bbox 256 3000 1906 3078; baseline 0.006 -24"><span class='ocrx_word' id='word_1_337' title='bbox 256 3000 315 3054; x_wconf 89' lang='lat' dir='ltr'>in</span> <span class='ocrx_word' id='word_1_338' title='bbox 352 3002 584 3058; x_wconf 85' lang='lat' dir='ltr'>civitate</span> <span class='ocrx_word' id='word_1_339' title='bbox 615 3005 884 3075; x_wconf 89' lang='lat' dir='ltr'>primarii</span> <span class='ocrx_word' id='word_1_340' title='bbox 915 3012 1066 3062; x_wconf 90' lang='lat' dir='ltr'>recte</span> <span class='ocrx_word' id='word_1_341' title='bbox 1115 3014 1217 3064; x_wconf 88' lang='lat' dir='ltr'>aut</span> <span class='ocrx_word' id='word_1_342' title='bbox 1247 3025 1417 3064; x_wconf 91' lang='lat' dir='ltr'>secus</span> <span class='ocrx_word' id='word_1_343' title='bbox 1456 3008 1697 3076; x_wconf 88' lang='lat' dir='ltr'>factum,</span> <span class='ocrx_word' id='word_1_344' title='bbox 1730 3025 1906 3078; x_wconf 86' lang='lat' dir='ltr'>prava</span> 
     </span>
    </p>
   </div>
   <div class='ocr_carea' id='block_1_46' title="bbox 255 3088 1903 3169">
    <p class='ocr_par' dir='ltr' id='par_1_46' title="bbox 255 3088 1903 3169">
     <span class='ocr_line' id='line_1_47' title="bbox 255 3088 1903 3169; baseline 0.005 -25"><span class='ocrx_word' id='word_1_345' title='bbox 255 3088 552 3159; x_wconf 86' lang='lat' dir='ltr'>siquidem</span> <span class='ocrx_word' id='word_1_346' title='bbox 576 3092 695 3147; x_wconf 86' lang='lat' dir='ltr'>vita</span> <span class='ocrx_word' id='word_1_347' title='bbox 718 3098 775 3148; x_wconf 92' lang='lat' dir='ltr'>et</span> <span class='ocrx_word' id='word_1_348' title='bbox 800 3094 955 3150; x_wconf 89' lang='lat' dir='ltr'>mala</span> <span class='ocrx_word' id='word_1_349' title='bbox 979 3097 1239 3152; x_wconf 81' lang='lat' dir='ltr'>facinora</span> <span class='ocrx_word' id='word_1_350' title='bbox 1257 3097 1541 3153; x_wconf 90' lang='lat' dir='ltr'>nobilium</span> <span class='ocrx_word' id='word_1_351' title='bbox 1563 3114 1669 3169; x_wconf 91' lang='lat' dir='ltr'>par</span> <span class='ocrx_word' id='word_1_352' title='bbox 1692 3098 1903 3153; x_wconf 85' lang='lat' dir='ltr'>vitium</span> 
     </span>
    </p>
   </div>
   <div class='ocr_carea' id='block_1_47' title="bbox 2100 1913 3359 1990">
    <p class='ocr_par' dir='ltr' id='par_1_47' title="bbox 2100 1913 3359 1990">
     <span class='ocr_line' id='line_1_48' title="bbox 2100 1913 3359 1990; baseline 0.002 -24"><span class='ocrx_word' id='word_1_353' title='bbox 2100 1913 2358 1987; x_wconf 84' lang='grc' dir='ltr'>ρακίσκου</span> <span class='ocrx_word' id='word_1_354' title='bbox 2395 1913 2663 1988; x_wconf 86' lang='grc' dir='ltr'>βασιλέως</span> <span class='ocrx_word' id='word_1_355' title='bbox 2697 1913 2950 1968; x_wconf 82' lang='grc' dir='ltr'>Ἰωάννου</span> <span class='ocrx_word' id='word_1_356' title='bbox 2983 1914 3359 1990; x_wconf 80' lang='grc' dir='ltr'>ἐπετρόπευεν.</span> 
     </span>
    </p>
   </div>
   <div class='ocr_carea' id='block_1_48' title="bbox 2094 2017 3677 2096">
    <p class='ocr_par' dir='ltr' id='par_1_48' title="bbox 2094 2017 3677 2096">
     <span class='ocr_line' id='line_1_49' title="bbox 2094 2017 3677 2096; baseline 0 -20"><span class='ocrx_word' id='word_1_357' title='bbox 2094 2022 2179 2093; x_wconf 79' lang='grc' dir='ltr'>[Ρ.</span> <span class='ocrx_word' id='word_1_358' title='bbox 2212 2022 2302 2092; x_wconf 83' lang='grc'>22]</span> <span class='ocrx_word' id='word_1_359' title='bbox 2336 2019 2473 2076; x_wconf 83' lang='grc' dir='ltr'>Τότε</span> <span class='ocrx_word' id='word_1_360' title='bbox 2528 2017 2585 2074; x_wconf 73' lang='grc' dir='ltr'>δὲ</span> <span class='ocrx_word' id='word_1_361' title='bbox 2636 2021 2892 2083; x_wconf 87' lang='grc' dir='ltr'>θανόντος</span> <span class='ocrx_word' id='word_1_362' title='bbox 2937 2020 3164 2089; x_wconf 80' lang='grc' dir='ltr'>ἐκείνου,</span> <span class='ocrx_word' id='word_1_363' title='bbox 3198 2021 3313 2075; x_wconf 79' lang='grc' dir='ltr'>ἐπεὶ</span> <span class='ocrx_word' id='word_1_364' title='bbox 3342 2022 3433 2074; x_wconf 84' lang='grc' dir='ltr'>καὶ</span> <span class='ocrx_word' id='word_1_365' title='bbox 3466 2022 3494 2075; x_wconf 85' lang='grc' dir='ltr'>ὁ</span> <span class='ocrx_word' id='word_1_366' title='bbox 3523 2041 3677 2096; x_wconf 87' lang='grc' dir='ltr'>πρω-</span> 
     </span>
    </p>
   </div>
   <div class='ocr_carea' id='block_1_49' title="bbox 2020 2106 3676 2187">
    <p class='ocr_par' dir='ltr' id='par_1_49' title="bbox 2020 2106 3676 2187">
     <span class='ocr_line' id='line_1_50' title="bbox 2020 2106 3676 2187; baseline 0.001 -23"><span class='ocrx_word' id='word_1_367' title='bbox 2020 2106 2399 2184; x_wconf 76' lang='grc' dir='ltr'>τοϐεστιάριος</span> <span class='ocrx_word' id='word_1_368' title='bbox 2433 2109 2742 2177; x_wconf 79' lang='grc' dir='ltr'>Μουζάλων</span> <span class='ocrx_word' id='word_1_369' title='bbox 2773 2111 2872 2179; x_wconf 73' lang='grc' dir='ltr'>τὴν</span> <span class='ocrx_word' id='word_1_370' title='bbox 2905 2110 3207 2184; x_wconf 78' lang='grc' dir='ltr'>ἐπιτροπὴν</span> <span class='ocrx_word' id='word_1_371' title='bbox 3250 2114 3348 2164; x_wconf 81' lang='grc' dir='ltr'>τοῦ</span> <span class='ocrx_word' id='word_1_372' title='bbox 3401 2109 3676 2187; x_wconf 78' lang='grc' dir='ltr'>ἀφήλικος</span> 
     </span>
    </p>
   </div>
   <div class='ocr_carea' id='block_1_50' title="bbox 2026 2196 3679 2274">
    <p class='ocr_par' dir='ltr' id='par_1_50' title="bbox 2026 2196 3679 2274">
     <span class='ocr_line' id='line_1_51' title="bbox 2026 2196 3679 2274; baseline 0.001 -22"><span class='ocrx_word' id='word_1_373' title='bbox 2026 2198 2295 2273; x_wconf 86' lang='grc' dir='ltr'>βασιλέως</span> <span class='ocrx_word' id='word_1_374' title='bbox 2328 2197 2475 2272; x_wconf 79' lang='grc' dir='ltr'>ἔχειν</span> <span class='ocrx_word' id='word_1_375' title='bbox 2508 2196 2815 2273; x_wconf 73' lang='grc' dir='ltr'>ἠγγέλλετο</span> <span class='ocrx_word' id='word_1_376' title='bbox 2847 2199 2993 2274; x_wconf 77' lang='grc' dir='ltr'>παρὰ</span> <span class='ocrx_word' id='word_1_377' title='bbox 3039 2203 3135 2253; x_wconf 77' lang='grc' dir='ltr'>τοῦ</span> <span class='ocrx_word' id='word_1_378' title='bbox 3180 2199 3383 2274; x_wconf 90' lang='grc' dir='ltr'>πατρὸς</span> <span class='ocrx_word' id='word_1_379' title='bbox 3439 2199 3531 2253; x_wconf 85' lang='grc' dir='ltr'>καὶ</span> <span class='ocrx_word' id='word_1_380' title='bbox 3589 2201 3679 2273; x_wconf 85' lang='grc' dir='ltr'>βα-</span> 
     </span>
    </p>
   </div>
   <div class='ocr_carea' id='block_1_51' title="bbox 2022 2286 3675 2363">
    <p class='ocr_par' dir='ltr' id='par_1_51' title="bbox 2022 2286 3675 2363">
     <span class='ocr_line' id='line_1_52' title="bbox 2022 2286 3675 2363; baseline 0.001 -22"><span class='ocrx_word' id='word_1_381' title='bbox 2022 2286 2217 2348; x_wconf 75' lang='grc' dir='ltr'>σιλέως</span> <span class='ocrx_word' id='word_1_382' title='bbox 2264 2289 2359 2341; x_wconf 88' lang='grc' dir='ltr'>τὸν</span> <span class='ocrx_word' id='word_1_383' title='bbox 2412 2290 2653 2363; x_wconf 88' lang='grc' dir='ltr'>μοναχὸν</span> <span class='ocrx_word' id='word_1_384' title='bbox 2706 2286 3160 2360; x_wconf 79' lang='grc' dir='ltr'>ὑπελθόντος,τῷ</span> <span class='ocrx_word' id='word_1_385' title='bbox 3210 2289 3305 2361; x_wconf 79' lang='grc' dir='ltr'>μὶν</span> <span class='ocrx_word' id='word_1_386' title='bbox 3341 2288 3675 2361; x_wconf 85' lang='grc' dir='ltr'>μειρακίσκῳ</span> 
     </span>
    </p>
   </div>
   <div class='ocr_carea' id='block_1_52' title="bbox 2022 2372 3675 2453">
    <p class='ocr_par' dir='ltr' id='par_1_52' title="bbox 2022 2372 3675 2453">
     <span class='ocr_line' id='line_1_53' title="bbox 2022 2372 3675 2453; baseline 0.001 -23"><span class='ocrx_word' id='word_1_387' title='bbox 2022 2375 2207 2449; x_wconf 79' lang='grc' dir='ltr'>ἐκείνῳ</span> <span class='ocrx_word' id='word_1_388' title='bbox 2238 2375 2423 2432; x_wconf 81' lang='grc' dir='ltr'>ἄνακτι</span> <span class='ocrx_word' id='word_1_389' title='bbox 2458 2380 2674 2451; x_wconf 79' lang='grc' dir='ltr'>Ἰωάννῃ</span> <span class='ocrx_word' id='word_1_390' title='bbox 2705 2377 2809 2453; x_wconf 82' lang='grc' dir='ltr'>οὐχ</span> <span class='ocrx_word' id='word_1_391' title='bbox 2841 2375 2941 2449; x_wconf 65' lang='grc' dir='ltr'>οἵῳ</span> <span class='ocrx_word' id='word_1_392' title='bbox 2998 2380 3046 2432; x_wconf 90' lang='grc' dir='ltr'>τ’</span> <span class='ocrx_word' id='word_1_393' title='bbox 3079 2372 3193 2433; x_wconf 75' lang='grc' dir='ltr'>ὄντι</span> <span class='ocrx_word' id='word_1_394' title='bbox 3246 2375 3336 2432; x_wconf 76' lang='grc' dir='ltr'>διὰ</span> <span class='ocrx_word' id='word_1_395' title='bbox 3388 2379 3489 2446; x_wconf 76' lang='grc' dir='ltr'>τὴν</span> <span class='ocrx_word' id='word_1_396' title='bbox 3544 2378 3675 2446; x_wconf 80' lang='grc' dir='ltr'>ἡλι-</span> 
     </span>
    </p>
   </div>
   <div class='ocr_carea' id='block_1_53' title="bbox 2018 2560 3671 2632">
    <p class='ocr_par' dir='ltr' id='par_1_53' title="bbox 2018 2560 3671 2632">
     <span class='ocr_line' id='line_1_54' title="bbox 2018 2560 3671 2632; baseline 0.002 -18"><span class='ocrx_word' id='word_1_397' title='bbox 2018 2560 2119 2631; x_wconf 90' lang='lat' dir='ltr'>qui</span> <span class='ocrx_word' id='word_1_398' title='bbox 2175 2560 2417 2632; x_wconf 89' lang='lat' dir='ltr'>quidam</span> <span class='ocrx_word' id='word_1_399' title='bbox 2480 2560 2945 2632; x_wconf 81' lang='lat' dir='ltr'>indignationem</span> <span class='ocrx_word' id='word_1_400' title='bbox 3005 2576 3121 2631; x_wconf 78' lang='lat' dir='ltr'>pros</span> <span class='ocrx_word' id='word_1_401' title='bbox 3179 2577 3242 2615; x_wconf 89' lang='lat' dir='ltr'>se</span> <span class='ocrx_word' id='word_1_402' title='bbox 3303 2560 3543 2628; x_wconf 89' lang='lat' dir='ltr'>ferrent,</span> <span class='ocrx_word' id='word_1_403' title='bbox 3575 2577 3671 2617; x_wconf 85' lang='lat' dir='ltr'>ex-</span> 
     </span>
    </p>
   </div>
   <div class='ocr_carea' id='block_1_54' title="bbox 2018 2648 3670 2721">
    <p class='ocr_par' dir='ltr' id='par_1_54' title="bbox 2018 2648 3670 2721">
     <span class='ocr_line' id='line_1_55' title="bbox 2018 2648 3670 2721; baseline 0.001 -17"><span class='ocrx_word' id='word_1_404' title='bbox 2018 2649 2283 2721; x_wconf 82' lang='lat' dir='ltr'>probavit</span> <span class='ocrx_word' id='word_1_405' title='bbox 2312 2648 2396 2703; x_wconf 87' lang='lat' dir='ltr'>illi</span> <span class='ocrx_word' id='word_1_406' title='bbox 2430 2650 2626 2705; x_wconf 89' lang='lat' dir='ltr'>cultus</span> <span class='ocrx_word' id='word_1_407' title='bbox 2658 2650 2831 2706; x_wconf 84' lang='lat' dir='ltr'>istius</span> <span class='ocrx_word' id='word_1_408' title='bbox 2874 2666 2941 2705; x_wconf 87' lang='lat' dir='ltr'>ac</span> <span class='ocrx_word' id='word_1_409' title='bbox 2988 2649 3237 2705; x_wconf 85' lang='lat' dir='ltr'>vestitus</span> <span class='ocrx_word' id='word_1_410' title='bbox 3290 2649 3670 2705; x_wconf 87' lang='lat' dir='ltr'>insolentiam</span> 
     </span>
    </p>
   </div>
   <div class='ocr_carea' id='block_1_55' title="bbox 2016 2737 3670 2811">
    <p class='ocr_par' dir='ltr' id='par_1_55' title="bbox 2016 2737 3670 2811">
     <span class='ocr_line' id='line_1_56' title="bbox 2016 2737 3670 2811; baseline 0.001 -19"><span class='ocrx_word' id='word_1_411' title='bbox 2016 2737 2119 2793; x_wconf 91' lang='lat' dir='ltr'>tali</span> <span class='ocrx_word' id='word_1_412' title='bbox 2152 2738 2457 2795; x_wconf 86' lang='lat' dir='ltr'>occasione</span> <span class='ocrx_word' id='word_1_413' title='bbox 2489 2740 2587 2793; x_wconf 81' lang='lat'>39</span> <span class='ocrx_word' id='word_1_414' title='bbox 2621 2738 3014 2810; x_wconf 75' lang='lat' dir='ltr'>intempestivi</span> <span class='ocrx_word' id='word_1_415' title='bbox 3040 2756 3056 2792; x_wconf 91' lang='lat'><em>:</em></span> <span class='ocrx_word' id='word_1_416' title='bbox 3079 2762 3104 2787; x_wconf 90' lang='grc'>‹‹</span> <span class='ocrx_word' id='word_1_417' title='bbox 3139 2739 3286 2793; x_wconf 90' lang='lat' dir='ltr'>Nam</span> <span class='ocrx_word' id='word_1_418' title='bbox 3309 2739 3473 2811; x_wconf 92' lang='lat' dir='ltr'>quid,</span> <span class='ocrx_word' id='word_1_419' title='bbox 3504 2760 3530 2788; x_wconf 87' lang='grc'><strong>››</strong></span> <span class='ocrx_word' id='word_1_420' title='bbox 3564 2738 3670 2805; x_wconf 87' lang='lat' dir='ltr'>ait,</span> 
     </span>
    </p>
   </div>
   <div class='ocr_carea' id='block_1_56' title="bbox 2020 2827 3672 2898">
    <p class='ocr_par' dir='ltr' id='par_1_56' title="bbox 2020 2827 3672 2898">
     <span class='ocr_line' id='line_1_57' title="bbox 2020 2827 3672 2898; baseline 0.001 -17"><span class='ocrx_word' id='word_1_421' title='bbox 2020 2848 2048 2877; x_wconf 86' lang='lat'>«</span> <span class='ocrx_word' id='word_1_422' title='bbox 2066 2827 2172 2882; x_wconf 89' lang='lat' dir='ltr'>tibi</span> <span class='ocrx_word' id='word_1_423' title='bbox 2189 2828 2461 2883; x_wconf 88' lang='lat' dir='ltr'>conscius</span> <span class='ocrx_word' id='word_1_424' title='bbox 2480 2845 2542 2883; x_wconf 90' lang='lat' dir='ltr'>es</span> <span class='ocrx_word' id='word_1_425' title='bbox 2560 2828 2874 2898; x_wconf 86' lang='lat' dir='ltr'>perfecisse</span> <span class='ocrx_word' id='word_1_426' title='bbox 2894 2832 2949 2883; x_wconf 93' lang='lat' dir='ltr'>te</span> <span class='ocrx_word' id='word_1_427' title='bbox 2967 2827 3025 2883; x_wconf 95' lang='lat' dir='ltr'>in</span> <span class='ocrx_word' id='word_1_428' title='bbox 3068 2827 3469 2883; x_wconf 85' lang='lat' dir='ltr'>Romanorum</span> <span class='ocrx_word' id='word_1_429' title='bbox 3506 2844 3672 2883; x_wconf 90' lang='lat' dir='ltr'>com-</span> 
     </span>
    </p>
   </div>
   <div class='ocr_carea' id='block_1_57' title="bbox 2017 2916 3672 2987">
    <p class='ocr_par' dir='ltr' id='par_1_57' title="bbox 2017 2916 3672 2987">
     <span class='ocr_line' id='line_1_58' title="bbox 2017 2916 3672 2987; baseline 0.001 -18"><span class='ocrx_word' id='word_1_430' title='bbox 2017 2917 2283 2984; x_wconf 89' lang='lat' dir='ltr'>modum,</span> <span class='ocrx_word' id='word_1_431' title='bbox 2301 2920 2364 2971; x_wconf 93' lang='lat' dir='ltr'>ut</span> <span class='ocrx_word' id='word_1_432' title='bbox 2394 2916 2646 2972; x_wconf 87' lang='lat' dir='ltr'>indetibi</span> <span class='ocrx_word' id='word_1_433' title='bbox 2678 2917 2976 2972; x_wconf 87' lang='lat' dir='ltr'>licentiam</span> <span class='ocrx_word' id='word_1_434' title='bbox 2996 2921 3221 2987; x_wconf 88' lang='lat' dir='ltr'>partam</span> <span class='ocrx_word' id='word_1_435' title='bbox 3239 2920 3410 2987; x_wconf 89' lang='lat' dir='ltr'>putes</span> <span class='ocrx_word' id='word_1_436' title='bbox 3423 2917 3672 2973; x_wconf 87' lang='lat' dir='ltr'>abuten-</span> 
     </span>
    </p>
   </div>
   <div class='ocr_carea' id='block_1_58' title="bbox 2016 3005 3672 3078">
    <p class='ocr_par' dir='ltr' id='par_1_58' title="bbox 2016 3005 3672 3078">
     <span class='ocr_line' id='line_1_59' title="bbox 2016 3005 3672 3078; baseline 0.003 -20"><span class='ocrx_word' id='word_1_437' title='bbox 2016 3005 2075 3059; x_wconf 89' lang='lat' dir='ltr'>di</span> <span class='ocrx_word' id='word_1_438' title='bbox 2100 3006 2311 3077; x_wconf 91' lang='lat' dir='ltr'>opibus</span> <span class='ocrx_word' id='word_1_439' title='bbox 2345 3005 2581 3062; x_wconf 90' lang='lat' dir='ltr'>illorum</span> <span class='ocrx_word' id='word_1_440' title='bbox 2611 3006 2668 3061; x_wconf 90' lang='lat' dir='ltr'>in</span> <span class='ocrx_word' id='word_1_441' title='bbox 2704 3010 2836 3062; x_wconf 90' lang='lat' dir='ltr'>tuas</span> <span class='ocrx_word' id='word_1_442' title='bbox 2870 3006 3246 3062; x_wconf 86' lang='lat' dir='ltr'>remissiones</span> <span class='ocrx_word' id='word_1_443' title='bbox 3269 3005 3340 3061; x_wconf 85' lang='lat' dir='ltr'>ad</span> <span class='ocrx_word' id='word_1_444' title='bbox 3376 3006 3672 3078; x_wconf 87' lang='lat' dir='ltr'>privatum</span> 
     </span>
    </p>
   </div>
   <div class='ocr_carea' id='block_1_59' title="bbox 2017 3094 3661 3163">
    <p class='ocr_par' dir='ltr' id='par_1_59' title="bbox 2017 3094 3661 3163">
     <span class='ocr_line' id='line_1_60' title="bbox 2017 3094 3661 3163; baseline -0.001 -12"><span class='ocrx_word' id='word_1_445' title='bbox 2017 3097 2301 3151; x_wconf 87' lang='lat' dir='ltr'>duntaxat</span> <span class='ocrx_word' id='word_1_446' title='bbox 2330 3095 2416 3150; x_wconf 91' lang='lat' dir='ltr'>tui</span> <span class='ocrx_word' id='word_1_447' title='bbox 2467 3095 2649 3151; x_wconf 87' lang='lat' dir='ltr'>animi</span> <span class='ocrx_word' id='word_1_448' title='bbox 2697 3096 2979 3163; x_wconf 85' lang='lat' dir='ltr'>fructum,</span> <span class='ocrx_word' id='word_1_449' title='bbox 3015 3111 3127 3150; x_wconf 90' lang='lat' dir='ltr'>non</span> <span class='ocrx_word' id='word_1_450' title='bbox 3178 3110 3312 3150; x_wconf 88' lang='lat' dir='ltr'>vero</span> <span class='ocrx_word' id='word_1_451' title='bbox 3358 3095 3429 3150; x_wconf 89' lang='lat' dir='ltr'>ad</span> <span class='ocrx_word' id='word_1_452' title='bbox 3478 3094 3661 3150; x_wconf 82' lang='lat' dir='ltr'>ullam</span> 
     </span>
    </p>
   </div>
   <div class='ocr_carea' id='block_1_60' title="bbox 253 3178 3659 3267">
    <p class='ocr_par' dir='ltr' id='par_1_60' title="bbox 253 3178 3659 3267">
     <span class='ocr_line' id='line_1_61' title="bbox 253 3178 3659 3267; baseline 0.002 -36"><span class='ocrx_word' id='word_1_453' title='bbox 253 3178 597 3250; x_wconf 71' lang='lat' dir='ltr'>reipublicae</span> <span class='ocrx_word' id='word_1_454' title='bbox 628 3180 949 3253; x_wconf 79' lang='lat' dir='ltr'>important</span> <span class='ocrx_word' id='word_1_455' title='bbox 975 3201 1041 3239; x_wconf 89' lang='lat' dir='ltr'>ac</span> <span class='ocrx_word' id='word_1_456' title='bbox 1068 3185 1329 3241; x_wconf 88' lang='lat' dir='ltr'>virilium</span> <span class='ocrx_word' id='word_1_457' title='bbox 1362 3187 1611 3243; x_wconf 84' lang='lat' dir='ltr'>exsectio</span> <span class='ocrx_word' id='word_1_458' title='bbox 1644 3187 1903 3243; x_wconf 87' lang='lat' dir='ltr'>humano</span> <span class='ocrx_word' id='word_1_459' title='bbox 1935 3198 1977 3267; x_wconf 70' lang='grc' dir='ltr'>ρ</span> <span class='ocrx_word' id='word_1_460' title='bbox 2015 3185 2372 3256; x_wconf 86' lang='lat' dir='ltr'>pertinentes</span> <span class='ocrx_word' id='word_1_461' title='bbox 2406 3183 2721 3240; x_wconf 83' lang='lat' dir='ltr'>utilitatem</span> <span class='ocrx_word' id='word_1_462' title='bbox 2764 3183 3062 3256; x_wconf 87' lang='lat' dir='ltr'>publicam</span> <span class='ocrx_word' id='word_1_463' title='bbox 3084 3184 3111 3239; x_wconf 85' lang='lat'><strong>?</strong></span> <span class='ocrx_word' id='word_1_464' title='bbox 3141 3186 3227 3239; x_wconf 91' lang='lat' dir='ltr'>An</span> <span class='ocrx_word' id='word_1_465' title='bbox 3277 3184 3470 3240; x_wconf 88' lang='lat' dir='ltr'>nescis</span> <span class='ocrx_word' id='word_1_466' title='bbox 3516 3185 3659 3238; x_wconf 88' lang='lat' dir='ltr'>istas</span> 
     </span>
    </p>
   </div>
   <div class='ocr_carea' id='block_1_61' title="bbox 252 3269 1897 3347">
    <p class='ocr_par' dir='ltr' id='par_1_61' title="bbox 252 3269 1897 3347">
     <span class='ocr_line' id='line_1_62' title="bbox 252 3269 1897 3347; baseline 0.006 -26"><span class='ocrx_word' id='word_1_467' title='bbox 252 3269 501 3337; x_wconf 88' lang='lat' dir='ltr'>corpori,</span> <span class='ocrx_word' id='word_1_468' title='bbox 519 3271 673 3339; x_wconf 91' lang='lat' dir='ltr'>quod</span> <span class='ocrx_word' id='word_1_469' title='bbox 697 3272 834 3327; x_wconf 91' lang='lat' dir='ltr'>inde</span> <span class='ocrx_word' id='word_1_470' title='bbox 859 3273 1197 3330; x_wconf 84' lang='lat' dir='ltr'>universum</span> <span class='ocrx_word' id='word_1_471' title='bbox 1222 3276 1897 3347; x_wconf 87' lang='lat' dir='ltr'>debilitaturenerveque</span> 
     </span>
    </p>
   </div>
   <div class='ocr_carea' id='block_1_62' title="bbox 250 3354 1896 3421">
    <p class='ocr_par' dir='ltr' id='par_1_62' title="bbox 250 3354 1896 3421">
     <span class='ocr_line' id='line_1_63' title="bbox 250 3354 1896 3421; baseline 0.008 -13"><span class='ocrx_word' id='word_1_472' title='bbox 250 3354 316 3407; x_wconf 87' lang='lat' dir='ltr'>fit</span> <span class='ocrx_word' id='word_1_473' title='bbox 348 3372 413 3412; x_wconf 88' lang='lat' dir='ltr'>ac</span> <span class='ocrx_word' id='word_1_474' title='bbox 444 3358 777 3415; x_wconf 90' lang='lat' dir='ltr'>ﬂaccidum.</span> <span class='ocrx_word' id='word_1_475' title='bbox 811 3362 1025 3418; x_wconf 86' lang='lat' dir='ltr'>Contra</span> <span class='ocrx_word' id='word_1_476' title='bbox 1066 3364 1251 3421; x_wconf 89' lang='lat' dir='ltr'>virtus</span> <span class='ocrx_word' id='word_1_477' title='bbox 1283 3369 1339 3420; x_wconf 89' lang='lat' dir='ltr'>et</span> <span class='ocrx_word' id='word_1_478' title='bbox 1386 3365 1537 3421; x_wconf 87' lang='lat' dir='ltr'>actio</span> <span class='ocrx_word' id='word_1_479' title='bbox 1583 3365 1896 3421; x_wconf 82' lang='lat' dir='ltr'>laudabilis</span> 
     </span>
    </p>
   </div>
   <div class='ocr_carea' id='block_1_63' title="bbox 250 3446 1895 3526">
    <p class='ocr_par' dir='ltr' id='par_1_63' title="bbox 250 3446 1895 3526">
     <span class='ocr_line' id='line_1_64' title="bbox 250 3446 1895 3526; baseline 0.007 -27"><span class='ocrx_word' id='word_1_480' title='bbox 250 3446 586 3519; x_wconf 89' lang='lat' dir='ltr'>principum</span> <span class='ocrx_word' id='word_1_481' title='bbox 620 3450 875 3507; x_wconf 89' lang='lat' dir='ltr'>virorum</span> <span class='ocrx_word' id='word_1_482' title='bbox 910 3452 1124 3508; x_wconf 91' lang='lat' dir='ltr'>similis</span> <span class='ocrx_word' id='word_1_483' title='bbox 1154 3460 1244 3509; x_wconf 88' lang='lat' dir='ltr'>est</span> <span class='ocrx_word' id='word_1_484' title='bbox 1292 3460 1490 3509; x_wconf 87' lang='lat' dir='ltr'>centro</span> <span class='ocrx_word' id='word_1_485' title='bbox 1522 3454 1747 3525; x_wconf 87' lang='lat' dir='ltr'>circuli,</span> <span class='ocrx_word' id='word_1_486' title='bbox 1781 3472 1895 3526; x_wconf 91' lang='lat' dir='ltr'>quo</span> 
     </span>
    </p>
   </div>
   <div class='ocr_carea' id='block_1_64' title="bbox 248 3541 1895 3615">
    <p class='ocr_par' dir='ltr' id='par_1_64' title="bbox 248 3541 1895 3615">
     <span class='ocr_line' id='line_1_65' title="bbox 248 3541 1895 3615; baseline 0.005 -26"><span class='ocrx_word' id='word_1_487' title='bbox 248 3541 405 3591; x_wconf 88' lang='lat' dir='ltr'>recte</span> <span class='ocrx_word' id='word_1_488' title='bbox 422 3542 727 3593; x_wconf 89' lang='lat' dir='ltr'>constante</span> <span class='ocrx_word' id='word_1_489' title='bbox 746 3556 809 3594; x_wconf 89' lang='lat' dir='ltr'>ac</span> <span class='ocrx_word' id='word_1_490' title='bbox 832 3543 1013 3596; x_wconf 88' lang='lat' dir='ltr'>situm</span> <span class='ocrx_word' id='word_1_491' title='bbox 1039 3543 1423 3597; x_wconf 88' lang='lat' dir='ltr'>immobiliter</span> <span class='ocrx_word' id='word_1_492' title='bbox 1445 3545 1742 3598; x_wconf 82' lang='lat' dir='ltr'>obtinente</span> <span class='ocrx_word' id='word_1_493' title='bbox 1765 3560 1895 3615; x_wconf 87' lang='lat' dir='ltr'>pro-</span> 
     </span>
    </p>
   </div>
   <div class='ocr_carea' id='block_1_65' title="bbox 248 3625 1897 3696">
    <p class='ocr_par' dir='ltr' id='par_1_65' title="bbox 248 3625 1897 3696">
     <span class='ocr_line' id='line_1_66' title="bbox 248 3625 1897 3696; baseline 0.006 -18"><span class='ocrx_word' id='word_1_494' title='bbox 248 3625 443 3696; x_wconf 91' lang='lat' dir='ltr'>prium</span> <span class='ocrx_word' id='word_1_495' title='bbox 476 3629 667 3682; x_wconf 87' lang='lat' dir='ltr'>status</span> <span class='ocrx_word' id='word_1_496' title='bbox 699 3628 858 3684; x_wconf 88' lang='lat' dir='ltr'>orbis</span> <span class='ocrx_word' id='word_1_497' title='bbox 890 3648 956 3685; x_wconf 87' lang='lat' dir='ltr'>ac</span> <span class='ocrx_word' id='word_1_498' title='bbox 1001 3630 1484 3687; x_wconf 63' lang='lat' dir='ltr'>circumferentia</span> <span class='ocrx_word' id='word_1_499' title='bbox 1534 3634 1714 3688; x_wconf 87' lang='lat' dir='ltr'>totius</span> <span class='ocrx_word' id='word_1_500' title='bbox 1746 3633 1897 3689; x_wconf 83' lang='lat' dir='ltr'>ﬁxus</span> 
     </span>
    </p>
   </div>
   <div class='ocr_carea' id='block_1_66' title="bbox 249 3714 1898 3792">
    <p class='ocr_par' dir='ltr' id='par_1_66' title="bbox 249 3714 1898 3792">
     <span class='ocr_line' id='line_1_67' title="bbox 249 3714 1898 3792; baseline 0.005 -25"><span class='ocrx_word' id='word_1_501' title='bbox 249 3730 315 3767; x_wconf 89' lang='lat' dir='ltr'>ac</span> <span class='ocrx_word' id='word_1_502' title='bbox 348 3714 527 3769; x_wconf 78' lang='lat' dir='ltr'>fimus</span> <span class='ocrx_word' id='word_1_503' title='bbox 579 3722 903 3785; x_wconf 87' lang='lat' dir='ltr'>permanet.</span> <span class='ocrx_word' id='word_1_504' title='bbox 938 3719 1249 3775; x_wconf 88' lang='lat' dir='ltr'>Enimvero</span> <span class='ocrx_word' id='word_1_505' title='bbox 1286 3720 1493 3791; x_wconf 91' lang='lat' dir='ltr'>quidni</span> <span class='ocrx_word' id='word_1_506' title='bbox 1526 3723 1751 3792; x_wconf 90' lang='lat' dir='ltr'>sperari</span> <span class='ocrx_word' id='word_1_507' title='bbox 1794 3723 1898 3775; x_wconf 86' lang='lat' dir='ltr'>de-</span> 
     </span>
    </p>
   </div>
   <div class='ocr_carea' id='block_1_67' title="bbox 249 3802 1898 3879">
    <p class='ocr_par' dir='ltr' id='par_1_67' title="bbox 249 3802 1898 3879">
     <span class='ocr_line' id='line_1_68' title="bbox 249 3802 1898 3879; baseline 0.006 -23"><span class='ocrx_word' id='word_1_508' title='bbox 249 3802 379 3857; x_wconf 91' lang='lat' dir='ltr'>buit</span> <span class='ocrx_word' id='word_1_509' title='bbox 400 3808 563 3857; x_wconf 87' lang='lat' dir='ltr'>tanta</span> <span class='ocrx_word' id='word_1_510' title='bbox 586 3806 967 3861; x_wconf 90' lang='lat' dir='ltr'>consiliorum</span> <span class='ocrx_word' id='word_1_511' title='bbox 992 3809 1282 3879; x_wconf 75' lang='lat' dir='ltr'>sapientia</span> <span class='ocrx_word' id='word_1_512' title='bbox 1305 3827 1551 3864; x_wconf 88' lang='lat' dir='ltr'>usurum</span> <span class='ocrx_word' id='word_1_513' title='bbox 1580 3813 1898 3866; x_wconf 85' lang='lat' dir='ltr'>moderate-</span> 
     </span>
    </p>
   </div>
   <div class='ocr_carea' id='block_1_68' title="bbox 252 3891 1897 3971">
    <p class='ocr_par' dir='ltr' id='par_1_68' title="bbox 252 3891 1897 3971">
     <span class='ocr_line' id='line_1_69' title="bbox 252 3891 1897 3971; baseline 0.006 -26"><span class='ocrx_word' id='word_1_514' title='bbox 252 3891 367 3946; x_wconf 90' lang='lat' dir='ltr'>hue</span> <span class='ocrx_word' id='word_1_515' title='bbox 400 3908 465 3947; x_wconf 90' lang='lat' dir='ltr'>ac</span> <span class='ocrx_word' id='word_1_516' title='bbox 500 3892 719 3949; x_wconf 88' lang='lat' dir='ltr'>utiliter</span> <span class='ocrx_word' id='word_1_517' title='bbox 748 3897 1137 3967; x_wconf 68' lang='lat' dir='ltr'>praefuturum</span> <span class='ocrx_word' id='word_1_518' title='bbox 1164 3899 1339 3954; x_wconf 88' lang='lat' dir='ltr'>rebus</span> <span class='ocrx_word' id='word_1_519' title='bbox 1360 3898 1527 3955; x_wconf 91' lang='lat' dir='ltr'>illum</span> <span class='ocrx_word' id='word_1_520' title='bbox 1552 3900 1897 3971; x_wconf 88' lang='lat' dir='ltr'>principem,</span> 
     </span>
    </p>
   </div>
   <div class='ocr_carea' id='block_1_69' title="bbox 255 3980 1897 4062">
    <p class='ocr_par' dir='ltr' id='par_1_69' title="bbox 255 3980 1897 4062">
     <span class='ocr_line' id='line_1_70' title="bbox 255 3980 1897 4062; baseline 0.006 -28"><span class='ocrx_word' id='word_1_521' title='bbox 255 3980 355 4050; x_wconf 91' lang='lat' dir='ltr'>qui</span> <span class='ocrx_word' id='word_1_522' title='bbox 388 3982 792 4040; x_wconf 88' lang='lat' dir='ltr'>rudimentum</span> <span class='ocrx_word' id='word_1_523' title='bbox 828 3986 1154 4057; x_wconf 88' lang='lat' dir='ltr'>imperandi</span> <span class='ocrx_word' id='word_1_524' title='bbox 1190 3990 1299 4045; x_wconf 84' lang='lat' dir='ltr'>sub</span> <span class='ocrx_word' id='word_1_525' title='bbox 1332 3989 1431 4044; x_wconf 88' lang='lat' dir='ltr'>tali</span> <span class='ocrx_word' id='word_1_526' title='bbox 1458 3993 1897 4062; x_wconf 86' lang='lat' dir='ltr'>tantoquejusti</span> 
     </span>
    </p>
   </div>
   <div class='ocr_carea' id='block_1_70' title="bbox 255 4070 1898 4152">
    <p class='ocr_par' dir='ltr' id='par_1_70' title="bbox 255 4070 1898 4152">
     <span class='ocr_line' id='line_1_71' title="bbox 255 4070 1898 4152; baseline 0.008 -30"><span class='ocrx_word' id='word_1_527' title='bbox 255 4070 562 4139; x_wconf 85' lang='lat' dir='ltr'>regiminis</span> <span class='ocrx_word' id='word_1_528' title='bbox 593 4076 894 4147; x_wconf 88' lang='lat' dir='ltr'>magistro,</span> <span class='ocrx_word' id='word_1_529' title='bbox 930 4082 1094 4148; x_wconf 90' lang='lat' dir='ltr'>patre</span> <span class='ocrx_word' id='word_1_530' title='bbox 1138 4079 1377 4149; x_wconf 87' lang='lat' dir='ltr'>optimo,</span> <span class='ocrx_word' id='word_1_531' title='bbox 1408 4081 1688 4150; x_wconf 87' lang='lat' dir='ltr'>posuerit,</span> <span class='ocrx_word' id='word_1_532' title='bbox 1720 4097 1750 4133; x_wconf 90' lang='lat' dir='ltr'>a</span> <span class='ocrx_word' id='word_1_533' title='bbox 1786 4098 1898 4152; x_wconf 91' lang='lat' dir='ltr'>quo</span> 
     </span>
    </p>
   </div>
   <div class='ocr_carea' id='block_1_71' title="bbox 254 4158 1898 4239">
    <p class='ocr_par' dir='ltr' id='par_1_71' title="bbox 254 4158 1898 4239">
     <span class='ocr_line' id='line_1_72' title="bbox 254 4158 1898 4239; baseline 0.008 -28"><span class='ocrx_word' id='word_1_534' title='bbox 254 4158 467 4214; x_wconf 88' lang='lat' dir='ltr'>unicus</span> <span class='ocrx_word' id='word_1_535' title='bbox 496 4161 631 4218; x_wconf 89' lang='lat' dir='ltr'>licet</span> <span class='ocrx_word' id='word_1_536' title='bbox 656 4170 713 4218; x_wconf 92' lang='lat' dir='ltr'>et</span> <span class='ocrx_word' id='word_1_537' title='bbox 741 4165 983 4222; x_wconf 88' lang='lat' dir='ltr'>adultus</span> <span class='ocrx_word' id='word_1_538' title='bbox 1016 4168 1173 4222; x_wconf 75' lang='lat' dir='ltr'>filius</span> <span class='ocrx_word' id='word_1_539' title='bbox 1205 4168 1262 4221; x_wconf 92' lang='lat' dir='ltr'>in</span> <span class='ocrx_word' id='word_1_540' title='bbox 1298 4168 1534 4239; x_wconf 66' lang='lat' dir='ltr'>privatae</span> <span class='ocrx_word' id='word_1_541' title='bbox 1566 4169 1742 4224; x_wconf 88' lang='lat' dir='ltr'>sortis</span> <span class='ocrx_word' id='word_1_542' title='bbox 1791 4170 1898 4223; x_wconf 90' lang='lat' dir='ltr'>hu-</span> 
     </span>
    </p>
   </div>
   <div class='ocr_carea' id='block_1_72' title="bbox 255 4249 1901 4328">
    <p class='ocr_par' dir='ltr' id='par_1_72' title="bbox 255 4249 1901 4328">
     <span class='ocr_line' id='line_1_73' title="bbox 255 4249 1901 4328; baseline 0.007 -27"><span class='ocrx_word' id='word_1_543' title='bbox 255 4249 504 4307; x_wconf 88' lang='lat' dir='ltr'>militate</span> <span class='ocrx_word' id='word_1_544' title='bbox 537 4252 802 4321; x_wconf 87' lang='lat' dir='ltr'>relictus,</span> <span class='ocrx_word' id='word_1_545' title='bbox 825 4256 1219 4328; x_wconf 78' lang='lat' dir='ltr'>exclusaeque</span> <span class='ocrx_word' id='word_1_546' title='bbox 1250 4260 1543 4314; x_wconf 88' lang='lat' dir='ltr'>consortio</span> <span class='ocrx_word' id='word_1_547' title='bbox 1568 4275 1633 4311; x_wconf 88' lang='lat' dir='ltr'>ac</span> <span class='ocrx_word' id='word_1_548' title='bbox 1666 4259 1901 4313; x_wconf 87' lang='lat' dir='ltr'>nomine</span> 
     </span>
    </p>
   </div>
   <div class='ocr_carea' id='block_1_73' title="bbox 253 4339 1898 4417">
    <p class='ocr_par' dir='ltr' id='par_1_73' title="bbox 253 4339 1898 4417">
     <span class='ocr_line' id='line_1_74' title="bbox 253 4339 1898 4417; baseline 0.005 -24"><span class='ocrx_word' id='word_1_549' title='bbox 253 4339 503 4410; x_wconf 87' lang='lat' dir='ltr'>imperii,</span> <span class='ocrx_word' id='word_1_550' title='bbox 538 4349 810 4400; x_wconf 87' lang='lat' dir='ltr'>accurate</span> <span class='ocrx_word' id='word_1_551' title='bbox 845 4345 1149 4413; x_wconf 86' lang='lat' dir='ltr'>otioseque</span> <span class='ocrx_word' id='word_1_552' title='bbox 1200 4347 1673 4417; x_wconf 63' lang='lat' dir='ltr'>praeexercitatus</span> <span class='ocrx_word' id='word_1_553' title='bbox 1723 4353 1811 4402; x_wconf 87' lang='lat' dir='ltr'>est</span> <span class='ocrx_word' id='word_1_554' title='bbox 1842 4350 1898 4402; x_wconf 91' lang='lat' dir='ltr'>in</span> 
     </span>
    </p>
   </div>
   <div class='ocr_carea' id='block_1_74' title="bbox 252 4430 1899 4507">
    <p class='ocr_par' dir='ltr' id='par_1_74' title="bbox 252 4430 1899 4507">
     <span class='ocr_line' id='line_1_75' title="bbox 252 4430 1899 4507; baseline 0.006 -24"><span class='ocrx_word' id='word_1_555' title='bbox 252 4430 532 4486; x_wconf 88' lang='lat' dir='ltr'>omnibus</span> <span class='ocrx_word' id='word_1_556' title='bbox 564 4432 1005 4490; x_wconf 86' lang='lat' dir='ltr'>meditamentis</span> <span class='ocrx_word' id='word_1_557' title='bbox 1036 4436 1180 4490; x_wconf 88' lang='lat' dir='ltr'>artis</span> <span class='ocrx_word' id='word_1_558' title='bbox 1224 4436 1389 4506; x_wconf 63' lang='lat' dir='ltr'>spisse</span> <span class='ocrx_word' id='word_1_559' title='bbox 1442 4452 1507 4491; x_wconf 90' lang='lat' dir='ltr'>ac</span> <span class='ocrx_word' id='word_1_560' title='bbox 1556 4437 1899 4507; x_wconf 84' lang='lat' dir='ltr'>multiplicis</span> 
     </span>
    </p>
   </div>
   <div class='ocr_carea' id='block_1_75' title="bbox 249 4518 841 4591">
    <p class='ocr_par' dir='ltr' id='par_1_75' title="bbox 249 4518 841 4591">
     <span class='ocr_line' id='line_1_76' title="bbox 249 4518 841 4591; baseline 0 -18"><span class='ocrx_word' id='word_1_561' title='bbox 249 4518 523 4574; x_wconf 83' lang='lat' dir='ltr'>homines</span> <span class='ocrx_word' id='word_1_562' title='bbox 554 4521 841 4591; x_wconf 81' lang='lat' dir='ltr'>regendi?</span> 
     </span>
    </p>
   </div>
   <div class='ocr_carea' id='block_1_76' title="bbox 254 4656 1895 4731">
    <p class='ocr_par' dir='ltr' id='par_1_76' title="bbox 254 4656 1895 4731">
     <span class='ocr_line' id='line_1_77' title="bbox 254 4656 1895 4731; baseline 0.003 -22"><span class='ocrx_word' id='word_1_563' title='bbox 254 4656 340 4709; x_wconf 80' lang='grc'><strong>14.</strong></span> <span class='ocrx_word' id='word_1_564' title='bbox 376 4656 438 4712; x_wconf 83' lang='lat' dir='ltr'>Ut</span> <span class='ocrx_word' id='word_1_565' title='bbox 469 4657 723 4713; x_wconf 71' lang='lat' dir='ltr'>Lascaris</span> <span class='ocrx_word' id='word_1_566' title='bbox 753 4674 792 4712; x_wconf 81' lang='grc' dir='ltr'>α</span> <span class='ocrx_word' id='word_1_567' title='bbox 816 4664 981 4730; x_wconf 77' lang='lat' dir='ltr'>patro</span> <span class='ocrx_word' id='word_1_568' title='bbox 1001 4661 1207 4713; x_wconf 82' lang='lat' dir='ltr'>Joanne</span> <span class='ocrx_word' id='word_1_569' title='bbox 1250 4659 1318 4714; x_wconf 77' lang='lat' dir='ltr'>ad</span> <span class='ocrx_word' id='word_1_570' title='bbox 1372 4662 1667 4731; x_wconf 61' lang='lat' dir='ltr'>imperiam</span> <span class='ocrx_word' id='word_1_571' title='bbox 1709 4662 1895 4715; x_wconf 83' lang='lat' dir='ltr'>erudi-</span> 
     </span>
    </p>
   </div>
   <div class='ocr_carea' id='block_1_77' title="bbox 908 4751 1239 4820">
    <p class='ocr_par' dir='ltr' id='par_1_77' title="bbox 908 4751 1239 4820">
     <span class='ocr_line' id='line_1_78' title="bbox 908 4751 1239 4820; baseline -0.003 -16"><span class='ocrx_word' id='word_1_572' title='bbox 908 4758 993 4805; x_wconf 77' lang='lat' dir='ltr'>tus</span> <span class='ocrx_word' id='word_1_573' title='bbox 1039 4751 1239 4820; x_wconf 78' lang='lat' dir='ltr'>fuerit.</span> 
     </span>
    </p>
   </div>
   <div class='ocr_carea' id='block_1_78' title="bbox 327 4851 1901 4929">
    <p class='ocr_par' dir='ltr' id='par_1_78' title="bbox 327 4851 1901 4929">
     <span class='ocr_line' id='line_1_79' title="bbox 327 4851 1901 4929; baseline 0.002 -22"><span class='ocrx_word' id='word_1_574' title='bbox 327 4851 473 4909; x_wconf 89' lang='lat' dir='ltr'>Huic</span> <span class='ocrx_word' id='word_1_575' title='bbox 505 4854 820 4925; x_wconf 91' lang='lat' dir='ltr'>aliquando</span> <span class='ocrx_word' id='word_1_576' title='bbox 853 4865 1127 4911; x_wconf 82' lang='lat' dir='ltr'>venatum</span> <span class='ocrx_word' id='word_1_577' title='bbox 1154 4873 1385 4929; x_wconf 82' lang='lat' dir='ltr'>egresso</span> <span class='ocrx_word' id='word_1_578' title='bbox 1409 4874 1542 4912; x_wconf 90' lang='lat' dir='ltr'>cum</span> <span class='ocrx_word' id='word_1_579' title='bbox 1572 4864 1727 4912; x_wconf 84' lang='lat' dir='ltr'>veste</span> <span class='ocrx_word' id='word_1_580' title='bbox 1760 4874 1901 4913; x_wconf 85' lang='lat' dir='ltr'>auro</span> 
     </span>
    </p>
   </div>
   <div class='ocr_carea' id='block_1_79' title="bbox 255 4944 1901 5018">
    <p class='ocr_par' dir='ltr' id='par_1_79' title="bbox 255 4944 1901 5018">
     <span class='ocr_line' id='line_1_80' title="bbox 255 4944 1901 5018; baseline 0.002 -23"><span class='ocrx_word' id='word_1_581' title='bbox 255 4946 431 5011; x_wconf 84' lang='lat' dir='ltr'>texta,</span> <span class='ocrx_word' id='word_1_582' title='bbox 462 4944 715 5014; x_wconf 89' lang='lat' dir='ltr'>indeque</span> <span class='ocrx_word' id='word_1_583' title='bbox 746 4946 988 5000; x_wconf 84' lang='lat' dir='ltr'>domum</span> <span class='ocrx_word' id='word_1_584' title='bbox 1024 4946 1306 5010; x_wconf 81' lang='lat' dir='ltr'>redeunti,</span> <span class='ocrx_word' id='word_1_585' title='bbox 1337 4948 1752 5001; x_wconf 87' lang='lat' dir='ltr'>occurritforte</span> <span class='ocrx_word' id='word_1_586' title='bbox 1796 4964 1901 5018; x_wconf 81' lang='lat' dir='ltr'>pa-</span> 
     </span>
    </p>
   </div>
   <div class='ocr_carea' id='block_1_80' title="bbox 257 5034 1899 5107">
    <p class='ocr_par' dir='ltr' id='par_1_80' title="bbox 257 5034 1899 5107">
     <span class='ocr_line' id='line_1_81' title="bbox 257 5034 1899 5107; baseline 0.003 -22"><span class='ocrx_word' id='word_1_587' title='bbox 257 5036 366 5098; x_wconf 91' lang='lat' dir='ltr'>ter,</span> <span class='ocrx_word' id='word_1_588' title='bbox 389 5035 445 5086; x_wconf 91' lang='lat' dir='ltr'>et</span> <span class='ocrx_word' id='word_1_589' title='bbox 466 5050 596 5086; x_wconf 89' lang='lat' dir='ltr'>eum</span> <span class='ocrx_word' id='word_1_590' title='bbox 620 5050 681 5088; x_wconf 89' lang='lat' dir='ltr'>se</span> <span class='ocrx_word' id='word_1_591' title='bbox 703 5034 1117 5090; x_wconf 86' lang='lat' dir='ltr'>dimississime</span> <span class='ocrx_word' id='word_1_592' title='bbox 1137 5044 1507 5091; x_wconf 87' lang='lat' dir='ltr'>venerantem</span> <span class='ocrx_word' id='word_1_593' title='bbox 1533 5053 1638 5092; x_wconf 91' lang='lat' dir='ltr'>nec</span> <span class='ocrx_word' id='word_1_594' title='bbox 1661 5042 1899 5107; x_wconf 85' lang='lat' dir='ltr'>aspectu</span> 
     </span>
    </p>
   </div>
   <div class='ocr_carea' id='block_1_81' title="bbox 258 5121 1898 5196">
    <p class='ocr_par' dir='ltr' id='par_1_81' title="bbox 258 5121 1898 5196">
     <span class='ocr_line' id='line_1_82' title="bbox 258 5121 1898 5196; baseline 0.004 -23"><span class='ocrx_word' id='word_1_595' title='bbox 258 5121 537 5191; x_wconf 82' lang='lat' dir='ltr'>dignatus</span> <span class='ocrx_word' id='word_1_596' title='bbox 570 5121 725 5177; x_wconf 88' lang='lat' dir='ltr'>velut</span> <span class='ocrx_word' id='word_1_597' title='bbox 757 5123 1195 5179; x_wconf 86' lang='lat' dir='ltr'>inobservatum</span> <span class='ocrx_word' id='word_1_598' title='bbox 1224 5126 1521 5195; x_wconf 65' lang='lat' dir='ltr'>praeteriit,</span> <span class='ocrx_word' id='word_1_599' title='bbox 1546 5143 1796 5196; x_wconf 80' lang='lat' dir='ltr'>moxque</span> <span class='ocrx_word' id='word_1_600' title='bbox 1830 5128 1898 5180; x_wconf 85' lang='lat' dir='ltr'>ab</span> 
     </span>
    </p>
   </div>
   <div class='ocr_carea' id='block_1_82' title="bbox 258 5211 1897 5286">
    <p class='ocr_par' dir='ltr' id='par_1_82' title="bbox 258 5211 1897 5286">
     <span class='ocr_line' id='line_1_83' title="bbox 258 5211 1897 5286; baseline 0.003 -23"><span class='ocrx_word' id='word_1_601' title='bbox 258 5211 509 5264; x_wconf 87' lang='lat' dir='ltr'>adeunte</span> <span class='ocrx_word' id='word_1_602' title='bbox 539 5213 921 5281; x_wconf 87' lang='lat' dir='ltr'>contemptim</span> <span class='ocrx_word' id='word_1_603' title='bbox 974 5230 1035 5267; x_wconf 82' lang='lat' dir='ltr'>se</span> <span class='ocrx_word' id='word_1_604' title='bbox 1068 5215 1296 5268; x_wconf 88' lang='lat' dir='ltr'>avertit.</span> <span class='ocrx_word' id='word_1_605' title='bbox 1334 5214 1542 5285; x_wconf 87' lang='lat' dir='ltr'>Capuit</span> <span class='ocrx_word' id='word_1_606' title='bbox 1582 5215 1637 5268; x_wconf 87' lang='lat' dir='ltr'>id</span> <span class='ocrx_word' id='word_1_607' title='bbox 1691 5216 1897 5286; x_wconf 80' lang='lat' dir='ltr'>frigus,</span> 
     </span>
    </p>
   </div>
   <div class='ocr_carea' id='block_1_83' title="bbox 256 5298 1899 5376">
    <p class='ocr_par' dir='ltr' id='par_1_83' title="bbox 256 5298 1899 5376">
     <span class='ocr_line' id='line_1_84' title="bbox 256 5298 1899 5376; baseline 0.003 -23"><span class='ocrx_word' id='word_1_608' title='bbox 256 5315 360 5353; x_wconf 88' lang='lat' dir='ltr'>nec</span> <span class='ocrx_word' id='word_1_609' title='bbox 396 5298 543 5353; x_wconf 62' lang='lat' dir='ltr'>male</span> <span class='ocrx_word' id='word_1_610' title='bbox 575 5300 980 5368; x_wconf 83' lang='lat' dir='ltr'>ratiocinatus,</span> <span class='ocrx_word' id='word_1_611' title='bbox 1005 5304 1265 5372; x_wconf 87' lang='lat' dir='ltr'>prudens</span> <span class='ocrx_word' id='word_1_612' title='bbox 1300 5303 1455 5359; x_wconf 81' lang='lat' dir='ltr'>filius</span> <span class='ocrx_word' id='word_1_613' title='bbox 1490 5304 1545 5357; x_wconf 89' lang='lat' dir='ltr'>in</span> <span class='ocrx_word' id='word_1_614' title='bbox 1581 5321 1899 5376; x_wconf 83' lang='lat' dir='ltr'>argumen-</span> 
     </span>
    </p>
   </div>
   <div class='ocr_carea' id='block_1_84' title="bbox 254 5386 1895 5463">
    <p class='ocr_par' dir='ltr' id='par_1_84' title="bbox 254 5386 1895 5463">
     <span class='ocr_line' id='line_1_85' title="bbox 254 5386 1895 5463; baseline 0.005 -23"><span class='ocrx_word' id='word_1_615' title='bbox 254 5392 377 5440; x_wconf 85' lang='lat' dir='ltr'>tum</span> <span class='ocrx_word' id='word_1_616' title='bbox 402 5386 555 5441; x_wconf 85' lang='lat' dir='ltr'>haud</span> <span class='ocrx_word' id='word_1_617' title='bbox 575 5388 816 5441; x_wconf 79' lang='lat' dir='ltr'>dubium</span> <span class='ocrx_word' id='word_1_618' title='bbox 838 5391 1162 5457; x_wconf 63' lang='lat' dir='ltr'>paternaain</span> <span class='ocrx_word' id='word_1_619' title='bbox 1187 5409 1248 5446; x_wconf 85' lang='lat' dir='ltr'>se</span> <span class='ocrx_word' id='word_1_620' title='bbox 1272 5392 1388 5447; x_wconf 65' lang='lat' dir='ltr'>iraa.</span> <span class='ocrx_word' id='word_1_621' title='bbox 1409 5392 1895 5463; x_wconf 82' lang='lat' dir='ltr'>Undepostquam</span> 
     </span>
    </p>
   </div>
   <div class='ocr_carea' id='block_1_85' title="bbox 251 5475 1897 5554">
    <p class='ocr_par' dir='ltr' id='par_1_85' title="bbox 251 5475 1897 5554">
     <span class='ocr_line' id='line_1_86' title="bbox 251 5475 1897 5554; baseline 0.005 -26"><span class='ocrx_word' id='word_1_622' title='bbox 251 5481 556 5529; x_wconf 68' lang='lat' dir='ltr'>aastuasset</span> <span class='ocrx_word' id='word_1_623' title='bbox 619 5475 965 5547; x_wconf 83' lang='lat' dir='ltr'>aliquandiu</span> <span class='ocrx_word' id='word_1_624' title='bbox 1029 5484 1084 5531; x_wconf 87' lang='lat' dir='ltr'>et</span> <span class='ocrx_word' id='word_1_625' title='bbox 1116 5496 1313 5534; x_wconf 85' lang='lat' dir='ltr'>severe</span> <span class='ocrx_word' id='word_1_626' title='bbox 1347 5498 1542 5535; x_wconf 86' lang='lat' dir='ltr'>secum</span> <span class='ocrx_word' id='word_1_627' title='bbox 1593 5483 1897 5554; x_wconf 78' lang='lat' dir='ltr'>inquirens</span> 
     </span>
    </p>
   </div>
   <div class='ocr_carea' id='block_1_86' title="bbox 248 5565 1893 5642">
    <p class='ocr_par' dir='ltr' id='par_1_86' title="bbox 248 5565 1893 5642">
     <span class='ocr_line' id='line_1_87' title="bbox 248 5565 1893 5642; baseline 0.003 -24"><span class='ocrx_word' id='word_1_628' title='bbox 248 5581 487 5619; x_wconf 85' lang='lat' dir='ltr'>causam</span> <span class='ocrx_word' id='word_1_629' title='bbox 522 5565 864 5620; x_wconf 83' lang='lat' dir='ltr'>offensionis</span> <span class='ocrx_word' id='word_1_630' title='bbox 891 5572 1105 5621; x_wconf 67' lang='lat' dir='ltr'>{rustra</span> <span class='ocrx_word' id='word_1_631' title='bbox 1132 5568 1187 5621; x_wconf 91' lang='lat' dir='ltr'>in</span> <span class='ocrx_word' id='word_1_632' title='bbox 1222 5586 1329 5623; x_wconf 86' lang='lat' dir='ltr'>sua</span> <span class='ocrx_word' id='word_1_633' title='bbox 1352 5571 1709 5626; x_wconf 81' lang='lat' dir='ltr'>conscientia</span> <span class='ocrx_word' id='word_1_634' title='bbox 1742 5590 1893 5642; x_wconf 64' lang='lat' dir='ltr'>quae-</span> 
     </span>
    </p>
   </div>
   <div class='ocr_carea' id='block_1_87' title="bbox 243 5653 1893 5725">
    <p class='ocr_par' dir='ltr' id='par_1_87' title="bbox 243 5653 1893 5725">
     <span class='ocr_line' id='line_1_88' title="bbox 243 5653 1893 5725; baseline 0.005 -18"><span class='ocrx_word' id='word_1_635' title='bbox 243 5653 462 5719; x_wconf 78' lang='lat' dir='ltr'>Siissot,</span> <span class='ocrx_word' id='word_1_636' title='bbox 482 5654 751 5723; x_wconf 79' lang='lat' dir='ltr'>privatim</span> <span class='ocrx_word' id='word_1_637' title='bbox 772 5662 990 5725; x_wconf 81' lang='lat' dir='ltr'>patrem</span> <span class='ocrx_word' id='word_1_638' title='bbox 1011 5657 1434 5712; x_wconf 78' lang='lat' dir='ltr'>convenitsane</span> <span class='ocrx_word' id='word_1_639' title='bbox 1477 5660 1764 5713; x_wconf 83' lang='lat' dir='ltr'>sollicitus</span> <span class='ocrx_word' id='word_1_640' title='bbox 1791 5680 1893 5715; x_wconf 81' lang='lat' dir='ltr'>nec</span> 
     </span>
    </p>
   </div>
   <div class='ocr_carea' id='block_1_88' title="bbox 255 5745 1886 5808">
    <p class='ocr_par' dir='ltr' id='par_1_88' title="bbox 255 5745 1886 5808">
     <span class='ocr_line' id='line_1_89' title="bbox 255 5745 1886 5808; baseline 0.006 -12"><span class='ocrx_word' id='word_1_641' title='bbox 255 5746 404 5802; x_wconf 81' lang='lat' dir='ltr'>Eetu</span> <span class='ocrx_word' id='word_1_642' title='bbox 443 5759 678 5799; x_wconf 67' lang='lat' dir='ltr'>vacuus.</span> <span class='ocrx_word' id='word_1_643' title='bbox 713 5750 894 5808; x_wconf 78' lang='lat' dir='ltr'>Quem</span> <span class='ocrx_word' id='word_1_644' title='bbox 930 5745 1024 5802; x_wconf 92' lang='lat' dir='ltr'>ille</span> <span class='ocrx_word' id='word_1_645' title='bbox 1058 5746 1257 5801; x_wconf 78' lang='lat' dir='ltr'>statim</span> <span class='ocrx_word' id='word_1_646' title='bbox 1306 5746 1377 5802; x_wconf 90' lang='lat' dir='ltr'>iis</span> <span class='ocrx_word' id='word_1_647' title='bbox 1433 5748 1668 5805; x_wconf 88' lang='lat' dir='ltr'>intuens</span> <span class='ocrx_word' id='word_1_648' title='bbox 1702 5751 1886 5806; x_wconf 88' lang='lat' dir='ltr'>oculis</span> 
     </span>
    </p>
   </div>
   <div class='ocr_carea' id='block_1_89' title="bbox 1934 4560 1981 4625">
    <p class='ocr_par' dir='ltr' id='par_1_89' title="bbox 1934 4560 1981 4625">
     <span class='ocr_line' id='line_1_90' title="bbox 1934 4560 1981 4625; baseline 0 0"><span class='ocrx_word' id='word_1_649' title='bbox 1934 4560 1981 4625; x_wconf 94' lang='lat' dir='ltr'><strong>D</strong></span> 
     </span>
    </p>
   </div>
   <div class='ocr_carea' id='block_1_90' title="bbox 2009 3272 3659 3346">
    <p class='ocr_par' dir='ltr' id='par_1_90' title="bbox 2009 3272 3659 3346">
     <span class='ocr_line' id='line_1_91' title="bbox 2009 3272 3659 3346; baseline -0.002 -17"><span class='ocrx_word' id='word_1_650' title='bbox 2009 3292 2150 3330; x_wconf 86' lang='lat' dir='ltr'>auro</span> <span class='ocrx_word' id='word_1_651' title='bbox 2185 3276 2444 3346; x_wconf 85' lang='lat' dir='ltr'>insignes</span> <span class='ocrx_word' id='word_1_652' title='bbox 2474 3280 2532 3329; x_wconf 88' lang='lat' dir='ltr'>et</span> <span class='ocrx_word' id='word_1_653' title='bbox 2562 3275 2780 3329; x_wconf 89' lang='lat' dir='ltr'>sericas</span> <span class='ocrx_word' id='word_1_654' title='bbox 2803 3280 2991 3330; x_wconf 88' lang='lat' dir='ltr'>vestes</span> <span class='ocrx_word' id='word_1_655' title='bbox 3014 3274 3364 3345; x_wconf 87' lang='lat' dir='ltr'>sanguinem</span> <span class='ocrx_word' id='word_1_656' title='bbox 3389 3289 3518 3331; x_wconf 86' lang='lat' dir='ltr'>esse</span> <span class='ocrx_word' id='word_1_657' title='bbox 3549 3272 3659 3326; x_wconf 83' lang='lat' dir='ltr'>Ro-</span> 
     </span>
    </p>
   </div>
   <div class='ocr_carea' id='block_1_91' title="bbox 2006 3361 3665 3435">
    <p class='ocr_par' dir='ltr' id='par_1_91' title="bbox 2006 3361 3665 3435">
     <span class='ocr_line' id='line_1_92' title="bbox 2006 3361 3665 3435; baseline -0.002 -16"><span class='ocrx_word' id='word_1_658' title='bbox 2006 3365 2564 3435; x_wconf 86' lang='lat' dir='ltr'>manorum;quibus</span> <span class='ocrx_word' id='word_1_659' title='bbox 2580 3363 2798 3419; x_wconf 90' lang='lat' dir='ltr'>idcirco</span> <span class='ocrx_word' id='word_1_660' title='bbox 2817 3364 2876 3418; x_wconf 91' lang='lat' dir='ltr'>in</span> <span class='ocrx_word' id='word_1_661' title='bbox 2891 3379 3091 3418; x_wconf 90' lang='lat' dir='ltr'>eorum</span> <span class='ocrx_word' id='word_1_662' title='bbox 3111 3368 3340 3418; x_wconf 87' lang='lat' dir='ltr'>tantum</span> <span class='ocrx_word' id='word_1_663' title='bbox 3356 3361 3665 3417; x_wconf 86' lang='lat' dir='ltr'>commoda</span> 
     </span>
    </p>
   </div>
   <div class='ocr_carea' id='block_1_92' title="bbox 2007 3452 3663 3523">
    <p class='ocr_par' dir='ltr' id='par_1_92' title="bbox 2007 3452 3663 3523">
     <span class='ocr_line' id='line_1_93' title="bbox 2007 3452 3663 3523; baseline -0.001 -16"><span class='ocrx_word' id='word_1_664' title='bbox 2007 3455 2291 3508; x_wconf 89' lang='lat' dir='ltr'>utendum</span> <span class='ocrx_word' id='word_1_665' title='bbox 2319 3458 2426 3519; x_wconf 90' lang='lat' dir='ltr'>est,</span> <span class='ocrx_word' id='word_1_666' title='bbox 2446 3470 2579 3508; x_wconf 91' lang='lat' dir='ltr'>cum</span> <span class='ocrx_word' id='word_1_667' title='bbox 2606 3470 2697 3507; x_wconf 86' lang='lat' dir='ltr'>res</span> <span class='ocrx_word' id='word_1_668' title='bbox 2719 3454 2985 3523; x_wconf 84' lang='lat' dir='ltr'>ipsorum</span> <span class='ocrx_word' id='word_1_669' title='bbox 3007 3453 3166 3507; x_wconf 84' lang='lat' dir='ltr'>sint?</span> <span class='ocrx_word' id='word_1_670' title='bbox 3186 3453 3422 3515; x_wconf 69' lang='lat' dir='ltr'>Quaeres</span> <span class='ocrx_word' id='word_1_671' title='bbox 3449 3452 3663 3507; x_wconf 86' lang='lat' dir='ltr'>fortas-</span> 
     </span>
    </p>
   </div>
   <div class='ocr_carea' id='block_1_93' title="bbox 2006 3540 3661 3613">
    <p class='ocr_par' dir='ltr' id='par_1_93' title="bbox 2006 3540 3661 3613">
     <span class='ocr_line' id='line_1_94' title="bbox 2006 3540 3661 3613; baseline -0.002 -16"><span class='ocrx_word' id='word_1_672' title='bbox 2006 3558 2067 3597; x_wconf 89' lang='lat' dir='ltr'>se</span> <span class='ocrx_word' id='word_1_673' title='bbox 2096 3542 2332 3613; x_wconf 89' lang='lat' dir='ltr'>quando</span> <span class='ocrx_word' id='word_1_674' title='bbox 2355 3546 2410 3595; x_wconf 82' lang='lat' dir='ltr'>ct</span> <span class='ocrx_word' id='word_1_675' title='bbox 2435 3543 2726 3612; x_wconf 90' lang='lat' dir='ltr'>quomodo</span> <span class='ocrx_word' id='word_1_676' title='bbox 2754 3540 2864 3595; x_wconf 62' lang='lat' dir='ltr'>illa;</span> <span class='ocrx_word' id='word_1_677' title='bbox 2887 3541 2946 3595; x_wconf 90' lang='lat' dir='ltr'>in</span> <span class='ocrx_word' id='word_1_678' title='bbox 2970 3542 3233 3611; x_wconf 88' lang='lat' dir='ltr'>ipsorum</span> <span class='ocrx_word' id='word_1_679' title='bbox 3254 3541 3475 3595; x_wconf 91' lang='lat' dir='ltr'>bonum</span> <span class='ocrx_word' id='word_1_680' title='bbox 3493 3556 3661 3595; x_wconf 90' lang='lat' dir='ltr'>usur-</span> 
     </span>
    </p>
   </div>
   <div class='ocr_carea' id='block_1_94' title="bbox 2006 3630 3659 3703">
    <p class='ocr_par' dir='ltr' id='par_1_94' title="bbox 2006 3630 3659 3703">
     <span class='ocr_line' id='line_1_95' title="bbox 2006 3630 3659 3703; baseline -0.002 -17"><span class='ocrx_word' id='word_1_681' title='bbox 2006 3637 2221 3703; x_wconf 87' lang='lat' dir='ltr'>pentur</span> <span class='ocrx_word' id='word_1_682' title='bbox 2243 3632 2269 3685; x_wconf 88' lang='lat'><strong>?</strong></span> <span class='ocrx_word' id='word_1_683' title='bbox 2288 3635 2367 3684; x_wconf 93' lang='lat' dir='ltr'>Tu</span> <span class='ocrx_word' id='word_1_684' title='bbox 2380 3648 2449 3685; x_wconf 92' lang='lat' dir='ltr'>nc</span> <span class='ocrx_word' id='word_1_685' title='bbox 2480 3630 2752 3687; x_wconf 88' lang='lat' dir='ltr'>videlicet</span> <span class='ocrx_word' id='word_1_686' title='bbox 2774 3631 3011 3701; x_wconf 84' lang='lat' dir='ltr'>quando</span> <span class='ocrx_word' id='word_1_687' title='bbox 3034 3630 3299 3685; x_wconf 84' lang='lat' dir='ltr'>admissa</span> <span class='ocrx_word' id='word_1_688' title='bbox 3322 3635 3659 3685; x_wconf 84' lang='lat' dir='ltr'>exterarum</span> 
     </span>
    </p>
   </div>
   <div class='ocr_carea' id='block_1_95' title="bbox 2006 3719 3659 3794">
    <p class='ocr_par' dir='ltr' id='par_1_95' title="bbox 2006 3719 3659 3794">
     <span class='ocr_line' id='line_1_96' title="bbox 2006 3719 3659 3794; baseline -0.002 -19"><span class='ocrx_word' id='word_1_689' title='bbox 2006 3721 2269 3794; x_wconf 86' lang='lat' dir='ltr'>gentium</span> <span class='ocrx_word' id='word_1_690' title='bbox 2303 3720 2591 3791; x_wconf 82' lang='lat' dir='ltr'>legatione</span> <span class='ocrx_word' id='word_1_691' title='bbox 2630 3720 2875 3775; x_wconf 83' lang='lat' dir='ltr'>Romani</span> <span class='ocrx_word' id='word_1_692' title='bbox 2926 3719 3127 3790; x_wconf 89' lang='lat' dir='ltr'>populi</span> <span class='ocrx_word' id='word_1_693' title='bbox 3177 3734 3317 3789; x_wconf 90' lang='lat' dir='ltr'>opes</span> <span class='ocrx_word' id='word_1_694' title='bbox 3370 3719 3659 3773; x_wconf 89' lang='lat' dir='ltr'>ostentari</span> 
     </span>
    </p>
   </div>
   <div class='ocr_carea' id='block_1_96' title="bbox 2006 3806 3655 3880">
    <p class='ocr_par' dir='ltr' id='par_1_96' title="bbox 2006 3806 3655 3880">
     <span class='ocr_line' id='line_1_97' title="bbox 2006 3806 3655 3880; baseline -0.004 -13"><span class='ocrx_word' id='word_1_695' title='bbox 2006 3813 2067 3867; x_wconf 88' lang='lat' dir='ltr'>in</span> <span class='ocrx_word' id='word_1_696' title='bbox 2087 3809 2247 3866; x_wconf 92' lang='lat' dir='ltr'>cultu</span> <span class='ocrx_word' id='word_1_697' title='bbox 2272 3814 2327 3864; x_wconf 91' lang='lat' dir='ltr'>et</span> <span class='ocrx_word' id='word_1_698' title='bbox 2348 3814 2557 3864; x_wconf 86' lang='lat' dir='ltr'>ornatu</span> <span class='ocrx_word' id='word_1_699' title='bbox 2581 3807 2862 3880; x_wconf 89' lang='lat' dir='ltr'>principis</span> <span class='ocrx_word' id='word_1_700' title='bbox 2880 3808 3099 3879; x_wconf 89' lang='lat' dir='ltr'>publici</span> <span class='ocrx_word' id='word_1_701' title='bbox 3123 3806 3365 3863; x_wconf 90' lang='lat' dir='ltr'>honoris</span> <span class='ocrx_word' id='word_1_702' title='bbox 3386 3806 3655 3872; x_wconf 88' lang='lat' dir='ltr'>interest,</span> 
     </span>
    </p>
   </div>
   <div class='ocr_carea' id='block_1_97' title="bbox 2008 3897 3655 3972">
    <p class='ocr_par' dir='ltr' id='par_1_97' title="bbox 2008 3897 3655 3972">
     <span class='ocr_line' id='line_1_98' title="bbox 2008 3897 3655 3972; baseline -0.002 -17"><span class='ocrx_word' id='word_1_703' title='bbox 2008 3902 2225 3955; x_wconf 66' lang='lat' dir='ltr'>divitiae</span> <span class='ocrx_word' id='word_1_704' title='bbox 2258 3902 2554 3970; x_wconf 86' lang='lat' dir='ltr'>siquidem</span> <span class='ocrx_word' id='word_1_705' title='bbox 2590 3916 2792 3972; x_wconf 86' lang='lat' dir='ltr'>regum</span> <span class='ocrx_word' id='word_1_706' title='bbox 2827 3898 3039 3954; x_wconf 66' lang='lat' dir='ltr'>divitiae</span> <span class='ocrx_word' id='word_1_707' title='bbox 3068 3897 3443 3953; x_wconf 89' lang='lat' dir='ltr'>subditorum</span> <span class='ocrx_word' id='word_1_708' title='bbox 3474 3913 3655 3967; x_wconf 88' lang='lat' dir='ltr'>repu-</span> 
     </span>
    </p>
   </div>
   <div class='ocr_carea' id='block_1_98' title="bbox 2008 3986 3658 4059">
    <p class='ocr_par' dir='ltr' id='par_1_98' title="bbox 2008 3986 3658 4059">
     <span class='ocr_line' id='line_1_99' title="bbox 2008 3986 3658 4059; baseline -0.003 -13"><span class='ocrx_word' id='word_1_709' title='bbox 2008 3995 2227 4046; x_wconf 88' lang='lat' dir='ltr'>tantur.</span> <span class='ocrx_word' id='word_1_710' title='bbox 2256 3990 2429 4045; x_wconf 80' lang='lat' dir='ltr'>Extra</span> <span class='ocrx_word' id='word_1_711' title='bbox 2460 4005 2635 4059; x_wconf 87' lang='lat' dir='ltr'>quam</span> <span class='ocrx_word' id='word_1_712' title='bbox 2669 4005 2908 4044; x_wconf 86' lang='lat' dir='ltr'>causam</span> <span class='ocrx_word' id='word_1_713' title='bbox 2935 3986 3172 4058; x_wconf 85' lang='lat' dir='ltr'>publica</span> <span class='ocrx_word' id='word_1_714' title='bbox 3193 3986 3450 4059; x_wconf 88' lang='lat' dir='ltr'>insignia</span> <span class='ocrx_word' id='word_1_715' title='bbox 3472 3987 3658 4057; x_wconf 86' lang='lat' dir='ltr'>maje-</span> 
     </span>
    </p>
   </div>
   <div class='ocr_carea' id='block_1_99' title="bbox 2009 4075 3658 4149">
    <p class='ocr_par' dir='ltr' id='par_1_99' title="bbox 2009 4075 3658 4149">
     <span class='ocr_line' id='line_1_100' title="bbox 2009 4075 3658 4149; baseline -0.003 -15"><span class='ocrx_word' id='word_1_716' title='bbox 2009 4080 2182 4135; x_wconf 88' lang='lat' dir='ltr'>statis</span> <span class='ocrx_word' id='word_1_717' title='bbox 2215 4079 2285 4133; x_wconf 88' lang='lat' dir='ltr'>ad</span> <span class='ocrx_word' id='word_1_718' title='bbox 2316 4080 2570 4149; x_wconf 85' lang='lat' dir='ltr'>privatas</span> <span class='ocrx_word' id='word_1_719' title='bbox 2601 4077 2777 4133; x_wconf 86' lang='lat' dir='ltr'>etiam</span> <span class='ocrx_word' id='word_1_720' title='bbox 2826 4076 3215 4132; x_wconf 82' lang='lat' dir='ltr'>relaxationes</span> <span class='ocrx_word' id='word_1_721' title='bbox 3269 4075 3566 4143; x_wconf 87' lang='lat' dir='ltr'>adhibere,</span> <span class='ocrx_word' id='word_1_722' title='bbox 3601 4075 3658 4129; x_wconf 91' lang='lat' dir='ltr'>id</span> 
     </span>
    </p>
   </div>
   <div class='ocr_carea' id='block_1_100' title="bbox 2009 4164 3656 4235">
    <p class='ocr_par' dir='ltr' id='par_1_100' title="bbox 2009 4164 3656 4235">
     <span class='ocr_line' id='line_1_101' title="bbox 2009 4164 3656 4235; baseline -0.002 -14"><span class='ocrx_word' id='word_1_723' title='bbox 2009 4185 2143 4223; x_wconf 85' lang='lat' dir='ltr'>vero</span> <span class='ocrx_word' id='word_1_724' title='bbox 2176 4168 2255 4222; x_wconf 91' lang='lat' dir='ltr'>sit</span> <span class='ocrx_word' id='word_1_725' title='bbox 2284 4168 2591 4222; x_wconf 90' lang='lat' dir='ltr'>dominum</span> <span class='ocrx_word' id='word_1_726' title='bbox 2645 4183 2707 4221; x_wconf 88' lang='lat' dir='ltr'>se</span> <span class='ocrx_word' id='word_1_727' title='bbox 2760 4172 3091 4220; x_wconf 82' lang='lat' dir='ltr'>monstrare</span> <span class='ocrx_word' id='word_1_728' title='bbox 3140 4182 3255 4220; x_wconf 89' lang='lat' dir='ltr'>non</span> <span class='ocrx_word' id='word_1_729' title='bbox 3309 4164 3656 4235; x_wconf 87' lang='lat' dir='ltr'>principem,</span> 
     </span>
    </p>
   </div>
   <div class='ocr_carea' id='block_1_101' title="bbox 2011 4252 3657 4328">
    <p class='ocr_par' dir='ltr' id='par_1_101' title="bbox 2011 4252 3657 4328">
     <span class='ocr_line' id='line_1_102' title="bbox 2011 4252 3657 4328; baseline -0.004 -15"><span class='ocrx_word' id='word_1_730' title='bbox 2011 4264 2067 4313; x_wconf 89' lang='lat' dir='ltr'>et</span> <span class='ocrx_word' id='word_1_731' title='bbox 2098 4258 2267 4328; x_wconf 85' lang='lat' dir='ltr'>quasi</span> <span class='ocrx_word' id='word_1_732' title='bbox 2299 4258 2641 4312; x_wconf 87' lang='lat' dir='ltr'>servitutem</span> <span class='ocrx_word' id='word_1_733' title='bbox 2675 4256 2933 4311; x_wconf 89' lang='lat' dir='ltr'>indicere</span> <span class='ocrx_word' id='word_1_734' title='bbox 2964 4254 3207 4320; x_wconf 89' lang='lat' dir='ltr'>civibus,</span> <span class='ocrx_word' id='word_1_735' title='bbox 3231 4254 3488 4325; x_wconf 90' lang='lat' dir='ltr'>quicum</span> <span class='ocrx_word' id='word_1_736' title='bbox 3514 4252 3657 4307; x_wconf 87' lang='lat' dir='ltr'>libe-</span> 
     </span>
    </p>
   </div>
   <div class='ocr_carea' id='block_1_102' title="bbox 2011 4342 3655 4423">
    <p class='ocr_par' dir='ltr' id='par_1_102' title="bbox 2011 4342 3655 4423">
     <span class='ocr_line' id='line_1_103' title="bbox 2011 4342 3655 4423; baseline -0.004 -21"><span class='ocrx_word' id='word_1_737' title='bbox 2011 4364 2106 4423; x_wconf 87' lang='lat' dir='ltr'>ros</span> <span class='ocrx_word' id='word_1_738' title='bbox 2138 4364 2198 4401; x_wconf 88' lang='lat' dir='ltr'>se</span> <span class='ocrx_word' id='word_1_739' title='bbox 2232 4350 2439 4417; x_wconf 88' lang='lat' dir='ltr'>putent</span> <span class='ocrx_word' id='word_1_740' title='bbox 2470 4350 2526 4400; x_wconf 89' lang='lat' dir='ltr'>et</span> <span class='ocrx_word' id='word_1_741' title='bbox 2557 4344 2757 4399; x_wconf 86' lang='lat' dir='ltr'>haberi</span> <span class='ocrx_word' id='word_1_742' title='bbox 2792 4343 2995 4409; x_wconf 88' lang='lat' dir='ltr'>velint,</span> <span class='ocrx_word' id='word_1_743' title='bbox 3026 4344 3140 4399; x_wconf 86' lang='lat' dir='ltr'>ista</span> <span class='ocrx_word' id='word_1_744' title='bbox 3169 4343 3418 4399; x_wconf 88' lang='lat' dir='ltr'>vestium</span> <span class='ocrx_word' id='word_1_745' title='bbox 3454 4342 3655 4397; x_wconf 84' lang='lat' dir='ltr'>odiosa</span> 
     </span>
    </p>
   </div>
   <div class='ocr_carea' id='block_1_103' title="bbox 2012 4430 3662 4507">
    <p class='ocr_par' dir='ltr' id='par_1_103' title="bbox 2012 4430 3662 4507">
     <span class='ocr_line' id='line_1_104' title="bbox 2012 4430 3662 4507; baseline -0.004 -16"><span class='ocrx_word' id='word_1_746' title='bbox 2012 4436 2288 4507; x_wconf 81' lang='lat' dir='ltr'>superbia</span> <span class='ocrx_word' id='word_1_747' title='bbox 2309 4452 2438 4491; x_wconf 90' lang='lat' dir='ltr'>esse</span> <span class='ocrx_word' id='word_1_748' title='bbox 2459 4434 2614 4489; x_wconf 91' lang='lat' dir='ltr'>velut</span> <span class='ocrx_word' id='word_1_749' title='bbox 2641 4434 2701 4489; x_wconf 91' lang='lat' dir='ltr'>in</span> <span class='ocrx_word' id='word_1_750' title='bbox 2729 4434 3161 4505; x_wconf 87' lang='lat' dir='ltr'>mancipiorum</span> <span class='ocrx_word' id='word_1_751' title='bbox 3184 4433 3449 4488; x_wconf 90' lang='lat' dir='ltr'>ordinem</span> <span class='ocrx_word' id='word_1_752' title='bbox 3471 4430 3662 4502; x_wconf 74' lang='lat' dir='ltr'>redigi</span> 
     </span>
    </p>
   </div>
   <div class='ocr_carea' id='block_1_104' title="bbox 2012 4521 3661 4594">
    <p class='ocr_par' dir='ltr' id='par_1_104' title="bbox 2012 4521 3661 4594">
     <span class='ocr_line' id='line_1_105' title="bbox 2012 4521 3661 4594; baseline -0.004 -13"><span class='ocrx_word' id='word_1_753' title='bbox 2012 4527 2369 4581; x_wconf 86' lang='lat' dir='ltr'>detestantes</span> <span class='ocrx_word' id='word_1_754' title='bbox 2384 4526 2621 4594; x_wconf 87' lang='lat' dir='ltr'>indigna</span> <span class='ocrx_word' id='word_1_755' title='bbox 2635 4529 2880 4594; x_wconf 82' lang='lat' dir='ltr'>ntesque</span> <span class='ocrx_word' id='word_1_756' title='bbox 2893 4526 3347 4593; x_wconf 88' lang='lat' dir='ltr'>conquerentur.</span> <span class='ocrx_word' id='word_1_757' title='bbox 3364 4521 3515 4576; x_wconf 89' lang='lat' dir='ltr'>Num</span> <span class='ocrx_word' id='word_1_758' title='bbox 3533 4523 3661 4590; x_wconf 87' lang='lat' dir='ltr'>jam</span> 
     </span>
    </p>
   </div>
   <div class='ocr_carea' id='block_1_105' title="bbox 2014 4609 3659 4685">
    <p class='ocr_par' dir='ltr' id='par_1_105' title="bbox 2014 4609 3659 4685">
     <span class='ocr_line' id='line_1_106' title="bbox 2014 4609 3659 4685; baseline -0.004 -15"><span class='ocrx_word' id='word_1_759' title='bbox 2014 4615 2193 4683; x_wconf 76' lang='lat' dir='ltr'>igitur</span> <span class='ocrx_word' id='word_1_760' title='bbox 2213 4613 2517 4685; x_wconf 77' lang='lat' dir='ltr'>intelligis,</span> <span class='ocrx_word' id='word_1_761' title='bbox 2535 4614 2649 4669; x_wconf 81' lang='lat' dir='ltr'>ista</span> <span class='ocrx_word' id='word_1_762' title='bbox 2670 4612 2903 4667; x_wconf 85' lang='lat' dir='ltr'>levitate</span> <span class='ocrx_word' id='word_1_763' title='bbox 2926 4611 3176 4667; x_wconf 88' lang='lat' dir='ltr'>traducti</span> <span class='ocrx_word' id='word_1_764' title='bbox 3200 4611 3269 4666; x_wconf 87' lang='lat' dir='ltr'>ad</span> <span class='ocrx_word' id='word_1_765' title='bbox 3292 4609 3659 4665; x_wconf 77' lang='lat' dir='ltr'>venatoriam</span> 
     </span>
    </p>
   </div>
   <div class='ocr_carea' id='block_1_106' title="bbox 2016 4697 3650 4773">
    <p class='ocr_par' dir='ltr' id='par_1_106' title="bbox 2016 4697 3650 4773">
     <span class='ocr_line' id='line_1_107' title="bbox 2016 4697 3650 4773; baseline -0.005 -13"><span class='ocrx_word' id='word_1_766' title='bbox 2016 4722 2192 4760; x_wconf 87' lang='lat' dir='ltr'>usum</span> <span class='ocrx_word' id='word_1_767' title='bbox 2227 4704 2367 4773; x_wconf 80' lang='lat' dir='ltr'>regii</span> <span class='ocrx_word' id='word_1_768' title='bbox 2401 4708 2643 4758; x_wconf 88' lang='lat' dir='ltr'>ornatus</span> <span class='ocrx_word' id='word_1_769' title='bbox 2676 4706 2965 4772; x_wconf 87' lang='lat' dir='ltr'>quantum</span> <span class='ocrx_word' id='word_1_770' title='bbox 3000 4699 3205 4771; x_wconf 87' lang='lat' dir='ltr'>ﬂagitii</span> <span class='ocrx_word' id='word_1_771' title='bbox 3236 4697 3650 4755; x_wconf 83' lang='lat' dir='ltr'>consciveris?»</span> 
     </span>
    </p>
   </div>
   <div class='ocr_carea' id='block_1_107' title="bbox 2014 4789 3665 4859">
    <p class='ocr_par' dir='ltr' id='par_1_107' title="bbox 2014 4789 3665 4859">
     <span class='ocr_line' id='line_1_108' title="bbox 2014 4789 3665 4859; baseline -0.005 -11"><span class='ocrx_word' id='word_1_772' title='bbox 2014 4793 2353 4848; x_wconf 83' lang='lat' dir='ltr'>Istiusmodi</span> <span class='ocrx_word' id='word_1_773' title='bbox 2388 4792 2653 4859; x_wconf 87' lang='lat' dir='ltr'>monitis,</span> <span class='ocrx_word' id='word_1_774' title='bbox 2685 4791 2795 4845; x_wconf 90' lang='lat' dir='ltr'>hac</span> <span class='ocrx_word' id='word_1_775' title='bbox 2847 4789 3221 4844; x_wconf 86' lang='lat' dir='ltr'>histitutione</span> <span class='ocrx_word' id='word_1_776' title='bbox 3281 4793 3402 4842; x_wconf 88' lang='lat' dir='ltr'>tam</span> <span class='ocrx_word' id='word_1_777' title='bbox 3465 4803 3665 4841; x_wconf 85' lang='lat' dir='ltr'>severa</span> 
     </span>
    </p>
   </div>
   <div class='ocr_carea' id='block_1_108' title="bbox 2015 4878 3662 4952">
    <p class='ocr_par' dir='ltr' id='par_1_108' title="bbox 2015 4878 3662 4952">
     <span class='ocr_line' id='line_1_109' title="bbox 2015 4878 3662 4952; baseline -0.004 -15"><span class='ocrx_word' id='word_1_778' title='bbox 2015 4882 2438 4952; x_wconf 71' lang='lat' dir='ltr'>iltEr&#39;eSlmpCI‘ii</span> <span class='ocrx_word' id='word_1_779' title='bbox 2458 4900 2490 4935; x_wconf 72' lang='grc' dir='ltr'>θ.</span> <span class='ocrx_word' id='word_1_780' title='bbox 2507 4885 2667 4951; x_wconf 86' lang='lat' dir='ltr'>patre</span> <span class='ocrx_word' id='word_1_781' title='bbox 2684 4880 2903 4950; x_wconf 89' lang='lat' dir='ltr'>optimo</span> <span class='ocrx_word' id='word_1_782' title='bbox 2924 4880 2994 4933; x_wconf 86' lang='lat' dir='ltr'>ad</span> <span class='ocrx_word' id='word_1_783' title='bbox 3021 4878 3384 4932; x_wconf 88' lang='lat' dir='ltr'>moderatam</span> <span class='ocrx_word' id='word_1_784' title='bbox 3403 4880 3460 4931; x_wconf 88' lang='lat' dir='ltr'>et</span> <span class='ocrx_word' id='word_1_785' title='bbox 3480 4891 3662 4946; x_wconf 90' lang='lat' dir='ltr'>popu-</span> 
     </span>
    </p>
   </div>
   <div class='ocr_carea' id='block_1_109' title="bbox 2012 4965 3657 5043">
    <p class='ocr_par' dir='ltr' id='par_1_109' title="bbox 2012 4965 3657 5043">
     <span class='ocr_line' id='line_1_110' title="bbox 2012 4965 3657 5043; baseline -0.004 -17"><span class='ocrx_word' id='word_1_786' title='bbox 2012 4972 2194 5027; x_wconf 88' lang='lat' dir='ltr'>larem</span> <span class='ocrx_word' id='word_1_787' title='bbox 2220 4972 2583 5043; x_wconf 89' lang='lat' dir='ltr'>principatus</span> <span class='ocrx_word' id='word_1_788' title='bbox 2606 4967 3181 5024; x_wconf 84' lang='lat' dir='ltr'>administrationem</span> <span class='ocrx_word' id='word_1_789' title='bbox 3206 4965 3657 5020; x_wconf 85' lang='lat' dir='ltr'>informabatur.</span> 
     </span>
    </p>
   </div>
   <div class='ocr_carea' id='block_1_110' title="bbox 2014 5098 3662 5177">
    <p class='ocr_par' dir='ltr' id='par_1_110' title="bbox 2014 5098 3662 5177">
     <span class='ocr_line' id='line_1_111' title="bbox 2014 5098 3662 5177; baseline -0.004 -17"><span class='ocrx_word' id='word_1_790' title='bbox 2014 5107 2099 5161; x_wconf 87' lang='grc'>15.</span> <span class='ocrx_word' id='word_1_791' title='bbox 2139 5108 2198 5163; x_wconf 82' lang='lat' dir='ltr'>Ut</span> <span class='ocrx_word' id='word_1_792' title='bbox 2227 5103 2635 5177; x_wconf 66' lang='lat' dir='ltr'>provestiarius</span> <span class='ocrx_word' id='word_1_793' title='bbox 2667 5102 2917 5156; x_wconf 73' lang='lat' dir='ltr'>Mumion</span> <span class='ocrx_word' id='word_1_794' title='bbox 2955 5102 3120 5171; x_wconf 72' lang='lat' dir='ltr'>pueri</span> <span class='ocrx_word' id='word_1_795' title='bbox 3172 5098 3448 5171; x_wconf 76' lang='lat' dir='ltr'>principis</span> <span class='ocrx_word' id='word_1_796' title='bbox 3492 5101 3662 5154; x_wconf 84' lang='lat' dir='ltr'>Joan-</span> 
     </span>
    </p>
   </div>
   <div class='ocr_carea' id='block_1_111' title="bbox 2480 5189 3186 5260">
    <p class='ocr_par' dir='ltr' id='par_1_111' title="bbox 2480 5189 3186 5260">
     <span class='ocr_line' id='line_1_112' title="bbox 2480 5189 3186 5260; baseline -0.008 -12"><span class='ocrx_word' id='word_1_797' title='bbox 2480 5196 2569 5248; x_wconf 78' lang='lat' dir='ltr'>m&#39;s</span> <span class='ocrx_word' id='word_1_798' title='bbox 2602 5192 2830 5247; x_wconf 76' lang='lat' dir='ltr'>tutelam</span> <span class='ocrx_word' id='word_1_799' title='bbox 2861 5189 3186 5260; x_wconf 77' lang='lat' dir='ltr'>susceperit.</span> 
     </span>
    </p>
   </div>
   <div class='ocr_carea' id='block_1_112' title="bbox 2084 5296 3663 5375">
    <p class='ocr_par' dir='ltr' id='par_1_112' title="bbox 2084 5296 3663 5375">
     <span class='ocr_line' id='line_1_113' title="bbox 2084 5296 3663 5375; baseline -0.006 -15"><span class='ocrx_word' id='word_1_800' title='bbox 2084 5306 2197 5360; x_wconf 88' lang='lat' dir='ltr'>Hoc</span> <span class='ocrx_word' id='word_1_801' title='bbox 2227 5320 2396 5375; x_wconf 87' lang='lat' dir='ltr'>porro</span> <span class='ocrx_word' id='word_1_802' title='bbox 2422 5318 2579 5357; x_wconf 88' lang='lat' dir='ltr'>nunc</span> <span class='ocrx_word' id='word_1_803' title='bbox 2602 5297 3061 5369; x_wconf 83' lang='lat' dir='ltr'>mortuo,palam</span> <span class='ocrx_word' id='word_1_804' title='bbox 3086 5296 3393 5367; x_wconf 88' lang='lat' dir='ltr'>vulgatum</span> <span class='ocrx_word' id='word_1_805' title='bbox 3418 5300 3507 5352; x_wconf 90' lang='lat' dir='ltr'>est</span> <span class='ocrx_word' id='word_1_806' title='bbox 3528 5312 3663 5367; x_wconf 89' lang='lat' dir='ltr'>pro-</span> 
     </span>
    </p>
   </div>
   <div class='ocr_carea' id='block_1_113' title="bbox 2007 5385 3665 5460">
    <p class='ocr_par' dir='ltr' id='par_1_113' title="bbox 2007 5385 3665 5460">
     <span class='ocr_line' id='line_1_114' title="bbox 2007 5385 3665 5460; baseline -0.007 -10"><span class='ocrx_word' id='word_1_807' title='bbox 2007 5394 2409 5450; x_wconf 75' lang='lat' dir='ltr'>tovestiarium</span> <span class='ocrx_word' id='word_1_808' title='bbox 2453 5396 2704 5445; x_wconf 87' lang='lat' dir='ltr'>tutorem</span> <span class='ocrx_word' id='word_1_809' title='bbox 2734 5387 2899 5460; x_wconf 88' lang='lat' dir='ltr'>pueri</span> <span class='ocrx_word' id='word_1_810' title='bbox 2928 5385 3211 5457; x_wconf 85' lang='lat' dir='ltr'>principis</span> <span class='ocrx_word' id='word_1_811' title='bbox 3237 5402 3270 5439; x_wconf 88' lang='lat' dir='ltr'>a</span> <span class='ocrx_word' id='word_1_812' title='bbox 3292 5390 3455 5455; x_wconf 87' lang='lat' dir='ltr'>patre</span> <span class='ocrx_word' id='word_1_813' title='bbox 3480 5385 3665 5455; x_wconf 83' lang='lat' dir='ltr'>impe-</span> 
     </span>
    </p>
   </div>
   <div class='ocr_carea' id='block_1_114' title="bbox 2008 5475 3666 5548">
    <p class='ocr_par' dir='ltr' id='par_1_114' title="bbox 2008 5475 3666 5548">
     <span class='ocr_line' id='line_1_115' title="bbox 2008 5475 3666 5548; baseline -0.007 -9"><span class='ocrx_word' id='word_1_814' title='bbox 2008 5488 2200 5539; x_wconf 84' lang='lat' dir='ltr'>ratore</span> <span class='ocrx_word' id='word_1_815' title='bbox 2234 5482 2591 5535; x_wconf 68' lang='lat' dir='ltr'>declaratum</span> <span class='ocrx_word' id='word_1_816' title='bbox 2627 5495 2691 5534; x_wconf 93' lang='lat' dir='ltr'>eo</span> <span class='ocrx_word' id='word_1_817' title='bbox 2716 5482 2977 5548; x_wconf 86' lang='lat' dir='ltr'>tempore</span> <span class='ocrx_word' id='word_1_818' title='bbox 3015 5492 3130 5546; x_wconf 91' lang='lat' dir='ltr'>quo</span> <span class='ocrx_word' id='word_1_819' title='bbox 3165 5475 3333 5529; x_wconf 88' lang='lat' dir='ltr'>morti</span> <span class='ocrx_word' id='word_1_820' title='bbox 3363 5476 3666 5544; x_wconf 80' lang='lat' dir='ltr'>proximus</span> 
     </span>
    </p>
   </div>
   <div class='ocr_carea' id='block_1_115' title="bbox 2009 5561 3665 5631">
    <p class='ocr_par' dir='ltr' id='par_1_115' title="bbox 2009 5561 3665 5631">
     <span class='ocr_line' id='line_1_116' title="bbox 2009 5561 3665 5631; baseline -0.007 -4"><span class='ocrx_word' id='word_1_821' title='bbox 2009 5571 2278 5627; x_wconf 80' lang='lat' dir='ltr'>monachi</span> <span class='ocrx_word' id='word_1_822' title='bbox 2308 5570 2573 5623; x_wconf 87' lang='lat' dir='ltr'>habitum</span> <span class='ocrx_word' id='word_1_823' title='bbox 2607 5566 2818 5622; x_wconf 85' lang='lat' dir='ltr'>induit.</span> <span class='ocrx_word' id='word_1_824' title='bbox 2845 5566 2996 5620; x_wconf 82' lang='lat' dir='ltr'>Sane</span> <span class='ocrx_word' id='word_1_825' title='bbox 3020 5562 3357 5618; x_wconf 87' lang='lat' dir='ltr'>succedenti</span> <span class='ocrx_word' id='word_1_826' title='bbox 3384 5564 3441 5617; x_wconf 91' lang='lat' dir='ltr'>in</span> <span class='ocrx_word' id='word_1_827' title='bbox 3473 5561 3665 5631; x_wconf 90' lang='lat' dir='ltr'>impe-</span> 
     </span>
    </p>
   </div>
   <div class='ocr_carea' id='block_1_116' title="bbox 2009 5650 3667 5729">
    <p class='ocr_par' dir='ltr' id='par_1_116' title="bbox 2009 5650 3667 5729">
     <span class='ocr_line' id='line_1_117' title="bbox 2009 5650 3667 5729; baseline -0.008 -13"><span class='ocrx_word' id='word_1_828' title='bbox 2009 5662 2160 5716; x_wconf 91' lang='lat' dir='ltr'>rium</span> <span class='ocrx_word' id='word_1_829' title='bbox 2197 5660 2329 5713; x_wconf 89' lang='lat' dir='ltr'>huic</span> <span class='ocrx_word' id='word_1_830' title='bbox 2390 5658 2636 5729; x_wconf 82' lang='lat' dir='ltr'>puerulo</span> <span class='ocrx_word' id='word_1_831' title='bbox 2695 5655 2904 5710; x_wconf 85' lang='lat' dir='ltr'>Joanni</span> <span class='ocrx_word' id='word_1_832' title='bbox 2957 5670 3024 5708; x_wconf 86' lang='lat' dir='ltr'>ea</span> <span class='ocrx_word' id='word_1_833' title='bbox 3078 5657 3265 5717; x_wconf 62' lang='lat' dir='ltr'>aetate,</span> <span class='ocrx_word' id='word_1_834' title='bbox 3304 5650 3396 5704; x_wconf 90' lang='lat' dir='ltr'>cui</span> <span class='ocrx_word' id='word_1_835' title='bbox 3429 5665 3535 5705; x_wconf 90' lang='lat' dir='ltr'>nec</span> <span class='ocrx_word' id='word_1_836' title='bbox 3594 5650 3667 5703; x_wconf 89' lang='lat' dir='ltr'>ad</span> 
     </span>
    </p>
   </div>
   <div class='ocr_carea' id='block_1_117' title="bbox 2004 5739 3662 5822">
    <p class='ocr_par' dir='ltr' id='par_1_117' title="bbox 2004 5739 3662 5822">
     <span class='ocr_line' id='line_1_118' title="bbox 2004 5739 3662 5822; baseline -0.008 -14"><span class='ocrx_word' id='word_1_837' title='bbox 2004 5749 2428 5822; x_wconf 82' lang='lat' dir='ltr'>providendum</span> <span class='ocrx_word' id='word_1_838' title='bbox 2463 5748 2575 5804; x_wconf 86' lang='lat' dir='ltr'>sibi</span> <span class='ocrx_word' id='word_1_839' title='bbox 2600 5747 2765 5813; x_wconf 87' lang='lat' dir='ltr'>ratio,</span> <span class='ocrx_word' id='word_1_840' title='bbox 2794 5760 2982 5813; x_wconf 88' lang='lat' dir='ltr'>neque</span> <span class='ocrx_word' id='word_1_841' title='bbox 3010 5742 3081 5798; x_wconf 87' lang='lat' dir='ltr'>ad</span> <span class='ocrx_word' id='word_1_842' title='bbox 3106 5758 3168 5798; x_wconf 87' lang='lat' dir='ltr'>se</span> <span class='ocrx_word' id='word_1_843' title='bbox 3195 5739 3479 5796; x_wconf 87' lang='lat' dir='ltr'>tuendum</span> <span class='ocrx_word' id='word_1_844' title='bbox 3507 5739 3662 5794; x_wconf 88' lang='lat' dir='ltr'>vires</span> 
     </span>
    </p>
   </div>
  </div>
