2045 3201
105 200 162 229 473

675 203 724 229 DE
744 202 930 230 MICHARLE
949 200 1126 228 PALIEOGO
1144 201 1212 227 LIB.
1234 203 1256 227 I.

1768 202 1826 230 474

102 263 167 291 κίαν
182 262 215 291 τὸ
229 261 348 301 ἆσφαλὶς
362 265 515 301 περιποιεῖν
535 263 623 300 ἑαυτῷ
638 263 771 301 προνοίας
791 262 844 291 ἔδει
868 262 938 290 πάν-
952 264 979 297 Α
999 261 1022 289 δ’
1051 262 1065 289 ὁ
1092 263 1202 299 πρῶτος
1226 264 1279 289 τῶν
1305 262 1511 300 Μουζαλώνων,
1527 263 1556 295 ὅς
1570 263 1615 291 καὶ
1629 266 1669 300 τῷ
1683 265 1732 292 τοῦ
1746 274 1823 302 πρω-

100 318 161 339 τως
175 309 225 335 τοῦ
240 308 278 344 μή
292 318 319 335 τι
334 309 428 339 παθεῖν
443 307 620 345 ἀπροόπτως,
637 308 752 336 πολλῶν
777 306 862 336 ὄντων
887 312 941 337 τῶν

103 350 356 385 ἐπιϐουλευόντων,
371 350 419 379 κᾶν
440 363 467 379 τι
492 353 589 389 μικρὸν
613 353 751 388 κινηθειη,
775 352 852 384 εὐθὺς
876 351 940 390 δρα-

102 397 237 425 σειόντων
264 397 300 424 τὰ
325 397 449 433 μέγιστα.
477 397 523 424 Διὸ
549 397 593 424 καὶ
616 399 656 433 τῷ
677 397 746 425 κατὰ
772 397 819 424 τὸν
834 397 938 432 Ἕρμον

98 445 153 477 τῆς
189 441 352 479 Μαγνησίας
397 441 521 479 φρουρίῳ
558 441 661 469 ἐκεῖνον
691 441 817 479 φέροντες
844 441 940 479 ἐγκατ-

101 485 365 523 ἑστησαν,συχνοί›ς
385 486 449 518 τοὺς
474 486 596 523 ὀπτῆρας
620 486 662 513 ἐπὶ
691 486 845 523 βασιλικαῖς
873 486 940 520 ὑπη-

103 530 210 569 ρεσίαις
233 530 370 566 τάξαντες.
392 531 426 558 O't
453 529 482 557 δὲ
509 533 679 567 μεγιστᾶνες,
702 531 727 557 οἱ
754 531 800 567 μὶν
826 530 851 556 ἐν
879 532 940 561 ταῖς

100 578 201 612 τιμαῖς
217 573 255 602 ἔτι
274 574 411 611 μένοντες,
428 575 453 602 οἱ
467 574 496 602 δὲ
511 575 557 602 καὶ
571 577 625 602 τῶν
642 575 696 609 ὅπη
714 575 779 602 ποτὶ
795 577 847 612 γῆς
872 575 938 609 ἀκη-

102 619 163 652 δὲες
187 619 283 656 ἔμενον
306 618 332 654 ἐξ
360 619 446 656 ὀργῆς
477 622 583 657 γωνιῶν
612 619 756 656 ἐξάλμενοι
773 640 780 653 ,
804 619 859 646 τῶν
892 619 938 655 μὲν

98 664 273 703 πραγμάτων
301 663 452 700 ἐλευθέρως
483 664 572 701 εἶχον,
598 665 647 696 τῆς
674 663 702 690 δῖε
719 663 846 701 γλώσσης
864 662 939 690 οὔπω

99 708 317 747 θαῤῥοῦντες(οὶ
331 707 383 745 γὰρ
411 707 595 742 Μουζάλωνες
622 708 835 745 ἐφειστήκεισαν)
859 705 939 734 ὲϐυσ-

102 750 257 789 σοδόμευον
284 752 333 783 τὰς
367 751 462 789 ὀργὰς,
503 752 548 779 καὶ
587 753 684 783 πάντες
724 754 939 789 προσεποιοῦντο

101 797 175 834 πρὸς
199 796 320 827 ἑκιίνους
345 797 376 824 τὸ
403 797 525 827 εὐπειθὲς
542 797 579 827 ὡς
598 798 647 824 ὑπὸ
667 796 774 834 βασιλεῖ
790 795 867 830 δῆθεν
897 807 940 823 τε·

105 840 224 872 λοῦντες
255 843 294 876 τῷ
323 840 514 878 μειρακίσκῳ,
545 841 567 867 εἰ
596 841 641 868 καὶ
672 840 734 876 ὀδὰξ
760 842 785 868 οἱ
810 840 939 872 παθόντες

103 886 182 924 παρὰ
208 887 258 913 τοῦ
285 886 398 922 πατρὸς,
429 885 561 924 φαγόντος
582 886 644 916 τοὺς
671 888 720 920 τῆς
749 886 833 922 ὀργῆς
849 884 940 923 ὄμφα-

101 941 153 958 καε
168 930 216 958 καὶ
229 928 312 957 κόνδυ
326 929 438 967 πικρίας
455 929 575 960 ἐκείνους
598 931 773 963 ποτίσαντος,
802 928 937 966 αἱμωδιᾷν

103 974 245 1013 ὠρέγοντο
260 974 306 1001 τὸν
323 974 392 1002 υἱόν.
426 974 502 1008 Πλὴν
518 975 562 1002 καὶ
586 975 671 1005 οὕτως
697 972 806 1011 ἔχοντες
837 973 935 1010 δυσμε-

101 1019 178 1050 νείας
207 1019 235 1046 οἱ
266 1019 312 1055 μὲν
338 1021 378 1054 τῷ
394 1018 633 1056 ἐπιτροπευομὲνῳ
648 1019 692 1046 καὶ
717 1019 780 1055 νέῳ,
799 1019 824 1046 o't
840 1018 868 1046 δὲ
880 1021 937 1049 τοῖς

103 1064 282 1102 ἐφιστηκόσι,
297 1063 424 1093 παθόντες
443 1063 488 1099 μέν
507 1074 532 1090 τι
549 1064 594 1090 καὶ
620 1063 646 1098 ἐξ
671 1063 777 1090 ἐνείνων
804 1063 835 1090 τὸ
861 1063 935 1099 πρὶν,

104 1108 139 1136 οὗ
157 1108 214 1144 μήν
231 1106 255 1134 δ’
270 1106 332 1135 ἀλλ’
350 1106 407 1135 οὐδ’
424 1109 440 1142 ὴ
458 1107 565 1144 νέμεσις
589 1109 702 1145 ἠρεμεῖν
720 1107 761 1135 ε”α
778 1107 849 1135 οὕτω
865 1108 937 1144 παρά

101 1153 134 1181 τὸ
158 1152 234 1183 εἰκὸς
256 1153 429 1188 τιμηθέντων
458 1153 495 1188 μὴ
518 1151 744 1189 δυσμεναίνοντας
765 1155 935 1190 κακουργεῖν,

99 1199 142 1234 τῷ
166 1197 238 1234 πρὸς
260 1196 379 1227 ἐκείνους
403 1196 470 1228 τὲως
492 1195 569 1235 φόϐῳ
584 1196 836 1234 συγκατεκλίνοντο.
867 1197 936 1225 Τότε

105 1262 310 1297 suppeterent,
327 1269 401 1296 opus
417 1260 535 1288 omnino
544 1262 606 1288 erat
622 1261 725 1288 idoneo
737 1260 883 1296 praesidio,
899 1268 934 1287 ne

109 1305 180 1341 quid
199 1304 392 1340 improvisum
411 1307 568 1340 pateretur.
585 1305 742 1332 Multorum
755 1305 863 1340 quippe
877 1304 934 1339 ipsi

111 1349 188 1378 clam
202 1349 410 1377 insidiantium
427 1349 534 1377 infesta
549 1349 616 1376 odia
632 1349 829 1376 imminebant
845 1349 872 1375 in
890 1357 937 1376 oc-

107 1395 259 1423 casionem
276 1394 302 1422 ei
319 1394 441 1422 nocendi
456 1403 462 1428 ;
479 1402 553 1429 quos
570 1403 648 1428 sane,
663 1395 685 1421 si
700 1394 766 1429 quis
783 1395 880 1421 motus
897 1402 937 1420 re-

109 1446 177 1466 rum
193 1438 240 1466 vel
255 1438 425 1466 levissimus
454 1438 607 1466 exsisteret
637 1447 694 1474 quo
724 1438 821 1473 aliqua
851 1438 937 1465 modo

112 1482 265 1519 quidpiam
277 1483 404 1510 novandi
415 1483 620 1518 opportunitas
630 1483 757 1516 daretur,
766 1482 848 1510 avide
858 1482 937 1509 illam

993 305 1181 344 τοϐεστιαρίου
1209 307 1340 343 τετίμητο
1369 307 1520 344 ἀξιώματι,
1550 309 1622 346 ὁρῶν
1650 309 1696 336 τὸν
1726 309 1824 341 φθόνον

993 350 1080 379 πολὺν
1093 351 1139 379 καὶ
1153 350 1240 379 δεινὸν
1265 350 1430 389 ὒφέρποντα,
1459 352 1504 380 καὶ
1533 353 1570 384 ὡς
1596 352 1734 389 βασιλείᾷν
1750 353 1825 391 παρὰ

992 395 1106 424 πολλῶν
1133 395 1324 433 ὑποπτεύοιτο,
1348 396 1491 424 κάντεῦθεν
1520 397 1567 425 τὸν
1593 396 1675 435 μέγαν
1697 396 1821 425 κίνδυνον

995 441 1181 478 ὑφορώμενος,
1209 438 1278 478 ἔγνω
1307 441 1415 473 συνετὸς
1448 440 1484 469 ὢν
1512 441 1593 478 πείρᾳ
1613 442 1643 469 τὸ
1667 443 1822 480 στράτευμα

994 484 1161 521 δοκιμάσαι,
1191 484 1249 521 ἅμα
1278 484 1306 512 δὲ
1334 486 1378 512 καὶ
1408 486 1471 517 τοὺς
1503 489 1663 524 μεγιστᾶνας
1691 486 1821 524 γνωρίσαι

994 531 1069 560 ὅπως
1085 529 1175 566 ἔχοιεν
1191 529 1283 565 ἐκείνῳ
1299 529 1452 565 διαθέσεως,
1474 531 1567 559 πολλὰ
1590 531 1722 569 πρότερον
1755 531 1822 558 ὑπο-

992 578 1076 612 ταγῆς
1106 574 1150 601 καὶ
1177 573 1302 605 δουλείας
1329 572 1456 610 σύμϐολα
1470 575 1539 611 πρὸς
1568 576 1615 602 τὸν
1642 575 1765 613 ἀφήλικα
1781 574 1824 603 δε-

994 618 1096 653 σπότην
1128 617 1285 652 σπουδάζων
1314 620 1354 649 οἷς
1383 618 1457 656 λέγοι
1482 619 1527 646 καὶ
1551 621 1666 655 πράττοι
1687 618 1822 647 ἐνδείκνυ-

994 664 1064 690 σθαι.
1087 664 1153 690 Τότε
1181 663 1270 690 τοίνυν
1301 662 1534 699 συγκαλεσάμενος
1562 663 1622 691 ὅσον
1649 664 1682 698 ἦν
1711 665 1742 691 τὸ
1771 667 1820 699 τῆς

992 707 1132 745 γερουσίας
1162 707 1207 734 καὶ
1234 707 1295 734 ὅσον
1325 710 1374 734 τοῦ
1406 707 1547 744 βασιλείου
1580 708 1672 745 γένους
1701 708 1763 735 ὅσον
1792 719 1822 736 τε

993 754 1046 779 τῶν
1078 751 1218 789 ἀρχόντων
1248 752 1293 779 καὶ
1323 751 1384 778 ὅσον
1410 755 1458 786 τῆς
1489 756 1686 790 στρατιωτικῆς
1707 753 1818 787 τάξεως,

993 797 1135 833 παρόντων
1164 796 1249 823 ἐκεῖσε
1277 796 1322 823 καὶ
1350 799 1403 823 τῶν
1433 799 1480 824 τοῦ
1510 798 1677 834 προπάππου
1705 799 1744 833 [Ρ.
1774 799 1820 833 23]

992 844 1040 868 τοῦ
1067 840 1200 878 βασιλέως
1228 841 1347 877 Animam
1370 839 1557 879 αὐταδὲλφων,
1579 842 1607 871 ὃς
1621 840 1654 875 δὴ
1672 841 1715 868 καὶ
1741 840 1819 872 οὗτος

992 886 1022 913 τὸ
1039 885 1123 913 πάλαι
1142 884 1281 923 βασιλείας
1308 884 1434 922 διέπρεπε
1463 884 1611 921 διαδήματι
1642 885 1686 913 καὶ
1714 885 1748 913 τὰ
1770 889 1820 920 τῆς

991 929 1142 966 Ῥωμαίδος
1158 930 1303 966 πράγματα
1319 930 1487 966 συγχυθέντα
1515 930 1552 960 ὡς
1583 930 1654 966 εἶχεν
1685 929 1822 957 ἀνεκαλεῖ-

991 985 1032 1009 το,
1050 973 1113 1001 οὐδὲ
1127 975 1237 1012 τυφλῶν
1264 973 1362 1001 ἐκεῖθεν
1388 973 1512 1001 ἀπόντων
1529 974 1555 1010 (ὁ
1572 974 1820 1011 Στρατηγόπουλος

993 1017 1015 1045 δ’
1031 1020 1105 1045 οὗτοι
1130 1019 1197 1052 ἦσαν
1223 1018 1266 1045 καὶ
1285 1019 1298 1045 ὁ
1315 1018 1429 1054 Φιλῆς),
1449 1018 1492 1045 καὶ
1507 1019 1606 1049 παντὸς
1624 1017 1712 1046 ἄλλου
1740 1029 1819 1055 μεγι-

992 1066 1086 1094 στᾶνος
1105 1065 1335 1099 συμπληροῦντος
1349 1063 1393 1089 τὸν
1409 1062 1559 1100 σύλλογον,
1577 1063 1617 1100 ἐφ’
1634 1063 1743 1100 ὑψηλοῦ
1758 1063 1820 1094 στὰς

991 1108 1028 1138 ὡς
1059 1106 1088 1134 ἂν
1114 1108 1171 1143 ἅμα
1197 1106 1222 1134 οτί
1246 1117 1275 1134 τε
1297 1109 1402 1143 πρῶτοι
1428 1107 1550 1134 ἀκούοιεν
1571 1107 1616 1134 καὶ
1642 1108 1668 1134 οἱ
1697 1106 1817 1141 ὕστατοι,

989 1151 1064 1190 ἔλεγε
1079 1150 1152 1179 τάδε·

991 1266 1079 1294 quam
1096 1259 1173 1294 quod
1191 1259 1321 1293 optasset
1337 1266 1459 1294 passum
1480 1259 1665 1293 meminerat,
1691 1267 1816 1295 pronum

987 1303 1122 1338 judicatu
1139 1305 1183 1330 est
1194 1302 1424 1338 haudquaquam
1437 1306 1665 1338 temperaturam
1677 1312 1693 1331 a
1707 1307 1814 1331 conatu

992 1347 1114 1374 ledendi
1131 1346 1313 1382 nocendique
1330 1346 1476 1382 capitibus
1487 1346 1583 1375 ekosis
1595 1347 1816 1375 multitudinem

993 1392 1107 1425 iratam,
1126 1391 1181 1418 nisi
1197 1392 1292 1418 metus
1309 1392 1444 1427 potentiae
1461 1395 1581 1419 armatas
1598 1393 1749 1420 conscium
1759 1393 1816 1420 sibi

993 1437 1161 1470 exiguarum
1173 1435 1279 1463 virium
1297 1437 1423 1463 furorem
1438 1437 1583 1472 privatum
1600 1439 1752 1464 coerceret.
1766 1437 1818 1464 Ne-

993 1489 1050 1516 que
1066 1480 1110 1507 hic
1126 1482 1344 1515 tamsuspectus
1360 1482 1389 1508 et
1403 1481 1499 1508 minax
1510 1483 1606 1508 tumor
1618 1490 1715 1508 rerum
1730 1490 1819 1517 quor-

108 1529 281 1563 csplaturos
296 1530 326 1554 et
341 1527 385 1554 vel
401 1530 531 1554 extrema
546 1535 670 1563 quaeque
685 1528 737 1555 40
753 1530 871 1555 strenue
889 1536 939 1554 au-
957 1519 978 1552 C
994 1534 1059 1553 sum
1076 1526 1193 1552 tandem
1210 1527 1373 1560 erumperet
1388 1534 1446 1553 non
1461 1526 1616 1553 verebatur
1632 1525 1817 1554 Muzalonum

111 1579 199 1599 suros
226 1571 398 1608 apparebat.
421 1571 515 1602 Quare
538 1572 619 1599 illum
643 1572 672 1599 in
702 1572 933 1600 munitissimam

108 1622 203 1644 arcem
220 1616 256 1644 ad
273 1616 414 1643 Hermum
432 1615 587 1651 Magnesiae
606 1616 841 1644 submovendum
867 1625 935 1643 cen-

109 1661 244 1694 suerunt,
261 1659 362 1687 addito
378 1660 482 1688 idoneo
509 1660 650 1688 comitatu
675 1663 703 1688 et
732 1661 820 1689 solita
851 1661 936 1696 regias

108 1704 231 1732 familia!
246 1712 279 1732 ac
296 1704 419 1739 palatini
436 1704 592 1731 ministerii
607 1704 781 1740 frequentia,
807 1705 939 1733 studiose

106 1748 220 1777 delecta
240 1756 273 1776 ex
293 1749 360 1776 ﬁdis
377 1748 445 1776 viris
462 1751 489 1776 et
504 1749 539 1776 ad
558 1749 769 1784 invigilandum
781 1750 867 1777 saluti
885 1758 938 1785 pu-

109 1792 174 1830 pilli
184 1792 438 1829 principisgnavis
446 1794 474 1820 et
485 1793 613 1821 acribus.
621 1794 762 1821 Caeterum
771 1794 937 1829 optimates,

113 1837 175 1866 sive
190 1837 242 1873 qui
253 1837 284 1865 in
296 1846 350 1865 usu
359 1838 503 1865 honorum
515 1840 543 1865 et
553 1837 701 1865 iunctione
713 1838 939 1873 magistratuum

114 1882 297 1918 perstabant,
314 1882 375 1909 sive
394 1882 444 1917 qui
460 1881 537 1909 varie
553 1881 690 1918 dispersi,
714 1882 840 1917 indeque
864 1881 941 1909 male

113 1927 238 1955 animati
253 1934 323 1962 erga
338 1926 430 1954 exsilii
453 1928 586 1954 auctores
611 1926 665 1954 hac
693 1927 882 1954 conversione
897 1935 941 1954 rc-

113 1979 180 1999 rum
197 1970 386 2007 prosilierunt
400 1979 435 1998 ex
459 1971 587 2007 angulis,
611 1971 701 1998 libere
724 1972 784 2006 jam
801 1979 886 2006 agere
899 1970 940 1997 illi

114 2015 234 2052 quidem
251 2015 409 2049 audebant,
434 2016 626 2043 continebant
649 2018 748 2043 tamen
772 2015 897 2051 linguas,
914 2017 942 2043 et

113 2061 195 2088 metu
209 2059 427 2095 invigilantinm
453 2060 559 2087 acriter
574 2062 601 2087 et
617 2060 699 2096 quasi
721 2068 736 2087 e
758 2060 877 2096 specula
893 2068 940 2087 su-

114 2112 218 2132 surros
232 2112 336 2132 omnes
350 2112 420 2132 aure
436 2104 522 2132 anxia
549 2105 730 2140 captantium
754 2105 941 2132 Muzalonum

112 2149 197 2177 taciti
212 2148 416 2185 ﬁngebantur,
433 2150 476 2176 ira
492 2149 617 2185 odioque
633 2150 751 2185 penitus
775 2150 899 2177 conditis
915 2153 943 2177 et

114 2193 309 2222 simulatione
320 2193 455 2229 obsequii
472 2193 585 2221 velatis.
604 2194 661 2222 Prae
676 2203 707 2222 se
719 2195 848 2222 ferebant
862 2195 939 2222 enim
958 2205 980 2236 υ

113 2245 218 2275 parere
233 2246 264 2265 se
280 2237 354 2274 ipsis
369 2238 442 2265 velle
459 2241 490 2265 ut
500 2239 591 2266 vicem
608 2240 778 2274 gerentibus
789 2239 942 2274 imperato-

113 2283 157 2312 ris
172 2282 298 2318 parvuli,
325 2282 372 2310 cui
394 2283 483 2310 etiam
513 2291 564 2319 per
585 2283 738 2311 ministros
762 2286 790 2311 et
819 2284 941 2312 vicarios

112 2327 271 2363 imperanti
279 2326 407 2355 libenter
423 2327 671 2363 obtemperarent.
688 2327 752 2354 Haec
770 2328 798 2355 in
815 2329 941 2363 speciem

113 2371 352 2407 ostentabantur,
372 2371 490 2399 interim
503 2372 573 2399 dum
590 2372 609 2399 ii
627 2372 787 2408 praesertim
819 2373 867 2408 qui
888 2382 941 2400 nu-

113 2424 184 2453 pero
200 2415 368 2452 principatu
383 2415 462 2450 passi
474 2416 598 2444 adversa
610 2416 734 2450 fuerant,
750 2417 897 2444 mordicus
913 2416 941 2443 in

113 2460 265 2497 proposito
276 2459 423 2487 contrario
441 2459 600 2493 haerebant,
619 2460 780 2487 ulciscendi
808 2460 944 2488 videlicet

114 2506 144 2533 in
156 2504 211 2533 ﬁlii
226 2506 315 2540 caput
330 2506 466 2540 acceptas
483 2513 499 2532 a
510 2507 590 2540 patre
600 2505 736 2540 injurias,
748 2514 781 2533 ac
794 2505 944 2533 vehemen-

115 2552 159 2578 ter
172 2549 315 2586 optabant
329 2549 444 2577 allicere
454 2550 487 2576 ut
501 2549 605 2576 Joanni
618 2549 677 2577 lilio
689 2550 791 2578 dentes
803 2550 943 2586 obstupe-

114 2596 231 2623 scerent
254 2601 290 2621 ex
313 2601 347 2621 eo
367 2593 444 2628 quod
469 2593 641 2621 Theodorus
658 2597 740 2630 pater
765 2595 829 2630 ejus
859 2603 943 2623 uvam

114 2639 253 2668 acerbam
269 2637 318 2665 ira:
334 2637 461 2665 immitis
475 2639 504 2665 et
525 2638 587 2673 ipse
603 2639 767 2667 mandisset
781 2642 810 2667 et
826 2647 943 2675 expres-

113 2691 180 2712 sum
197 2691 234 2711 ex
248 2690 283 2710 ea
297 2681 378 2710 succi
395 2682 487 2709 amari
507 2683 645 2718 poculum
664 2683 736 2718 ipsis
748 2684 942 2719 propinasset.

113 2728 210 2764 Hujus
226 2727 345 2764 generis
370 2725 485 2754 infestis
511 2728 648 2755 sensibus
674 2731 762 2764 atque
791 2728 944 2755 affectibus

114 2781 222 2801 arcano
238 2771 351 2808 passim
371 2770 564 2807 gliscentibus
587 2772 693 2807 partim
719 2772 748 2799 in
778 2772 944 2800 adolescen-

112 2817 213 2846 tulum
221 2815 385 2853 principem
393 2817 515 2852 paterna
522 2815 702 2844 laborantem
710 2817 828 2849 invidia,
838 2817 911 2853 parti
918 2826 945 2845 m

111 2863 143 2891 in
160 2862 299 2898 potentes
314 2868 424 2895 rerum,
441 2862 474 2889 ut
495 2856 621 2896 quisque
636 2862 672 2889 ab
687 2862 723 2890 iis
735 2861 806 2889 alias
818 2870 849 2889 se
865 2861 944 2890 aliud

989 1572 1059 1598 natu
1078 1569 1239 1603 maximus,
1264 1570 1481 1605 protovestiarii
1506 1571 1638 1598 eminens
1665 1570 1817 1606 dignitate.

991 1615 1066 1650 Er‘go
1084 1614 1109 1641 is
1126 1614 1214 1641 homo
1231 1622 1283 1641 nec
1299 1615 1388 1642 hebes
1405 1623 1457 1642 nec
1485 1615 1635 1648 incautus,
1666 1617 1820 1651 perspecta

990 1668 1046 1687 non
1063 1658 1162 1686 dubiis
1171 1658 1265 1694 signis
1277 1658 1387 1686 invidia
1398 1661 1496 1687 contra
1508 1667 1538 1687 se
1550 1660 1674 1694 ingenti,
1687 1659 1819 1695 cognito-

990 1712 1047 1739 que
1068 1705 1113 1731 41
1134 1703 1232 1731 tacitis
1247 1703 1468 1739 suspicionibus
1486 1704 1647 1731 multorum
1673 1703 1820 1738 designari

991 1757 1022 1776 se
1034 1756 1067 1776 ac
1081 1756 1165 1776 reum
1182 1748 1364 1783 agilall‘ectati
1380 1756 1429 1783 per
1445 1748 1540 1776 scelus
1555 1748 1681 1784 imperii,
1696 1748 1823 1783 indeque

993 1794 1136 1828 quantum
1149 1801 1203 1819 suo
1215 1792 1301 1828 capiti
1314 1792 1477 1828 periculum
1489 1793 1681 1828 impenderet,
1693 1793 1821 1828 pruden-

992 1839 1037 1864 ter
1051 1837 1210 1871 aestimans,
1229 1837 1354 1872 sapienti
1369 1837 1492 1865 consilio
1503 1837 1630 1865 decrevit
1642 1837 1821 1873 experimen-

995 1884 1055 1908 tum
1072 1889 1175 1916 capere
1189 1880 1349 1909 voluntatis
1364 1882 1514 1918 studiique
1538 1882 1665 1909 militum
1681 1889 1749 1917 erga
1779 1889 1820 1914 se,

994 1924 1202 1960 explorareque
1210 1933 1265 1959 que
1273 1926 1337 1952 mad
1343 1926 1463 1952 modum
1475 1926 1504 1952 in
1516 1934 1547 1953 se
1559 1926 1652 1953 allecti
1665 1926 1822 1961 optimates

994 1971 1102 1997 essent.
1116 1969 1206 2004 Igitur
1218 1969 1320 1997 multis
1332 1969 1711 2006 priusdocumentispalam
1722 1970 1821 2006 exqui-

995 2014 1042 2041 siti
1057 2014 1179 2041 affectus
1195 2013 1263 2041 ﬁdei
1279 2021 1312 2041 ac
1328 2014 1524 2042 venerationis
1544 2022 1614 2050 erga
1637 2014 1821 2050 impuberem

994 2060 1162 2094 Augustum
1179 2058 1266 2085 editis
1282 2058 1360 2085 dicto
1377 2058 1522 2094 factoque,
1538 2067 1572 2086 ex
1588 2058 1696 2093 quibus
1718 2067 1821 2086 omnes

993 2103 1073 2131 intell
1080 2103 1227 2138 igerentse
1234 2103 1269 2130 ab
1285 2103 1363 2129 omni
1371 2103 1545 2139 cogitatione
1559 2103 1718 2131 insidiandi
1731 2103 1821 2138 capiti

996 2150 1046 2175 aut
1061 2148 1208 2182 majestati
1226 2148 1290 2182 ejus
1307 2155 1466 2183 essequam
1475 2147 1703 2180 alienissimum,
1715 2155 1820 2175 convo—

995 2192 1071 2220 cavit
1086 2194 1231 2228 quotquot
1244 2193 1522 2220 aderantsenatores
1532 2192 1738 2228 principesque
1754 2192 1822 2219 uni—

995 2249 1096 2269 versos
1112 2241 1183 2276 regii
1196 2241 1362 2275 sanguinis,
1382 2245 1585 2277 quantumque
1594 2242 1821 2276 magistratuum

996 2287 1136 2322 qaantum
1153 2294 1187 2313 ex
1203 2285 1323 2314 militari
1337 2286 1440 2313 ordine
1453 2286 1515 2322 cogi
1532 2295 1566 2314 ex
1582 2286 1747 2322 propinquo
1774 2294 1823 2322 po-

994 2330 1062 2358 tuit.
1079 2331 1284 2358 Convencrunt
1311 2338 1428 2366 quoque
1443 2330 1472 2357 in
1501 2339 1569 2358 eum
1593 2334 1700 2358 emtum
1718 2332 1823 2358 fratres

996 2375 1094 2411 proavi
1120 2375 1314 2410 imperatoris,
1348 2375 1489 2409 Lascaris,
1522 2375 1572 2410 qui
1602 2377 1630 2402 et
1659 2376 1722 2410 ipse
1752 2374 1822 2402 olim

995 2428 1134 2455 magnam
1147 2419 1201 2446 sibi
1214 2419 1328 2447 laudem
1339 2419 1495 2455 poperitim
1502 2419 1572 2455 perii
1582 2419 1719 2455 praeclare
1730 2419 1823 2447 admi-

997 2465 1122 2498 nistrati,
1141 2471 1201 2491 rem
1219 2463 1379 2492 Romanam
1397 2472 1430 2491 ex
1442 2464 1550 2493 afflicta
1566 2466 1594 2492 et
1609 2467 1686 2492 retro
1697 2464 1781 2500 lapsa
1792 2464 1822 2491 in

997 2508 1088 2536 multo
1106 2508 1257 2536 meliorem
1274 2517 1413 2537 revocans
1424 2511 1545 2537 statum.
1563 2509 1604 2537 Ne
1619 2509 1685 2537 caeci
1702 2509 1821 2544 quidem

997 2553 1118 2580 abluere
1147 2552 1371 2588 Strategopulus
1387 2555 1415 2580 et
1445 2553 1551 2586 Philas,
1577 2553 1823 2581 concurrentibus

998 2605 1048 2632 pro
1065 2605 1096 2624 se
1112 2604 1228 2632 quoque
1245 2596 1824 2632 magnatibussimiliterczsterisﬂuibus

997 2641 1112 2669 cunctis
1127 2649 1267 2668 consessu
1284 2641 1417 2676 specioso
1428 2650 1461 2668 ac
1473 2642 1629 2670 venerabili
1647 2645 1823 2670 conventum

998 2685 1175 2713 ornantibus
1191 2685 1328 2721 apparuit
1342 2687 1426 2713 stans
1442 2685 1472 2713 in
1487 2685 1549 2714 loco
1565 2687 1710 2723 superiori
1726 2689 1823 2722 proto-

998 2729 1165 2762 vestiarius,
1182 2730 1260 2757 unde
1277 2729 1408 2765 conspici
1425 2730 1534 2765 pariter
1556 2731 1592 2759 ob
1607 2732 1747 2759 omnibus
1763 2734 1792 2759 et
1807 2739 1824 2758 α

998 2775 1103 2810 primis
1120 2782 1178 2801 non
1195 2774 1295 2801 minus
1310 2782 1397 2809 quam
1415 2774 1451 2802 ab
1467 2774 1581 2803 ultimis
1601 2776 1698 2804 audiri
1713 2777 1822 2812 posset,

998 2818 1159 2853 statimque
1173 2817 1203 2846 in
1220 2818 1299 2846 hunc
1314 2819 1435 2847 modum
1450 2818 1530 2855 loqui
1544 2820 1648 2856 ccepit:
