4090 6406
410 411 517 468 475

487 537 571 599 ις’.
640 531 964 608 Δημηγορία
1000 534 1097 585 τοῦ
1145 521 1649 603 πρωτοϐεστιαρίου
1689 516 1992 589 Μουζάλω-

1178 621 1291 661 νος.

486 738 515 766 ‹‹
573 715 644 767 Τὸ
707 712 801 784 μὲν
858 712 926 764 τὰ
981 708 1221 782 ἡμέτερα
1253 707 1493 780 ἀρχῆθεν
1524 702 1660 777 πρὸς
1696 702 1837 773 ὑμᾶς
1868 694 2066 772 ἀρτίως

413 798 739 871 συντάττειν,
812 798 1041 872 εὐγενεῖς
1112 793 1299 869 ἄνδρες
1358 792 1451 846 καὶ
1507 791 1820 865 σύντροφοι,
1878 805 2065 859 περιτ-

410 891 502 945 τὸν
539 932 552 958 ,
602 890 753 960 οἶμαι
791 931 803 955 ,
866 884 1015 940 δοκεῖ
1069 884 1159 937 καὶ
1216 886 1313 936 τοῦ
1364 879 1631 953 παρόντος
1688 877 1791 947 ἕξω
1843 871 2063 949 καιροῦ·

411 978 619 1053 ἀνάγκη
683 975 786 1050 γὰρ
820 974 1023 1046 ἐπείγει
1054 976 1221 1027 ταῦτα
1248 971 1513 1045 παρέντας
1567 972 1664 1022 τοῦ
1711 966 1847 1020 κατά
1896 960 2068 1024 πόδας

413 1064 680 1136 διεξιέναι.
741 1064 891 1125 Τέως
946 1060 991 1115 δ’
1050 1062 1143 1115 οῦν
1203 1060 1363 1133 μόνον
1398 1058 1459 1112 οὐ
1493 1055 1836 1133 γεννηθέντες
1868 1052 1919 1107 ἐν
1951 1058 2069 1112 τοῖς

417 1152 718 1229 βασιλείοις
768 1154 870 1207 ὑπὸ
914 1152 1075 1226 πατρὶ
1141 1152 1498 1224 ὑπηρετοῦντι
1547 1144 1776 1216 κάκείνῳ
1817 1148 1933 1204 τοῖς
1970 1142 2069 1216 βα-

410 1243 647 1297 σιλεῦσιν
706 1241 1042 1318 ἐτράφημεν,
1100 1240 1190 1293 καὶ
1251 1237 1695 1313 προσληφθέντες
1744 1233 2067 1305 ἀνήχθημεν

407 1330 796 1404 παιδευόμενοι
875 1330 980 1383 ὑπὸ
1047 1332 1143 1382 τοῦ
1219 1326 1521 1401 μακαρίτου
1582 1324 1851 1399 βασιλέως
1908 1320 2067 1393 ἡμῶν

405 1419 915 1498 ὑφηγεμονεύοντος
941 1421 1019 1488 τῷ
1066 1417 1253 1490 πατρί.
1316 1414 1422 1470 Καὶ
1479 1414 1552 1475 ὡς
1615 1415 1825 1473 πιστῶς
1869 1411 2071 1482 ὑπηρε-

401 1496 589 1582 τοῖμεν
623 1509 1033 1582 προσκείμενοι,
1066 1506 1145 1582 ἐφ’
1178 1508 1261 1568 οἷς
1292 1504 1350 1558 ἂν
1403 1503 1493 1558 καὶ
1542 1500 1897 1577 προστάσσοι,
1942 1496 2071 1571 ἀγά-

402 1620 512 1667 πην
574 1593 730 1669 φόϐῳ
791 1595 1100 1670 μιγνύντες,
1158 1594 1353 1656 πάντες
1402 1592 1462 1647 ἂν
1520 1591 1946 1665 μαρτυρήσοιτε.
2000 1584 2071 1639 Οὐ

405 1688 511 1761 γὰρ
541 1688 609 1755 ἦν
642 1687 791 1757 ἡμᾶς
822 1682 962 1739 ἄλλο
994 1705 1044 1738 τι
1076 1684 1364 1756 τρέπεσθαι
1421 1682 1455 1749 ἢ
1515 1682 1916 1753 καθυπουργεῖν
1949 1673 2075 1729 ἀδό-

408 1776 522 1837 λως
550 1780 630 1846 τῷ
659 1773 986 1849 κυριεύοντι,
1046 1770 1141 1827 κᾶν
1206 1770 1337 1832 ἴσως
1394 1771 1457 1825 τὸ
1508 1768 1817 1841 εὐδοκιμεῖν
1880 1766 1983 1820 οὐκ
2009 1767 2075 1833 ἦν

1715 394 2018 455 GEORGII
2058 389 2524 444 ΡΔΟΗῩΜΕΒΕ

3725 389 3832 444 476

2096 517 2151 584 Α
2182 512 2511 587 ὑπέρχεσθαι
2538 512 2629 566 τὸν
2660 512 2847 586 καιρὸν
2880 510 2969 565 καὶ
2998 510 3065 566 τά
3113 510 3167 573 ἐς
3220 505 3436 587 βλάϐην
3492 511 3603 565 τισὶ
3653 532 3832 587 πραγ-

2179 602 2516 674 ματεύεσθαι.
2578 603 2663 673 [Ρ.
2723 603 2813 673 24]
2874 597 3030 657 Οἶδεν
3090 600 3169 662 εἷς
3230 604 3389 654 τοῦτο
3449 600 3510 653 τὸ
3560 602 3828 675 ἡμέτερον

2174 688 2432 751 συνειδὸς,
2487 686 2619 744 Οὔτε
2676 690 2781 764 γὰρ
2837 688 2900 743 τὸ
2946 693 3195 743 τοισῦτον
3232 688 3390 762 ἦρξεν
3424 690 3559 761 ἡμῖν
3591 696 3691 758 τῆς
3746 711 3831 743 τι·

2179 786 2309 852 μῆς,
2344 778 2524 833 καὶτὸ
2560 780 2694 850 μετά
2714 782 2881 832 ταῦτα
2927 778 3206 851 κρατύνειν
3242 776 3420 839 οὕτως
3475 778 3644 845 αὐτὴν
3707 778 3831 833 λίαν

2174 868 2454 943 ἡγούμεθα
2479 872 2587 921 τῶν
2620 866 2940 941 αἷ’σχίστων’
2991 864 3145 941 ἀνδρὶ
3189 868 3288 940 γὰρ
3347 863 3629 938 δυναμένῳ
3692 868 3834 941 μέγα

2174 960 2301 1031 παρ’
2359 956 2607 1032 ἄρχοντι,
2657 956 2706 1009 εἲ
2754 954 2880 1017 τοὺς
2926 952 3130 1017 ἄλλους
3173 955 3442 1029 πτερνίζοι
3496 949 3831 1010 ὑποϐάλλων

2174 1048 2241 1099 τά
2284 1048 2359 1119 μὴ
2413 1047 2743 1115 καθήκοντα,
2802 1044 2905 1098 οὐκ
2962 1041 3105 1098 ἔστιν
3164 1045 3309 1105 ὅστις
3367 1042 3429 1097 οὐ
3484 1039 3711 1105 δικαίως
3772 1043 3836 1097 ἂν

2175 1136 2542 1209 νεμεσήσειεν.
2620 1133 2797 1191 Ἀλλά
2866 1133 2955 1187 καὶ
3011 1132 3072 1187 τὸ
3137 1134 3212 1205 μὴ
3275 1131 3530 1195 θωπείαις
3588 1132 3835 1208 ἀγεννέσι

2176 1226 2266 1279 καὶ
2316 1224 2685 1297 ἀνελευθέροις
2740 1224 3135 1292 ὑποποιήσεσιν
3207 1221 3528 1296 ὑποτρέχειν
3577 1221 3669 1275 τὸν
3730 1221 3836 1296 ἅρ-

2177 1334 2371 1390 χοντα,
2428 1314 2516 1367 καὶ
2569 1313 2705 1386 πρὸς
2756 1310 2979 1372 ἑαυτοὺς
3021 1306 3340 1387 ἐφέλκεσθαι
3385 1310 3483 1371 τάς
3509 1308 3674 1383 θύρας
3732 1316 3835 1379 τῆς

2178 1402 2385 1457 ἐκείνου
2429 1401 2705 1475 εὐμενειας
2751 1405 2867 1461 τοῖς
2914 1400 3115 1474 ἑτέροις
3173 1397 3581 1472 ἐπιζυγοῦντας,
3630 1394 3836 1469 ἔδειξαν

2180 1492 2233 1545 αἱ
2264 1491 2470 1546 πολλαὶ
2503 1494 2611 1545 τῶν
2645 1489 2855 1545 ἐκείνου
2904 1487 3134 1563 πληγῶν
3182 1486 3458 1562 ἐπιφοραὶ,
3507 1485 3646 1541 ὥστε
3692 1485 3837 1541 πολ-

2182 1581 2338 1642 λάκις
2395 1582 2541 1651 ἡμᾶς
2597 1577 2827 1654 ἐγγίζειν
2884 1580 2967 1649 τῷ
3033 1577 3247 1648 θανάτῳ
3313 1576 3783 1650 μαστιγουμένους
3818 1619 3834 1631 .

2178 1671 2365 1730 ’Όπως
2396 1665 2570 1723 δὲκαὶ
2602 1668 2736 1742 πρὸς
2796 1666 2945 1738 ὑμῶν
2998 1663 3219 1720 ἕκαστον
3284 1665 3502 1738 ἀγάπης
3557 1662 3835 1737 εἷ’χομων.

2180 1758 2269 1812 καὶ
2301 1759 2375 1821 ὡς
2401 1758 2500 1825 τήν
2536 1758 2797 1831 ὑμετέραν
2830 1756 2955 1829 παρ’
2987 1753 3175 1825 ἐκείνῳ
3205 1750 3491 1827 ἀποδοχὴν
3541 1757 3637 1806 τοῦ
3695 1773 3835 1806 παν-

406 1865 487 1939 ἐφ¹
520 1839 613 1924 οἷς.
641 1839 1131 1936 προύθυμούμεθα·
1192 1860 1370 1915 πίστιν
1432 1857 1488 1913 δὲ
1550 1858 1681 1931 μετᾶ
1704 1839 1709 1841 ν
1736 1855 2067 1930 προθυμίας,
2100 1863 2147 1927 Β
2177 1848 2269 1909 τὸς
2302 1846 2636 1919 ἐτιμὼμεθα,
2693 1841 2945 1905 πολλοὺς
2994 1843 3562 1939 οἶμαιιγινώσκνντας
3582 1839 3837 1939 ἐξειπεῖν.

404 1950 499 2007 κᾶν
546 1954 622 2025 μή
676 1952 809 2024 ἀνύῃ
842 1971 947 2017 τις,
990 1951 1080 2004 καὶ
1114 1948 1335 2003 δύσνουν
1369 1953 1519 2017 νιγᾷν
1572 1943 1927 2017 εὐδοκίμησιν
1984 1941 2065 1996 οἷ’-

407 2039 596 2112 δαμεν.
657 2039 728 2093 Τὸ
762 2037 819 2093 δὲ
866 2039 955 2092 καὶ
1013 2037 1176 2109 τιμάς
1229 2032 1415 2090 Λαϐεῖν
1458 2039 1607 2106 ἡμᾶς
1642 2033 1733 2086 καὶ
1761 2036 1868 2086 τῶν
1902 2031 2063 2101 ἀξιω-

409 2150 591 2202 ματων
625 2129 753 2203 παρ’
806 2128 834 2181 ’ὁ
891 2124 1315 2202 προσεδοκῶμεν
1349 2127 1416 2180 τὰ
1451 2125 1681 2199 μέγιστα
1714 2119 2065 2195 βασιλεύσαν-

403 2238 495 2279 τος
525 2221 622 2271 τοῦ
653 2215 939 2284 δεσπότου,
973 2215 1178 2269 ἐκείνου
1238 2214 1488 2276 θέλοντος
1526 2216 1609 2280 ἦν.
1664 2211 1723 2264 Τί
1773 2211 1873 2283 γὰρ
1936 2208 2064 2281 ὑμῖν

405 2307 495 2360 καὶ
553 2306 620 2374 ἦν
671 2306 746 2367 εἷς
779 2306 839 2359 τὸ
873 2305 1200 2377 θαυμαστὸν,
1254 2303 1391 2358 ὥστε
1418 2301 1507 2357 καὶ
1536 2306 1840 2374 τιμηθῆναι
1871 2302 2066 2352 τοσαῦ-

405 2415 512 2463 τα;
565 2393 718 2465 ὅμως
769 2391 944 2448 ἐδόκει
975 2397 1055 2464 τῷ
1090 2390 1455 2466 βασιλεύοντι,
1487 2391 1573 2444 καὶ
1618 2390 1781 2461 ἡμεῖς
1814 2386 1900 2441 ἐπὶ
1956 2390 2066 2441 τῶν

408 2482 734 2556 ἀξιωμάτων
784 2483 948 2555 ἦμεν,
1008 2482 1070 2536 οὐ
1125 2483 1231 2555 μὴν
1280 2478 1336 2535 δὲ
1385 2479 1524 2534 ὥστε
1572 2478 1662 2533 καὶ
1692 2478 2069 2551 κακεντρεχῶς

682 2666 770 2719 16.
805 2663 1004 2721 Concio
1022 2663 1435 2736 protovestiarii
1463 2660 1793 2717 Mazalom's.

477 2774 505 2808 ι
540 2755 650 2810 Res
682 2757 917 2809 nostras
950 2772 984 2809 a
1014 2753 1306 2825 principio
1338 2752 1493 2824 apud
1512 2766 1612 2806 vos
1641 2750 1926 2805 hodierna
1943 2762 2067 2800 ora-

406 2843 567 2900 tione
600 2846 880 2915 repetere,
909 2843 1018 2897 viri
1050 2841 1544 2913 nobilesaquales
1586 2839 1888 2895 etsodales
1928 2834 2065 2902 mei,

409 2932 773 3003 superﬂuum
833 2933 1043 3004 Opinor
1097 2932 1397 2986 videretur
1427 2934 1483 2985 et
1540 2929 1799 2984 alienum
1840 2926 1911 2980 ab
1954 2923 2065 2978 hoc

408 3025 698 3092 tempore,
730 3037 846 3091 quo
876 3021 1033 3075 aliud
1069 3020 1241 3075 nobis
1272 3010 2065 3090 objiciturnecessariumdi-

409 3110 579 3165 cendi
613 3113 964 3181 argumentu
979 3125 1031 3163 m
1047 3109 1166 3175 ,isti
1191 3108 1399 3178 utique
1415 3106 1902 3180 praevertendum.
1925 3100 2065 3156 Obi-

404 3202 495 3254 ter
525 3198 718 3254 solum
749 3199 994 3254 innuam
1036 3215 1142 3253 nos
1174 3202 1406 3253 tantum
1442 3214 1561 3252 non
1588 3197 1646 3251 in
1664 3194 1877 3267 palatio
1896 3188 2062 3264 geni-

404 3291 495 3342 tos
525 3304 558 3341 a
589 3293 775 3357 patre,
807 3286 1080 3342 ministro
1107 3292 1165 3342 et
1193 3286 1321 3357 ipso
1356 3287 1805 3356 imperatorum,
1826 3282 1886 3338 in
1919 3282 2053 3338 aula

406 3377 507 3432 42
539 3377 820 3432 educatos
853 3392 1003 3443 esse,
1036 3382 1093 3431 et
1147 3375 1207 3430 in
1262 3374 1585 3445 palatinum
1648 3372 2051 3445 padagogium

407 3465 668 3521 adscitos
700 3466 814 3520 sub
846 3465 1215 3537 imperatore,
1248 3480 1417 3534 quem
1443 3464 1615 3518 modo
1630 3466 1929 3518 mortuum
1962 3461 2051 3515 lu-

405 3570 638 3625 gemus,
673 3553 1013 3609 rudimenta
1042 3552 1700 3625 puerilisinstitutionis
1738 3551 1928 3622 prima
1952 3568 2052 3622 po-

405 3644 617 3699 suisse.
652 3643 716 3697 In
750 3642 879 3712 ejus
910 3642 1195 3713 obsequio
1215 3643 1323 3696 sub
1348 3648 1510 3713 patre
1538 3640 1898 3697 dominantis
1922 3641 2054 3696 ado-

406 3730 692 3801 levimus;
726 3737 781 3785 et
813 3747 929 3802 qua
961 3732 1010 3784 ei
1056 3732 1169 3787 fide
1223 3731 1600 3787 servierimus
1642 3730 2053 3785 incumbentes

409 3819 635 3890 impetu
668 3819 998 3890 aﬂ'ectuque
1029 3824 1147 3874 toto
1178 3820 1240 3873 in
1272 3836 1339 3875 ea
1368 3820 1769 3890 quajubebat,
1793 3834 2053 3873 amorem

407 3922 539 3963 cum
573 3913 732 3962 metu
766 3908 1103 3979 miscentes,
1134 3910 1337 3964 testari
1372 3909 1612 3979 potestis
1639 3908 1894 3963 universi
1928 3923 2053 3961 vos.

408 3996 725 4069 Nunquam
757 3998 914 4052 enim
947 3998 1035 4053 vel
1095 3998 1395 4053 tantillum
1431 3998 1776 4054 deﬂeximus
1825 4014 1856 4051 a
1898 4001 2055 4052 recta

408 4086 601 4141 ﬁdelis
633 4087 901 4158 obsequii
932 4088 1047 4156 via,
1070 4087 1348 4143 necaliud
1370 4088 1715 4142 studuimus
1732 4102 1911 4157 quam
1927 4086 2054 4140 sine

407 4176 613 4231 fraude
644 4192 710 4230 ac
744 4177 870 4232 fuco
888 4177 1113 4233 sincere
1132 4178 1369 4232 obedire
1396 4175 1847 4246 domino,etiam
1880 4175 1938 4228 in
1964 4173 2055 4229 his

408 4264 690 4331 ubiforte,
715 4266 871 4335 quod
904 4266 1101 4321 studio
1123 4282 1357 4320 summo
1382 4266 1762 4329 conabamur,
1782 4264 1853 4319 ad
1876 4264 2053 4318 finem

406 4352 490 4406 illi
515 4354 783 4424 placendi
805 4369 916 4408 non
936 4354 1314 4425 pertingeret.
1345 4352 1439 4409 Sic
1455 4353 1609 4406 enim
1630 4353 2053 4417 statuebamus,

406 4441 585 4496 ﬁdem
617 4457 750 4496 cum
783 4440 1045 4497 ofﬁciosa
1072 4440 1393 4507 voluntate,
1425 4440 1851 4496 licetsuccessu
1876 4441 2055 4496 desti-

405 4533 617 4597 tutam,
680 4529 935 4599 praferri
995 4530 1208 4585 debere
1264 4529 1546 4600 obsequio
1589 4531 1742 4600 quod
1777 4547 1889 4585 non
1924 4536 2055 4584 stu-

2181 1937 2241 1992 Εἷ
2275 1934 2331 1990 δέ
2361 1956 2454 1990 ποι
2485 1934 2572 1989 καὶ
2606 1934 2681 2007 μή
2716 1932 2971 2005 ἀνύοιμεν
3002 1930 3353 1999 ἱκετεύοντες,
3388 1928 3450 1984 οὐ
3497 1930 3633 2005 πρὸς
3683 1933 3838 2002 ἡμᾶς

2176 2022 2296 2079 οἶδα
2340 2028 2521 2079 τοῦτο.
2565 2022 2719 2091 Πλὴν
2765 2022 2827 2075 τὸ
2872 2019 3136 2076 δύσκολον
3179 2024 3276 2074 τοῦ
3323 2023 3515 2093 καιροῦ
3562 2014 3837 2093 περιϐάλ-

2176 2112 2289 2168 λειν
2336 2113 2613 2187 μεγίσταις
2661 2110 2921 2184 ὑποψίαις
2971 2108 3062 2164 καὶ
3104 2107 3233 2170 τοὺς
3286 2106 3454 2180 μηδὲν
3502 2105 3726 2169 δικαίως
3779 2106 3841 2161 ἃν

2176 2201 2706 2277 έγκληθησομένους,
2754 2198 2799 2253 εἷ
2855 2198 3031 2274 ὀρθῶς
3079 2218 3162 2261 τις
3207 2197 3406 2273 κρίνοι,
3462 2195 3621 2251 οὐδὲν
3677 2194 3835 2250 ἀπει-

2176 2292 2270 2354 κὸς
2318 2290 2466 2351 ἴσως.
2522 2291 2585 2345 Ἠ
2630 2289 2731 2363 γὰρ
2780 2292 2877 2342 τοῦ
2918 2291 3110 2356 καιροῦ
3143 2283 3410 2340 δυσκαλία
3439 2286 3692 2359 ἁψαμένη
3739 2284 3831 2339 καὶ

2177 2385 2283 2435 τῶν
2326 2381 2616 2455 μεγίστων,
2672 2377 2763 2431 καὶ
2820 2380 2906 2439 οἷς
2965 2377 3067 2430 οὐκ
3124 2378 3189 2445 ἦν
3244 2376 3431 2430 παθεῖν
3481 2375 3541 2429 ἐκ
3596 2372 3835 2445 δικαίου,

2181 2471 2404 2531 ἐκείνοις
2434 2470 2527 2541 μὶν
2562 2466 2867 2544 συμφορὰν,
2901 2469 3037 2538 ἡμῖν
3068 2463 3124 2520 δὲ
3174 2464 3405 2538 ὑποψίαν
3456 2464 3539 2538 (οὐ
3587 2464 3690 2540 γὰρ
3737 2485 3839 2519 κα-

2179 2671 2353 2727 nobis
2384 2668 2822 2741 possessionem
2859 2665 3147 2722 honorum
3199 2664 3615 2736 turpissimum
3664 2664 3827 2721 istud

2178 2776 2365 2833 genus
2397 2759 2651 2813 astutia.
2681 2755 2915 2811 Homini
2949 2756 3170 2826 quippe
3194 2755 3352 2825 apud
3379 2753 3710 2825 principem
3737 2770 3836 2825 po-

2176 2849 2346 2917 tenti,
2370 2848 2419 2903 si
2456 2852 2699 2902 conetur
2729 2843 3294 2916 supplantarealios,
3319 2859 3645 2914 suggerens
3676 2845 3836 2914 quod

2176 2938 2407 2993 irritare
2438 2936 2719 2991 adversus
2751 2934 3020 2989 innoxios
3053 2937 3395 3005 regnantem
3429 2932 3639 3003 possit,
3659 2949 3835 2989 nemo

2174 3033 2264 3082 est
2290 3027 2391 3097 qui
2423 3043 2539 3081 non
2564 3026 2728 3095 juste
2759 3027 3103 3079 succenseat
3151 3026 3209 3077 et
3262 3022 3393 3076 dira
3449 3022 3831 3092 imprecetur.

2171 3117 2281 3170 Sed
2314 3130 2502 3186 neque
2532 3130 2638 3168 nos
2670 3110 3117 3167 adulationibus
3147 3111 3368 3165 vilibus
3419 3114 3476 3166 et
3529 3110 3712 3166 libero
3743 3111 3833 3165 in-

2170 3203 2362 3275 dignis
2408 3200 2933 3259 assentatiunculis
2974 3199 3435 3255 circumvenisse
3484 3198 3825 3254 facilitatem

2169 3292 2477 3365 principis,
2509 3295 2566 3346 et
2596 3292 2675 3344 ita
2708 3291 2763 3344 in
2798 3291 2927 3359 ejus
2959 3288 3275 3360 irrepsisse
3307 3288 3557 3359 gratiam
3578 3292 3642 3342 ut
3671 3288 3825 3341 fores

2158 3383 2287 3454 ejus
2318 3379 2738 3436 benevolentia
2769 3395 2951 3450 supra
2982 3395 3089 3434 nos
3121 3377 3552 3433 attraheremus
3593 3377 3691 3432 43
3731 3392 3831 3430 ex-

2160 3471 2469 3526 cludendis
2501 3468 2655 3535 aliis,
2685 3468 2830 3523 satis
2854 3466 3561 3523 indicantinﬂictanobis
3593 3466 3665 3520 ab
3695 3464 3828 3535 ipso

2158 3559 2361 3615 liberis
2393 3559 2569 3613 dictis
2599 3558 2821 3612 offenso
2856 3557 3058 3611 multa
3090 3572 3196 3611 nec
3232 3556 3387 3611 leves
3408 3555 3614 3626 plaga,
3648 3556 3734 3610 ita
3756 3559 3825 3610 ut

2162 3649 2232 3703 ad
2267 3647 2476 3704 mortis
2508 3663 2661 3717 sape
2690 3646 2965 3701 viciniam
3002 3644 3233 3715 flagella
3261 3661 3367 3700 nos
3392 3645 3523 3713 ejus
3548 3645 3835 3699 admove-

2162 3738 2303 3793 rint.
2337 3738 2557 3792 Charos
2592 3740 2784 3791 autem
2830 3735 3001 3789 nobis
3030 3750 3133 3788 vos
3193 3750 3398 3789 omnes
3448 3749 3598 3803 esse,
3645 3738 3704 3787 et
3763 3738 3837 3789 ut

2160 3831 2421 3883 vestram
2457 3826 2744 3895 cujusque
2775 3823 3273 3879 introductionth
3305 3824 3363 3877 in
3398 3822 3527 3893 ejus
3573 3822 3833 3894 gratiam

2162 3915 2605 3971 commodorum
2642 3913 2819 3967 etiam
2855 3920 3191 3967 nostrorum
3225 3928 3292 3965 ac
3331 3912 3576 3966 fortuna
3604 3912 3833 3969 damno

2162 4002 2696 4075 procuraverimus,
2723 4000 2942 4056 multos
2962 4007 3102 4072 puto
3126 4000 3528 4071 dicturos,{qui
3554 4000 3839 4071 praclare

2161 4094 2381 4150 norint.
2417 4093 2579 4156 Quod
2615 4092 2663 4146 si
2697 4090 2837 4162 quid
2873 4108 2942 4145 ex
2973 4090 3310 4161 cujuspiam
3336 4106 3466 4145 vero
3489 4090 3821 4161 impetrare

2162 4181 2547 4253 supplicando
2571 4179 2968 4250 nequivimus,
2989 4196 3104 4234 non
3120 4179 3599 4249 idimputandum
3617 4178 3818 4244 nobis,

2162 4272 2371 4341 utique
2393 4270 2646 4325 consciis
2668 4268 3053 4324 sincerissimi
3076 4268 3133 4321 in
3159 4268 3455 4337 ejusmodi
3473 4268 3685 4323 ofﬁciis
3704 4273 3840 4324 stu-

2163 4360 2265 4424 dii,
2302 4361 2401 4414 sed
2431 4359 2816 4413 tribuendum
2849 4357 3302 4412 difﬁcultatibus
3326 4362 3840 4429 temporum,sug-

2162 4448 2501 4521 gerentibus
2560 4447 2743 4501 menti
2803 4446 3102 4518 principis
3162 4462 3329 4502 acres
3359 4445 3737 4517 suspiciones
3766 4446 3837 4503 in

2162 4539 2452 4608 quosdam
2479 4536 2719 4592 omnino
2750 4536 3108 4607 inculpatos,
3143 4536 3193 4591 si
3222 4540 3375 4590 recte
3431 4535 3838 4606 judicaretur,

404 4617 567 4674 diose
594 4633 699 4673 nec
732 4618 1011 4673 benevolo
1060 4619 1386 4689 suscipitur
1441 4619 1674 4688 affectu,
1725 4619 1859 4674 licet
1918 4636 2052 4690 pro-

2170 4628 2301 4692 Quis
2332 4627 2487 4681 enim
2516 4625 2698 4680 moris
2724 4625 2965 4680 humani
3000 4624 3193 4680 sciens
3221 4641 3337 4679 non
3366 4625 3449 4679 ita
3471 4625 3705 4680 evenire
3729 4642 3841 4681 so-

403 4724 574 4779 spere
608 4723 674 4763 ac
706 4723 841 4762 eum
875 4708 1105 4780 agentis
1146 4709 1316 4763 laude
1346 4714 1737 4779 perpetretur.
1759 4710 1921 4772 Quod
1953 4727 2061 4764 au-

398 4802 517 4853 tem
548 4797 797 4853 honores
812 4798 1167 4853 admisimus
1199 4802 1255 4853 et
1286 4798 1607 4869 dignitates
1627 4798 2059 4869 exspectatione

402 4890 607 4942 nostra
640 4887 920 4957 majores,
954 4892 1130 4958 atque
1160 4888 1306 4943 adeo
1357 4887 1670 4954 maximas,
1731 4889 2059 4958 imperante

405 4975 642 5029 domino
664 4980 888 5045 nostro,
905 4975 1189 5031 voluntati
1211 4977 1340 5048 ejus
1357 4976 1773 5048 imputandum
1790 4977 2057 5041 est.Quid

405 5063 558 5117 enim
592 5080 698 5120 nos
719 5065 951 5135 egimus
986 5068 1099 5119 tam
1134 5065 1749 5137 egregiumuttantum
1784 5066 2059 5121 honorari

412 5167 772 5205 mereremur
798 5154 825 5205 ?
881 5152 1100 5207 Tamen
1135 5154 1217 5208 ita
1248 5152 1563 5224 imperanti
1593 5154 1806 5209 visum.
1843 5156 1911 5210 Et
1952 5172 2058 5210 nos

404 5238 466 5293 in
497 5238 879 5307 dignitatibus
912 5257 1140 5308 sumus,
1176 5259 1293 5299 non
1325 5247 1519 5298 tamen
1553 5246 1617 5296 ut
1649 5247 1841 5298 astuta
1894 5247 2057 5300 mali-

409 5327 631 5399 gnitate
674 5330 1093 5385 immineamus
1133 5332 1543 5388 occasionibus
1577 5334 1842 5401 nocendi,
1885 5340 1943 5389 et
1999 5336 2055 5389 in

404 5416 760 5486 cujusquam
795 5417 1079 5471 damnum
1100 5424 1387 5489 potestate
1406 5421 1977 5479 abutamur.Testem
1996 5425 2056 5479 in

405 5503 462 5558 id
495 5504 707 5558 damus
739 5506 1160 5561 conscientiam
1194 5513 1480 5564 nostram.
1517 5510 1715 5581 Neque
1745 5512 1901 5566 enim
1957 5519 2059 5569 aut

406 5593 1002 5661 ejusmodidamnata
1037 5601 1190 5650 artes
1205 5597 1354 5651 viam
1374 5598 1543 5654 nobis
1575 5600 1645 5653 ad
1669 5604 2052 5657 crescendnm

409 5681 773 5754 munierunt,
809 5690 909 5739 aut
941 5686 1265 5741 conducere
1298 5692 1575 5757 putamus
1600 5691 1668 5743 ad
1702 5692 2053 5747 firmandam

2172 4716 2289 4771 lere
2321 4714 2534 4770 novit?
2568 4715 2948 4783 Temporum,
2973 4714 3239 4783 inquam,
3275 4713 3450 4767 certis
3507 4713 3838 4771 momentis

2168 4805 2414 4859 confusa
2443 4804 2709 4872 quadam
2728 4801 2984 4873 maligne
2999 4800 3348 4873 perplexilas
3370 4800 3624 4855 summis
3644 4800 3839 4859 etiam

2168 4894 2310 4947 viris
2342 4891 2710 4962 suspiciones
2745 4889 3152 4961 iniquissimae
3185 4888 3466 4961 aspergit,
3517 4889 3807 4959 importat

2169 5000 2282 5054 que
2312 4982 2677 5037 calamitates
2710 4979 2783 5034 iis
2813 4980 2913 5050 qui
2951 4978 3190 5033 multari
3220 4995 3289 5033 ex
3320 4978 3530 5034 merito
3561 4994 3675 5034 non
3722 4995 3835 5048 po-

2167 5075 2403 5127 tuerant
2435 5089 2449 5136 ;
2485 5067 2653 5124 nobis
2686 5074 2880 5123 autem
2914 5067 3312 5123 familiaribus
3371 5068 3659 5139 principis
3717 5085 3837 5123 su-

2169 5161 2489 5231 spicionem
2514 5156 2919 5224 verisimilem,
2959 5174 3074 5212 non
3113 5157 3234 5211 veri
3294 5162 3491 5212 tamen
3553 5156 3834 5216 criminis

2165 5247 2437 5317 imponit,
2468 5245 2637 5317 quasi
2669 5245 2868 5301 causis
2899 5250 2957 5300 et
2989 5244 3334 5301 auctoribus
3368 5245 3658 5301 malorum
3692 5262 3833 5316 qua

2168 5340 2509 5409 praevertere
2540 5334 2937 5402 nequivimus.
2973 5333 3260 5389 Caeterum
3295 5334 3639 5404 hujusmodi
3682 5350 3828 5389 om-

2167 5427 2333 5482 nium
2358 5424 2541 5494 judex
2571 5423 2620 5477 si
2649 5421 2887 5477 divinus
2920 5421 3147 5489 oculus,
3194 5423 3296 5493 qui
3356 5423 3470 5479 scit
3527 5422 3829 5481 malitiam

2168 5514 2375 5587 punire
2404 5532 2417 5579 ;
2454 5529 2557 5567 nec
2576 5512 2627 5567 ei
2652 5512 2813 5566 fraus
2837 5513 3191 5583 cujusquam
3210 5512 3365 5567 valet
3381 5512 3686 5583 obrepere.
3708 5515 3829 5568 lta-

2166 5620 2280 5674 que
2313 5603 2361 5657 si
2394 5619 2519 5672 qua
2551 5600 3096 5671 contigerunttalia,
3133 5601 3303 5657 nobis
3331 5600 3532 5656 invitis
3556 5608 3613 5656 et
3647 5601 3826 5673 plane

2167 5692 2421 5748 innoxiis
2477 5690 2870 5763 contigerunt.
2910 5691 2976 5745 Et
3026 5708 3152 5762 qua
3186 5708 3368 5761 pana
3402 5691 3821 5747 innocentibus
