  <div class='ocr_page' id='page_1' title='image "/cluster/home/n/w/nwhite01/storage/ocr_20150623/143:no.1/coo.31924054870484/246.png"; bbox 0 0 4090 6396; ppageno 0'>
   <div class='ocr_carea' id='block_1_1' title="bbox 224 414 341 471">
    <p class='ocr_par' dir='ltr' id='par_1_1' title="bbox 224 414 341 471">
     <span class='ocr_line' id='line_1_1' title="bbox 224 414 341 471; baseline -0.026 -1"><span class='ocrx_word' id='word_1_1' title='bbox 224 414 341 471; x_wconf 73' lang='grc'><strong>477</strong></span> 
     </span>
    </p>
   </div>
   <div class='ocr_carea' id='block_1_2' title="bbox 1306 408 2550 468">
    <p class='ocr_par' dir='ltr' id='par_1_2' title="bbox 1306 408 2550 468">
     <span class='ocr_line' id='line_1_2' title="bbox 1306 408 2550 468; baseline -0.008 -2"><span class='ocrx_word' id='word_1_2' title='bbox 1306 415 1398 467; x_wconf 86' lang='lat' dir='ltr'><strong>DE</strong></span> <span class='ocrx_word' id='word_1_3' title='bbox 1439 413 1814 468; x_wconf 67' lang='lat' dir='ltr'><strong>MICHAEIJ!</strong></span> <span class='ocrx_word' id='word_1_4' title='bbox 1855 408 2297 465; x_wconf 73' lang='lat' dir='ltr'><strong>PALEOLOGO</strong></span> <span class='ocrx_word' id='word_1_5' title='bbox 2338 409 2467 461; x_wconf 88' lang='lat' dir='ltr'><strong>LIB.</strong></span> <span class='ocrx_word' id='word_1_6' title='bbox 2510 411 2550 461; x_wconf 85' lang='grc' dir='ltr'>Ι.</span> 
     </span>
    </p>
   </div>
   <div class='ocr_carea' id='block_1_3' title="bbox 3553 408 3659 463">
    <p class='ocr_par' dir='ltr' id='par_1_3' title="bbox 3553 408 3659 463">
     <span class='ocr_line' id='line_1_3' title="bbox 3553 408 3659 463; baseline 0.019 -2"><span class='ocrx_word' id='word_1_7' title='bbox 3553 408 3659 463; x_wconf 73' lang='grc'><strong>478</strong></span> 
     </span>
    </p>
   </div>
   <div class='ocr_carea' id='block_1_4' title="bbox 224 530 3656 615">
    <p class='ocr_par' dir='ltr' id='par_1_4' title="bbox 224 530 3656 615">
     <span class='ocr_line' id='line_1_4' title="bbox 224 530 3656 615; baseline -0.003 -19"><span class='ocrx_word' id='word_1_8' title='bbox 224 540 354 596; x_wconf 82' lang='grc' dir='ltr'>κίαν</span> <span class='ocrx_word' id='word_1_9' title='bbox 387 536 661 612; x_wconf 63' lang='grc' dir='ltr'>εἴποιμεν)</span> <span class='ocrx_word' id='word_1_10' title='bbox 699 537 759 593; x_wconf 85' lang='grc' dir='ltr'>ἐκ</span> <span class='ocrx_word' id='word_1_11' title='bbox 811 542 909 593; x_wconf 74' lang='grc' dir='ltr'><strong>τοῦ</strong></span> <span class='ocrx_word' id='word_1_12' title='bbox 961 536 1171 601; x_wconf 90' lang='grc' dir='ltr'>είκότος</span> <span class='ocrx_word' id='word_1_13' title='bbox 1224 540 1496 613; x_wconf 83' lang='grc' dir='ltr'>προσῆψε,</span> <span class='ocrx_word' id='word_1_14' title='bbox 1552 534 1706 606; x_wconf 76' lang='grc' dir='ltr'>Πλὴν</span> <span class='ocrx_word' id='word_1_15' title='bbox 1764 536 1887 590; x_wconf 64' lang='grc' dir='ltr'>ἑκά·-</span> <span class='ocrx_word' id='word_1_16' title='bbox 1920 538 1970 605; x_wconf 82' lang='grc' dir='ltr'><strong>Α</strong></span> <span class='ocrx_word' id='word_1_17' title='bbox 2003 534 2084 605; x_wconf 75' lang='grc' dir='ltr'><strong>[Ρ.</strong></span> <span class='ocrx_word' id='word_1_18' title='bbox 2115 533 2207 605; x_wconf 79' lang='grc'><strong>25]</strong></span> <span class='ocrx_word' id='word_1_19' title='bbox 2266 535 2489 607; x_wconf 80' lang='grc' dir='ltr'>Πρῶτον</span> <span class='ocrx_word' id='word_1_20' title='bbox 2528 530 2621 603; x_wconf 73' lang='grc' dir='ltr'>μὲν</span> <span class='ocrx_word' id='word_1_21' title='bbox 2672 532 2735 586; x_wconf 89' lang='grc' dir='ltr'>τὸ</span> <span class='ocrx_word' id='word_1_22' title='bbox 2789 533 2933 594; x_wconf 86' lang='grc' dir='ltr'>νέαις</span> <span class='ocrx_word' id='word_1_23' title='bbox 2979 537 3081 602; x_wconf 85' lang='grc' dir='ltr'><strong>τῆς</strong></span> <span class='ocrx_word' id='word_1_24' title='bbox 3125 530 3349 615; x_wconf 72' lang='grc' dir='ltr'>ἡλικίας</span> <span class='ocrx_word' id='word_1_25' title='bbox 3382 534 3656 607; x_wconf 74' lang='grc' dir='ltr'><strong>φροντίσιν</strong></span> 
     </span>
    </p>
   </div>
   <div class='ocr_carea' id='block_1_5' title="bbox 226 624 1891 705">
    <p class='ocr_par' dir='ltr' id='par_1_5' title="bbox 226 624 1891 705">
     <span class='ocr_line' id='line_1_5' title="bbox 226 624 1891 705; baseline -0.003 -21"><span class='ocrx_word' id='word_1_26' title='bbox 226 651 366 685; x_wconf 84' lang='grc' dir='ltr'>στου</span> <span class='ocrx_word' id='word_1_27' title='bbox 414 629 610 705; x_wconf 80' lang='grc' dir='ltr'>κριτὴς</span> <span class='ocrx_word' id='word_1_28' title='bbox 656 629 718 682; x_wconf 88' lang='grc' dir='ltr'>τὸ</span> <span class='ocrx_word' id='word_1_29' title='bbox 766 630 907 683; x_wconf 84' lang='grc' dir='ltr'>Οεῖον</span> <span class='ocrx_word' id='word_1_30' title='bbox 958 625 1134 700; x_wconf 76' lang='grc' dir='ltr'>ὄμμα,</span> <span class='ocrx_word' id='word_1_31' title='bbox 1168 626 1228 689; x_wconf 80' lang='grc' dir='ltr'><strong>ὅς</strong></span> <span class='ocrx_word' id='word_1_32' title='bbox 1260 625 1372 682; x_wconf 80' lang='grc' dir='ltr'>οἶδε</span> <span class='ocrx_word' id='word_1_33' title='bbox 1401 625 1589 681; x_wconf 83' lang='grc' dir='ltr'>κακίαν</span> <span class='ocrx_word' id='word_1_34' title='bbox 1638 624 1891 694; x_wconf 78' lang='grc' dir='ltr'>κολάζειν</span> 
     </span>
    </p>
   </div>
   <div class='ocr_carea' id='block_1_6' title="bbox 232 713 1895 792">
    <p class='ocr_par' dir='ltr' id='par_1_6' title="bbox 232 713 1895 792">
     <span class='ocr_line' id='line_1_6' title="bbox 232 713 1895 792; baseline -0.004 -19"><span class='ocrx_word' id='word_1_35' title='bbox 232 716 411 792; x_wconf 74' lang='grc' dir='ltr'>μηδὲν</span> <span class='ocrx_word' id='word_1_36' title='bbox 464 718 701 792; x_wconf 78' lang='grc' dir='ltr'>ἐχόντων</span> <span class='ocrx_word' id='word_1_37' title='bbox 752 716 1234 792; x_wconf 84' lang='grc' dir='ltr'>παραλογίζεσθαι.</span> <span class='ocrx_word' id='word_1_38' title='bbox 1293 714 1476 776; x_wconf 65' lang='grc' dir='ltr'>Οὕτως</span> <span class='ocrx_word' id='word_1_39' title='bbox 1528 717 1690 787; x_wconf 81' lang='grc' dir='ltr'>ἡμεῖς</span> <span class='ocrx_word' id='word_1_40' title='bbox 1736 713 1895 770; x_wconf 86' lang='grc' dir='ltr'>έλεύ-</span> 
     </span>
    </p>
   </div>
   <div class='ocr_carea' id='block_1_7' title="bbox 228 799 1890 883">
    <p class='ocr_par' dir='ltr' id='par_1_7' title="bbox 228 799 1890 883">
     <span class='ocr_line' id='line_1_7' title="bbox 228 799 1890 883; baseline -0.004 -21"><span class='ocrx_word' id='word_1_41' title='bbox 228 821 387 883; x_wconf 81' lang='grc' dir='ltr'>θεροι</span> <span class='ocrx_word' id='word_1_42' title='bbox 416 812 526 862; x_wconf 82' lang='grc' dir='ltr'>τῶν</span> <span class='ocrx_word' id='word_1_43' title='bbox 553 805 846 874; x_wconf 78' lang='grc' dir='ltr'>τοιούτων,</span> <span class='ocrx_word' id='word_1_44' title='bbox 880 803 938 859; x_wconf 80' lang='grc' dir='ltr'>ἄν</span> <span class='ocrx_word' id='word_1_45' title='bbox 971 826 1082 859; x_wconf 90' lang='grc' dir='ltr'>τισι</span> <span class='ocrx_word' id='word_1_46' title='bbox 1114 799 1311 872; x_wconf 73' lang='grc' dir='ltr'>συνέϐη</span> <span class='ocrx_word' id='word_1_47' title='bbox 1362 803 1453 857; x_wconf 86' lang='grc' dir='ltr'>καὶ</span> <span class='ocrx_word' id='word_1_48' title='bbox 1496 803 1562 857; x_wconf 70' lang='grc' dir='ltr'>τὰ</span> <span class='ocrx_word' id='word_1_49' title='bbox 1605 804 1890 872; x_wconf 77' lang='grc' dir='ltr'>ἀνήκεστα.</span> 
     </span>
    </p>
   </div>
   <div class='ocr_carea' id='block_1_8' title="bbox 224 889 1893 972">
    <p class='ocr_par' dir='ltr' id='par_1_8' title="bbox 224 889 1893 972">
     <span class='ocr_line' id='line_1_8' title="bbox 224 889 1893 972; baseline -0.005 -21"><span class='ocrx_word' id='word_1_50' title='bbox 224 898 304 951; x_wconf 81' lang='grc' dir='ltr'>Τὸ</span> <span class='ocrx_word' id='word_1_51' title='bbox 336 897 441 972; x_wconf 79' lang='grc' dir='ltr'><strong>γὰρ</strong></span> <span class='ocrx_word' id='word_1_52' title='bbox 474 895 681 950; x_wconf 78' lang='grc' dir='ltr'>ἐκείνου</span> <span class='ocrx_word' id='word_1_53' title='bbox 711 893 927 967; x_wconf 83' lang='grc' dir='ltr'>Θέλημα</span> <span class='ocrx_word' id='word_1_54' title='bbox 978 900 1171 969; x_wconf 77' lang='grc' dir='ltr'>περιῆν</span> <span class='ocrx_word' id='word_1_55' title='bbox 1201 893 1399 953; x_wconf 84' lang='grc' dir='ltr'>παντὸς</span> <span class='ocrx_word' id='word_1_56' title='bbox 1442 889 1697 963; x_wconf 79' lang='grc' dir='ltr'>ἐμποδὼν</span> <span class='ocrx_word' id='word_1_57' title='bbox 1743 892 1893 944; x_wconf 77' lang='grc' dir='ltr'>ἰστα-</span> 
     </span>
    </p>
   </div>
   <div class='ocr_carea' id='block_1_9' title="bbox 231 977 1892 1059">
    <p class='ocr_par' dir='ltr' id='par_1_9' title="bbox 231 977 1892 1059">
     <span class='ocr_line' id='line_1_9' title="bbox 231 977 1892 1059; baseline -0.004 -19"><span class='ocrx_word' id='word_1_58' title='bbox 231 988 428 1059; x_wconf 83' lang='grc' dir='ltr'>μένου,</span> <span class='ocrx_word' id='word_1_59' title='bbox 485 986 531 1056; x_wconf 88' lang='grc' dir='ltr'>ᾦ</span> <span class='ocrx_word' id='word_1_60' title='bbox 590 982 657 1053; x_wconf 78' lang='grc' dir='ltr'>δὴ</span> <span class='ocrx_word' id='word_1_61' title='bbox 712 984 1105 1058; x_wconf 82' lang='grc' dir='ltr'>προσίστασθαι</span> <span class='ocrx_word' id='word_1_62' title='bbox 1162 984 1236 1053; x_wconf 80' lang='grc' dir='ltr'>μή</span> <span class='ocrx_word' id='word_1_63' title='bbox 1282 981 1371 1036; x_wconf 87' lang='grc' dir='ltr'><strong>καὶ</strong></span> <span class='ocrx_word' id='word_1_64' title='bbox 1420 978 1667 1042; x_wconf 85' lang='grc' dir='ltr'>κίνδυνος</span> <span class='ocrx_word' id='word_1_65' title='bbox 1724 980 1791 1048; x_wconf 78' lang='grc' dir='ltr'><strong>ἦν</strong></span> <span class='ocrx_word' id='word_1_66' title='bbox 1841 977 1892 1048; x_wconf 80' lang='grc' dir='ltr'><strong>ἐξ</strong></span> 
     </span>
    </p>
   </div>
   <div class='ocr_carea' id='block_1_10' title="bbox 226 1068 1891 1151">
    <p class='ocr_par' dir='ltr' id='par_1_10' title="bbox 226 1068 1891 1151">
     <span class='ocr_line' id='line_1_10' title="bbox 226 1068 1891 1151; baseline -0.005 -21"><span class='ocrx_word' id='word_1_67' title='bbox 226 1076 492 1151; x_wconf 80' lang='grc' dir='ltr'>ἀνάγκης,</span> <span class='ocrx_word' id='word_1_68' title='bbox 521 1074 613 1127; x_wconf 83' lang='grc' dir='ltr'><strong>καὶ</strong></span> <span class='ocrx_word' id='word_1_69' title='bbox 670 1076 705 1142; x_wconf 83' lang='grc' dir='ltr'>ἡ</span> <span class='ocrx_word' id='word_1_70' title='bbox 766 1074 989 1147; x_wconf 80' lang='grc' dir='ltr'>ἀκαιρία</span> <span class='ocrx_word' id='word_1_71' title='bbox 1019 1078 1251 1147; x_wconf 79' lang='grc' dir='ltr'>προσῆν·</span> <span class='ocrx_word' id='word_1_72' title='bbox 1313 1070 1576 1145; x_wconf 78' lang='grc' dir='ltr'><strong>κρείσσων</strong></span> <span class='ocrx_word' id='word_1_73' title='bbox 1635 1068 1737 1143; x_wconf 78' lang='grc' dir='ltr'><strong>γὰρ</strong></span> <span class='ocrx_word' id='word_1_74' title='bbox 1796 1070 1891 1142; x_wconf 87' lang='grc' dir='ltr'><strong>βα-</strong></span> 
     </span>
    </p>
   </div>
   <div class='ocr_carea' id='block_1_11' title="bbox 226 1156 1893 1234">
    <p class='ocr_par' dir='ltr' id='par_1_11' title="bbox 226 1156 1893 1234">
     <span class='ocr_line' id='line_1_11' title="bbox 226 1156 1893 1234; baseline -0.004 -19"><span class='ocrx_word' id='word_1_75' title='bbox 226 1159 440 1229; x_wconf 72' lang='grc' dir='ltr'>σιλεὺς,</span> <span class='ocrx_word' id='word_1_76' title='bbox 499 1159 578 1215; x_wconf 81' lang='grc' dir='ltr'>ὅτ’</span> <span class='ocrx_word' id='word_1_77' title='bbox 636 1158 915 1233; x_wconf 74' lang='grc' dir='ltr'>ὀργίζοιτο</span> <span class='ocrx_word' id='word_1_78' title='bbox 968 1158 1199 1234; x_wconf 76' lang='grc' dir='ltr'>χείρονι.</span> <span class='ocrx_word' id='word_1_79' title='bbox 1261 1159 1361 1213; x_wconf 85' lang='grc' dir='ltr'>Καὶ</span> <span class='ocrx_word' id='word_1_80' title='bbox 1418 1161 1583 1211; x_wconf 77' lang='grc' dir='ltr'>ταῦτα</span> <span class='ocrx_word' id='word_1_81' title='bbox 1618 1157 1710 1228; x_wconf 70' lang='grc' dir='ltr'>μὲν</span> <span class='ocrx_word' id='word_1_82' title='bbox 1756 1156 1893 1209; x_wconf 85' lang='grc' dir='ltr'>ὥστε</span> 
     </span>
    </p>
   </div>
   <div class='ocr_carea' id='block_1_12' title="bbox 226 1245 1893 1322">
    <p class='ocr_par' dir='ltr' id='par_1_12' title="bbox 226 1245 1893 1322">
     <span class='ocr_line' id='line_1_12' title="bbox 226 1245 1893 1322; baseline -0.004 -18"><span class='ocrx_word' id='word_1_83' title='bbox 226 1249 403 1320; x_wconf 82' lang='grc' dir='ltr'>δεῖξαι</span> <span class='ocrx_word' id='word_1_84' title='bbox 456 1251 594 1322; x_wconf 81' lang='grc' dir='ltr'>μήτε</span> <span class='ocrx_word' id='word_1_85' title='bbox 642 1250 709 1303; x_wconf 81' lang='grc' dir='ltr'>τὰ</span> <span class='ocrx_word' id='word_1_86' title='bbox 756 1248 1042 1320; x_wconf 81' lang='grc' dir='ltr'>ἀξιώματα</span> <span class='ocrx_word' id='word_1_87' title='bbox 1073 1245 1483 1307; x_wconf 79' lang='grc' dir='ltr'>σπουδάσαντας</span> <span class='ocrx_word' id='word_1_88' title='bbox 1516 1250 1690 1319; x_wconf 82' lang='grc' dir='ltr'>σχεῖν,</span> <span class='ocrx_word' id='word_1_89' title='bbox 1755 1246 1893 1317; x_wconf 74' lang='grc' dir='ltr'>μήτε</span> 
     </span>
    </p>
   </div>
   <div class='ocr_carea' id='block_1_13' title="bbox 219 1334 1888 1411">
    <p class='ocr_par' dir='ltr' id='par_1_13' title="bbox 219 1334 1888 1411">
     <span class='ocr_line' id='line_1_13' title="bbox 219 1334 1888 1411; baseline -0.003 -19"><span class='ocrx_word' id='word_1_90' title='bbox 219 1346 329 1407; x_wconf 85' lang='grc' dir='ltr'><strong>τῆς</strong></span> <span class='ocrx_word' id='word_1_91' title='bbox 380 1337 469 1391; x_wconf 65' lang='grc' dir='ltr'>ἐπί</span> <span class='ocrx_word' id='word_1_92' title='bbox 519 1358 667 1398; x_wconf 86' lang='grc' dir='ltr'>τινας</span> <span class='ocrx_word' id='word_1_93' title='bbox 714 1338 821 1391; x_wconf 79' lang='grc' dir='ltr'>τῶν</span> <span class='ocrx_word' id='word_1_94' title='bbox 875 1337 1212 1411; x_wconf 82' lang='grc' dir='ltr'>μεγιστάτων</span> <span class='ocrx_word' id='word_1_95' title='bbox 1262 1340 1358 1389; x_wconf 78' lang='grc' dir='ltr'><strong>τοῦ</strong></span> <span class='ocrx_word' id='word_1_96' title='bbox 1394 1334 1662 1408; x_wconf 74' lang='grc' dir='ltr'>βασιλέως</span> <span class='ocrx_word' id='word_1_97' title='bbox 1724 1334 1888 1409; x_wconf 80' lang='grc' dir='ltr'>ὀργῆς</span> 
     </span>
    </p>
   </div>
   <div class='ocr_carea' id='block_1_14' title="bbox 226 1419 1888 1501">
    <p class='ocr_par' dir='ltr' id='par_1_14' title="bbox 226 1419 1888 1501">
     <span class='ocr_line' id='line_1_14' title="bbox 226 1419 1888 1501; baseline -0.004 -20"><span class='ocrx_word' id='word_1_98' title='bbox 226 1426 459 1487; x_wconf 83' lang='grc' dir='ltr'>δικαίως</span> <span class='ocrx_word' id='word_1_99' title='bbox 501 1420 646 1501; x_wconf 77' lang='grc' dir='ltr'>ἔχειν</span> <span class='ocrx_word' id='word_1_100' title='bbox 706 1427 854 1496; x_wconf 73' lang='grc' dir='ltr'>ἡμᾶς</span> <span class='ocrx_word' id='word_1_101' title='bbox 903 1424 1173 1478; x_wconf 76' lang='grc' dir='ltr'>αἰτιᾶσθαί</span> <span class='ocrx_word' id='word_1_102' title='bbox 1225 1444 1394 1487; x_wconf 88' lang='grc' dir='ltr'>τινας.</span> <span class='ocrx_word' id='word_1_103' title='bbox 1454 1419 1610 1477; x_wconf 83' lang='grc' dir='ltr'>Ἀλλ’</span> <span class='ocrx_word' id='word_1_104' title='bbox 1668 1422 1734 1490; x_wconf 76' lang='grc' dir='ltr'><strong>ἦν</strong></span> <span class='ocrx_word' id='word_1_105' title='bbox 1794 1424 1888 1493; x_wconf 74' lang='grc' dir='ltr'>μὲν</span> 
     </span>
    </p>
   </div>
   <div class='ocr_carea' id='block_1_15' title="bbox 215 1510 1888 1586">
    <p class='ocr_par' dir='ltr' id='par_1_15' title="bbox 215 1510 1888 1586">
     <span class='ocr_line' id='line_1_15' title="bbox 215 1510 1888 1586; baseline -0.004 -17"><span class='ocrx_word' id='word_1_106' title='bbox 215 1516 361 1577; x_wconf 73' lang='grc' dir='ltr'>’ίσως</span> <span class='ocrx_word' id='word_1_107' title='bbox 420 1514 510 1569; x_wconf 78' lang='grc' dir='ltr'><strong>καὶ</strong></span> <span class='ocrx_word' id='word_1_108' title='bbox 568 1512 813 1586; x_wconf 84' lang='grc' dir='ltr'>πταῖσμά</span> <span class='ocrx_word' id='word_1_109' title='bbox 842 1534 972 1579; x_wconf 91' lang='grc' dir='ltr'>τινι,</span> <span class='ocrx_word' id='word_1_110' title='bbox 1006 1513 1073 1581; x_wconf 80' lang='grc' dir='ltr'>ἦν</span> <span class='ocrx_word' id='word_1_111' title='bbox 1113 1512 1158 1566; x_wconf 91' lang='grc' dir='ltr'>δ’</span> <span class='ocrx_word' id='word_1_112' title='bbox 1201 1510 1397 1573; x_wconf 83' lang='grc' dir='ltr'>ἄλλοις</span> <span class='ocrx_word' id='word_1_113' title='bbox 1425 1510 1516 1565; x_wconf 86' lang='grc' dir='ltr'><strong>καὶ</strong></span> <span class='ocrx_word' id='word_1_114' title='bbox 1548 1510 1653 1564; x_wconf 84' lang='grc' dir='ltr'>οὐκ</span> <span class='ocrx_word' id='word_1_115' title='bbox 1682 1510 1733 1565; x_wconf 80' lang='grc' dir='ltr'>ἐν</span> <span class='ocrx_word' id='word_1_116' title='bbox 1762 1511 1888 1583; x_wconf 86' lang='grc' dir='ltr'>ἀγα-</span> 
     </span>
    </p>
   </div>
   <div class='ocr_carea' id='block_1_16' title="bbox 226 1598 1892 1677">
    <p class='ocr_par' dir='ltr' id='par_1_16' title="bbox 226 1598 1892 1677">
     <span class='ocr_line' id='line_1_16' title="bbox 226 1598 1892 1677; baseline -0.004 -18"><span class='ocrx_word' id='word_1_117' title='bbox 226 1610 349 1670; x_wconf 85' lang='grc' dir='ltr'>θοῖς</span> <span class='ocrx_word' id='word_1_118' title='bbox 399 1602 625 1676; x_wconf 78' lang='grc' dir='ltr'>ὑποψία,</span> <span class='ocrx_word' id='word_1_119' title='bbox 682 1604 749 1671; x_wconf 75' lang='grc' dir='ltr'>ἦν</span> <span class='ocrx_word' id='word_1_120' title='bbox 806 1600 863 1656; x_wconf 74' lang='grc' dir='ltr'>δὲ</span> <span class='ocrx_word' id='word_1_121' title='bbox 908 1602 998 1657; x_wconf 76' lang='grc' dir='ltr'><strong>καὶ</strong></span> <span class='ocrx_word' id='word_1_122' title='bbox 1054 1599 1322 1677; x_wconf 81' lang='grc' dir='ltr'>βασιλέως</span> <span class='ocrx_word' id='word_1_123' title='bbox 1380 1599 1469 1655; x_wconf 89' lang='grc' dir='ltr'><strong>έπί</strong></span> <span class='ocrx_word' id='word_1_124' title='bbox 1516 1621 1623 1653; x_wconf 90' lang='grc' dir='ltr'>τισι</span> <span class='ocrx_word' id='word_1_125' title='bbox 1675 1598 1892 1670; x_wconf 83' lang='grc' dir='ltr'>θέλημα</span> 
     </span>
    </p>
   </div>
   <div class='ocr_carea' id='block_1_17' title="bbox 227 1684 1892 1766">
    <p class='ocr_par' dir='ltr' id='par_1_17' title="bbox 227 1684 1892 1766">
     <span class='ocr_line' id='line_1_17' title="bbox 227 1684 1892 1766; baseline -0.004 -20"><span class='ocrx_word' id='word_1_126' title='bbox 227 1694 393 1763; x_wconf 79' lang='grc' dir='ltr'>θυμῷ</span> <span class='ocrx_word' id='word_1_127' title='bbox 442 1690 932 1766; x_wconf 84' lang='grc' dir='ltr'>συγκροτούμενον.</span> <span class='ocrx_word' id='word_1_128' title='bbox 981 1691 1077 1745; x_wconf 83' lang='grc' dir='ltr'><strong>Καὶ</strong></span> <span class='ocrx_word' id='word_1_129' title='bbox 1128 1687 1298 1750; x_wconf 78' lang='grc' dir='ltr'>ἄλλος</span> <span class='ocrx_word' id='word_1_130' title='bbox 1345 1689 1547 1762; x_wconf 77' lang='grc' dir='ltr'>ἀγαθὸς</span> <span class='ocrx_word' id='word_1_131' title='bbox 1593 1686 1666 1741; x_wconf 82' lang='grc' dir='ltr'>ὢν</span> <span class='ocrx_word' id='word_1_132' title='bbox 1706 1684 1892 1741; x_wconf 87' lang='grc' dir='ltr'>ἀδόκι-</span> 
     </span>
    </p>
   </div>
   <div class='ocr_carea' id='block_1_18' title="bbox 230 1772 1889 1855">
    <p class='ocr_par' dir='ltr' id='par_1_18' title="bbox 230 1772 1889 1855">
     <span class='ocr_line' id='line_1_18' title="bbox 230 1772 1889 1855; baseline -0.005 -19"><span class='ocrx_word' id='word_1_133' title='bbox 230 1802 338 1855; x_wconf 86' lang='grc' dir='ltr'><strong>μος</strong></span> <span class='ocrx_word' id='word_1_134' title='bbox 391 1778 535 1852; x_wconf 82' lang='grc' dir='ltr'>ἔδοξε</span> <span class='ocrx_word' id='word_1_135' title='bbox 578 1780 665 1834; x_wconf 80' lang='grc' dir='ltr'><strong>καὶ</strong></span> <span class='ocrx_word' id='word_1_136' title='bbox 700 1780 1044 1855; x_wconf 85' lang='grc' dir='ltr'>παρώραται,</span> <span class='ocrx_word' id='word_1_137' title='bbox 1076 1778 1255 1846; x_wconf 75' lang='grc' dir='ltr'>ἥκιστ’</span> <span class='ocrx_word' id='word_1_138' title='bbox 1307 1778 1452 1847; x_wconf 81' lang='grc' dir='ltr'>ἄξιος</span> <span class='ocrx_word' id='word_1_139' title='bbox 1500 1772 1593 1831; x_wconf 80' lang='grc' dir='ltr'><strong>ὤν.</strong></span> <span class='ocrx_word' id='word_1_140' title='bbox 1649 1778 1747 1832; x_wconf 87' lang='grc' dir='ltr'>Ἦν</span> <span class='ocrx_word' id='word_1_141' title='bbox 1800 1776 1889 1829; x_wconf 80' lang='grc' dir='ltr'>οὖν</span> 
     </span>
    </p>
   </div>
   <div class='ocr_carea' id='block_1_19' title="bbox 226 1863 1890 1944">
    <p class='ocr_par' dir='ltr' id='par_1_19' title="bbox 226 1863 1890 1944">
     <span class='ocr_line' id='line_1_19' title="bbox 226 1863 1890 1944; baseline -0.004 -19"><span class='ocrx_word' id='word_1_142' title='bbox 226 1870 449 1925; x_wconf 79' lang='grc' dir='ltr'>ἐκείνων</span> <span class='ocrx_word' id='word_1_143' title='bbox 507 1870 738 1944; x_wconf 87' lang='grc' dir='ltr'>καιρὸς,</span> <span class='ocrx_word' id='word_1_144' title='bbox 798 1867 940 1923; x_wconf 80' lang='grc' dir='ltr'>οὕτω</span> <span class='ocrx_word' id='word_1_145' title='bbox 1000 1866 1155 1937; x_wconf 78' lang='grc' dir='ltr'>δόξαν</span> <span class='ocrx_word' id='word_1_146' title='bbox 1205 1871 1284 1939; x_wconf 77' lang='grc' dir='ltr'>τῷ</span> <span class='ocrx_word' id='word_1_147' title='bbox 1340 1864 1647 1940; x_wconf 86' lang='grc' dir='ltr'>κρείττονι.</span> <span class='ocrx_word' id='word_1_148' title='bbox 1711 1863 1890 1919; x_wconf 85' lang='grc' dir='ltr'>Ἀλλά</span> 
     </span>
    </p>
   </div>
   <div class='ocr_carea' id='block_1_20' title="bbox 224 1952 1886 2030">
    <p class='ocr_par' dir='ltr' id='par_1_20' title="bbox 224 1952 1886 2030">
     <span class='ocr_line' id='line_1_20' title="bbox 224 1952 1886 2030; baseline -0.004 -17"><span class='ocrx_word' id='word_1_149' title='bbox 224 1964 337 2028; x_wconf 74' lang='grc' dir='ltr'>νῦν,</span> <span class='ocrx_word' id='word_1_150' title='bbox 402 1960 576 2030; x_wconf 70' lang='grc' dir='ltr'>οἶμαι,</span> <span class='ocrx_word' id='word_1_151' title='bbox 638 1956 751 2012; x_wconf 79' lang='grc' dir='ltr'>ἔστι</span> <span class='ocrx_word' id='word_1_152' title='bbox 808 1958 898 2011; x_wconf 81' lang='grc' dir='ltr'><strong>καὶ</strong></span> <span class='ocrx_word' id='word_1_153' title='bbox 954 1964 1055 2025; x_wconf 80' lang='grc' dir='ltr'><strong>τῆς</strong></span> <span class='ocrx_word' id='word_1_154' title='bbox 1102 1957 1357 2022; x_wconf 87' lang='grc' dir='ltr'>ἀνέσεως,</span> <span class='ocrx_word' id='word_1_155' title='bbox 1390 1952 1531 2011; x_wconf 80' lang='grc' dir='ltr'>Ἰδοὺ</span> <span class='ocrx_word' id='word_1_156' title='bbox 1562 1954 1664 2028; x_wconf 72' lang='grc' dir='ltr'><strong>γὰρ</strong></span> <span class='ocrx_word' id='word_1_157' title='bbox 1699 1955 1726 2007; x_wconf 85' lang='grc' dir='ltr'>ὁ</span> <span class='ocrx_word' id='word_1_158' title='bbox 1756 1973 1886 2026; x_wconf 83' lang='grc' dir='ltr'>κρα-</span> 
     </span>
    </p>
   </div>
   <div class='ocr_carea' id='block_1_21' title="bbox 222 2042 1886 2120">
    <p class='ocr_par' dir='ltr' id='par_1_21' title="bbox 222 2042 1886 2120">
     <span class='ocr_line' id='line_1_21' title="bbox 222 2042 1886 2120; baseline -0.004 -18"><span class='ocrx_word' id='word_1_159' title='bbox 222 2053 336 2104; x_wconf 81' lang='grc' dir='ltr'><strong>τῶν</strong></span> <span class='ocrx_word' id='word_1_160' title='bbox 387 2045 658 2115; x_wconf 83' lang='grc' dir='ltr'>ἐκποδὼν,</span> <span class='ocrx_word' id='word_1_161' title='bbox 710 2047 796 2101; x_wconf 83' lang='grc' dir='ltr'><strong>καὶ</strong></span> <span class='ocrx_word' id='word_1_162' title='bbox 850 2048 878 2100; x_wconf 84' lang='grc' dir='ltr'>ὁ</span> <span class='ocrx_word' id='word_1_163' title='bbox 922 2046 973 2115; x_wconf 81' lang='grc' dir='ltr'>ἐξ</span> <span class='ocrx_word' id='word_1_164' title='bbox 1006 2045 1209 2100; x_wconf 80' lang='grc' dir='ltr'>ἐκείνου</span> <span class='ocrx_word' id='word_1_165' title='bbox 1254 2043 1399 2117; x_wconf 75' lang='grc' dir='ltr'>ἄξιος</span> <span class='ocrx_word' id='word_1_166' title='bbox 1455 2045 1643 2120; x_wconf 80' lang='grc' dir='ltr'>ἄρχειν</span> <span class='ocrx_word' id='word_1_167' title='bbox 1698 2042 1886 2117; x_wconf 79' lang='grc' dir='ltr'>μεῖράξ</span> 
     </span>
    </p>
   </div>
   <div class='ocr_carea' id='block_1_22' title="bbox 227 2131 1889 2209">
    <p class='ocr_par' dir='ltr' id='par_1_22' title="bbox 227 2131 1889 2209">
     <span class='ocr_line' id='line_1_22' title="bbox 227 2131 1889 2209; baseline -0.005 -17"><span class='ocrx_word' id='word_1_168' title='bbox 227 2137 396 2208; x_wconf 63' lang='grc' dir='ltr'>ἐστιν,</span> <span class='ocrx_word' id='word_1_169' title='bbox 443 2137 517 2197; x_wconf 77' lang='grc' dir='ltr'>ὡς</span> <span class='ocrx_word' id='word_1_170' title='bbox 566 2137 747 2209; x_wconf 80' lang='grc' dir='ltr'>ὁρᾶτε.</span> <span class='ocrx_word' id='word_1_171' title='bbox 795 2135 885 2189; x_wconf 83' lang='grc' dir='ltr'><strong>καὶ</strong></span> <span class='ocrx_word' id='word_1_172' title='bbox 932 2132 1020 2188; x_wconf 76' lang='grc' dir='ltr'>διὰ</span> <span class='ocrx_word' id='word_1_173' title='bbox 1064 2139 1231 2188; x_wconf 78' lang='grc' dir='ltr'>τουτο</span> <span class='ocrx_word' id='word_1_174' title='bbox 1270 2131 1491 2202; x_wconf 86' lang='grc' dir='ltr'>πολλῆς</span> <span class='ocrx_word' id='word_1_175' title='bbox 1553 2133 1647 2203; x_wconf 73' lang='grc' dir='ltr'>μὲν</span> <span class='ocrx_word' id='word_1_176' title='bbox 1675 2136 1889 2191; x_wconf 83' lang='grc' dir='ltr'>πιστοῖς</span> 
     </span>
    </p>
   </div>
   <div class='ocr_carea' id='block_1_23' title="bbox 226 2219 1888 2300">
    <p class='ocr_par' dir='ltr' id='par_1_23' title="bbox 226 2219 1888 2300">
     <span class='ocr_line' id='line_1_23' title="bbox 226 2219 1888 2300; baseline -0.005 -20"><span class='ocrx_word' id='word_1_177' title='bbox 226 2227 347 2281; x_wconf 71' lang='grc' dir='ltr'>οὖσι</span> <span class='ocrx_word' id='word_1_178' title='bbox 380 2232 483 2294; x_wconf 80' lang='grc' dir='ltr'><strong>τῆς</strong></span> <span class='ocrx_word' id='word_1_179' title='bbox 515 2222 598 2278; x_wconf 79' lang='grc' dir='ltr'><strong>ἐπ’</strong></span> <span class='ocrx_word' id='word_1_180' title='bbox 622 2223 769 2295; x_wconf 78' lang='grc' dir='ltr'>αὐτῷ</span> <span class='ocrx_word' id='word_1_181' title='bbox 800 2221 883 2277; x_wconf 86' lang='grc' dir='ltr'><strong>δεῖ</strong></span> <span class='ocrx_word' id='word_1_182' title='bbox 914 2220 1218 2300; x_wconf 73' lang='grc' dir='ltr'>φροντίδος,</span> <span class='ocrx_word' id='word_1_183' title='bbox 1261 2228 1466 2295; x_wconf 79' lang='grc' dir='ltr'>συχνῆς</span> <span class='ocrx_word' id='word_1_184' title='bbox 1519 2219 1575 2297; x_wconf 69' lang='grc' dir='ltr'><strong>δέ</strong></span> <span class='ocrx_word' id='word_1_185' title='bbox 1615 2227 1714 2288; x_wconf 79' lang='grc' dir='ltr'>τῆς</span> <span class='ocrx_word' id='word_1_186' title='bbox 1766 2220 1888 2273; x_wconf 71' lang='grc' dir='ltr'>ἐπι-</span> 
     </span>
    </p>
   </div>
   <div class='ocr_carea' id='block_1_24' title="bbox 230 2306 1887 2388">
    <p class='ocr_par' dir='ltr' id='par_1_24' title="bbox 230 2306 1887 2388">
     <span class='ocr_line' id='line_1_24' title="bbox 230 2306 1887 2388; baseline -0.004 -20"><span class='ocrx_word' id='word_1_187' title='bbox 230 2312 480 2388; x_wconf 88' lang='grc' dir='ltr'>μελείας,</span> <span class='ocrx_word' id='word_1_188' title='bbox 549 2312 624 2375; x_wconf 85' lang='grc' dir='ltr'>ὡς</span> <span class='ocrx_word' id='word_1_189' title='bbox 682 2312 740 2367; x_wconf 80' lang='grc' dir='ltr'><strong>ἃν</strong></span> <span class='ocrx_word' id='word_1_190' title='bbox 790 2311 880 2366; x_wconf 89' lang='grc' dir='ltr'>καὶ</span> <span class='ocrx_word' id='word_1_191' title='bbox 923 2312 1061 2386; x_wconf 88' lang='grc' dir='ltr'>πρὸς</span> <span class='ocrx_word' id='word_1_192' title='bbox 1114 2311 1239 2373; x_wconf 81' lang='grc' dir='ltr'>τοὺς</span> <span class='ocrx_word' id='word_1_193' title='bbox 1270 2310 1419 2374; x_wconf 82' lang='grc' dir='ltr'>ἐντὸς</span> <span class='ocrx_word' id='word_1_194' title='bbox 1448 2312 1540 2364; x_wconf 84' lang='grc' dir='ltr'>καί</span> <span class='ocrx_word' id='word_1_195' title='bbox 1570 2309 1709 2384; x_wconf 86' lang='grc' dir='ltr'>πρὸς</span> <span class='ocrx_word' id='word_1_196' title='bbox 1760 2306 1887 2370; x_wconf 82' lang='grc' dir='ltr'>τοὺς</span> 
     </span>
    </p>
   </div>
   <div class='ocr_carea' id='block_1_25' title="bbox 227 2396 1887 2479">
    <p class='ocr_par' dir='ltr' id='par_1_25' title="bbox 227 2396 1887 2479">
     <span class='ocr_line' id='line_1_25' title="bbox 227 2396 1887 2479; baseline -0.006 -20"><span class='ocrx_word' id='word_1_197' title='bbox 227 2403 384 2464; x_wconf 71' lang='grc' dir='ltr'>ἐκτὸς</span> <span class='ocrx_word' id='word_1_198' title='bbox 426 2404 714 2479; x_wconf 69' lang='grc' dir='ltr'>ἀγρυπνεῖν</span> <span class='ocrx_word' id='word_1_199' title='bbox 770 2399 1074 2478; x_wconf 82' lang='grc' dir='ltr'>ὀφείλουσι,</span> <span class='ocrx_word' id='word_1_200' title='bbox 1140 2402 1215 2473; x_wconf 81' lang='grc' dir='ltr'><strong>μή</strong></span> <span class='ocrx_word' id='word_1_201' title='bbox 1274 2420 1390 2460; x_wconf 87' lang='grc' dir='ltr'><strong>πως</strong></span> <span class='ocrx_word' id='word_1_202' title='bbox 1448 2396 1610 2453; x_wconf 84' lang='grc' dir='ltr'>λαθόν</span> <span class='ocrx_word' id='word_1_203' title='bbox 1670 2417 1721 2450; x_wconf 88' lang='grc' dir='ltr'><strong>τι</strong></span> <span class='ocrx_word' id='word_1_204' title='bbox 1779 2401 1887 2450; x_wconf 79' lang='grc' dir='ltr'>τῶν</span> 
     </span>
    </p>
   </div>
   <div class='ocr_carea' id='block_1_26' title="bbox 225 2481 1889 2565">
    <p class='ocr_par' dir='ltr' id='par_1_26' title="bbox 225 2481 1889 2565">
     <span class='ocr_line' id='line_1_26' title="bbox 225 2481 1889 2565; baseline -0.005 -18"><span class='ocrx_word' id='word_1_205' title='bbox 225 2493 544 2563; x_wconf 75' lang='grc' dir='ltr'>ἀνηκέστων</span> <span class='ocrx_word' id='word_1_206' title='bbox 593 2490 837 2565; x_wconf 83' lang='grc' dir='ltr'>γένηται.</span> <span class='ocrx_word' id='word_1_207' title='bbox 893 2496 1074 2551; x_wconf 89' lang='grc' dir='ltr'>Ὂπως</span> <span class='ocrx_word' id='word_1_208' title='bbox 1134 2486 1192 2543; x_wconf 76' lang='grc' dir='ltr'>δὲ</span> <span class='ocrx_word' id='word_1_209' title='bbox 1248 2488 1339 2542; x_wconf 80' lang='grc' dir='ltr'><strong>καὶ</strong></span> <span class='ocrx_word' id='word_1_210' title='bbox 1383 2486 1567 2550; x_wconf 81' lang='grc' dir='ltr'>καλῶς</span> <span class='ocrx_word' id='word_1_211' title='bbox 1622 2481 1739 2560; x_wconf 76' lang='grc' dir='ltr'>ἔχει</span> <span class='ocrx_word' id='word_1_212' title='bbox 1800 2484 1889 2539; x_wconf 87' lang='grc' dir='ltr'><strong>καὶ</strong></span> 
     </span>
    </p>
   </div>
   <div class='ocr_carea' id='block_1_27' title="bbox 229 2575 1889 2655">
    <p class='ocr_par' dir='ltr' id='par_1_27' title="bbox 229 2575 1889 2655">
     <span class='ocr_line' id='line_1_27' title="bbox 229 2575 1889 2655; baseline -0.005 -19"><span class='ocrx_word' id='word_1_213' title='bbox 229 2580 441 2637; x_wconf 85' lang='grc' dir='ltr'>δίκαιον</span> <span class='ocrx_word' id='word_1_214' title='bbox 472 2579 791 2655; x_wconf 71' lang='grc' dir='ltr'>πιστοτέραν</span> <span class='ocrx_word' id='word_1_215' title='bbox 846 2581 944 2648; x_wconf 77' lang='grc' dir='ltr'>τὴν</span> <span class='ocrx_word' id='word_1_216' title='bbox 998 2578 1292 2649; x_wconf 82' lang='grc' dir='ltr'>ὑπηρεσίαν</span> <span class='ocrx_word' id='word_1_217' title='bbox 1324 2581 1417 2631; x_wconf 79' lang='grc' dir='ltr'><strong>νῦν</strong></span> <span class='ocrx_word' id='word_1_218' title='bbox 1448 2578 1483 2646; x_wconf 74' lang='grc' dir='ltr'>ἢ</span> <span class='ocrx_word' id='word_1_219' title='bbox 1523 2576 1585 2630; x_wconf 83' lang='grc' dir='ltr'>τὸ</span> <span class='ocrx_word' id='word_1_220' title='bbox 1625 2575 1889 2648; x_wconf 86' lang='grc' dir='ltr'>πρότερον</span> 
     </span>
    </p>
   </div>
   <div class='ocr_carea' id='block_1_28' title="bbox 232 2662 1888 2746">
    <p class='ocr_par' dir='ltr' id='par_1_28' title="bbox 232 2662 1888 2746">
     <span class='ocr_line' id='line_1_28' title="bbox 232 2662 1888 2746; baseline -0.004 -21"><span class='ocrx_word' id='word_1_221' title='bbox 232 2675 523 2746; x_wconf 81' lang='grc' dir='ltr'>συντηρεῖν</span> <span class='ocrx_word' id='word_1_222' title='bbox 553 2672 634 2741; x_wconf 76' lang='grc' dir='ltr'>τῷ</span> <span class='ocrx_word' id='word_1_223' title='bbox 666 2666 1006 2741; x_wconf 86' lang='grc' dir='ltr'>δεσπόζοντι,</span> <span class='ocrx_word' id='word_1_224' title='bbox 1038 2666 1191 2723; x_wconf 75' lang='grc' dir='ltr'>οὐδέν</span> <span class='ocrx_word' id='word_1_225' title='bbox 1235 2663 1695 2737; x_wconf 78' lang='grc' dir='ltr'>ὑποστειλάμενος</span> <span class='ocrx_word' id='word_1_226' title='bbox 1729 2662 1888 2732; x_wconf 83' lang='grc' dir='ltr'>λέξω.</span> 
     </span>
    </p>
   </div>
   <div class='ocr_carea' id='block_1_29' title="bbox 234 2850 1894 2926">
    <p class='ocr_par' dir='ltr' id='par_1_29' title="bbox 234 2850 1894 2926">
     <span class='ocr_line' id='line_1_29' title="bbox 234 2850 1894 2926; baseline -0.007 -14"><span class='ocrx_word' id='word_1_227' title='bbox 234 2856 449 2912; x_wconf 89' lang='lat' dir='ltr'><strong>deinde</strong></span> <span class='ocrx_word' id='word_1_228' title='bbox 479 2852 892 2926; x_wconf 88' lang='lat' dir='ltr'><strong>irreparabiles</strong></span> <span class='ocrx_word' id='word_1_229' title='bbox 935 2852 986 2909; x_wconf 88' lang='lat' dir='ltr'><strong>si</strong></span> <span class='ocrx_word' id='word_1_230' title='bbox 1045 2852 1279 2908; x_wconf 70' lang='lat' dir='ltr'><strong>inﬂicta:</strong></span> <span class='ocrx_word' id='word_1_231' title='bbox 1346 2855 1506 2918; x_wconf 90' lang='lat' dir='ltr'><strong>sunt,</strong></span> <span class='ocrx_word' id='word_1_232' title='bbox 1567 2850 1691 2905; x_wconf 85' lang='lat' dir='ltr'><strong>sine</strong></span> <span class='ocrx_word' id='word_1_233' title='bbox 1750 2863 1894 2902; x_wconf 88' lang='lat' dir='ltr'><strong>con-</strong></span> 
     </span>
    </p>
   </div>
   <div class='ocr_carea' id='block_1_30' title="bbox 233 2935 1891 3014">
    <p class='ocr_par' dir='ltr' id='par_1_30' title="bbox 233 2935 1891 3014">
     <span class='ocr_line' id='line_1_30' title="bbox 233 2935 1891 3014; baseline -0.006 -13"><span class='ocrx_word' id='word_1_234' title='bbox 233 2962 438 3011; x_wconf 87' lang='lat' dir='ltr'><strong>sensu,</strong></span> <span class='ocrx_word' id='word_1_235' title='bbox 469 2944 597 3000; x_wconf 83' lang='lat' dir='ltr'><strong>sine</strong></span> <span class='ocrx_word' id='word_1_236' title='bbox 629 2942 805 3014; x_wconf 90' lang='lat' dir='ltr'><strong>culpa</strong></span> <span class='ocrx_word' id='word_1_237' title='bbox 827 2946 966 2997; x_wconf 91' lang='lat' dir='ltr'><strong>sunt</strong></span> <span class='ocrx_word' id='word_1_238' title='bbox 992 2947 1193 2998; x_wconf 90' lang='lat' dir='ltr'><strong>nostra</strong></span> <span class='ocrx_word' id='word_1_239' title='bbox 1223 2941 1477 3011; x_wconf 70' lang='lat' dir='ltr'><strong>inﬂictae,</strong></span> <span class='ocrx_word' id='word_1_240' title='bbox 1502 2938 1628 2996; x_wconf 89' lang='lat' dir='ltr'><strong>sola</strong></span> <span class='ocrx_word' id='word_1_241' title='bbox 1644 2943 1701 2993; x_wconf 89' lang='lat' dir='ltr'><strong>et</strong></span> <span class='ocrx_word' id='word_1_242' title='bbox 1722 2935 1891 2992; x_wconf 90' lang='lat' dir='ltr'><strong>nobis</strong></span> 
     </span>
    </p>
   </div>
   <div class='ocr_carea' id='block_1_31' title="bbox 230 3027 1887 3103">
    <p class='ocr_par' dir='ltr' id='par_1_31' title="bbox 230 3027 1887 3103">
     <span class='ocr_line' id='line_1_31' title="bbox 230 3027 1887 3103; baseline -0.005 -15"><span class='ocrx_word' id='word_1_243' title='bbox 230 3030 593 3088; x_wconf 85' lang='lat' dir='ltr'><strong>ineluctabili</strong></span> <span class='ocrx_word' id='word_1_244' title='bbox 629 3033 929 3103; x_wconf 77' lang='lat' dir='ltr'><strong>regnantis</strong></span> <span class='ocrx_word' id='word_1_245' title='bbox 960 3031 1280 3087; x_wconf 77' lang='lat' dir='ltr'><strong>voluntate.</strong></span> <span class='ocrx_word' id='word_1_246' title='bbox 1306 3030 1469 3085; x_wconf 87' lang='lat' dir='ltr'><strong>Dicet</strong></span> <span class='ocrx_word' id='word_1_247' title='bbox 1490 3027 1702 3100; x_wconf 78' lang='lat' dir='ltr'><strong>aliquis</strong></span> <span class='ocrx_word' id='word_1_248' title='bbox 1736 3044 1748 3082; x_wconf 91' lang='lat'><strong>:</strong></span> <span class='ocrx_word' id='word_1_249' title='bbox 1783 3027 1887 3081; x_wconf 78' lang='grc' dir='ltr'><strong>Ροο</strong></span> 
     </span>
    </p>
   </div>
   <div class='ocr_carea' id='block_1_32' title="bbox 234 3117 1887 3192">
    <p class='ocr_par' dir='ltr' id='par_1_32' title="bbox 234 3117 1887 3192">
     <span class='ocr_line' id='line_1_32' title="bbox 234 3117 1887 3192; baseline -0.003 -16"><span class='ocrx_word' id='word_1_250' title='bbox 234 3123 349 3176; x_wconf 87' lang='lat' dir='ltr'><strong>tuit</strong></span> <span class='ocrx_word' id='word_1_251' title='bbox 382 3122 594 3176; x_wconf 86' lang='lat' dir='ltr'><strong>talibus</strong></span> <span class='ocrx_word' id='word_1_252' title='bbox 630 3137 883 3192; x_wconf 72' lang='lat' dir='ltr'><strong>praesens</strong></span> <span class='ocrx_word' id='word_1_253' title='bbox 906 3121 1159 3191; x_wconf 89' lang='lat' dir='ltr'><strong>objicere</strong></span> <span class='ocrx_word' id='word_1_254' title='bbox 1183 3136 1245 3175; x_wconf 92' lang='lat' dir='ltr'><strong>se</strong></span> <span class='ocrx_word' id='word_1_255' title='bbox 1277 3119 1536 3175; x_wconf 90' lang='lat' dir='ltr'><strong>medium</strong></span> <span class='ocrx_word' id='word_1_256' title='bbox 1570 3121 1628 3171; x_wconf 83' lang='lat' dir='ltr'><strong>et</strong></span> <span class='ocrx_word' id='word_1_257' title='bbox 1659 3117 1887 3187; x_wconf 72' lang='lat' dir='ltr'><strong>injuriae</strong></span> 
     </span>
    </p>
   </div>
   <div class='ocr_carea' id='block_1_33' title="bbox 229 3205 1884 3281">
    <p class='ocr_par' dir='ltr' id='par_1_33' title="bbox 229 3205 1884 3281">
     <span class='ocr_line' id='line_1_33' title="bbox 229 3205 1884 3281; baseline -0.004 -15"><span class='ocrx_word' id='word_1_258' title='bbox 229 3211 477 3266; x_wconf 87' lang='lat' dir='ltr'><strong>obstare.</strong></span> <span class='ocrx_word' id='word_1_259' title='bbox 504 3209 723 3277; x_wconf 81' lang='lat' dir='ltr'><strong>Potuit,</strong></span> <span class='ocrx_word' id='word_1_260' title='bbox 741 3211 840 3264; x_wconf 91' lang='lat' dir='ltr'><strong>sed</strong></span> <span class='ocrx_word' id='word_1_261' title='bbox 863 3208 1548 3281; x_wconf 87' lang='lat' dir='ltr'><strong>patientibusinutiliter,</strong></span> <span class='ocrx_word' id='word_1_262' title='bbox 1568 3207 1677 3263; x_wconf 89' lang='lat' dir='ltr'>sibi</span> <span class='ocrx_word' id='word_1_263' title='bbox 1695 3205 1884 3261; x_wconf 85' lang='lat' dir='ltr'><strong>noxie:</strong></span> 
     </span>
    </p>
   </div>
   <div class='ocr_carea' id='block_1_34' title="bbox 228 3297 1886 3369">
    <p class='ocr_par' dir='ltr' id='par_1_34' title="bbox 228 3297 1886 3369">
     <span class='ocr_line' id='line_1_34' title="bbox 228 3297 1886 3369; baseline -0.002 -14"><span class='ocrx_word' id='word_1_264' title='bbox 228 3317 395 3356; x_wconf 88' lang='lat' dir='ltr'><strong>suam</strong></span> <span class='ocrx_word' id='word_1_265' title='bbox 430 3299 589 3354; x_wconf 88' lang='lat' dir='ltr'><strong>enim</strong></span> <span class='ocrx_word' id='word_1_266' title='bbox 621 3299 704 3353; x_wconf 89' lang='lat' dir='ltr'><strong>sic</strong></span> <span class='ocrx_word' id='word_1_267' title='bbox 737 3298 1034 3354; x_wconf 79' lang='lat' dir='ltr'><strong>fortunam</strong></span> <span class='ocrx_word' id='word_1_268' title='bbox 1059 3300 1348 3369; x_wconf 82' lang='lat' dir='ltr'><strong>perderet,</strong></span> <span class='ocrx_word' id='word_1_269' title='bbox 1384 3297 1585 3353; x_wconf 63' lang='lat' dir='ltr'><strong>alienas</strong></span> <span class='ocrx_word' id='word_1_270' title='bbox 1614 3312 1727 3352; x_wconf 91' lang='lat' dir='ltr'><strong>non</strong></span> <span class='ocrx_word' id='word_1_271' title='bbox 1758 3313 1886 3367; x_wconf 91' lang='lat' dir='ltr'><strong>pro-</strong></span> 
     </span>
    </p>
   </div>
   <div class='ocr_carea' id='block_1_35' title="bbox 232 3386 1883 3458">
    <p class='ocr_par' dir='ltr' id='par_1_35' title="bbox 232 3386 1883 3458">
     <span class='ocr_line' id='line_1_35' title="bbox 232 3386 1883 3458; baseline -0.002 -14"><span class='ocrx_word' id='word_1_272' title='bbox 232 3390 447 3445; x_wconf 78' lang='lat' dir='ltr'><strong>desset.</strong></span> <span class='ocrx_word' id='word_1_273' title='bbox 486 3389 586 3442; x_wconf 87' lang='lat' dir='ltr'><strong>Vis</strong></span> <span class='ocrx_word' id='word_1_274' title='bbox 618 3392 821 3443; x_wconf 88' lang='lat' dir='ltr'><strong>contra</strong></span> <span class='ocrx_word' id='word_1_275' title='bbox 854 3390 1040 3458; x_wconf 85' lang='lat' dir='ltr'><strong>major</strong></span> <span class='ocrx_word' id='word_1_276' title='bbox 1070 3394 1125 3443; x_wconf 90' lang='lat' dir='ltr'><strong>et</strong></span> <span class='ocrx_word' id='word_1_277' title='bbox 1155 3388 1372 3443; x_wconf 84' lang='lat' dir='ltr'><strong>invicta</strong></span> <span class='ocrx_word' id='word_1_278' title='bbox 1403 3386 1721 3441; x_wconf 78' lang='lat' dir='ltr'><strong>necessitas</strong></span> <span class='ocrx_word' id='word_1_279' title='bbox 1752 3402 1883 3440; x_wconf 88' lang='lat' dir='ltr'><strong>rue-</strong></span> 
     </span>
    </p>
   </div>
   <div class='ocr_carea' id='block_1_36' title="bbox 230 3474 1878 3548">
    <p class='ocr_par' dir='ltr' id='par_1_36' title="bbox 230 3474 1878 3548">
     <span class='ocr_line' id='line_1_36' title="bbox 230 3474 1878 3548; baseline -0.003 -16"><span class='ocrx_word' id='word_1_280' title='bbox 230 3479 347 3546; x_wconf 89' lang='lat' dir='ltr'><strong>bat,</strong></span> <span class='ocrx_word' id='word_1_281' title='bbox 380 3477 680 3533; x_wconf 89' lang='lat' dir='ltr'><strong>obstantia</strong></span> <span class='ocrx_word' id='word_1_282' title='bbox 730 3494 975 3548; x_wconf 83' lang='lat' dir='ltr'><strong>quaeque</strong></span> <span class='ocrx_word' id='word_1_283' title='bbox 1008 3480 1380 3548; x_wconf 86' lang='lat' dir='ltr'><strong>perruptura.</strong></span> <span class='ocrx_word' id='word_1_284' title='bbox 1408 3474 1684 3531; x_wconf 71' lang='lat' dir='ltr'><strong>Praevalet</strong></span> <span class='ocrx_word' id='word_1_285' title='bbox 1723 3474 1878 3529; x_wconf 87' lang='lat' dir='ltr'><strong>enim</strong></span> 
     </span>
    </p>
   </div>
   <div class='ocr_carea' id='block_1_37' title="bbox 233 3562 1883 3634">
    <p class='ocr_par' dir='ltr' id='par_1_37' title="bbox 233 3562 1883 3634">
     <span class='ocr_line' id='line_1_37' title="bbox 233 3562 1883 3634; baseline -0.004 -11"><span class='ocrx_word' id='word_1_286' title='bbox 233 3584 354 3634; x_wconf 85' lang='lat' dir='ltr'><strong>rex,</strong></span> <span class='ocrx_word' id='word_1_287' title='bbox 387 3583 522 3620; x_wconf 85' lang='lat' dir='ltr'><strong>cum</strong></span> <span class='ocrx_word' id='word_1_288' title='bbox 570 3566 867 3621; x_wconf 90' lang='lat' dir='ltr'><strong>imbecillo</strong></span> <span class='ocrx_word' id='word_1_289' title='bbox 914 3565 1207 3621; x_wconf 84' lang='lat' dir='ltr'><strong>irascitur.</strong></span> <span class='ocrx_word' id='word_1_290' title='bbox 1241 3570 1374 3619; x_wconf 69' lang='lat' dir='ltr'><strong>Haec</strong></span> <span class='ocrx_word' id='word_1_291' title='bbox 1432 3565 1589 3618; x_wconf 91' lang='lat' dir='ltr'><strong>dicta</strong></span> <span class='ocrx_word' id='word_1_292' title='bbox 1645 3562 1784 3627; x_wconf 91' lang='lat' dir='ltr'><strong>sint,</strong></span> <span class='ocrx_word' id='word_1_293' title='bbox 1816 3566 1883 3617; x_wconf 90' lang='lat' dir='ltr'><strong>ut</strong></span> 
     </span>
    </p>
   </div>
   <div class='ocr_carea' id='block_1_38' title="bbox 228 3654 1879 3727">
    <p class='ocr_par' dir='ltr' id='par_1_38' title="bbox 228 3654 1879 3727">
     <span class='ocr_line' id='line_1_38' title="bbox 228 3654 1879 3727; baseline -0.003 -15"><span class='ocrx_word' id='word_1_294' title='bbox 228 3659 667 3712; x_wconf 87' lang='lat' dir='ltr'><strong>demonstretur</strong></span> <span class='ocrx_word' id='word_1_295' title='bbox 706 3672 895 3727; x_wconf 91' lang='lat' dir='ltr'><strong>neque</strong></span> <span class='ocrx_word' id='word_1_296' title='bbox 924 3656 1080 3727; x_wconf 91' lang='lat' dir='ltr'><strong>quod</strong></span> <span class='ocrx_word' id='word_1_297' title='bbox 1138 3654 1475 3725; x_wconf 83' lang='lat' dir='ltr'><strong>dignitates,</strong></span> <span class='ocrx_word' id='word_1_298' title='bbox 1507 3669 1624 3707; x_wconf 92' lang='lat' dir='ltr'><strong>non</strong></span> <span class='ocrx_word' id='word_1_299' title='bbox 1681 3654 1879 3707; x_wconf 89' lang='lat' dir='ltr'><strong>studio</strong></span> 
     </span>
    </p>
   </div>
   <div class='ocr_carea' id='block_1_39' title="bbox 226 3740 1880 3816">
    <p class='ocr_par' dir='ltr' id='par_1_39' title="bbox 226 3740 1880 3816">
     <span class='ocr_line' id='line_1_39' title="bbox 226 3740 1880 3816; baseline -0.004 -17"><span class='ocrx_word' id='word_1_300' title='bbox 226 3746 523 3816; x_wconf 59' lang='lat' dir='ltr'><strong>qua-sitas,</strong></span> <span class='ocrx_word' id='word_1_301' title='bbox 549 3744 973 3816; x_wconf 86' lang='lat' dir='ltr'><strong>acceperimus,</strong></span> <span class='ocrx_word' id='word_1_302' title='bbox 1006 3760 1196 3815; x_wconf 90' lang='lat' dir='ltr'><strong>neque</strong></span> <span class='ocrx_word' id='word_1_303' title='bbox 1236 3742 1286 3798; x_wconf 88' lang='lat' dir='ltr'><strong>si</strong></span> <span class='ocrx_word' id='word_1_304' title='bbox 1317 3759 1444 3814; x_wconf 78' lang='lat' dir='ltr'><strong>quae</strong></span> <span class='ocrx_word' id='word_1_305' title='bbox 1481 3742 1665 3796; x_wconf 88' lang='lat' dir='ltr'><strong>iratus</strong></span> <span class='ocrx_word' id='word_1_306' title='bbox 1716 3740 1880 3810; x_wconf 90' lang='lat' dir='ltr'><strong>prin-</strong></span> 
     </span>
    </p>
   </div>
   <div class='ocr_carea' id='block_1_40' title="bbox 225 3831 1877 3906">
    <p class='ocr_par' dir='ltr' id='par_1_40' title="bbox 225 3831 1877 3906">
     <span class='ocr_line' id='line_1_40' title="bbox 225 3831 1877 3906; baseline -0.004 -16"><span class='ocrx_word' id='word_1_307' title='bbox 225 3851 359 3906; x_wconf 89' lang='lat' dir='ltr'><strong>ceps</strong></span> <span class='ocrx_word' id='word_1_308' title='bbox 392 3850 544 3889; x_wconf 73' lang='lat' dir='ltr'><strong>saeve</strong></span> <span class='ocrx_word' id='word_1_309' title='bbox 573 3834 632 3888; x_wconf 90' lang='lat' dir='ltr'><strong>in</strong></span> <span class='ocrx_word' id='word_1_310' title='bbox 652 3835 939 3905; x_wconf 90' lang='lat' dir='ltr'><strong>quosdam</strong></span> <span class='ocrx_word' id='word_1_311' title='bbox 956 3833 1304 3905; x_wconf 76' lang='lat' dir='ltr'><strong>optimatum</strong></span> <span class='ocrx_word' id='word_1_312' title='bbox 1330 3831 1659 3903; x_wconf 79' lang='lat' dir='ltr'><strong>infestoque</strong></span> <span class='ocrx_word' id='word_1_313' title='bbox 1680 3831 1877 3884; x_wconf 87' lang='lat' dir='ltr'><strong>decre-</strong></span> 
     </span>
    </p>
   </div>
   <div class='ocr_carea' id='block_1_41' title="bbox 225 3919 1874 3994">
    <p class='ocr_par' dir='ltr' id='par_1_41' title="bbox 225 3919 1874 3994">
     <span class='ocr_line' id='line_1_41' title="bbox 225 3919 1874 3994; baseline -0.001 -17"><span class='ocrx_word' id='word_1_314' title='bbox 225 3924 389 3989; x_wconf 87' lang='lat' dir='ltr'><strong>verit,</strong></span> <span class='ocrx_word' id='word_1_315' title='bbox 424 3923 657 3978; x_wconf 88' lang='lat' dir='ltr'><strong>crimini</strong></span> <span class='ocrx_word' id='word_1_316' title='bbox 691 3923 857 3979; x_wconf 90' lang='lat' dir='ltr'><strong>nobis</strong></span> <span class='ocrx_word' id='word_1_317' title='bbox 907 3924 1073 3993; x_wconf 85' lang='lat' dir='ltr'><strong>juste</strong></span> <span class='ocrx_word' id='word_1_318' title='bbox 1096 3940 1129 3978; x_wconf 87' lang='lat' dir='ltr'><strong>a</strong></span> <span class='ocrx_word' id='word_1_319' title='bbox 1173 3937 1471 3994; x_wconf 88' lang='lat' dir='ltr'><strong>quoquam</strong></span> <span class='ocrx_word' id='word_1_320' title='bbox 1504 3919 1646 3975; x_wconf 90' lang='lat' dir='ltr'><strong>verti</strong></span> <span class='ocrx_word' id='word_1_321' title='bbox 1683 3934 1874 3990; x_wconf 83' lang='lat' dir='ltr'><strong>posse.</strong></span> 
     </span>
    </p>
   </div>
   <div class='ocr_carea' id='block_1_42' title="bbox 224 4008 1878 4083">
    <p class='ocr_par' dir='ltr' id='par_1_42' title="bbox 224 4008 1878 4083">
     <span class='ocr_line' id='line_1_42' title="bbox 224 4008 1878 4083; baseline -0.004 -16"><span class='ocrx_word' id='word_1_322' title='bbox 224 4013 331 4068; x_wconf 81' lang='lat' dir='ltr'><strong>Sed</strong></span> <span class='ocrx_word' id='word_1_323' title='bbox 364 4011 456 4067; x_wconf 91' lang='lat' dir='ltr'><strong>vel</strong></span> <span class='ocrx_word' id='word_1_324' title='bbox 482 4012 574 4067; x_wconf 90' lang='lat' dir='ltr'><strong>his</strong></span> <span class='ocrx_word' id='word_1_325' title='bbox 606 4028 844 4067; x_wconf 85' lang='lat' dir='ltr'><strong>causam</strong></span> <span class='ocrx_word' id='word_1_326' title='bbox 878 4010 1193 4083; x_wconf 58' lang='lat' dir='ltr'><strong>praabuerit</strong></span> <span class='ocrx_word' id='word_1_327' title='bbox 1231 4010 1365 4081; x_wconf 90' lang='lat' dir='ltr'><strong>quis</strong></span> <span class='ocrx_word' id='word_1_328' title='bbox 1396 4013 1497 4065; x_wconf 72' lang='grc'><strong>44</strong></span> <span class='ocrx_word' id='word_1_329' title='bbox 1527 4008 1695 4080; x_wconf 86' lang='lat' dir='ltr'><strong>lapsu</strong></span> <span class='ocrx_word' id='word_1_330' title='bbox 1730 4024 1878 4079; x_wconf 93' lang='lat' dir='ltr'><strong>quo-</strong></span> 
     </span>
    </p>
   </div>
   <div class='ocr_carea' id='block_1_43' title="bbox 226 4097 1875 4171">
    <p class='ocr_par' dir='ltr' id='par_1_43' title="bbox 226 4097 1875 4171">
     <span class='ocr_line' id='line_1_43' title="bbox 226 4097 1875 4171; baseline -0.002 -16"><span class='ocrx_word' id='word_1_331' title='bbox 226 4100 359 4155; x_wconf 88' lang='lat' dir='ltr'><strong>dam</strong></span> <span class='ocrx_word' id='word_1_332' title='bbox 395 4117 504 4156; x_wconf 91' lang='lat' dir='ltr'><strong>suo</strong></span> <span class='ocrx_word' id='word_1_333' title='bbox 539 4100 723 4167; x_wconf 88' lang='lat' dir='ltr'><strong>;alios</strong></span> <span class='ocrx_word' id='word_1_334' title='bbox 754 4105 1033 4171; x_wconf 86' lang='lat' dir='ltr'><strong>tanquam</strong></span> <span class='ocrx_word' id='word_1_335' title='bbox 1068 4118 1185 4156; x_wconf 92' lang='lat' dir='ltr'><strong>non</strong></span> <span class='ocrx_word' id='word_1_336' title='bbox 1218 4100 1398 4155; x_wconf 89' lang='lat' dir='ltr'><strong>bonos</strong></span> <span class='ocrx_word' id='word_1_337' title='bbox 1433 4098 1575 4154; x_wconf 77' lang='lat' dir='ltr'><strong>falsa</strong></span> <span class='ocrx_word' id='word_1_338' title='bbox 1617 4097 1875 4168; x_wconf 87' lang='lat' dir='ltr'><strong>suspicio</strong></span> 
     </span>
    </p>
   </div>
   <div class='ocr_carea' id='block_1_44' title="bbox 224 4187 1873 4260">
    <p class='ocr_par' dir='ltr' id='par_1_44' title="bbox 224 4187 1873 4260">
     <span class='ocr_line' id='line_1_44' title="bbox 224 4187 1873 4260; baseline -0.002 -17"><span class='ocrx_word' id='word_1_339' title='bbox 224 4190 552 4244; x_wconf 85' lang='lat' dir='ltr'><strong>traduxerit</strong></span> <span class='ocrx_word' id='word_1_340' title='bbox 580 4208 595 4257; x_wconf 88' lang='lat'><strong>;</strong></span> <span class='ocrx_word' id='word_1_341' title='bbox 628 4192 941 4245; x_wconf 87' lang='lat' dir='ltr'><strong>excesserit</strong></span> <span class='ocrx_word' id='word_1_342' title='bbox 970 4189 1224 4260; x_wconf 88' lang='lat' dir='ltr'><strong>denique</strong></span> <span class='ocrx_word' id='word_1_343' title='bbox 1254 4189 1313 4243; x_wconf 91' lang='lat' dir='ltr'><strong>in</strong></span> <span class='ocrx_word' id='word_1_344' title='bbox 1354 4189 1584 4259; x_wconf 77' lang='lat' dir='ltr'><strong>aliquos</strong></span> <span class='ocrx_word' id='word_1_345' title='bbox 1617 4187 1704 4241; x_wconf 89' lang='lat' dir='ltr'><strong>ira</strong></span> <span class='ocrx_word' id='word_1_346' title='bbox 1734 4203 1873 4241; x_wconf 86' lang='lat' dir='ltr'><strong>con-</strong></span> 
     </span>
    </p>
   </div>
   <div class='ocr_carea' id='block_1_45' title="bbox 223 4277 1875 4349">
    <p class='ocr_par' dir='ltr' id='par_1_45' title="bbox 223 4277 1875 4349">
     <span class='ocr_line' id='line_1_45' title="bbox 223 4277 1875 4349; baseline -0.002 -16"><span class='ocrx_word' id='word_1_347' title='bbox 223 4277 469 4333; x_wconf 89' lang='lat' dir='ltr'><strong>sultriee</strong></span> <span class='ocrx_word' id='word_1_348' title='bbox 501 4294 617 4333; x_wconf 88' lang='lat' dir='ltr'><strong>non</strong></span> <span class='ocrx_word' id='word_1_349' title='bbox 646 4277 801 4333; x_wconf 78' lang='lat' dir='ltr'><strong>fideli</strong></span> <span class='ocrx_word' id='word_1_350' title='bbox 836 4295 945 4333; x_wconf 85' lang='lat' dir='ltr'><strong>usa</strong></span> <span class='ocrx_word' id='word_1_351' title='bbox 1002 4278 1274 4334; x_wconf 84' lang='lat' dir='ltr'><strong>voluntas</strong></span> <span class='ocrx_word' id='word_1_352' title='bbox 1306 4277 1609 4349; x_wconf 82' lang='lat' dir='ltr'><strong>principis.</strong></span> <span class='ocrx_word' id='word_1_353' title='bbox 1654 4277 1875 4347; x_wconf 86' lang='lat' dir='ltr'><strong>Perque</strong></span> 
     </span>
    </p>
   </div>
   <div class='ocr_carea' id='block_1_46' title="bbox 223 4365 1873 4437">
    <p class='ocr_par' dir='ltr' id='par_1_46' title="bbox 223 4365 1873 4437">
     <span class='ocr_line' id='line_1_46' title="bbox 223 4365 1873 4437; baseline -0.003 -15"><span class='ocrx_word' id='word_1_354' title='bbox 223 4365 455 4422; x_wconf 83' lang='lat' dir='ltr'><strong>similes</strong></span> <span class='ocrx_word' id='word_1_355' title='bbox 486 4365 579 4421; x_wconf 91' lang='lat' dir='ltr'><strong>his</strong></span> <span class='ocrx_word' id='word_1_356' title='bbox 608 4382 820 4421; x_wconf 88' lang='lat' dir='ltr'><strong>causas</strong></span> <span class='ocrx_word' id='word_1_357' title='bbox 852 4367 1109 4421; x_wconf 89' lang='lat' dir='ltr'><strong>evenerit</strong></span> <span class='ocrx_word' id='word_1_358' title='bbox 1141 4373 1204 4422; x_wconf 85' lang='lat' dir='ltr'><strong>ut</strong></span> <span class='ocrx_word' id='word_1_359' title='bbox 1259 4367 1358 4437; x_wconf 90' lang='lat' dir='ltr'><strong>qui</strong></span> <span class='ocrx_word' id='word_1_360' title='bbox 1392 4367 1584 4422; x_wconf 91' lang='lat' dir='ltr'><strong>bonus</strong></span> <span class='ocrx_word' id='word_1_361' title='bbox 1613 4371 1738 4421; x_wconf 90' lang='lat' dir='ltr'><strong>erat</strong></span> <span class='ocrx_word' id='word_1_362' title='bbox 1770 4381 1873 4435; x_wconf 92' lang='lat' dir='ltr'><strong>pro</strong></span> 
     </span>
    </p>
   </div>
   <div class='ocr_carea' id='block_1_47' title="bbox 220 4454 1873 4527">
    <p class='ocr_par' dir='ltr' id='par_1_47' title="bbox 220 4454 1873 4527">
     <span class='ocr_line' id='line_1_47' title="bbox 220 4454 1873 4527; baseline -0.001 -17"><span class='ocrx_word' id='word_1_363' title='bbox 220 4458 498 4526; x_wconf 89' lang='lat' dir='ltr'><strong>suspecto</strong></span> <span class='ocrx_word' id='word_1_364' title='bbox 513 4455 1280 4527; x_wconf 84' lang='lat' dir='ltr'><strong>rejieeretur,praeteriretur</strong></span> <span class='ocrx_word' id='word_1_365' title='bbox 1296 4472 1411 4509; x_wconf 93' lang='lat' dir='ltr'><strong>non</strong></span> <span class='ocrx_word' id='word_1_366' title='bbox 1438 4456 1634 4509; x_wconf 91' lang='lat' dir='ltr'><strong>minus</strong></span> <span class='ocrx_word' id='word_1_367' title='bbox 1653 4454 1789 4525; x_wconf 85' lang='lat' dir='ltr'><strong>dign</strong></span> <span class='ocrx_word' id='word_1_368' title='bbox 1803 4470 1873 4508; x_wconf 89' lang='lat' dir='ltr'><strong>us</strong></span> 
     </span>
    </p>
   </div>
   <div class='ocr_carea' id='block_1_48' title="bbox 216 4538 1954 4615">
    <p class='ocr_par' dir='ltr' id='par_1_48' title="bbox 216 4538 1954 4615">
     <span class='ocr_line' id='line_1_48' title="bbox 216 4538 1954 4615; baseline 0.002 -16"><span class='ocrx_word' id='word_1_369' title='bbox 216 4548 552 4615; x_wconf 81' lang='lat' dir='ltr'><strong>assumpto.</strong></span> <span class='ocrx_word' id='word_1_370' title='bbox 586 4544 682 4599; x_wconf 87' lang='lat' dir='ltr'><strong>Sic</strong></span> <span class='ocrx_word' id='word_1_371' title='bbox 712 4547 835 4599; x_wconf 90' lang='lat' dir='ltr'><strong>tum</strong></span> <span class='ocrx_word' id='word_1_372' title='bbox 868 4548 1035 4599; x_wconf 90' lang='lat' dir='ltr'><strong>erant</strong></span> <span class='ocrx_word' id='word_1_373' title='bbox 1070 4551 1349 4615; x_wconf 86' lang='lat' dir='ltr'><strong>tempora.</strong></span> <span class='ocrx_word' id='word_1_374' title='bbox 1382 4544 1477 4599; x_wconf 90' lang='lat' dir='ltr'><strong>Sic</strong></span> <span class='ocrx_word' id='word_1_375' title='bbox 1510 4548 1651 4599; x_wconf 87' lang='lat' dir='ltr'><strong>tunc</strong></span> <span class='ocrx_word' id='word_1_376' title='bbox 1684 4542 1873 4598; x_wconf 89' lang='lat' dir='ltr'><strong>visum</strong></span> <span class='ocrx_word' id='word_1_377' title='bbox 1909 4538 1954 4602; x_wconf 89' lang='lat' dir='ltr'><strong>D</strong></span> 
     </span>
    </p>
   </div>
   <div class='ocr_carea' id='block_1_49' title="bbox 219 4631 1873 4704">
    <p class='ocr_par' dir='ltr' id='par_1_49' title="bbox 219 4631 1873 4704">
     <span class='ocr_line' id='line_1_49' title="bbox 219 4631 1873 4704; baseline -0.002 -15"><span class='ocrx_word' id='word_1_378' title='bbox 219 4648 522 4689; x_wconf 85' lang='lat' dir='ltr'><strong>summam</strong></span> <span class='ocrx_word' id='word_1_379' title='bbox 556 4633 794 4687; x_wconf 89' lang='lat' dir='ltr'><strong>habenti</strong></span> <span class='ocrx_word' id='word_1_380' title='bbox 818 4637 1188 4704; x_wconf 86' lang='lat' dir='ltr'><strong>potestatem.</strong></span> <span class='ocrx_word' id='word_1_381' title='bbox 1223 4638 1297 4685; x_wconf 89' lang='lat' dir='ltr'><strong>At</strong></span> <span class='ocrx_word' id='word_1_382' title='bbox 1319 4633 1606 4701; x_wconf 66' lang='lat' dir='ltr'><strong>praeterito</strong></span> <span class='ocrx_word' id='word_1_383' title='bbox 1638 4631 1720 4686; x_wconf 88' lang='lat' dir='ltr'><strong>illi</strong></span> <span class='ocrx_word' id='word_1_384' title='bbox 1748 4633 1873 4701; x_wconf 86' lang='lat' dir='ltr'><strong>jam</strong></span> 
     </span>
    </p>
   </div>
   <div class='ocr_carea' id='block_1_50' title="bbox 215 4720 1874 4793">
    <p class='ocr_par' dir='ltr' id='par_1_50' title="bbox 215 4720 1874 4793">
     <span class='ocr_line' id='line_1_50' title="bbox 215 4720 1874 4793; baseline 0.001 -17"><span class='ocrx_word' id='word_1_385' title='bbox 215 4720 469 4792; x_wconf 77' lang='lat' dir='ltr'><strong>tempori</strong></span> <span class='ocrx_word' id='word_1_386' title='bbox 502 4720 663 4776; x_wconf 84' lang='lat' dir='ltr'><strong>aliud</strong></span> <span class='ocrx_word' id='word_1_387' title='bbox 689 4722 973 4778; x_wconf 88' lang='lat' dir='ltr'><strong>successit</strong></span> <span class='ocrx_word' id='word_1_388' title='bbox 996 4720 1165 4793; x_wconf 90' lang='lat' dir='ltr'><strong>plane</strong></span> <span class='ocrx_word' id='word_1_389' title='bbox 1187 4721 1506 4789; x_wconf 87' lang='lat' dir='ltr'><strong>diversum,</strong></span> <span class='ocrx_word' id='word_1_390' title='bbox 1530 4724 1765 4792; x_wconf 89' lang='lat' dir='ltr'><strong>tempus</strong></span> <span class='ocrx_word' id='word_1_391' title='bbox 1790 4738 1874 4777; x_wconf 90' lang='lat' dir='ltr'><strong>re-</strong></span> 
     </span>
    </p>
   </div>
   <div class='ocr_carea' id='block_1_51' title="bbox 221 4808 1876 4880">
    <p class='ocr_par' dir='ltr' id='par_1_51' title="bbox 221 4808 1876 4880">
     <span class='ocr_line' id='line_1_51' title="bbox 221 4808 1876 4880; baseline 0.001 -17"><span class='ocrx_word' id='word_1_392' title='bbox 221 4808 525 4864; x_wconf 87' lang='lat' dir='ltr'><strong>missionis</strong></span> <span class='ocrx_word' id='word_1_393' title='bbox 556 4816 614 4865; x_wconf 92' lang='lat' dir='ltr'><strong>et</strong></span> <span class='ocrx_word' id='word_1_394' title='bbox 642 4810 1000 4866; x_wconf 88' lang='lat' dir='ltr'><strong>securitatis.</strong></span> <span class='ocrx_word' id='word_1_395' title='bbox 1039 4810 1177 4865; x_wconf 87' lang='lat' dir='ltr'><strong>Ecce</strong></span> <span class='ocrx_word' id='word_1_396' title='bbox 1235 4809 1335 4880; x_wconf 90' lang='lat' dir='ltr'><strong>qui</strong></span> <span class='ocrx_word' id='word_1_397' title='bbox 1394 4814 1535 4864; x_wconf 89' lang='lat' dir='ltr'><strong>tunc</strong></span> <span class='ocrx_word' id='word_1_398' title='bbox 1593 4811 1876 4879; x_wconf 81' lang='lat' dir='ltr'><strong>regnabat</strong></span> 
     </span>
    </p>
   </div>
   <div class='ocr_carea' id='block_1_52' title="bbox 220 4898 1873 4969">
    <p class='ocr_par' dir='ltr' id='par_1_52' title="bbox 220 4898 1873 4969">
     <span class='ocr_line' id='line_1_52' title="bbox 220 4898 1873 4969; baseline 0.001 -15"><span class='ocrx_word' id='word_1_399' title='bbox 220 4898 499 4954; x_wconf 88' lang='lat' dir='ltr'><strong>sublatus</strong></span> <span class='ocrx_word' id='word_1_400' title='bbox 530 4915 559 4954; x_wconf 93' lang='lat' dir='ltr'><strong>e</strong></span> <span class='ocrx_word' id='word_1_401' title='bbox 592 4899 782 4955; x_wconf 91' lang='lat' dir='ltr'><strong>medio</strong></span> <span class='ocrx_word' id='word_1_402' title='bbox 806 4909 929 4955; x_wconf 87' lang='lat' dir='ltr'><strong>est:</strong></span> <span class='ocrx_word' id='word_1_403' title='bbox 958 4900 1009 4955; x_wconf 93' lang='lat' dir='ltr'><strong>ei</strong></span> <span class='ocrx_word' id='word_1_404' title='bbox 1069 4900 1356 4956; x_wconf 90' lang='lat' dir='ltr'><strong>successit</strong></span> <span class='ocrx_word' id='word_1_405' title='bbox 1384 4916 1451 4953; x_wconf 86' lang='lat' dir='ltr'><strong>ex</strong></span> <span class='ocrx_word' id='word_1_406' title='bbox 1482 4898 1579 4954; x_wconf 91' lang='lat' dir='ltr'><strong>illo</strong></span> <span class='ocrx_word' id='word_1_407' title='bbox 1639 4899 1873 4969; x_wconf 82' lang='lat' dir='ltr'><strong>genitus</strong></span> 
     </span>
    </p>
   </div>
   <div class='ocr_carea' id='block_1_53' title="bbox 221 4988 1877 5061">
    <p class='ocr_par' dir='ltr' id='par_1_53' title="bbox 221 4988 1877 5061">
     <span class='ocr_line' id='line_1_53' title="bbox 221 4988 1877 5061; baseline 0.001 -19"><span class='ocrx_word' id='word_1_408' title='bbox 221 4988 442 5059; x_wconf 89' lang='lat' dir='ltr'><strong>dignus</strong></span> <span class='ocrx_word' id='word_1_409' title='bbox 472 4988 740 5059; x_wconf 89' lang='lat' dir='ltr'><strong>imperio.</strong></span> <span class='ocrx_word' id='word_1_410' title='bbox 776 4993 929 5044; x_wconf 88' lang='lat' dir='ltr'><strong>Puer</strong></span> <span class='ocrx_word' id='word_1_411' title='bbox 958 4994 1066 5055; x_wconf 86' lang='lat' dir='ltr'><strong>est,</strong></span> <span class='ocrx_word' id='word_1_412' title='bbox 1102 4993 1167 5043; x_wconf 93' lang='lat' dir='ltr'><strong>ut</strong></span> <span class='ocrx_word' id='word_1_413' title='bbox 1195 4988 1424 5044; x_wconf 89' lang='lat' dir='ltr'><strong>videtis.</strong></span> <span class='ocrx_word' id='word_1_414' title='bbox 1470 4992 1713 5061; x_wconf 88' lang='lat' dir='ltr'><strong>Propter</strong></span> <span class='ocrx_word' id='word_1_415' title='bbox 1768 4988 1877 5044; x_wconf 91' lang='lat' dir='ltr'><strong>hoc</strong></span> 
     </span>
    </p>
   </div>
   <div class='ocr_carea' id='block_1_54' title="bbox 224 5076 1877 5149">
    <p class='ocr_par' dir='ltr' id='par_1_54' title="bbox 224 5076 1877 5149">
     <span class='ocr_line' id='line_1_54' title="bbox 224 5076 1877 5149; baseline 0 -19"><span class='ocrx_word' id='word_1_416' title='bbox 224 5076 480 5131; x_wconf 76' lang='lat' dir='ltr'><strong>fidorum</strong></span> <span class='ocrx_word' id='word_1_417' title='bbox 504 5077 763 5148; x_wconf 91' lang='lat' dir='ltr'><strong>plurium</strong></span> <span class='ocrx_word' id='word_1_418' title='bbox 792 5082 922 5149; x_wconf 86' lang='lat' dir='ltr'><strong>eget</strong></span> <span class='ocrx_word' id='word_1_419' title='bbox 944 5095 1105 5144; x_wconf 83' lang='lat' dir='ltr'><strong>cura,</strong></span> <span class='ocrx_word' id='word_1_420' title='bbox 1133 5077 1418 5149; x_wconf 75' lang='lat' dir='ltr'><strong>frequenti</strong></span> <span class='ocrx_word' id='word_1_421' title='bbox 1444 5077 1618 5133; x_wconf 89' lang='lat' dir='ltr'><strong>etiam</strong></span> <span class='ocrx_word' id='word_1_422' title='bbox 1643 5081 1700 5133; x_wconf 90' lang='lat' dir='ltr'><strong>et</strong></span> <span class='ocrx_word' id='word_1_423' title='bbox 1722 5078 1877 5134; x_wconf 86' lang='lat' dir='ltr'><strong>solli-</strong></span> 
     </span>
    </p>
   </div>
   <div class='ocr_carea' id='block_1_55' title="bbox 223 5166 1875 5238">
    <p class='ocr_par' dir='ltr' id='par_1_55' title="bbox 223 5166 1875 5238">
     <span class='ocr_line' id='line_1_55' title="bbox 223 5166 1875 5238; baseline 0.001 -18"><span class='ocrx_word' id='word_1_424' title='bbox 223 5167 336 5221; x_wconf 88' lang='lat' dir='ltr'><strong>cita</strong></span> <span class='ocrx_word' id='word_1_425' title='bbox 366 5166 696 5238; x_wconf 87' lang='lat' dir='ltr'><strong>diligentia.</strong></span> <span class='ocrx_word' id='word_1_426' title='bbox 728 5167 1223 5223; x_wconf 85' lang='lat' dir='ltr'><strong>Custodibustam</strong></span> <span class='ocrx_word' id='word_1_427' title='bbox 1247 5167 1406 5221; x_wconf 81' lang='lat' dir='ltr'><strong>chari</strong></span> <span class='ocrx_word' id='word_1_428' title='bbox 1430 5167 1640 5238; x_wconf 84' lang='lat' dir='ltr'><strong>capitis</strong></span> <span class='ocrx_word' id='word_1_429' title='bbox 1682 5167 1875 5222; x_wconf 87' lang='lat' dir='ltr'><strong>inten-</strong></span> 
     </span>
    </p>
   </div>
   <div class='ocr_carea' id='block_1_56' title="bbox 222 5255 1879 5328">
    <p class='ocr_par' dir='ltr' id='par_1_56' title="bbox 222 5255 1879 5328">
     <span class='ocr_line' id='line_1_56' title="bbox 222 5255 1879 5328; baseline 0.002 -19"><span class='ocrx_word' id='word_1_430' title='bbox 222 5256 415 5310; x_wconf 88' lang='lat' dir='ltr'><strong>denda</strong></span> <span class='ocrx_word' id='word_1_431' title='bbox 446 5255 648 5326; x_wconf 86' lang='lat' dir='ltr'><strong>vigilia</strong></span> <span class='ocrx_word' id='word_1_432' title='bbox 678 5260 787 5327; x_wconf 83' lang='lat' dir='ltr'><strong>est,</strong></span> <span class='ocrx_word' id='word_1_433' title='bbox 814 5264 933 5310; x_wconf 89' lang='lat' dir='ltr'><strong>tam</strong></span> <span class='ocrx_word' id='word_1_434' title='bbox 960 5257 1019 5311; x_wconf 93' lang='lat' dir='ltr'><strong>in</strong></span> <span class='ocrx_word' id='word_1_435' title='bbox 1044 5272 1142 5311; x_wconf 89' lang='lat' dir='ltr'><strong>eos</strong></span> <span class='ocrx_word' id='word_1_436' title='bbox 1170 5256 1269 5327; x_wconf 91' lang='lat' dir='ltr'><strong>qui</strong></span> <span class='ocrx_word' id='word_1_437' title='bbox 1305 5257 1465 5311; x_wconf 89' lang='lat' dir='ltr'><strong>intus</strong></span> <span class='ocrx_word' id='word_1_438' title='bbox 1490 5273 1666 5328; x_wconf 82' lang='lat' dir='ltr'><strong>quam</strong></span> <span class='ocrx_word' id='word_1_439' title='bbox 1696 5257 1754 5310; x_wconf 91' lang='lat' dir='ltr'>in</span> <span class='ocrx_word' id='word_1_440' title='bbox 1782 5274 1879 5312; x_wconf 86' lang='lat' dir='ltr'><strong>eos</strong></span> 
     </span>
    </p>
   </div>
   <div class='ocr_carea' id='block_1_57' title="bbox 221 5344 1880 5416">
    <p class='ocr_par' dir='ltr' id='par_1_57' title="bbox 221 5344 1880 5416">
     <span class='ocr_line' id='line_1_57' title="bbox 221 5344 1880 5416; baseline 0 -17"><span class='ocrx_word' id='word_1_441' title='bbox 221 5345 320 5415; x_wconf 89' lang='lat' dir='ltr'><strong>qui</strong></span> <span class='ocrx_word' id='word_1_442' title='bbox 356 5344 500 5400; x_wconf 82' lang='lat' dir='ltr'><strong>foris</strong></span> <span class='ocrx_word' id='word_1_443' title='bbox 534 5350 696 5413; x_wconf 90' lang='lat' dir='ltr'><strong>sunt,</strong></span> <span class='ocrx_word' id='word_1_444' title='bbox 732 5363 804 5400; x_wconf 90' lang='lat' dir='ltr'><strong>ne</strong></span> <span class='ocrx_word' id='word_1_445' title='bbox 852 5346 1001 5416; x_wconf 81' lang='lat' dir='ltr'><strong>quod</strong></span> <span class='ocrx_word' id='word_1_446' title='bbox 1063 5347 1115 5400; x_wconf 90' lang='lat' dir='ltr'><strong>ei</strong></span> <span class='ocrx_word' id='word_1_447' title='bbox 1171 5345 1443 5401; x_wconf 88' lang='lat' dir='ltr'><strong>alicunde</strong></span> <span class='ocrx_word' id='word_1_448' title='bbox 1502 5346 1720 5401; x_wconf 83' lang='lat' dir='ltr'><strong>malum</strong></span> <span class='ocrx_word' id='word_1_449' title='bbox 1763 5347 1880 5400; x_wconf 85' lang='lat' dir='ltr'><strong>im-</strong></span> 
     </span>
    </p>
   </div>
   <div class='ocr_carea' id='block_1_58' title="bbox 221 5433 1878 5507">
    <p class='ocr_par' dir='ltr' id='par_1_58' title="bbox 221 5433 1878 5507">
     <span class='ocr_line' id='line_1_58' title="bbox 221 5433 1878 5507; baseline 0.001 -19"><span class='ocrx_word' id='word_1_450' title='bbox 221 5433 573 5489; x_wconf 85' lang='lat' dir='ltr'><strong>medicabile</strong></span> <span class='ocrx_word' id='word_1_451' title='bbox 604 5433 751 5489; x_wconf 87' lang='lat' dir='ltr'><strong>clam</strong></span> <span class='ocrx_word' id='word_1_452' title='bbox 793 5436 1055 5507; x_wconf 86' lang='lat' dir='ltr'><strong>obrepat.</strong></span> <span class='ocrx_word' id='word_1_453' title='bbox 1118 5437 1337 5490; x_wconf 87' lang='lat' dir='ltr'><strong>Causas</strong></span> <span class='ocrx_word' id='word_1_454' title='bbox 1394 5451 1585 5505; x_wconf 88' lang='lat' dir='ltr'><strong>porro,</strong></span> <span class='ocrx_word' id='word_1_455' title='bbox 1638 5452 1742 5489; x_wconf 90' lang='lat' dir='ltr'><strong>cur</strong></span> <span class='ocrx_word' id='word_1_456' title='bbox 1792 5436 1878 5490; x_wconf 82' lang='lat' dir='ltr'><strong>fas</strong></span> 
     </span>
    </p>
   </div>
   <div class='ocr_carea' id='block_1_59' title="bbox 218 5523 1878 5594">
    <p class='ocr_par' dir='ltr' id='par_1_59' title="bbox 218 5523 1878 5594">
     <span class='ocr_line' id='line_1_59' title="bbox 218 5523 1878 5594; baseline 0.001 -15"><span class='ocrx_word' id='word_1_457' title='bbox 218 5528 273 5579; x_wconf 88' lang='lat' dir='ltr'><strong>et</strong></span> <span class='ocrx_word' id='word_1_458' title='bbox 305 5540 544 5594; x_wconf 58' lang='lat' dir='ltr'><strong>aequum</strong></span> <span class='ocrx_word' id='word_1_459' title='bbox 571 5523 693 5594; x_wconf 88' lang='lat' dir='ltr'><strong>juri</strong></span> <span class='ocrx_word' id='word_1_460' title='bbox 727 5528 784 5579; x_wconf 90' lang='lat' dir='ltr'><strong>et</strong></span> <span class='ocrx_word' id='word_1_461' title='bbox 815 5523 1008 5578; x_wconf 80' lang='lat' dir='ltr'><strong>ofﬁcio</strong></span> <span class='ocrx_word' id='word_1_462' title='bbox 1040 5528 1503 5579; x_wconf 83' lang='lat' dir='ltr'><strong>consentaneum</strong></span> <span class='ocrx_word' id='word_1_463' title='bbox 1537 5524 1612 5578; x_wconf 89' lang='lat' dir='ltr'><strong>sit</strong></span> <span class='ocrx_word' id='word_1_464' title='bbox 1646 5525 1878 5580; x_wconf 85' lang='lat' dir='ltr'><strong>ﬁdelius</strong></span> 
     </span>
    </p>
   </div>
   <div class='ocr_carea' id='block_1_60' title="bbox 225 5611 1878 5684">
    <p class='ocr_par' dir='ltr' id='par_1_60' title="bbox 225 5611 1878 5684">
     <span class='ocr_line' id='line_1_60' title="bbox 225 5611 1878 5684; baseline 0.002 -18"><span class='ocrx_word' id='word_1_465' title='bbox 225 5611 629 5667; x_wconf 87' lang='lat' dir='ltr'><strong>ministerium</strong></span> <span class='ocrx_word' id='word_1_466' title='bbox 663 5612 1135 5683; x_wconf 87' lang='lat' dir='ltr'><strong>obsequiumque</strong></span> <span class='ocrx_word' id='word_1_467' title='bbox 1166 5612 1537 5668; x_wconf 85' lang='lat' dir='ltr'><strong>constantius</strong></span> <span class='ocrx_word' id='word_1_468' title='bbox 1573 5614 1790 5684; x_wconf 84' lang='lat' dir='ltr'><strong>pariter</strong></span> <span class='ocrx_word' id='word_1_469' title='bbox 1820 5620 1878 5670; x_wconf 86' lang='lat' dir='ltr'><strong>et</strong></span> 
     </span>
    </p>
   </div>
   <div class='ocr_carea' id='block_1_61' title="bbox 218 5704 1881 5774">
    <p class='ocr_par' dir='ltr' id='par_1_61' title="bbox 218 5704 1881 5774">
     <span class='ocr_line' id='line_1_61' title="bbox 218 5704 1881 5774; baseline 0.004 -18"><span class='ocrx_word' id='word_1_470' title='bbox 218 5704 481 5759; x_wconf 88' lang='lat' dir='ltr'><strong>alacrius</strong></span> <span class='ocrx_word' id='word_1_471' title='bbox 514 5720 673 5757; x_wconf 90' lang='lat' dir='ltr'><strong>nunc</strong></span> <span class='ocrx_word' id='word_1_472' title='bbox 702 5721 880 5774; x_wconf 85' lang='lat' dir='ltr'><strong>quam</strong></span> <span class='ocrx_word' id='word_1_473' title='bbox 907 5711 1076 5759; x_wconf 80' lang='lat' dir='ltr'><strong>antea</strong></span> <span class='ocrx_word' id='word_1_474' title='bbox 1100 5722 1361 5774; x_wconf 88' lang='lat' dir='ltr'><strong>unquam</strong></span> <span class='ocrx_word' id='word_1_475' title='bbox 1385 5704 1653 5760; x_wconf 84' lang='lat' dir='ltr'><strong>exhibere</strong></span> <span class='ocrx_word' id='word_1_476' title='bbox 1687 5722 1791 5761; x_wconf 88' lang='lat' dir='ltr'><strong>nos</strong></span> <span class='ocrx_word' id='word_1_477' title='bbox 1815 5724 1881 5762; x_wconf 87' lang='lat' dir='ltr'><strong>ao</strong></span> 
     </span>
    </p>
   </div>
   <div class='ocr_carea' id='block_1_62' title="bbox 2002 619 3658 697">
    <p class='ocr_par' dir='ltr' id='par_1_62' title="bbox 2002 619 3658 697">
     <span class='ocr_line' id='line_1_62' title="bbox 2002 619 3658 697; baseline 0.001 -22"><span class='ocrx_word' id='word_1_478' title='bbox 2002 620 2291 676; x_wconf 88' lang='grc' dir='ltr'>ἀττάλλειν</span> <span class='ocrx_word' id='word_1_479' title='bbox 2322 620 2411 675; x_wconf 85' lang='grc' dir='ltr'><strong>καὶ</strong></span> <span class='ocrx_word' id='word_1_480' title='bbox 2448 619 2617 692; x_wconf 74' lang='grc' dir='ltr'>μηδὲν</span> <span class='ocrx_word' id='word_1_481' title='bbox 2655 620 2974 695; x_wconf 76' lang='grc' dir='ltr'>ὑπορύττειν</span> <span class='ocrx_word' id='word_1_482' title='bbox 3005 622 3097 676; x_wconf 87' lang='grc' dir='ltr'><strong>τὸν</strong></span> <span class='ocrx_word' id='word_1_483' title='bbox 3135 620 3494 697; x_wconf 75' lang='grc' dir='ltr'>βασιλεύοντα</span> <span class='ocrx_word' id='word_1_484' title='bbox 3521 623 3658 695; x_wconf 86' lang='grc' dir='ltr'>πρὸς</span> 
     </span>
    </p>
   </div>
   <div class='ocr_carea' id='block_1_63' title="bbox 2002 708 3662 786">
    <p class='ocr_par' dir='ltr' id='par_1_63' title="bbox 2002 708 3662 786">
     <span class='ocr_line' id='line_1_63' title="bbox 2002 708 3662 786; baseline 0.001 -23"><span class='ocrx_word' id='word_1_485' title='bbox 2002 710 2068 764; x_wconf 74' lang='grc' dir='ltr'><strong>τὰ</strong></span> <span class='ocrx_word' id='word_1_486' title='bbox 2132 712 2280 785; x_wconf 77' lang='grc' dir='ltr'>παρὰ</span> <span class='ocrx_word' id='word_1_487' title='bbox 2348 714 2456 764; x_wconf 79' lang='grc' dir='ltr'><strong>τῶν</strong></span> <span class='ocrx_word' id='word_1_488' title='bbox 2532 711 2860 784; x_wconf 88' lang='grc' dir='ltr'>ἀρχομένων</span> <span class='ocrx_word' id='word_1_489' title='bbox 2928 712 3279 784; x_wconf 84' lang='grc' dir='ltr'>πραττόμενα</span> <span class='ocrx_word' id='word_1_490' title='bbox 3335 708 3662 786; x_wconf 74' lang='grc' dir='ltr'>ἐφέλκοντός</span> 
     </span>
    </p>
   </div>
   <div class='ocr_carea' id='block_1_64' title="bbox 2002 795 3664 876">
    <p class='ocr_par' dir='ltr' id='par_1_64' title="bbox 2002 795 3664 876">
     <span class='ocr_line' id='line_1_64' title="bbox 2002 795 3664 876; baseline 0 -23"><span class='ocrx_word' id='word_1_491' title='bbox 2002 798 2257 876; x_wconf 77' lang='grc' dir='ltr'>έστινέφ¹</span> <span class='ocrx_word' id='word_1_492' title='bbox 2309 798 2492 854; x_wconf 67' lang='grc' dir='ltr'>ἑαυτὸν</span> <span class='ocrx_word' id='word_1_493' title='bbox 2529 795 2764 866; x_wconf 74' lang='grc' dir='ltr'>εὔνοιαν,</span> <span class='ocrx_word' id='word_1_494' title='bbox 2821 796 2990 870; x_wconf 76' lang='grc' dir='ltr'>μηδὲν</span> <span class='ocrx_word' id='word_1_495' title='bbox 3047 798 3426 854; x_wconf 77' lang='grc' dir='ltr'>ὑπονοούντων</span> <span class='ocrx_word' id='word_1_496' title='bbox 3487 799 3664 854; x_wconf 90' lang='grc' dir='ltr'>πείσε-</span> 
     </span>
    </p>
   </div>
   <div class='ocr_carea' id='block_1_65' title="bbox 2004 882 3661 963">
    <p class='ocr_par' dir='ltr' id='par_1_65' title="bbox 2004 882 3661 963">
     <span class='ocr_line' id='line_1_65' title="bbox 2004 882 3661 963; baseline 0.001 -22"><span class='ocrx_word' id='word_1_497' title='bbox 2004 888 2143 957; x_wconf 81' lang='grc' dir='ltr'>σθαι,</span> <span class='ocrx_word' id='word_1_498' title='bbox 2201 888 2291 942; x_wconf 79' lang='grc' dir='ltr'><strong>καὶ</strong></span> <span class='ocrx_word' id='word_1_499' title='bbox 2345 891 2442 941; x_wconf 75' lang='grc' dir='ltr'><strong>τοῦ</strong></span> <span class='ocrx_word' id='word_1_500' title='bbox 2498 882 2668 963; x_wconf 73' lang='grc' dir='ltr'>φόϐου</span> <span class='ocrx_word' id='word_1_501' title='bbox 2719 888 2955 949; x_wconf 88' lang='grc' dir='ltr'>ἀπόντος</span> <span class='ocrx_word' id='word_1_502' title='bbox 2995 889 3072 960; x_wconf 79' lang='grc' dir='ltr'>μὴ</span> <span class='ocrx_word' id='word_1_503' title='bbox 3108 885 3385 942; x_wconf 82' lang='grc' dir='ltr'>δειλιῶντι</span> <span class='ocrx_word' id='word_1_504' title='bbox 3414 888 3501 941; x_wconf 81' lang='grc' dir='ltr'><strong>καὶ</strong></span> <span class='ocrx_word' id='word_1_505' title='bbox 3535 888 3661 962; x_wconf 84' lang='grc' dir='ltr'>περὶ</span> 
     </span>
    </p>
   </div>
   <div class='ocr_carea' id='block_1_66' title="bbox 2005 974 3659 1051">
    <p class='ocr_par' dir='ltr' id='par_1_66' title="bbox 2005 974 3659 1051">
     <span class='ocr_line' id='line_1_66' title="bbox 2005 974 3659 1051; baseline 0.001 -21"><span class='ocrx_word' id='word_1_506' title='bbox 2005 977 2178 1048; x_wconf 73' lang='grc' dir='ltr'>ἑαυτῷ</span> <span class='ocrx_word' id='word_1_507' title='bbox 2251 974 2473 1049; x_wconf 74' lang='grc' dir='ltr'>ἕτοιμος</span> <span class='ocrx_word' id='word_1_508' title='bbox 2554 975 2753 1030; x_wconf 87' lang='grc' dir='ltr'>έσεῖται</span> <span class='ocrx_word' id='word_1_509' title='bbox 2825 976 2893 1031; x_wconf 73' lang='grc' dir='ltr'><strong>τὰ</strong></span> <span class='ocrx_word' id='word_1_510' title='bbox 2961 983 3063 1046; x_wconf 82' lang='grc' dir='ltr'><strong>τῆς</strong></span> <span class='ocrx_word' id='word_1_511' title='bbox 3120 976 3339 1051; x_wconf 85' lang='grc' dir='ltr'>ἀγάπης</span> <span class='ocrx_word' id='word_1_512' title='bbox 3391 974 3659 1031; x_wconf 83' lang='grc' dir='ltr'>ἐνδείκνυ-</span> 
     </span>
    </p>
   </div>
   <div class='ocr_carea' id='block_1_67' title="bbox 2004 1062 3662 1143">
    <p class='ocr_par' dir='ltr' id='par_1_67' title="bbox 2004 1062 3662 1143">
     <span class='ocr_line' id='line_1_67' title="bbox 2004 1062 3662 1143; baseline 0.001 -25"><span class='ocrx_word' id='word_1_513' title='bbox 2004 1067 2144 1122; x_wconf 77' lang='grc' dir='ltr'>σθαι.</span> <span class='ocrx_word' id='word_1_514' title='bbox 2202 1066 2272 1118; x_wconf 89' lang='grc' dir='ltr'>Τὸ</span> <span class='ocrx_word' id='word_1_515' title='bbox 2324 1065 2427 1139; x_wconf 80' lang='grc' dir='ltr'><strong>γὰρ</strong></span> <span class='ocrx_word' id='word_1_516' title='bbox 2488 1062 2805 1133; x_wconf 74' lang='grc' dir='ltr'>σπουδαῖον,</span> <span class='ocrx_word' id='word_1_517' title='bbox 2840 1064 2921 1139; x_wconf 68' lang='grc' dir='ltr'><strong>ἐφ’</strong></span> <span class='ocrx_word' id='word_1_518' title='bbox 2951 1066 2997 1136; x_wconf 85' lang='grc' dir='ltr'>ᾧ</span> <span class='ocrx_word' id='word_1_519' title='bbox 3026 1086 3109 1126; x_wconf 90' lang='grc' dir='ltr'><strong>τις</strong></span> <span class='ocrx_word' id='word_1_520' title='bbox 3144 1065 3466 1141; x_wconf 83' lang='grc' dir='ltr'>ὑπηρετοίη,</span> <span class='ocrx_word' id='word_1_521' title='bbox 3500 1067 3535 1135; x_wconf 71' lang='grc' dir='ltr'><strong>ἢ</strong></span> <span class='ocrx_word' id='word_1_522' title='bbox 3569 1067 3662 1143; x_wconf 82' lang='grc' dir='ltr'>φό-</span> 
     </span>
    </p>
   </div>
   <div class='ocr_carea' id='block_1_68' title="bbox 2002 1148 3659 1229">
    <p class='ocr_par' dir='ltr' id='par_1_68' title="bbox 2002 1148 3659 1229">
     <span class='ocr_line' id='line_1_68' title="bbox 2002 1148 3659 1229; baseline 0.001 -22"><span class='ocrx_word' id='word_1_523' title='bbox 2002 1148 2101 1207; x_wconf 78' lang='grc' dir='ltr'><strong>ϐυυ</strong></span> <span class='ocrx_word' id='word_1_524' title='bbox 2153 1155 2187 1224; x_wconf 73' lang='grc' dir='ltr'><strong>ἢ</strong></span> <span class='ocrx_word' id='word_1_525' title='bbox 2248 1155 2354 1227; x_wconf 77' lang='grc' dir='ltr'>μὴν</span> <span class='ocrx_word' id='word_1_526' title='bbox 2386 1154 2597 1227; x_wconf 80' lang='grc' dir='ltr'>ἀγάπης</span> <span class='ocrx_word' id='word_1_527' title='bbox 2658 1153 3053 1220; x_wconf 84' lang='grc' dir='ltr'>συνιστώντων,</span> <span class='ocrx_word' id='word_1_528' title='bbox 3107 1154 3196 1208; x_wconf 82' lang='grc' dir='ltr'><strong>καὶ</strong></span> <span class='ocrx_word' id='word_1_529' title='bbox 3248 1156 3385 1227; x_wconf 81' lang='grc' dir='ltr'>ἡμῖν</span> <span class='ocrx_word' id='word_1_530' title='bbox 3418 1153 3659 1229; x_wconf 84' lang='grc' dir='ltr'>ἀνάγκης</span> 
     </span>
    </p>
   </div>
   <div class='ocr_carea' id='block_1_69' title="bbox 2000 1238 3657 1316">
    <p class='ocr_par' dir='ltr' id='par_1_69' title="bbox 2000 1238 3657 1316">
     <span class='ocr_line' id='line_1_69' title="bbox 2000 1238 3657 1316; baseline 0.001 -20"><span class='ocrx_word' id='word_1_531' title='bbox 2000 1243 2214 1303; x_wconf 87' lang='grc' dir='ltr'>πάντως</span> <span class='ocrx_word' id='word_1_532' title='bbox 2291 1239 2457 1311; x_wconf 73' lang='grc' dir='ltr'>οὔσης</span> <span class='ocrx_word' id='word_1_533' title='bbox 2528 1242 2853 1314; x_wconf 78' lang='grc' dir='ltr'>ὑπηρετεῖν,</span> <span class='ocrx_word' id='word_1_534' title='bbox 2910 1242 3144 1305; x_wconf 78' lang='grc' dir='ltr'>ἀπόντος</span> <span class='ocrx_word' id='word_1_535' title='bbox 3202 1247 3298 1296; x_wconf 75' lang='grc' dir='ltr'>τοῦ</span> <span class='ocrx_word' id='word_1_536' title='bbox 3357 1238 3531 1316; x_wconf 76' lang='grc' dir='ltr'>φόϐου</span> <span class='ocrx_word' id='word_1_537' title='bbox 3587 1246 3657 1315; x_wconf 76' lang='grc' dir='ltr'><strong>τῇ</strong></span> 
     </span>
    </p>
   </div>
   <div class='ocr_carea' id='block_1_70' title="bbox 2002 1328 3660 1406">
    <p class='ocr_par' dir='ltr' id='par_1_70' title="bbox 2002 1328 3660 1406">
     <span class='ocr_line' id='line_1_70' title="bbox 2002 1328 3660 1406; baseline 0.001 -21"><span class='ocrx_word' id='word_1_538' title='bbox 2002 1332 2186 1405; x_wconf 80' lang='grc' dir='ltr'>ἀγάπῃ</span> <span class='ocrx_word' id='word_1_539' title='bbox 2244 1333 2306 1385; x_wconf 90' lang='grc' dir='ltr'>τὸ</span> <span class='ocrx_word' id='word_1_540' title='bbox 2364 1336 2468 1385; x_wconf 79' lang='grc' dir='ltr'>πᾶν</span> <span class='ocrx_word' id='word_1_541' title='bbox 2517 1333 2923 1405; x_wconf 76' lang='grc' dir='ltr'>περιστήσεται·</span> <span class='ocrx_word' id='word_1_542' title='bbox 2982 1331 3263 1405; x_wconf 87' lang='grc' dir='ltr'>παρούσης</span> <span class='ocrx_word' id='word_1_543' title='bbox 3323 1328 3380 1386; x_wconf 76' lang='grc' dir='ltr'>δὲ</span> <span class='ocrx_word' id='word_1_544' title='bbox 3422 1335 3660 1406; x_wconf 77' lang='grc' dir='ltr'>καθαρᾶς</span> 
     </span>
    </p>
   </div>
   <div class='ocr_carea' id='block_1_71' title="bbox 2000 1416 3658 1496">
    <p class='ocr_par' dir='ltr' id='par_1_71' title="bbox 2000 1416 3658 1496">
     <span class='ocr_line' id='line_1_71' title="bbox 2000 1416 3658 1496; baseline 0 -22"><span class='ocrx_word' id='word_1_545' title='bbox 2000 1427 2101 1488; x_wconf 81' lang='grc' dir='ltr'><strong>τῆς</strong></span> <span class='ocrx_word' id='word_1_546' title='bbox 2160 1419 2372 1495; x_wconf 85' lang='grc' dir='ltr'>ἀγάπης</span> <span class='ocrx_word' id='word_1_547' title='bbox 2428 1420 2517 1474; x_wconf 84' lang='grc' dir='ltr'><strong>καὶ</strong></span> <span class='ocrx_word' id='word_1_548' title='bbox 2571 1417 2858 1483; x_wconf 80' lang='grc' dir='ltr'>ἀθολώτου</span> <span class='ocrx_word' id='word_1_549' title='bbox 2916 1419 3013 1474; x_wconf 84' lang='grc' dir='ltr'>οὐσ</span> <span class='ocrx_word' id='word_1_550' title='bbox 3068 1416 3209 1475; x_wconf 78' lang='grc' dir='ltr'>ἔστιν</span> <span class='ocrx_word' id='word_1_551' title='bbox 3238 1420 3384 1482; x_wconf 81' lang='grc' dir='ltr'>ὅστις</span> <span class='ocrx_word' id='word_1_552' title='bbox 3411 1422 3658 1496; x_wconf 74' lang='grc' dir='ltr'>καθυφή-</span> 
     </span>
    </p>
   </div>
   <div class='ocr_carea' id='block_1_72' title="bbox 2003 1505 3655 1582">
    <p class='ocr_par' dir='ltr' id='par_1_72' title="bbox 2003 1505 3655 1582">
     <span class='ocr_line' id='line_1_72' title="bbox 2003 1505 3655 1582; baseline 0.001 -20"><span class='ocrx_word' id='word_1_553' title='bbox 2003 1529 2081 1563; x_wconf 86' lang='grc' dir='ltr'><strong>σει</strong></span> <span class='ocrx_word' id='word_1_554' title='bbox 2134 1513 2231 1580; x_wconf 80' lang='grc' dir='ltr'><strong>τοῦ</strong></span> <span class='ocrx_word' id='word_1_555' title='bbox 2288 1510 2426 1582; x_wconf 87' lang='grc' dir='ltr'>πρὸς</span> <span class='ocrx_word' id='word_1_556' title='bbox 2480 1510 2579 1576; x_wconf 80' lang='grc' dir='ltr'><strong>τήν</strong></span> <span class='ocrx_word' id='word_1_557' title='bbox 2642 1509 2936 1582; x_wconf 86' lang='grc' dir='ltr'>ὑπηρεσίαν</span> <span class='ocrx_word' id='word_1_558' title='bbox 2971 1505 3369 1573; x_wconf 74' lang='grc' dir='ltr'>ἐπιϐάλλοντος</span> <span class='ocrx_word' id='word_1_559' title='bbox 3400 1508 3537 1564; x_wconf 86' lang='grc' dir='ltr'>ὥστε</span> <span class='ocrx_word' id='word_1_560' title='bbox 3565 1510 3655 1564; x_wconf 85' lang='grc' dir='ltr'>καὶ</span> 
     </span>
    </p>
   </div>
   <div class='ocr_carea' id='block_1_73' title="bbox 2000 1595 3656 1671">
    <p class='ocr_par' dir='ltr' id='par_1_73' title="bbox 2000 1595 3656 1671">
     <span class='ocr_line' id='line_1_73' title="bbox 2000 1595 3656 1671; baseline 0 -20"><span class='ocrx_word' id='word_1_561' title='bbox 2000 1595 2247 1669; x_wconf 85' lang='grc' dir='ltr'>ἀμελεῖν.</span> <span class='ocrx_word' id='word_1_562' title='bbox 2304 1598 2409 1653; x_wconf 85' lang='grc' dir='ltr'>Καὶ</span> <span class='ocrx_word' id='word_1_563' title='bbox 2466 1601 2685 1670; x_wconf 81' lang='grc' dir='ltr'>πρῶτον</span> <span class='ocrx_word' id='word_1_564' title='bbox 2740 1598 2835 1669; x_wconf 71' lang='grc' dir='ltr'>μὲν</span> <span class='ocrx_word' id='word_1_565' title='bbox 2900 1602 3085 1665; x_wconf 77' lang='grc' dir='ltr'>τοῦτο,</span> <span class='ocrx_word' id='word_1_566' title='bbox 3148 1595 3395 1671; x_wconf 87' lang='grc' dir='ltr'>δεύτερον</span> <span class='ocrx_word' id='word_1_567' title='bbox 3458 1596 3515 1652; x_wconf 75' lang='grc' dir='ltr'>δὲ</span> <span class='ocrx_word' id='word_1_568' title='bbox 3564 1598 3656 1651; x_wconf 90' lang='grc' dir='ltr'><strong>καὶ</strong></span> 
     </span>
    </p>
   </div>
   <div class='ocr_carea' id='block_1_74' title="bbox 2000 1683 3656 1761">
    <p class='ocr_par' dir='ltr' id='par_1_74' title="bbox 2000 1683 3656 1761">
     <span class='ocr_line' id='line_1_74' title="bbox 2000 1683 3656 1761; baseline -0.001 -21"><span class='ocrx_word' id='word_1_569' title='bbox 2000 1684 2085 1741; x_wconf 79' lang='grc' dir='ltr'><strong>ὅτι</strong></span> <span class='ocrx_word' id='word_1_570' title='bbox 2162 1686 2262 1739; x_wconf 85' lang='grc' dir='ltr'>ὑπὸ</span> <span class='ocrx_word' id='word_1_571' title='bbox 2337 1685 2442 1758; x_wconf 84' lang='grc' dir='ltr'>νέῳ</span> <span class='ocrx_word' id='word_1_572' title='bbox 2512 1687 2892 1759; x_wconf 84' lang='grc' dir='ltr'>καθισταμένῳ</span> <span class='ocrx_word' id='word_1_573' title='bbox 2963 1683 3198 1759; x_wconf 85' lang='grc' dir='ltr'>δεσπότῃ</span> <span class='ocrx_word' id='word_1_574' title='bbox 3292 1684 3656 1761; x_wconf 81' lang='grc' dir='ltr'>βασιλευόμε-</span> 
     </span>
    </p>
   </div>
   <div class='ocr_carea' id='block_1_75' title="bbox 1998 1772 3656 1850">
    <p class='ocr_par' dir='ltr' id='par_1_75' title="bbox 1998 1772 3656 1850">
     <span class='ocr_line' id='line_1_75' title="bbox 1998 1772 3656 1850; baseline 0.001 -23"><span class='ocrx_word' id='word_1_575' title='bbox 1998 1794 2119 1845; x_wconf 88' lang='grc' dir='ltr'>νει,</span> <span class='ocrx_word' id='word_1_576' title='bbox 2180 1774 2261 1829; x_wconf 78' lang='grc' dir='ltr'><strong>ὅτι</strong></span> <span class='ocrx_word' id='word_1_577' title='bbox 2320 1777 2433 1828; x_wconf 75' lang='grc' dir='ltr'>καί·</span> <span class='ocrx_word' id='word_1_578' title='bbox 2472 1776 2547 1846; x_wconf 81' lang='grc' dir='ltr'><strong>μή</strong></span> <span class='ocrx_word' id='word_1_579' title='bbox 2620 1775 2908 1847; x_wconf 86' lang='grc' dir='ltr'>ἀναγκαίαν</span> <span class='ocrx_word' id='word_1_580' title='bbox 2964 1772 3123 1828; x_wconf 77' lang='grc' dir='ltr'>οὖσαν</span> <span class='ocrx_word' id='word_1_581' title='bbox 3173 1774 3272 1842; x_wconf 79' lang='grc' dir='ltr'><strong>τήν</strong></span> <span class='ocrx_word' id='word_1_582' title='bbox 3352 1774 3656 1850; x_wconf 81' lang='grc' dir='ltr'>εὐεργεσίαν</span> 
     </span>
    </p>
   </div>
   <div class='ocr_carea' id='block_1_76' title="bbox 1996 1861 3654 1938">
    <p class='ocr_par' dir='ltr' id='par_1_76' title="bbox 1996 1861 3654 1938">
     <span class='ocr_line' id='line_1_76' title="bbox 1996 1861 3654 1938; baseline 0 -21"><span class='ocrx_word' id='word_1_583' title='bbox 1996 1864 2096 1931; x_wconf 82' lang='grc' dir='ltr'><strong>τήν</strong></span> <span class='ocrx_word' id='word_1_584' title='bbox 2143 1864 2232 1917; x_wconf 85' lang='grc' dir='ltr'>ἀπ’</span> <span class='ocrx_word' id='word_1_585' title='bbox 2291 1862 2497 1917; x_wconf 79' lang='grc' dir='ltr'>ἐκείνου</span> <span class='ocrx_word' id='word_1_586' title='bbox 2528 1864 2664 1937; x_wconf 88' lang='grc' dir='ltr'>πρὸς</span> <span class='ocrx_word' id='word_1_587' title='bbox 2691 1863 2754 1917; x_wconf 85' lang='grc' dir='ltr'>τὸ</span> <span class='ocrx_word' id='word_1_588' title='bbox 2788 1864 3030 1934; x_wconf 82' lang='grc' dir='ltr'>ὑπήκοον</span> <span class='ocrx_word' id='word_1_589' title='bbox 3074 1864 3101 1917; x_wconf 87' lang='grc' dir='ltr'>ὁ</span> <span class='ocrx_word' id='word_1_590' title='bbox 3128 1864 3317 1938; x_wconf 86' lang='grc' dir='ltr'>καιρὸς</span> <span class='ocrx_word' id='word_1_591' title='bbox 3362 1861 3654 1937; x_wconf 82' lang='grc' dir='ltr'>ἀναγκαίαν</span> 
     </span>
    </p>
   </div>
   <div class='ocr_carea' id='block_1_77' title="bbox 1996 1948 3656 2025">
    <p class='ocr_par' dir='ltr' id='par_1_77' title="bbox 1996 1948 3656 2025">
     <span class='ocr_line' id='line_1_77' title="bbox 1996 1948 3656 2025; baseline -0.001 -20"><span class='ocrx_word' id='word_1_592' title='bbox 1996 1957 2164 2022; x_wconf 85' lang='grc' dir='ltr'>ποιεῖ,</span> <span class='ocrx_word' id='word_1_593' title='bbox 2221 1951 2327 2025; x_wconf 81' lang='grc' dir='ltr'><strong>οὐχ</strong></span> <span class='ocrx_word' id='word_1_594' title='bbox 2384 1953 2534 2012; x_wconf 82' lang='grc' dir='ltr'>ὅπως</span> <span class='ocrx_word' id='word_1_595' title='bbox 2584 1950 2909 2025; x_wconf 78' lang='grc' dir='ltr'>ἐκφύγοιμεν</span> <span class='ocrx_word' id='word_1_596' title='bbox 2969 1956 3148 2013; x_wconf 81' lang='grc' dir='ltr'>κακῶς</span> <span class='ocrx_word' id='word_1_597' title='bbox 3194 1954 3381 2006; x_wconf 83' lang='grc' dir='ltr'>παθεῖν</span> <span class='ocrx_word' id='word_1_598' title='bbox 3420 1948 3656 2025; x_wconf 88' lang='grc' dir='ltr'>μέλλον-</span> 
     </span>
    </p>
   </div>
   <div class='ocr_carea' id='block_1_78' title="bbox 1995 2039 3669 2116">
    <p class='ocr_par' dir='ltr' id='par_1_78' title="bbox 1995 2039 3669 2116">
     <span class='ocr_line' id='line_1_78' title="bbox 1995 2039 3669 2116; baseline -0.001 -20"><span class='ocrx_word' id='word_1_599' title='bbox 1995 2062 2083 2103; x_wconf 90' lang='grc' dir='ltr'><strong>τες</strong></span> <span class='ocrx_word' id='word_1_600' title='bbox 2119 2043 2479 2114; x_wconf 81' lang='grc' dir='ltr'>ζητήσαιμεν,</span> <span class='ocrx_word' id='word_1_601' title='bbox 2528 2040 2653 2096; x_wconf 84' lang='grc' dir='ltr'>ἀλλ’</span> <span class='ocrx_word' id='word_1_602' title='bbox 2686 2040 2835 2103; x_wconf 81' lang='grc' dir='ltr'>ὅπως</span> <span class='ocrx_word' id='word_1_603' title='bbox 2894 2039 2951 2095; x_wconf 82' lang='grc' dir='ltr'>εὖ</span> <span class='ocrx_word' id='word_1_604' title='bbox 3010 2047 3201 2105; x_wconf 84' lang='grc' dir='ltr'>παθεῖν</span> <span class='ocrx_word' id='word_1_605' title='bbox 3259 2044 3394 2114; x_wconf 79' lang='grc' dir='ltr'>ἡμῖν</span> <span class='ocrx_word' id='word_1_606' title='bbox 3442 2040 3669 2116; x_wconf 61' lang='grc' dir='ltr'>γένοιτό</span> 
     </span>
    </p>
   </div>
   <div class='ocr_carea' id='block_1_79' title="bbox 1997 2127 3651 2205">
    <p class='ocr_par' dir='ltr' id='par_1_79' title="bbox 1997 2127 3651 2205">
     <span class='ocr_line' id='line_1_79' title="bbox 1997 2127 3651 2205; baseline -0.001 -21"><span class='ocrx_word' id='word_1_607' title='bbox 1997 2128 2319 2203; x_wconf 83' lang='grc' dir='ltr'>ἐλπίζοιμεν</span> <span class='ocrx_word' id='word_1_608' title='bbox 2370 2127 2805 2205; x_wconf 81' lang='grc' dir='ltr'>προσδοκῶντες.</span> <span class='ocrx_word' id='word_1_609' title='bbox 2873 2129 3144 2202; x_wconf 74' lang='grc' dir='ltr'>Ἐτοίμως</span> <span class='ocrx_word' id='word_1_610' title='bbox 3216 2127 3273 2184; x_wconf 74' lang='grc' dir='ltr'>δὲ</span> <span class='ocrx_word' id='word_1_611' title='bbox 3327 2130 3417 2184; x_wconf 85' lang='grc' dir='ltr'><strong>καὶ</strong></span> <span class='ocrx_word' id='word_1_612' title='bbox 3471 2130 3651 2203; x_wconf 85' lang='grc' dir='ltr'>ὧνπερ</span> 
     </span>
    </p>
   </div>
   <div class='ocr_carea' id='block_1_80' title="bbox 1995 2215 3651 2294">
    <p class='ocr_par' dir='ltr' id='par_1_80' title="bbox 1995 2215 3651 2294">
     <span class='ocr_line' id='line_1_80' title="bbox 1995 2215 3651 2294; baseline -0.001 -22"><span class='ocrx_word' id='word_1_613' title='bbox 1995 2215 2220 2280; x_wconf 73' lang='grc' dir='ltr'>ἕκαστος</span> <span class='ocrx_word' id='word_1_614' title='bbox 2278 2220 2445 2290; x_wconf 79' lang='grc' dir='ltr'>θέλει,</span> <span class='ocrx_word' id='word_1_615' title='bbox 2504 2218 2549 2273; x_wconf 84' lang='grc' dir='ltr'>εἷ</span> <span class='ocrx_word' id='word_1_616' title='bbox 2612 2218 2775 2291; x_wconf 89' lang='grc' dir='ltr'>μόνον</span> <span class='ocrx_word' id='word_1_617' title='bbox 2809 2218 2954 2289; x_wconf 78' lang='grc' dir='ltr'>ἄξιος</span> <span class='ocrx_word' id='word_1_618' title='bbox 2999 2220 3264 2294; x_wconf 90' lang='grc' dir='ltr'>κρίνοιτο,</span> <span class='ocrx_word' id='word_1_619' title='bbox 3295 2224 3483 2293; x_wconf 79' lang='grc' dir='ltr'>τυχεῖν</span> <span class='ocrx_word' id='word_1_620' title='bbox 3518 2216 3651 2291; x_wconf 79' lang='grc' dir='ltr'>ἔστι,</span> 
     </span>
    </p>
   </div>
   <div class='ocr_carea' id='block_1_81' title="bbox 1997 2305 3653 2384">
    <p class='ocr_par' dir='ltr' id='par_1_81' title="bbox 1997 2305 3653 2384">
     <span class='ocr_line' id='line_1_81' title="bbox 1997 2305 3653 2384; baseline 0.001 -23"><span class='ocrx_word' id='word_1_621' title='bbox 1997 2308 2087 2362; x_wconf 89' lang='grc' dir='ltr'><strong>καὶ</strong></span> <span class='ocrx_word' id='word_1_622' title='bbox 2138 2308 2201 2361; x_wconf 89' lang='grc' dir='ltr'>τὸ</span> <span class='ocrx_word' id='word_1_623' title='bbox 2260 2305 2486 2381; x_wconf 76' lang='grc' dir='ltr'>δαψιλὲς</span> <span class='ocrx_word' id='word_1_624' title='bbox 2537 2314 2638 2378; x_wconf 84' lang='grc' dir='ltr'><strong>τῆς</strong></span> <span class='ocrx_word' id='word_1_625' title='bbox 2689 2307 2992 2383; x_wconf 82' lang='grc' dir='ltr'>εὐεργεσίας</span> <span class='ocrx_word' id='word_1_626' title='bbox 3046 2306 3355 2384; x_wconf 80' lang='grc' dir='ltr'>προσέσται.</span> <span class='ocrx_word' id='word_1_627' title='bbox 3391 2309 3524 2369; x_wconf 82' lang='grc' dir='ltr'>Νέος</span> <span class='ocrx_word' id='word_1_628' title='bbox 3552 2307 3653 2383; x_wconf 79' lang='grc' dir='ltr'><strong>γὰρ</strong></span> 
     </span>
    </p>
   </div>
   <div class='ocr_carea' id='block_1_82' title="bbox 2000 2395 3657 2471">
    <p class='ocr_par' dir='ltr' id='par_1_82' title="bbox 2000 2395 3657 2471">
     <span class='ocr_line' id='line_1_82' title="bbox 2000 2395 3657 2471; baseline 0.001 -22"><span class='ocrx_word' id='word_1_629' title='bbox 2000 2395 2073 2449; x_wconf 83' lang='grc' dir='ltr'>ὣν</span> <span class='ocrx_word' id='word_1_630' title='bbox 2108 2397 2135 2449; x_wconf 88' lang='grc' dir='ltr'>ὁ</span> <span class='ocrx_word' id='word_1_631' title='bbox 2164 2401 2377 2471; x_wconf 81' lang='grc' dir='ltr'>κρατῶν</span> <span class='ocrx_word' id='word_1_632' title='bbox 2409 2397 2499 2450; x_wconf 79' lang='grc' dir='ltr'><strong>καὶ</strong></span> <span class='ocrx_word' id='word_1_633' title='bbox 2532 2396 2635 2450; x_wconf 88' lang='grc' dir='ltr'>ὑπὸ</span> <span class='ocrx_word' id='word_1_634' title='bbox 2668 2395 2940 2469; x_wconf 84' lang='grc' dir='ltr'>κηδεμόσι</span> <span class='ocrx_word' id='word_1_635' title='bbox 2967 2395 3140 2451; x_wconf 84' lang='grc' dir='ltr'>τελῶν</span> <span class='ocrx_word' id='word_1_636' title='bbox 3172 2400 3241 2470; x_wconf 80' lang='grc' dir='ltr'><strong>τῇ</strong></span> <span class='ocrx_word' id='word_1_637' title='bbox 3287 2398 3380 2468; x_wconf 74' lang='grc' dir='ltr'>μὲν</span> <span class='ocrx_word' id='word_1_638' title='bbox 3427 2397 3657 2471; x_wconf 81' lang='grc' dir='ltr'>σφετέρᾳ</span> 
     </span>
    </p>
   </div>
   <div class='ocr_carea' id='block_1_83' title="bbox 2005 2483 3653 2562">
    <p class='ocr_par' dir='ltr' id='par_1_83' title="bbox 2005 2483 3653 2562">
     <span class='ocr_line' id='line_1_83' title="bbox 2005 2483 3653 2562; baseline 0 -23"><span class='ocrx_word' id='word_1_639' title='bbox 2005 2483 2296 2560; x_wconf 75' lang='grc' dir='ltr'>βουλήσει,</span> <span class='ocrx_word' id='word_1_640' title='bbox 2352 2486 2471 2549; x_wconf 76' lang='grc' dir='ltr'>ὅθεν</span> <span class='ocrx_word' id='word_1_641' title='bbox 2530 2483 2808 2548; x_wconf 83' lang='grc' dir='ltr'>πολλάκις</span> <span class='ocrx_word' id='word_1_642' title='bbox 2842 2484 2931 2541; x_wconf 83' lang='grc' dir='ltr'><strong>καὶ</strong></span> <span class='ocrx_word' id='word_1_643' title='bbox 2962 2486 3023 2540; x_wconf 89' lang='grc' dir='ltr'>τὸ</span> <span class='ocrx_word' id='word_1_644' title='bbox 3057 2484 3391 2562; x_wconf 82' lang='grc' dir='ltr'>σφάλλεσθαι</span> <span class='ocrx_word' id='word_1_645' title='bbox 3423 2484 3562 2559; x_wconf 88' lang='grc' dir='ltr'>πρὸς</span> <span class='ocrx_word' id='word_1_646' title='bbox 3590 2484 3653 2540; x_wconf 85' lang='grc' dir='ltr'>τὸ</span> 
     </span>
    </p>
   </div>
   <div class='ocr_carea' id='block_1_84' title="bbox 1999 2573 3652 2651">
    <p class='ocr_par' dir='ltr' id='par_1_84' title="bbox 1999 2573 3652 2651">
     <span class='ocr_line' id='line_1_84' title="bbox 1999 2573 3652 2651; baseline 0 -23"><span class='ocrx_word' id='word_1_647' title='bbox 1999 2574 2205 2647; x_wconf 89' lang='grc' dir='ltr'>πρέπον</span> <span class='ocrx_word' id='word_1_648' title='bbox 2280 2575 2443 2646; x_wconf 83' lang='grc' dir='ltr'>ἐστὶν,</span> <span class='ocrx_word' id='word_1_649' title='bbox 2520 2575 2851 2651; x_wconf 80' lang='grc' dir='ltr'>ἀρχοντικοῦ</span> <span class='ocrx_word' id='word_1_650' title='bbox 2923 2574 3094 2651; x_wconf 88' lang='grc' dir='ltr'>τύφου</span> <span class='ocrx_word' id='word_1_651' title='bbox 3167 2573 3295 2636; x_wconf 79' lang='grc' dir='ltr'>τοὺς</span> <span class='ocrx_word' id='word_1_652' title='bbox 3351 2573 3652 2650; x_wconf 80' lang='grc' dir='ltr'>λογισμοὺς</span> 
     </span>
    </p>
   </div>
   <div class='ocr_carea' id='block_1_85' title="bbox 2004 2657 3656 2738">
    <p class='ocr_par' dir='ltr' id='par_1_85' title="bbox 2004 2657 3656 2738">
     <span class='ocr_line' id='line_1_85' title="bbox 2004 2657 3656 2738; baseline 0 -22"><span class='ocrx_word' id='word_1_653' title='bbox 2004 2657 2440 2736; x_wconf 78' lang='grc' dir='ltr'>ὑπερϐαίνοντος,</span> <span class='ocrx_word' id='word_1_654' title='bbox 2474 2662 2586 2737; x_wconf 78' lang='grc' dir='ltr'><strong>οὐχ</strong></span> <span class='ocrx_word' id='word_1_655' title='bbox 2628 2662 2731 2733; x_wconf 83' lang='grc' dir='ltr'>ἓξει</span> <span class='ocrx_word' id='word_1_656' title='bbox 2788 2664 2976 2738; x_wconf 87' lang='grc' dir='ltr'>χώραν</span> <span class='ocrx_word' id='word_1_657' title='bbox 3009 2660 3239 2720; x_wconf 85' lang='grc' dir='ltr'>διδόναι.</span> <span class='ocrx_word' id='word_1_658' title='bbox 3295 2666 3426 2725; x_wconf 91' lang='grc' dir='ltr'>Τοῖς</span> <span class='ocrx_word' id='word_1_659' title='bbox 3472 2660 3529 2717; x_wconf 75' lang='grc' dir='ltr'>δὲ</span> <span class='ocrx_word' id='word_1_660' title='bbox 3558 2684 3656 2734; x_wconf 89' lang='grc' dir='ltr'>κη-</span> 
     </span>
    </p>
   </div>
   <div class='ocr_carea' id='block_1_86' title="bbox 2007 2864 3650 2932">
    <p class='ocr_par' dir='ltr' id='par_1_86' title="bbox 2007 2864 3650 2932">
     <span class='ocr_line' id='line_1_86' title="bbox 2007 2864 3650 2932; baseline 0.001 -14"><span class='ocrx_word' id='word_1_661' title='bbox 2007 2881 2218 2921; x_wconf 89' lang='lat' dir='ltr'><strong>navare</strong></span> <span class='ocrx_word' id='word_1_662' title='bbox 2247 2864 2545 2921; x_wconf 84' lang='lat' dir='ltr'><strong>communi</strong></span> <span class='ocrx_word' id='word_1_663' title='bbox 2576 2864 2837 2932; x_wconf 91' lang='lat' dir='ltr'><strong>domino,</strong></span> <span class='ocrx_word' id='word_1_664' title='bbox 2860 2864 3010 2921; x_wconf 89' lang='lat' dir='ltr'><strong>nihil</strong></span> <span class='ocrx_word' id='word_1_665' title='bbox 3033 2864 3419 2922; x_wconf 82' lang='lat' dir='ltr'><strong>dissimulans</strong></span> <span class='ocrx_word' id='word_1_666' title='bbox 3438 2865 3650 2920; x_wconf 84' lang='lat' dir='ltr'><strong>dicam.</strong></span> 
     </span>
    </p>
   </div>
   <div class='ocr_carea' id='block_1_87' title="bbox 2002 2953 3651 3027">
    <p class='ocr_par' dir='ltr' id='par_1_87' title="bbox 2002 2953 3651 3027">
     <span class='ocr_line' id='line_1_87' title="bbox 2002 2953 3651 3027; baseline 0 -20"><span class='ocrx_word' id='word_1_667' title='bbox 2002 2954 2383 3010; x_wconf 89' lang='lat' dir='ltr'><strong>Primumilla</strong></span> <span class='ocrx_word' id='word_1_668' title='bbox 2421 2954 2770 3026; x_wconf 88' lang='lat' dir='ltr'><strong>simplicitas</strong></span> <span class='ocrx_word' id='word_1_669' title='bbox 2792 2954 3037 3020; x_wconf 89' lang='lat' dir='ltr'><strong>domini,</strong></span> <span class='ocrx_word' id='word_1_670' title='bbox 3062 2954 3273 3027; x_wconf 89' lang='lat' dir='ltr'><strong>puerili</strong></span> <span class='ocrx_word' id='word_1_671' title='bbox 3297 2953 3651 3021; x_wconf 88' lang='lat' dir='ltr'><strong>sinceritate,</strong></span> 
     </span>
    </p>
   </div>
   <div class='ocr_carea' id='block_1_88' title="bbox 1998 3041 3652 3115">
    <p class='ocr_par' dir='ltr' id='par_1_88' title="bbox 1998 3041 3652 3115">
     <span class='ocr_line' id='line_1_88' title="bbox 1998 3041 3652 3115; baseline -0.002 -15"><span class='ocrx_word' id='word_1_672' title='bbox 1998 3045 2126 3100; x_wconf 89' lang='lat' dir='ltr'><strong>sine</strong></span> <span class='ocrx_word' id='word_1_673' title='bbox 2158 3047 2280 3099; x_wconf 81' lang='lat' dir='ltr'><strong>arte</strong></span> <span class='ocrx_word' id='word_1_674' title='bbox 2313 3044 2446 3099; x_wconf 88' lang='lat' dir='ltr'><strong>fuco</strong></span> <span class='ocrx_word' id='word_1_675' title='bbox 2486 3042 2720 3115; x_wconf 87' lang='lat' dir='ltr'><strong>quidvis</strong></span> <span class='ocrx_word' id='word_1_676' title='bbox 2779 3044 3029 3115; x_wconf 89' lang='lat' dir='ltr'><strong>agentis,</strong></span> <span class='ocrx_word' id='word_1_677' title='bbox 3076 3042 3219 3098; x_wconf 91' lang='lat' dir='ltr'><strong>nihil</strong></span> <span class='ocrx_word' id='word_1_678' title='bbox 3281 3041 3652 3105; x_wconf 86' lang='lat' dir='ltr'><strong>occultando,</strong></span> 
     </span>
    </p>
   </div>
   <div class='ocr_carea' id='block_1_89' title="bbox 1997 3130 3652 3196">
    <p class='ocr_par' dir='ltr' id='par_1_89' title="bbox 1997 3130 3652 3196">
     <span class='ocr_line' id='line_1_89' title="bbox 1997 3130 3652 3196; baseline -0.002 -8"><span class='ocrx_word' id='word_1_679' title='bbox 1997 3131 2146 3188; x_wconf 91' lang='lat' dir='ltr'><strong>nihil</strong></span> <span class='ocrx_word' id='word_1_680' title='bbox 2175 3131 2505 3187; x_wconf 82' lang='lat' dir='ltr'><strong>clanculum</strong></span> <span class='ocrx_word' id='word_1_681' title='bbox 2541 3136 2643 3187; x_wconf 91' lang='lat' dir='ltr'><strong>aut</strong></span> <span class='ocrx_word' id='word_1_682' title='bbox 2676 3149 2886 3188; x_wconf 88' lang='lat' dir='ltr'><strong>arcane</strong></span> <span class='ocrx_word' id='word_1_683' title='bbox 2918 3132 3335 3196; x_wconf 88' lang='lat' dir='ltr'><strong>machinando,</strong></span> <span class='ocrx_word' id='word_1_684' title='bbox 3368 3130 3517 3186; x_wconf 89' lang='lat' dir='ltr'><strong>nihil</strong></span> <span class='ocrx_word' id='word_1_685' title='bbox 3550 3148 3652 3185; x_wconf 90' lang='lat' dir='ltr'><strong>su-</strong></span> 
     </span>
    </p>
   </div>
   <div class='ocr_carea' id='block_1_90' title="bbox 1998 3218 3650 3293">
    <p class='ocr_par' dir='ltr' id='par_1_90' title="bbox 1998 3218 3650 3293">
     <span class='ocr_line' id='line_1_90' title="bbox 1998 3218 3650 3293; baseline -0.002 -16"><span class='ocrx_word' id='word_1_686' title='bbox 1998 3220 2250 3293; x_wconf 89' lang='lat' dir='ltr'><strong>spiciose</strong></span> <span class='ocrx_word' id='word_1_687' title='bbox 2310 3219 2624 3291; x_wconf 90' lang='lat' dir='ltr'><strong>cogitando</strong></span> <span class='ocrx_word' id='word_1_688' title='bbox 2676 3220 2747 3275; x_wconf 91' lang='lat' dir='ltr'><strong>de</strong></span> <span class='ocrx_word' id='word_1_689' title='bbox 2806 3219 2878 3275; x_wconf 90' lang='lat' dir='ltr'><strong>iis</strong></span> <span class='ocrx_word' id='word_1_690' title='bbox 2937 3237 3065 3292; x_wconf 77' lang='lat' dir='ltr'><strong>quae</strong></span> <span class='ocrx_word' id='word_1_691' title='bbox 3126 3220 3347 3275; x_wconf 90' lang='lat' dir='ltr'><strong>subditi</strong></span> <span class='ocrx_word' id='word_1_692' title='bbox 3407 3218 3650 3289; x_wconf 86' lang='lat' dir='ltr'><strong>faciunt,</strong></span> 
     </span>
    </p>
   </div>
   <div class='ocr_carea' id='block_1_91' title="bbox 1995 3307 3649 3381">
    <p class='ocr_par' dir='ltr' id='par_1_91' title="bbox 1995 3307 3649 3381">
     <span class='ocr_line' id='line_1_91' title="bbox 1995 3307 3649 3381; baseline -0.001 -17"><span class='ocrx_word' id='word_1_693' title='bbox 1995 3310 2133 3381; x_wconf 93' lang='lat' dir='ltr'><strong>quid</strong></span> <span class='ocrx_word' id='word_1_694' title='bbox 2168 3308 2326 3363; x_wconf 88' lang='lat' dir='ltr'><strong>aliud</strong></span> <span class='ocrx_word' id='word_1_695' title='bbox 2358 3325 2534 3379; x_wconf 89' lang='lat' dir='ltr'><strong>quam</strong></span> <span class='ocrx_word' id='word_1_696' title='bbox 2561 3308 2743 3364; x_wconf 85' lang='lat' dir='ltr'><strong>trahit</strong></span> <span class='ocrx_word' id='word_1_697' title='bbox 2773 3313 2833 3364; x_wconf 92' lang='lat' dir='ltr'><strong>et</strong></span> <span class='ocrx_word' id='word_1_698' title='bbox 2870 3308 3229 3365; x_wconf 88' lang='lat' dir='ltr'><strong>ineluctabili</strong></span> <span class='ocrx_word' id='word_1_699' title='bbox 3253 3309 3507 3381; x_wconf 89' lang='lat' dir='ltr'><strong>quadam</strong></span> <span class='ocrx_word' id='word_1_700' title='bbox 3535 3307 3649 3379; x_wconf 91' lang='lat' dir='ltr'><strong>pel-</strong></span> 
     </span>
    </p>
   </div>
   <div class='ocr_carea' id='block_1_92' title="bbox 1992 3395 3648 3468">
    <p class='ocr_par' dir='ltr' id='par_1_92' title="bbox 1992 3395 3648 3468">
     <span class='ocr_line' id='line_1_92' title="bbox 1992 3395 3648 3468; baseline -0.002 -15"><span class='ocrx_word' id='word_1_701' title='bbox 1992 3397 2142 3453; x_wconf 86' lang='lat' dir='ltr'><strong>lacia</strong></span> <span class='ocrx_word' id='word_1_702' title='bbox 2174 3397 2330 3468; x_wconf 88' lang='lat' dir='ltr'><strong>rapit</strong></span> <span class='ocrx_word' id='word_1_703' title='bbox 2359 3398 2427 3452; x_wconf 93' lang='lat' dir='ltr'><strong>ad</strong></span> <span class='ocrx_word' id='word_1_704' title='bbox 2465 3414 2594 3453; x_wconf 90' lang='lat' dir='ltr'><strong>sese</strong></span> <span class='ocrx_word' id='word_1_705' title='bbox 2625 3398 2889 3452; x_wconf 90' lang='lat' dir='ltr'><strong>omnium</strong></span> <span class='ocrx_word' id='word_1_706' title='bbox 2918 3396 3402 3464; x_wconf 87' lang='lat' dir='ltr'><strong>benevolentiam,</strong></span> <span class='ocrx_word' id='word_1_707' title='bbox 3428 3395 3648 3465; x_wconf 87' lang='lat' dir='ltr'><strong>studia,</strong></span> 
     </span>
    </p>
   </div>
   <div class='ocr_carea' id='block_1_93' title="bbox 1991 3485 3651 3557">
    <p class='ocr_par' dir='ltr' id='par_1_93' title="bbox 1991 3485 3651 3557">
     <span class='ocr_line' id='line_1_93' title="bbox 1991 3485 3651 3557; baseline -0.002 -16"><span class='ocrx_word' id='word_1_708' title='bbox 1991 3486 2342 3541; x_wconf 85' lang='lat' dir='ltr'><strong>tenerrimos</strong></span> <span class='ocrx_word' id='word_1_709' title='bbox 2368 3485 2636 3554; x_wconf 71' lang='lat' dir='ltr'><strong>affectus,</strong></span> <span class='ocrx_word' id='word_1_710' title='bbox 2660 3486 2867 3557; x_wconf 90' lang='lat' dir='ltr'><strong>utique</strong></span> <span class='ocrx_word' id='word_1_711' title='bbox 2897 3502 3036 3557; x_wconf 89' lang='lat' dir='ltr'><strong>erga</strong></span> <span class='ocrx_word' id='word_1_712' title='bbox 3062 3485 3221 3541; x_wconf 90' lang='lat' dir='ltr'><strong>omni</strong></span> <span class='ocrx_word' id='word_1_713' title='bbox 3245 3486 3361 3555; x_wconf 82' lang='lat' dir='ltr'><strong>iam</strong></span> <span class='ocrx_word' id='word_1_714' title='bbox 3395 3501 3464 3539; x_wconf 88' lang='lat' dir='ltr'><strong>ex</strong></span> <span class='ocrx_word' id='word_1_715' title='bbox 3487 3488 3651 3555; x_wconf 87' lang='lat' dir='ltr'><strong>parte</strong></span> 
     </span>
    </p>
   </div>
   <div class='ocr_carea' id='block_1_94' title="bbox 1992 3573 3647 3646">
    <p class='ocr_par' dir='ltr' id='par_1_94' title="bbox 1992 3573 3647 3646">
     <span class='ocr_line' id='line_1_94' title="bbox 1992 3573 3647 3646; baseline -0.002 -15"><span class='ocrx_word' id='word_1_716' title='bbox 1992 3575 2305 3631; x_wconf 87' lang='lat' dir='ltr'><strong>amabilem</strong></span> <span class='ocrx_word' id='word_1_717' title='bbox 2343 3573 2691 3646; x_wconf 86' lang='lat' dir='ltr'><strong>principem,</strong></span> <span class='ocrx_word' id='word_1_718' title='bbox 2727 3592 2760 3630; x_wconf 90' lang='lat' dir='ltr'><strong>a</strong></span> <span class='ocrx_word' id='word_1_719' title='bbox 2790 3591 2905 3646; x_wconf 91' lang='lat' dir='ltr'><strong>quo</strong></span> <span class='ocrx_word' id='word_1_720' title='bbox 2932 3591 3104 3630; x_wconf 91' lang='lat' dir='ltr'><strong>nemo</strong></span> <span class='ocrx_word' id='word_1_721' title='bbox 3137 3574 3461 3645; x_wconf 88' lang='lat' dir='ltr'><strong>quidquam</strong></span> <span class='ocrx_word' id='word_1_722' title='bbox 3494 3574 3647 3643; x_wconf 92' lang='lat' dir='ltr'><strong>quod</strong></span> 
     </span>
    </p>
   </div>
   <div class='ocr_carea' id='block_1_95' title="bbox 1991 3661 3650 3735">
    <p class='ocr_par' dir='ltr' id='par_1_95' title="bbox 1991 3661 3650 3735">
     <span class='ocr_line' id='line_1_95' title="bbox 1991 3661 3650 3735; baseline -0.002 -16"><span class='ocrx_word' id='word_1_723' title='bbox 1991 3663 2139 3719; x_wconf 87' lang='lat' dir='ltr'><strong>nolit</strong></span> <span class='ocrx_word' id='word_1_724' title='bbox 2160 3680 2473 3734; x_wconf 89' lang='lat' dir='ltr'><strong>passurum</strong></span> <span class='ocrx_word' id='word_1_725' title='bbox 2490 3680 2617 3719; x_wconf 89' lang='lat' dir='ltr'><strong>sese</strong></span> <span class='ocrx_word' id='word_1_726' title='bbox 2635 3663 2717 3719; x_wconf 88' lang='lat' dir='ltr'><strong>vel</strong></span> <span class='ocrx_word' id='word_1_727' title='bbox 2741 3663 3050 3735; x_wconf 90' lang='lat' dir='ltr'><strong>cogitando</strong></span> <span class='ocrx_word' id='word_1_728' title='bbox 3070 3664 3258 3735; x_wconf 88' lang='lat' dir='ltr'><strong>possit</strong></span> <span class='ocrx_word' id='word_1_729' title='bbox 3281 3661 3650 3732; x_wconf 80' lang='lat' dir='ltr'><strong>ﬁngere?Ex-</strong></span> 
     </span>
    </p>
   </div>
   <div class='ocr_carea' id='block_1_96' title="bbox 1989 3751 3645 3824">
    <p class='ocr_par' dir='ltr' id='par_1_96' title="bbox 1989 3751 3645 3824">
     <span class='ocr_line' id='line_1_96' title="bbox 1989 3751 3645 3824; baseline -0.001 -17"><span class='ocrx_word' id='word_1_730' title='bbox 1989 3751 2154 3807; x_wconf 91' lang='lat' dir='ltr'><strong>cluso</strong></span> <span class='ocrx_word' id='word_1_731' title='bbox 2174 3756 2369 3806; x_wconf 88' lang='lat' dir='ltr'><strong>autem</strong></span> <span class='ocrx_word' id='word_1_732' title='bbox 2390 3757 2549 3808; x_wconf 90' lang='lat' dir='ltr'><strong>metu</strong></span> <span class='ocrx_word' id='word_1_733' title='bbox 2566 3753 2723 3808; x_wconf 90' lang='lat' dir='ltr'><strong>omni</strong></span> <span class='ocrx_word' id='word_1_734' title='bbox 2742 3756 2921 3807; x_wconf 87' lang='lat' dir='ltr'><strong>restat</strong></span> <span class='ocrx_word' id='word_1_735' title='bbox 2936 3770 3083 3824; x_wconf 91' lang='lat' dir='ltr'><strong>pura</strong></span> <span class='ocrx_word' id='word_1_736' title='bbox 3095 3752 3350 3807; x_wconf 88' lang='lat' dir='ltr'><strong>charitas</strong></span> <span class='ocrx_word' id='word_1_737' title='bbox 3369 3751 3645 3819; x_wconf 89' lang='lat' dir='ltr'><strong>etlibera,</strong></span> 
     </span>
    </p>
   </div>
   <div class='ocr_carea' id='block_1_97' title="bbox 1988 3838 3645 3911">
    <p class='ocr_par' dir='ltr' id='par_1_97' title="bbox 1988 3838 3645 3911">
     <span class='ocr_line' id='line_1_97' title="bbox 1988 3838 3645 3911; baseline 0 -16"><span class='ocrx_word' id='word_1_738' title='bbox 1988 3841 2159 3911; x_wconf 89' lang='lat' dir='ltr'><strong>cujus</strong></span> <span class='ocrx_word' id='word_1_739' title='bbox 2192 3838 2377 3895; x_wconf 89' lang='lat' dir='ltr'><strong>solius</strong></span> <span class='ocrx_word' id='word_1_740' title='bbox 2400 3856 2682 3911; x_wconf 80' lang='lat' dir='ltr'><strong>generoso</strong></span> <span class='ocrx_word' id='word_1_741' title='bbox 2706 3857 2772 3896; x_wconf 87' lang='lat' dir='ltr'><strong>ac</strong></span> <span class='ocrx_word' id='word_1_742' title='bbox 2803 3840 3086 3895; x_wconf 85' lang='lat' dir='ltr'><strong>laudabili</strong></span> <span class='ocrx_word' id='word_1_743' title='bbox 3120 3840 3375 3911; x_wconf 89' lang='lat' dir='ltr'><strong>impulsu</strong></span> <span class='ocrx_word' id='word_1_744' title='bbox 3400 3856 3645 3911; x_wconf 90' lang='lat' dir='ltr'><strong>pronum</strong></span> 
     </span>
    </p>
   </div>
   <div class='ocr_carea' id='block_1_98' title="bbox 1986 3928 3646 4001">
    <p class='ocr_par' dir='ltr' id='par_1_98' title="bbox 1986 3928 3646 4001">
     <span class='ocr_line' id='line_1_98' title="bbox 1986 3928 3646 4001; baseline 0 -17"><span class='ocrx_word' id='word_1_745' title='bbox 1986 3935 2076 3984; x_wconf 90' lang='lat' dir='ltr'><strong>est</strong></span> <span class='ocrx_word' id='word_1_746' title='bbox 2103 3928 2202 3985; x_wconf 75' lang='lat'><strong>45</strong></span> <span class='ocrx_word' id='word_1_747' title='bbox 2238 3932 2302 3983; x_wconf 91' lang='lat' dir='ltr'><strong>ut</strong></span> <span class='ocrx_word' id='word_1_748' title='bbox 2331 3928 2593 3984; x_wconf 88' lang='lat' dir='ltr'><strong>studium</strong></span> <span class='ocrx_word' id='word_1_749' title='bbox 2629 3928 2883 4000; x_wconf 89' lang='lat' dir='ltr'><strong>quisque</strong></span> <span class='ocrx_word' id='word_1_750' title='bbox 2914 3929 3257 3984; x_wconf 84' lang='lat' dir='ltr'><strong>ostendatin</strong></span> <span class='ocrx_word' id='word_1_751' title='bbox 3295 3928 3646 4001; x_wconf 89' lang='lat' dir='ltr'><strong>principem,</strong></span> 
     </span>
    </p>
   </div>
   <div class='ocr_carea' id='block_1_99' title="bbox 1988 4016 3645 4088">
    <p class='ocr_par' dir='ltr' id='par_1_99' title="bbox 1988 4016 3645 4088">
     <span class='ocr_line' id='line_1_99' title="bbox 1988 4016 3645 4088; baseline 0 -15"><span class='ocrx_word' id='word_1_752' title='bbox 1988 4019 2143 4073; x_wconf 92' lang='lat' dir='ltr'><strong>unde</strong></span> <span class='ocrx_word' id='word_1_753' title='bbox 2175 4017 2328 4088; x_wconf 91' lang='lat' dir='ltr'><strong>quod</strong></span> <span class='ocrx_word' id='word_1_754' title='bbox 2363 4018 2472 4072; x_wconf 90' lang='lat' dir='ltr'><strong>sibi</strong></span> <span class='ocrx_word' id='word_1_755' title='bbox 2506 4022 2727 4072; x_wconf 88' lang='lat' dir='ltr'><strong>metuat</strong></span> <span class='ocrx_word' id='word_1_756' title='bbox 2755 4016 2927 4088; x_wconf 89' lang='lat' dir='ltr'><strong>plane</strong></span> <span class='ocrx_word' id='word_1_757' title='bbox 2958 4016 3104 4072; x_wconf 92' lang='lat' dir='ltr'><strong>nihil</strong></span> <span class='ocrx_word' id='word_1_758' title='bbox 3136 4021 3244 4072; x_wconf 91' lang='lat' dir='ltr'><strong>est.</strong></span> <span class='ocrx_word' id='word_1_759' title='bbox 3279 4018 3431 4072; x_wconf 89' lang='lat' dir='ltr'><strong>Sane</strong></span> <span class='ocrx_word' id='word_1_760' title='bbox 3472 4018 3645 4073; x_wconf 87' lang='lat' dir='ltr'><strong>obse-</strong></span> 
     </span>
    </p>
   </div>
   <div class='ocr_carea' id='block_1_100' title="bbox 1986 4105 3650 4179">
    <p class='ocr_par' dir='ltr' id='par_1_100' title="bbox 1986 4105 3650 4179">
     <span class='ocr_line' id='line_1_100' title="bbox 1986 4105 3650 4179; baseline 0 -17"><span class='ocrx_word' id='word_1_761' title='bbox 1986 4107 2127 4179; x_wconf 91' lang='lat' dir='ltr'><strong>quia</strong></span> <span class='ocrx_word' id='word_1_762' title='bbox 2156 4107 2368 4163; x_wconf 88' lang='lat' dir='ltr'><strong>civium</strong></span> <span class='ocrx_word' id='word_1_763' title='bbox 2402 4106 2461 4161; x_wconf 91' lang='lat' dir='ltr'><strong>in</strong></span> <span class='ocrx_word' id='word_1_764' title='bbox 2495 4122 2659 4177; x_wconf 89' lang='lat' dir='ltr'><strong>reges</strong></span> <span class='ocrx_word' id='word_1_765' title='bbox 2692 4105 2904 4161; x_wconf 88' lang='lat' dir='ltr'><strong>harum</strong></span> <span class='ocrx_word' id='word_1_766' title='bbox 2940 4106 3059 4161; x_wconf 79' lang='lat' dir='ltr'><strong>fere</strong></span> <span class='ocrx_word' id='word_1_767' title='bbox 3100 4106 3284 4161; x_wconf 88' lang='lat' dir='ltr'><strong>altera</strong></span> <span class='ocrx_word' id='word_1_768' title='bbox 3335 4123 3650 4162; x_wconf 85' lang='lat' dir='ltr'><strong>causarum</strong></span> 
     </span>
    </p>
   </div>
   <div class='ocr_carea' id='block_1_101' title="bbox 1986 4194 3649 4263">
    <p class='ocr_par' dir='ltr' id='par_1_101' title="bbox 1986 4194 3649 4263">
     <span class='ocr_line' id='line_1_101' title="bbox 1986 4194 3649 4263; baseline -0.003 -11"><span class='ocrx_word' id='word_1_769' title='bbox 1986 4201 2199 4263; x_wconf 90' lang='lat' dir='ltr'><strong>movet,</strong></span> <span class='ocrx_word' id='word_1_770' title='bbox 2232 4196 2412 4251; x_wconf 89' lang='lat' dir='ltr'><strong>timor</strong></span> <span class='ocrx_word' id='word_1_771' title='bbox 2443 4198 2543 4251; x_wconf 89' lang='lat' dir='ltr'><strong>aut</strong></span> <span class='ocrx_word' id='word_1_772' title='bbox 2566 4194 2848 4250; x_wconf 89' lang='lat' dir='ltr'><strong>charitas.</strong></span> <span class='ocrx_word' id='word_1_773' title='bbox 2868 4194 3057 4257; x_wconf 87' lang='lat' dir='ltr'><strong>Quare</strong></span> <span class='ocrx_word' id='word_1_774' title='bbox 3085 4211 3218 4249; x_wconf 92' lang='lat' dir='ltr'><strong>cum</strong></span> <span class='ocrx_word' id='word_1_775' title='bbox 3246 4211 3403 4250; x_wconf 91' lang='lat' dir='ltr'><strong>nunc</strong></span> <span class='ocrx_word' id='word_1_776' title='bbox 3427 4194 3649 4248; x_wconf 89' lang='lat' dir='ltr'><strong>consti-</strong></span> 
     </span>
    </p>
   </div>
   <div class='ocr_carea' id='block_1_102' title="bbox 1984 4281 3643 4353">
    <p class='ocr_par' dir='ltr' id='par_1_102' title="bbox 1984 4281 3643 4353">
     <span class='ocr_line' id='line_1_102' title="bbox 1984 4281 3643 4353; baseline -0.001 -14"><span class='ocrx_word' id='word_1_777' title='bbox 1984 4289 2121 4340; x_wconf 84' lang='lat' dir='ltr'><strong>terit</strong></span> <span class='ocrx_word' id='word_1_778' title='bbox 2151 4283 2348 4338; x_wconf 88' lang='lat' dir='ltr'><strong>timori</strong></span> <span class='ocrx_word' id='word_1_779' title='bbox 2377 4282 2606 4339; x_wconf 90' lang='lat' dir='ltr'><strong>nullum</strong></span> <span class='ocrx_word' id='word_1_780' title='bbox 2632 4281 2824 4338; x_wconf 90' lang='lat' dir='ltr'><strong>locum</strong></span> <span class='ocrx_word' id='word_1_781' title='bbox 2857 4298 3006 4351; x_wconf 89' lang='lat' dir='ltr'><strong>esse,</strong></span> <span class='ocrx_word' id='word_1_782' title='bbox 3043 4282 3310 4353; x_wconf 84' lang='lat' dir='ltr'><strong>sequitur</strong></span> <span class='ocrx_word' id='word_1_783' title='bbox 3340 4282 3398 4337; x_wconf 93' lang='lat' dir='ltr'><strong>id</strong></span> <span class='ocrx_word' id='word_1_784' title='bbox 3456 4287 3643 4338; x_wconf 90' lang='lat' dir='ltr'><strong>totum</strong></span> 
     </span>
    </p>
   </div>
   <div class='ocr_carea' id='block_1_103' title="bbox 1984 4373 3647 4446">
    <p class='ocr_par' dir='ltr' id='par_1_103' title="bbox 1984 4373 3647 4446">
     <span class='ocr_line' id='line_1_103' title="bbox 1984 4373 3647 4446; baseline -0.001 -17"><span class='ocrx_word' id='word_1_785' title='bbox 1984 4374 2401 4446; x_wconf 90' lang='lat' dir='ltr'><strong>imputandum</strong></span> <span class='ocrx_word' id='word_1_786' title='bbox 2427 4374 2723 4429; x_wconf 88' lang='lat' dir='ltr'><strong>eharitati.</strong></span> <span class='ocrx_word' id='word_1_787' title='bbox 2746 4373 2851 4429; x_wconf 90' lang='lat' dir='ltr'><strong>Ubi</strong></span> <span class='ocrx_word' id='word_1_788' title='bbox 2875 4378 3073 4429; x_wconf 88' lang='lat' dir='ltr'><strong>autem</strong></span> <span class='ocrx_word' id='word_1_789' title='bbox 3101 4374 3268 4429; x_wconf 87' lang='lat' dir='ltr'><strong>adest</strong></span> <span class='ocrx_word' id='word_1_790' title='bbox 3292 4390 3426 4429; x_wconf 88' lang='lat' dir='ltr'><strong>vera</strong></span> <span class='ocrx_word' id='word_1_791' title='bbox 3448 4377 3503 4429; x_wconf 88' lang='lat' dir='ltr'><strong>et</strong></span> <span class='ocrx_word' id='word_1_792' title='bbox 3525 4373 3647 4429; x_wconf 90' lang='lat' dir='ltr'><strong>sin-</strong></span> 
     </span>
    </p>
   </div>
   <div class='ocr_carea' id='block_1_104' title="bbox 1985 4462 3648 4535">
    <p class='ocr_par' dir='ltr' id='par_1_104' title="bbox 1985 4462 3648 4535">
     <span class='ocr_line' id='line_1_104' title="bbox 1985 4462 3648 4535; baseline 0 -18"><span class='ocrx_word' id='word_1_793' title='bbox 1985 4480 2115 4518; x_wconf 88' lang='lat' dir='ltr'><strong>cera</strong></span> <span class='ocrx_word' id='word_1_794' title='bbox 2130 4463 2408 4530; x_wconf 86' lang='lat' dir='ltr'><strong>charitas,</strong></span> <span class='ocrx_word' id='word_1_795' title='bbox 2425 4462 2548 4518; x_wconf 83' lang='lat' dir='ltr'><strong>ﬁeri</strong></span> <span class='ocrx_word' id='word_1_796' title='bbox 2564 4478 2678 4518; x_wconf 92' lang='lat' dir='ltr'><strong>non</strong></span> <span class='ocrx_word' id='word_1_797' title='bbox 2698 4466 2889 4535; x_wconf 84' lang='lat' dir='ltr'><strong>potest</strong></span> <span class='ocrx_word' id='word_1_798' title='bbox 2906 4468 2967 4517; x_wconf 91' lang='lat' dir='ltr'><strong>ut</strong></span> <span class='ocrx_word' id='word_1_799' title='bbox 2983 4463 3308 4534; x_wconf 88' lang='lat' dir='ltr'><strong>quidquam</strong></span> <span class='ocrx_word' id='word_1_800' title='bbox 3329 4463 3648 4535; x_wconf 89' lang='lat' dir='ltr'><strong>quisquam</strong></span> 
     </span>
    </p>
   </div>
   <div class='ocr_carea' id='block_1_105' title="bbox 1986 4551 3645 4623">
    <p class='ocr_par' dir='ltr' id='par_1_105' title="bbox 1986 4551 3645 4623">
     <span class='ocr_line' id='line_1_105' title="bbox 1986 4551 3645 4623; baseline 0.001 -16"><span class='ocrx_word' id='word_1_801' title='bbox 1986 4556 2238 4619; x_wconf 90' lang='lat' dir='ltr'><strong>recuset,</strong></span> <span class='ocrx_word' id='word_1_802' title='bbox 2285 4553 2611 4623; x_wconf 87' lang='lat' dir='ltr'><strong>quidquam</strong></span> <span class='ocrx_word' id='word_1_803' title='bbox 2645 4552 2905 4623; x_wconf 74' lang='lat' dir='ltr'><strong>negligat</strong></span> <span class='ocrx_word' id='word_1_804' title='bbox 2935 4568 3139 4607; x_wconf 89' lang='lat' dir='ltr'><strong>eorum</strong></span> <span class='ocrx_word' id='word_1_805' title='bbox 3173 4569 3299 4623; x_wconf 74' lang='lat' dir='ltr'><strong>quas</strong></span> <span class='ocrx_word' id='word_1_806' title='bbox 3350 4553 3421 4607; x_wconf 89' lang='lat' dir='ltr'><strong>ad</strong></span> <span class='ocrx_word' id='word_1_807' title='bbox 3480 4551 3645 4608; x_wconf 91' lang='lat' dir='ltr'><strong>illius</strong></span> 
     </span>
    </p>
   </div>
   <div class='ocr_carea' id='block_1_106' title="bbox 1988 4641 3645 4713">
    <p class='ocr_par' dir='ltr' id='par_1_106' title="bbox 1988 4641 3645 4713">
     <span class='ocr_line' id='line_1_106' title="bbox 1988 4641 3645 4713; baseline 0 -18"><span class='ocrx_word' id='word_1_808' title='bbox 1988 4657 2165 4713; x_wconf 89' lang='lat' dir='ltr'><strong>quem</strong></span> <span class='ocrx_word' id='word_1_809' title='bbox 2197 4657 2329 4696; x_wconf 91' lang='lat' dir='ltr'><strong>vere</strong></span> <span class='ocrx_word' id='word_1_810' title='bbox 2352 4641 2545 4712; x_wconf 89' lang='lat' dir='ltr'><strong>diligit</strong></span> <span class='ocrx_word' id='word_1_811' title='bbox 2573 4642 2923 4711; x_wconf 88' lang='lat' dir='ltr'><strong>obsequium</strong></span> <span class='ocrx_word' id='word_1_812' title='bbox 2952 4643 3269 4711; x_wconf 90' lang='lat' dir='ltr'><strong>pertinent.</strong></span> <span class='ocrx_word' id='word_1_813' title='bbox 3296 4641 3499 4695; x_wconf 79' lang='lat' dir='ltr'><strong>Altera</strong></span> <span class='ocrx_word' id='word_1_814' title='bbox 3518 4657 3645 4712; x_wconf 74' lang='lat' dir='ltr'><strong>quze</strong></span> 
     </span>
    </p>
   </div>
   <div class='ocr_carea' id='block_1_107' title="bbox 1988 4729 3646 4801">
    <p class='ocr_par' dir='ltr' id='par_1_107' title="bbox 1988 4729 3646 4801">
     <span class='ocr_line' id='line_1_107' title="bbox 1988 4729 3646 4801; baseline 0.001 -17"><span class='ocrx_word' id='word_1_815' title='bbox 1988 4730 2143 4801; x_wconf 89' lang='lat' dir='ltr'><strong>quod</strong></span> <span class='ocrx_word' id='word_1_816' title='bbox 2178 4729 2453 4801; x_wconf 89' lang='lat' dir='ltr'><strong>proposui</strong></span> <span class='ocrx_word' id='word_1_817' title='bbox 2484 4731 2694 4785; x_wconf 90' lang='lat' dir='ltr'><strong>suadet</strong></span> <span class='ocrx_word' id='word_1_818' title='bbox 2726 4731 2899 4797; x_wconf 91' lang='lat' dir='ltr'><strong>ratio,</strong></span> <span class='ocrx_word' id='word_1_819' title='bbox 2924 4730 3042 4785; x_wconf 83' lang='lat' dir='ltr'><strong>haec</strong></span> <span class='ocrx_word' id='word_1_820' title='bbox 3070 4732 3178 4785; x_wconf 89' lang='lat' dir='ltr'><strong>est.</strong></span> <span class='ocrx_word' id='word_1_821' title='bbox 3216 4730 3440 4785; x_wconf 85' lang='lat' dir='ltr'><strong>Recens</strong></span> <span class='ocrx_word' id='word_1_822' title='bbox 3472 4729 3646 4785; x_wconf 84' lang='lat' dir='ltr'><strong>insti-</strong></span> 
     </span>
    </p>
   </div>
   <div class='ocr_carea' id='block_1_108' title="bbox 1986 4818 3649 4889">
    <p class='ocr_par' dir='ltr' id='par_1_108' title="bbox 1986 4818 3649 4889">
     <span class='ocr_line' id='line_1_108' title="bbox 1986 4818 3649 4889; baseline 0.001 -16"><span class='ocrx_word' id='word_1_823' title='bbox 1986 4823 2114 4873; x_wconf 87' lang='lat' dir='ltr'><strong>tuto</strong></span> <span class='ocrx_word' id='word_1_824' title='bbox 2149 4818 2397 4889; x_wconf 83' lang='lat' dir='ltr'><strong>principi</strong></span> <span class='ocrx_word' id='word_1_825' title='bbox 2436 4819 2829 4874; x_wconf 85' lang='lat' dir='ltr'><strong>beneﬁcentia</strong></span> <span class='ocrx_word' id='word_1_826' title='bbox 2858 4819 2914 4873; x_wconf 90' lang='lat' dir='ltr'>in</span> <span class='ocrx_word' id='word_1_827' title='bbox 2950 4819 3359 4885; x_wconf 88' lang='lat' dir='ltr'><strong>subditos,alio</strong></span> <span class='ocrx_word' id='word_1_828' title='bbox 3388 4828 3649 4889; x_wconf 85' lang='lat' dir='ltr'><strong>tempore</strong></span> 
     </span>
    </p>
   </div>
   <div class='ocr_carea' id='block_1_109' title="bbox 1986 4906 3647 4975">
    <p class='ocr_par' dir='ltr' id='par_1_109' title="bbox 1986 4906 3647 4975">
     <span class='ocr_line' id='line_1_109' title="bbox 1986 4906 3647 4975; baseline 0.001 -13"><span class='ocrx_word' id='word_1_829' title='bbox 1986 4907 2194 4975; x_wconf 90' lang='lat' dir='ltr'><strong>libera,</strong></span> <span class='ocrx_word' id='word_1_830' title='bbox 2227 4906 2327 4962; x_wconf 89' lang='lat' dir='ltr'><strong>tali</strong></span> <span class='ocrx_word' id='word_1_831' title='bbox 2352 4923 2548 4961; x_wconf 88' lang='lat' dir='ltr'><strong>rerum</strong></span> <span class='ocrx_word' id='word_1_832' title='bbox 2572 4907 2821 4962; x_wconf 89' lang='lat' dir='ltr'><strong>articulo</strong></span> <span class='ocrx_word' id='word_1_833' title='bbox 2847 4908 3177 4964; x_wconf 88' lang='lat' dir='ltr'><strong>necessaria</strong></span> <span class='ocrx_word' id='word_1_834' title='bbox 3196 4908 3280 4964; x_wconf 82' lang='lat' dir='ltr'><strong>ﬁt.</strong></span> <span class='ocrx_word' id='word_1_835' title='bbox 3314 4907 3436 4963; x_wconf 90' lang='lat' dir='ltr'><strong>Non</strong></span> <span class='ocrx_word' id='word_1_836' title='bbox 3473 4908 3647 4963; x_wconf 90' lang='lat' dir='ltr'><strong>modo</strong></span> 
     </span>
    </p>
   </div>
   <div class='ocr_carea' id='block_1_110' title="bbox 1987 4986 3642 5068">
    <p class='ocr_par' dir='ltr' id='par_1_110' title="bbox 1987 4986 3642 5068">
     <span class='ocr_line' id='line_1_110' title="bbox 1987 4986 3642 5068; baseline 0.001 -19"><span class='ocrx_word' id='word_1_837' title='bbox 1987 4995 2168 5068; x_wconf 86' lang='lat' dir='ltr'><strong>igitur</strong></span> <span class='ocrx_word' id='word_1_838' title='bbox 2199 5000 2355 5050; x_wconf 88' lang='lat' dir='ltr'><strong>metu</strong></span> <span class='ocrx_word' id='word_1_839' title='bbox 2382 5013 2680 5063; x_wconf 89' lang='lat' dir='ltr'><strong>vacamus,</strong></span> <span class='ocrx_word' id='word_1_840' title='bbox 2707 4997 2807 5051; x_wconf 86' lang='lat' dir='ltr'><strong>sed</strong></span> <span class='ocrx_word' id='word_1_841' title='bbox 2830 4997 2888 5051; x_wconf 91' lang='lat' dir='ltr'><strong>in</strong></span> <span class='ocrx_word' id='word_1_842' title='bbox 2907 5014 3041 5066; x_wconf 84' lang='lat' dir='ltr'><strong>spes</strong></span> <span class='ocrx_word' id='word_1_843' title='bbox 3065 4997 3320 5068; x_wconf 87' lang='lat' dir='ltr'><strong>optimas</strong></span> <span class='ocrx_word' id='word_1_844' title='bbox 3343 4986 3642 5065; x_wconf 89' lang='lat' dir='ltr'><strong>vocamur;</strong></span> 
     </span>
    </p>
   </div>
   <div class='ocr_carea' id='block_1_111' title="bbox 1988 5084 3648 5141">
    <p class='ocr_par' dir='ltr' id='par_1_111' title="bbox 1988 5084 3648 5141">
     <span class='ocr_line' id='line_1_111' title="bbox 1988 5084 3648 5141; baseline 0 -2"><span class='ocrx_word' id='word_1_845' title='bbox 1988 5102 2093 5141; x_wconf 90' lang='lat' dir='ltr'><strong>nec</strong></span> <span class='ocrx_word' id='word_1_846' title='bbox 2124 5089 2246 5140; x_wconf 88' lang='lat' dir='ltr'><strong>tota</strong></span> <span class='ocrx_word' id='word_1_847' title='bbox 2287 5089 2484 5140; x_wconf 89' lang='lat' dir='ltr'><strong>nostra</strong></span> <span class='ocrx_word' id='word_1_848' title='bbox 2514 5085 2571 5139; x_wconf 92' lang='lat' dir='ltr'><strong>in</strong></span> <span class='ocrx_word' id='word_1_849' title='bbox 2620 5084 2935 5140; x_wconf 88' lang='lat' dir='ltr'><strong>securitate</strong></span> <span class='ocrx_word' id='word_1_850' title='bbox 2964 5103 2996 5139; x_wconf 92' lang='lat' dir='ltr'><strong>a</strong></span> <span class='ocrx_word' id='word_1_851' title='bbox 3028 5086 3182 5141; x_wconf 88' lang='lat' dir='ltr'><strong>male</strong></span> <span class='ocrx_word' id='word_1_852' title='bbox 3233 5085 3478 5141; x_wconf 81' lang='lat' dir='ltr'><strong>felicitas</strong></span> <span class='ocrx_word' id='word_1_853' title='bbox 3538 5086 3648 5140; x_wconf 81' lang='lat' dir='ltr'><strong>sita</strong></span> 
     </span>
    </p>
   </div>
   <div class='ocr_carea' id='block_1_112' title="bbox 1987 5172 3646 5246">
    <p class='ocr_par' dir='ltr' id='par_1_112' title="bbox 1987 5172 3646 5246">
     <span class='ocr_line' id='line_1_112' title="bbox 1987 5172 3646 5246; baseline -0.001 -16"><span class='ocrx_word' id='word_1_854' title='bbox 1987 5179 2096 5243; x_wconf 84' lang='lat' dir='ltr'><strong>est,</strong></span> <span class='ocrx_word' id='word_1_855' title='bbox 2130 5172 2345 5245; x_wconf 90' lang='lat' dir='ltr'><strong>quibus</strong></span> <span class='ocrx_word' id='word_1_856' title='bbox 2377 5178 2653 5244; x_wconf 63' lang='lat' dir='ltr'><strong>prasterea</strong></span> <span class='ocrx_word' id='word_1_857' title='bbox 2714 5178 3043 5229; x_wconf 88' lang='lat' dir='ltr'><strong>ostentetur</strong></span> <span class='ocrx_word' id='word_1_858' title='bbox 3092 5175 3451 5245; x_wconf 82' lang='lat' dir='ltr'><strong>expectanda</strong></span> <span class='ocrx_word' id='word_1_859' title='bbox 3478 5175 3646 5246; x_wconf 88' lang='lat' dir='ltr'><strong>copia</strong></span> 
     </span>
    </p>
   </div>
   <div class='ocr_carea' id='block_1_113' title="bbox 1986 5261 3647 5333">
    <p class='ocr_par' dir='ltr' id='par_1_113' title="bbox 1986 5261 3647 5333">
     <span class='ocr_line' id='line_1_113' title="bbox 1986 5261 3647 5333; baseline -0.001 -15"><span class='ocrx_word' id='word_1_860' title='bbox 1986 5264 2301 5318; x_wconf 90' lang='lat' dir='ltr'><strong>bonorum.</strong></span> <span class='ocrx_word' id='word_1_861' title='bbox 2338 5261 2399 5316; x_wconf 87' lang='lat' dir='ltr'><strong>In</strong></span> <span class='ocrx_word' id='word_1_862' title='bbox 2435 5268 2709 5333; x_wconf 88' lang='lat' dir='ltr'><strong>promptu</strong></span> <span class='ocrx_word' id='word_1_863' title='bbox 2753 5263 3018 5331; x_wconf 89' lang='lat' dir='ltr'><strong>estquod</strong></span> <span class='ocrx_word' id='word_1_864' title='bbox 3051 5263 3244 5331; x_wconf 88' lang='lat' dir='ltr'><strong>quivis</strong></span> <span class='ocrx_word' id='word_1_865' title='bbox 3276 5268 3459 5333; x_wconf 88' lang='lat' dir='ltr'><strong>optat.</strong></span> <span class='ocrx_word' id='word_1_866' title='bbox 3492 5263 3647 5317; x_wconf 88' lang='lat' dir='ltr'><strong>Velit</strong></span> 
     </span>
    </p>
   </div>
   <div class='ocr_carea' id='block_1_114' title="bbox 1988 5349 3647 5420">
    <p class='ocr_par' dir='ltr' id='par_1_114' title="bbox 1988 5349 3647 5420">
     <span class='ocr_line' id='line_1_114' title="bbox 1988 5349 3647 5420; baseline 0.001 -15"><span class='ocrx_word' id='word_1_867' title='bbox 1988 5351 2182 5417; x_wconf 89' lang='lat' dir='ltr'><strong>modo,</strong></span> <span class='ocrx_word' id='word_1_868' title='bbox 2218 5350 2457 5405; x_wconf 90' lang='lat' dir='ltr'><strong>accedat</strong></span> <span class='ocrx_word' id='word_1_869' title='bbox 2490 5349 2793 5420; x_wconf 86' lang='lat' dir='ltr'><strong>:accipiet,</strong></span> <span class='ocrx_word' id='word_1_870' title='bbox 2822 5349 2871 5404; x_wconf 90' lang='lat' dir='ltr'><strong>si</strong></span> <span class='ocrx_word' id='word_1_871' title='bbox 2894 5349 3107 5418; x_wconf 80' lang='lat' dir='ltr'><strong>dignus</strong></span> <span class='ocrx_word' id='word_1_872' title='bbox 3130 5350 3462 5420; x_wconf 86' lang='lat' dir='ltr'><strong>judicetur;</strong></span> <span class='ocrx_word' id='word_1_873' title='bbox 3495 5351 3647 5407; x_wconf 90' lang='lat' dir='ltr'><strong>votis</strong></span> 
     </span>
    </p>
   </div>
   <div class='ocr_carea' id='block_1_115' title="bbox 1989 5438 3647 5511">
    <p class='ocr_par' dir='ltr' id='par_1_115' title="bbox 1989 5438 3647 5511">
     <span class='ocr_line' id='line_1_115' title="bbox 1989 5438 3647 5511; baseline 0.001 -18"><span class='ocrx_word' id='word_1_874' title='bbox 1989 5442 2259 5511; x_wconf 83' lang='lat' dir='ltr'><strong>quamvis</strong></span> <span class='ocrx_word' id='word_1_875' title='bbox 2315 5439 2502 5494; x_wconf 89' lang='lat' dir='ltr'><strong>avidis</strong></span> <span class='ocrx_word' id='word_1_876' title='bbox 2561 5442 2827 5494; x_wconf 89' lang='lat' dir='ltr'><strong>occurret</strong></span> <span class='ocrx_word' id='word_1_877' title='bbox 2884 5438 3125 5510; x_wconf 87' lang='lat' dir='ltr'><strong>largitas</strong></span> <span class='ocrx_word' id='word_1_878' title='bbox 3160 5439 3405 5495; x_wconf 88' lang='lat' dir='ltr'><strong>minime</strong></span> <span class='ocrx_word' id='word_1_879' title='bbox 3465 5441 3647 5511; x_wconf 86' lang='lat' dir='ltr'><strong>avari,</strong></span> 
     </span>
    </p>
   </div>
   <div class='ocr_carea' id='block_1_116' title="bbox 1989 5527 3642 5600">
    <p class='ocr_par' dir='ltr' id='par_1_116' title="bbox 1989 5527 3642 5600">
     <span class='ocr_line' id='line_1_116' title="bbox 1989 5527 3642 5600; baseline 0.001 -18"><span class='ocrx_word' id='word_1_880' title='bbox 1989 5528 2475 5600; x_wconf 87' lang='lat' dir='ltr'><strong>quippejuvenis,</strong></span> <span class='ocrx_word' id='word_1_881' title='bbox 2500 5527 3208 5600; x_wconf 82' lang='lat' dir='ltr'><strong>principis,ejusdemque</strong></span> <span class='ocrx_word' id='word_1_882' title='bbox 3235 5545 3346 5584; x_wconf 90' lang='lat' dir='ltr'><strong>non</strong></span> <span class='ocrx_word' id='word_1_883' title='bbox 3400 5528 3642 5600; x_wconf 88' lang='lat' dir='ltr'><strong>proprio</strong></span> 
     </span>
    </p>
   </div>
   <div class='ocr_carea' id='block_1_117' title="bbox 1989 5616 3642 5687">
    <p class='ocr_par' dir='ltr' id='par_1_117' title="bbox 1989 5616 3642 5687">
     <span class='ocr_line' id='line_1_117' title="bbox 1989 5616 3642 5687; baseline 0.001 -14"><span class='ocrx_word' id='word_1_884' title='bbox 1989 5617 2230 5673; x_wconf 87' lang='lat' dir='ltr'><strong>arbitrio</strong></span> <span class='ocrx_word' id='word_1_885' title='bbox 2262 5633 2351 5672; x_wconf 85' lang='lat' dir='ltr'><strong>res</strong></span> <span class='ocrx_word' id='word_1_886' title='bbox 2385 5616 2978 5687; x_wconf 86' lang='lat' dir='ltr'><strong>dispensantis.Quod</strong></span> <span class='ocrx_word' id='word_1_887' title='bbox 3015 5616 3062 5672; x_wconf 92' lang='lat' dir='ltr'><strong>si</strong></span> <span class='ocrx_word' id='word_1_888' title='bbox 3096 5622 3271 5687; x_wconf 89' lang='lat' dir='ltr'><strong>esset,</strong></span> <span class='ocrx_word' id='word_1_889' title='bbox 3304 5616 3496 5673; x_wconf 89' lang='lat' dir='ltr'><strong>timeri</strong></span> <span class='ocrx_word' id='word_1_890' title='bbox 3518 5634 3642 5674; x_wconf 89' lang='lat' dir='ltr'><strong>ma-</strong></span> 
     </span>
    </p>
   </div>
   <div class='ocr_carea' id='block_1_118' title="bbox 1989 5706 3647 5779">
    <p class='ocr_par' dir='ltr' id='par_1_118' title="bbox 1989 5706 3647 5779">
     <span class='ocr_line' id='line_1_118' title="bbox 1989 5706 3647 5779; baseline 0.002 -21"><span class='ocrx_word' id='word_1_891' title='bbox 1989 5708 2079 5779; x_wconf 81' lang='lat' dir='ltr'><strong>gis</strong></span> <span class='ocrx_word' id='word_1_892' title='bbox 2113 5711 2308 5779; x_wconf 89' lang='lat' dir='ltr'><strong>posset</strong></span> <span class='ocrx_word' id='word_1_893' title='bbox 2339 5722 2410 5762; x_wconf 88' lang='lat' dir='ltr'><strong>ne</strong></span> <span class='ocrx_word' id='word_1_894' title='bbox 2466 5706 2552 5761; x_wconf 92' lang='lat' dir='ltr'><strong>illi</strong></span> <span class='ocrx_word' id='word_1_895' title='bbox 2586 5723 2693 5763; x_wconf 89' lang='lat' dir='ltr'><strong>sua</strong></span> <span class='ocrx_word' id='word_1_896' title='bbox 2751 5723 2854 5779; x_wconf 85' lang='lat' dir='ltr'><strong>per</strong></span> <span class='ocrx_word' id='word_1_897' title='bbox 2895 5723 2957 5762; x_wconf 90' lang='lat' dir='ltr'><strong>se</strong></span> <span class='ocrx_word' id='word_1_898' title='bbox 3011 5710 3281 5763; x_wconf 86' lang='lat' dir='ltr'><strong>tractanti</strong></span> <span class='ocrx_word' id='word_1_899' title='bbox 3340 5708 3647 5778; x_wconf 84' lang='lat' dir='ltr'><strong>obreperet</strong></span> 
     </span>
    </p>
   </div>
  </div>
