4090 6412
312 414 418 470 479

1620 408 1919 463 GEORGII
1960 404 2426 461 PACHYMERE

3642 400 3751 457 480

311 535 531 609 δεμόσιν
583 533 695 589 ἔστι
755 534 845 588 καὶ
901 531 1218 608 προσελθεῖν
1253 531 1312 587 ἐκ
1353 530 1450 586 τοῦ
1481 536 1847 606 παραχρῆμα,
1881 528 1969 583 καὶ
2002 528 2392 603 Απαρῥησίας
2445 528 2533 583 καὶ
2588 535 2688 597 τῆς
2756 527 3143 602 προσηκούσης
3215 525 3523 600 ἐλευθερίας
3578 525 3750 582 εἰπεῖν

314 626 464 697 νύξαι
516 624 750 698 λέγοντα
790 624 1195 697 συνεχέστερον.
1258 625 1379 677 Τῶν
1442 625 1530 675 νῦν
1592 620 1831 688 ἐλπίζειν
1890 617 1974 672 ἐν·

314 718 495 770 τεῦθεν
533 712 733 789 ῥᾳδίως
791 719 981 787 τυχεῖν
1024 713 1096 764 ὧν
1156 708 1340 784 ’ἐραταί
1398 732 1502 777 τις,
1557 715 1677 767 πῶς
1721 709 1787 762 οὑ
1841 706 1976 781 μετά

320 804 601 880 ῥᾳστώνης
642 802 852 870 ἀπάσης
905 799 1327 870 δουλευτέοντῷ
1381 798 1633 873 βασιλεῖ;
1686 797 1863 872 χωρὶς
1919 793 1977 849 δὲ

316 893 546 961 τούτων,
603 892 693 945 καὶ
751 895 944 944 σιωπῶ
1000 889 1067 942 τὰ
1122 888 1373 955 πλεῖστα,
1428 888 1549 942 τότε
1610 888 1707 959 μὶν
1765 886 1976 960 γὰρκαὶ

318 980 438 1042 δέος
469 982 535 1049 ἦν
573 981 649 1051 μὴ
683 978 1031 1053 κατορθώσας
1088 978 1478 1051 παρακρουσθῇ
1518 996 1624 1045 τις,
1657 973 1844 1030 ἄλλων
1875 975 1974 1040 τὴν

320 1068 609 1144 βασιλικὴν
645 1068 1098 1139 ὑποποιουμένων
1134 1067 1315 1139 ὁρμὴν
1365 1065 1595 1138 τρόποις
1657 1066 1739 1124 οἷς
1796 1063 1974 1136 ἐκείνῃ

314 1158 517 1235 πέφυκε
545 1158 892 1223 κΛέπτεσθαι,
942 1155 1031 1210 καὶ
1092 1152 1181 1209 διὰ
1232 1158 1393 1209 τοῦτο
1449 1151 1557 1208 οὔτ’
1619 1154 1685 1221 ἦν
1732 1149 1975 1207 σπουδάο

318 1253 421 1316 ζειν
481 1245 569 1301 ἐπὶ
623 1248 683 1299 τὸ
747 1251 930 1317 μεῖζον
984 1244 1019 1312 ἢ
1078 1246 1214 1299 κατὰ
1270 1242 1397 1306 τοὺς
1463 1240 1667 1304 ἄλλους
1726 1240 1977 1313 πράττειν

313 1338 620 1411 πειρᾶσθαι,
674 1339 770 1388 τοῦ
830 1332 1130 1406 δυνάμενοι)
1190 1333 1365 1406 λέγειν
1421 1334 1555 1407 πρὸς
1607 1330 1830 1406 βασιλέα
1887 1328 1976 1383 καί

318 1430 613 1500 μαρτυρεῖν
670 1425 917 1495 καθαρῶς
978 1421 1075 1476 οὐκ
1135 1417 1291 1484 ὄντος
1326 1464 1339 1489 ,
1398 1422 1484 1475 καὶ
1542 1422 1771 1492 μάταιος
1812 1420 1878 1486 ἦν
1938 1422 1972 1486 ἠ

315 1511 526 1580 σπουδὴ
602 1518 682 1584 τῷ
740 1508 1095 1579 σπουδάζοντι
1150 1509 1650 1586 παραλογιζομένῳ
1698 1507 1974 1569 πολλάκις

312 1601 404 1656 καὶ
465 1601 825 1674 ζημιουμένῳ
877 1602 975 1668 τὴν
1034 1599 1115 1677 ἐφ’
1177 1598 1259 1661 οἷς
1317 1596 1537 1672 ἔπραξεν
1594 1595 1971 1668 εὐδοκίμησιν.

312 1690 419 1745 Nov
494 1688 540 1744 δ’

311 1779 657 1851 τελουμένων
708 1776 890 1839 καλῶς
946 1778 1006 1831 ἂν
1035 1776 1158 1854 ἔχοι
1210 1779 1307 1845 τὴν
1342 1779 1566 1831 ἑκάστου
1599 1774 1840 1843 σπουδὴν
1874 1797 1974 1851 φα-

597 1689 725 1744 ἀλλ’
784 1689 873 1743 ἐπὶ
932 1694 1038 1743 τῶν
1098 1686 1421 1759 κηδεμόνων
1474 1692 1583 1742 τῶν
1636 1687 1971 1761 πραγμάτων

2084 618 2157 678 ὡς
2214 616 2393 687 ἀληθῆ
2456 617 2687 690 λέξοντι.
2721 618 2858 692 Ἐγὼ
2892 614 3004 671 οὔτ’
3031 614 3193 678 ἰδίαις
3244 616 3334 670 καὶ
3385 611 3750 679 αὑτοϐούλοις

2080 709 2459 781 προαιρέσεσιν
2502 706 2630 762 οὔτε
2683 709 2789 780 μὴν
2845 712 3032 778 σκοπῷ
3078 728 3184 760 τινι
3223 706 3314 759 καὶ
3365 703 3569 779 μελέτῃ
3620 712 3745 768 ταῖς

2079 801 2176 851 τοῦ
2230 795 2503 871 βασιλέως
2556 797 2912 871 προσανέχειν
2964 796 3283 870 ἐπιτροπαῖς
3330 794 3573 869 ᾔρημαι,
3605 794 3754 851 ἀλλὰ

2082 890 2298 960 πρῶτον
2338 888 2433 957 μὲν
2460 887 2752 949 ἐπιστολὰς
2780 884 3013 960 πληρῶν
3065 882 3361 959 βασιλέως,
3422 880 3611 938 ἔπειτα
3666 882 3745 939 δέ.

2082 972 2243 1029 Ἀλλ’
2302 975 2364 1029 οὐ
2430 974 2707 1049 βούλομαι
2758 973 2958 1048 λέγειν.
3024 974 3174 1042 Πλῆν
3232 974 3322 1027 καὶ
3374 972 3526 1044 ὑμῶν
3559 971 3755 1035 θελόν-

2080 1085 2213 1131 των,
2269 1062 2412 1118 οὕτω
2469 1065 2560 1118 καὶ
2594 1065 2758 1135 μόνον
2791 1064 3151 1138 προσανέχειν
3198 1061 3287 1117 καὶ
3326 1059 3405 1115 ἔτι
3451 1066 3571 1122 ταῖς
3622 1061 3749 1116 ἐπι-

2080 1158 2308 1227 τροπαῖς
2344 1151 2639 1226 βούλομαι,
2673 1153 2737 1207 Εἰ
2767 1150 2812 1207 δ’
2869 1152 2983 1219 οὖν,
3018 1149 3143 1207 ὅλλ’
3176 1153 3327 1223 ὑμεῖς
3366 1154 3459 1223 μὲν
3498 1152 3588 1205 τὸν
3620 1149 3747 1205 ἐπι-

2080 1240 2451 1315 τροπεύσοντα
2500 1242 2769 1318 ἐφιστᾶτε,
2822 1242 2945 1313 ἐμοὶ
2979 1239 3026 1295 δ’
3077 1240 3286 1316 ἀρκέσει
3318 1239 3378 1295 τὸ
3434 1238 3517 1294 ἐπ’
3573 1238 3745 1313 ἐσχά-

2081 1351 2196 1393 τοις
2250 1332 2569 1386 τάττεσθαι.
2651 1330 2761 1386 Κᾶν
2821 1352 2904 1393 τις
2952 1332 3050 1399 τήν
3114 1329 3404 1405 βασιλικὴν
3463 1330 3743 1401 σωτηρίαν

2082 1419 2399 1492 πρεπόντως
2476 1420 2800 1495 πολυωροίη
2879 1420 2968 1475 καὶ
3041 1419 3358 1481 ίδιωτεὺσας
3434 1419 3747 1493 ἀγαπήσω,

2080 1510 2167 1563 καὶ
2229 1508 2668 1583 προσλιπαρήσω
2720 1511 2794 1581 μὴ
2858 1509 3160 1584 ὀργίζεσθαι
3215 1510 3307 1563 τὸν
3343 1505 3635 1578 δεσπότην,
3697 1508 3747 1561 εἱ

2083 1594 2273 1653 λυπεῖν
2298 1619 2447 1660 τινας
2482 1600 2632 1671 ὑμῶν
2668 1596 2859 1669 δοκοίη
2918 1600 2981 1653 τὸ
3038 1598 3167 1672 ἐμὸν
3201 1598 3433 1671 ἀξίωμα.
3479 1599 3745 1671 Κρείσσον

2080 1689 2181 1761 γὰρ
2240 1688 2313 1749 ὡς
2361 1686 2456 1741 ἕνα
2518 1693 2627 1743 τῶν
2689 1693 3035 1763 στρατιωτῶν
3092 1689 3521 1763 ἐξυπηρετοῦντα
3579 1687 3747 1763 ἀσφα-

2084 1775 2193 1837 λῶς
2229 1773 2431 1851 διάγειν
2494 1780 2527 1847 ἢ
2571 1773 2727 1855 φόϐῳ
2775 1778 2863 1831 καὶ
2917 1778 3202 1839 ὑπονοίαις
3264 1779 3379 1849 μετ’
3428 1776 3744 1849 ἀξιώματος

311 1870 470 1945 νερᾶν
531 1872 667 1923 εἶναι
726 1867 814 1922 καὶ
874 1874 988 1929 τοῖς
1045 1868 1319 1939 ἀμείνοσιν
1378 1862 1819 1939 ἀνταμείϐεσθαι.
1880 1865 2052 1971 ΔιὸΒ
2085 1864 2201 1938 ζῇν.
2256 1863 2394 1919 Ἰδοὺ
2436 1866 2615 1919 τοίνυν
2661 1869 2776 1920 κατ’
2832 1868 3039 1940 ἀγαθὴν
3080 1864 3292 1928 πάντως
3351 1865 3614 1941 πρόνοιαν
3640 1869 3740 1920 τοῦ

384 1962 395 1971 ι
582 1957 605 1971 σι
718 1959 728 1971 ι
867 1960 880 1971 ι
943 1963 966 1971 α.
1077 1957 1090 1971 ς
1172 1958 1185 1971 \
1279 1957 1291 1971 9
1392 1952 1413 1971 Ἰ
1569 1957 1583 1971 \
1660 1957 1673 1971 \
1750 1956 1777 1971 Π
1879 1953 1934 1971 \I
2090 1960 2121 1971 Λ
2189 1958 2215 1967 ὐ
2324 1954 2337 1971 κ
2423 1956 2436 1971 κ
2506 1956 2518 1971 Ρ
2596 1957 2607 1971 Ι
2839 1955 2851 1971 3
2960 1958 2983 1971 Λ
3019 1962 3041 1971 υ
3167 1956 3181 1971 \
3271 1956 3284 1971 \
3688 1956 3701 1971 ι

310 1962 398 2015 καὶ
436 1957 798 2013 σπουδαστέον
856 1960 1018 2030 ἡμῖν,
1073 1957 1186 2012 ἐπεὶ
1240 1957 1336 2011 οὐκ
1390 1952 1591 2011 ἔστιτὸ
1620 1957 1711 2009 τὸν
1750 1953 1976 2030 βασιλέα

315 2046 567 2115 δεδιέναι,
600 2048 661 2101 τὸ
688 2048 819 2113 ὑπὲρ
851 2051 947 2101 τοῦ
983 2048 1251 2121 βασιλέως
1313 2040 1616 2123 φοϐεῖσθαι,
1671 2046 1743 2105 ὡς
1796 2042 1969 2099 ἐντεῦ-

310 2139 396 2191 θεν
446 2135 483 2204 ἢ
543 2137 620 2205 εὗ,
691 2135 735 2189 εἰ
778 2137 992 2203 σώζοιτ⁹
1052 2134 1275 2203 ἐκεῖνος,
1332 2135 1367 2203 ἢ
1418 2139 1621 2203 κακῶς,
1674 2134 1719 2187 εἰ
1756 2134 1831 2205 μὴ
1863 2133 1973 2185 σώ-

313 2230 485 2296 ζοιτο,
554 2226 689 2296 ἡμῖν
771 2222 1011 2293 ἐλπίζειν
1086 2219 1423 2295 συμϐαίνειν.
1494 2223 1591 2276 Καὶ
1651 2226 1818 2276 ταῦτα
1876 2222 1969 2293 μὶν

307 2314 443 2388 πρὸς
501 2314 627 2373 τοὺς
703 2310 868 2385 ἐμους
938 2315 1342 2386 συστρατιώτας
1404 2314 1543 2385 ὑμᾶς
1597 2310 1687 2365 καὶ
1748 2310 1969 2385 συντρό-

309 2418 464 2477 φους’
528 2403 610 2473 [Ρ.
646 2403 736 2473 ‘26]
786 2402 924 2473 πρὸς
981 2399 1037 2456 δὲ
1092 2402 1220 2463 τοὺς
1276 2404 1359 2463 οἷς
1424 2400 1676 2476 ὑπερέχει
1709 2400 1769 2453 τὸ
1818 2398 1970 2475 γένος

308 2492 396 2546 καὶ
458 2487 741 2565 διαπρέπει
794 2490 861 2544 τὰ
913 2492 1195 2564 ἀξιώματα
1230 2532 1245 2561 ,
1324 2490 1617 2565 ὑπέρχεταί
1683 2510 1775 2561 μοι
1840 2486 1975 2560 μετά

306 2655 624 2709 consuetus
657 2665 858 2720 regum
919 2648 1104 2702 fastus
1137 2646 1209 2701 ad
1268 2644 1631 2717 spernendos
1690 2642 1961 2697 subditos

307 2741 628 2812 minusque
642 2737 933 2795 curandas
954 2734 1330 2791 necessitates
1348 2749 1574 2798 eorum;
1598 2734 1963 2787 metueretur

308 2830 484 2885 etiam
520 2846 591 2884 ne
620 2845 734 2884 non
769 2826 917 2881 adiri
947 2830 1166 2897 posset,
1200 2841 1272 2879 ne
1320 2841 1430 2877 non
1492 2822 1578 2876 illi
1614 2824 1843 2875 vacaret
1874 2824 1959 2873 at-

305 2920 563 2975 tendere.
598 2918 764 2973 Nunc
792 2914 939 2970 nihil
998 2913 1201 2969 oberit.
1265 2912 1504 2967 Habetis
1559 2910 1855 2981 expositos
1888 2909 1955 2963 ad

302 3012 527 3062 vestros
550 3023 695 3061 usus
716 3010 1012 3059 curatores
1033 3003 1162 3073 ejus
1189 3026 1202 3069 ;
1227 3000 1533 3056 convenire
1555 2999 1704 3069 |licet
1725 2998 1959 3069 quando

305 3101 364 3153 et
394 3096 624 3168 quoties
660 3093 883 3163 libebit,
914 3092 1134 3146 instare
1167 3090 1306 3163 quin
1341 3089 1543 3160 etiam,
1567 3090 1778 3144 iterare
1811 3088 1959 3159 peti-

306 3186 521 3254 tiones,
556 3199 730 3255 quam
763 3181 965 3238 crebro
997 3186 1055 3235 et
1097 3196 1275 3251 quam
1308 3179 1547 3234 assidue
1577 3195 1728 3250 Opus
1786 3175 1961 3231 fuerit

2086 1958 2219 2007 Θεοῦ
2251 1954 2340 2008 καὶ
2383 1956 2446 2008 τὸ
2501 1956 2743 2024 ὑπήκοον
2804 1955 3041 2009 εὐπειθεῖ
3094 1956 3184 2009 καὶ
3231 1956 3294 2010 τὸ
3349 1956 3742 2028 στρατιωτικὸν

2082 2042 2325 2097 εὑτακτεῖ
2373 2044 2462 2097 καὶ
2492 2046 2560 2098 τὰ
2588 2048 2696 2098 τῶν
2726 2043 2940 2119 ἐχθρῶν
2986 2047 3203 2119 ἠρεμεῖ.
3247 2045 3345 2097 Καὶ
3398 2042 3605 2098 πολλοί
3650 2066 3743 2098 τι-

2080 2152 2167 2192 νες
2201 2132 2355 2203 ὑμεῖς
2384 2133 2472 2186 καὶ
2500 2132 2754 2206 μεγάλοι,
2807 2135 2857 2188 οἱ
2893 2135 2985 2205 μὲν
3019 2135 3154 2209 πρὸς
3202 2131 3435 2205 α⁹ίματος
3477 2139 3559 2205 τῷ
3605 2154 3739 2210 κρα-

2080 2224 2279 2289 τοῦντι,
2325 2222 2377 2275 οἱ
2428 2218 2485 2275 δὲ
2532 2223 2619 2276 καὶ
2686 2228 2802 2283 τοῖς
2870 2224 3137 2295 ἀξιώμασι
3203 2220 3592 2298 διαπρέποντες
3648 2224 3737 2277 καὶ

2079 2311 2195 2371 καθ’
2257 2310 2284 2362 ’ὁ
2326 2330 2376 2363 τι
2427 2308 2487 2363 ἃν
2539 2332 2621 2373 τις
2670 2310 2815 2366 εἷ’ποι
2863 2310 3030 2366 καλὸν
3082 2312 3170 2365 καὶ
3209 2317 3454 2385 γενναῖον
3517 2312 3737 2387 ὑπερτε-

2082 2398 2319 2474 ῥοῦντες.
2354 2398 2454 2455 Καὶ
2496 2401 2732 2474 ἀνάγκης
2783 2402 2947 2473 οὔσης
3001 2406 3380 2475 νεοκομεῖσθαι
3435 2404 3528 2457 τὸν
3584 2404 3738 2475 βασι-

2082 2484 2203 2557 λέα,
2255 2486 2559 2563 ἐκλεγέσθω
2612 2490 2706 2561 μὲν
2760 2492 2786 2545 ὁ
2816 2493 2891 2563 μὴ
2941 2489 3183 2562 ἀπᾴδων,
3216 2488 3420 2565 ἕψομαι
3483 2489 3539 2545 δὲ
3584 2493 3735 2567 κάγὼ

2073 2650 2127 2701 et
2162 2652 2560 2722 prosperitate
2599 2648 2761 2703 illius
2791 2650 3069 2720 pendent.
3134 2653 3265 2704 Haec
3320 2648 3607 2703 hactenus
3667 2648 3739 2703 ad

2073 2741 2509 2796 commilitones
2541 2743 2597 2794 et
2626 2739 2858 2794 sodales
2918 2755 3085 2794 meos
3114 2738 3271 2809 dixi;
3330 2737 3608 2808 deinceps
3658 2738 3729 2792 ad

2078 2844 2176 2882 eos
2209 2844 2457 2895 quorum
2492 2828 2713 2883 eminet
2760 2844 2970 2899 genus,
3025 2842 3271 2898 quorum
3324 2825 3642 2898 dignitates
3673 2826 3733 2880 in

2076 2916 2382 2987 republica
2416 2916 2788 2988 prefulgent,
2824 2918 2944 2972 haec
3006 2916 3253 2971 dicenda
3278 2914 3565 2986 judicavi,
3600 2932 3735 2970 cum

2070 3020 2138 3059 ea
2168 3004 2435 3061 libertate
2466 3023 2532 3061 ac
2558 3005 2770 3061 ﬁducia
2795 3022 2970 3078 quam
3003 3005 3255 3077 inspirat
3283 3004 3548 3076 loquenti
3579 3020 3719 3059 con-

2070 3094 2315 3149 scientia
2370 3094 2651 3150 veritatis.
2703 3099 2817 3166 Ego
2878 3111 2992 3149 non
3048 3095 3282 3167 propria
3339 3093 3718 3149 inclinatione

2068 3184 2431 3255 privatisque
2463 3184 2726 3239 consiliis
2776 3184 2846 3238 ad
2894 3183 3137 3240 tutelam
3175 3182 3458 3255 principis
3488 3182 3714 3238 accessi

309 3290 542 3345 urgere.
580 3277 785 3329 Annon
844 3270 1025 3343 igitur
1070 3270 1238 3340 justa
1285 3285 1464 3323 causa
1512 3273 1599 3323 est
1670 3266 1840 3322 facile
1897 3282 1961 3319 ac
1994 3281 2037 3347 ρ
2068 3288 2174 3327 nec
2206 3278 2329 3328 arte
2362 3278 2462 3327 aut
2492 3273 2724 3328 ambitu
2758 3273 2999 3328 incubui
3035 3278 3102 3328 ut
3133 3273 3205 3327 ab
3238 3273 3366 3341 ejus
3398 3275 3558 3343 patre
3586 3274 3713 3325 tam

309 3368 583 3435 prompta
610 3362 911 3418 voluntate
942 3357 1289 3429 obsequenti
1336 3357 1614 3429 principi,
1644 3373 1779 3427 spes
1810 3364 1960 3410 certa

310 3458 366 3509 et
391 3454 638 3509 fundata
686 3449 1045 3522 impetrandi
1104 3454 1159 3503 et
1190 3447 1586 3516 consequendi
1619 3448 1690 3501 ab
1726 3461 1790 3500 eo
1828 3461 1960 3513 quae

311 3543 682 3614 quiscunque
737 3538 1145 3611 concupierit?
1174 3537 1304 3592 Haec
1364 3553 1478 3592 non
1539 3540 1755 3602 essent,
1793 3534 1838 3590 si
1869 3550 1961 3588 res

312 3648 429 3687 non
483 3631 949 3702 gubernarentur
974 3644 1077 3699 per
1106 3627 1255 3681 ﬁdos
1286 3629 1344 3681 et
1362 3642 1602 3680 accessu
1635 3623 1790 3679 facili
1814 3639 1961 3678 cun-

313 3720 423 3776 ctis
455 3719 751 3791 expositos
784 3716 1107 3771 ministros.
1143 3713 1287 3771 Nam
1342 3714 1592 3786 cogitate
1625 3730 1869 3785 nupera,
1904 3716 1960 3768 et

314 3810 573 3865 conferte
607 3824 740 3862 cum
765 3805 1172 3877 prementibus.
1201 3804 1491 3859 Plurimus
1522 3803 1773 3859 reticebo
1794 3804 1962 3859 dilfe—

314 3898 552 3963 rentius,
588 3896 694 3951 has
726 3899 950 3950 tantum
985 3894 1274 3950 indicans.
1308 3894 1469 3948 Tunc
1502 3897 1693 3949 metus
1724 3898 1849 3948 erat
1894 3910 1963 3948 ne

314 3986 417 4059 qui
448 3986 625 4041 etiam
672 3983 997 4041 rectissime
1028 3984 1262 4055 egisset,
1306 3983 1621 4039 oﬂ‘enderet
1660 3982 1966 4053 gratiaque

313 4073 767 4143 excideret,aliis
790 4072 849 4128 in
874 4090 943 4129 eu
960 4089 1013 4127 m
1033 4073 1315 4144 principis
1338 4072 1483 4126 iram
1510 4072 1964 4140 concitantibus,

314 4166 388 4221 iis
420 4165 613 4220 modis
638 4164 739 4219 46
770 4179 949 4231 eaque
1001 4167 1125 4218 arte
1182 4178 1359 4232 quam
1408 4178 1477 4217 ex
1529 4161 1831 4217 observata
1864 4177 1966 4215 na-

315 4259 451 4310 tura
480 4256 608 4323 ejus
630 4258 807 4323 atque
828 4250 1026 4306 indole
1050 4252 1169 4305 fore
1192 4250 1603 4321 intelligebant
1626 4249 1696 4304 ad
1722 4266 1967 4320 scopum

315 4344 612 4398 intentum
645 4340 963 4395 efficacem.
1012 4338 1159 4394 Hinc
1188 4343 1313 4393 erat
1355 4337 1562 4393 inutile
1622 4339 1971 4394 contendere

317 4431 581 4487 studium
615 4434 671 4483 et
700 4428 897 4483 conari
930 4427 1101 4499 plura
1148 4444 1327 4498 quam
1378 4427 1543 4494 alios,
1604 4444 1739 4483 cum
1798 4445 1969 4484 nemo

313 4524 471 4576 esset
500 4518 603 4589 qui
634 4522 832 4590 posset
862 4517 971 4572 hoc
1021 4517 1216 4588 ipsum
1272 4516 1608 4588 imperatori
1642 4516 1972 4589 signiﬁcare

313 4625 380 4665 ac
415 4607 681 4663 debitum
742 4606 944 4661 virtuti
1002 4606 1408 4661 testimonium
1441 4607 1702 4661 reddere.
1739 4610 1960 4671 Vanus,

310 4699 576 4769 inquam,
610 4700 733 4752 erat
764 4695 928 4751 labor
956 4696 1295 4767 impendere
1312 4712 1373 4751 se
1406 4696 1639 4767 publico
1672 4700 1727 4750 et
1759 4712 1964 4765 magna

313 4788 373 4845 in
407 4803 530 4843 rem
563 4785 849 4858 principis
881 4784 1097 4853 moliri,
1123 4801 1259 4841 cum
1291 4801 1443 4857 saepe
1474 4785 1842 4857 contingeret
1872 4787 1968 4841 de-

313 4876 511 4931 lusum
545 4880 603 4931 et
635 4876 1127 4943 circumventum,
1164 4874 1371 4944 quisic
1408 4878 1624 4941 egerat,
1661 4892 1763 4945 pro
1798 4876 1970 4928 laude

317 4982 383 5021 ac
415 4966 605 5036 gratia
636 4955 855 5020 damna
884 4968 942 5019 et
972 4962 1387 5019 contumeliam
1420 4964 1655 5018 referre.
1685 4963 1851 5018 Nunc
1884 4980 1977 5019 re-

318 5056 429 5108 bus
457 5054 865 5109 ministrorum
890 5052 1149 5107 ﬁdelium
1182 5069 1335 5106 cura:
1358 5052 1714 5117 commissis,
1746 5052 1976 5107 nullum

318 5147 471 5197 recte
508 5143 725 5196 factum
760 5141 982 5207 latebit,
1040 5143 1333 5212 cujusque
1381 5141 1569 5196 virtus
1602 5147 1976 5212 agnoscetur,

322 5230 587 5286 studium
616 5229 811 5301 palam
864 5230 995 5300 erit,
1031 5231 1195 5285 labor
1254 5231 1736 5303 compensabitur
1776 5233 1977 5287 condi-

318 5320 450 5391 gnis
481 5319 760 5389 praemiis.
796 5320 985 5383 Quare
1016 5322 1354 5392 augendum
1407 5321 1671 5375 studium
1703 5328 1810 5388 est,
1836 5338 1980 5376 con-

316 5407 612 5464 tendenda
644 5407 939 5462 industria
969 5407 1028 5461 in
1059 5408 1412 5481 obsequium
1470 5410 1777 5482 principis,
1840 5415 1895 5466 et
1947 5428 1980 5466 a

324 5514 439 5569 quo
473 5495 631 5551 nihil.
681 5496 984 5561 timemus,
1015 5496 1065 5551 ei
1122 5504 1329 5553 cuncta
1360 5499 1698 5557 timeamus.
1758 5502 1979 5560 Felices

324 5586 546 5642 crimus
578 5585 628 5641 si
663 5584 859 5641 salvus
890 5585 986 5653 sit,
1017 5585 1063 5640 si
1096 5586 1236 5657 quid
1278 5586 1363 5641 illi
1409 5589 1700 5663 acciderit,
1735 5592 1978 5665 perieri-

321 5691 455 5731 mus
488 5690 596 5730 nos
638 5691 891 5747 quoque.
939 5675 1095 5731 Bona
1125 5682 1179 5730 et
1212 5675 1367 5732 mala
1399 5683 1601 5735 nostra
1640 5697 1707 5735 ex
1744 5683 1981 5739 fortuna

2071 3363 2254 3417 arduo
2287 3362 2516 3433 negotio
2541 3362 2888 3433 praeﬁcerer,
2920 3362 3017 3417 sed
3080 3362 3341 3433 primum
3373 3377 3441 3416 eo
3472 3359 3720 3433 prosilui

2070 3453 2365 3523 supremis
2398 3452 2693 3507 mandatis
2714 3450 3083 3520 imperatoris
3101 3451 3456 3522 obsequens,
3490 3449 3723 3505 deinde.

2072 3571 2141 3581 —-
2168 3541 2278 3597 Sed
2313 3556 2512 3597 revoco
2532 3557 2645 3606 me,
2678 3540 3000 3611 nequeisto
3046 3555 3258 3612 genere
3305 3538 3590 3594 orationis
3641 3538 3730 3594 uti

2072 3630 2220 3685 volo.
2287 3631 2341 3684 ld
2399 3630 2592 3685 solum
2652 3632 2806 3701 apud
2860 3647 2960 3684 vos
3017 3630 3313 3700 proﬁteor,
3347 3628 3425 3683 ita
3454 3644 3546 3683 me
3580 3628 3730 3685 velle

2073 3735 2445 3790 perseverare
2475 3718 2532 3773 in
2566 3720 2675 3774 hoc
2697 3734 2960 3785 munere,
2996 3719 3041 3771 si
3070 3735 3174 3773 vos
3201 3717 3480 3788 jubeatis.
3517 3717 3732 3773 Decer-

2074 3809 2193 3864 nite
2225 3809 2409 3879 igitur
2440 3809 2595 3879 quod
2631 3807 2841 3878 placet.
2873 3807 3152 3862 Praaﬁcite
3182 3807 3278 3862 isti
3309 3823 3485 3875 curas,
3528 3806 3577 3861 si
3640 3807 3734 3860 vi-

2074 3900 2263 3965 detur,
2297 3897 2477 3954 alium
2507 3916 2519 3951 :
2552 3900 2753 3954 cedam
2783 3897 3051 3965 libenter,
3085 3897 3384 3967 redigique
3416 3912 3509 3951 me
3540 3896 3733 3966 patiar

2075 3988 2133 4043 in
2158 3989 2447 4058 ordinem,
2479 3988 2604 4043 loco
2629 3990 2721 4043 47
2761 3986 2849 4041 vel
2884 3986 3085 4040 inﬁmo
3116 3988 3426 4040 contentus
3452 4001 3465 4051 ;
3490 3985 3730 4040 videns-

2076 4094 2190 4149 que
2222 4098 2255 4133 a
2286 4078 2455 4133 vobis
2487 4078 2778 4132 delectum
2812 4075 2995 4130 alium
3027 4074 3305 4129 idoneum
3357 4073 3459 4145 qui
3518 4073 3732 4144 pupilli

2079 4166 2363 4240 principis
2398 4165 2595 4234 saluti,
2626 4169 2691 4220 ut
2722 4181 2828 4235 par
2871 4167 2979 4233 est,
3041 4162 3327 4234 invigilat,
3388 4160 3733 4233 aequissimo

2080 4256 2277 4311 animo
2311 4256 2546 4327 privatae
2587 4253 2802 4325 quietis
2862 4259 3082 4308 sortem
3143 4250 3479 4320 amplectar.
3540 4257 3734 4322 Agam

2081 4344 2222 4417 quin
2253 4345 2434 4400 etiam
2471 4343 2693 4398 inﬁmis
2724 4342 2998 4415 precibus
3029 4357 3160 4395 cum
3200 4339 3483 4411 principe,
3509 4356 3580 4394 ne
3600 4356 3739 4394 mo-

2080 4435 2226 4490 leste
2259 4436 2403 4489 ferat
2434 4433 2697 4489 recedere
2730 4448 2823 4488 me
2855 4432 2927 4486 ab
2959 4431 3085 4500 ejus
3116 4447 3276 4497 cura,
3302 4430 3453 4499 quod
3472 4446 3539 4485 ea
3567 4434 3742 4486 tanta

2080 4529 2320 4595 tamque
2353 4523 2677 4578 honoriﬁca
2733 4520 3077 4593 praefectura
3128 4525 3400 4573 ornatum
3460 4535 3588 4574 esse
3638 4536 3741 4575 me

2084 4613 2440 4685 quibusdam
2484 4615 2743 4667 vestrum
2804 4627 2917 4664 non
2978 4609 3277 4681 probetur.
3339 4607 3742 4666 Praestabilius

2082 4702 2239 4758 enim
2274 4702 2443 4774 longe
2473 4705 2562 4757 est
2590 4701 2650 4755 in
2678 4699 2881 4755 militis
2912 4698 2996 4754 vel
3031 4697 3280 4770 gregarii
3302 4697 3637 4753 conditione
3669 4716 3745 4754 ac

2082 4793 2312 4847 fortuna
2358 4789 2692 4861 reipublicae
2727 4788 2965 4857 servire,
2999 4804 3176 4858 quam
3221 4792 3377 4842 metu
3420 4791 3477 4841 et
3534 4788 3743 4859 suspi-

2088 4880 2358 4936 cionibus
2391 4880 2629 4934 anxium
2661 4878 2718 4931 in
2754 4877 3040 4949 dignitate
3067 4876 3278 4931 vivere.
3313 4876 3396 4930 En
3429 4876 3605 4945 igitur
3634 4893 3748 4948 per

2086 4971 2409 5026 beneﬁcam
2447 4968 2873 5040 providentiam
2898 4966 3169 5021 Numinis
3200 4965 3493 5021 etsubditi
3517 4966 3749 5024 dociles

2088 5060 2160 5114 ad
2196 5058 2521 5129 parendum
2553 5058 2710 5121 sunt,
2742 5058 2799 5109 et
2831 5052 3205 5124 disciplinam
3241 5052 3461 5107 milites
3482 5057 3746 5117 servant,

2089 5153 2144 5203 et
2174 5148 2483 5218 quiescunt
2515 5144 2939 5215 quiescereque
2986 5158 3093 5197 nos
3153 5142 3358 5196 sinunt
3414 5141 3634 5211 hostes,
3684 5149 3754 5198 et

2091 5237 2200 5292 istc
2233 5240 2423 5290 vester
2453 5230 3110 5302 ordoamplissimorum
3130 5230 3465 5301 principum
3481 5230 3755 5288 abundat

2090 5340 2361 5389 numero,
2378 5338 2630 5393 quorum
2646 5320 2887 5392 quidam
2907 5319 3279 5390 imperatoris
3301 5320 3753 5390 consanguinei,

2091 5416 2332 5487 quidam
2368 5412 2576 5484 primis
2591 5414 2729 5465 sunt
2750 5409 3143 5480 dignitatibus
3166 5410 3448 5477 illustres,
3474 5410 3757 5465 dotibus-

2092 5520 2204 5575 que
2236 5503 2429 5558 omnis
2461 5500 2691 5572 generis
2724 5498 3045 5569 praeclaris,
3077 5516 3203 5570 quae
3243 5515 3536 5570 quemque
3582 5516 3758 5557 com-

2089 5595 2367 5649 mendare
2397 5590 2485 5645 vel
2521 5590 2777 5644 maxime
2820 5588 3071 5658 possint,
3133 5605 3365 5644 summe
3422 5589 3758 5661 conspicui.

2086 5685 2167 5739 Ex
2201 5681 2292 5737 his
2326 5680 2580 5751 eligatur
2610 5677 2736 5749 qui,
2769 5677 2924 5748 quod
2957 5694 3049 5733 res
3081 5678 3268 5749 poscit
3297 5682 3355 5734 et
3371 5694 3609 5735 necesse
3639 5686 3758 5751 est,
