4090 6402
251 384 357 439 εει

252 510 350 564 καὶ
406 512 485 581 τῷ
560 511 729 579 κοινῷ
784 506 1097 582 ψηφίσματι
1161 506 1421 577 θήσομαι.
1482 502 1554 556 Ού
1605 500 1708 575 γὰρ
1776 493 2003 572 ἰδίαςΑ
2037 511 2119 581 [Ρ,
2151 511 2243 580 27]

257 601 570 666 συστάσεις,
605 595 748 651 ἀλλὰ
800 597 898 664 τὴν
945 599 1043 650 τοῦ
1103 592 1368 668 βασιλέως
1420 586 1695 665 προύργου
1726 585 1923 645 παντὸς

256 689 592 761 ποιούμεθα.
650 684 761 743 Κᾶν
797 686 861 741 οὐ
914 686 1066 739 θέλοι
1123 705 1207 746 τις
1267 681 1454 737 ἄικλων
1513 676 1924 756 ψηφιζομένων,

260 777 427 835 οὐδὲν
462 776 700 832 ἀνύσειεν
730 773 791 831 ἂν
851 775 928 849 μὴ
983 772 1156 829 θὲλων
1207 772 1435 833 ἐκεῖνος’
1495 772 1530 838 ἡ
1556 768 1657 844 γὰρ
1695 764 1928 838 ὑμετέρα

261 869 625 944 ὑπερτερήσει
684 862 974 939 βούλησις.
1032 863 1220 923 Οὕτως
1278 859 1384 936 ἐγὼ
1444 856 1760 930 δημοτικῶς
1809 852 1925 926 ἔχω

258 958 409 1012 ὥστε
459 956 548 1011 καὶ
584 952 753 1028 μηδὲν
784 953 869 1008 ἐπὶ
935 950 1128 1026 μηδενὶ
1187 950 1507 1020 ἀξιούμενος
1552 945 1760 1019 μείζονι
1791 942 1926 1015 ἀγα-

255 1052 412 1116 πᾷν,
462 1046 553 1101 καὶ
612 1042 879 1098 θελόντων
938 1043 1032 1113 μὲν
1083 1041 1408 1116 προφρόνων
1470 1038 1620 1109 ὑμῶν
1678 1034 1762 1088 ἐπὶ
1815 1036 1923 1087 τῶν

259 1135 606 1210 πραγμάτων
663 1134 840 1205 μὲνειν
897 1133 1189 1206 αἱρεῖσθαι,
1252 1130 1327 1201 μὴ
1384 1124 1653 1180 θελόντων
1684 1121 1741 1178 δὲ
1769 1118 1924 1177 πάντ’

260 1225 353 1295 ἐᾷν
388 1223 481 1277 καὶ
516 1220 686 1293 μηδὲν
745 1220 1234 1295 πολυπραγμονεῖν
1290 1213 1515 1287 ἐθέλειν,
1572 1213 1667 1267 κᾶν
1702 1215 1929 1285 ζημιοῦσι

266 1335 368 1387 μαι
421 1312 488 1367 τὰ
543 1309 787 1385 ἔσχατα.
850 1306 1157 1383 Παρακαλῶ
1212 1306 1394 1361 τοίνυν
1459 1300 1626 1377 μηδὲν
1689 1303 1924 1376 ὑποκρο-

262 1402 578 1474 πτομὲνους
634 1399 724 1453 καὶ
786 1399 925 1471 ὗμᾶς
953 1395 1190 1467 τάληθὲς
1222 1396 1383 1470 ἐρεῖν.
1445 1391 1540 1452 Τίς
1595 1391 1694 1465 γὰρ
1734 1392 1770 1460 ἡ
1828 1396 1926 1458 τῆς

266 1490 485 1553 δειλίας
546 1489 752 1565 ἀνάγκη
814 1492 909 1543 τοῦ
971 1489 1045 1561 μή
1080 1485 1482 1561 παριστάμενον
1514 1482 1687 1557 λέγειν
1716 1503 1730 1551 ;
1766 1482 1793 1535 ὁ
1822 1477 1923 1555 γὰρ

260 1580 561 1650 ἀντιλέξων
617 1579 719 1633 οὐκ
775 1575 908 1647 ἔστι,
960 1577 1049 1631 καὶ
1098 1571 1266 1653 φόϐος
1299 1572 1499 1641 οὐδεὶς,
1530 1572 1594 1640 ἥν
1625 1592 1709 1633 τις
1739 1570 1802 1624 τὸ
1834 1566 1925 1622 δο-

262 1675 398 1725 κοῦν
457 1669 638 1743 λέγειν
696 1669 949 1744 αἱρεῖται.
1013 1665 1249 1730 Αὐτόθεν
1304 1666 1593 1737 τοιγαροῦν
1639 1660 1730 1715 καὶ
1790 1660 1923 1733 βου-

265 1759 476 1816 λευέτω
531 1779 614 1820 τις
670 1758 763 1812 καὶ
820 1756 1099 1833 πραττέτω
1160 1752 1251 1808 σὺν
1312 1752 1507 1815 ἄλλοις
1530 1753 1591 1805 τὸ
1621 1750 1926 1824 χρήσιμον,

260 1850 357 1904 καὶ
415 1848 479 1903 τό
526 1868 633 1902 τινι
691 1845 961 1922 παραστάν
1023 1844 1100 1907 εἷς
1156 1845 1384 1916 γνώμην
1440 1840 1608 1895 εἰπεῖν
1665 1836 1925 1915 ἀσφαλὲς,

262 1941 343 2003 ὡς
398 1939 643 2010 εὐμενῶς
693 1936 1076 2007 ἀκουσομένων
1136 1933 1233 1987 κᾶν
1295 1933 1405 1987 ὃτι
1454 1929 1644 1999 λέξειε.
1679 1928 1922 2001 Δεσπότῃ

258 2029 363 2103 vi?
439 2025 798 2101 προσκρούειν
866 2022 1005 2085 ’ίσως
1086 2022 1185 2077 οὐκ
1257 2018 1517 2087 ἀσφαλες,
1579 2016 1631 2087 ἐξ
1677 2014 1805 2071 ’ίσου
1864 2013 1922 2069 δὲ

259 2100 702 2192 προσφερομένῳ
752 2118 833 2186 τῷ
886 2114 1105 2188 Λέγοντι
1162 2111 1228 2165 τὰ
1282 2114 1382 2175 τῆς
1442 2105 1739 2183 παρρησίας
1797 2100 1920 2178 ἔχοι

256 2208 478 2281 καιρὸν,
540 2205 615 2266 ὡς
672 2203 917 2276 μείζονος
975 2203 1032 2256 ’ὀν
1083 2200 1119 2269 ἢ
1174 2200 1291 2254 κατ’
1340 2198 1573 2257 ἐκείνους
1602 2196 1665 2250 τὸ
1695 2193 1921 2268 κρίνειν.

253 2293 445 2352 Ἀλλὰ
472 2294 564 2349 καὶ
594 2295 791 2349 τούτου
838 2297 929 2346 νῦν
958 2290 1067 2365 οὐχ
1117 2291 1369 2361 ὑπόντος,
1401 2288 1428 2342 ὁ
1461 2286 1628 2357 λέξων
1656 2285 1684 2339 ὃ
1732 2306 1785 2339 τι
1832 2283 1923 2339 καὶ

258 2386 523 2461 βούλεται
573 2386 898 2458 ἑκατέρωθεν
950 2380 1068 2456 ἔχει
1107 2382 1169 2436 τὸ
1218 2380 1294 2441 εἰς
1344 2378 1503 2433 αὐτὸν
1550 2373 1856 2431 ἀκίνδυνον.
1894 2397 1923 2425 ››

250 2566 507 2623 tutelam
542 2566 707 2638 pueri
758 2564 1046 2636 principis
1075 2566 1357 2618 exerceat.
1401 2559 1722 2625 Assentiar,
1757 2574 1918 2611 acce-

252 2658 419 2725 dam,
453 2661 513 2711 et
561 2653 977 2711 communibus
1010 2652 1257 2709 calculis
1309 2667 1503 2706 meum
1558 2649 1915 2718 adjungam:

250 2764 367 2801 non
402 2745 566 2800 enim
602 2744 860 2814 privatas
895 2743 1157 2797 rationes
1191 2744 1385 2797 status
1420 2741 1783 2807 fortunaeque
1815 2751 1920 2789 no.

255 2839 415 2902 stre,
452 2834 554 2888 sed
591 2832 875 2903 principis
906 2830 1217 2886 utilitatem
1246 2846 1310 2885 ac
1342 2827 1591 2882 salutem
1624 2828 1758 2880 ante
1789 2838 1919 2876 om-

254 2925 355 2980 nia
386 2923 709 2995 quaerimus
740 2926 798 2977 et
820 2921 1052 2977 cunctis
1078 2917 1465 2991 praeferimus.
1499 2915 1608 2980 Qui
1641 2914 1860 2971 electus
1884 2928 1918 2968 a

252 3014 422 3068 vobis
452 3012 654 3081 fuerit,
680 3011 730 3065 si
756 3010 1169 3082 deprecabitur
1195 3010 1501 3069 honorem,
1530 3007 1750 3059 frustra
1773 3003 1885 3057 erit
1911 3018 1923 3056 :

258 3101 450 3156 vincet
479 3101 641 3157 enim
674 3116 1003 3155 consensus
1034 3103 1224 3153 vester
1254 3098 1383 3167 ejus
1417 3094 1788 3159 modestiam,
1814 3107 1918 3145 nec

258 3206 365 3245 sua
396 3206 531 3245 eum
565 3188 918 3244 verecundia
963 3186 1202 3257 iudiciis
1236 3185 1503 3240 omnium
1546 3186 1807 3238 vestrum
1843 3180 1916 3234 ad

1330 382 1429 435 DE
1466 374 1839 435 MICBAELE
1877 368 2325 425 PALEOLOGO
2359 371 2492 423 LIB.
2533 372 2577 421 Ι.

3579 371 3688 426 482

2295 511 2459 565 Ταῦτ’
2518 509 2767 572 εἰπόντος
2819 514 2915 565 τοῦ
2966 508 3463 586 πρωτοϐεστιαρίου
3495 512 3691 587 ἅθρουν

2036 600 2128 670 μὲν
2183 600 2245 654 τὸ
2302 606 2519 668 πλῆθος
2579 600 2823 675 ξυμμιγῆ
2883 601 2980 669 τὴν
3039 604 3223 677 φωνὴν
3288 603 3539 672 ἀφῆκαν,
3598 604 3689 656 καὶ

2033 686 2605 762 ὑπεραποδεχομὲνοις
2684 689 2916 760 ἐῴκεσαν
2993 696 3072 760 τῷ
3155 692 3241 746 ὑπ’
3319 691 3505 763 ἐκείνῳ
3557 691 3691 765 μετὰ

2028 778 2119 830 τὸν
2180 776 2404 850 βασιλέα
2454 779 2737 852 τετάχθαι,
2794 777 3055 855 ἐμφανεῖς
3102 800 3158 833 τε
3205 780 3340 849 ἦσαν
3402 778 3687 853 ἰνασμενί-

2032 870 2212 933 ζοντες
2264 865 2356 937 μὲν
2408 871 2486 937 τῷ
2528 871 2858 940 κρατοῦντι,
2927 867 3334 943 παρενείροντες
3393 867 3450 924 δὲ
3505 869 3688 924 κάκεί-

2029 975 2107 1025 νῳ
2147 952 2434 1015 πλείστους
2484 956 2571 1009 καὶ
2623 955 2768 1030 παρᾶ
2810 956 2871 1009 τὸ
2920 955 3063 1018 εἰκὸς
3119 957 3371 1020 ἐπαίνους
3426 959 3502 1020 ὡς
3554 958 3689 1029 ἀξίῳ

2034 1045 2146 1114 μετ’
2194 1042 2394 1097 ἐκεῖνον
2443 1048 2589 1119 σφῶν
2632 1046 2821 1119 ἄρχειν
2857 1045 3175 1119 ἐθεράπευον
3208 1048 3299 1101 τὸν
3333 1048 3518 1121 καιρὸν
3581 1048 3690 1121 οὐχ

2030 1132 2217 1199 ἧττον,
2274 1133 2371 1198 τὴν
2431 1130 2911 1206 παρακινδύνευσιν
2947 1130 3202 1202 δεδιότες,
3234 1133 3270 1201 ἢ
3302 1136 3368 1187 τὰ
3397 1134 3533 1188 κατά
3563 1133 3687 1189 νοῦν

2030 1216 2243 1293 ἔλεγον.
2288 1224 2401 1273 Τῶν
2448 1218 2504 1275 δὲ
2545 1242 2605 1296 γε
2636 1224 2968 1296 μεγιστάνων
3002 1219 3174 1277 ἄλλος
3207 1220 3348 1277 ἄλλο
3379 1243 3431 1276 τι
3460 1222 3597 1295 πρὸς
3626 1224 3688 1277 τὸ

2028 1310 2197 1383 παρὸν
2227 1310 2634 1386 ὑποφωνοῦντες
2670 1308 2833 1378 δῆλοι
2865 1311 2999 1378 ἦσαν
3026 1317 3107 1382 τῷ
3156 1316 3330 1383 καιρῷ
3378 1312 3686 1387 χαριζόμε-

2027 1418 2132 1462 νοι,
2184 1397 2644 1473 σεμνολογοῦντες
2694 1402 2808 1453 οἷον
2844 1400 2935 1453 καὶ
2967 1401 3169 1454 ἑαυτῶν
3202 1400 3406 1455 ἐκεῖνον
3466 1402 3688 1477 ὑπερτι-

2031 1487 2267 1558 θέμενοι.
2319 1489 2438 1542 Τῶν
2467 1485 2523 1541 δὲ
2553 1483 2873 1559 συμϐάντων
2906 1493 3162 1542 τοσοῦτον
3204 1491 3432 1563 ἀπεῖχον
3479 1489 3682 1545 ἐκεῖνον

2032 1572 2211 1627 δοκεῖν
2268 1574 2573 1645 αἰτιᾶσθαι,
2634 1576 2773 1631 ὥστε
2829 1577 2918 1631 καὶ
2973 1581 3055 1649 τῷ
3117 1576 3333 1653 βασιλεῖ
3386 1578 3536 1651 μόνῳ
3589 1579 3687 1641 τὰς

2030 1663 2207 1725 αἲτίας
2238 1671 2582 1739 προσῆπτον,
2637 1664 2727 1719 καὶ
2787 1664 3117 1740 ὡμολόγουν
3173 1666 3273 1720 οὐκ
3322 1662 3425 1736 ἕξω
3453 1672 3549 1721 τοῦ
3605 1665 3691 1722 δι-

2029 1752 2187 1806 καίου
2216 1759 2425 1824 παθεῖν,
2459 1754 2504 1808 εἰ
2541 1756 2614 1827 μὴ
2651 1753 2718 1808 δι’
2776 1752 2829 1809 ἓν
2885 1752 3027 1809 ἄλλο
3087 1756 3122 1815 ἢ
3158 1756 3221 1810 τὸ
3284 1756 3387 1810 ὑπὸ
3419 1753 3686 1825 δεσπότην

1955 1876 2003 1941 Β
2032 1841 2321 1941 τελοῦντας
2360 1843 2469 1941 τὴν
2526 1847 2672 1917 σφῶν
2720 1844 2795 1905 εἰς
2845 1848 3035 1919 χεῖρας
3076 1845 3217 1912 ζωὴν
3247 1839 3467 1918 ἔχοντα,
3499 1844 3689 1919 ἐκείνῳ

2032 1931 2122 1984 καὶ
2160 1932 2323 2003 μόνον
2356 1930 2553 1985 δοκοῦν
2589 1932 2920 1995 ὑπευθύνους
2948 1935 3084 1988 εἶναι
3113 1933 3202 1987 καὶ
3229 1935 3613 2006 τιμωρεῖσθαι.

2035 2040 2116 2104 ιζ’.
2158 2034 2465 2113 Ἀπολογία
2504 2039 2639 2113 πρὸς
2676 2039 2774 2107 τὴν
2820 2036 3169 2115 δημηγορίαν
3225 2041 3321 2093 τοῦ
3380 2038 3688 2096 Παλαιολό-

2796 2130 2920 2184 γου.

2100 2199 2158 2253 Ὀ
2186 2196 2243 2252 δὲ
2272 2219 2332 2271 γε
2354 2198 2732 2274 Παλαιολόγος
2757 2200 2991 2273 Μιχαὴλ
3009 2201 3099 2253 καὶ
3136 2202 3298 2275 μὲγας
3325 2198 3689 2260 κονοσταῦλος

2030 2287 2092 2340 τὸ
2163 2292 2483 2358 τηνικαῦτα,
2545 2288 2581 2358 ἢ
2633 2289 2725 2343 καὶ
2785 2295 2903 2351 ταῖς
2958 2288 3240 2359 ἀληθείαις
3298 2288 3373 2345 ὢν
3434 2295 3575 2355 θεῖος
3631 2288 3691 2343 ἐκ

2033 2376 2283 2448 γυναικὸς
2316 2375 2524 2431 ἐκείνου
2554 2379 2644 2432 καὶ
2696 2379 3058 2455 συμμετέχειν
3116 2379 3297 2453 ὥσπερ
3352 2384 3449 2433 τοῦ
3502 2380 3689 2453 γένους

2031 2573 2241 2613 vacans
2275 2561 2553 2629 periculo.
2590 2560 2758 2626 Quali
2781 2577 2895 2615 non
2928 2564 3019 2615 est
3046 2560 3349 2631 expositus
3369 2560 3470 2631 qui
3503 2559 3689 2630 loqui-

2028 2650 2125 2701 tur
2156 2648 2224 2702 ad
2277 2649 2388 2704 sibi
2421 2665 2613 2720 pares.
2668 2648 2873 2705 Nullus
2908 2649 3004 2703 hic
3055 2647 3364 2720 principali
3416 2649 3687 2703 eminens

2031 2737 2266 2807 fastigio
2299 2744 2449 2792 astat
2496 2740 2879 2793 dicendorum
2916 2738 3178 2793 arbiter:
3236 2736 3451 2793 similis
3483 2737 3686 2792 condi-

2028 2828 2109 2880 tio
2142 2830 2229 2881 est
2259 2828 2518 2882 omnium
2555 2833 2612 2881 et
2668 2842 2977 2882 commune
3002 2826 3317 2897 judicium.
3351 2825 3542 2889 Quare
3592 2825 3687 2882 hic

2030 2914 2222 2969 libera
2253 2916 2502 2971 orationi
2531 2920 2587 2971 et
2618 2916 2765 2971 nihil
2816 2919 2977 2970 metu
3027 2914 3316 2985 reticenti,
3358 2929 3685 2985 quamcun-

2031 3020 2144 3074 que
2172 3003 2229 3057 in
2266 3010 2489 3075 partem
2543 3006 2878 3060 incubuerit
2909 3004 3221 3071 sententia,
3266 3003 3363 3059 hic
3396 2988 3677 3074 profecto,

2031 3094 2080 3148 si
2115 3110 2390 3163 usquam,
2424 3096 2588 3149 locus
2632 3098 2740 3150 est.
2777 3116 2804 3143 ››
2846 3093 2977 3147 Haec
3008 3092 3457 3164 protovestiario
3482 3090 3681 3147 locuto

2030 3184 2291 3238 conferta
2334 3183 2573 3253 quidem
2622 3183 2941 3237 multitudo
2992 3182 3190 3237 nescio
3241 3182 3381 3251 quid
3437 3180 3682 3237 mistum

257 3285 589 3335 extremum
650 3277 836 3334 obniti
884 3250 1156 3348 patietur.
1215 3278 1301 3329 Me
1344 3274 1505 3344 quod
1565 3272 1793 3336 attinet,
1842 3269 1924 3324 ita
1955 3250 1997 3317 α
2028 3270 2287 3327 confusis
2318 3250 2667 3327 acclamavit
2716 3270 2979 3340 vocibus,
3011 3286 3138 3341 quae
3187 3250 3485 3324 declarare
3514 3267 3680 3323 vide-

256 3373 637 3438 comparatus
690 3383 847 3433 sum,
881 3370 944 3419 ut
976 3382 1081 3420 nec
1129 3364 1177 3419 si
1203 3381 1308 3419 vos
1332 3362 1634 3433 jusseritis
1675 3374 1916 3432 pergere

258 3458 317 3512 in
351 3459 631 3528 suscepto
667 3471 909 3511 munere
940 3455 1279 3523 detrectem,
1313 3453 1490 3506 etiam
1524 3450 1687 3505 nullo
1721 3448 1921 3504 addito

258 3548 483 3603 honore
513 3544 599 3601 vel
636 3548 1079 3602 auctoramento
1119 3542 1324 3612 majori
1352 3559 1365 3608 ;
1416 3546 1473 3597 et
1504 3540 1552 3596 si
1584 3540 1697 3594 alio
1741 3543 1922 3593 nutus

256 3636 441 3690 vestri
466 3635 906 3706 propenderint,
931 3632 1127 3688 statim
1154 3632 1267 3686 sim
1291 3631 1671 3701 acquieturus
1692 3632 1750 3682 et
1769 3632 1925 3681 tran-

259 3724 451 3797 quillo
481 3739 810 3794 securoque
860 3722 1059 3778 animo
1090 3735 1434 3775 recessurus
1465 3718 1734 3782 domum,
1772 3714 1921 3771 nihil

255 3814 573 3885 inquirens
606 3813 679 3867 de
708 3811 905 3866 causis
933 3826 1060 3881 quae
1089 3825 1193 3863 vos
1220 3807 1292 3863 ad
1326 3807 1410 3861 sic
1438 3807 1508 3861 de
1542 3822 1633 3861 me
1662 3809 1925 3861 statuen-

261 3902 409 3958 dum
470 3900 836 3972 impulerint,
891 3898 1125 3955 etiamsi
1176 3898 1393 3953 damna
1443 3896 1815 3951 fortunarum
1867 3896 1924 3949 et

258 3996 458 4047 status
508 3990 568 4045 in
601 4006 695 4044 me
753 3989 852 4044 48
910 3989 1047 4044 inde
1105 3986 1455 4059 gravissima
1501 3985 1921 4039 redundarent.

270 4080 386 4136 Oro
418 4079 605 4152 igitur
634 4079 994 4149 obsecroque
1032 4093 1132 4131 vos
1159 4081 1225 4131 ut
1255 4080 1311 4131 et
1337 4074 1445 4146 ipsi
1489 4075 1617 4128 sine
1646 4073 1767 4127 ullo
1792 4074 1923 4128 fuco

261 4170 426 4241 quod
458 4185 590 4225 vero
622 4166 909 4224 sententis
931 4166 1208 4221 efferatis.
1233 4167 1369 4230 Quae
1392 4162 1548 4218 enim
1571 4167 1661 4217 est
1678 4160 1924 4217 timendi

264 4258 499 4314 causa?
533 4260 641 4313 Aut
691 4274 820 4329 quae
850 4255 1091 4312 obtendi
1137 4260 1337 4325 posset
1368 4253 1667 4308 excusatio
1714 4251 1925 4306 idonea

258 4350 487 4419 ignavae
513 4344 1011 4403 dissimulationis
1040 4345 1109 4399 ab
1160 4359 1226 4399 eo
1273 4343 1373 4414 qui
1436 4340 1792 4397 sententiam
1853 4342 1924 4395 de

261 4437 567 4509 republica
600 4441 838 4507 rogetur
868 4435 927 4488 in
961 4434 1070 4489 hoc
1093 4432 1459 4504 amplissimo
1491 4436 1547 4486 et
1575 4430 1922 4502 gravissimo

259 4525 562 4582 concilio?
590 4526 900 4580 Promatur
932 4522 1111 4577 libere
1143 4520 1432 4593 quidquid
1466 4520 1524 4574 in
1568 4521 1766 4576 animo
1813 4523 1918 4575 est.

2030 3368 2235 3418 rentur
2260 3361 2508 3417 libenter
2528 3379 2591 3417 se
2620 3360 2705 3414 illi
2728 3364 2860 3431 post
2880 3360 3295 3430 imperatorem
3318 3356 3561 3427 subjici,
3578 3373 3681 3428 ap-

2032 3452 2354 3523 parebatea
2375 3450 2487 3506 dici
2514 3451 2711 3506 studio
2734 3446 3073 3505 assentandi
3102 3446 3370 3519 principi.
3397 3448 3681 3517 Congere-
3730 3474 3745 3489 ι

2032 3542 2177 3597 bant
2207 3548 2265 3596 et
2290 3558 2347 3596 in
2372 3539 2880 3612 protovestiarium
2912 3536 3232 3593 liberaliter
3254 3535 3479 3605 laudes,
3503 3534 3683 3591 etiam

2031 3631 2376 3700 invidiosae,
2408 3631 2654 3701 dignum
2687 3628 2960 3684 videlicet
2991 3625 3406 3697 eumquiipsis
3430 3626 3684 3695 impera-

2032 3725 2121 3776 ret
2154 3720 2559 3792 prazdicantes.
2607 3718 2743 3781 Quas
2784 3717 2973 3789 magis
3005 3714 3387 3772 servientium
3431 3712 3685 3785 tempori

2033 3815 2089 3865 et
2111 3810 2303 3865 liberae
2338 3806 2617 3863 orationis
2642 3804 2901 3876 pericula
2930 3804 3265 3859 caventium
3298 3818 3468 3858 voces
3498 3806 3687 3869 erant,

2032 3914 2211 3970 quam
2261 3914 2390 3969 quae
2423 3912 2588 3952 veros
2640 3894 2972 3950 animorum
3007 3909 3217 3947 sensus
3272 3892 3686 3962 exprimerent.

2033 3990 2397 4061 Optimatum
2450 4002 2585 4040 vero
2618 3986 2718 4040 49
2773 3983 2926 4038 alius
2955 3981 3114 4037 aliud
3170 3997 3274 4051 pro
3305 3996 3365 4035 re
3412 3980 3686 4051 praesenti

2034 4077 2330 4134 submisse
2382 4091 2446 4130 ac
2479 4071 2877 4145 perfunctorie
2927 4070 3216 4136 dixerunt,
3250 4070 3330 4122 ita
3378 4070 3689 4138 utgratifi-

2033 4170 2148 4225 cari
2181 4185 2277 4224 eos
2308 4166 2670 4238 potientibus
2701 4168 2841 4217 tunc
2873 4176 3069 4217 rerum
3098 4160 3291 4231 palam
3324 4162 3503 4213 esset.
3537 4158 3685 4213 Lau-

2032 4260 2254 4314 dabant
2285 4254 2816 4329 protovestiarium,
2849 4255 2908 4305 et
2937 4250 3047 4305 sibi
3077 4248 3222 4319 ipsis
3252 4246 3637 4318 praeferebant
3669 4260 3683 4299 :

2032 4364 2236 4403 eorum
2258 4362 2395 4402 vero
2417 4361 2543 4417 quae
2567 4341 2766 4416 gravia
2782 4339 3137 4412 quibusdam
3165 4342 3223 4392 et
3248 4335 3481 4408 publice
3498 4335 3688 4389 invisa

2032 4438 2420 4508 contigerant,
2453 4440 2686 4489 tantum
2721 4432 2968 4486 aberant
2996 4429 3068 4483 ab
3100 4443 3167 4481 eo
3199 4424 3590 4489 criminando,
3626 4428 3689 4478 ut

2032 4543 2242 4584 causas
2274 4524 2538 4581 omnium
2564 4522 2622 4577 in
2654 4521 3062 4592 imperatorem
3087 4516 3302 4571 diserte
3333 4514 3686 4580 conferrent,

259 4615 604 4686 Excipietur
633 4613 818 4684 aequis
866 4612 1133 4678 auribus,
1169 4626 1274 4665 nec
1305 4611 1413 4664 erit
1445 4610 1545 4679 qui
1592 4626 1754 4663 mera
1780 4626 1917 4663 cou-
1954 4621 2004 4686 Ι)
2038 4617 2322 4671 addentes
2373 4613 2527 4684 quod
2576 4609 2745 4681 quasi
2793 4625 2927 4664 eum
2960 4609 3327 4672 excusarent,
3381 4601 3518 4658 talia
3558 4616 3689 4657 sese

261 4703 596 4759 tradicendi
616 4703 863 4757 libidine
885 4705 1203 4773 oppugnet.
1228 4698 1439 4753 Nullus
1458 4698 1708 4769 denique
1729 4703 1920 4756 metus

258 4794 592 4866 impendet,
621 4809 737 4864 quo
770 4790 1026 4846 revocari
1060 4795 1162 4845 aut
1191 4788 1473 4843 retardari
1500 4786 1694 4857 quivis
1736 4788 1925 4859 possit

266 4884 344 4939 ab
394 4899 462 4938 eo
494 4881 897 4953 qualicunque
948 4879 1319 4950 proferendo,
1371 4877 1527 4947 quod
1578 4880 1678 4931 aut
1708 4878 1923 4934 mentis

248 4972 484 5045 judicio
532 4970 785 5027 senserit
844 4973 947 5026 aut
1000 4966 1322 5024 voluntatis
1381 4966 1621 5022 arbitrio
1663 4965 1924 5037 elegerit.

262 5062 561 5133 Agedum,
592 5059 794 5115 statim
825 5076 890 5115 ex
933 5074 1089 5112 nunc
1119 5062 1290 5112 eatur
1319 5056 1377 5109 in
1412 5055 1753 5122 sententias,
1789 5072 1927 5111 con-

258 5152 418 5208 sulat
450 5150 729 5220 quisque,
758 5149 819 5204 in
848 5148 1132 5213 medium,
1157 5150 1402 5218 agatque
1425 5146 1576 5216 quod
1604 5144 1747 5214 vult,
1771 5146 1925 5215 quod

260 5246 436 5314 putat
470 5238 635 5295 utile.
691 5238 979 5294 Securum
1010 5243 1063 5291 et
1094 5239 1288 5290 tutum
1324 5238 1416 5290 est
1463 5250 1730 5305 promere
1760 5234 1926 5302 quid-

259 5331 399 5403 quid
436 5330 681 5385 demum
710 5328 769 5381 in
804 5330 1058 5382 mentem
1090 5324 1333 5380 venerit.
1367 5326 1666 5389 Attentos,
1698 5322 1922 5393 faciles,

259 5422 329 5476 ad
364 5419 562 5492 quivis
609 5416 969 5473 audiendum
1022 5418 1257 5486 paratos
1288 5430 1357 5468 en
1413 5430 1521 5468 nos
1551 5427 1776 5468 omnes.
1814 5411 1920 5467 Ubi

258 5511 540 5582 princeps
573 5509 632 5561 in
684 5510 893 5561 senatu
925 5509 1033 5574 est,
1067 5520 1247 5559 causa
1276 5518 1404 5558 esse
1438 5506 1630 5573 potest
1663 5501 1920 5555 circum-

256 5598 552 5673 spiciendi
582 5596 728 5669 quid
762 5594 898 5667 quis
939 5593 1134 5649 dicat:
1170 5608 1355 5665 prona
1386 5591 1543 5647 enim
1579 5594 1669 5645 est
1699 5589 1919 5646 dicenti

256 5691 411 5764 apud
446 5686 761 5745 dominum
796 5683 1062 5750 offensio,
1097 5698 1205 5738 nec
1253 5696 1321 5737 ea
1352 5681 1400 5737 si
1430 5694 1558 5751 quaa
1608 5678 1922 5750 contigerit

2034 4725 2150 4763 non
2193 4703 2366 4776 plane
2408 4701 2628 4772 injuria
2660 4714 2892 4771 passos,
2940 4696 2984 4750 si
3018 4711 3134 4749 non
3179 4693 3253 4748 ob
3303 4692 3489 4757 aliud,
3533 4696 3691 4745 certe

2032 4798 2169 4868 quia
2201 4792 2546 4865 impositum
2581 4788 2908 4845 cervicibus
2938 4784 3199 4841 tulerant
3228 4780 3535 4837 dominum
3559 4779 3689 4834 vitae

2038 4887 2302 4957 ipsorum
2336 4880 2644 4937 arbitrium
2678 4879 3017 4940 habentem,
3050 4873 3141 4928 cui
3174 4872 3329 4943 quod
3354 4874 3584 4925 tantum
3610 4869 3692 4923 ita

2036 4976 2352 5039 videretur,
2387 4987 2518 5026 reos
2550 4984 2612 5025 se
2643 4966 2826 5022 fuisse
2856 4980 2922 5021 ac
2944 4964 3108 5035 juste
3140 4960 3402 5034 punitos.

2110 5110 2195 5163 17.
2231 5103 2521 5177 Responsio
2569 5098 2877 5170 Palazologi
2933 5097 3005 5153 ad
3072 5095 3398 5151 concionem
3441 5098 3690 5165 protovc-

2767 5186 2977 5244 stiarii.

2107 5320 2177 5369 At
2200 5309 2440 5368 Michael
2468 5306 2850 5375 Palenologus,
2872 5318 3120 5372 magnus
3142 5305 3284 5355 tunc
3305 5296 3691 5355 conostaulus

2031 5404 2119 5462 vel
2151 5419 2282 5458 vere
2316 5401 2514 5455 favens
2544 5396 2629 5450 illi
2662 5395 2834 5463 cujus
2867 5391 3066 5447 uxoris
3094 5387 3455 5445 avunculum
3482 5404 3545 5442 se
3576 5403 3693 5442 me-

2032 5495 2305 5561 minerat,
2328 5495 2385 5544 et
2411 5484 2823 5542 communione
2840 5480 3073 5554 generis
3092 5480 3154 5534 in
3179 5475 3688 5549 participationem

2031 5598 2263 5656 quoque
2289 5578 2478 5649 ipsius
2501 5573 2697 5647 gloriae
2727 5588 2790 5627 se
2819 5573 3127 5626 venturum
3154 5573 3389 5639 putans,
3411 5564 3499 5619 vel
3530 5566 3686 5635 quod

2028 5653 2086 5733 et
2131 5676 2257 5745 ipse
2280 5663 2635 5725 adulationis
2667 5662 3052 5734 haudexpers
3075 5656 3427 5729 captandam
3452 5653 3693 5711 duceret
