4090 6424
388 388 495 444 483

1697 370 2007 429 GEORGII
2047 367 2514 421 PACHYMERB

3713 371 3817 424 484

387 511 581 583 ἑκείνῳ
640 509 784 565 οὕτω
832 508 923 563 καὶ
954 513 1052 577 τῆς
1107 503 1265 574 δόξης
1298 500 1573 575 οἰόμενος,
1606 496 1640 565 ἢ
1678 497 1782 569 μὴν
1816 492 1906 548 καὶ
1934 494 2043 583 θω-
2073 491 2130 560 Α
2157 493 2377 583 γοῦμεν·
2441 491 2517 583 ὡς
2572 491 2675 583 γὰρ
2736 488 2848 583 ἐκεῖ
2899 492 2962 545 τὸ
2996 494 3174 583 χρεὼν
3207 494 3500 567 ἀναγκαῖον
3537 492 3632 548 κᾶν
3664 493 3824 557 νόσος

385 604 658 663 πευτικῶς
705 600 843 673 πρὸς
892 598 984 651 τὸν
1035 594 1221 668 καιρὸν
1280 587 1703 665 ὑπερχόμενος,
1764 585 1901 657 μετὰ
1955 582 2054 650 τήν

381 695 486 743 τῶν
525 687 714 743 ἄλλων
747 672 1045 760 ἀπολογίαν
1079 682 1169 737 καὶ
1201 682 1298 748 τὴν
1349 676 1760 755 ἐμφαινομένην
1797 672 2059 728 ὑπόπτω-

386 799 466 832 σιν
541 774 1150 853 παρρησιαστικώτερον
1220 770 1359 843 πρὸς
1403 766 1531 829 τοὺς
1588 764 1792 837 λόγους
1857 759 2057 817 ἀπελο-

385 873 558 941 γεῖτο·
744 867 837 936 28]
884 888 911 915 ‹‹
967 862 1071 919 Καὶ
1128 859 1180 913 τί
1238 878 1370 913 ποτε
1427 854 1531 931 ἄρα
1592 857 1819 908 τοιαῦτα
1879 849 2063 923 λέγειν

385 940 626 1031 παρέστη
664 975 747 1008 σοι
804 954 944 1026 πρὸς
993 954 1139 1022 ἡμᾶς
1190 946 1413 1021 ἀρτίως,
1448 946 1476 999 ὁ
1508 948 1630 1005 ταῖς
1665 941 1835 1012 ἀξίαις
1898 940 2062 1014 ὑπερ·

389 1046 532 1120 ἔχων
564 1044 787 1097 καὶτῶν
819 1038 1005 1095 ἄλλων
1040 1038 1212 1113 κρίσει
1249 1033 1515 1110 βασιλείῳ
1567 1032 2010 1120 ὑπερφερόμενος
2046 1069 2061 1111 ς

385 1134 436 1188 τί
472 1132 527 1187 δέ
551 1153 635 1186 σοι
666 1131 755 1185 καὶ
801 1129 927 1203 περὶ
982 1131 1142 1200 ἡμῶν
1175 1124 1441 1194 ’ἥκουσται
1493 1123 1567 1182 ὡς
1598 1120 1839 1194 ἐγκοτεῖν
1901 1115 2059 1185 δῆθεν

388 1219 691 1275 δοκούντων
747 1216 1047 1272 διοικοῦντι
1106 1216 1174 1269 τὰ
1236 1210 1546 1288 βασιλέωςς
1605 1208 1686 1269 τίς
1746 1205 1803 1261 δέ
1862 1226 1919 1259 σε
1972 1204 2063 1258 καὶ

384 1309 685 1363 αἰτιάσαιτο
766 1304 989 1366 δικαίως
1061 1303 1133 1357 ὦν
1216 1301 1560 1376 ὀργισθέντος
1633 1300 1728 1351 τοῦ
1794 1292 2063 1371 βασιλέως

382 1392 573 1468 ξυνέϐη
651 1398 702 1450 οἱ
778 1396 1014 1463 παθεῖνς
1100 1389 1281 1453 οὐδεὶς
1341 1388 1418 1450 εἷς
1476 1388 1638 1441 τόσον
1688 1380 2063 1458 προεληλύθει

384 1487 601 1561 ἀγνοίας
634 1484 771 1541 ὥστε
803 1484 893 1539 καὶ
932 1480 1205 1557 βασιλέως
1238 1480 1406 1556 ὀργὴν
1438 1478 1649 1553 ἀγνοεῖν
1703 1474 1793 1529 καὶ
1837 1474 1937 1541 τὴν
1969 1476 2065 1526 τοῦ

384 1581 576 1649 καιροῦ
660 1576 735 1648 μὴ
819 1571 1014 1627 είδὲναι
1075 1572 1297 1643 πικρίαν
1334 1612 1351 1640 ,
1408 1567 1583 1635 ὁπόση
1642 1567 1709 1633 ἦν
1767 1562 1857 1617 καὶ
1916 1561 2066 1621 ὅπως

387 1665 625 1740 ἐφῆπται
682 1668 837 1733 πᾶσι,
898 1662 989 1716 καὶ
1052 1658 1266 1732 μᾶλλον
1326 1662 1443 1719 τοῖς
1504 1655 1896 1725 πλησιάζουσι.
1958 1657 2041 1705 Κα

390 1739 474 1815 τις
524 1754 651 1828 γὰρ,
714 1752 759 1807 εί
823 1753 896 1823 μὴ
933 1749 1125 1825 πορῥω
1168 1752 1276 1803 τῶν
1311 1746 1596 1818 ἡμετέρων
1631 1739 1819 1817 ἔτυχεν
1854 1740 1926 1793 ὣν
1960 1740 2067 1794 κάκ

2165 578 2408 653 ἐνσκήψῃ
2458 576 2551 633 κᾶν
2608 582 2723 651 μὴ,
2783 579 2956 641 οὕτως
3014 579 3241 645 ἐνταῦθα
3294 583 3355 637 τὸ
3410 584 3601 637 παθεῖν
3661 582 3828 658 ἐγγὺς

2164 673 2264 721 τοῦ
2319 671 2522 743 χρεὼν,
2584 668 2680 722 κᾶν
2742 669 2844 723 εἷεν
2884 670 2936 723 οἱ
2991 668 3193 745 λόγους
3252 666 3826 744 ὑποϐαλλόμενοικᾶν

2172 759 2246 829 μή
2307 757 2429 813 εἶεν.
2477 759 2571 811 Καὶ
2623 757 2685 811 τὸ
2739 757 3063 831 τεταγμένον
3119 760 3205 815 ὑπ’
3264 759 3421 833 ἄλλῳ
3478 762 3567 816 καὶ
3627 760 3828 817 δοῦλον

2167 842 2296 900 ὄντα
2352 844 2476 899 ὅσον
2507 846 2582 907 εἷς
2642 845 2823 915 λύπην
2881 849 3070 902 παθεῖν
3130 845 3375 920 δικαίως,
3431 854 3689 906 τοσοῦτον
3749 852 3831 914 εἷς

2170 934 2511 1008 παραμυθίαν
2565 937 2625 989 τὸ
2685 932 2885 997 ἀδίκως
2931 933 3029 990 κᾶν
3078 938 3145 991 τὰ
3190 938 3420 1012 μέγιστα
3455 939 3663 1014 πάσχοι
3728 961 3836 996 πα-

2169 1026 2300 1079 θεῖν.
2363 1028 2473 1077 Ποῦ
2529 1022 2706 1077 τοίνυν
2763 1024 2951 1092 καιρὸς
3010 1028 3117 1077 τῶν
3170 1025 3433 1079 τοιούτων
3488 1029 3624 1098 ἡμῖν
3655 1026 3834 1089 οὕτως

2170 1112 2360 1187 ἔχουσι
2439 1116 2546 1166 τῶν
2633 1113 2970 1187 πραγμάτων
3052 1120 3393 1186 μεμνῆσθαι,
3480 1114 3569 1169 καὶ
3656 1113 3835 1189 μηδὲν

2170 1209 2449 1275 προσῆκον
2523 1202 2647 1273 ὑμῖν
2724 1199 2977 1275 ἔγκλημα
3047 1202 3412 1275 περιάπτειν;
3471 1204 3532 1258 τὸ
3583 1202 3629 1258 δ’
3690 1205 3840 1277 ὑμᾶς

2170 1292 2317 1366 παρὰ
2370 1294 2468 1345 τοῦ
2531 1287 2798 1364 βασιλέως
2854 1296 3113 1363 τιμᾶσθαι
3164 1297 3281 1355 τοῖς
3314 1292 3553 1364 μείζοσιν
3584 1293 3837 1366 ἀξιώμα-

2173 1400 2253 1434 σιν
2314 1378 2376 1434 οὐ
2442 1378 2660 1450 θέλημα
2720 1377 2885 1449 μόνον
2940 1380 3006 1447 ἦν
3071 1378 3340 1453 βασιλέως
3371 1381 3461 1436 καὶ
3490 1381 3678 1456 σχέσις
3704 1384 3837 1456 περί

2176 1470 2314 1542 ὑμᾶς
2374 1467 2597 1543 ἄκαιρος
2651 1470 2740 1523 καὶ
2800 1472 2947 1545 ὁρμή
3010 1491 3092 1532 τις
3152 1469 3358 1547 ἄλογός
3386 1494 3445 1527 τε
3474 1473 3563 1527 καὶ
3599 1474 3834 1548 περιττή

2173 1558 2445 1631 (μαίνοιτο
2497 1558 2559 1613 ἃν
2614 1580 2698 1622 τις
2756 1558 2805 1613 εἴ
2834 1556 3008 1621 οὕτως
3055 1560 3389 1634 ὑπονοοῖτο)·
3424 1560 3570 1617 ἀλλᾶ
3598 1563 3666 1617 τά
3702 1564 3835 1635 ὑμῖν

2174 1648 2446 1723 προσόντα
2474 1647 2950 1721 πλεονεκτήματα,
3008 1650 3098 1704 καὶ
3145 1652 3208 1704 τὸ
3259 1651 3390 1723 ὑπὲρ
3420 1650 3547 1713 τοὺς
3577 1649 3839 1715 πολλοὺς

2175 1736 2372 1792 εἰδέναι
2420 1740 2509 1792 καί
2560 1735 2737 1812 λέγειν
2788 1739 2878 1792 καὶ
2909 1738 3186 1813 πράττειν,
3244 1741 3329 1795 καῖ
3365 1742 3399 1809 ἡ
3450 1743 3587 1815 πρὸς
3624 1741 3837 1796 ἐκεῖνον

387 1824 974 1918 γένουςόιλλοδαπόω
1012 1824 1185 1907 Πλὴν
1246 1838 1360 1891 ἐπεὶ
1420 1829 1703 1907 ξυμϐαίνει
1762 1828 2061 1892 δολοῦσθαι
2098 1859 2143 1923 Β
2175 1824 2375 1889 ἄδολος
2432 1826 2613 1888 πίστις
2659 1827 2749 1881 καὶ
2800 1829 3046 1904 καθαρά,
3104 1831 3193 1883 καὶ
3248 1832 3311 1884 τὸ
3366 1834 3475 1885 τῶν
3539 1830 3838 1905 βασιλείων

387 1930 573 2002 ὅρκοις
627 1930 716 1984 καὶ
772 1930 1061 1999 συνθήκαις
1102 1928 1191 1981 ἐπὶ
1241 1925 1420 1980 πίστει
1463 1919 1924 1995 συνισχημὲνους,
1976 1918 2068 1972 οὑ⁶

392 2017 475 2073 δὲν
538 2018 758 2078 ἀπεικὸς
814 2017 903 2072 καὶ
968 2016 1197 2089 πάσχειν
1258 2014 1531 2081 ἀνήκεστα
1590 2007 1784 2063 δοκοῦν
1846 2006 2061 2077 ἐκείνῳ,

392 2106 488 2162 κᾶν
572 2106 766 2180 μηδεὶς
835 2104 1104 2176 ἐποτρύνῃ
1176 2102 1492 2177 ἐπηρεάζων
1567 2103 1649 2170 τῷ
1726 2094 2061 2168 πεισομένῳ⁶

398 2200 577 2255 ’Ὀπου
628 2197 806 2251 τοίνυν
862 2202 963 2264 τῆς
1024 2193 1195 2254 αἰτίας
1249 2192 1341 2246 καὶ
1382 2192 1411 2245 ὁ
1470 2188 1667 2264 δράσας
1700 2188 1916 2265 ἀφεῖται
1944 2190 2063 2245 τοῖς

393 2287 462 2341 τά
518 2293 618 2355 τῆς
674 2285 977 2359 μοναρχίας
1023 2282 1405 2355 ἐπισταμένοις
1466 2277 1598 2349 ἴδια,
1648 2276 1832 2353 σχολῇ
1890 2276 1942 2348 γ’
2001 2272 2060 2327 ἂν

397 2373 570 2447 ἀλῷεν
616 2372 780 2428 ἄλλοι
827 2377 1180 2447 συκοφαντεῖν
1234 2368 1627 2442 ὑπονοούμενοι
1673 2366 1763 2422 καὶ
1818 2365 2061 2436 ἐξάπτειν

394 2465 461 2518 τά
513 2470 613 2534 τῆς
672 2464 860 2537 ὀργῆς.
922 2462 1116 2537 Γὲγονε
1170 2464 1339 2515 ταῦτα
1393 2458 1486 2513 καὶ
1545 2453 1819 2531 παρῆλθε,
1877 2452 1966 2509 καὶ
1996 2451 2060 2537 τθ

393 2552 518 2625 περὶ
564 2552 831 2607 τοιούτων
883 2552 1084 2626 ἀρτίως
1143 2547 1389 2620 διεξιέναι
1440 2549 1634 2619 ὅμοιον
1688 2544 1868 2616 ὥσπερ
1922 2540 1981 2597 ἂν
2016 2536 2060 2597 εἶ

395 2642 521 2716 περὶ
550 2645 751 2716 νεκρῶν
813 2639 963 2701 ὅπως
1022 2639 1263 2703 ἐντεῦθεν
1322 2634 1572 2706 ἀπῆλθον
1628 2632 2059 2708 ἐπολυπραγμο-

400 2821 769 2878 occasionem
803 2820 1152 2877 insinuandi
1184 2834 1246 2875 se
1274 2819 1334 2873 in
1366 2817 1617 2889 gratiam
1637 2820 1777 2869 tunc
1809 2810 2061 2884 praepol-

397 2909 667 2979 lentium,
700 2914 835 2981 post
877 2925 976 2965 eas
1010 2924 1155 2978 quas
1186 2906 1581 2960 indicavimus
1642 2901 2058 2974 responsiones

401 2996 650 3053 aliorum
682 3003 742 3051 et
790 2996 1183 3067 signiﬁcatam
1234 2994 1715 3057 submissionem,
1762 2990 1943 3045 altius
2001 2990 2059 3044 et

400 3086 571 3157 quasi
608 3086 851 3140 liberius
882 3100 1081 3140 vocem
1115 3083 1353 3151 tollens,
1386 3083 1473 3138 sic
1504 3083 1577 3135 ad
1607 3080 1949 3135 concionem
1974 3094 2060 3133 re-

400 3174 674 3244 spondit:
698 3195 725 3223 «
752 3174 859 3239 Qui
889 3172 998 3228 tibi
1020 3172 1281 3237 tandem,
1296 3189 1320 3220 ι
1345 3169 1642 3240 inquiens,
1674 3169 1782 3223 «in
1799 3172 2056 3222 mentem

396 3263 559 3317 venit
589 3262 741 3317 hanc
772 3278 951 3333 quam
1004 3263 1178 3316 modo
1211 3257 1545 3331 explicuisti
1576 3258 1647 3312 ad
1698 3274 1805 3312 nos
1836 3254 2059 3311 oratio-

400 3369 535 3407 nem
569 3351 783 3408 habere
806 3351 833 3405 ‘?
862 3350 1043 3415 Quasi
1092 3366 1207 3404 non
1242 3347 1468 3403 meritis
1501 3350 1558 3402 et
1588 3345 1872 3417 dignitate
1902 3362 2054 3417 prae-

399 3440 663 3496 emineas
706 3439 933 3510 judicio
985 3437 1351 3509 imperatoris
1401 3435 1748 3507 praepositus
1796 3434 2049 3489 cunctis.

398 3529 534 3593 Quae
580 3545 751 3599 porro
800 3544 905 3582 nos
960 3526 1115 3597 apud
1163 3530 1219 3579 te
1261 3525 1409 3579 falsa
1459 3524 1762 3577 infamavit
1813 3522 2052 3591 delatio,

398 3622 686 3687 tanquam
739 3615 841 3685 qui
873 3616 1208 3670 videremur
1253 3613 1303 3668 ei
1336 3629 1466 3668 esse
1495 3611 1710 3667 infensi
1761 3610 1862 3681 qui
1894 3610 2049 3665 vices

397 3703 771 3774 imperatoris
801 3702 1067 3774 gereret?
1098 3702 1238 3767 Quis
1261 3707 1458 3756 autem
1492 3700 1594 3755 tibi
1619 3702 1781 3768 juste
1812 3700 2049 3771 culpam

395 3793 651 3864 imputet
680 3808 883 3848 eorum
916 3808 1045 3862 quae
1102 3791 1175 3846 ab
1206 3790 1294 3845 ira
1323 3791 1467 3845 forte
1499 3790 1713 3845 mortui
1765 3787 2050 3860 principis

397 3882 509 3951 ipsi
542 3882 660 3952 pati
694 3882 1006 3953 contigerit
1033 3880 1061 3935 ?
1090 3880 1272 3935 Nemo
1304 3885 1423 3935 tam
1446 3879 1690 3951 ignarus
1714 3894 1911 3934 rerum
1938 3884 2049 3945 est,

396 3969 485 4025 cui
531 3974 671 4025 nota
702 3972 818 4024 no‘n
852 3969 930 4025 sit
979 3973 1193 4024 natura
1231 3969 1358 4037 ejus
1392 3968 1493 4039 qui
1543 3967 1709 4038 prius
1742 3966 2051 4038 imperavit

393 4057 752 4114 iracundior.
786 4059 928 4122 Quis
959 4058 1137 4113 etiam
1170 4058 1399 4128 ignoret
1430 4061 1645 4126 quanta
1677 4056 1855 4110 fuerit
1883 4072 2048 4109 acer-

395 4146 544 4203 bitas
575 4146 863 4218 temporis
913 4147 1094 4214 illius,
1130 4163 1255 4218 qua
1286 4147 1343 4200 in
1396 4162 1602 4201 omnes
1633 4149 1904 4216 grassata
1934 4148 2046 4211 est,

391 4239 449 4292 et
481 4237 671 4307 magis
703 4237 761 4291 in
798 4236 1248 4307 prOpinquiores
1270 4235 1295 4289 ?
1316 4236 1417 4291 50
1439 4234 1615 4289 Plane
1637 4232 1817 4303 hujus
1848 4248 2050 4303 expers

392 4325 503 4379 fuit
533 4326 650 4381 fere
683 4341 882 4391 nemo,
915 4324 1029 4379 nisi
1084 4325 1231 4379 forte
1262 4322 1699 4377 remotissimus
1729 4339 1759 4376 a
1792 4321 1961 4377 nobis
1993 4325 2051 4377 et

400 4419 534 4467 ortu
562 4412 1041 4468 exterus.Verum
1075 4412 1147 4466 ab
1178 4427 1243 4466 eo
1276 4410 1370 4465 cui
1402 4410 1571 4465 ﬁdem
1605 4415 1970 4465 sacramento
1992 4414 2049 4466 et

394 4501 581 4571 pactis
624 4503 928 4555 conventis
970 4500 1288 4570 obligatam
1321 4504 1385 4554 ut
1434 4497 1685 4570 principi
1733 4498 2044 4583 habemus,

2171 1917 2510 1991 πραγμάτων
2576 1917 2919 1990 ὑπερπονεῖν,
2977 1916 3067 1971 καὶ
3122 1917 3305 1974 τᾶλλα
3352 1922 3435 1983 οἷς
3467 1918 3525 1974 ἃν
3560 1921 3587 1973 ὁ
3615 1919 3841 1989 ἀληθὴς

2174 2005 2310 2079 ἀνὴρ
2361 2004 2678 2076 σεμνύνοιτο
2724 2003 2981 2075 τοιαύτην
3033 2004 3176 2081 ἔχων
3237 2008 3558 2063 κατάστασιν
3589 2055 3604 2079 ,
3662 2009 3840 2064 ταῦτα

2171 2095 2271 2162 τὴν
2307 2092 2577 2167 βασιλέως
2610 2090 2785 2148 ἔπειθε
2831 2096 3058 2168 γνώμην
3116 2094 3302 2152 καλῶς
3364 2093 3511 2173 ἔχειν
3569 2098 3698 2171 ὑμῖν
3740 2099 3839 2153 καὶ

2170 2186 2333 2253 τιμᾷν
2393 2186 2511 2243 τοῖς
2568 2184 2931 2256 προσήκουσι.
2989 2184 3056 2241 Τί
3116 2183 3173 2239 δὲ
3213 2188 3357 2260 παρὰ
3413 2192 3576 2242 τοῦτο
3628 2186 3717 2242 καί
3744 2208 3836 2249 τις

2171 2266 2431 2340 ἠδίκηται
2462 2290 2475 2339 ;
2532 2267 2715 2346 ὥσπερ
2777 2271 2835 2325 ἂν
2896 2273 2999 2328 οὐκ
3029 2270 3217 2336 ἄλλως
3247 2276 3313 2343 ἦν
3346 2275 3474 2340 τοὺς
3502 2274 3707 2337 ἄλλους
3736 2296 3835 2330 τι·-

2176 2363 2398 2430 μᾶσθαι,
2460 2358 2505 2411 εἷ
2569 2358 2644 2430 μὴ
2695 2357 2746 2411 ἐν
2801 2358 3003 2433 ἐσχάτῃ
3039 2359 3182 2429 τάξει
3218 2362 3373 2433 ὑμεῖς
3431 2363 3731 2425 τάττοισθε.
3767 2361 3837 2418 Εἰ

2175 2448 2269 2519 μὶν
2327 2446 2427 2522 γὰρ
2490 2445 2661 2508 οὕτως
2712 2450 2777 2516 ἦν
2836 2449 2900 2503 τὸ
2929 2447 3056 2512 τοὺς
3104 2448 3309 2513 ἄλλους
3362 2458 3622 2523 τιμᾶσθαι
3649 2450 3708 2505 ἐκ
3733 2455 3837 2505 τοῦ

2172 2538 2313 2609 ὑμᾶς
2368 2538 2733 2610 παρορᾶσθαι,
2789 2536 2973 2601 καλῶς
3026 2536 3084 2591 ἃν
3145 2538 3289 2614 εἶχεν
3353 2541 3493 2611 ὑμᾶς
3550 2538 3602 2594 ἐν
3656 2539 3839 2602 αἰτίας

2168 2627 2321 2681 εἶναι’
2385 2624 2501 2681 ἐπεὶ
2559 2623 2617 2679 δὲ
2671 2625 2737 2693 ἦν
2799 2628 2911 2700 ἅμα
2961 2626 3051 2681 καὶ
3105 2627 3242 2697 ὑμᾶς
3291 2630 3550 2701 τιμᾶσθαι
3590 2628 3837 2692 καὶτοῖς

2168 2808 2287 2863 sive
2318 2807 2590 2863 adforent
2647 2806 2771 2861 sive
2820 2806 3087 2862 deforent
3117 2805 3364 2878 maligni
3423 2811 3831 2879 suggestores.

2167 2897 2450 2951 Caeterum
2483 2894 2707 2950 homini
2741 2895 2852 2950 sub
2884 2893 3078 2950 aliena
3102 2899 3397 2967 potestate
3429 2896 3755 2953 constituto
3776 2902 3838 2953 et

2166 3002 2285 3040 suae
2313 2983 2913 3055 conditione:fortunae
2938 2985 3267 3056 mancipato
3282 2985 3545 3040 servituti
3564 2986 3832 3057 supremi

2166 3073 2410 3141 domini,
2439 3076 2730 3144 quantum
2762 3071 3025 3127 dolorem
3048 3073 3211 3144 angit
3232 3073 3441 3129 inflicti
3471 3075 3608 3129 mali
3636 3076 3828 3146 culpas

2167 3164 2546 3231 conscientia,
2580 3180 2698 3234 qua
2728 3178 2790 3218 se
2820 3163 2877 3217 id
2903 3164 3067 3233 juste
3098 3164 3484 3236 promeritum
3528 3165 3819 3234 agnoscit,

2166 3258 2397 3309 tantum
2423 3253 2493 3308 ad
2527 3251 2983 3307 consolationem
3005 3253 3163 3307 valet
3185 3253 3363 3309 etiam
3392 3253 3642 3326 pessime
3666 3252 3821 3306 mul-

2168 3344 2302 3397 tatis
2333 3341 2688 3408 innocentia,
2715 3341 2884 3412 cujus
2918 3342 3028 3412 ipsi
3061 3346 3208 3397 teste
3242 3342 3353 3396 sibi
3380 3347 3543 3408 sunt,
3574 3345 3629 3396 et
3660 3344 3822 3395 certa

2163 3433 2301 3487 inde
2325 3436 2460 3486 nata
2477 3428 2778 3502 persuasio
2802 3446 2929 3485 sese
2951 3429 3171 3501 injuste
3195 3431 3310 3500 pati
3338 3448 3467 3502 quis
3495 3431 3821 3502 perferunt.

2163 3520 2309 3584 Quid
2344 3536 2481 3589 ergo
2514 3517 2718 3590 utique
2750 3519 2921 3574 nobis
2953 3524 3120 3574 vacat
3150 3519 3260 3575 hoc
3293 3519 3631 3590 reipublicae
3659 3523 3822 3574 statu

2163 3609 2453 3680 ejusmodi
2477 3612 2909 3664 transactarum
2936 3608 3060 3679 jam
3094 3625 3288 3664 rerum
3321 3612 3379 3663 et
3400 3608 3800 3664 oblitteranda

2161 3716 2291 3754 rum
2327 3698 2688 3764 meminisse,
2738 3698 3083 3768 crimenque
3112 3698 3276 3753 vobis
3325 3697 3607 3769 afﬁngere
3638 3716 3669 3752 a
3704 3714 3823 3769 quo

2160 3790 2301 3844 estis
2334 3786 2679 3842 alienissimi
2714 3788 2736 3839 Ρ
2764 3786 2909 3841 Nam
2937 3786 3091 3857 quod
3126 3787 3199 3841 ab
3232 3786 3584 3857 imperatore
3616 3786 3821 3859 digni-

2162 3878 2381 3934 tatibus
2395 3876 2541 3932 estis
2554 3875 2941 3947 amplissimis
2956 3876 3168 3943 ornati,
3187 3892 3300 3931 non
3318 3876 3373 3929 id
3395 3876 3818 3947 imputandum

2160 3966 2352 4021 solum
2369 3964 2567 4037 gratiae
2590 3969 2646 4019 et
2665 3963 2944 4019 benevolo
2958 3964 3015 4018 in
3032 3981 3133 4020 vos
3146 3964 3345 4020 studio
3364 3964 3609 4019 faventis
3623 3967 3820 4036 Angu-

2160 4056 2255 4123 sti,
2286 4054 2456 4127 quasi
2483 4052 2533 4110 is
2558 4053 2738 4109 intem
2749 4052 2970 4125 pestivo
2985 4054 3045 4109 in
3061 4070 3161 4109 vos
3179 4054 3276 4108 ind
3289 4052 3495 4125 uigens
3511 4053 3743 4109 aﬂ‘ectui
3762 4058 3822 4109 et

2158 4146 2445 4216 impetum
2479 4144 2705 4197 ratione
2735 4148 3032 4197 carentem
3068 4143 3320 4197 nimium
3355 4157 3612 4213 sequens
3643 4141 3699 4195 id
3738 4142 3819 4197 fe-

2160 4232 2432 4289 cerit.5l
2472 4230 3008 4301 Insaniatprofecto
3046 4229 3245 4301 quisic
3280 4230 3515 4284 sentiat.
3544 4228 3650 4283 Sed
3688 4244 3822 4299 qua)

2159 4322 2364 4377 insunt
2383 4320 2548 4375 vobis
2568 4318 2816 4385 eximiae,
2842 4318 3060 4388 quibus
3084 4335 3264 4390 supra
3286 4318 3509 4373 caeteris
3526 4316 3817 4373 excellitis

2158 4408 2608 4481 dotes,facultas
2634 4406 3821 4479 intelligendi,loquendietagendimelius

2160 4516 2337 4570 quam
2372 4496 2658 4569 plerique,
2692 4496 2920 4551 sincera
2948 4496 3007 4551 in
3041 4495 3210 4551 illum
3256 4512 3322 4551 ac
3358 4495 3473 4551 inci
3506 4510 3711 4566 expers
3748 4495 3823 4549 ﬁ-

392 4589 571 4645 etiam
631 4588 1034 4644 intolerabilia
1085 4588 1326 4643 ferenda
1379 4592 1538 4658 sunt,
1573 4587 1623 4643 si
1675 4587 1727 4643 ei
1784 4582 2044 4658 libuerit,
2083 4590 2126 4654 D
2158 4590 2280 4655 des,
2305 4587 2614 4643 laboresin
2634 4582 3735 4656 administrationereipublicaeassidui
3763 4588 3823 4638 et

393 4683 696 4750 utcunque
745 4694 917 4733 nemo
949 4694 1084 4733 eum
1143 4676 1411 4749 impellat
1433 4682 1536 4733 aut
1566 4676 1842 4749 malignis
1892 4678 2045 4733 dela-

390 4768 656 4824 tionibus
687 4768 883 4823 irritet
912 4767 971 4822 in
1028 4767 1336 4835 miserum,
1371 4766 1465 4821 cui
1497 4770 1586 4821 est
1615 4766 1904 4823 infensus.
1940 4766 2047 4822 Ubi

391 4873 529 4928 ergo
563 4857 690 4928 ipse
727 4857 829 4928 qui
863 4857 1064 4912 nocuit
1093 4855 1322 4926 injuriae
1371 4853 1714 4924 absolvitur,
1740 4855 1875 4925 jure
1916 4871 2049 4926 pro-

392 4950 518 5017 prio
546 4948 707 5019 regni
744 4946 972 5002 cunctis
1005 4952 1163 5016 noto,
1197 4946 1450 5001 otiosum
1481 4961 1623 5000 sane
1653 4945 1833 4999 fuerit
1863 4946 2049 5001 inces-

391 5052 519 5091 sere
550 5034 696 5091 alios
718 5035 1162 5106 suspicionibus
1184 5033 1688 5089 calumniosarum
1716 5034 2046 5105 suggestio-

394 5140 560 5188 num,
590 5123 808 5193 quibus
838 5124 985 5178 iram
1014 5123 1285 5179 videlicet
1332 5123 1501 5195 quasi
1532 5139 1647 5177 non
1681 5138 1784 5192 per
1811 5139 1873 5178 se
1903 5123 2047 5179 satis

393 5212 699 5267 ardentem
732 5212 1124 5269 accenderint.
1151 5212 1414 5268 Fuerunt
1444 5212 1584 5276 haec,
1607 5215 1663 5266 et
1682 5211 2048 5268 transierunt

388 5308 447 5356 et
479 5301 538 5355 in
570 5301 664 5355 his
696 5303 868 5357 modo
903 5318 1175 5357 sermone
1207 5302 1596 5357 retractandis
1627 5300 1932 5357 immorari
1964 5302 2046 5357 si-

390 5389 527 5443 mile
559 5389 735 5444 fuerit
765 5406 830 5444 ac
863 5392 912 5444 si
946 5392 1016 5444 de
1062 5390 1315 5445 mortuis
1346 5406 1450 5445 cur
1480 5390 1845 5445 decesserint
1876 5394 2048 5447 anxia

391 5478 742 5534 instituatur
798 5478 1131 5548 inquisitio.
1167 5477 1241 5533 Ut
1298 5480 1450 5533 enim
1500 5478 1580 5533 ibi
1615 5478 1812 5534 fatalis
1843 5495 2046 5536 neces-

387 5569 553 5636 sitas,
614 5567 736 5622 sive
768 5568 1011 5622 morbus
1072 5565 1360 5636 ingruerit
1411 5566 1673 5622 sonticus
1731 5567 1852 5623 sive
1906 5585 2047 5635 non,

386 5672 630 5715 causam
690 5655 960 5726 absolvit,
991 5654 1077 5711 ita
1107 5658 1165 5710 et
1221 5654 1344 5709 haec
1374 5671 1482 5712 nos
1509 5655 1633 5726 pati
1666 5655 1852 5714 fatum
1913 5658 2044 5731 fuit,

2160 4677 2375 4748 magni,
2398 4678 2885 4745 caeteraque,qua3
2904 4690 3207 4729 summum
3228 4673 3358 4744 ejus
3377 4673 3601 4728 ordinis
3622 4670 3819 4727 virum

2157 4766 2245 4822 vel
2266 4765 2519 4820 maxime
2541 4762 3403 4835 commendent,imperatorem
3430 4761 3488 4816 in
3513 4761 3686 4816 istam
3711 4777 3821 4817 vos

2159 4853 2537 4927 promovendi
2584 4856 2640 4907 et
2670 4856 2735 4906 ut
2772 4868 2879 4923 par
2908 4857 3035 4907 erat
3081 4851 3411 4907 honorandi
3458 4849 3819 4906 sententiam

2159 4947 2480 4999 traxerunt.
2506 4941 2651 5007 Quid
2673 4940 3019 5007 autemhoc,
3043 4957 3267 5011 quaso,
3287 4940 3560 5009 cuiquam
3588 4938 3823 4994 nocuit?

2159 5033 2337 5100 Quasi
2368 5047 2501 5086 vero
2534 5047 2650 5086 non
2684 5029 2855 5084 aliter
2885 5029 3184 5102 potuerint
3233 5028 3332 5084 alii
3365 5029 3663 5093 honorari,
3696 5027 3820 5083 nisi

2157 5138 2259 5177 vos
2293 5121 2351 5175 in
2385 5123 2603 5175 sortem
2632 5118 2907 5173 ultimam
2941 5117 3427 5174 detruderemini.
3465 5117 3607 5173 Nam
3642 5132 3817 5186 sane,

2158 5211 2205 5266 si
2233 5211 2315 5265 ita
2348 5226 2439 5265 res
2470 5209 2711 5263 haberet
2742 5210 2806 5262 ut
2829 5206 2963 5263 aliis
2996 5212 3268 5280 speratus
3294 5211 3603 5279 optatusve
3627 5205 3823 5262 honor

2157 5317 2227 5357 ex
2255 5298 2429 5356 vestri
2456 5298 2731 5370 despectu
2767 5301 2824 5352 et
2849 5297 3226 5368 depressione
3248 5297 3549 5369 penderet,
3572 5298 3826 5367 possent

2159 5408 2292 5445 cum
2326 5387 2525 5459 aliqua
2558 5386 2751 5458 specie
2787 5388 3083 5458 imputare
3114 5386 3279 5442 vobis
3310 5385 3642 5458 neglectum
3677 5400 3830 5455 pro-

2159 5481 2378 5553 prium,
2403 5477 2502 5549 qui
2522 5492 2583 5532 se
2609 5476 2937 5549 prasteritos
2961 5480 3311 5547 queruntur.
3337 5477 3482 5531 Cum
3510 5490 3644 5529 vero
3668 5473 3827 5528 nihil

2160 5567 2526 5641 prohibuerit
2558 5565 2880 5637 quominus
2926 5570 2984 5621 et
3012 5583 3116 5622 vos
3162 5564 3551 5632 ornaremini,
3584 5567 3643 5618 et
3682 5562 3824 5619 aliis

2160 5655 2559 5731 contingerint
2584 5654 2803 5711 meritae
2836 5659 2939 5711 aut
2960 5654 3284 5727 concupita;
3306 5654 3645 5727 dignitates,
3678 5668 3822 5709 cum
