4090 6412
248 390 369 444 485

1334 394 1430 447 DE
1469 392 1842 447 MICHAELE
1879 390 2309 447 PALEOLOGO
2346 394 2479 447 LIB.
2525 397 2569 446 Ῑ.

3572 402 3677 455 486

218 513 429 577 ἄλλοις
458 512 614 569 οὐδὲν
655 516 817 584 ἦττον
848 515 918 569 τά
944 518 1051 569 τῶν
1086 514 1405 588 ἀξιωμάτων
1440 516 1517 577 ὡς
1548 515 1692 577 εἰκὸς
1719 534 1889 588 προσ-
1927 513 1979 581 Α
2013 509 2069 565 δὲ
2121 514 2319 575 πάντες
2379 514 2681 571 ἐπιτάττειν
2733 516 2963 592 ἔχομεν’
3025 520 3259 598 ἄναρχον
3320 525 3425 599 γὰρ
3482 527 3545 580 τὸ
3575 548 3679 580 πο-

218 603 516 677 νέμεσθαι,
544 605 632 657 καὶ
692 604 822 667 τοὺς
881 604 977 677 μὶν
1022 604 1089 658 τὰ
1120 604 1292 658 οἰκεῖα
1318 600 1487 679 ἔχειν,
1524 607 1604 677 [Ρ.
1640 607 1728 676 29]
1774 602 1905 702 τοὺς

221 691 288 748 δὲ
337 692 430 747 καὶ
509 687 807 765 λαμϐάνειν
886 694 1033 768 παρὰ
1084 692 1351 769 βασιλέως
1403 694 1469 747 τὰ
1520 693 1669 771 σφίσι
1727 687 1907 769 προσ;

219 785 458 854 ήκοντα,
520 786 626 835 ποῦ
685 779 914 854 δίκαιον,
946 782 991 836 εἰ
1046 784 1121 856 μὴ
1180 784 1244 851 ἦν
1279 780 1444 860 ἄμφω
1493 783 1583 837 καὶ
1615 782 1905 862 ἐνεχώρει,

221 871 376 927 οὕτω
441 868 635 925 δοκοῦν
696 871 931 945 βασιλεῖ,
991 872 1143 945 ὅμως
1204 873 1365 946 ὑμᾶς,
1429 870 1602 945 δεξιάς
1633 871 1908 944 πειρωμέ-

220 980 363 1020 νους
440 965 542 1028 τῆς
610 959 820 1032 τύχης,
874 958 1080 1020 αἰτίους
1135 966 1233 1028 τῆς
1293 957 1512 1014 ἐκείνων
1573 957 1906 1034 δυσπραγίας

222 1049 509 1121 κρίνεσθαι
544 1068 559 1116 ;
624 1051 824 1101 παῦσαι
855 1048 1037 1101 τοίνυν
1100 1047 1385 1109 τοιούτους
1421 1047 1729 1122 λογισμοὺς
1757 1045 1911 1120 στρέ-

223 1159 344 1214 φων
373 1136 430 1190 ἐν
459 1140 529 1208 τῇ
572 1138 750 1209 ψυχῇ,
785 1133 837 1206 ἐξ
873 1136 944 1189 ὧν
1008 1131 1295 1208 συμϐαίνει
1354 1136 1453 1190 οὒκ
1504 1134 1665 1209 ὀλίγα
1714 1134 1909 1189 λυπεῖ-

230 1228 361 1280 σθαι
410 1225 499 1279 καὶ
529 1224 660 1286 τοὺς
690 1224 1012 1293 ἀκούοντας,
1073 1226 1148 1287 ὡς
1208 1224 1375 1301 ἔγωγε
1406 1223 1595 1280 πολλὰ
1626 1228 1684 1279 ἃν
1719 1224 1908 1296 εἷπεῖν,

226 1312 379 1388 ἔχων
432 1312 556 1387 περὶ
583 1312 851 1367 τοιούτων
902 1308 953 1367 ἔν
1000 1313 1092 1367 καὶ
1128 1312 1295 1384 μόνον
1331 1312 1459 1387 έρω,
1511 1313 1585 1374 ὡς
1619 1310 1769 1387 εἶ’πιρ
1827 1311 1895 1366 ἐπ

233 1399 567 1470 ἀλλοδαπῆς
598 1402 696 1469 ἦτε
718 1406 961 1456 τοιοῦτοι
993 1398 1167 1468 ὄντες,
1199 1400 1387 1457 πολλά
1442 1401 1502 1455 ἂν
1555 1401 1818 1473 εὐξαίμην
1852 1398 1911 1455 ἂν

232 1490 287 1545 ἐν
348 1490 561 1565 ἀκαρεῖ,
622 1488 773 1563 εἶ’περ
832 1491 959 1545 οἷόν
1018 1512 1098 1560 τε,
1130 1495 1251 1553 τοῖς
1298 1492 1612 1564 ἡμετέροις,
1640 1488 1789 1544 οὕτω
1821 1500 1916 1554 καὶ

238 1576 461 1651 μᾶλλον
512 1576 755 1653 ἔχουσιν,
818 1578 1127 1647 ἐπιστῆναι,
1182 1580 1216 1648 ἢ
1250 1576 1375 1633 ἀλλ’
1410 1582 1558 1651 ἡμᾶς
1592 1578 1787 1639 αὐτοὺς
1821 1574 1916 1631 καὶ

236 1670 497 1743 χρήμασι
560 1668 651 1723 καὶ
698 1667 922 1739 τρόποις
981 1667 1191 1743 ἑτέροις
1252 1674 1426 1737 ζητεῖν
1490 1670 1592 1736 τήν
1657 1668 1919 1755 ὑμετέραν

239 1758 381 1828 πρὸς
440 1759 591 1831 ἡμᾶς
650 1759 848 1834 ἄφιξιν,
881 1760 971 1811 καὶ
1003 1758 1186 1827 ἀξιοῦν
1220 1756 1540 1819 ἐπιστάντας
1574 1761 1681 1811 τῶν
1723 1757 1921 1829 δμετέ,

2012 600 2281 677 λύαρχον.
2343 604 2497 659 Ἐπεὶ
2559 602 2604 658 δ’
2666 602 2759 660 ἕνα
2819 609 3078 684 προέχειν
3138 614 3272 684 μετά
3323 613 3547 688 βασιλέα
3574 621 3681 670 τῶν

2011 691 2312 765 ἀναγκαίων
2353 692 2492 761 ἐστι,
2553 695 2636 757 τίς
2697 694 2871 759 ἅΛλος
2902 701 2991 753 καὶ
3022 702 3320 777 προάρχειν
3350 701 3493 775 ἄξιος
3524 703 3569 759 εἰ
3602 707 3679 777 μή

2013 781 2040 832 ὁ
2092 787 2211 842 ταῖς
2266 782 2446 852 ἀξίαις
2499 784 2942 860 ὑπερφερόμενος
2986 809 2998 856 ;
3058 791 3133 845 Τὸ
3188 795 3315 866 γοῦν
3371 790 3502 864 ἐμὸν
3555 792 3679 849 ὅσον

2012 872 2078 938 ἦν
2111 869 2305 938 εἷ’-πεῖν,
2342 870 2574 946 εἷ’ρηταί’
2612 872 2723 945 ὅτῳ
2789 873 2835 929 δ’
2883 877 3078 952 ἑτέρως
3133 878 3303 949 δοκεῖ,
3354 882 3522 936 καλὸν
3555 881 3683 955 ἐξει,

2011 964 2130 1013 πεῖν
2189 960 2349 1021 τέωςο
2412 961 2473 1014 ού
2525 962 2625 1036 γὰρ
2682 960 2800 1025 δέος
2854 965 3115 1038 κωλύσει,
3172 970 3262 1022 καὶ
3316 969 3677 1043 ἀκονσόμεθα,

2012 1050 2071 1102 ἂν
2106 1046 2292 1112 ἄλλως
2315 1048 2449 1111 τέως
2500 1048 2615 1125 ἔχει
2644 1073 2727 1113 τις
2776 1051 2978 1127 λέγειν.
3040 1054 3213 1111 Ἀλλά
3246 1056 3386 1129 μηδέ
3414 1078 3533 1127 τις;
3574 1065 3683 1115 τῶν

2012 1138 2252 1205 πάντων,
2285 1138 2359 1199 ὡς
2392 1137 2450 1192 ἐκ
2479 1144 2586 1193 τῶν
2634 1144 2970 1215 πραγμάτων
3014 1139 3125 1198 ἔστι
3189 1148 3500 1218 μανθάνειν,
3540 1148 3686 1220 μᾶλ-

2016 1224 2112 1280 λον
2147 1225 2204 1280 δὲ
2234 1227 2324 1280 καὶ
2374 1227 2423 1298 ἐξ
2474 1228 2548 1283 ὧν
2608 1229 2792 1284 ἀκούω
2848 1229 3150 1305 λεγόντων,
3186 1234 3686 1312 ἀμφιγνωμονήσοι

2016 1318 2151 1392 πρὸς
2185 1318 2252 1371 τά
2283 1316 2575 1392 λεγόμενά.
2612 1324 2846 1376 »Ταῦτα
2876 1327 2974 1375 τοῦ
3011 1322 3252 1399 μεγάλου
3282 1326 3686 1381 κοντοσταύλου

2019 1404 2408 1479 διεξελθόντος,
2446 1409 2499 1461 0".
2531 1407 2583 1461 ἐν
2614 1406 2761 1463 τέλει
2806 1414 3003 1472 πάντες
3054 1413 3128 1475 ὡς
3178 1414 3281 1467 ἀπὸ
3330 1420 3455 1486 μιᾶς
3503 1416 3685 1490 ὡσπερ

2020 1497 2199 1570 ὁρμῆς
2248 1495 2336 1550 καὶ
2373 1497 2695 1571 προθέσεως,
2758 1499 2830 1560 ὡς
2889 1497 3047 1567 δῆθεν
3098 1502 3173 1573 μὴ
3229 1500 3397 1556 πλέον
3460 1498 3684 1578 ἔχοντες

2022 1583 2221 1659 λέγειν,
2292 1584 2547 1663 ἐμφανεῖς
2626 1588 2761 1655 ἦσαν
2846 1590 3215 1661 συντιθέμενοι
3272 1597 3390 1653 τοῖς
3449 1592 3682 1668 ῥηθεῖσι,

2029 1672 2242 1745 μᾶλλον
2276 1675 2370 1746 μὲν
2425 1675 2514 1728 οὖν
2570 1674 2832 1751 ὥχθησάν
2858 1697 2917 1731 τε
2945 1678 3033 1732 καὶ
3070 1679 3461 1753 βαρυνομένοις
3519 1680 3686 1753 ἐῴκε-

2027 1785 2122 1817 σαν
2168 1767 2533 1838 παραχρῆμα,
2590 1764 2636 1820 εἰ
2688 1763 2829 1820 ἄλλο
2861 1788 2914 1821 τι
2944 1767 3092 1842 παρά
3120 1768 3183 1822 τὰ
3214 1767 3477 1843 λεχθέντα
3508 1768 3683 1843 λέγειν

246 1868 359 1922 ρων
410 1842 926 1919 ἀντιλαμϐάνεσθαι.
989 1847 1063 1900 Σὺ
1126 1844 1203 1915 δὲ,
1266 1844 1449 1922 ὥσπερ
1506 1846 1564 1900 ἂν
1625 1847 1917 1922 ἀξιώτερος
1949 1879 1998 1945 Β
2032 1853 2326 1907 ὑπονοοῖτό
2356 1874 2440 1917 τις
2484 1853 2653 1908 ἐκεῖσε
2700 1856 2912 1930 παρών.
2965 1857 3126 1919 ’Όθεν
3182 1858 3272 1911 καὶ
3310 1842 3683 1935 προύλάμϐα-

242 1934 423 1996 ἄλλος
478 1938 546 2003 ῆν
599 1934 675 1997 εἷς
731 1932 1063 2007 κηδεμονίαν
1119 1934 1444 2011 βασιλικὴν,
1500 1936 1600 2003 τήν
1645 1936 1916 2007 ἡμετέραν

244 2024 516 2101 βούλησιν
563 2023 866 2096 ἀναμένεις,
897 2023 994 2086 Τίς
1049 2023 1225 2079 τοίνυν
1270 2024 1457 2087 ἱκανὸς
1518 2025 1770 2079 ἀναλύειν
1801 2027 1911 2096 ψῆ-

241 2136 344 2191 φον
404 2112 729 2189 βασίλειον;
778 2114 860 2175 τίς
921 2110 978 2167 δὲ
1029 2114 1174 2188 παρὰ
1225 2114 1284 2167 σὲ
1335 2114 1400 2168 τὸ
1458 2112 1717 2186 ἐχέγγυον
1766 2108 1911 2186 ἔχων

241 2207 526 2280 φανεῖσθαι
569 2201 657 2257 ἐπὶ
717 2201 946 2277 μεγίστῃ
1006 2202 1229 2276 τοιαύτῃ
1283 2200 1608 2277 προσεδρείᾳ
1654 2202 1745 2256 καὶ
1809 2204 1910 2277 βα-

240 2314 305 2347 σι.
344 2297 483 2354 ικοῖς
541 2291 862 2367 πράγμασι;
914 2291 976 2346 σὺ
1023 2291 1124 2365 γάρ
1172 2292 1262 2345 καὶ
1293 2297 1412 2354 ταῖς
1445 2291 1619 2362 ἀξίαις
1653 2290 1911 2366 προέχεις

239 2382 336 2437 καὶ
383 2382 592 2435 συνέσει
650 2383 726 2442 ὡς
800 2380 953 2435 οὐδὲν
1012 2380 1288 2435 ἐλλείπων
1350 2382 1683 2457 ὑπερτερεῖς.
1734 2383 1913 2456 Ἀρχε

242 2470 452 2527 τοίνυν.
512 2470 603 2524 καὶ
660 2472 879 2544 προνόει
923 2470 1016 2543 μὲν
1082 2468 1371 2543 βασιλέως,
1424 2471 1645 2545 προνόει
1708 2470 1765 2524 δὲ
1822 2471 1912 2524 καὶ

241 2568 344 2629 τῆς
374 2565 486 2614 τῶν
520 2558 811 2632 Ῥωμαίων
862 2559 1162 2634 ἡγεμονίας
1189 2558 1551 2635 πρπγμάτων.
1600 2560 1697 2614 Καὶ
1746 2562 1914 2632 ἡμεῖς

246 2650 625 2711 εὐπειθοῦντες
665 2648 925 2722 ἑψόμεθα*
996 2648 1063 2703 ού
1112 2650 1220 2723 γάρ
1254 2648 1449 2711 πάντες
1507 2648 1762 2724 ἄρξομεν,
1822 2649 1914 2703 οὐ·

252 2829 434 2885 simul
458 2828 580 2884 fieri
598 2828 872 2900 potuerit,
898 2834 964 2884 ut
984 2833 1040 2884 et
1061 2829 1098 2883 ii
1124 2829 1226 2900 qui
1247 2830 1374 2899 jam
1398 2829 1646 2885 erantin
1669 2829 1914 2885 honori-

255 2920 367 2973 bus
385 2932 665 2990 possessa
688 2922 1120 2984 conservarent,
1138 2922 1197 2973 et
1219 2919 1317 2990 qui
1337 2918 1498 2990 digni
1515 2918 1908 2974 erantnihilo-

258 3007 455 3060 minus
470 3008 606 3077 apta
627 3005 772 3076 ipsis
789 3006 861 3060 ab
878 3005 1232 3077 imperatore
1252 3006 1911 3079 acciperent,quomodo

259 3095 484 3163 justum
517 3094 597 3149 sit
628 3096 923 3149 contraria
951 3101 1008 3150 et
1040 3111 1102 3151 se
1133 3097 1381 3152 invicem
1406 3096 1777 3153 excludentia
1806 3098 1915 3153 lin-

264 3199 393 3254 gere
423 3200 553 3253 qum
580 3183 759 3238 simul
791 3200 922 3240 esse
953 3186 1306 3255 potuerunt?
1338 3187 1407 3242 Et
1439 3188 1708 3259 quojure
1731 3187 1912 3259 aliqui

262 3272 533 3344 repulsas
564 3272 613 3328 si
647 3289 796 3343 quas
835 3282 975 3328 sunt
1004 3275 1184 3344 passi,
1213 3281 1269 3329 et
1298 3277 1344 3330 si
1379 3293 1506 3346 qua
1538 3277 1685 3347 ipsis
1715 3278 1918 3333 dolent

262 3361 630 3417 exclusiones
657 3362 729 3417 ab
760 3361 1103 3433 honoribus,
1133 3364 1312 3419 favori
1348 3365 1719 3436 imperatoris
1772 3384 1907 3438 pro-

267 3468 448 3522 penso
482 3452 542 3505 in
565 3467 666 3506 vos
689 3456 747 3506 et
763 3456 963 3506 vestrae
988 3454 1231 3523 proprias
1252 3454 1495 3509 fortunze
1522 3455 1916 3526 assignandas

262 3544 489 3595 utverm
506 3556 695 3595 causae
720 3540 1110 3598 arbitrantur?
1131 3542 1338 3599 Desine
1364 3542 1544 3616 igitur
1566 3543 1711 3600 tales
1725 3545 1922 3617 suspi-

261 3627 462 3683 ciones
494 3628 693 3683 animo
723 3645 973 3700 versare,
998 3632 1239 3701 quibus,
1274 3648 1409 3686 cum
1452 3650 1550 3688 eas
1597 3633 1788 3688 verbis
1820 3650 1921 3688 ex-

263 3717 818 3789 primishauditores
850 3736 967 3774 non
1000 3720 1227 3775 modice
1248 3721 1773 3793 contristas.Atque
1798 3739 1922 3791 ego,

261 3822 396 3861 cum
429 3805 622 3861 dehis
668 3806 920 3862 habeam
980 3808 1166 3862 multa
1224 3826 1347 3879 qua:
1406 3826 1642 3881 possem
1700 3811 1919 3881 dicere,

261 3911 449 3950 unum
477 3896 648 3950 modo
666 3896 911 3951 addam:
936 3898 985 3951 si
1014 3914 1139 3964 vos,
1163 3913 1297 3952 cum
1323 3899 1470 3954 tales
1494 3899 1646 3963 sitis,
1676 3916 1920 3971 peregre

261 3983 321 4038 in
354 3983 553 4054 aliqua
582 3990 781 4040 extera
812 3986 1046 4057 regione
1074 3987 1390 4058 degcretis,
1442 3989 1596 4044 votis
1654 3994 1919 4060 optarem

262 4072 929 4130 ardentibustransferri
947 4075 1060 4129 huc
1083 4092 1181 4131 vos
1205 4075 1484 4132 divinitus
1508 4078 1605 4134 52
1630 4087 1923 4133 momento

264 4169 376 4215 tem
389 4161 614 4232 poriset
629 4163 1041 4234 gubernationi
1061 4180 1255 4220 rerum
1272 4169 1539 4221 nostraru
1552 4184 1602 4221 m
1615 4184 1751 4239 ,quo
1767 4172 1924 4223 statu

259 4254 403 4305 sunt
426 4250 622 4317 hodie,
657 4252 937 4324 praeponi,
969 4254 1189 4309 nedum
1240 4258 1303 4309 ut
1335 4255 1517 4311 moles
1566 4256 1774 4312 ferrem
1820 4274 1923 4313 vos

260 4339 729 4411 ipsosimpensis
746 4342 1056 4413 modisque
1070 4343 1475 4400 aliisvestrum
1493 4346 1604 4400 huc
1619 4347 1925 4402 adventum

258 4444 580 4500 procurare
598 4430 1434 4502 etdignaricuramdifﬁcilem
1461 4435 1794 4507 reipublicae
1818 4437 1928 4491 hoc

257 4526 535 4590 tempore
568 4525 782 4576 nostra;
817 4522 1135 4591 suscipere.
1172 4524 1258 4577 Tu
1319 4541 1452 4580 vero
1492 4526 1620 4595 jam
1680 4526 1923 4592 scilicet,

2026 1963 2112 1996 νεν
2174 1940 2345 2003 ἄλλος
2380 1940 2558 1997 ἄλλου
2592 1942 2759 2012 λεξων
2794 1944 2861 1997 τὰ
2886 1945 3022 2019 πρὸς
3051 1945 3235 2019 χάριν,
3268 1946 3358 1999 καὶ
3388 1942 3575 2016 δείξων
3608 1947 3684 2009 ὡς

2023 2032 2085 2086 τὸ
2147 2032 2235 2085 ὑπ’
2293 2030 2485 2102 ἐκείνῳ
2540 2032 2825 2094 τάττεσθαι
2880 2037 2976 2087 τιοῦ
3035 2035 3227 2109 ἄρχειτ
3276 2034 3436 2089 αὐτὸν
3478 2034 3680 2090 ἐκεῖνον

2020 2120 2144 2195 περῖ
2178 2118 2435 2183 πλείονος
2479 2119 2619 2195 ἄγοι.
2672 2122 2755 2177 Τά
2814 2119 2859 2175 δ’
2907 2125 3041 2189 ⁵ἦσαν
3097 2126 3295 2196 σκῆψις
3349 2123 3441 2178 καὶ
3465 2123 3685 2197 κόμπος

2021 2205 2231 2276 ἄλλως,
2292 2208 2366 2269 ὡς
2422 2206 2607 2278 ἔδειξε.
2639 2208 2777 2265 Τότε
2833 2213 2964 2283 γοῦν
3022 2214 3119 2264 τοῦ
3178 2210 3455 2286 συλλόγου
3492 2210 3683 2267 διαλυ-

2023 2309 2238 2366 θεντος,
2298 2299 2367 2351 τά
2422 2298 2586 2352 πιστά
2651 2293 2836 2352 λαϐὼν
2897 2297 3136 2352 ἐντεῦθεν
3190 2301 3217 2353 ὁ
3275 2296 3681 2373 πρωτοϐεστιά-

2023 2408 2137 2461 ριος
2194 2392 2291 2442 τοῦ
2342 2387 2431 2441 καὶ
2489 2385 2722 2441 ἑκόντων
2771 2385 2929 2455 δῆθεν
2985 2392 3094 2442 τῶν
3158 2390 3487 2463 μεγιστάνων
3526 2391 3679 2464 βασι-

2023 2477 2162 2538 λεως
2225 2480 2304 2549 [Ρ.
2364 2479 2453 2549 30]
2508 2476 2599 2529 καὶ
2636 2480 2744 2530 τῶν
2770 2475 3106 2551 πραγμάτων
3142 2476 3301 2530 αὐτὸν
3361 2478 3452 2532 καὶ
3514 2478 3679 2551 μόνον

2021 2562 2222 2619 ἐκεῖνον
2258 2566 2390 2618 εἶναι
2424 2561 2791 2641 διαφερόντως
2837 2564 2929 2618 τὸν
2982 2566 3333 2638 φροντιστὴν,
3391 2562 3679 2622 ἀναλαϐὼν

2020 2655 2119 2721 τὴν
2169 2658 2339 2707 πᾶσαν
2392 2649 2620 2726 δύναμιν
2662 2652 2748 2707 ἐπὶ
2800 2653 3114 2726 Μαγνησίας
3164 2652 3385 2729 ἐχώρει.
3449 2656 3550 2712 Καὶ
3609 2653 3677 2724 δὴ

2021 2848 2225 2888 omnes
2260 2849 2597 2903 possumus.
2634 2832 2757 2887 Non
2790 2847 3017 2902 omnes,
3049 2831 3318 2903 inquam,
3352 2847 3553 2904 regere
3610 2849 3677 2889 ac

2024 2922 2336 2993 praecipere
2362 2921 2630 2977 convenit
2662 2925 2764 2976 aut
2794 2922 2881 2976 fas
2924 2926 3014 2976 est
3050 2938 3061 2974 :
3096 2922 3195 2977 ubi
3254 2921 3413 2976 enim
3471 2938 3678 2978 omnes

2024 3016 2309 3081 praesunt,
2334 3011 2532 3066 nullus
2558 3014 2787 3081 praeest.
2812 3009 3101 3073 Quoniam
3127 3026 3263 3081 ergo
3286 3009 3395 3065 sub
3416 3008 3680 3081 principe

2028 3117 2212 3155 unum
2229 3100 2517 3171 imperare
2542 3099 2938 3153 necessarium
2962 3105 3070 3165 est,
3090 3099 3225 3169 quis
3252 3098 3405 3153 alius
3425 3098 3679 3155 istoloco

2031 3189 2262 3260 dignior
2292 3205 2468 3259 quam
2501 3188 2604 3259 qui
2640 3188 2865 3243 meritis
2887 3191 2946 3242 et
2972 3187 3262 3259 dignitate
3296 3187 3683 3259 praeeminet?

2026 3278 2240 3349 Aperui
2274 3293 2516 3333 sensum
2538 3293 2759 3341 meum,
2791 3280 2849 3331 et
2872 3277 3051 3332 effudi
3082 3281 3373 3347 quantum
3397 3275 3456 3331 in
3480 3277 3679 3333 animo

2026 3368 2339 3423 habebam.
2370 3366 2556 3433 Dicat,
2583 3366 2630 3421 si
2663 3365 2754 3421 cui
2787 3364 2947 3420 aliud
2974 3365 3223 3420 videtur.
3250 3364 3461 3419 Nullus
3480 3365 3679 3421 obstat

2026 3462 2241 3525 metus,
2265 3470 2467 3512 secure
2488 3454 2643 3509 licet.
2676 3454 2892 3509 Omnes
2914 3452 3167 3509 libenter
3182 3453 3683 3524 audiemus,quis-

2026 3546 2156 3617 quis
2187 3547 2317 3614 erit,
2352 3544 2446 3600 cui
2477 3544 2631 3616 quod
2668 3544 3091 3615 praeferendum
3137 3547 3302 3612 putet
3323 3542 3382 3596 in
3418 3546 3676 3597 mentem

2024 3634 2238 3689 veniat.
2277 3638 2491 3688 Verum
2526 3631 2728 3687 nullus
2759 3636 2848 3687 est
2880 3631 3171 3698 omnium,
3198 3634 3373 3702 prout
3406 3646 3499 3686 res
3534 3631 3679 3701 ipsa!

2027 3726 2374 3786 monstrant,
2406 3726 2463 3776 et
2493 3737 2643 3792 quas
2674 3721 2851 3775 audio
2881 3722 3205 3775 multorum
3223 3736 3413 3785 voces,
3434 3718 3533 3790 qui
3558 3736 3676 3775 non

2024 3811 2229 3866 eadem
2262 3809 2814 3879 nobiscumjudicet
2842 3814 2899 3864 et
2949 3810 3123 3880 plane
3177 3808 3674 3880 assentiaturthis

2027 3917 2152 3970 quae
2178 3901 2303 3969 jam
2328 3898 2486 3953 dicta
2508 3902 2702 3953 sunt.»
2718 3903 2849 3952 Haac
2866 3914 2999 3953 cum
3022 3914 3275 3970 magnus
3298 3897 3684 3953 conostaulus

2028 3985 2487 4060 perorasset,qui
2522 3985 2839 4041 aderantin
2874 3986 3121 4041 concilio
3138 3986 3242 4039 viri
3263 3986 3597 4057 primarii,u
3609 4003 3682 4041 no

2024 4077 2186 4131 velut
2216 4091 2422 4131 omnes
2454 4073 2652 4130 studio
2686 4090 2752 4128 ao
2786 4074 3087 4146 proposito
3122 4091 3237 4145 prae
3285 4091 3348 4129 se
3388 4074 3678 4142 tulerunt,

2027 4168 2128 4224 53
2160 4165 2326 4237 quasi
2351 4163 2573 4219 scilicet
2605 4163 2750 4217 nihil
2769 4163 3055 4218 haberent
3079 4163 3233 4233 quod
3260 4162 3480 4217 auditis
3504 4162 3684 4216 adde-

2028 4260 2178 4323 rent,
2211 4270 2338 4310 sese
2360 4252 2529 4308 dictis
2555 4251 2850 4307 assentiri.
2877 4250 3029 4315 Quin
3054 4250 3251 4322 potius
3275 4250 3687 4321 significarunt

2028 4359 2201 4415 grave
2231 4341 2343 4397 sibi
2376 4357 2442 4396 ac
2483 4339 2801 4395 molestum
2835 4339 2976 4405 fore,
3014 4339 3064 4394 si
3096 4338 3229 4409 quis
3263 4338 3381 4393 illic
3429 4355 3682 4409 praesen-

2026 4433 2177 4488 tium
2192 4428 2908 4502 suspicareturdiversum
2929 4427 3089 4498 ipsos
3114 4427 3442 4500 quidquam
3463 4428 3683 4483 amodo

2028 4521 2347 4593 propositis
2378 4518 2597 4575 sentire
2619 4523 2719 4573 aut
2739 4518 3002 4573 dicturos
3027 4518 3169 4572 fore.
3200 4516 3362 4571 Unde
3390 4522 3448 4571 et
3468 4533 3683 4587 praeoc-

266 4608 440 4677 quasi
474 4608 712 4679 dignior
745 4614 800 4664 te
830 4610 981 4666 alius
1010 4611 1089 4667 sit
1119 4612 1211 4667 cui
1246 4630 1444 4668 rerum
1485 4614 1919 4670 administratio
1947 4608 1996 4673 D
2028 4610 2327 4681 cupabant
2358 4624 2419 4664 se
2452 4608 2700 4662 invicem
2721 4605 3008 4662 atfectatis
3028 4608 3098 4661 ad
3120 4605 3368 4678 gratiam
3395 4606 3685 4661 sermoni-

258 4698 553 4761 tradatur,
580 4703 895 4765 nutum,ut
915 4700 1026 4763 ais,
1054 4702 1125 4756 ad
1150 4700 1205 4755 id
1228 4708 1497 4757 nostrum
1512 4706 1568 4757 et
1591 4702 1915 4759 voluntatis

257 4786 757 4856 significationem
790 4789 1099 4860 opperiris.
1124 4790 1264 4853 Quis
1288 4794 1487 4846 autem
1513 4796 1781 4847 nostrum
1801 4792 1915 4849 sibi

257 4880 491 4930 tantum
526 4882 760 4949 arroget
790 4882 853 4932 ut
875 4877 1169 4947 judicium
1203 4880 1273 4933 de
1303 4883 1358 4935 te
1388 4879 1757 4950 imperatoris
1778 4881 1917 4936 irri-

255 4970 388 5018 tum
417 4965 627 5020 faciat?
659 4968 842 5031 Quem
874 4972 1070 5022 autem
1098 4973 1306 5039 praeter
1336 4975 1393 5024 te
1424 4970 1791 5025 inveniemus
1841 4972 1914 5025 ad

256 5060 421 5109 recte
454 5055 871 5112 sustinendam
904 5057 1079 5113 istius
1128 5057 1391 5129 supremi
1423 5058 1533 5113 loci
1567 5059 1914 5129 dignitatem

259 5159 480 5214 resque
504 5143 783 5214 imperiii,
805 5145 1128 5216 utdignum
1153 5150 1262 5214 est,
1287 5148 1571 5219 gerendas
1595 5148 1842 5216 idoneis,
1860 5154 1916 5204 et

255 5233 477 5304 quibus
500 5232 715 5288 conﬁdi
733 5249 849 5289 non
870 5238 1090 5290 temere
1111 5235 1681 5306 possit,instructum
1703 5238 1915 5308 opibus

253 5327 312 5376 et.
342 5321 611 5390 dotibus;
647 5322 747 5394 qui
782 5328 840 5377 et
897 5324 1123 5378 meritis
1154 5339 1220 5379 ac
1272 5324 1580 5395 dignitate,
1638 5326 1914 5398 idemque

260 5411 659 5467 nihilominus
678 5413 993 5483 prudentia
1010 5416 1066 5467 et
1088 5413 1377 5484 sapientia
1400 5413 1716 5485 praecellis?
1736 5420 1915 5489 Perge

253 5499 437 5572 igitur
467 5508 522 5557 et
554 5503 886 5574 gubernare
916 5502 1230 5573 imperium
1278 5506 1335 5558 et
1376 5505 1685 5560 consulere
1739 5510 1914 5577 atque

255 5589 570 5663 invigilare
586 5590 843 5662 principi
858 5590 1250 5662 Romanaeque
1272 5592 1351 5647 rei
1368 5609 1433 5648 ac
1446 5594 1697 5665 negotiis
1718 5595 1912 5666 publi-

254 5680 359 5737 cis.
380 5680 501 5737 Nos
516 5679 863 5738 obedienter
878 5680 1294 5751 obsequemur.
1310 5681 1436 5738 Non
1451 5681 1608 5739 enim
1623 5683 1913 5755 imperare

2026 4702 2136 4755 bus
2164 4698 2389 4769 passim
2419 4694 2868 4761 assentabundi,
2905 4710 2971 4749 ac
3007 4710 3113 4765 pro
3148 4710 3209 4749 se
3233 4693 3485 4765 quisque
3507 4702 3686 4748 certa-

2025 4788 2133 4843 tim
2166 4789 2530 4842 ostentantes
2558 4783 2733 4855 longe
2766 4783 2954 4855 pluris
2984 4798 3113 4838 esse
3146 4799 3211 4837 ac
3258 4781 3448 4836 multo
3502 4781 3679 4835 malle

2028 4874 2472 4948 protovestiario
2518 4873 2731 4943 subjici
2782 4888 2960 4943 quam
2995 4871 3157 4943 ipsos
3188 4870 3499 4941 imperare.
3548 4869 3680 4925 Haec

2028 4971 2223 5021 autem
2254 4963 2403 5018 nihil
2434 4962 2597 5017 aliud
2626 4979 2802 5033 quam
2829 4962 2997 5016 fucus
3019 4966 3075 5015 et
3094 4961 3347 5015 mendax
3366 4958 3679 5014 ostentatio

2027 5060 2214 5119 erant,
2248 5057 2313 5107 ut
2341 5057 2593 5107 eventus
2617 5048 3061 5106 demonstravit.
3085 5049 3247 5103 Tunc
3268 5049 3449 5120 igitur
3480 5047 3675 5103 soluto

2026 5146 2313 5200 conventu
2333 5141 2505 5212 plane
2529 5156 2876 5211 persuasum
2902 5138 3343 5209 protovestiario
3361 5137 3515 5209 quod
3531 5137 3680 5193 vole-

2026 5236 2127 5290 bat
2155 5236 2259 5298 est,
2292 5230 2438 5286 velle
2461 5228 2740 5284 nimirum
2773 5233 2830 5284 et
2850 5232 3083 5299 gratum
3117 5228 3332 5283 habere
3362 5227 3677 5299 optimates

2025 5330 2081 5379 et
2113 5339 2203 5377 res
2234 5319 2461 5389 imperii
2493 5323 2549 5372 et
2585 5316 2830 5372 tutelam
2866 5316 3151 5388 principis
3183 5334 3302 5371 suae
3326 5316 3502 5371 unius
3526 5333 3678 5372 cum

2026 5410 2383 5480 arbitrioque
2412 5406 2693 5480 permitti.
2725 5407 2915 5469 Quare
2946 5422 3191 5461 securus
3237 5407 3360 5476 jam
3413 5410 3469 5461 et
3519 5411 3678 5462 certa

2024 5500 2406 5557 conﬁrmatus
2441 5495 2655 5551 ﬁducia
2686 5494 2979 5550 universis
3003 5511 3204 5550 secum
3229 5494 3413 5567 copiis
3439 5512 3676 5551 assum-

2023 5590 2142 5663 ptis
2173 5588 2535 5659 Magnesiam
2570 5584 2979 5657 proﬁciscitur;
3012 5583 3211 5654 ibique
3242 5585 3313 5639 ad
3345 5583 3674 5640 custodiam

2021 5676 2394 5755 imperatoris
2412 5678 2571 5733 certa
2589 5674 3013 5731 ﬁdissimorum
3032 5672 3146 5730 sibi
3159 5672 3417 5730 militum
3432 5672 3672 5731 cohorte
