4090 6402
445 367 548 424 487

1750 361 2054 418 GEORGII
2095 365 2565 426 PACHYMERE

3764 374 3871 429 488

440 490 538 550 τὰς
591 487 837 565 φυλακὰς
890 486 988 552 τὴν
1027 485 1119 557 μὶν
1183 482 1452 559 βασιλέως
1497 480 1716 557 ἀνδράσι
1738 487 1961 572 ,πιστοῖς
2011 482 2178 558 ὲγοΑ
2213 487 2352 545 λέων
2411 490 2635 562 ζηλοῦν,
2713 499 2809 550 τοῦ
2871 496 2967 567 μὶν
3026 498 3107 551 ὅτι
3166 496 3517 572 μαγγανείαις
3575 501 3695 558 ταῖς
3745 515 3879 569 παρ’

442 579 710 655 χειρίσας,
766 577 863 645 τήν
926 572 982 629 δὲ
1037 578 1132 628 τοῦ
1205 572 1492 648 βασιλικοῦ
1561 570 1812 644 ταμιείου
1892 571 2096 648 ἑτέροις

441 667 651 741 ὁμοίως
680 671 898 727 πιστοῖς
944 665 1035 719 καὶ
1093 662 1282 732 ἀξίοις,
1315 661 1421 715 ἀπὸ
1478 660 1710 716 πολλῶν
1738 662 1800 715 τὸ
1834 662 2094 735 ὲχὲγγυον

432 756 683 832 ἔχουσιν,
717 758 789 810 ὧν
826 753 891 824 δὴ
928 756 954 809 6
988 752 1286 828 λογοθὲτης
1317 752 1441 805 τότε
1468 754 1575 805 τῶν
1611 748 1822 825 ἀγελῶν
1854 751 1882 805 6
1911 752 2084 826 Ἀγιο-

426 844 761 916 θεοδωοίτης
832 844 1079 917 ἐξηγεῖτο
1158 842 1323 903 αὐτὸς
1398 840 1487 895 ἐπὶ
1556 847 1673 903 ταῖς
1730 845 1839 895 τῶν
1896 845 2093 896 κοινῶν

426 913 728 1005 διοικήσεςι
766 913 900 1007 μετά
944 913 1067 986 ’τῶν
1130 931 1341 986 λοιπῶν
1402 925 1890 1006 ἒσπουδαιοτρίϐει.
1955 937 2091 984 Συν-

420 1023 702 1079 ετάττοντο
760 1021 943 1075 τοίνυν
980 1020 1371 1095 προστάγματα
1427 1022 1709 1093 πανταχοῦ
1740 1018 1957 1074 πόλεων
1988 1024 2088 1087 τῆς

421 1113 708 1185 Ῥωμαίων
754 1118 856 1186 γῆς
900 1108 1422 1181 ἀποσταλησόμενα,
1483 1108 1572 1161 καὶ
1630 1109 1746 1161 κατ’
1784 1106 1959 1170 ἄλλας
1994 1110 2087 1179 μὲν

423 1201 609 1276 χρείας
653 1200 857 1275 ἐτέρας,
888 1199 951 1253 τὸ
1002 1195 1059 1252 δὲ
1102 1196 1360 1252 πλεῖστον
1415 1197 1505 1252 καὶ
1558 1198 1809 1272 μέγιστον
1838 1198 1975 1251 κατά
2028 1218 2086 1266 τε

424 1288 665 1360 δήλωσιν
693 1293 795 1343 τοῦ
826 1286 1055 1343 θανᾶτου
1102 1293 1199 1342 τοῦ
1249 1286 1537 1361 βασιλέως,
1573 1288 1684 1359 ἅμα
1730 1285 1787 1341 δὲ
1839 1286 1929 1340 καὶ
1986 1293 2086 1356 τῆς

419 1384 515 1435 τοῦ
570 1379 694 1432 νὲου
751 1377 1020 1451 βασιλέως
1050 1376 1419 1451 ἀναρρήσεως,
1478 1378 1568 1431 καὶ
1623 1380 1721 1430 τοῦ
1759 1376 1835 1440 εἷς
1877 1375 2085 1430 ἐκεῖνον

420 1467 805 1543 προστίθεσθαι
868 1468 1032 1542 χάριν
1094 1468 1386 1535 συνθήκαις
1449 1464 1625 1541 ὅρκων
1682 1465 1815 1520 κατά
1865 1466 1925 1519 τὸ
1957 1466 2083 1519 σύν-

420 1569 571 1627 ηθες.
649 1556 747 1611 Καὶ
807 1555 1098 1629 ἐξετίοεντο
1156 1556 1249 1627 μὲν
1307 1555 1375 1609 τὰ
1430 1554 1878 1629 προσταττόμενα
1931 1576 2080 1626 παμ-

420 1645 643 1716 πληθεὶ,
700 1645 794 1707 τὰς
859 1642 916 1699 δὲ
955 1642 1025 1699 δι’
1056 1645 1294 1719 ἐρυθρῶν
1333 1645 1620 1718 βασιλικὰς
1653 1643 2079 1716 ὑποσημάνσεις,

421 1739 537 1795 ἐπεὶ
606 1742 707 1795 οὐκ
781 1744 845 1810 ἦν
923 1741 1013 1795 τὸν
1085 1741 1202 1795 νὲον
1268 1740 1495 1817 βασιλέα
1552 1747 1715 1817 χεῖρα
1768 1748 1936 1797 κινεῖν
1990 1741 2079 1796 καὶ

2205 579 2423 636 ἐκείνων
2475 584 2945 645 συσκευασθείσαις
3004 585 3194 655 νοσοίη
3225 588 3311 640 καὶ
3377 587 3450 647 ὡς
3479 590 3659 647 κακῶς
3691 584 3873 640 ἀπαλ-

2205 666 2382 739 λάξειε
2412 670 2688 745 πρόωρος,
2740 677 2837 728 τοῦ
2887 672 2944 727 δὲ
2997 673 3079 728 ὅτι
3137 674 3386 748 βασιλειᾷ
3414 675 3504 729 καὶ
3539 676 3869 751 ὑφαρπάζειν

2200 760 2299 826 τὴν
2358 761 2537 834 ἀρχὴν
2599 760 2801 834 μελετᾷ
2856 763 2944 817 καὶ
3004 764 3251 835 μεῖζονῆ
3285 765 3401 827 καθ’
3461 764 3621 819 αὐτὸν
3656 770 3869 842 φρονεῖ,

2200 854 2539 925 περιφρονῶν
2592 855 2689 905 τοῦ
2748 852 3017 926 βασιλέως
3046 853 3136 906 καὶ
3192 855 3291 923 τὴν
3326 852 3601 928 βασιλείαν
3630 855 3867 928 εὑπροσ-

2201 938 2365 999 ώπως
2430 939 2893 1013 ὑποποιούμενος.
2954 944 3086 1005 Τοῖς
3116 939 3172 996 δὲ
3200 947 3309 997 τῶν
3341 942 3559 1012 ξενικῶν
3604 941 3867 1013 Ἰταλοῖς,

2198 1025 2290 1088 οὕς
2346 1026 2412 1095 δὴ
2460 1029 2549 1083 καὶ
2607 1029 2708 1084 ὑπὸ
2763 1035 2925 1105 χεῖρα
2956 1032 3099 1104 εἶχεν
3162 1032 3189 1085 ὁ
3251 1033 3415 1105 μὲγας
3469 1032 3865 1130 κονοσταῦλος,

2195 1122 2285 1176 καὶ
2335 1122 2482 1179 ἄλλα
2540 1123 2636 1180 ἵδι²
2692 1125 2821 1181 ἅττα
2852 1128 2988 1196 ἦσαν
3016 1135 3116 1196 τῆς
3148 1130 3264 1183 κατ’
3315 1128 3529 1184 ἐκείνων
3564 1130 3743 1204 ὁρμῆς
3774 1122 3866 1183 αἲξ

2191 1213 2452 1285 τιάματα,
2493 1213 2567 1276 ὡς
2597 1216 2746 1288 παρά
2774 1214 3192 1285 Μουζαλώνων,
3246 1218 3337 1272 καὶ
3401 1215 3615 1291 μᾶλλον
3648 1220 3731 1291 [Ρ.
3764 1221 3859 1292 31]

2195 1301 2312 1361 ὲνὸς
2336 1305 2431 1354 τοῦ
2462 1303 2707 1376 πρώτου,
2766 1310 3046 1377 στεροῖντο
3100 1310 3303 1374 ζῶντος
3342 1307 3612 1381 βασιΛὲως
3641 1312 3752 1363 τῶν
3782 1309 3865 1371 εἰς

2193 1388 2352 1464 ῥόγας
2431 1390 2618 1453 αὐτοῖς
2698 1392 3179 1467 ἀποτεταγμὲνων,
3241 1396 3338 1457 ’ὡς
3422 1404 3859 1474 καταφρονοῖντο

2190 1477 2271 1554 ἐφ’
2331 1481 2414 1540 οἷς
2476 1477 2749 1535 ἐδικαίουν
2807 1481 3033 1545 ἑαυτοὺς
3089 1485 3439 1555 τετιμῆσθαι,
3481 1485 3557 1546 ὡς
3587 1493 3687 1554 τῆς
3715 1488 3861 1563 πρὸς

2195 1565 2423 1640 βασιλέα
2492 1568 2875 1625 ἀποκλείοιντο
2956 1570 3265 1647 παρῥησίας
3350 1572 3663 1648 εῗσηγήσεσι
3733 1582 3858 1639 ταῖς

2190 1653 2433 1725 ἐκείνου,
2494 1657 2568 1718 ὡς
2625 1657 2910 1729 ἀτιμοῖντο
2962 1662 3059 1712 τοῦ
3117 1654 3618 1735 πρωτοϐεστιαρίου
3676 1682 3860 1737 προσ-

2185 1746 2494 1806 τάσσοντος.
2558 1745 2795 1809 Τούτοις
2849 1748 2936 1801 καὶ
2997 1752 3112 1810 τοῖς
3151 1747 3426 1812 τοιούτοις
3480 1751 3542 1805 τὸ
3575 1752 3763 1820 ξανθόν
3792 1773 3859 1807 τε

422 1829 909 1903 ὑποσημαίνεσθαι,
967 1835 1047 1902 τῷ
1106 1828 1408 1900 δηλωθέντι
1443 1831 1705 1907 λογοθὲτῃ
1732 1833 1838 1886 τῶν
1867 1833 2080 1907 ἀγεΛῶν
2111 1870 2157 1934 Β
2188 1832 2277 1887 καὶ
2332 1833 2650 1909 ἀρειμάνιον
2708 1837 2865 1911 γένος
2916 1835 3290 1910 ἐπεθιζόμενοι
3338 1836 3552 1911 ἕτοιμοι
3583 1841 3719 1909 ἦσαν
3754 1862 3861 1896 κα-

546 1925 568 1933 -
632 1917 644 1934 ς
720 1915 799 1934 an
994 1921 1046 1934 ,Α
1155 1920 1169 1934 ς
1301 1921 1321 1934 ν
1607 1917 1635 1934 ο
1771 1922 1780 1934 ,
2023 1923 2034 1934 .
2345 1925 2354 1934 ,
2564 1923 2577 1934 .
2659 1924 2668 1934 ,
2900 1925 2913 1934 .
3038 1928 3048 1934 .
3711 1930 3782 1934 -_

418 1925 596 1974 ποιεῖν
626 1915 954 1975 ἐνεδίδοσαν.
994 1921 1051 1973 Ὁ
1114 1920 1210 1992 μὲν
1262 1921 1351 1973 οὗν
1411 1917 1909 1997 πρωτοϐεστιάριος
1939 1923 2074 1997 πρὸς

417 2011 535 2072 ταῖς
564 2009 686 2083 περὶ
717 2013 823 2063 τῶν
884 2006 1070 2065 ἄλλων
1116 2010 1393 2086 φροντίσιν
1424 2012 1514 2081 ἧν,
1565 2011 1654 2065 καὶ
1687 2011 1943 2085 ἀσχόλως
2002 2012 2074 2066 εἶ-

417 2116 537 2171 χεν,
596 2096 867 2171 ἐλευθέρῳ
898 2099 1190 2172 χρώμενος
1250 2099 1325 2161 ὡς
1382 2097 1550 2171 μηδὲν
1586 2097 1942 2173 ὑπειδόμενος
1998 2105 2077 2173 τῷ

418 2188 728 2262 φρονήματι
761 2185 839 2263 ἐφ’
875 2187 954 2249 οἷς
986 2181 1263 2260 ἔπραττεν.

427 2321 536 2389 ιη’.
604 2320 875 2384 Ἐπίθεσις
938 2324 1036 2375 τοῦ
1108 2325 1336 2394 στρατοῦ
1400 2324 1537 2378 κατά
1598 2326 1707 2379 τῶν
1767 2322 2073 2395 Μουζαλώ-

1186 2432 1312 2467 νων.

488 2528 589 2583 Ἧν
643 2525 699 2580 δὲ
756 2527 858 2599 ἄρα
890 2528 917 2580 6
948 2528 1084 2599 πρὸς
1128 2526 1329 2586 ἐκεῖνον
1365 2530 1559 2606 φθόνος
1592 2528 1844 2585 οἶδαίνων
1884 2530 2074 2605 βαρὺς,

413 2614 503 2668 καὶ
560 2612 735 2676 δεινὸς
772 2616 1026 2691 ὑφεῖρπεν
1079 2615 1269 2689 ἐκείνῳ
1305 2619 1380 2691 μή
1441 2621 1501 2673 τὸ
1534 2619 1758 2675 σύνολον
1800 2620 2069 2683 ἐπαΐοντι.

414 2703 510 2757 Καὶ
572 2706 605 2770 ἡ
668 2707 866 2777 σκῆψις
899 2709 1006 2758 τῶν
1053 2704 1384 2781 ἀπορρήτων
1415 2710 1531 2762 κατ’
1593 2708 1795 2764 ἐκείνου
1825 2717 1943 2774 τοῖς
1977 2713 2073 2788 ὀρ-

413 2792 729 2867 γιζομένοις
784 2793 860 2855 ὡς
918 2796 1141 2865 πιθανήν
1201 2792 1421 2850 ἐδόκουν
1480 2799 1583 2872 γὰρ
1630 2798 1720 2853 καὶ
1753 2801 1885 2875 ὑπὲρ
1921 2801 2073 2875 βασι-

417 2920 749 2988 ρνίεροεὶῐιι,
786 2920 1063 2975 similiter
1092 2923 1366 2978 aerarium
1419 2924 1649 2995 regium
1708 2929 2067 2985 servandum

421 3004 551 3060 aliis
585 3008 947 3063 concredidit
979 3025 1143 3079 (eque
1176 3012 1436 3081 probatis
1466 3031 1531 3068 ac
1557 3016 1759 3071 multis
1780 3017 2072 3089 variisque

418 3095 834 3166 experimentis
854 3099 1341 3169 compertissimae
1370 3102 1478 3156 sibi
1496 3103 1627 3157 ﬁdei
1645 3104 2071 3178 viris,quorum

415 3183 535 3238 dux
567 3189 692 3241 erat
731 3186 1032 3257 agelarum
1095 3189 1216 3244 sive
1274 3206 1520 3263 gregum
1582 3198 1721 3250 tunc
1769 3195 2069 3268 logotheta

420 3273 991 3345 Hagiotheodorites;
1026 3278 1243 3347 quibus
1299 3278 1380 3334 ita
1438 3283 1711 3351 provisis,
1747 3284 1873 3357 ipse
1932 3303 2068 3342 cum

420 3361 665 3434 reliquis
709 3368 927 3420 caateraa
956 3366 1362 3436 gubernationi
1397 3371 1729 3443 reipublicae
1761 3381 1981 3433 attente
2011 3395 2077 3434 ac

419 3453 683 3507 studiose
704 3456 966 3509 vacabat.
984 3456 1407 3512 Scribebantur
1424 3479 1561 3532 ergo
1580 3464 1769 3519 edicta
1794 3467 1851 3519 in
1875 3484 2076 3524 omnes

418 3545 694 3596 Romanas
725 3543 967 3599 ditionis
997 3547 1172 3601 urbes
1205 3547 1511 3619 mittenda,
1547 3568 1680 3608 cum
1713 3556 1784 3610 ad
1808 3555 1924 3612 alia
1946 3574 2074 3628 quae

418 3644 677 3700 praesens
712 3631 990 3701 poscebat
1020 3649 1186 3704 usus,
1223 3641 1344 3691 tum
1381 3638 1438 3693 in
1473 3641 1704 3710 primis,
1738 3646 1895 3714 quod
1941 3647 2072 3702 uni-

417 3734 585 3772 verse
630 3736 832 3775 omnes
866 3726 1139 3792 spectans
1192 3728 1431 3783 maximi
1490 3735 1774 3789 momenti
1832 3742 1977 3807 erat,
2010 3741 2075 3791 ut

421 3805 851 3877 signiﬁcaretur
871 3826 1030 3865 mors
1057 3812 1451 3884 imperatoris,
1476 3823 1532 3874 et
1554 3822 1720 3890 pueri
1740 3824 1845 3877 lilii
1865 3828 1913 3894 ei
1928 3805 1992 3881 us
2012 3826 2069 3882 in

420 3894 611 3950 locum
646 3897 774 3967 ejus
797 3901 1114 3970 successio;
1139 3906 1521 3962 mandaretur
1551 3915 1615 3964 ut
1635 3927 1840 3967 omnes
1866 3916 2071 3970 stude-

418 3989 550 4039 rent
574 4001 763 4041 anovo
791 3987 1054 4059 principe
1073 3993 1321 4061 gratiam
1351 3994 1519 4065 inire,
1544 3998 1859 4071 obliganda
1882 4004 1931 4058 ei
1958 4005 2071 4061 ﬁde

417 4078 696 4129 consueto
714 4075 815 4129 tali
838 4081 1141 4136 occasione
1168 4092 1558 4142 sacramento.
1592 4089 1652 4142 In
1685 4108 1813 4145 eam
1845 4100 2073 4149 senten-

414 4162 557 4217 tiam
590 4165 1055 4222 conﬁciebantur
1086 4187 1298 4243 magno
1330 4175 1508 4230 simul
1544 4178 1743 4234 labore
1792 4182 1895 4237 54
1935 4182 2069 4253 plu-

415 4251 571 4306 rium
609 4254 934 4309 scribarum
970 4256 1287 4328 diplomata
1311 4279 1557 4320 numero
1589 4282 1767 4337 quam
1788 4251 2065 4343 maximo,

416 4356 665 4410 quorum
696 4343 907 4398 rubras
940 4347 1428 4420 subscriptiones,
1462 4367 1590 4422 qua
1614 4370 1792 4411 manu
1813 4357 2066 4431 impera-

415 4427 563 4483 toris
593 4428 717 4483 ﬁeri
752 4430 1064 4501 debebant,
1112 4437 1391 4505 quonium
1433 4457 1676 4498 manum
1727 4427 1918 4502 adhuc
1969 4465 2069 4519 per

415 4521 643 4571 aetatem
679 4533 824 4587 puer
855 4520 1174 4591 imperator
1230 4540 1461 4583 movere
1513 4532 1585 4585 ad
1643 4533 1700 4588 id
1760 4537 2062 4607 nequibat,

412 4605 589 4658 modo
623 4612 949 4663 memorata
981 4608 1285 4682 logolhetae
1320 4617 1617 4688 agelarum
1644 4605 1915 4681 facienda:
1947 4605 2065 4683 tra;
2097 4612 2144 4677 D

410 4693 967 4753 debantur.lnterim
986 4704 1468 4769 protovestiarius
1487 4712 1763 4769 curandis
1778 4714 1911 4770 aliis
1933 4733 2060 4787 quae

412 4799 557 4839 usus
606 4785 884 4855 poscebat
915 4805 1176 4859 praesens
1209 4810 1415 4852 secure
1447 4815 1512 4853 ac
1571 4800 1752 4859 libere
1794 4785 2057 4875 vacabat,

410 4872 604 4928 nullas
638 4875 980 4947 suspicatus
1010 4878 1259 4940 insidias
1286 4884 1344 4941 in
1378 4905 1439 4943 se
1462 4894 1789 4962 comparari
1810 4897 2060 4967 negotiis

412 4961 664 5032 publicis
696 4964 1012 5023 intentum.

702 5097 783 5153 l8.
800 5100 1011 5159 Seditio
1041 5108 1324 5178 exepct'lus
1346 5111 1405 5165 in
1437 5112 1767 5173 Mumlones.

479 5210 869 5271 'l‘umescebat
893 5224 1086 5275 autem
1120 5226 1314 5294 gravis
1342 5231 1516 5299 atque
1546 5236 1711 5288 atrox
1732 5234 1789 5290 in
1814 5254 1947 5293 eum
1971 5240 2052 5297 in-

405 5299 585 5366 vidia,
614 5300 883 5375 clamque
906 5325 1147 5381 serpens
1174 5316 1376 5372 eadem
1402 5319 1726 5390 periculose
1746 5325 2049 5399 gliscebat,

405 5388 533 5459 ipso
565 5390 708 5444 nihil
743 5394 915 5462 plane
937 5401 1242 5457 sentiente.
1272 5410 1334 5460 Et
1359 5388 1483 5464 erat
1508 5388 1820 5472 arcanaein
1853 5388 2049 5491 ipsum

405 5476 503 5531 iraa
530 5494 707 5533 causa
736 5480 983 5540 infensis
1016 5486 1099 5543 illi
1131 5493 1470 5561 probabilis.
1500 5476 2048 5566 Videbantur|enim

404 5566 571 5668 ipsis,
601 5585 663 5622 se
692 5570 813 5625 zelo
841 5573 995 5629 ﬁdeli
1030 5578 1116 5647 agi
1151 5596 1289 5652 erga
1320 5585 1701 5659 imperatores
1723 5602 1947 5668 patrem
1983 5617 2049 5656 ac

404 5653 617 5726 ﬁlium,
648 5674 900 5729 quorum
934 5664 1102 5722 illum
1136 5670 1371 5740 quidem
1402 5653 1691 5747 putabant
1723 5653 2046 5760 ‘procurato

2186 1925 2501 2000 τασφάττειν
2560 1923 2815 1995 ἐκείνους,
2872 1925 2917 1979 εἰ
2982 1928 3147 1998 μόνον
3175 1948 3262 1989 τις
3292 1948 3627 2003 παρορμῳη.
3660 1930 3856 1986 Αἷτίαν

2188 2009 2244 2065 δὲ
2300 2007 2456 2086 ἔσχεν
2518 2012 2593 2075 είς
2651 2018 2836 2086 τοῦτο,
2868 2015 2941 2076 ὡς
2990 2016 3018 2068 ὁ
3046 2020 3155 2070 τῶν
3188 2014 3417 2071 πολλῶν
3448 2015 3610 2093 λόγος
3644 2012 3788 2093 ἔχει,
3823 2022 3856 2076 ὁ

2183 2100 2390 2155 τούτων
2447 2108 2549 2170 τῆς
2604 2101 2886 2179 φάλαγγος
2935 2101 3302 2177 ἐξηγούμενος
3339 2148 3352 2172 ,
3412 2105 3472 2166 ’ὸς
3530 2106 3619 2160 καὶ
3673 2107 3852 2162 πάλαι

2190 2188 2285 2260 μὲν
2346 2189 2711 2262 ὡρμημένους
2763 2190 2957 2253 αὐτοὺς
3014 2188 3137 2247 τότε
3197 2190 3243 2246 δ’
3301 2192 3618 2271 ἐξαφθέντας
3674 2194 3849 2252 πλέον

2185 2276 2463 2340 ἀνεθέντας
2517 2283 2615 2333 τοῦ
2673 2274 2847 2352 φόϐου
2904 2280 2995 2335 καὶ
3049 2279 3397 2355 δρασείοντας
3454 2283 3519 2338 τὰ
3576 2285 3852 2355 ἀνήκεστα

2183 2364 2234 2436 ἐξ
2291 2366 2517 2440 ἑτοίμου
2573 2368 2794 2439 ἠρέθισε
2844 2369 2937 2423 τὸν
2999 2371 3163 2444 φόνον
3226 2371 3600 2445 ἐπιτολμῆσαι
3654 2374 3852 2451 καιρὸν

2184 2452 2433 2530 ἔχοντας.
2466 2456 2571 2511 Καὶ
2603 2458 2630 2510 ὁ
2674 2456 2840 2532 λόγος
2881 2456 2941 2512 ἐκ
2968 2462 3076 2513 τῶν
3110 2458 3327 2533 ὕστερον
3359 2462 3507 2535 φέρει
3557 2465 3619 2518 τὸ
3676 2466 3852 2519 πιθα-

2181 2546 2293 2600 νόν·
2325 2543 2449 2600 οὐδὲ
2502 2548 2606 2619 γάρ
2668 2546 2727 2601 ἂν
2761 2546 3041 2621 ἐτόλμων,
3069 2549 3119 2604 εἶ’
3151 2552 3226 2623 μή
3286 2573 3434 2615 τινας
3482 2550 3849 2629 προϐιϐάσεις

2184 2635 2355 2710 εἶχόν,
2416 2634 2731 2700 ἀλλοεθνεῖς
2790 2631 2940 2699 ὅντες
2971 2638 3060 2692 καὶ
3091 2639 3153 2693 τὸ
3215 2640 3380 2695 πλέον
3415 2640 3704 2713 ἰπήλυδες.
3740 2647 3844 2700 Καὶ

2183 2723 2227 2777 εἰ
2277 2724 2449 2786 οὕτως
2484 2725 2634 2799 εἶχον
2691 2725 2779 2779 καὶ
2844 2727 3010 2798 μόνος
3070 2727 3308 2804 θαρῥεῖν,
3377 2731 3585 2806 ἀνάγκη
3644 2736 3851 2798 παντὸς

2186 2812 2399 2886 μᾶλλον
2421 2814 2523 2868 τὸν
2547 2814 2741 2890 ἄγοντα
2774 2814 3187 2874 ὑποπτεύεσθαι.

2184 2957 2358 3028 hujus
2382 2959 2626 3031 magicis
2651 2959 2957 3017 maleﬁciis
2981 2963 3183 3018 morbo
3197 2970 3614 3038 consumptum
3637 2969 3845 3027 etdira

2183 3045 2499 3102 immature
2522 3054 2705 3103 morte
2735 3048 3221 3116 sublatum,bunc
3242 3069 3375 3107 vero
3400 3055 3843 3114 miserabantur

2184 3152 2315 3191 mox
2347 3136 2699 3207 privandum
2733 3137 2981 3210 imperio
3014 3140 3233 3211 injusta
3256 3142 3430 3199 istius
3454 3144 3506 3198 vi
3536 3146 3835 3203 elferentis

2102 3237 2144 3305 ρ
2176 3242 2237 3279 se
2270 3225 2531 3296 improbe
2560 3243 2739 3297 supra
2773 3228 3062 3297 privatum
3098 3232 3362 3299 modum,
3398 3239 3455 3288 et
3478 3234 3623 3288 haud
3650 3234 3829 3291 dubie

2190 3329 2364 3383 regno
2398 3313 2704 3380 inhiantis,
2732 3320 3185 3388 contemptaque
3222 3321 3457 3391 Augusti
3482 3322 3641 3391 pueri
3666 3326 3832 3380 astate

2189 3401 2502 3472 imperium
2540 3402 2651 3457 sibi
2687 3405 2947 3459 honestis
2971 3408 3347 3477 praetexlibus
3366 3414 3649 3480 parantis.
3679 3413 3842 3469 Auxi-

2188 3491 2435 3545 liaribus
2454 3507 2624 3562 porro
2647 3492 3118 3565 Italis,peculiari
3140 3499 3335 3570 magni
3352 3500 3677 3556 conostauli
3693 3503 3846 3557 sub-

2176 3579 2352 3651 jectis
2384 3581 2766 3651 prafecturae,
2800 3592 3014 3655 praeter
3045 3584 3191 3642 alias
3224 3590 3536 3660 quasdam,
3559 3590 3647 3645 hae
3674 3592 3846 3649 vehe-

2185 3669 2504 3724 mentiores
2537 3671 2770 3742 proprie
2788 3682 2953 3727 erant
2974 3674 3093 3728 odii
3117 3675 3172 3728 in
3199 3691 3332 3730 eum
3356 3683 3412 3732 et
3439 3680 3710 3734 meditati
3738 3683 3851 3739 im-

2186 3765 2355 3827 petus
2387 3774 2598 3828 causae,
2631 3760 2785 3829 quod
2820 3777 2882 3815 se
2922 3778 2956 3816 a
2986 3761 3414 3833 Muzalonihus,
3438 3773 3494 3822 ct
3512 3772 3847 3838 presertim

2185 3849 2255 3900 ab
2278 3845 2386 3900 hoc
2410 3846 2564 3902 inter
2586 3864 2683 3903 eos
2706 3854 2841 3904 natu
2869 3851 3143 3919 maximo,
3170 3855 3425 3924 privatos
3446 3858 3849 3919 meminerant

2185 3934 2475 3990 donativis
2507 3940 2561 3989 et
2580 3937 2893 4008 stipendiis
2918 3939 3060 4011 ipsis
3083 3942 3155 3997 ab
3181 3943 3372 3999 adhuc
3394 3946 3621 4002 vivente
3645 3947 3843 4021 impe-

2184 4026 2375 4090 ratore
2409 4024 2679 4093 decretis,
2714 4028 2869 4097 quod
2904 4034 3502 4089 contemnerenturin
3528 4036 3600 4091 iis
3622 4038 3849 4106 quibus

2175 4112 2341 4182 justo
2373 4130 2433 4168 se
2466 4113 2739 4170 honorari
2772 4117 2985 4173 debere
3005 4122 3463 4189 contendebant,
3487 4127 3641 4196 quod
3672 4128 3843 4184 aditu

2180 4201 2439 4272 etgratia
2463 4202 2835 4273 imperatoris
2859 4209 3339 4278 suggestionibus
3365 4211 3547 4283 hujus
3566 4217 3849 4274 exclude-

2180 4294 2405 4357 rentur,
2441 4292 2537 4347 55
2576 4294 2728 4363 quod
2767 4297 3197 4365 protovestiarii
3223 4301 3746 4373 jussuignominia
3782 4313 3844 4363 et

2178 4379 2557 4435 contumeliis
2593 4382 2987 4440 afﬁcerentur.
3014 4385 3115 4441 His
3147 4392 3203 4443 et
3231 4388 3531 4446 similibus
3553 4392 3754 4449 rufum
3778 4402 3843 4452 et

2177 4465 2521 4523 bellicosum
2555 4486 2742 4540 genus
2766 4471 2996 4540 irritati,
3022 4477 3209 4544 parati
3231 4482 3395 4532 erant
3420 4481 3489 4533 ad
3523 4497 3622 4535 eos
3644 4485 3842 4539 truci-

2177 4554 2425 4621 dandos,
2450 4556 2499 4611 si
2532 4559 2666 4629 quis
2694 4560 2783 4615 vel
2807 4561 3115 4632 paululum
3144 4564 3494 4637 impelleret.
3527 4570 3839 4630 Jactatum

2175 4643 2352 4699 etiam
2388 4651 2478 4701 est
2509 4664 2781 4704 sermone
2814 4650 3133 4709 multorum
3168 4655 3375 4711 duceni
3408 4657 3581 4714 istius
3614 4660 3842 4719 Italicae

2172 4732 2483 4805 phalangis
2516 4743 2742 4807 partem
2768 4740 2943 4794 istius
2961 4740 3143 4812 culpa:
3167 4744 3524 4802 conscivisse
3546 4765 3662 4804 non
3690 4767 3838 4821 par-

2170 4836 2322 4890 vam,
2358 4824 2574 4896 quippe
2607 4826 2707 4897 qui
2740 4844 2881 4884 suos
2912 4828 3047 4886 olim
3076 4830 3133 4885 in
3160 4831 3309 4889 hanc
3334 4836 3551 4890 caedem
3579 4854 3834 4911 pronus,

2169 4915 2310 4965 tunc
2344 4917 2539 4969 autem
2575 4916 2879 4971 occasione
2910 4935 3187 4975 accensos
3213 4938 3382 4993 nova,
3409 4930 3569 4980 metu
3593 4926 3836 4987 solutos

2169 5003 2223 5054 et
2253 5002 2570 5068 gestientes
2603 5004 2796 5059 dirum
2830 5006 3062 5065 facinus
3085 5014 3341 5081 patrare,
3371 5029 3429 5068 re
3445 5020 3650 5085 parata
3670 5016 3839 5074 inci-

2169 5089 2379 5145 taverit
2410 5095 2473 5146 ut
2495 5109 2806 5164 erumpere
2853 5111 2970 5167 quo
3018 5098 3461 5158 destinaverant
3510 5105 3832 5166 auderent.

2168 5177 2274 5240 Qui
2308 5180 2545 5249 quidem
2574 5198 2777 5238 rumor
2800 5200 2867 5239 ex
2899 5185 2971 5241 iis
3004 5203 3129 5258 qua:
3161 5195 3475 5247 consecuta
3507 5196 3644 5249 sunt
3676 5197 3833 5252 veri-

2166 5265 2378 5323 similis
2410 5269 2475 5324 lit
2509 5286 2521 5324 :
2556 5287 2748 5343 neque
2798 5273 2953 5330 enim
2982 5278 3112 5333 ausi
3146 5282 3374 5335 tantum
3429 5288 3649 5352 essent,
3701 5286 3830 5343 nisi

2162 5355 2292 5410 freti
2317 5360 2657 5416 auctoribus
2678 5366 2733 5417 et
2758 5361 3024 5420 instincti
3049 5369 3538 5439 persuasionibus
3560 5371 3822 5446 idoneis,

2161 5444 2500 5518 alienigenae
2533 5459 2586 5505 et
2617 5450 2884 5523 plerique
2917 5455 3172 5513 advenae:
3207 5475 3323 5529 quo
3357 5464 3517 5515 statu
3542 5444 3825 5523 homines

2162 5533 2211 5588 si
2242 5534 2326 5589 vel
2362 5538 2621 5609 cogitent
2668 5540 2783 5597 vim
2835 5543 3069 5611 inferre,
3128 5563 3372 5618 prorsus
3423 5566 3692 5608 necessse
3732 5555 3824 5611 sit

2160 5624 2452 5695 suspicari
2485 5628 2574 5700 agi
2610 5629 2813 5701 utique
2837 5632 2910 5689 ad
2942 5632 3002 5690 id
3058 5633 3222 5707 ipsos
3278 5637 3602 5710 impulsore
3661 5659 3819 5715 quo-

2158 5727 2339 5785 plain.
