4090 6416
345 391 452 446 489

1417 403 1516 454 DE
1551 399 1923 454 MICHAELR
1960 397 2580 454 PALEOLOGO-LIB.
2625 402 2670 452 Ι.

3665 403 3770 459 490

341 517 450 572 ιϐ’.
511 517 702 578 ’Ὀπως
755 519 902 593 παρᾶ
952 523 1341 600 τμοῢῌσρτατοῦ
1399 519 1686 595 ἐτολμήθη
1753 522 1780 574 ὁ
1836 521 2001 599 φόνος
2033 523 2088 590 Α
2116 522 2309 594 καὶμὴ
2346 520 2656 600 φαινομένῳ
2701 526 2780 595 τῷ
2815 520 3052 598 βασιλεῖ,
3082 524 3174 579 καὶ
3230 523 3582 581 ἐπενεκάλουν
3635 527 3772 581 κατὰ

905 597 1020 652 τοῖς
1048 592 1436 661 Μοῦζάλωσιν.

411 695 565 757 Τέως
597 693 643 750 δ’
693 694 783 749 οὖν
817 698 851 766 ἡ
885 696 971 751 ἐπὶ
1021 703 1099 770 τῷ
1139 700 1502 773 ἀποιχομένῳ
1535 697 1724 770 ἐννατη
1767 697 2004 772 κειμένῳ

336 792 548 861 παρῆν,
577 786 668 841 καὶ
732 781 837 840 ἔδει
887 788 985 856 τὴν
1043 790 1263 861 μνήμην
1316 787 1463 864 ἄγειν
1517 787 1708 861 ἐκείνῳ
1757 788 1893 843 κατὰ
1940 790 2002 843 τὸ

336 875 568 946 σύνηθες
605 919 616 931 .
672 877 1018 950 Ἀνέρκονται
1085 878 1267 932 τοίνυν
1323 878 1400 940 εἷς
1458 879 1558 947 τήν
1616 883 1722 932 τῶν
1781 879 2001 932 Σωσάν-

338 963 486 1038 δρων
571 967 745 1038 μονὴν
781 1009 794 1034 ,
880 964 1018 1020 ὅπου
1090 967 1180 1020 καὶ
1237 968 1265 1021 ὁ
1323 968 1512 1040 νεκρὸς
1576 971 1672 1021 τοῦ
1729 967 2001 1040 βασιλέως

336 1055 585 1130 ἐχόμενα
631 1059 727 1110 τοῦ
784 1057 986 1132 πατρὸς
1037 1059 1291 1126 τεθαπτο,
1343 1062 1450 1112 τῶν
1511 1058 1824 1132 ἱερωμένων
1885 1059 2000 1112 ὅσοι

332 1150 586 1218 παρῆσαν
662 1143 852 1200 ἐκεῖσε.
935 1146 1292 1220 ’Λνέρχονται
1371 1144 1427 1200 δὲ
1485 1146 1575 1200 καὶ
1639 1147 1688 1199 οἱ
1749 1145 1799 1199 ἐν
1855 1145 1999 1200 τέλει

329 1233 554 1302 πάντες,
607 1233 785 1308 χωρὶς
873 1231 918 1288 δ’
973 1233 1189 1288 ἐκείνων
1263 1234 1353 1288 καὶ
1429 1239 1536 1289 τῶν
1616 1239 1883 1308 γυναικῶν
1947 1236 2001 1289 αἱ

329 1322 681 1397 προύχουσαι
728 1327 1026 1398 ματρῶναι,
1076 1324 1166 1378 καὶ
1217 1329 1319 1378 πᾶν
1374 1325 1496 1379 ὅσον
1552 1325 1618 1392 ἦν
1673 1324 1997 1398 ὑπηρετικὸν

1371 1144 1427 1200 δὲ
1485 1146 1575 1200 καὶ
1639 1147 1688 1199 οἱ

327 1419 453 1476 τοῖς
499 1418 778 1487 κρατοῦσι.
833 1414 911 1471 Τὸ
947 1416 1133 1487 μέντοι
1188 1435 1247 1490 γε
1305 1415 1700 1490 στρατιῶτικὸν
1752 1414 1811 1468 ἐκ
1859 1436 1998 1489 προσ

329 1501 486 1565 νοίας
514 1503 602 1556 καὶ
657 1501 872 1572 μᾶλλον
922 1504 1070 1557 κάτω
1119 1503 1243 1579 περὶ
1293 1505 1382 1558 τὸν
1439 1501 1666 1578 βασιλέα
1710 1499 1998 1577 ἐγκαταλέ-

332 1591 552 1649 λειπτο.
596 1593 684 1654 Ὠς
730 1596 859 1666 γοῦν
905 1593 1128 1647 πανοικὶ
1175 1592 1264 1647 καὶ
1319 1594 1371 1647 ci
1402 1591 1766 1662 Μουζάλωνες
1810 1589 1998 1662 ἥεσαν,

330 1678 476 1735 ἰδίαν
509 1681 648 1755 περὰ
696 1680 824 1742 τοὺς
885 1678 1094 1744 ἄλλους
1138 1683 1374 1756 στοργήν
1431 1683 1570 1756 πρὸς
1630 1681 1720 1735 τὸν
1772 1679 1998 1744 θανόντα

331 1768 796 1842 ἐπιδεικνύμενοι,
853 1769 978 1824 τότε
1031 1771 1093 1824 τὸ
1156 1771 1570 1846 στρατιωτικὸν,
1629 1767 1996 1846 διαφερόντως

2115 615 2222 664 τῶν
2255 608 2414 679 δῆθεν
2467 611 2731 684 ἀπίστων,
2780 611 2909 676 τοὺς
2957 611 3336 682 Μουζάλωνας
3384 614 3770 688 αἰνιττόμενοι,

2117 699 2282 768 ζῆλον
2349 700 2493 776 ὑπὴρ
2555 702 2722 755 αὐτοῦ
2793 701 2882 756 καὶ
2940 707 3037 756 τοῦ
3095 703 3282 777 γένους
3343 702 3771 779 ἐνδεικνυμένοις

2116 787 2354 852 ἐοικότες
2387 791 2610 865 θερμόν.
2663 791 2760 844 Καὶ
2815 788 2902 846 ’ίνα
2966 796 3040 865 μή
3099 795 3351 869 φθάσειαν
3413 792 3606 849 ἐκεῖνοι
3666 794 3772 867 πρὸ

2112 883 2208 932 τοῦ
2268 885 2455 942 παθεῖν
2526 877 2834 952 δράσαντες,
2891 877 3125 943 δεδιότες
3208 880 3369 952 δῆθεν
3443 881 3768 938 ἐπέσπενδον

2111 967 2210 1034 τὴν
2261 967 2342 1021 ἐπ’
2394 967 2630 1030 ἐκείνους
2678 973 2775 1023 τοῦ
2830 968 3097 1043 βασιλέως
3144 969 3482 1046 ἐγχώρησιν,
3530 973 3620 1027 καὶ
3674 973 3772 1046 ἅμ’

2114 1053 2344 1126 ἐδήλουν
2392 1059 2471 1110 ὡσ
2529 1055 2676 1132 εἷ’περ
2728 1059 2754 1112 ὁ
2811 1056 3112 1133 βασιλεύων
3172 1059 3379 1137 ἐφήσει·
3444 1061 3490 1115 εἷ
3550 1059 3597 1114 δ’
3649 1059 3766 1130 οὖν,

2113 1142 2239 1198 ἀλλ’
2291 1145 2486 1200 ἐκεῖνοι
2534 1146 2624 1200 καὶ
2675 1145 2848 1210 οὕτως
2886 1145 3307 1220 ἐπιδραμοῦνται
3350 1148 3438 1202 κα)
3489 1151 3766 1226 καταπρά-

2111 1236 2309 1305 ξονται.
2372 1239 2548 1290 Ταῦτα
2607 1235 2883 1306 Λεγόντων
2941 1236 3054 1310 ἅμα
3109 1239 3195 1292 καὶ
3258 1234 3666 1311 Οομυὸούντων,
3713 1239 3767 1293 οἱ

2107 1325 2206 1392 τὴν
2282 1321 2574 1398 βασιλικὴν
2640 1325 2887 1402 φυλακὴν
2965 1325 3438 1402 ἐπιτετραμμένοι,
3519 1326 3768 1399 δηλωθὲν

2108 1413 2377 1475 κάκείνοις
2404 1415 2467 1468 τὸ
2506 1411 2798 1488 τόλμημα,
2849 1415 2884 1485 ἢ
2929 1415 3019 1469 καὶ
3070 1416 3218 1491 παρὰ
3261 1421 3421 1472 τοῦτο
3473 1419 3766 1493 πρότερον,

2108 1499 2144 1570 ἤ
2198 1504 2306 1575 μὴν
2367 1503 2606 1575 ἅμα-τῷ
2667 1498 2914 1578 θορυϐεῖν
2970 1503 3206 1568 ἐκείνους
3267 1505 3534 1570 δείσαντες
3584 1504 3766 1578 δῆθεν,

2110 1590 2386 1666 ἐξάγουσιν
2419 1590 2575 1655 εὐθὺς
2601 1593 2663 1646 τὸ
2711 1590 2952 1663 παιδίον,
3016 1593 3151 1648 κατᾶ
3208 1592 3484 1650 δυσωπίαν
3544 1595 3766 1665 ἐλπιζο-

2113 1682 2279 1752 μένην
2329 1681 2404 1744 ὡς
2450 1680 2686 1744 ἐκείνους
2739 1682 3020 1759 ἐμφαίνειν
3067 1688 3358 1746 ποιοῦντας
3408 1686 3620 1762 ἐμφανῆ
3670 1683 3762 1740 τὸν

2109 1773 2446 1843 κρατοῦντα.
2499 1771 2586 1833 Ὡς
2648 1768 2705 1826 δὲ
2762 1771 3020 1849 φανέντος
3077 1777 3176 1827 τοῦ
3234 1775 3364 1828 νέοσ
3413 1773 3502 1829 καὶ
3565 1774 3762 1848 μείζων

333 1856 396 1914 δὲ
438 1859 501 1912 τὸ
547 1856 818 1913 Ἰταλικόν
859 1869 953 1912 “τε
1016 1859 1105 1914 καὶ
1183 1858 1384 1932 ξενικὸν
1422 1903 1436 1929 ,
1495 1857 1827 1932 ἁρπάσαντες
1902 1858 1992 1912 τὸν
2026 1899 2074 1964 Β
2108 1855 2271 1934 ᾔρετο
2331 1862 2364 1928 ἡ
2428 1861 2581 1936 φωνὴ
2639 1859 2729 1914 καὶ
2799 1861 3154 1936 ἂτακτότερον
3233 1859 3550 1937 ἐθορύϐουν,
3616 1863 3764 1937 χειρί

406 1947 1102 1964 ,ιριςιη
1293 1948 1540 1964 κη,
1810 1948 1960 1964 ε,
2314 1947 2326 1964 ι
2502 1949 2916 1964 οη..-
3073 1947 3185 1964 ..μ
3465 1950 3733 1964 _....-

331 1949 551 2024 καὶρὸν,
602 1949 652 2002 0i
714 1949 808 2021 μὲν
868 1947 1164 2020 ἀμύνεσθαι
1221 1948 1350 2011 τοὺς
1394 1949 1744 2019 λυπήσαντας
1803 1948 1996 2022 ὀρεγό-

332 2058 514 2110 μενοι,
568 2038 620 2090 οἱ
669 2033 716 2090 δ’
765 2034 1096 2112 ἐφηδόμενοι
1147 2043 1291 2110 τοῖς,
1345 2036 1390 2092 εἶ
1443 2035 1720 2107 δυνηθεῖεν
1773 2036 1992 2106 ἐκεῖνοι,

325 2125 858 2201 τολμηθησομένοις
918 2129 1056 2201 (ταῖς
1119 2129 1224 2204 γὰρ
1294 2127 1669 2201 καινοτομίαις
1730 2127 1810 2184 ἀεί
1863 2147 1997 2182 ποτε

329 2217 632 2292 χαίρουσιν
683 2213 984 2292 ἄνθρωποι,
1067 2217 1157 2272 καὶ
1238 2217 1362 2292 ῥᾷόν
1436 2239 1519 2279 τις
1595 2215 1722 2272 ἰδὼν
1810 2216 1993 2270 καινὸν

328 2307 503 2362 κακὸν
563 2303 811 2370 τελεσθὲν
874 2305 1135 2378 ἐφησθείη
1206 2313 1323 2369 τοῖς
1390 2309 1650 2362 παθοῦσιν
1708 2305 1743 2375 ἢ
1799 2305 1992 2381 ἀγαθὸν

329 2394 624 2467 συνησθείη
684 2401 804 2458 τοῖς
864 2395 1249 2470 ἀπολαύσασι),
1284 2402 1575 2472 συμμιγεῖς
1635 2398 1722 2466 [Ρ
1751 2397 1868 2468 32]
1918 2399 1998 2466 τῷ

329 2483 544 2556 πλήθει
576 2485 860 2560 γενόμενοι
909 2486 1090 2559 φωνὸς
1139 2486 1335 2564 ἡφίουν
1387 2483 1561 2547 δεινὰς
1617 2483 1855 2540 κάτωθεν
1890 2482 1998 2537 ἄνω

410 2680 499 2734 19.
538 2680 602 2736 Ut
631 2679 941 2735 Muzalones
966 2679 1033 2735 ab
1065 2683 1317 2734 exercitu
1349 2677 1632 2747 interfecti
1658 2677 1794 2732 sint.

405 2769 573 2824 Tunc
605 2769 976 2824 commodum
1010 2784 1203 2823 nonus
1234 2765 1506 2823 illuxerat
1534 2784 1567 2821 a
1598 2770 1784 2821 morte
1814 2765 1993 2836 impe-

329 2857 554 2914 ratoris
594 2857 742 2925 dies,
777 2873 891 2928 quo
924 2857 1053 2927 ejus
1087 2857 1371 2912 memoria
1394 2855 1694 2912 consuetis
1714 2851 1992 2909 honorari

331 2947 552 3004 ritibus
579 2947 848 3004 debebat.
875 2945 1240 3002 Conveniunt
1269 2946 1450 3018 igitur
1470 2945 1529 3000 in
1557 2944 1991 3001 Sosandrorum

333 3037 786 3106 monasterium,
806 3035 906 3090 ubi
940 3052 1155 3108 corpus
1189 3035 1559 3108 imperatoris
1578 3036 1746 3106 juxta
1767 3037 1991 3104 patrem

340 3125 635 3198 sepultum
670 3126 882 3190 fuerat,
917 3129 1206 3196 quantum
1231 3130 1356 3180 erat
1377 3125 1457 3180 ibi
1483 3140 1785 3180 sacrorum
1810 3121 1994 3177 homi-

333 3229 515 3281 num;
550 3211 907 3268 conveniunt
936 3216 993 3268 et
1041 3211 1422 3284 magistratus
1454 3228 1680 3280 omnes,
1716 3209 1993 3264 mulieres

329 3318 568 3374 quoque
583 3302 785 3372 primae
805 3301 1115 3372 dignitatis
1138 3318 1203 3356 ac
1226 3307 1528 3366 matronae,
1547 3305 1672 3354 tum
1697 3297 1986 3370 quidquid

325 3392 388 3446 in
421 3389 708 3463 obsequio
740 3390 1073 3460 principum
1105 3395 1251 3445 erat.
1281 3391 1353 3445 At
1379 3388 1664 3444 militares
1714 3388 1889 3460 cepiee
1918 3388 1988 3442 de

328 3480 633 3535 industria
663 3479 836 3548 infra,
861 3479 1028 3550 quasi
1045 3479 1112 3533 ad
1136 3478 1460 3533 custodiam
1479 3477 1629 3532 circa
1643 3477 1988 3548 principem,

329 3573 473 3625 sunt
501 3569 734 3624 relictis.
772 3568 843 3623 Ut
868 3572 1062 3623 autem
1095 3567 1208 3639 ipsi
1242 3583 1473 3638 quoque
1496 3566 1828 3621 Muzalones
1851 3579 1986 3618 cum

329 3657 902 3729 universisipsorum
921 3657 1161 3712 familiis
1183 3657 1386 3712 eodem
1402 3657 1987 3712 ascenderantosten-

325 3748 523 3804 taedae
557 3747 754 3802 studio
780 3747 948 3818 quasi
973 3747 1280 3818 praecipuae
1305 3747 1613 3816 cujusdam
1635 3745 1899 3816 ipsorum
1925 3743 1984 3796 in

320 3836 606 3892 defunctu
619 3854 668 3890 :n
687 3836 1013 3904 charitatis,
1029 3841 1170 3891 tunc
1184 3835 1499 3901 exercitus,
1512 3833 1835 3906 praesertim
1851 3849 1984 3887 vero

321 3927 539 3982 Italicae
572 3936 624 3983 et
657 3927 972 3983 auxiliares
1004 3932 1208 3983 exterae
1266 3926 1464 3997 copias,
1524 3928 1757 3996 captata
1813 3939 1984 3978 occa-

321 4016 512 4082 sione,
545 4019 759 4089 partim
794 4015 1037 4072 ultionis
1070 4016 1231 4071 ahiis
1260 4013 1986 4087 quileeserantexpetenda

324 4106 956 4171 desiderioinstinctze,
988 4107 1201 4177 partim
1233 4103 1612 4160 conniventes
1630 4101 1984 4157 audentibus

326 4196 588 4268 quadam
621 4196 723 4253 56
757 4195 1068 4251 dulcedine
1099 4195 1376 4251 novitatis
1407 4198 1463 4250 et
1494 4193 1830 4248 curiositate
1861 4189 1986 4262 spei

323 4285 510 4341 mista
541 4301 674 4341 mox
687 4285 921 4341 videndi
946 4283 1081 4356 quis
1105 4281 1985 4356 responderetsuccessusanci-

321 4373 555 4446 pitibus
589 4373 839 4429 aliorum
865 4371 1092 4445 coeptis,
1125 4377 1181 4428 et
1212 4389 1284 4427 an
1298 4389 1414 4427 non
1432 4372 1578 4427 forte
1597 4371 1820 4442 aliquid
1841 4368 1985 4441 ipsis

324 4461 476 4519 utile
506 4463 781 4535 privatim
804 4479 834 4518 e
865 4462 1064 4518 statim
1089 4461 1621 4534 perturbandarum
1645 4459 1986 4516 confusione

322 4567 529 4608 rerum
563 4553 817 4608 oriretur
855 4551 1198 4625 (inopinatis
1230 4551 1382 4606 enim
1416 4550 1845 4607 mutationibus
1867 4549 1984 4603 fere

2103 1947 2411 2004 κατανεύειν
2470 1949 2521 2002 οἳ
2591 1949 2726 2026 ἀμφ’
2805 1949 3007 2004 ἐκεῖνον
3070 1947 3404 2008 διδάσκουσι.
3464 1952 3538 2008 Τὸ
3600 1950 3646 2007 δ’
3695 1955 3760 2023 ἧν

2107 2039 2219 2110 ἅμα
2249 2041 2444 2112 κροΰον
2497 2037 2588 2091 καὶ
2639 2039 2775 2109 πρὸς
2832 2038 3132 2116 ἀμφότερα,
3189 2037 3278 2094 ὅτε
3324 2061 3383 2095 τε
3436 2039 3760 2097 ἀναπελλοι

2106 2128 2194 2181 τὸν
2232 2122 2461 2202 θόρυϐον
2495 2127 2588 2181 καὶ
2637 2128 2720 2181 ὅτι
2780 2126 3060 2203 ἐκχωροίη
3096 2126 3301 2191 διδούς.
3335 2131 3438 2186 Καὶ
3494 2135 3612 2192 τοῖς
3668 2133 3764 2203 μὲν

2105 2214 2231 2290 περὶ
2260 2215 2352 2270 τὸν
2384 2214 2501 2270 νέον
2538 2217 2781 2290 ἄρχοντα
2828 2217 3010 2270 ἱκανὸν
3060 2216 3134 2279 εἷς
3187 2216 3496 2293 ἀπολογίαν
3529 2218 3580 2280 ἐς
3611 2217 3762 2274 ὕστε-

2109 2325 2199 2380 ρον
2261 2304 2398 2380 πρὸς
2453 2301 2582 2367 τοὺς
2639 2305 2912 2380 ἄρχοντας
2966 2306 3000 2375 ἠ
3053 2312 3152 2375 τῆς
3212 2306 3399 2381 χειρὸς
3451 2308 3768 2373 κατάνευσις

2109 2390 2521 2464 ὑπολέλειπτο,
2580 2394 2654 2454 ὡς
2715 2391 2874 2458 δῆθεν
2945 2391 3191 2469 ἐπισχεῖν
3263 2394 3618 2469 οἷκονομοῦσι
3673 2397 3764 2451 τὸν

2108 2476 2362 2555 θόρυϐον,
2410 2486 2527 2542 τοῖς
2590 2479 2647 2536 δὲ
2701 2481 2791 2536 καὶ
2845 2479 2966 2537 λίαν
3028 2482 3223 2556 ὁρκοῦν
3277 2481 3560 2557 ἐνομίζετο
3627 2485 3766 2560 πρὸς

2104 2673 2348 2744 impelli,
2401 2673 2668 2744 nihilque
2690 2674 2927 2728 studere
2967 2673 3128 2729 aliud
3180 2674 3294 2729 nisi
3356 2690 3764 2746 praeoccupare

2103 2762 2536 2834 destinatajam
2570 2763 2642 2817 ab
2675 2763 2806 2818 istis
2837 2763 2968 2818 dira
3007 2763 3067 2816 in
3100 2762 3427 2834 principem
3475 2764 3759 2832 facinora,

2101 2855 2357 2925 dareque
2388 2870 2626 2925 operam
2677 2860 2739 2908 ut
2803 2852 3011 2908 nefarii
3064 2853 3325 2909 latrones
3381 2853 3548 2926 prius
3597 2856 3761 2925 juste

2103 2943 2407 3015 patiantur
2437 2960 2503 2998 ea
2533 2942 2750 3015 quibus
2781 2943 2945 3014 digni
2981 2947 3141 3009 sunt,
3180 2959 3357 3014 quam
3420 2943 3764 3001 immaniter

2089 3036 2502 3109 [exsequantur
2533 3049 2660 3104 quae
2695 3032 2754 3087 in
2787 3031 3075 3104 principis
3107 3034 3163 3088 et
3191 3031 3528 3103 reipublicm
3564 3034 3760 3105 perni-

2104 3121 2254 3176 ciem
2309 3123 2582 3192 cogitant.
2632 3122 2750 3176 Hac
2782 3121 3064 3177 benevola
3082 3122 3153 3177 de
3176 3121 3764 3194 saluteimperatoria

2106 3210 2506 3266 sollicitudine
2538 3212 2926 3266 monstranda
2954 3210 3013 3266 id
3049 3211 3322 3283 agebant,
3357 3214 3422 3266 ut
3450 3226 3762 3268 assensum

2104 3301 2234 3370 ejus
2264 3300 2324 3355 in
2344 3300 2460 3355 vim
2479 3317 2658 3371 quam
2681 3303 2972 3373 parabant
3003 3300 3300 3371 elicerent,
3326 3300 3497 3372 quasi
3521 3301 3760 3373 cupien-

2102 3395 2189 3445 tes
2221 3407 2356 3445 cum
2390 3389 2542 3446 bona
2575 3390 2704 3460 ejus
2731 3390 2900 3446 venia
2931 3391 3090 3462 quod
3147 3391 3526 3446 decreverant
3584 3391 3756 3462 perﬁ-

2101 3494 2251 3548 cere,
2288 3477 2466 3534 simul
2500 3477 2969 3549 subindicantes,
3003 3479 3049 3534 si
3070 3478 3346 3552 princeps
3370 3479 3676 3535 remissior
3694 3479 3756 3536 in

2097 3566 2466 3638 indulgentia
2497 3572 2806 3639 perstaret,
2838 3585 2900 3624 se
2958 3573 3158 3624 tamen
3190 3584 3577 3640 procursuros
3635 3584 3753 3640 quo

2097 3657 2485 3724 intenderent,
2521 3662 2576 3712 et
2607 3657 2899 3713 destinata
2931 3662 3386 3730 perpetraturos.
3421 3657 3590 3712 Talia
3631 3657 3751 3713 illis

2097 3745 2570 3814 vociferantibus,
2604 3745 2781 3802 simul
2813 3751 2870 3803 et
2898 3747 3426 3817 tumultuantibus,
3458 3746 3498 3800 ii
3531 3746 3751 3819 quibus

2096 3835 2417 3889 commissa
2447 3835 2731 3906 principis
2761 3837 3030 3891 custodia
3051 3836 3260 3908 luerat,
3280 3836 3401 3892 sive
3421 3854 3454 3892 a
3473 3835 3746 3908 quopiam

2096 3923 2166 3977 de
2198 3939 2257 3977 re
2289 3939 2418 3993 quae
2451 3922 2735 4003 agebatur
2766 3925 2929 3995 prius
2961 3923 3159 3993 edicti,
3187 3925 3306 3980 sive
3347 3925 3463 3982 sibi
3501 3924 3648 3996 ipsis
3687 3924 3745 3980 in

2094 4015 2256 4068 tanto
2288 4011 2547 4068 tumultu
2583 4016 2934 4084 metuentes,
2967 4015 3226 4070 educunt
3255 4029 3507 4085 puerum
3547 4015 3748 4086 Augu-

2094 4106 2275 4170 stum,
2300 4118 2416 4173 prae
2448 4118 2510 4157 se
2542 4102 2792 4157 ferentes
2825 4102 2881 4157 id
2916 4118 2978 4158 se
3008 4118 3179 4174 agere
3211 4119 3313 4173 spe
3334 4101 3634 4173 placandas
3664 4119 3751 4159 se-

2095 4191 2334 4247 ditionis
2349 4195 2587 4263 aspectu
2601 4195 2658 4246 et
2671 4191 3004 4247 reverentiae
3018 4191 3322 4263 principis,
3338 4192 3752 4263 componendi-

2095 4296 2208 4351 que
2232 4285 2378 4337 nutu
2401 4281 2530 4351 ejus
2553 4279 2612 4335 in
2631 4281 2983 4336 modestiam
3003 4281 3298 4352 inquietos
3321 4281 3547 4336 furores
3562 4281 3750 4353 plebis

2097 4371 2189 4425 57
2228 4370 2499 4426 eﬂ'raenis.
2517 4370 2589 4426 Ut
2604 4374 2799 4426 autem
2818 4370 3047 4442 objecto
3071 4370 3324 4442 publicis
3339 4370 3752 4443 conspectibus

2093 4457 2537 4516 adolescentulo
2571 4459 2761 4530 major
2787 4458 3064 4516 sublatus
3093 4463 3182 4516 est
3205 4460 3428 4516 clamor
3456 4465 3514 4516 et
3560 4459 3750 4533 impo-

2094 4549 2318 4605 tentius
2348 4548 2810 4617 bacchabantur,
2845 4558 3169 4622 suggerunt
3199 4549 3250 4606 ei
3272 4549 3368 4621 qui
3389 4549 3750 4621 circaipsum

326 4657 568 4713 semper
594 4641 959 4697 delectantur
983 4641 1279 4708 homines;
1300 4644 1357 4695 et
1383 4639 1612 4695 facilius
1631 4639 1763 4709 quis
1784 4638 1991 4694 videns
2023 4629 2069 4691 D
2099 4643 2533 4696 erantutmanu
2549 4640 3267 4696 innueret.Eratautemid
3284 4640 3521 4712 signum
3538 4656 3754 4712 anceps

332 4747 560 4787 novum
592 4731 915 4802 quodpiam
947 4730 1006 4785 in
1022 4730 1254 4801 aliquos
1285 4726 1997 4800 malumingruere,mali-

329 4835 521 4892 gnum
547 4820 618 4876 de
649 4819 841 4875 aliena
871 4820 1203 4875 calamitate
1234 4817 1444 4874 sentiat
1474 4818 1757 4889 gaudium
1817 4833 1994 4887 quam

328 4912 491 4966 bono
521 4909 851 4965 fruentibus
874 4908 1237 4981 collactetur),
1255 4906 1696 4979 tunc,inquam,
1714 4905 1998 4962 militares

336 4999 658 5072 utriusque
689 5000 921 5072 generis
956 5000 1158 5071 copiae,
1210 4999 1423 5071 partim
1467 4999 1749 5066 furentes,
1785 4994 1996 5065 partim

332 5090 602 5145 faventes
636 5088 990 5155 furentibus,
1038 5087 1192 5160 plebi
1226 5087 1409 5143 nihilo
1467 5086 1670 5142 mitius
1727 5084 1998 5139 animatae

334 5177 567 5251 passim
602 5177 812 5244 mistaa,
840 5177 1079 5234 insanos
1113 5175 1764 5233 attollebantclamores
1781 5190 1848 5228 ex
1878 5173 1998 5228 imo

335 5272 393 5323 et
427 5265 599 5323 atriis
632 5266 830 5338 palatii
860 5282 1098 5323 sursum
1127 5274 1180 5322 et
1211 5266 1495 5321 fenestras
1512 5281 1738 5330 versus,
1773 5261 1873 5317 ubi
1896 5262 2000 5317 im-

337 5361 698 5430 peratorem,
733 5356 830 5428 qui
859 5373 973 5412 non
1000 5349 1338 5428 apparebat,
1360 5371 1484 5410 esse
1503 5355 1808 5425 putabant,
1833 5353 2000 5423 depo-

339 5449 579 5502 scentes
607 5445 678 5501 ad
712 5463 944 5518 pmnam
971 5446 1247 5518 perﬁdos,
1270 5461 1383 5516 quo
1403 5445 1643 5499 nomine
1667 5441 2002 5497 Muzalones

336 5536 698 5602 innuebant,
723 5534 913 5590 zelum
947 5536 1008 5590 in
1034 5537 1364 5607 Augustum
1385 5539 1440 5590 et
1458 5549 1644 5607 genus
1671 5533 2004 5603 ejusosten-

339 5629 543 5682 tantes
576 5628 635 5680 et
659 5625 892 5697 egregie
921 5623 1267 5681 simulantes
1298 5623 1622 5692 ardentem,
1652 5637 1718 5676 ac
1775 5620 2003 5693 signiﬁ-

344 5718 553 5773 cantes
588 5717 752 5771 metu
784 5730 847 5770 se
905 5713 1195 5771 malorum
1249 5715 1513 5786 Augusto
1563 5709 2004 5768 imminentium

673 5834 937 5900 Paeon.
984 5835 1096 5900 Gn.
1140 5832 1400 5898 CXLIII.

2107 4733 2163 4785 et
2193 4729 2253 4784 in
2273 4730 2564 4785 contraria
2615 4730 2835 4802 pariter
2891 4729 3259 4802 ambiguum,
3293 4747 3426 4786 cum
3486 4735 3544 4786 et
3570 4731 3755 4786 videri

2105 4823 2306 4891 posset
2335 4819 2724 4890 comprimere
2753 4819 3078 4874 tumultum
3105 4836 3171 4874 eo
3201 4823 3370 4891 gestu
3401 4818 3678 4891 voluisse,
3701 4825 3759 4876 et

2106 4909 2589 4978 interpretatione
2621 4925 2736 4964 non
2769 4907 3138 4964 inverisimili
3170 4907 3325 4964 trahi
3376 4912 3574 4980 posset
3602 4908 3757 4964 idem

2107 4999 2166 5052 in
2200 4996 2483 5053 indicium
2512 5014 2801 5053 concessa:
2825 5015 2859 5054 a
2890 4997 3227 5069 principein
3251 5013 3457 5070 parum
3482 4997 3595 5069 ipsi
3615 4998 3762 5054 ﬁdos

2109 5085 2382 5141 saeviendi
2417 5085 2735 5141 facultatis.
2770 5086 2972 5156 Neque
3004 5086 3059 5141 id
3094 5087 3396 5158 ignorasse
3417 5087 3766 5142 videbantur

2109 5175 2208 5245 qui
2239 5174 2493 5246 principi
2527 5176 2811 5230 aderant:
2847 5175 2947 5230 sed
2979 5176 3116 5245 sibi,
3151 5177 3200 5231 si
3233 5176 3344 5231 hoc
3377 5175 3635 5248 periculo
3666 5176 3764 5230 in—

2110 5263 2279 5320 noxie
2310 5264 2773 5334 defungerentur
2798 5265 2898 5334 qui
2925 5265 3102 5320 rebus
3123 5270 3436 5337 praeerant,
3466 5269 3762 5337 receptum

2108 5353 2170 5408 in
2203 5351 2578 5408 excusatione
2608 5355 2897 5423 parabant
2925 5357 3213 5424 tanquam
3244 5355 3315 5409 ab
3345 5354 3492 5425 ipsis
3523 5372 3590 5411 eo
3636 5360 3762 5411 tan-

2111 5446 2240 5497 tum
2275 5441 2474 5496 animo
2506 5457 2683 5497 suasa
2713 5440 2817 5496 illa
2843 5443 3766 5515 protentionemanus,utseditio

2114 5548 2218 5603 per
2248 5546 2376 5586 eam
2431 5529 2940 5600 comprimeretur.
2993 5532 3067 5586 At
3124 5532 3566 5589 tumultuantes
3624 5532 3771 5590 satis

2115 5619 2268 5677 clare
2298 5617 2410 5675 sibi
2433 5634 2774 5674 concessam
2809 5635 2874 5674 eo
2906 5627 3073 5692 gestu
3105 5622 3258 5692 quod
3288 5620 3508 5678 vellent
3560 5622 3773 5694 agendi

2115 5709 2419 5767 licentiam
2446 5707 2843 5765 crediderunt.
2874 5709 3082 5767 Statim
3109 5709 3292 5783 igitur
3313 5709 3548 5768 sublata
3561 5727 3668 5769 vox
3685 5714 3775 5768 est

3376 5831 3453 5892 16
