4090 6416
351 417 454 474 491

342 637 443 687 τοῦ
496 631 787 708 βασιλέως,
837 632 927 687 καί
977 634 1087 706 ἅμα
1134 630 1356 707 ἐχέοντο
1403 627 1750 704 παμπληθεῖ,
1805 627 1896 684 καὶ
1928 629 2001 690 ὡς

343 723 593 797 τιμωρὸς
640 724 741 787 τῆς
799 720 1091 798 βασιλικῆς
1145 719 1419 796 σωτηρίας
1479 718 1718 782 συνέθεεν
1772 714 2001 779 ἕκαστος

347 812 420 874 ὡς
477 811 566 867 καὶ
620 809 1124 888 προσκινδυνεύσοι,
1167 810 1213 865 εἰ
1264 808 1397 867 δεοι.
1449 808 1544 866 Καὶ
1590 807 1876 878 ἀλλήλους
1920 806 2000 878 τῷ

346 896 564 975 θορύϐῳ
621 905 1092 976 παρακρατοῦντες
1163 900 1251 955 ἐπὶ
1315 903 1415 964 τῆς
1473 905 1644 973 μονῆς
1702 898 1999 972 ἠπείγοντο

341 994 447 1044 τῶν
509 988 867 1064 Σωσάνδρων,
925 991 993 1045 τὰ
1047 985 1253 1064 ἔσχατα
1308 989 1450 1043 κακᾶ
1501 987 1649 1059 τοῦς,
1719 986 1793 1050 ώς
1846 983 1999 1040 αὐτοὶ

343 1073 555 1154 ἔλεγον,
623 1076 846 1141 δύσνους
913 1083 994 1151 τῷ
1056 1077 1321 1155 βασιλείῳ
1391 1076 1575 1151 κράτει
1636 1074 1999 1152 πραξείοντες.

347 1166 469 1225 Εἰσὶ
501 1165 548 1222 δ’
596 1166 649 1223 οἳ
695 1169 784 1223 καὶ
837 1164 1027 1242 ἔμενον
1079 1169 1156 1242 μὴ
1205 1167 1580 1238 συναπιόντες,
1621 1166 2000 1239 προμηθέστε-

349 1276 443 1333 ρον
470 1262 753 1319 ποιοῦντες
799 1258 835 1327 ἢ
880 1257 1321 1333 τολμηρότερον,
1370 1256 1460 1311 καὶ
1501 1254 1617 1330 ’ἁμα
1656 1254 1702 1309 εἰ
1754 1250 2001 1309 εκποδὼν

343 1345 675 1423 γενομένους
729 1346 861 1410 τοὺς
914 1348 1034 1411 καθ’
1094 1347 1170 1401 ὧν
1230 1347 1473 1410 συνέθεον
1540 1347 1785 1418 μάθοιεν,
1830 1344 2001 1399 αὐθα-

343 1432 591 1512 δέστερον
662 1433 1001 1511 δρασείοντες
1073 1435 1159 1491 ἐπὶ
1238 1440 1359 1499 ταῖς
1429 1439 1654 1505 σκηναῖς
1718 1434 1855 1509 πρὸς
1936 1432 1998 1486 τὸ

338 1524 587 1601 ἐκφορεῖν
621 1525 690 1581 τὰ
736 1524 1023 1598 κειμήλιαυ
1079 1527 1155 1598 μὴ
1206 1524 1310 1601 γάρ
1361 1527 1496 1579 εἴναι
1538 1524 1629 1579 τὸν
1677 1521 1999 1578 κωλύσοντα

339 1612 485 1669 οὕτω
549 1618 659 1670 τῶν
722 1613 1093 1689 κεκτημένωμ
1155 1612 1556 1672 ἀπολωλότων.
1617 1617 1706 1675 Ὠς
1763 1616 1894 1688 γοῦν
1945 1612 1998 1666 o't

347 1704 443 1777 μὲν
505 1703 714 1778 σύναιμα
769 1705 855 1760 καὶ
905 1725 1015 1760 τισι
1071 1708 1179 1759 τῶν
1251 1702 1302 1759 ἐν
1382 1702 1525 1759 τέλει
1582 1710 1686 1773 τῆς
1719 1699 1994 1775 ὑμνῳδίαις

338 1790 679 1867 τελουμένης
726 1793 874 1856 ἐντὸς
923 1794 1261 1864 εῖστήκεισαν
1316 1798 1414 1849 τοῦ
1459 1797 1612 1866 ναοῦ,
1662 1793 1715 1847 οἱ
1761 1789 1818 1847 δὲ
1871 1811 1995 1845 συν-

341 1881 489 1980 ἐθεον
547 1881 824 1958 πανδημεὶ
884 1879 1237 1960 θορυϐοῦντες
1306 1885 1454 1980 παρὰ
1508 1884 1571 1939 τὸ
1622 1881 1850 1980 σύνηθες
1903 1880 1993 1935 καὶ
2030 1915 2074 1980 Β

338 1968 450 2044 ἤδη
480 1977 599 2035 τοῖς
633 1971 780 2036 ἐντὸς
809 1972 1065 2051 ἐμφανεῖς
1115 1973 1251 2043 ἦσαν
1303 1972 1431 2029 εὐθὺ
1460 1980 1562 2043 τῆς
1598 1978 1767 2046 μονῆς
1800 1970 1994 2042 ἰόντες,

337 2062 481 2124 τινὲς
525 2066 633 2117 τῶν
689 2060 843 2126 ἐκτὸς
909 2059 1078 2119 ὄντων
1125 2063 1411 2139 ὑπηρετῶν
1455 2063 1547 2118 τὸν
1607 2061 1823 2117 ἐκείνων
1862 2060 1993 2116 ὑπο-

334 2150 669 2215 τοπάσαντες
727 2148 999 2227 θόρυϐον,
1056 2154 1131 2225 μή
1188 2151 1243 2207 τί
1300 2174 1407 2208 που
1455 2151 1545 2208 καὶ
1602 2155 1710 2206 τῶν
1763 2151 1993 2226 ἀπειρη-

338 2241 514 2313 μένων
576 2239 823 2318 δράσαιεν
883 2239 1080 2318 σχεδὸν
1160 2241 1457 2316 αὐτόνομοί
1533 2237 1705 2310 ὄντες,
1775 2242 1889 2315 ἅμα
1938 2238 1996 2295 δὲ

333 2330 425 2385 καί
474 2329 565 2386 τὸν
631 2332 996 2407 νεωτερισμὸν
1087 2330 1505 2401 ὑποπτεύοντες,
1584 2328 1816 2401 δηλοῦσι
1900 2333 1992 2383 σὺν

332 2418 507 2496 ώχρῷ
537 2425 616 2493 τῷ
645 2421 930 2495 προσώπῳ
957 2426 1075 2483 τοῖς
1106 2415 1281 2477 ἔνδυνε
1332 2422 1400 2479 Οἱ
1448 2419 1506 2477 δὲ
1552 2417 1763 2493 σπουδῇ
1796 2422 1855 2492 [Ρ
1901 2421 1991 2494 33]

328 2514 446 2572 τοῖς
500 2511 713 2587 κυρίοις
775 2511 839 2566 τὸ
899 2508 1148 2581 δηλωθὶν
1230 2509 1665 2586 ἀπαγγέλλουσι,
1724 2509 1814 2564 καὶ
1873 2508 1993 2563 έπι-

331 2601 566 2674 ζυγῶσαι
594 2601 691 2662 τὰς
727 2601 827 2670 τῆς
876 2606 1053 2674 μονῆς
1101 2598 1280 2664 πύλας
1324 2605 1443 2663 τοῖς
1494 2597 1824 2674 ἐρχομένοις
1857 2619 1995 2672 συμ-

327 2797 602 2871 assentiri
632 2799 967 2872 Augustum
991 2803 1049 2856 et
1078 2808 1378 2858 auctorem
1427 2799 1574 2857 fieri.
1635 2800 1787 2855 Tum
1844 2812 1982 2854 vero

322 2905 431 2961 pro
462 2903 526 2945 se
555 2888 812 2961 quisque
842 2905 1209 2962 procurrere,
1260 2889 1518 2963 singulis
1577 2889 1798 2945 viritim
1855 2904 1984 2944 sese

324 2976 546 3034 ultores
577 2978 934 3050 injuriarum
966 2986 1023 3036 et
1038 2979 1302 3037 vindices
1325 2978 1535 3037 salutis
1558 2978 1840 3051 principis
1865 2977 1985 3050 opi-

325 3067 628 3136 nantibus,
652 3071 710 3123 et
727 3068 887 3124 velut
907 3069 968 3125 in
991 3070 1187 3126 studio
1209 3069 1290 3125 rei
1321 3067 1610 3140 praeclarae
1640 3071 1982 3140 praevertere

324 3154 577 3212 invicem
592 3158 1129 3215 festinationemira
1151 3159 1535 3229 certantibus,
1560 3174 1625 3214 ac
1651 3156 1981 3230 periculum

322 3260 728 3319 praeoccupare
748 3246 918 3318 quasi
934 3247 1150 3303 heroici
1171 3247 1449 3305 facinoris
1465 3248 1978 3320 perturbatissimo

325 3333 599 3392 discursu
651 3339 709 3392 et
737 3340 948 3392 mutua
1003 3339 1340 3393 extrusione
1402 3337 1700 3393 ruentium
1753 3337 1977 3410 impetu

329 3424 581 3480 maximo
620 3441 829 3481 versus
862 3426 1291 3482 monasterium
1321 3427 1776 3494 Sosandrorum,
1826 3427 1977 3483 fero-

321 3513 491 3571 cibus
514 3517 910 3571 extremorum
927 3514 1215 3571 malorum
1232 3515 1407 3571 minis
1429 3516 1498 3572 iis
1515 3516 1980 3583 inferendorum,

321 3619 472 3675 quos
500 3602 817 3661 invidiosis
846 3603 1146 3661 vocabulis
1175 3605 1494 3662 inﬁdorum
1518 3611 1797 3679 Augustae
1820 3610 1980 3678 pote-

323 3692 463 3748 stati
493 3691 896 3764 principisque
927 3692 1184 3749 hostium
1204 3694 1616 3766 designabant.
1637 3696 1762 3751 Non
1782 3700 1980 3752 tamen

323 3780 564 3837 defuere
593 3781 694 3853 qui
725 3781 1141 3854 subsisterent,
1175 3786 1544 3841 continentes
1577 3802 1705 3842 sese
1762 3785 1822 3841 in
1882 3786 1980 3842 illo

328 3869 515 3925 eﬂuso
545 3868 794 3926 aliorum
828 3887 1025 3938 cursu,
1048 3871 1135 3928 vel
1158 3873 1312 3945 quod
1336 3874 1569 3930 cautius
1587 3892 1766 3947 quam
1792 3876 1980 3931 auda-

331 3957 459 4015 cius
489 3974 661 4031 agere
689 3960 1026 4018 consultum
1080 3963 1384 4030 ducerent,
1440 3964 1529 4020 vel
1588 3966 1742 4036 quod
1800 3965 1979 4021 simul

327 4047 504 4105 etiam
536 4055 858 4122 sperarent,
892 4056 1023 4124 post
1050 4053 1352 4123 negotium
1385 4070 1420 4109 a
1449 4054 1821 4110 currentibus
1843 4071 1980 4110 con-

325 4138 543 4195 fertum
558 4139 945 4214 sublatosque
966 4145 1234 4214 potentes
1256 4159 1476 4211 rerum,
1497 4144 1977 4215 quazstuosiorem

325 4228 440 4284 sibi
456 4228 903 4302 relinquendam
927 4248 1165 4302 operam
1189 4232 1551 4305 irrumpendi
1570 4234 1627 4289 in
1651 4234 1803 4290 {edes
1821 4234 1979 4306 ipso-

323 4334 457 4374 rum
487 4322 546 4374 et
600 4319 1034 4391 pretiosissima
1089 4319 1226 4377 inde
1286 4339 1536 4394 quaeque
1592 4324 1974 4396 exportandi;

323 4423 473 4478 quas
504 4406 564 4462 in
594 4408 826 4479 opimas
850 4411 1074 4481 praedas
1106 4410 1312 4466 utilius
1339 4417 1745 4482 expromerent
1792 4417 1975 4469 totam

322 4494 443 4550 vim
465 4496 872 4553 audacissima;
903 4498 1265 4570 rapacitatis,
1298 4501 1535 4556 nemine
1560 4506 1685 4556 tum
1718 4502 1977 4574 prohibi-

327 4586 485 4655 turo,
545 4585 767 4658 quippe
806 4587 930 4656 jam
991 4588 1241 4644 mortuis
1297 4590 1741 4660 possessoribus
1801 4608 1979 4663 opera

1666 412 1969 469 GEORGII
2006 411 2472 467 PACHYMERE
3362 468 3367 471 Α

357 544 698 620 ἐκχώρησιν.
743 541 919 606 Εὐθὺς
977 543 1068 598 οῦν
1132 543 1234 618 βοὴ
1294 538 1438 616 ἤρθη
1498 542 1572 602 ὡς
1627 536 2292 614 ἐκχωροῦντοςΑφέρει,
2357 534 2506 610 μάλα
2582 539 2798 612 θερμῶς
2859 536 3232 613 εἱσηγοῦνται.
3293 535 3361 594 Οἳ
3421 533 3470 591 δ’
3525 534 3776 611 ἠμέλουν

3666 410 3772 468 492

2116 625 2423 696 ἀκούοντες,
2475 623 2645 701 (μηδὲ
2691 627 2793 703 γὰρ
2846 624 2995 702 ἔχειν
3047 622 3347 700 συμϐαλεῖν
3412 625 3606 682 ὁπόθεν
3685 626 3773 683 ἐπὶ

2111 718 2350 794 σφετέρῳ
2407 721 2559 788 κακῷ
2640 714 2769 773 ἴοιεν
2834 718 2885 772 οἱ
2946 718 3302 790 συνθέοντες),
3370 714 3631 793 ἔρχεσθαι
3713 713 3772 772 δὲ

2108 806 2393 869 κάκείνους
2424 805 2499 868 εἷς
2554 807 2649 868 τὰς
2706 808 2892 870 κοινὰς
2949 805 3152 869 ἐκείνας
3210 803 3470 870 τελεστὰς
3519 807 3775 879 ὑπελάμ-

2111 889 2300 953 ϐανον.
2334 896 2422 957 Ὠς
2465 892 2523 951 δὲ
2573 895 2662 950 καὶ
2710 894 2862 959 αὖθις
2916 894 3221 967 ἐξελθόντες
3283 895 3477 951 ἐκεῖνοι
3525 894 3774 968 πλησιαο

2112 985 2314 1038 σάντων
2343 983 2435 1040 λαὶ
2498 983 2711 1057 μᾶλλον
2766 986 2828 1040 τὸ
2888 981 3201 1059 θορυϐῶδες
3257 985 3349 1041 καὶ
3408 986 3636 1041 ἄτακτον
3699 986 3774 1041 ὑπ

2110 1072 2314 1141 ενόουν,
2362 1071 2440 1129 ἔτι
2492 1073 2705 1147 μᾶλλον
2752 1071 3151 1151 κατωρρώδουν
3200 1075 3291 1130 καὶ
3346 1077 3479 1148 μετᾶ
3526 1072 3774 1145 σπουδῆς

2111 1161 2471 1238 εἰσήγγελλον
2524 1164 2591 1219 τὰ
2646 1164 2958 1241 γιγνόμενα,
3016 1164 3105 1219 καὶ
3166 1164 3250 1220 ἐπ’
3315 1164 3543 1228 ἐκείνοις
3604 1162 3772 1220 ἄλλοι

2108 1250 2609 1328 ταχυδρομοῦντες,
2663 1255 2751 1309 καὶ
2802 1252 2956 1318 αὖθις
3007 1252 3200 1309 ἄλλοι*
3229 1252 3357 1310 οὐδὲ
3386 1255 3491 1332 γὰρ
3521 1256 3585 1327 ἧν
3620 1249 3770 1318 ὅστις

2107 1340 2233 1396 τότε
2292 1342 2510 1404 Βλέπων
2570 1344 2646 1416 μή
2718 1342 2806 1398 ἐπὶ
2879 1348 3032 1416 κακῷ
3085 1345 3322 1420 μεγίστῳ
3378 1344 3478 1413 τὴν
3550 1344 3768 1400 ἐκείνων

2111 1429 2287 1508 ἄφιξιν
2324 1431 2556 1489 ὑπενόει.
2586 1434 2741 1487 Ὅθεν
2804 1432 2896 1488 λαὶ
2949 1431 3158 1489 πολλοὶ
3221 1435 3316 1507 μὲν
3371 1433 3496 1508 περὶ
3555 1435 3771 1497 ἑαυτοῖς

2110 1517 2347 1583 δεδιότες
2380 1519 2439 1575 ἐκ
2484 1526 2594 1576 τῶν
2649 1522 2710 1577 οὐ
2763 1521 2946 1579 καλῶν
3009 1522 3229 1579 ἐκείνων
3291 1524 3539 1597 ὑποψιῶν
3596 1522 3773 1586 ἄλλος

2106 1607 2361 1685 ἀλλαχοῦ
2390 1609 2736 1669 κατεδύοντο.
2783 1615 2866 1674 οἷς
2915 1609 2962 1666 δ’
3010 1609 3175 1687 ἔμελε
3221 1618 3331 1669 τῶν
3381 1610 3768 1683 Μουζαλώνων

2105 1697 2274 1754 πλέον
2306 1703 2416 1756 τῶν
2448 1698 2656 1768 ἄλλων,
2706 1701 3027 1777 προσιόντες
3078 1701 3168 1757 καὶ
3214 1700 3367 1766 αὖθις
3399 1701 3613 1776 ἀτάκτῳ
3643 1704 3769 1772 ηθει

2104 1791 2193 1844 καὶ
2232 1791 2514 1865 προσώπῳ
2549 1792 2649 1859 τὴν
2710 1787 2971 1861 εἰσϐολὴν
3026 1796 3135 1847 τῶν
3194 1790 3406 1864 ἀνδρῶν
3437 1791 3759 1866 ὑπεμίμνη-

2104 1900 2256 1948 σκον,
2300 1879 2390 1934 καὶ
2440 1879 2686 1957 ἐφεκτέον
2736 1881 2797 1935 τὸ
2840 1881 3011 1957 τάχος
3044 1879 3233 1958 ἔλεγον
3282 1876 3764 1957 προκαταλαϐοῦσι

2109 1970 2205 2038 τήν
2238 1967 2457 2024 ἐκείνων
2509 1971 2687 2044 ὁρμήν
2741 1966 2829 2025 διὰ
2881 1972 2979 2042 τῆς
3036 1975 3143 2026 τῶν
3199 1969 3389 2027 πυλῶν
3445 1971 3759 2044 ἐπιθέσεωςΙ

2113 2061 2187 2134 μή
2246 2082 2363 2123 πως
2419 2060 2509 2115 καὶ
2568 2060 2839 2138 φθάσωσιν
2891 2060 3245 2126 εἶ’σελθόντες·
3313 2060 3455 2137 μηδὲ
3508 2061 3609 2139 γάρ
3668 2060 3763 2118 ἐπὶ

2105 2148 2262 2221 καλῷ
2318 2170 2426 2205 τινι
2477 2150 2568 2205 τὸν
2617 2154 2875 2205 τοσοῦτον
2923 2146 3153 2226 θόρυϐον
3195 2152 3353 2225 εἶναι,
3401 2149 3528 2207 ἀλλ’
3574 2150 3653 2215 εἵς
3709 2172 3762 2208 τι

2106 2238 2291 2309 λήξειν
2320 2238 2508 2295 κακόν.
2541 2240 2609 2298 Οἱ
2642 2236 2700 2294 δὲ
2726 2244 2832 2295 τῶν
2858 2234 3061 2319 φόϐους
3092 2240 3365 2316 λεγόντων
3399 2240 3498 2296 οὐκ
3525 2238 3767 2311 ἤκουσαν

2106 2328 2271 2390 ὅλωςο
2305 2328 2411 2403 ἦγε
2449 2329 2573 2403 γὰρ,
2609 2329 2786 2403 οἶμαι,
2842 2329 3072 2392 τούτους
3118 2330 3181 2384 τὸ
3237 2329 3533 2407 μόρσιμον,
3580 2329 3766 2387 καὶτὰ

2106 2416 2403 2494 λεγόμενον
2464 2415 2687 2490 ἀληθὲς,
2747 2419 2821 2481 ώς
2905 2421 3212 2497 ἀφαιρεῖται
3271 2420 3369 2482 τὰς
3429 2421 3625 2498 φρένας
3689 2421 3765 2475 ὧν

2103 2507 2369 2564 ἀπολέσαι
2406 2506 2599 2582 μέλλει
2628 2508 2691 2564 τὸ
2730 2514 2904 2567 Θεῖον.
2937 2510 3015 2567 Ού
3053 2510 3162 2583 μὴν
3196 2507 3253 2565 δὲ
3300 2508 3426 2565 ἀλλ’
3461 2507 3590 2565 οὐδὲ
3638 2513 3764 2573 τοῖς

2102 2600 2335 2671 παροῦσι
2387 2602 2496 2653 τῶν
2559 2601 2891 2673 μεγιστάνων
2942 2595 3109 2673 ἔμελε
3161 2598 3225 2654 τὸ
3275 2596 3557 2676 δρώμενον
3589 2598 3764 2655 ἀκού-

2093 2796 2257 2854 diose
2274 2797 3011 2871 suggesserunterevideri
3044 2797 3252 2871 templi
3287 2792 3487 2857 valvas
3519 2798 3755 2856 occludi

2091 2886 2497 2956 venientibus;
2536 2886 2715 2961 idque
2771 2888 2979 2945 ardore
3030 2888 3286 2946 maxime
3338 2888 3629 2961 urgebant
3686 2892 3755 2946 ut

2093 2976 2295 3032 statim
2310 2979 2633 3033 curaretur.
2654 2980 2728 3032 At
2743 2976 2825 3033 illi
2843 2976 3151 3034 audientes
3174 2978 3570 3053 negligebant,
3588 2978 3757 3034 nulla

2091 3062 2304 3120 idonea
2332 3065 2672 3136 conjectura
2701 3066 2827 3123 ﬁeri
2857 3067 3179 3124 verisimile
3201 3069 3427 3125 eausati
3455 3069 3528 3126 ad
3561 3067 3754 3125 ullum

2089 3153 2355 3225 ipsorum
2371 3154 2885 3226 periculumistum
2898 3173 3137 3213 cursum
3154 3156 3753 3230 pertinereznimirum

2093 3243 2491 3316 opinabantur
2522 3244 2614 3317 agi
2645 3243 2928 3318 religione
2960 3258 3063 3303 aut
3103 3247 3299 3304 studio
3330 3245 3747 3304 cohonestandi

2092 3332 2379 3406 principis
2414 3334 2644 3390 turbam
2664 3335 2849 3403 illam,
2873 3339 2929 3392 et
2946 3335 3095 3392 nihil
3117 3335 3275 3393 aliud
3296 3354 3471 3410 quam
3489 3345 3748 3408 spectare

2092 3426 2195 3478 aut
2225 3422 2680 3495 frequentiorem
2710 3424 2955 3482 reddere
2992 3426 3297 3482 funebrem
3322 3425 3573 3499 Augusti
3592 3441 3751 3481 mor-

2090 3511 2178 3566 tui
2210 3512 2552 3585 panegyrim
2583 3529 2817 3586 cupere.
2851 3513 2925 3570 Ut
2956 3518 3153 3571 autem
3176 3516 3276 3588 qui
3302 3515 3424 3572 haec
3446 3515 3753 3573 suntiave-

2091 3605 2225 3656 rant
2246 3618 2485 3657 rursum
2516 3603 2738 3675 egressi
2774 3603 3018 3676 propius
3035 3605 3162 3676 jam
3186 3604 3449 3677 appulsa:
3469 3602 3747 3660 multitu-

2091 3690 2248 3747 dinis
2279 3691 2530 3747 furentis
2560 3692 2855 3748 fremitum
2896 3697 2927 3749 e
2955 3693 3150 3751 vicino
3173 3692 3746 3752 terribilioremhau-

2089 3795 2219 3836 sere
2250 3780 2546 3851 sensibus,
2580 3798 2668 3849 eo,
2729 3781 2864 3854 plus
2917 3784 3395 3841 cohorrescentes
3451 3782 3749 3840 iterarunt

2088 3868 2377 3926 indicium
2408 3870 2720 3927 crescentis
2748 3870 2910 3935 mali,
2931 3873 3295 3940 nuntiantes,
3319 3877 3385 3929 ut
3400 3872 3587 3945 prius,
3610 3889 3742 3945 quae

2090 3960 2387 4016 recentius
2418 3969 2755 4032 cognorant.
2789 3962 2951 4028 Quod
2968 3964 3543 4020 moxconfirmarunt
3557 3979 3743 4019 cursu

2090 4047 2303 4105 anhelo
2336 4049 2678 4106 festinantes
2709 4049 2810 4105 alii
2866 4067 3042 4122 super
3099 4051 3266 4109 alios.
3329 4052 3531 4125 Neque
3580 4051 3744 4109 enim

2088 4139 2206 4210 iam
2236 4137 2363 4206 ulli,
2394 4139 2496 4210 qui
2518 4143 2784 4195 uteretur
2810 4141 2983 4198 modo
3012 4142 3306 4211 sensibus,
3331 4143 3581 4198 dubium
3614 4144 3745 4198 erat

2087 4228 2230 4300 quin
2264 4229 2323 4284 in
2355 4228 2645 4300 tragicum
2676 4230 2897 4285 exitum
2949 4230 3237 4287 fanaticus
3295 4231 3404 4288 iste
3453 4246 3741 4289 accursus

2086 4321 2438 4390 erumperet.
2472 4319 2661 4382 Quare
2693 4318 2866 4374 multi
2917 4318 3031 4376 sibi
3087 4320 3360 4392 privatim
3413 4324 3745 4377 metuentes

2086 4408 2393 4463 admonitu
2426 4406 2780 4464 indiciorum
2815 4408 3143 4481 ingruentis
3186 4409 3325 4466 mali
3388 4410 3543 4467 alius
3596 4410 3745 4467 alibi

2085 4495 2527 4552 abscondebant
2583 4510 2733 4550 sese.
2793 4497 3020 4562 Quibus
3075 4500 3275 4554 autem
3329 4498 3520 4569 major
3558 4513 3745 4569 quam

2085 4584 2309 4639 caeteris
2336 4583 2712 4640 Muzalonum
2743 4601 2885 4641 cura
2912 4590 3056 4655 erat,
3082 4587 3278 4643 denuo
3299 4587 3533 4659 trepido
3558 4603 3743 4644 cursu

327 4688 530 4730 eorum
564 4691 713 4746 quos
743 4674 802 4730 in
836 4676 891 4731 id
924 4692 1278 4747 praecurrere
1308 4679 1599 4735 sinebant.
1633 4679 1779 4735 Cum
1840 4697 1977 4752 ergo
2011 4667 2055 4733 D
2088 4673 3362 4748 vultuqueturbatoipsosadibant,impetum
3378 4681 3744 4734 armatorum

326 4762 465 4819 dum
485 4760 1228 4836 hymnodiacelebraretur,
1253 4766 1585 4822 Muzalones
1607 4784 1739 4824 cum
1761 4768 1982 4841 primo-

327 4851 494 4908 ribus
559 4852 915 4924 optimatum
970 4852 1128 4910 intra
1197 4853 1489 4926 templum
1546 4861 1817 4925 starent,
1875 4860 1978 4916 58

326 4956 527 5008 ruens,
560 4946 627 4997 ut
652 4942 877 4998 dictum
909 4947 1018 5012 est,
1050 4942 1309 4999 tumultu
1357 4944 1596 5001 insolito
1658 4946 1977 5005 multitudo

326 5030 700 5087 adventabat.
718 5033 922 5104 Etjam
949 5032 1051 5105 qui
1077 5032 1241 5089 intus
1263 5034 1766 5107 erantintelligere
1788 5054 1977 5110 cmpe-

325 5122 456 5175 rant
485 5135 615 5174 eam
651 5120 878 5177 turbam
912 5125 1066 5178 recta
1100 5121 1159 5176 in
1194 5123 1621 5180 monasterium
1653 5126 1812 5194 ferri,
1838 5144 1974 5183 cum

324 5207 561 5279 quidam
585 5223 617 5263 e
639 5208 927 5265 ministris
941 5209 1316 5267 Muzalonum
1343 5211 1484 5269 foris
1506 5213 1974 5285 opperientibus,

320 5296 488 5352 veriti
506 5314 624 5369 quo
646 5301 962 5371 tempestas
986 5305 1270 5371 suspectae
1286 5301 1563 5358 novitatis
1582 5302 1971 5376 incumberet,

321 5389 381 5442 et
413 5403 530 5441 non
562 5387 691 5443 sine
719 5404 899 5444 causa
930 5393 1264 5446 metuentes
1294 5407 1365 5446 ne
1398 5395 1625 5448 armata
1666 5398 1723 5449 et
1769 5392 1964 5466 legum

320 5492 530 5532 secura
550 5476 762 5533 seditio
796 5477 854 5533 in
887 5478 1103 5533 fcedum
1135 5478 1371 5551 aliquod
1407 5481 1702 5539 desineret
1718 5483 1971 5554 facinus,

316 5564 542 5637 pallido
572 5564 739 5622 vultu
766 5566 1096 5639 periculum
1129 5568 1481 5626 nuntiarunt
1530 5571 1707 5644 iisqui
1731 5590 1798 5629 ex
1828 5574 1972 5629 intc-

317 5654 459 5711 riori
475 5654 756 5713 comitatu
780 5654 1155 5713 Muzalonum
1176 5655 1630 5731 intratemplum
1652 5664 1969 5718 versaban-

315 5746 432 5801 tur.
466 5743 537 5801 Hi
570 5760 692 5802 rem
726 5746 926 5804 statim
959 5745 1026 5801 ad
1062 5745 1334 5804 dominos
1367 5748 1703 5806 detulerunt
1760 5759 1816 5808 et
1846 5757 1967 5809 stu-

2089 4763 2445 4820 irruentium
2477 4763 2829 4832 indicantes,
2880 4769 2937 4822 et
2994 4782 3349 4840 magnopere
3388 4767 3745 4840 suadebant,

2080 4853 2362 4924 juberent
2392 4852 2608 4925 opponi
2639 4853 2975 4911 furentibus
3012 4859 3317 4927 portarum
3344 4855 3539 4914 obices
3555 4857 3657 4915 59
3684 4862 3751 4914 et

2086 4942 2377 5015 templum
2408 4942 2608 4998 statim
2639 4943 3099 5016 claudijamjam
3132 4945 3289 5002 intro
3321 4946 3664 5020 irrupturis,
3688 4947 3747 5003 si

2088 5036 2314 5105 pateret
2346 5048 2359 5088 :
2392 5048 2529 5088 nam
2561 5036 2794 5089 tantum
2823 5034 3149 5091 tumultum
3181 5035 3331 5091 nihil
3352 5036 3490 5092 boni
3511 5040 3753 5110 porten-

2086 5124 2240 5179 dere.
2274 5122 2678 5179 Narrabantur
2707 5139 2775 5178 ea
2800 5124 3015 5181 surdis.
3049 5126 3476 5181 Perstabantin
3503 5141 3746 5184 summo

2085 5210 2344 5286 periculo
2376 5215 2598 5268 temere
2629 5211 2841 5268 securi.
2865 5214 3091 5287 Agebat
3121 5213 3342 5287 quippe
3372 5214 3507 5272 illos
3541 5215 3745 5273 fatalis

2082 5306 2226 5376 puto
2248 5301 2476 5358 caecitas
2498 5300 2557 5356 in
2582 5301 2882 5359 decretum
2904 5303 3056 5375 ipsis
3077 5304 3494 5362 infortunium.
3518 5303 3745 5362 Verum

2081 5392 2307 5449 scilicet
2334 5394 2424 5447 est
2453 5392 2604 5461 quod
2637 5392 2753 5448 dici
2777 5391 2947 5463 solet,
2969 5410 3120 5465 quos
3144 5394 3389 5466 perdere
3410 5393 3534 5450 vult
3560 5394 3744 5466 Deus,

2081 5481 2155 5537 iis
2185 5483 2319 5535 ante
2350 5477 2549 5533 omnia
2580 5483 2838 5535 mentem
2872 5480 3119 5552 eripere.
3152 5482 3264 5537 Sed
3314 5496 3421 5538 nec
3473 5483 3576 5554 qui
3633 5484 3747 5539 ad-

2080 5573 2248 5626 erant
2270 5582 2563 5639 proceres,
2580 5567 2834 5625 multum
2855 5570 3431 5627 curarevidebantur
3451 5587 3742 5644 quorsum

2078 5661 2414 5731 spectarent
2444 5674 2575 5729 quae
2605 5658 2928 5716 audiebant
2942 5660 3091 5729 fieri,
3112 5661 3201 5718 vel
3234 5661 3488 5733 quadam
3511 5679 3744 5734 praeno-

2076 5744 2241 5807 tione'
2265 5746 2682 5822 gerendorum,
2713 5746 2803 5806 vel
2827 5750 2897 5806 ad
2933 5750 3093 5822 ipsos
3119 5748 3278 5807 haud
3302 5751 3413 5807 rati
3444 5753 3743 5824 pertinere
