4090 6426
323 417 432 472 493

1396 421 1493 473 DE
1531 419 1902 475 MICHAELE
1942 419 2390 478 PALEOLOGO
2423 423 2560 478 LIB.
2599 427 2646 477 Ι.

3641 423 3748 480 494

317 560 499 609 ουσιν,
557 538 664 594 εἷπε
719 540 852 595 κατά
907 559 1028 594 τινα
1080 538 1390 620 πρόγνωσιν
1455 546 1564 598 τῶν
1639 540 1981 616 μελλόντων,
2011 546 2062 614 Α
2095 545 2192 614 τὴν
2254 547 2519 618 μυστικὴν
2578 545 2846 623 τράπεζαν
2895 547 3144 605 ὑπελθὼν
3188 548 3387 612 ἐκεῖθεν
3447 549 3583 620 ᾤετο
3643 549 3754 602 σώ-

314 629 425 686 ε’ίτε
461 630 571 703 μὴν
602 629 689 684 καὶ
740 628 925 693 αὐτοῖς
983 631 1046 684 ού
1103 629 1269 703 μέλον
1302 631 1396 686 κᾶν
1433 632 1462 686 ὅ
1491 654 1543 686 τι
1589 632 1679 686 καὶ
1728 629 1976 708 δράσειαν

539 719 547 737 Ι
749 721 761 741 ,
894 721 906 738 ,
957 719 971 738 Ἴ
1201 720 1212 740 Ι
1391 723 1403 738 \
1572 720 1619 740 ΙΝ

313 723 696 794 συναχθέντες.
765 718 886 774 Λλλ
953 739 1006 774 εν
1054 742 1299 794 τοσουτῳ
1347 743 1441 784 τας
1475 723 1716 784 εἰσοοους
1772 745 1978 800 προκα-

308 805 728 882 ταλαμϐάνουσι
780 810 871 863 καὶ
931 814 1218 886 κρατοῦσιν
1286 813 1338 864 οἱ
1388 811 1649 884 ἐπιόντες,
1709 813 1800 868 καὶ
1885 814 1976 886 ἅμ’

315 899 689 976 εἷσχεομένων
767 897 916 961 ἐντὸς
975 902 1133 954 κακοὶ
1212 896 1438 975 θόρυϐοι
1513 902 1673 974 ἦσαν,
1746 903 1836 958 καὶ
1896 906 1980 967 οἷς

311 986 488 1061 ἔδρων
517 1011 576 1044 τε
600 990 690 1043 καὶ
723 987 990 1058 ἠπείλουν
1044 989 1307 1065 πρότερον
1343 998 1376 1060 ἣ
1406 991 1494 1045 τὸν
1528 992 1655 1046 ναὸν
1711 990 1973 1056 εἰσελθεῖν

315 1075 485 1147 δῆλοι
511 1081 644 1146 ἦσαν
704 1082 990 1155 φονῶντες.
1052 1080 1149 1132 Ἦν
1203 1081 1292 1133 οὖν
1349 1085 1428 1151 τῷ
1485 1075 1974 1156 πρωτοὸεστιαρίῳ

312 1168 704 1242 γραμματικὸς
791 1167 1017 1236 οἰκεῖος,
1103 1167 1484 1242 Θεοφύλακτος
1557 1175 1803 1244 τοῦνομα
1884 1171 1975 1224 καὶ

312 1257 447 1330 ἐμὸς
535 1258 816 1330 συγγενὴς,
887 1258 1229 1330 προσόμοιος
1286 1263 1364 1330 τῷ
1417 1258 1590 1330 κυρίῳ
1657 1260 1712 1315 τᾶ

307 1345 668 1418 Ἐξελθόντος
727 1350 857 1420 γοῦν
918 1346 1006 1401 ἐπὶ
1055 1352 1134 1418 τῷ
1207 1353 1392 1422 μαθεῖν
1474 1347 1678 1403 ἐκείνου
1742 1347 1972 1427 σφάλλει

305 1436 439 1499 τοὺς
498 1435 748 1498 ἐπιόντας
801 1439 836 1505 ἡ
900 1436 1200 1510 ὁμοιότης,
1267 1438 1668 1512 συναιρομένης
1724 1440 1815 1492 καὶ
1872 1447 1974 1509 τῆς

306 1525 640 1601 ἀμπεχόνης
697 1525 957 1599 πενθίμου
1019 1525 1185 1597 οὕσης
1268 1528 1349 1582 ἐπ’
1428 1526 1550 1597 ἴσης
1607 1531 1697 1582 καὶ
1754 1534 1972 1601 μικροῖς

305 1617 399 1673 καὶ
459 1614 728 1690 μεγάλοις
783 1614 872 1670 διὰ
928 1617 1018 1671 τὸν
1083 1615 1353 1691 βασιλέως
1421 1619 1670 1678 θάνατον.
1728 1620 1975 1674 κάκεῖνον

312 1705 752 1768 ὑποτοπάσαντες
836 1707 928 1760 τὸν
997 1705 1330 1780 ζητούμενον
1418 1709 1548 1762 εἶναι
1624 1707 1780 1772 εύθὺς
1823 1708 1973 1762 ἀναι-

310 1800 469 1872 ροῦσι
501 1795 688 1850 κοπίσι
724 1794 965 1869 μυρίαις⁹
1019 1795 1080 1850 ού
1139 1796 1244 1872 γὰρ
1302 1795 1368 1864 ἦν
1428 1795 1574 1858 ὅστις
1632 1799 1722 1852 καὶ
1781 1800 1972 1869 τεθνη-

535 1258 816 1332 συγγενὴς,
887 1258 1229 1333 προσόμοιος
1286 1263 1364 1330 τῷ
1417 1258 1590 1332 κυρίῳ
1657 1260 1723 1315 τὰ
1779 1259 1970 1316 πάντα.

2091 639 2293 704 ζεσθαι,
2351 636 2378 690 ὁ
2440 633 2485 689 δ’
2542 632 2732 691 ὄπισθε
2805 643 2905 707 τῆς
2975 641 3071 692 τοῦ
3129 642 3260 692 ναοῦ
3316 636 3502 706 πύλης
3561 637 3750 692 ἑαυτὸν

2089 726 2403 795 συνωθήσας
2458 723 2538 793 ἐφ’
2598 727 2744 798 αύτῴ
2804 725 3022 804 ἐφεῖλκε
3076 727 3433 805 στεῤῥῶςικαὶ
3469 726 3543 788 ὼς
3599 729 3748 801 εἶχεν

2087 813 2162 874 ὡς
2225 813 2518 883 συνιζάνειν
2573 814 2624 871 ἐν
2685 814 2927 889 ἐπιπέδῳ
2987 818 3038 871 οἱ
3095 819 3194 888 τήν
3258 816 3463 892 θύραν,
3524 817 3598 878 ὡς
3657 815 3748 870 καὶ

2085 901 2532 976 προσκολλᾶσθαι
2579 902 2756 960 δοκεῖν
2808 908 3164 980 ἠνεῳγμένην
3214 911 3294 979 τῷ
3345 904 3617 980 ἀντιθύρῳ
3652 926 3749 978 μη-

2086 989 2233 1056 δενὸς
2280 991 2536 1065 ἐμποδὼν
2587 994 2762 1060 ὄντος.
2824 997 2886 1052 Ὀ
2949 993 2994 1050 δ’
3055 995 3272 1051 ἐκείνων
3330 990 3580 1070 γαμϐρὸς
3633 994 3745 1068 (καὶ

2085 1082 2241 1144 οὗτος
2284 1083 2383 1157 γὰρ
2463 1084 2642 1160 ὥσπερ
2725 1087 2823 1154 τῆς
2909 1084 3205 1161 εὐπραγίας
3287 1089 3406 1147 τοῖς
3459 1082 3742 1160 συγγενέσι

2086 1177 2359 1246 μετεῖχεν,
2429 1172 2572 1228 οὕτω
2627 1175 2718 1228 καὶ
2775 1175 3036 1236 κοινωνὸς
3084 1173 3287 1248 ἔμελλε
3339 1172 3582 1251 γενέσθαι
3641 1180 3743 1244 τῆς

2083 1258 2440 1337 δυσπραγίας)
2503 1263 2757 1338 ἀλλαχοῦ
2813 1263 2936 1340 περί
3011 1285 3118 1320 που
3174 1266 3236 1319 τὸ
3311 1267 3419 1318 τῶν
3475 1262 3744 1338 βασιλέων

2082 1353 2264 1426 ἡρῷον
2316 1353 2388 1414 ὡς
2447 1354 2564 1428 εἶχε
2620 1353 3032 1429 παραδυόμενος
3088 1355 3274 1410 λαθεῖν
3353 1350 3630 1410 ἔσπευδεν.
3682 1355 3743 1412 Ὁ

2087 1441 2267 1512 μέντοι
2299 1462 2360 1516 γε
2390 1438 2893 1519 πρωτοϐεστιάριος
2927 1445 2978 1498 ἐν
3012 1450 3130 1506 τοῖς
3173 1442 3389 1506 ἀδύτοις
3437 1441 3528 1498 καὶ
3577 1442 3743 1505 ἀῦτδς

2081 1529 2341 1594 εἷ’σελθὼν
2383 1537 2480 1586 τοῦ
2537 1537 2686 1602 ναοῦ,
2745 1534 2837 1590 καὶ
2894 1536 3032 1609 πρὸς
3087 1537 3157 1607 τῇ
3217 1533 3394 1609 κόγχῃ
3450 1531 3742 1608 γενόμενος

2080 1622 2177 1687 τῆς
2206 1622 2536 1691 προθέσεως,
2586 1621 2673 1677 ἐπί
2729 1644 2781 1677 τι
2840 1621 3100 1686 κιονῶδες
3161 1622 3448 1697 ἱστάμενον
3512 1621 3739 1696 ὑπονέρ-

2079 1728 2237 1784 χεται
2272 1754 2286 1782 ,
2343 1712 2430 1766 καὶ
2491 1716 2570 1766 τῶ
2626 1711 2798 1768 ἐκεῖσε
2856 1712 3122 1768 σκοτώδει
3181 1712 3275 1767 σὺν
3332 1717 3447 1774 τοῖς
3521 1708 3742 1772 ἀδύτοις

2080 1799 2286 1875 θαρρεῖ,
2322 1799 2486 1856 Ἀλλ’
2523 1801 2622 1856 οὐκ
2669 1801 2735 1870 ἦν
2788 1800 3113 1857 οἱστισινοῦν
3172 1801 3391 1858 ἐκείνων
3454 1797 3738 1875 διαδρᾶναι

309 1884 411 1940 κύ-
511 1880 642 1924 tau“.
707 1908 726 1919 _
814 1885 850 1918 τ.
928 1879 986 1910 νρ
1103 1905 1139 1924 ,Ἴ
1215 1885 1296 1939 ἐν
1354 1885 1374 1918 2
1417 1887 1460 1918 ,ι
1607 1888 1637 1906 ει
1672 1907 1693 1920 Α
1752 1884 1794 1904 M
1890 1909 1904 1922 .
1949 1887 1960 1906 ι
2116 1889 2128 1906 ε
2269 1888 2280 1910 ι
2320 1886 2344 1907 δ
2684 1895 2707 1906 ο
2935 1891 2949 1911 \
3083 1892 3090 1908 ν
3580 1891 3609 1902 ν

391 1907 432 1940 ιι
464 1906 527 1940 το
560 1905 724 1940 suo.
770 1906 872 1939 ουκ
928 1905 1155 1939 εοαπτε.)
1244 1907 1281 1939 π
1355 1906 1556 1940 εκεινιο.
1624 1895 1691 1940 Ω.
1747 1905 1804 1940 οε
1863 1887 2167 1940 ἐκωπτον
2228 1909 2494 1940 κινουνον.
2569 1888 2826 1940 Illam-rm
2892 1913 2990 1940 νας)
3061 1893 3210 1940 ὅντες
3282 1892 3334 1940 οἱ
3387 1889 3609 1940 ἐωοοιιω

391 1887 527 1941 τιτὸ
560 1887 726 1960 ἔγχος
770 1887 872 1939 οὐκ
928 1887 1155 1939 ἔδαπτεν
1215 1887 1296 1939 ἐπ’
1354 1887 1556 1964 έκείνφ.
1607 1888 1693 1948 Ὡς
1747 1887 1804 1941 δὲ
1863 1887 2167 1990 ἐγώΒτὸν
2228 1887 2494 1945 κίνδυνον.
2569 1888 2826 1947 Πλεῖστοι
2892 1891 2990 1966 γὰρ
3061 1892 3210 1954 ὅντες
3282 1892 3334 1946 οἱ
3387 1889 3736 1969 ἐφορμῶντες

529 1971 554 1990 ,ρ
1259 1976 1273 1990 .
1424 1974 1684 1990 ηε.-
1894 1976 1904 1990 ,
2145 1977 2156 1990 .
2658 1981 2776 1990 ..
2999 1981 3011 1990 .
3308 1983 3445 1990 ._
3649 1979 3659 1990 .

306 1996 460 2037 τινος
519 1971 777 2044 ἤκουσα,
839 1973 1176 2052 ἀπερῥόφουν
1256 1976 1315 2030 ἐκ
1383 1979 1482 2046 τῆς
1540 1974 1716 2046 δεινῆς
1779 1976 1970 2049 μανίας

304 2064 409 2122 τοῦ
442 2063 692 2139 αἳματος.
726 2064 880 2133 Πλήν
914 2063 1039 2120 ἀλλ’
1101 2065 1256 2128 εὒθύς
1310 2064 1408 2119 οὐκ
1456 2065 1686 2140 ἠγνόουν
1734 2065 1965 2144 σφαλέν-

302 2174 418 2218 τες’
479 2155 542 2208 τὸ
600 2155 703 2230 γὰρ
759 2151 984 2208 πέδιλον
1065 2155 1333 2232 ὑποφανέν
1401 2159 1498 2209 τοῦ
1568 2153 1738 2218 ποδὸς
1801 2154 1968 2230 μέλαν

304 2240 364 2299 ὄν
403 2247 465 2318 [Ρ
523 2246 614 2317 34]
672 2247 779 2298 τῶν
845 2240 1214 2318 δεδρακόντων
1278 2243 1507 2321 φανερὰν
1564 2243 1784 2320 ἄγνοιαν
1840 2266 1969 2299 κατ-

304 2334 524 2411 ηγόρει.
582 2335 682 2388 Καὶ
739 2332 1044 2409 παραυτίκα
1124 2335 1237 2406 μεθ’
1299 2333 1382 2388 ὅτι
1439 2333 1704 2406 πλείστης
1773 2335 1967 2408 μανίας

301 2424 395 2480 καὶ
481 2430 733 2499 ταραχῆς
809 2424 1056 2500 ξιφήρεις
1132 2423 1462 2496 ἐμπίπτουσι
1535 2429 1615 2496 τῷ
1683 2428 1819 2496 ναῷ,
1876 2425 1965 2479 καὶ

304 2520 660 2588 παραχρῆμα
704 2512 971 2589 φανέντων
1013 2517 1119 2567 τῶν
1167 2514 1457 2591 φονώντων
1519 2513 1735 2568 ἐκεινων
1793 2514 1820 2568 ὁ
1873 2515 1966 2585 μὲν

309 2603 461 2676 ἱερὸς
521 2601 689 2676 ὕμνος
765 2604 1204 2674 κατασιλάζεται,
1281 2599 1467 2658 ἄλλων
1546 2600 1800 2678 ἀλλαχοῦ
1863 2607 1970 2656 τῶν

311 2691 646 2768 ψαλλόντῶν
707 2689 1143 2765 σκεδαννυμένων
1223 2693 1311 2747 καὶ
1369 2689 1796 2766 παραδυομένων
1856 2712 1972 2766 γω-

311 2783 454 2845 νίαις
501 2782 592 2837 καὶ
642 2781 834 2846 τόποις
892 2781 972 2844 οἶς
1002 2780 1242 2852 ἤλπιζον
1277 2783 1561 2850 σώζεσθαι.
1596 2783 1663 2838 Οἱ
1711 2778 1768 2835 δὲ
1817 2783 1973 2837 Μου-

317 2872 582 2944 ζάλωνες,
641 2872 668 2927 ὁ
735 2872 830 2945 μὲν
883 2877 1002 2934 τοῖς
1067 2869 1286 2933 ἀδύτοις
1342 2870 1672 2948 προστρέχει
1722 2869 1811 2925 καὶ
1872 2870 1974 2924 ὑπὸ

327 3002 485 3072 quod
519 2999 709 3056 acturi
739 3004 904 3056 erant
935 2999 1034 3073 qui
1059 2998 1756 3056 concurrebant.lnterim
1789 2998 1986 3054 aditus

333 3094 745 3163 praeoccupant
759 3094 816 3146 et
841 3089 1112 3161 praesidio
1141 3090 1421 3145 muniunt
1442 3089 1544 3161 qui
1565 3090 1691 3161 jam
1713 3103 1986 3160 pervene-

333 3181 761 3237 rantseditiosi:
784 3177 1983 3252 quoruminfundenteseszcvaundiquevi
2020 3219 2062 3288 Ο

332 3273 454 3325 tota
471 3270 694 3342 passim
722 3271 844 3325 aede
871 3286 1040 3326 sacra
1064 3268 1346 3325 tumultus
1375 3269 1584 3341 ingens
1615 3269 1745 3323 fuit.
1780 3269 1861 3323 Ex
1895 3267 1988 3323 his

327 3376 460 3430 qua:
493 3365 548 3416 et
574 3360 836 3416 fecerant
879 3364 935 3415 et
987 3359 1197 3415 minati
1247 3362 1414 3414 erant
1445 3357 1791 3430 priusquam
1843 3360 1991 3413 tem-

326 3449 494 3520 plum
525 3450 1000 3522 ingrederentur,
1033 3447 1228 3520 palam
1259 3453 1383 3504 erat
1432 3449 1642 3503 eadem
1678 3447 1839 3518 ipsos
1873 3447 1985 3519 spi-

327 3555 480 3594 rare.
514 3541 652 3595 Erat
696 3537 1143 3610 protovestiario
1193 3537 1619 3610 grammaticus
1673 3537 1984 3592 familiaris

322 3627 806 3701 Theophylactus
883 3628 1144 3696 nomine,
1233 3643 1399 3682 meus
1475 3627 1983 3697 consanguineus,

321 3717 564 3774 domino
597 3734 700 3790 per
730 3719 929 3773 omnia
982 3716 1214 3774 similis.
1266 3721 1433 3771 Hunc
1478 3716 1866 3788 prodeuntem
1921 3720 1985 3770 ut

320 3807 546 3862 videret
578 3808 718 3879 quid
753 3808 833 3863 rei
862 3813 1116 3879 geretur,
1168 3806 1492 3877 conspicati
1543 3804 1810 3861 seditiosi
1841 3820 1978 3876 pro-

321 3896 736 3952 tovestiarium
777 3912 908 3952 esse
953 3897 1150 3967 ipsum
1203 3895 1522 3961 credidere,
1554 3893 1790 3948 fallente
1821 3893 1982 3965 ipsos

323 3985 441 4042 oris
492 3992 548 4041 et
603 3989 841 4042 staturae
895 3985 1307 4052 similitudine,
1360 3987 1416 4039 et
1464 3998 1719 4039 errorem
1765 3984 1982 4039 confir-

324 4079 528 4131 mante
587 4075 714 4148 pari
777 4079 906 4131 tum
973 4091 1186 4146 genere
1245 4074 1529 4142 vestitus;
1591 4074 1746 4144 quod
1808 4078 1873 4128 ut
1921 4074 1981 4128 in

321 4164 491 4221 luctu
524 4169 580 4220 et
619 4164 916 4236 exsequiis
969 4163 1275 4235 principis,
1335 4163 1511 4218 atrati
1557 4179 1762 4218 omnes
1818 4162 1982 4233 parvi

321 4269 489 4324 aeque
539 4270 606 4310 ac
657 4254 882 4324 magni,
934 4251 1095 4324 pulla
1143 4251 1361 4307 similis
1409 4251 1731 4306 admodum
1782 4251 1980 4307 formae

324 4347 486 4399 veste
518 4343 854 4400 utebantur.
889 4343 1036 4414 Ergo
1067 4341 1436 4413 huncipsum
1471 4342 1582 4396 rati
1616 4357 1791 4412 quem
1825 4357 1980 4412 quaa-

325 4433 558 4501 rehant,
591 4432 915 4489 conﬁciunt
943 4430 1482 4488 innumerabilibus
1533 4429 1724 4502 plagis
1758 4447 1772 4485 :
1808 4447 1980 4486 nemo

324 4522 485 4579 enim
517 4525 641 4579 erat
676 4522 773 4594 qui
806 4521 865 4576 in
890 4522 1018 4592 jam
1051 4519 1266 4576 mortui
1300 4535 1541 4592 corpore
1593 4519 1811 4574 ferrum
1862 4537 1978 4575 non

2077 1977 2202 2041 τοὺς
2256 1980 2348 2053 μὲν
2401 1979 2606 2043 ἄλλους
2656 1981 2869 2037 ἐποίουν
2917 1981 3152 2059 φεύγειν,
3203 1983 3324 2057 περὶ
3379 1985 3449 2056 τῇ
3509 1979 3737 2056 σφετέρᾳ

2081 2072 2194 2141 ζωῇ
2247 2067 2464 2133 θέοντος
2509 2069 2773 2139 ἑκάστου,
2827 2073 3210 2136 ἀπενενοῦσθαι
3262 2069 3319 2125 δὲ
3369 2070 3460 2125 καὶ
3507 2068 3634 2131 τοὺς
3683 2069 3735 2124 ἐν

2076 2159 2223 2213 τέλει
2278 2153 2556 2214 συνέϐαινε
2617 2159 2786 2234 μηδὲν
2866 2181 3095 2237 εχοντας
3164 2160 3442 2236 πράττειν.
3499 2160 3730 2214 Ἐκεῖνοι

2080 2242 2136 2299 δὲ
2168 2245 2226 2299 έκ
2263 2245 2482 2302 πολλοῦ
2536 2251 2633 2302 τοῦ
2690 2249 2825 2322 πρὸς
2885 2249 2948 2302 τὸ
3000 2247 3214 2324 θαρρεῖν
3275 2248 3565 2323 περιόντος
3623 2266 3733 2300 πα-

2081 2330 2358 2410 ράϐακχόν
2387 2358 2439 2390 τι
2467 2338 2556 2392 καὶ
2594 2338 2820 2411 μανικὺν
2860 2337 3230 2416 ἐφαλλόμενοι
3279 2332 3520 2413 ἀκριϐῶς
3566 2334 3730 2411 ἠρεύο

2081 2446 2212 2497 νων,
2249 2423 2418 2498 μηδὲν
2445 2431 2554 2481 τῶν
2595 2425 2693 2481 τοῦ
2749 2448 2884 2481 ναου
2942 2425 3334 2491 καταλιπόντες
3387 2423 3735 2500 ἀνεξερεύνη-

2084 2536 2196 2569 τον.
2231 2516 2388 2571 Ὅθεν
2421 2516 2509 2570 καῖ
2561 2513 2734 2578 ἄλλος
2784 2514 2956 2572 ἄλλον
3007 2517 3180 2591 εὑρών
3221 2536 3278 2570 τε
3307 2515 3397 2570 καὶ
3447 2515 3740 2588 κατασχὼν

2083 2602 2308 2674 ἀπηνῶς
2337 2604 2426 2657 καὶ
2467 2605 2544 2666 ὡς
2590 2603 2736 2677 αὐτῷ
2778 2602 2970 2659 δοκοῦν
3025 2603 3305 2681 διεχρᾶτο.
3357 2602 3436 2660 Οὐ
3470 2605 3579 2675 μὴν
3613 2600 3671 2656 δὲ
3692 2603 3746 2656 o't

2085 2689 2249 2746 ἄλλοι
2290 2691 2769 2768 κατερῥαθύμουν,
2803 2691 2931 2749 ἀλλ’
2979 2692 3059 2771 ἐφ’
3091 2693 3165 2748 ἐνὶ
3215 2691 3419 2748 πολλοί
3463 2711 3605 2753 τινες
3650 2711 3746 2745 πε-

2087 2781 2359 2854 ριστάντες
2419 2777 2678 2855 ἔϐαλλον,
2738 2779 3032 2852 ἕπληττον,
3093 2782 3351 2857 ᾐκίζοντο
3407 2781 3499 2836 καὶ
3556 2779 3747 2853 νεκρὸν

2085 2870 2176 2924 τὸν
2239 2868 2450 2941 ἄθλιον,
2485 2871 2559 2934 ὡς
2617 2872 2708 2926 καὶ
2767 2871 2843 2934 εἷς
2911 2869 3100 2927 πολλὰ
3153 2872 3244 2926 τὸν
3299 2869 3392 2926 ’ἕνα
3443 2867 3746 2926 κατακεκό-

2098 2999 2332 3054 attraxit
2363 2999 2499 3055 nisu
2530 3003 2586 3056 et
2617 3017 2794 3072 quam
2829 2999 3023 3072 potuit
3049 2999 3243 3056 valide
3274 2999 3540 3069 adduxit,
3559 2996 3747 3070 appli-

2097 3087 2334 3160 cuitque
2359 3105 2528 3145 muro
2560 3091 2804 3146 adverso
2836 3094 2955 3146 tam
2987 3093 3145 3146 arcte
3170 3093 3237 3145 ut
3258 3088 3432 3161 plane
3454 3087 3751 3144 cohaeren-

2095 3177 2255 3234 tibus
2287 3177 2415 3234 sine
2447 3179 2612 3234 obice
2638 3179 2808 3235 lateri
2838 3178 3020 3236 valvis
3052 3178 3309 3251 suspicio
3341 3177 3751 3236 excluderetur

2097 3265 2336 3322 latebrae
2386 3266 2506 3323 illic
2565 3267 2813 3324 humani
2873 3268 3138 3341 corporis
3199 3267 3452 3340 capacis.
3505 3265 3748 3322 Illorum

2093 3371 2229 3412 vero
2261 3372 2442 3428 gener
2472 3357 2551 3431 (et
2581 3358 2676 3413 hic
2717 3358 2898 3426 enim,
2961 3362 3028 3414 ut
3084 3356 3492 3429 prosperitatis
3553 3355 3749 3411 afﬁni-

2093 3448 2205 3503 bus
2230 3447 2525 3520 particeps
2558 3447 2768 3518 fuerat,
2801 3448 2884 3503 ita
2913 3447 2964 3503 ei
2997 3463 3240 3503 consors
3271 3445 3631 3503 calamitatis
3662 3446 3749 3500 fu-

2091 3540 2262 3594 turus
2293 3537 2438 3610 erat)
2472 3538 2736 3610 irrepens
2763 3554 2882 3609 qua
2927 3537 3123 3610 potuit
3151 3541 3212 3591 in
3262 3535 3608 3593 tenebrosae
3639 3550 3747 3589 an-

2093 3629 2328 3700 gustias
2384 3630 2538 3685 circa
2587 3632 3044 3685 monumentum
3088 3632 3494 3700 Augustorum
3566 3625 3750 3681 latere

2091 3718 2340 3775 studuit.
2376 3718 2660 3776 Caeterum
2694 3718 3179 3792 protovestiarius
3210 3719 3272 3774 in
3314 3719 3491 3790 adyta
3520 3715 3750 3788 ingres-

2092 3823 2194 3862 sus
2225 3807 2453 3878 templi,
2487 3823 2623 3864 cum
2656 3808 3026 3865 observasset
3065 3823 3245 3880 prope
3279 3822 3546 3862 mensam
3579 3803 3750 3860 altari

2091 3895 2489 3952 collateralem
2561 3896 2827 3953 vicinum
2915 3895 3150 3953 conchas
3215 3893 3746 3952 intercolumnium

2091 3985 2435 4052 obscurum,
2469 3985 2530 4040 in
2562 3984 2618 4040 id
2679 4001 2741 4041 se
2791 3985 3099 4053 abstrusit,
3153 3988 3502 4057 experturus
3543 4000 3618 4039 an
3662 3981 3746 4038 ibi

2089 4079 2290 4147 posset
2319 4073 2410 4130 vel
2459 4074 2570 4130 loci
2622 4074 2907 4147 religione
2956 4075 3044 4131 vel
3090 4075 3469 4130 tenebrarum
3520 4073 3748 4128 benefi-

2088 4164 2177 4220 cio
2209 4164 2564 4221 servari.Sed
2603 4164 2748 4220 nihil
2789 4163 3001 4220 horum
3035 4163 3180 4236 ipsis
3211 4165 3283 4219 ad
3317 4161 3620 4219 vitandum
3647 4177 3749 4233 pe-

2088 4254 2340 4310 riculum
2375 4253 2616 4325 profuit.
2665 4253 3141 4326 lrrumpentibus
3193 4252 3352 4309 enim
3403 4251 3464 4306 in
3511 4266 3744 4306 sacram

2088 4343 2270 4398 adem
2307 4343 2529 4398 affluxu
2558 4343 2838 4399 continuo
2870 4342 3169 4415 plurimis,
3203 4345 3261 4398 et
3308 4341 3444 4397 inde
3473 4340 3590 4397 late
3619 4338 3749 4395 vul-

2086 4437 2218 4503 gato
2248 4436 2468 4488 terrore
2492 4432 2714 4504 passim
2739 4431 2872 4488 aliis
2902 4432 3099 4488 studio
3129 4430 3260 4487 vitae
3292 4431 3524 4487 tuendae
3552 4430 3750 4503 fugam

2085 4522 2488 4594 captantibus,
2521 4521 2683 4578 abire
2724 4539 2758 4578 a
2805 4521 3027 4594 templo
3078 4520 3468 4594 magistratus
3517 4536 3754 4593 quoque

323 4613 599 4684 tingeret.
641 4616 834 4683 Atque
867 4615 930 4666 ut
961 4627 1062 4681 ego
1095 4627 1164 4666 ex
1194 4610 1451 4681 quodam
1493 4609 1572 4664 ibi
1600 4609 1980 4679 praesentium
2013 4601 2058 4664 D
2092 4610 2252 4682 ipsos
2280 4611 2547 4684 contigit,
2584 4611 2732 4667 nihil
2775 4627 2905 4667 esse
2943 4611 3099 4683 quod
3152 4611 3234 4666 ibi
3281 4614 3526 4683 agerent
3571 4616 3752 4668 ratos.

322 4701 547 4771 audivi,
578 4701 756 4757 etiam
787 4701 1141 4772 sanguinem
1173 4697 1350 4755 occisi
1371 4713 1587 4753 vesana
1617 4697 1774 4753 rabie
1808 4715 1980 4754 suxe-

323 4798 486 4848 runt.
525 4790 812 4846 Caeterum
859 4789 1058 4846 statim
1116 4790 1481 4860 agnoverunt
1537 4802 1600 4841 se
1655 4787 1980 4858 deceptos:

324 4897 467 4937 nam
499 4896 634 4936 cum
667 4879 834 4951 pedis
860 4878 1121 4934 calceum
1153 4878 1213 4932 in
1245 4881 1480 4932 mortuo
1509 4874 1747 4946 nigrum
1781 4875 1986 4932 obser-

321 4973 696 5042 vassent,per
716 4984 973 5025 errorem
1000 4967 1142 5024 sein
1166 4966 1268 5022 illo
1292 4965 1528 5022 saevisse
1548 4963 1982 5020 intellexerunt.

322 5063 402 5117 Ac
437 5061 540 5116 60
571 5058 882 5116 confestim
912 5058 1072 5113 rabie
1103 5074 1169 5114 ac
1200 5056 1450 5127 strepitu
1471 5072 1650 5125 quam
1687 5054 1984 5126 maximis,

326 5155 561 5208 armata
591 5149 813 5206 strictis
844 5148 1058 5219 gladiis
1099 5163 1302 5212 manu,
1353 5145 1415 5201 in
1449 5144 1735 5216 templum
1777 5145 1984 5200 irrum-

329 5244 508 5314 punt,
558 5239 659 5295 ubi
717 5238 1033 5294 homicidis
1099 5236 1523 5309 apparentibus
1590 5235 1790 5290 statim
1823 5252 1989 5291 sacer

335 5334 552 5388 cantus
583 5327 892 5398 conticuit,
926 5327 1269 5384 cantoribus
1301 5325 1434 5382 aliis
1467 5324 1581 5380 alio
1613 5325 1899 5397 dispersis
1931 5330 1990 5380 et

330 5418 569 5476 variein
603 5418 1012 5490 angulos,-aut
1037 5415 1374 5487 ubicunque
1422 5430 1596 5486 posse
1640 5413 1821 5470 latere
1853 5431 1990 5487 spe-

331 5512 708 5575 raverant,se
737 5507 1202 5564 abdentibus.At
1221 5503 1593 5560 Muzalonum
1625 5503 1719 5558 hic
1750 5504 1989 5575 quidem

333 5599 397 5656 in
441 5600 617 5670 adyta
676 5597 966 5669 confugit,
1005 5605 1062 5652 et
1110 5596 1220 5651 sub
1267 5593 1578 5666 mysticam
1637 5608 1700 5648 se
1731 5594 1991 5649 condens

333 5705 607 5746 mensam
642 5687 727 5743 ibi
745 5687 1064 5759 putabatse
1095 5685 1326 5742 salvum
1347 5682 1661 5740 fore:alter
1680 5682 1993 5740 insinuans

331 5796 394 5836 se
428 5783 587 5834 retro
639 5781 872 5848 portam
931 5774 1160 5847 templi,
1220 5789 1350 5829 eam
1409 5789 1586 5846 super
1621 5788 1682 5829 se
1740 5773 1994 5830 maximo

2092 4701 2269 4756 Porro
2301 4700 2590 4772 seditiosi,
2624 4703 2922 4757 crescente
2957 4716 3069 4756 usu
3119 4703 3176 4755 et
3225 4715 3535 4756 successus
3569 4699 3753 4755 scele-

2095 4789 2178 4844 ris
2210 4789 2476 4857 audacia,
2523 4789 2813 4845 i'uriosum
2868 4787 3045 4860 plane
3075 4789 3134 4842 in
3188 4787 3281 4844 61
3342 4787 3584 4843 modum
3617 4786 3753 4842 bac-

2095 4878 2395 4934 chabundi
2429 4881 2748 4935 cursabant
2780 4881 3114 4934 scrutantes
3147 4876 3545 4933 attentissime
3577 4892 3753 4933 cunc-

2095 4973 2173 5036 ta,
2209 4967 2553 5040 nullamque
2599 4968 2807 5040 templi
2865 4972 3094 5040 partem
3128 4985 3244 5022 non
3303 4966 3634 5040 inspectam
3694 4972 3754 5024 et

2097 5057 2459 5130 exploratam
2501 5057 2909 5115 curiosissime
2939 5057 3300 5129 linquentes.
3343 5056 3508 5114 Unde
3530 5057 3750 5113 factum

2097 5151 2164 5202 ut
2193 5147 2291 5204 alii
2316 5147 2496 5202 alium
2518 5153 2817 5220 repertum
2849 5152 2906 5204 et
2925 5152 3263 5220 correptum
3289 5147 3605 5203 crudeliter
3637 5163 3752 5219 quo

2097 5237 2312 5293 vellent
2343 5236 2519 5292 modo
2553 5237 2972 5309 interficerent,
3007 5236 3140 5293 aliis
3167 5235 3404 5293 interim
3435 5236 3594 5293 haud
3627 5252 3758 5293 ces-

2100 5326 2373 5382 santibus
2410 5343 2422 5380 :
2459 5343 2596 5381 nam
2648 5343 3139 5399 unumquemque
3193 5327 3758 5398 comprehensorum

2100 5415 2274 5471 multi
2297 5415 2748 5472 circumstantes
2781 5414 3764 5487 pulsabant,caedebant,excarnifi-

2102 5506 2336 5575 cabant,
2367 5505 2546 5561 etiam
2576 5505 2637 5560 in
2687 5505 2886 5577 ipsum
2921 5505 3124 5561 saevire
3178 5510 3487 5579 pergentes
3518 5505 3766 5562 cadaver

2103 5594 2484 5662 exanime,ita
2504 5598 2567 5650 ut
2585 5595 2842 5650 unumin
2864 5595 3054 5650 multa
3076 5595 3404 5652 dissectum
3426 5597 3760 5668 fragmenta

2101 5683 2218 5740 late
2251 5687 2630 5756 spargeretur
2659 5701 2896 5758 corpus.
2931 5686 3118 5740 Tanta
3143 5683 3292 5740 istos
3323 5683 3562 5741 vesania
3586 5700 3766 5757 urge-

2109 5774 2234 5843 bat,
2263 5790 2330 5830 eo
2363 5779 2671 5846 provectos
2712 5773 2966 5830 amentis
2998 5773 3191 5842 irae,ut
3222 5790 3404 5845 supra
3434 5774 3762 5829 humanum
