4090 6406
346 428 454 487 495

1656 410 1959 469 GEORGII
1997 408 2461 465 ΡΔΟΗῩΠΕΗΕ

3664 403 3770 459 496

350 548 706 633 φθαιόἱίτως
734 542 975 614 ὣπλιζεν
1027 537 1223 602 αὐτοὺς
1278 540 1314 609 ἡ
1369 537 1553 607 κακία,
1605 533 1698 590 καί
1749 534 1777 589 ὁ
1837 532 2008 605 θυμὸς
2038 537 2093 606 Α
2124 528 2304 586 δύσνοι
2362 534 2482 592 τοῖς
2528 527 2862 606 βασιλεῦσιν.
2933 530 2985 585 οἱ
3044 530 3452 605 βασιλειῶντες,
3499 527 3551 582 οἱ
3605 527 3769 583 παντὶ

358 616 677 718 μεμηνότας
727 638 901 711 θήρας
959 632 1186 689 ἐδείκνυ.
1242 627 1566 718 Τὸν-μίντοι
1619 646 1679 699 γε
1725 616 2009 718 πρωτοϐε-

356 712 600 808 στιάριον
671 723 955 801 Κάρουλός
1012 742 1096 784 τις
1154 723 1262 774 τῶν
1321 715 1529 772 ἀδύτων
1584 712 2011 787 κατατολμήσας

356 820 452 877 καὶ
485 803 577 874 ’τᾶ
624 816 814 874 πολλά
864 811 1368 887 διερευνησάμενος,
1417 806 1531 861 ἐπεὶ
1586 804 1694 878 οὐχ
1750 803 2012 877 εὕρισκεν,

355 910 600 966 ἀπειπὼν
661 902 892 980 ἔμελλεν
946 901 1323 975 ύποστρέφειν.
1375 893 1532 953 Ἀλλ’
1575 897 1611 963 ἡ
1665 898 1833 967 μοῖρα
1899 887 2015 945 οὐδ’

357 1000 561 1056 ἐκεῖνον
609 996 692 1051 εἴα
733 999 831 1049 τοῦ
906 993 1111 1055 πάθους
1186 987 1358 1049 ἐκτος·
1435 985 1535 1053 τὴν
1594 983 1699 1058 γὰρ
1757 981 2012 1057 πρόθεσιν

358 1083 616 1143 εἰσελθὼν
705 1081 796 1137 καὶ
878 1077 1012 1153 τῇδε
1088 1078 1306 1132 κάκεῖσε
1370 1067 1848 1149 περιϐλεψαμενος
1927 1068 2012 1122 ἐπὶ

356 1176 540 1253 γόνασι
572 1172 921 1242 συνιζάνοντα
967 1167 1207 1231 κάτωθεν
1270 1162 1380 1219 εἶδε
1431 1162 1524 1217 τὸν
1583 1159 1874 1226 οἷ’κτιστον,
1926 1157 2014 1212 καὶ

358 1247 494 1321 ίδὼν
543 1264 691 1338 ὁρμᾷ
743 1261 1019 1335 καθαιρεῖν
1073 1257 1321 1326 ἀπηνῶς.
1388 1251 1488 1307 Καὶ
1547 1252 1606 1313 ὃς
1661 1247 1903 1338 δυσωπεῖ
1933 1247 2017 1338 ’τὸ

362 1331 753 1424 οἰκεῖον-αἷμα
802 1331 1021 1404 πολλοῦ
1071 1363 1219 1404 τινος
1273 1340 1659 1414 ἐξωνούμενος.
1708 1338 1766 1391 Ὀ
1816 1334 1872 1391 δὶ
1897 1331 2022 1389 οὔτε

361 1445 499 1522 πρὸς
539 1443 604 1498 τὸ
633 1447 831 1517 σχῆμα
877 1444 977 1507 τῆς
1024 1433 1257 1522 ἱκετείας
1304 1428 1522 1522 ἀπεῖδεν
1574 1426 1698 1522 οὔτε
1758 1429 1865 1501 μὴν
1918 1426 2020 1522 ὑπ-

362 1516 601 1602 εκλάσθη
654 1516 773 1593 τοῖς
828 1521 1307 1602 ἐπηγγελμένοις,
1360 1518 1487 1575 ἀλλ’
1544 1516 1704 1582 εὐθὺς
1764 1516 2019 1590 ατασχὼν

363 1624 576 1698 ἀναιρεῖ
606 1616 846 1696 ξιφιδίῳ.
879 1621 944 1691 [Ρ
1138 1612 1236 1671 Καὶ
1285 1608 1723 1698 δῆλονῗγεγονὸς
1769 1606 1833 1698 τδ
1881 1626 2021 1698 πρα-

369 1694 501 1789 χθὲν
533 1710 633 1766 οὐκ
660 1694 728 1777 ἦν
758 1706 906 1769 ὅστις
939 1706 1106 1774 ἀπῆν,
1138 1701 1358 1773 ἐκεῖθεν,
1391 1697 1519 1754 ἀλλ’
1548 1695 1771 1759 ἕκαστος
1802 1694 2024 1757 ἐπιστὰς

368 1782 443 1863 (:3:
489 1798 636 1873 εἶχεν
697 1794 985 1864 ούτάωζων
1024 1791 1116 1847 καὶ
1178 1791 1292 1864 μεθ’
1350 1783 1557 1863 ὕϐρεων
1591 1782 1769 1860 ᾔκιζε,
1822 1785 1912 1840 καὶ
1972 1784 2023 1839 ἐς

367 1892 630 1945 τοσοῦτον
685 1884 929 1960 μελεϊστὶ
996 1878 1359 1937 κατεδάσαντο
1429 1876 1567 1932 ὥστε
1609 1876 1699 1931 καὶ
1744 1874 1873 1937 τοὺς
1944 1872 2027 1927 ἐν·

369 1977 666 2056 ταφιαστάς
698 1974 920 2050 ὕστερον
965 1971 1150 2042 σάκκῳ
1177 1969 1246 2025 τὰ
1280 1967 1423 2041 μέλη
1472 1965 1799 2030 καταθέντας
1850 1963 2024 2027 οὕτως

375 2053 674 2142 ἐκφορῆσαι
725 2066 818 2119 καὶ
855 2062 1010 2140 τάφῳ
1055 2058 1263 2117 δοῦναι.
1310 2058 1459 2115 Ἐπεὶ
1503 2053 1549 2110 δ’
1600 2056 1675 2117 εἰς
1702 2054 1860 2116 τέλος
1909 2058 2026 2139 τοῖς

377 2156 678 2229 ἀνημέροις
721 2151 949 2214 ἐκείνοις
999 2149 1250 2224 ἐπράχθη
1285 2147 1347 2203 τὸ
1389 2146 1677 2221 τόλμημα,
1726 2144 1850 2206 συὸς
1895 2143 2028 2217 τρό-

379 2265 483 2300 πον
505 2244 757 2315 θήξαντες
785 2239 913 2303 τοὺς
952 2235 1175 2299 ὀδόντας
1206 2239 1282 2301 ὡς
1313 2233 1456 2311 μηδὲ
1505 2235 1595 2291 καὶ
1624 2234 1751 2298 τοὺς
1798 2233 1851 2288 ἐν
1879 2232 2029 2288 τέλει

379 2330 694 2395 κατωπαδὶς
753 2330 968 2387 ἐκείνων
1035 2327 1182 2404 ἔχειν
1235 2332 1482 2389 ἵστασθαι
1534 2324 1624 2379 καὶ
1680 2321 1930 2397 ἐλέγχειν
1991 2322 2027 2391 ἢ

380 2424 490 2496 μὴν
524 2421 727 2496 ἐρωτᾷν
758 2421 811 2475 τί
844 2419 1107 2483 παθόντες
1134 2414 1226 2471 καὶ
1257 2413 1405 2477 τίνος
1430 2414 1777 2486 ὁρμήσαντος
1806 2414 2031 2465 τοιαῦτα

375 2512 689 2589 πράττοιεν,
745 2509 835 2565 ἐπὶ
862 2509 957 2570 τὰς
987 2507 1189 2577 σκηνὰς
1247 2502 1401 2567 εὐθὺς
1432 2502 1636 2576 ὥρμων
1694 2505 1803 2556 τῶν
1836 2519 2029 2578 φονευ-

377 2602 599 2669 θέντων,
657 2600 749 2656 καὶ
798 2599 844 2671 ᾧ
910 2594 1270 2673 προστετύχει
1316 2590 1541 2656 ἕκαστος
1601 2591 1717 2664 μεθ’
1778 2592 1859 2646 δτι
1917 2609 2032 2664 γεν-

373 2690 530 2747 ναίου
581 2690 680 2745 τοῦ
735 2688 1186 2763 παράστήματος,
1234 2684 1308 2745 ὡς
1357 2679 1574 2744 οὐδενὸς
1629 2684 1815 2736 καινοῦ
1868 2699 2031 2753 γεγο-

373 2780 552 2852 νότος,
582 2777 867 2856 ἐξεφόρουν
924 2773 1346 2850 ἐπεγγελῶντες,
1404 2772 1493 2827 καὶ
1538 2770 1602 2825 τὸ
1657 2768 1744 2824 ἐπὶ
1775 2766 2031 2843 γλώσσης

378 2867 637 2946 ἔγκλημα
686 2865 948 2942 συχνάκις
1008 2862 1303 2940 λεγόμενον
1357 2864 1447 2930 ῆν,
1507 2882 1536 2914 ι
1576 2860 1645 2917 Οἱ
1696 2856 1890 2932 ἐχθροὶ
1942 2857 2033 2912 καὶ

380 2976 625 3033 modum
650 2973 837 3031 ferina
873 2987 1119 3044 prorsus
1158 2969 1321 3026 rabie
1351 2971 1609 3024 ruerent.
1643 2969 1920 3033 Quaerens
1937 2965 2036 3020 de-

386 3065 563 3137 nique
588 3060 1099 3136 protovestiarium
1146 3056 1389 3113 Carolus
1438 3056 1680 3128 quidam
1732 3058 2038 3126 penetrare

385 3170 570 3213 ausus
590 3154 650 3209 in
674 3152 930 3223 adyta,et
958 3149 1041 3205 ibi
1072 3146 1259 3204 multa
1279 3145 1682 3217 nequidquam
1715 3148 2035 3212 scrutatus,

2115 621 2325 696 τρόπῳ,
2362 619 2407 675 εἰ
2453 620 2529 693 μή
2561 618 2898 692 κεκώλυντο,
2931 620 3039 675 οἷοί
3087 621 3136 675 τ’
3187 620 3362 693 ἄρξαι,
3396 618 3447 673 o't
3478 621 3575 673 τοῦ
3606 637 3769 691 στρα-

2115 715 2379 765 τιωτικοῦ
2409 708 2713 786 ἀλιτήριοι,
2774 710 2826 763 οἱ
2887 708 3228 785 μαγγανείαις
3281 708 3377 781 μὲν
3426 708 3517 762 τὸν
3569 705 3775 781 πατέρα

2123 801 2239 873 μεθ’
2274 798 2651 869 ὑπουλότητος
2708 794 3054 868 ὑπελθόντες,
3089 798 3337 876 φυλακῆς
3398 796 3455 852 δὲ
3495 794 3623 871 δόξῃ
3681 796 3774 851 καὶ

2121 887 2414 961 ἀσφαλείας
2492 893 2572 960 τῷ
2648 890 2753 960 υἱῷ
2809 885 3237 966 ἐφεδρεύοντες,
3315 888 3391 949 ὡς
3475 884 3775 942 δεδώκασιν

2121 978 2269 1049 ἀξίας
2297 979 2387 1034 καὶ
2422 979 2495 1040 ὡς
2525 975 2629 1032 ἔδει
2676 977 2774 1039 τάς
2834 975 3009 1049 δίκας,
3060 979 3134 1039 ὡς
3189 977 3414 1039 εἷκότως
3471 973 3775 1051 διαπεπρά-

2123 1088 2312 1144 χαται,
2343 1068 2433 1123 καὶ
2464 1068 2537 1130 ὡς
2569 1066 2829 1130 εὐνοϊκῶς
2881 1072 2978 1122 τοῦ
3037 1067 3237 1123 λοιποῦ
3295 1064 3662 1139 δουλεύσομεν
3694 1069 3776 1138 τῷ

2126 1156 2359 1232 δεσπότῃ
2414 1162 2519 1212 τῶν
2579 1157 2779 1220 ἐκεῖθεν
2841 1155 3250 1231 ἀπαλλαγέντες
3304 1160 3507 1212 κακῶν.
3547 1180 3567 1208 1
3619 1155 3780 1210 Ταῦτ’

2126 1246 2336 1323 ἔλεγον,
2396 1248 2487 1301 καὶ
2541 1244 2691 1301 λείαν
2739 1248 2936 1303 Μυσῶν
2993 1245 3254 1301 τάκείνων
3297 1244 3541 1314 ἐποίουν,
3593 1245 3781 1323 ἀμφο-

2123 1336 2306 1411 τέραις
2362 1334 2742 1407 ἐξαντλοῦντες
2811 1336 2903 1390 τὸν
2965 1336 3207 1391 πλοῦτον
3263 1335 3323 1390 ἐκ
3372 1336 3481 1391 τῶν
3537 1339 3779 1406 σκηνῶν.

2126 1426 2351 1483 Τούτων
2400 1424 2495 1481 οὖν
2546 1424 2689 1480 οὕτω
2729 1423 3115 1498 τελεσθέντων,
3164 1422 3399 1498 μηδενὸς
3449 1422 3569 1479 οἵου
3615 1445 3675 1480 τε
3716 1422 3779 1480 δο

2126 1520 2352 1577 κοῦντος
2437 1520 2713 1591 μαργιῖιντι
2795 1514 2996 1585 πλήθει
3079 1514 3170 1570 καὶ
3244 1514 3483 1590 ἀναρχίᾳ
3526 1512 3788 1588 ἐμποδὼν

2124 1604 2393 1673 ἵστασθαι,
2423 1608 2530 1658 τῶν
2593 1604 2687 1676 μὶν
2732 1608 2850 1666 ταῖς
2909 1602 3192 1674 ἀληθείαις
3238 1600 3520 1675 δεδιότων,
3570 1607 3676 1658 τῶν
3729 1601 3790 1658 δὶ

2131 1694 2222 1751 καί
2276 1694 2412 1749 κατά
2458 1694 2826 1769 προσποίησιν
2896 1696 3150 1766 (σημεῖον
3218 1690 3275 1747 δέ
3317 1709 3330 1723 ·
3386 1693 3476 1748 καὶ
3530 1694 3631 1769 γὰρ
3688 1696 3789 1763 τῆς

2131 1789 2229 1840 τοῦ
2299 1778 2800 1857 πρωτοϐεστιαρίου
2873 1781 3108 1858 συζύγου
3176 1780 3291 1836 ἐκεῖ
3356 1783 3637 1859 παρούσης
3694 1782 3790 1837 καὶ

2136 1871 2284 1928 δεινὰ
2312 1870 2579 1942 ποιούσης
2616 1870 2706 1925 καὶ
2756 1869 3024 1945 λεγούσης
3083 1870 3172 1925 ἐπὶ
3225 1876 3343 1933 τοῖς
3397 1871 3790 1945 τολμηθεῖσιν,

2132 1960 2548 2038 ἐμϐριθέστερον
2600 1964 2627 2018 ὁ
2680 1964 2843 2039 μέγας
2895 1960 3262 2025 κονοσταῦλος
3291 1965 3382 2018 καὶ
3435 1965 3580 2025 θεῖος
3623 1962 3794 2019 αὐτό-

2137 2056 2220 2109 θεν
2266 2053 2487 2128 ἐπεῖχεν
2521 2096 2539 2125 ,
2592 2051 2889 2107 ἐπιτάττων
2963 2058 3121 2127 σιγᾷν
3176 2047 3493 2130 φοϐουμένη
3569 2074 3644 2127 μη
3697 2054 3789 2108 καὶ

2137 2143 2274 2212 αῦτη
2323 2143 2510 2214 πάθοι,
2569 2141 2617 2196 εἷ’
2677 2143 2751 2215 μὴ
2815 2142 3017 2217 σιγῲη,
3065 2142 3134 2196 τὰ
3191 2143 3401 2217 ὃμοια),
3434 2142 3608 2205 -ὡς
3661 2146 3792 2217 γοῦν

2139 2232 2512 2308 συνεχύθησαν
2574 2229 2821 2300 ἃπαντες,
2874 2231 2963 2286 καὶ
3007 2231 3189 2305 κύριοι
3245 2232 3335 2287 καὶ
3399 2232 3665 2307 ὑπηρέται
3710 2230 3796 2286 ἐπ’

2142 2321 2265 2392 ἴσης
2315 2320 2465 2396 εἶχον
2506 2324 2613 2375 τῶν
2666 2315 2937 2397 φοϐερῶν,
2990 2319 3216 2376 ἑκάστου
3268 2319 3652 2390 ζητοῦντοςτὸ
3682 2322 3795 2376 σώ-

2142 2416 2341 2481 ζεσθαι,
2402 2412 2724 2484 ἀπαίρουσιν
2798 2410 2995 2464 ἐκεῖθεν
3084 2409 3263 2482 εὐθὺς,
3343 2409 3427 2488 ἐφ’
3486 2410 3518 2465 ὅ
3587 2432 3639 2466 τι
3703 2413 3796 2466 καὶ

2138 2499 2530 2576 παραγένοιντο
2567 2501 2642 2573 μὴ
2676 2499 3078 2576 φροντίσαντες,
3108 2500 3197 2555 καὶ
3246 2498 3339 2554 σὺν
3390 2498 3569 2555 οὺδενὶ
3599 2499 3796 2574 κόσμῳ

2140 2590 2447 2667 φεὺγοντες.
2499 2592 2595 2661 Τῷ
2628 2591 2722 2662 μὲν
2787 2587 3003 2664 βασιλεῖ
3059 2586 3277 2665 ἀσφαλῆ
3331 2587 3499 2646 πλέον
3532 2590 3568 2659 ἢ
3598 2611 3797 2668 προτε-

2141 2700 2232 2753 ρον
2287 2679 2354 2734 τὰ
2380 2685 2481 2748 τῆς
2523 2677 2771 2755 φυλακῆς
2820 2678 3101 2755 ἐφιστῶσι,
3152 2680 3285 2753 μήτι
3326 2680 3417 2734 καὶ
3464 2682 3799 2755 νεωτερισθῇ

2138 2768 2330 2824 πλέον.
2404 2766 2563 2825 Οὕτω
2640 2770 3020 2843 συγχυθέντων
3100 2767 3353 2824 ἀπάντων
3387 2813 3402 2840 ,
3449 2765 3678 2834 ἕκαστος
3733 2770 3804 2826 τὰ

2139 2856 2259 2920 καθ’
2289 2856 2501 2928 ἑαυτὸν,
2531 2855 2606 2917 ὡς
2639 2857 2778 2932 εἶχε,
2809 2853 3087 2933 κατησφα)
3107 2855 3269 2925 ίζετο.

2144 2963 2503 3031 aﬂ'ectantes,
2538 2967 2600 3019 et
2627 2963 2834 3036 quovis
2865 2964 3060 3034 modo,
3092 2965 3206 3021 nisi
3230 2964 3317 3022 sic
3347 2965 3806 3037 prohiberentur

2143 3053 2214 3108 ad
2240 3053 2615 3125 tyrannidem
2642 3054 3286 3125 perventuri,militaris
3308 3055 3537 3113 ordinis
3553 3072 3799 3129 oppres-

2146 3158 2309 3199 sores
2340 3142 2737 3211 detestabiles,
2769 3142 3134 3215 magicarum
3166 3144 3384 3201 artium
3431 3144 3803 3201 clandestino

387 3245 698 3316 desperata
724 3238 1060 3296 inventione
1090 3237 1360 3293 recedere
1405 3234 1670 3307 parabat.
1712 3234 1823 3290 Sed
1847 3233 2036 3289 fatum
2067 3234 2110 3301 C
2149 3230 2435 3288 maleficio
2464 3232 2524 3287 in
2554 3236 2779 3303 patrem
2809 3238 3147 3304 Augustum
3197 3234 3471 3305 grassati,
3521 3233 3640 3289 ﬁlio
3685 3249 3798 3305 pu-

387 3349 505 3390 non
535 3330 671 3389 sivit
690 3329 859 3385 illum
881 3328 1129 3385 evadere
1156 3326 1487 3382 immunem
1511 3323 1715 3379 damni
1749 3339 1762 3379 :
1789 3340 1923 3379 nam
1948 3339 2037 3378 re-

387 3426 626 3495 sumpta
667 3422 906 3491 repente
948 3415 1197 3472 Carolus
1255 3414 1559 3469 scrutandi
1618 3429 1759 3469 cura
1807 3428 2038 3468 sacram

390 3526 657 3567 mensam
686 3508 954 3577 subiens,
985 3510 1043 3561 et
1072 3504 1188 3560 huc
1217 3502 1477 3574 illucque
1523 3519 1767 3557 versans
1816 3501 2039 3569 oculos,

388 3600 740 3671 depressum
771 3595 984 3652 subtus
1028 3595 1087 3650 in
1137 3609 1330 3665 genua
1381 3590 1783 3647 miserrimum
1830 3591 2038 3663 depre-

390 3687 619 3755 bendit,
648 3702 753 3743 nec
784 3682 1022 3741 distulit
1062 3683 1123 3738 in
1169 3698 1306 3738 eum
1356 3680 1763 3736 trucidaturus
1795 3681 2039 3750 irruere,

384 3775 612 3833 frustra
640 3775 741 3831 illo
771 3774 1142 3846 deprecante,
1175 3776 1233 3827 et
1264 3776 1555 3842 quantum
1582 3769 1753 3825 vellet
1782 3770 1876 3825 sui
1909 3787 2041 3826 san-

391 3866 588 3939 guinis
617 3864 894 3921 oﬁ‘erente
926 3859 1497 3932 pretium,siquidem
1526 3859 1677 3915 latro
1701 3876 1806 3915 nec
1835 3859 2041 3915 habitu

392 3952 681 4027 supplicis
712 3953 1031 4017 ﬂexus,nec
1053 3948 1243 4022 rigore
1264 3948 1448 4004 animi
1480 3949 1887 4021 magnitudine
1911 3966 2043 4021 pro-

393 4044 719 4101 missorum
748 4041 837 4097 vel
874 4039 1169 4096 tantillum
1194 4038 1672 4108 infracto,sfatim
1713 4037 2046 4111 apprehen-

394 4150 529 4192 sum
559 4132 815 4205 pugione
845 4129 1114 4186 confecit.
1144 4127 1309 4192 Quod
1341 4144 1475 4183 cum
1507 4144 1644 4183 mox
1671 4133 1828 4184 esset
1848 4127 2047 4200 publi-

395 4227 618 4290 catum,
650 4219 852 4276 nullus
885 4218 999 4274 fuit
1027 4217 1125 4289 qui
1160 4233 1227 4273 eo
1259 4232 1376 4272 non
1408 4222 1739 4271 accurreret
1768 4234 1836 4273 ac
1866 4234 2048 4289 supra

394 4317 560 4369 stans
572 4310 817 4368 crederet
835 4322 1087 4378 cumque
1104 4304 1465 4361 contumelia
1476 4304 2048 4363 conscinderetmor-

394 4399 870 4469 tuum.Adeoque
887 4396 1057 4452 illum
1074 4394 1431 4450 menbratim
1455 4393 2048 4469 conciderunt,utqui

398 4490 613 4545 deinde
628 4486 874 4559 sepelire
890 4484 1131 4540 volueru
1141 4489 1473 4549 nt,necesse
1484 4483 1821 4541 habuerunt
1833 4485 2051 4542 laceros

2144 3322 2286 3395 pillo
2319 3323 2513 3393 specie
2538 3322 2819 3378 custodia
2852 3328 2910 3379 et
2949 3324 3297 3395 praestandae
3346 3323 3679 3382 securitatis
3702 3323 3801 3379 in-

2145 3413 2530 3481 sidiantes,ut
2558 3429 2764 3485 poenas
2794 3413 3085 3469 dederunt
3105 3418 3280 3484 prout
3307 3414 3570 3487 oportuit
3590 3413 3807 3485 digna!

2148 3506 2214 3558 ut
2233 3504 2369 3574 jure
2401 3518 2466 3556 ac
2498 3501 2722 3557 merido
2740 3502 2898 3573 quod
2929 3502 3125 3559 decuit
3155 3503 3376 3559 factum
3405 3509 3497 3561 est
3520 3505 3531 3561 l
3558 3507 3625 3559 ut
3644 3500 3815 3557 ﬁdeli

2147 3609 2213 3647 ac
2241 3592 2450 3647 devoto
2481 3590 2707 3647 alacres
2740 3592 2957 3660 animo,
2991 3591 3121 3648 dira
3151 3591 3539 3649 scelestorum
3572 3591 3816 3648 liberati

2146 3681 2487 3754 tyrannide,
2547 3680 2793 3738 Domino
2851 3681 3128 3753 deinceps
3182 3682 3614 3739 serviemus!»
3674 3685 3817 3741 Haec

2150 3770 2330 3827 simul
2361 3769 2779 3841 loquebantur,
2814 3770 2992 3826 simul
3036 3771 3277 3840 impune
3329 3772 3489 3828 velut
3531 3788 3563 3827 e
3622 3772 3815 3845 Mysis

2151 3860 2410 3933 praedam
2441 3860 2855 3930 congerebant,
2887 3864 3129 3932 agentes
3162 3860 3534 3934 ferentesque
3563 3878 3656 3918 res
3685 3863 3822 3934 opi-

2153 3967 2284 4005 mas
2306 3964 2336 4005 e
2359 3948 2533 4020 plena
2551 3948 2925 4004 Muzalonum
2944 3949 3281 4006 domo.Haac
3304 3949 3368 4007 in
3389 3949 3547 4006 hunc
3567 3951 3824 4009 modum

2165 4043 2305 4094 sunt
2359 4041 2509 4105 acta,
2561 4038 2798 4094 nemine
2843 4037 2956 4093 sibi
3006 4042 3241 4095 tantum
3293 4039 3665 4096 auctoritatis
3711 4045 3832 4097 aut

2154 4126 2364 4183 virium
2398 4126 2595 4183 inesse
2648 4132 2913 4199 putante,
2958 4132 3179 4199 quanto
3226 4132 3383 4185 esset
3433 4146 3581 4201 opus
3614 4130 3689 4186 ad
3721 4146 3830 4186 re-

2156 4216 2536 4288 primendum
2583 4215 2845 4273 furorem
2895 4217 3189 4273 effrenatis
3231 4216 3657 4285 multitudinis,
3710 4220 3837 4276 ob-

2155 4306 2872 4377 standiquecontumacias
2892 4304 3092 4379 legum
3111 4311 3168 4363 et
3184 4306 3836 4379 imperiivictrici,aliis

2157 4411 2356 4451 revera
2384 4395 2755 4462 timentibus,
2787 4395 2920 4452 aliis
2950 4395 3375 4454 simulantibus
3402 4397 3834 4455 timorem.Ar-

2156 4489 2432 4555 gumento
2464 4485 2723 4556 sitquod
2758 4485 3188 4557 protovestiarii
3237 4503 3478 4544 uxorem
3511 4486 3634 4544 illic
3664 4505 3837 4560 prcu-

396 4583 457 4636 et
483 4576 821 4634 abinvicem
837 4571 1368 4629 discissosartusin
1383 4589 1621 4629 saccum
1637 4574 1911 4647 colligere
1932 4593 2049 4648 quo
2084 4611 2129 4675 Β
2161 4578 2409 4641 sentem,
2441 4579 2500 4630 et
2529 4591 2659 4645 quae
2692 4591 2799 4646 par
2843 4578 2971 4631 erat
3007 4575 3304 4633 videntem
3332 4576 3475 4633 talia
3505 4576 3841 4649 deploran-

398 4669 471 4725 ad
499 4665 869 4740 sepulturam
900 4664 1102 4718 efferre
1139 4666 1399 4734 possent.
1433 4662 1751 4734 Postquam
1785 4681 1919 4721 vero
1950 4667 2056 4721 im-

399 4774 603 4816 manes
633 4752 1002 4828 sanguinarii
1024 4751 1139 4808 voti
1168 4768 1234 4808 se
1262 4755 1560 4824 compotes
1592 4758 1920 4825 perpetrato
1951 4772 2052 4811 au-

397 4846 715 4905 dacissimo
746 4842 966 4900 scelere
994 4841 1291 4909 viderunt,
1323 4846 1448 4897 tum
1468 4858 1601 4898 vero
1632 4843 1879 4899 stridere
1906 4845 2047 4899 den-

398 4937 562 4993 tibus
594 4936 785 4992 instar
814 4948 1097 5005 aprorum
1128 4930 1551 5001 frendentium,
1584 4937 1649 4987 ut
1679 4948 1850 4989 nemo
1871 4934 2051 4990 etiam

400 5024 759 5097 optimatum
777 5027 881 5078 aut
900 5020 1357 5093 magistratuum
1373 5020 1473 5075 62
1498 5037 1679 5092 prope
1697 5021 1843 5093 ipsis
1863 5027 2056 5079 astare

401 5115 745 5179 sustineret,
773 5110 959 5167 multo
997 5111 1197 5166 minus
1250 5108 1702 5181 reprehendere,
1762 5115 1865 5166 aut
1908 5112 2051 5183 quid

402 5201 565 5275 passi
596 5216 782 5273 quove
808 5200 1125 5271 instigante
1157 5198 1296 5254 talia
1326 5198 1581 5254 facerent
1610 5201 2051 5271 rogare.Subito

403 5291 617 5347 deinde
674 5289 828 5344 (sdes
884 5287 1229 5359 irruperunt
1303 5287 1774 5357 interfectorum,
1854 5292 2053 5364 ibique

400 5378 690 5453 quidquid
723 5377 938 5447 cuique
988 5378 1146 5447 quod
1190 5375 1465 5447 placeret,
1518 5383 1873 5449 occurrerat,
1930 5386 2052 5437 tam

397 5486 605 5527 secura
630 5465 942 5523 ludibundi
974 5481 1040 5521 ac
1071 5465 1332 5522 ridentes
1354 5466 1677 5525 efferebant
1703 5470 1955 5526 audacia
1984 5488 2052 5527 ac

395 5559 448 5614 si
474 5556 623 5613 nihil
655 5554 788 5612 novi
820 5553 1191 5625 contigisset,
1220 5553 1281 5608 iu
1310 5570 1407 5610 ore
1439 5553 1723 5612 habentes
1753 5574 1820 5614 ac
1846 5560 2049 5616 crebro

392 5653 678 5703 iterantes
703 5648 1073 5701 mortuorum
1097 5642 1320 5698 crimen
1333 5642 1428 5700 his
1445 5660 1795 5717 expressum
1826 5649 2043 5705 verbis:

399 5757 430 5791 «
456 5740 668 5793 Hostes
700 5739 757 5791 et
795 5732 1124 5807 proditores
1167 5732 1616 5805 imperatorum,
1649 5735 2045 5808 principatum

2166 4668 2287 4719 tem
2307 4680 2374 4719 ac
2396 4662 3021 4735 loquentem,magnus
3041 4664 3426 4722 conostaulus
3447 4667 3578 4737 ejus
3615 4670 3842 4739 patrus

2166 4753 2420 4825 graviter
2449 4752 2800 4825 increpitam
2832 4753 3119 4825 corripuit
3146 4758 3207 4810 et
3235 4754 3623 4827 silerejassit,
3657 4761 3841 4815 metu

2168 4859 2242 4899 ne
2272 4846 2573 4915 pateretur
2591 4842 2716 4898 viro
2746 4841 3049 4910 similia,si
3078 4843 3273 4900 verbis
3305 4843 3539 4901 irritare
3559 4845 3844 4905 furentes

2167 4936 2612 5005 pergeret.Ergo
2634 4931 2908 4987 cohibitis
2930 4932 2989 4988 in
3012 4931 3243 5005 direpta
3263 4933 3441 4990 domo
3464 4934 3592 5007 pari
3612 4935 3848 4995 timore

2168 5021 2269 5077 63
2293 5022 2523 5078 cunctis
2553 5036 2718 5093 aeque
2747 5020 3007 5077 dominis
3046 5025 3105 5078 et
3153 5021 3418 5093 famulis,
3469 5038 3846 5096 unoquoque

2168 5111 2228 5166 in
2261 5111 2426 5166 lucro
2458 5114 2712 5182 ponente
2741 5109 2792 5165 si
2822 5108 3021 5168 salvus
3044 5112 3666 5182 evaderet,abscedunt
3687 5113 3845 5172 inde

2168 5199 2430 5255 tandem.
2464 5197 2612 5252 nihil
2663 5197 2831 5269 pensi
2882 5198 3169 5256 habentes
3218 5217 3335 5272 quo
3392 5201 3704 5269 ferrentur,
3760 5221 3845 5262 ac

2168 5288 2338 5359 quasi
2369 5287 2661 5359 fugientes
2693 5287 2856 5343 nullo
2885 5289 3114 5360 ordine,
3146 5289 3398 5362 principi
3421 5291 3661 5363 quidem
3677 5292 3843 5349 vali-

2166 5378 2390 5434 diorem
2422 5392 2602 5447 quam
2634 5376 2802 5448 prius
2831 5377 3163 5435 custodiam
3195 5386 3526 5452 apponunt,
3560 5396 3632 5436 ne
3678 5382 3845 5452 quid

2164 5483 2235 5523 ex
2266 5482 2332 5521 eo
2359 5482 2516 5521 novae
2545 5465 2627 5520 rei
2660 5470 2859 5536 posset
2889 5482 3226 5540 exsurgere.
3257 5468 3346 5525 Sic
3380 5470 3643 5528 confusis
3672 5488 3838 5529 cun-

2164 5554 2716 5626 ctis,unusquisque
2738 5555 3042 5612 securitati
3064 5574 3131 5613 ac
3161 5556 3338 5615 saluti
3371 5559 3623 5633 propria
3643 5576 3839 5633 quam

2166 5647 2400 5716 poterat
2429 5643 2886 5717 diligentissime
2915 5647 3180 5705 cavebat.
