2045 3202
174 198 230 227 497

356 294 491 334 εχώρουν,
503 294 535 323 ὀἱ
556 294 585 323 δὲ
604 294 824 334 διεφυλάττοντο.

176 354 218 387 [Ρ
245 352 299 388 36]
326 351 380 379 Καὶ
411 350 437 377 οἱ
469 350 516 387 μὲν
555 349 625 388 ἀμφὶ
654 350 700 377 τὸν
734 347 908 386 Καρυανίτην
934 358 1009 386 πρω-

173 394 384 433 τοϐεστιαρίτην
412 394 475 423 τότε
501 394 685 432 τυγχάνοντα,
711 392 795 432 ἄνδρα
823 393 939 431 γεραρὸν
962 392 1007 420 καὶ

173 440 286 470 πολλοῦ
313 451 389 472 τινος
420 439 492 475 ἄξιον
511 463 519 476 ,
550 440 623 477 φυγῇ
652 438 776 476 ἐχρῶντο
804 439 872 476 πρὸς
902 438 1005 476 Πέρσας

174 485 407 522 αὖτομολοῦντεςε
433 485 464 511 οὐ
491 484 600 522 βαςιλεῖ
634 484 816 517 έγκοτοῦντες,
841 482 914 510 ἀλλὰ
943 483 1003 519 περὶ

175 531 284 561 ἑαυτοῖς
301 527 453 559 δεδοικότες
470 527 516 555 δεδι
535 529 584 562 τήν
600 530 652 555 τῶν
670 527 839 564 πραγμάτιον
862 526 1004 563 σύγχυσιν.

175 573 242 604 Εἴτε
256 575 309 612 γὰρ
324 571 501 605 αὖτοὸούλως
526 574 627 609 ὥρμων
650 573 675 599 οἱ
700 570 854 607 ἐπιθέμενοι
870 573 906 607 μή
930 582 1005 602 τινος

175 621 390 658 παρορμῶντος,
416 616 488 655 ἔχειν
521 618 565 645 καὶ
600 617 681 644 πάλιν
713 616 799 648 οὕτως
825 617 911 653 ὁρμᾷν
940 615 1004 652 μηδ’

174 665 268 693 ὁτιοῦν
293 662 483 693 κολασθέντας·
510 661 563 689 εἴτε
596 663 640 689 καὶ
668 661 747 689 ἄλλοι
774 664 840 699 σφᾶς
862 661 1005 698 ὁρμῶντας

173 710 377 747 παρώτρυναν,
411 707 528 739 ἐκείνους
552 706 596 734 καὶ
624 708 681 734 κατ’
712 706 798 733 αὐτῶν
826 705 1003 743 παροτρύνειν

173 753 250 792 ἔχειν
276 775 285 788 ,
328 751 468 780 κάντεῦθεν
511 750 672 779 κινδυνεῦεεν
719 752 755 787 μή
796 750 1004 787 προσδοκῶντας

172 797 313 833 πολλοὺς,
340 797 385 825 καὶ
413 797 519 834 μΞΑλον
546 796 609 828 τοὺς
635 797 675 823 ἐπ’
697 795 818 830 ἐξουσίας
844 793 932 829 ὄντας,
962 796 1003 825 οἷς

175 845 190 872 ὁ
205 843 304 882 φθόνος
327 843 441 880 ὑφεῖρπε
459 841 547 873 πολὺς
574 841 618 868 καὶ
645 839 740 872 δεινός,
766 841 795 866 Οἱ
824 840 869 876 μὶν
894 839 938 866 οὖν
962 839 1004 866 διά

173 890 261 917 ταῦτα
275 886 419 924 αὐτονοχεὶ
442 886 505 918 εὐθὺ
530 884 658 923 Περσίδος
685 886 735 912 ἀνᾶ
759 885 856 922 κράτος
872 884 1003 919 ἤλαυνον,

717 197 766 224 DE
786 195 974 223 MICHAELE
992 195 1218 224 PALEOLOGO
1235 196 1303 224 LIB.
1323 199 1346 225 Ι.

172 262 198 290 κ’
216 283 223 291 .
254 261 350 293 Ὅπως
376 262 431 288 τῶν
462 258 630 297 μεγιστᾴνῳν
667 257 715 297 δια
740 257 823 286 ταῦτὰ
850 268 921 290 τινες
956 257 1004 285 ὑπ·
1018 257 1121 292 Am‘.

1836 197 1890 226 498

1159 258 1253 291 Ὀπως
1275 258 1479 307 Ῠέῖιλὶονεεκρυν
1525 261 1552 307 οξ
1578 259 1711 307 ἄρχοντες
1740 259 1803 299 περὶ
1837 261 1888 296 τὴν

1273 295 1322 323 τοῦ
1344 295 1478 333 βασιλέως
1498 295 1661 334 κηδεμονίαν
1668 318 1674 325 .

1098 348 1191 385 Ὅμως
1230 349 1275 376 καὶ
1318 350 1387 386 πρὸς
1431 348 1575 386 ἀλλήλους
1612 348 1798 388 ἐφιλονείκουν
1843 349 1889 377 καὶ

1061 391 1159 430 ἐρίζειν
1183 393 1402 431 ἆπηρχοντο.¹Η
1433 393 1462 422 δὲ
1490 394 1645 434 φιλονεικία
1670 394 1700 422 ἐκ
1728 393 1889 433 φιλοτιμίας

1061 437 1150 475 σφίσιν
1177 437 1335 476 ἐτύγχανεν·
1362 437 1556 478 ἠμφισϐήτουν
1589 439 1641 477 γὰρ
1674 438 1812 475 ἀλλήλοις
1838 441 1889 473 τῆς

1060 482 1121 519 περί
1145 483 1191 509 τὸν
1219 482 1332 521 βασιλέα
1355 483 1510 522 φροντίδος,
1538 484 1651 512 ἑκάστου
1673 486 1728 511 τῶν
1757 483 1785 511 ἐν
1812 483 1890 519 ἀξιώ-

1062 538 1125 564 ματι
1142 526 1227 555 ὄντων
1254 530 1292 564 μή
1318 529 1448 567 φέροντος
1472 532 1532 560 τοῖς
1559 529 1667 566 ὁμοίοις
1693 529 1888 566 ὑποτετάχθαι.

1060 574 1142 600 Ἦσαν
1173 574 1224 610 γαρ
1255 572 1326 605 ἔνθεν
1368 574 1415 610 μὲν
1451 575 1478 601 οἱ
1507 573 1538 601 ἐκ
1567 574 1727 611 Λασκαρίων
1764 573 1889 610 Τζαμάν-

1059 628 1164 654 τουροι,
1201 619 1274 655 γήρα
1313 628 1341 645 τε
1375 619 1420 645 καὶ
1462 619 1564 646 συνέσει
1603 618 1818 655 κεκοσμημένοι,
1856 617 1888 645 οὗ

1061 663 1114 698 μὴν
1133 661 1160 689 δὲ
1177 661 1248 689 ἀλλα
1263 663 1307 690 καὶ
1323 663 1353 690 τὸ
1370 663 1439 700 πρὸς
1454 664 1499 690 τὸν
1526 664 1584 691 νέον
1611 662 1726 701 βασιλέα
1751 664 1889 701 συγγενῶς

1059 704 1131 744 ἔχειν
1148 708 1356 738 καὶπαππικῶς
1382 707 1491 743 πολλήν
1515 707 1630 736 ἐνεποίει
1654 709 1704 742 τήν
1731 709 1780 735 τοῦ
1804 709 1888 735 ταῦτα

1060 754 1149 786 ζητεῖν
1187 751 1350 789 παῤῥησίαψ
1391 751 1463 783 ἔνθεν
1493 751 1521 780 δὲ
1551 753 1576 779 οἱ
1606 752 1635 779 ἐκ
1673 751 1825 790 Τορνικίων
1855 752 1887 779 τὸ

1058 795 1133 833 γένος
1146 794 1282 833 ἕλκοντες,
1299 797 1335 823 ὤν
1355 797 1368 823 ὁ
1385 799 1493 834 πρῶτος
1517 796 1562 824 καὶ
1594 797 1676 834 μέγας
1705 797 1887 835 πριμικήριος

1058 842 1101 874 ἦν.
1119 842 1202 878 Εἶχον
1219 843 1283 879 γοῦν
1299 842 1343 869 καὶ
1359 842 1434 869 οὗτοι
1450 842 1480 868 τὸ
1501 842 1569 879 πρὸς
1594 841 1625 868 τὸ
1642 839 1886 878 ἀμφιϐαλλόμενον

1061 885 1171 923 ἰσχυρὸν
1195 887 1226 913 τὸ
1256 887 1308 913 ἀπὸ
1336 887 1438 923 πατρὸς
1478 886 1579 913 οἰκεῖον
1611 887 1657 913 καὶ
1684 884 1830 924 ἀδελφικὸν
1861 885 1886 912 ἐν

175 931 261 960 ἄλλοι
283 930 305 959 δ’
329 930 456 969 ἀλλαχοῦ
479 931 646 968 ἀνεχώρουν,
669 929 809 961 κινδύνους
831 930 1003 968 ὑξορώμενω
1020 950 1042 981 Β
1060 930 1200 968 γράμματι
1221 931 1288 967 πρὸς
1318 930 1363 957 τὸν
1393 933 1442 958 τοῦ
1468 931 1529 958 νέου
1559 930 1669 958 πάππον
1699 930 1744 957 καὶ
1776 929 1888 967 βασιλέα

173 977 240 1009 τοὺς
258 977 413 1014 μεγίστους,
428 975 510 1003 ἄΛλοι
528 975 556 1002 δὲ
571 976 614 1002 καὶ
639 975 676 1006 ὠς
701 975 757 1002 οἷοί
773 976 796 1001 τ’
819 975 886 1008 ἦσαν
910 974 1000 1013 διεφυ-

172 1022 308 1051 λάττοντο
337 1022 365 1048 Ὀ
409 1021 500 1057 μέντοι
531 1031 560 1058 γε
599 1020 681 1057 μέγας
719 1019 902 1050 κονοσταῦλος

170 1066 311 1106 ἀδελφοὺς
341 1066 500 1101 ἐπιστήσας,
526 1066 602 1096 νέους
629 1064 706 1095 ὄντας
730 1065 774 1091 καὶ
803 1063 939 1098 σῦνετοὺς,
965 1065 1000 1090 ὧν

171 1113 271 1148 ἅτερος
303 1113 350 1149 μὲν
380 1112 519 1146 Ἰωάννης,
550 1112 562 1138 ὁ
594 1109 622 1138 δὲ
652 1110 775 1148 δεύτερος
816 1111 871 1146 μετ’
902 1109 1001 1136 ἐκεῖνον

172 1159 376 1187 Κωνσταντῖνος
414 1155 551 1192 ἐλέγοντο,
577 1155 718 1193 ὀφοικίοις
757 1154 834 1181 οῧπω
871 1165 1002 1190 σεμνυνο-

173 1203 285 1240 μένους⁷
310 1201 356 1232 τάς
401 1200 556 1238 πρεπούσαις
600 1199 686 1235 ἑαυτῴ
725 1198 846 1237 φυλακὰς
877 1200 1002 1233 καθίστη.

170 1247 310 1279 Ἐντεῦθεν
340 1247 386 1283 μὲν
422 1246 465 1273 καὶ
500 1246 690 1282 συνεχέστερον
716 1244 831 1283 ἐφοίτων
856 1244 923 1281 πρὸς
956 1244 1004 1280 βα-

171 1290 272 1326 σιλέα,
297 1291 343 1318 καὶ
373 1289 536 1326 διημέρευον
577 1289 622 1316 σὺν
649 1289 752 1324 ἐκείνῳ,
782 1289 807 1315 0".
836 1287 947 1319 πλείους
976 1286 1004 1314 δὲ

170 1335 219 1365 καὶ
241 1335 453 1373 διενυκτέρευον.
480 1335 520 1362 Τὰ
554 1333 581 1361 δέ

171 1381 218 1410 καὶ
235 1381 353 1411 πίστεως
369 1382 416 1407 καῖ
441 1382 548 1416 μᾶλλον
572 1378 801 1417 φιλοτιμούμενοι
821 1377 889 1415 πρὸς
913 1376 1002 1412 ἀλλή-

172 1426 240 1458 λους
256 1424 456 1453 ἐνεδεικνύοντο
472 1425 503 1461 [Ρ
520 1426 565 1461 37]
582 1423 688 1462 ἐμφανῆ
710 1423 753 1450 καὶ
771 1423 806 1453 ὡς
831 1423 881 1449 οὐκ
908 1420 1001 1452 ἄλλως

173 1481 205 1510 γε
219 1470 340 1508 μείζονα.

939 1019 1002 1051 τοὺς

605 1335 654 1366 τῆς
679 1334 746 1370 πρὸς
771 1333 868 1359 ἐκεῖνον
899 1332 1003 1363 εὖνοίας

1058 974 1186 1010 Ἰωάννην
1212 976 1257 1002 τὸν
1283 976 1395 1004 Δούκαν.
1426 976 1541 1003 Ἐκεῖθεν
1571 976 1597 1003 οἱ
1622 974 1887 1013 Στρατηγόπουλοι,

1057 1021 1157 1047 ὧντοῦ
1185 1022 1277 1057 γένους
1305 1021 1429 1057 ἐπίδοξος
1459 1022 1473 1048 ὁ
1499 1020 1633 1057 Ἀλέξιος,
1658 1019 1769 1054 πολλὴν
1796 1020 1885 1059 φέρων

1058 1067 1107 1099 τήν
1143 1065 1210 1093 αἷδῶ
1247 1067 1283 1097 ὡς
1324 1067 1438 1105 aii-{59%;
1475 1067 1527 1093 ἀπὸ
1557 1065 1664 1093 πάντων
1702 1064 1747 1092 καὶ
1771 1063 1886 1091 πλεῖστα

1059 1110 1169 1148 προσέτι
1191 1111 1388 1148 κατωρθωκώς.
1416 1111 1454 1140 Οὐ
1481 1111 1526 1138 καὶ
1552 1111 1565 1137 ὁ
1595 1112 1659 1141 παῖς
1685 1111 1886 1139 Κωνσταντῖνος

1059 1154 1184 1193 γαμϐρὸς
1217 1156 1257 1183 ἐπ’
1291 1155 1425 1195 ἀδελφιδῇ
1455 1158 1504 1183 τοῦ
1544 1154 1679 1193 βασιλέως
1710 1154 1837 1182 Ἰωάννου
1862 1153 1887 1188 ἐξ

1059 1200 1194 1237 αριστείας
1221 1200 1312 1239 φανεὶς
1339 1200 1451 1237 ὕστερον
1482 1203 1614 1238 στερεῖται
1644 1201 1699 1226 τῶν
1723 1197 1888 1235 ὀφθαλμῶν,

1059 1243 1118 1282 ἄρτι
1136 1244 1277 1282 Θεοδώρου
1302 1247 1350 1272 τοῦ
1379 1246 1499 1282 Αάσκαρι
1526 1245 1764 1281 μοναρχήσαντος.
1791 1242 1887 1269 Ait-tow

1060 1287 1083 1315 δ’
1111 1286 1189 1326 ἔσχεν
1228 1290 1264 1320 ὡς
1300 1289 1588 1327 καθυπερηφανεύοιτο
1626 1289 1674 1315 τοῦ
1702 1287 1888 1324 κρατοῧντος,

1060 1333 1249 1370 ὑπεροπτικῶς
1278 1334 1347 1369 πρὸς
1376 1333 1478 1361 ἐκεῖνον
1506 1330 1578 1370 ἔχων
1614 1332 1711 1360 νεωστὶ
1742 1330 1809 1368 μετὰ
1839 1331 1886 1358 τὸν

1058 1379 1161 1415 πατέρα
1189 1380 1242 1405 τῶν
1273 1380 1418 1416 σκήπτρων
1455 1377 1671 1414 ἐπειλημμένον.
1707 1376 1761 1404 Καὶ
1791 1376 1817 1402 οἱ
1855 1374 1886 1403 ἐκ

1058 1425 1106 1450 τοῦ
1135 1422 1234 1450 Ῥαοὺλ
1260 1423 1375 1461 εὐγενεῖς
1412 1421 1505 1457 ἄλλοι,
1539 1421 1605 1459 μετᾶ
1631 1421 1733 1459 πατέρα
1761 1421 1806 1448 τὸν
1835 1421 1884 1447 τοῦ

1058 1468 1211 1505 ἀξιώματος
1243 1468 1390 1496 ἐκπεσόντα
1408 1491 1415 1505 ,
1440 1468 1476 1499 ὠς
1508 1468 1654 1506 φθάσαντες
1683 1465 1794 1503 εἴπομεν
1815 1489 1821 1501 ,
1846 1462 1886 1492 ἔτι

173 1534 221 1563 20.
235 1535 268 1563 Ut
285 1533 398 1570 quidam
427 1537 597 1570 magnatum
605 1534 719 1570 propter
735 1531 805 1570 ¹Ιιίιιε
827 1531 1000 1565 recessm‘int,
1018 1533 1039 1565 C
1060 1531 1185 1560 habebat
1197 1532 1345 1560 aemulatio
1355 1532 1497 1560 sollicitos
1512 1531 1696 1566 invicemque
1707 1529 1884 1558 commissos

409 1569 463 1597 alii
474 1569 557 1596 aliter
572 1568 629 1595 sibi
643 1568 770 1595 caverint

210 1625 250 1652 At
265 1622 437 1659 Garyanites
453 1622 572 1658 quidem
588 1624 658 1649 tunc
684 1620 945 1656 protovestiarites,
961 1620 1004 1647 vir

172 1670 260 1697 (etate
271 1669 335 1704 jam
366 1669 485 1695 matura
501 1665 677 1694 venerabilis
694 1665 850 1700 meritique
871 1665 1001 1698 maximi,

173 1721 243 1742 cum
259 1712 435 1740 necessariis
451 1713 478 1739 et
494 1710 692 1739 familiaribus
708 1710 772 1746 ipsa
787 1713 872 1737 nocte
883 1709 1003 1737 recessit

173 1757 381 1793 transfugiens
397 1757 432 1784 ad
450 1760 567 1789 Persas,
585 1764 640 1783 non
659 1756 734 1789 quod
752 1755 921 1791 imperatori
937 1763 1002 1782 suc-

171 1802 375 1836 censeret,sed
388 1802 466 1838 quod
480 1801 536 1829 sibi
547 1802 689 1828 metueret
703 1800 739 1827 ob
751 1799 1002 1836 perturbationem

173 1855 285 1876 rerum.
304 1847 368 1875 Sive
379 1847 458 1874 enim
473 1846 501 1874 id
517 1855 569 1881 per
584 1853 615 1872 se
626 1845 743 1873 nemine
754 1845 914 1880 instigante
926 1844 1002 1872 sedi-

172 1892 245 1921 tiosi
259 1892 324 1920 ausi
340 1893 436 1926 erant,
461 1892 529 1926 jure
546 1890 643 1918 timeri
668 1890 750 1925 paria
765 1898 868 1917 rursus
884 1889 1001 1916 eosdem

174 1939 374 1966 attantaturos
385 1936 515 1972 impune,
525 1943 642 1963 summo
656 1934 825 1962 discriminc
837 1934 1001 1969 gerentium

175 1982 384 2018 magistratus,
391 1981 421 2008 in
432 1989 507 2017 quos
515 1980 612 2016 gravis
620 1980 810 2007 incumbebat
817 1979 821 2005 i
828 1979 934 2007 nvidia:
943 1979 1003 2006 sivc

172 2027 256 2063 ipsos
264 2026 314 2054 alii
321 2025 512 2062 impulerant,
520 2026 609 2053 etiam
616 2025 722 2052 iterum
732 2024 935 2051 concitandam
945 2023 1002 2051 vim

173 2071 337 2100 militarem
354 2071 390 2098 ab
405 2070 510 2098 iisdem
526 2070 556 2098 in
583 2069 706 2097 minime
723 2069 877 2104 opinantes
894 2067 1003 2095 multos

168 2117 241 2153 jure
255 2115 420 2144 formidari.
451 2115 507 2142 Alii
540 2115 677 2142 similiter
693 2114 748 2142 alio
766 2122 797 2142 se
820 2115 1003 2148 receperunt.

174 2161 306 2190 maxima
321 2167 446 2196 quaeque
459 2160 515 2187 rati
530 2159 609 2187 domi
632 2159 819 2186 manentibus
835 2158 1004 2194 impendere

172 2205 316 2243 pericula.
332 2205 421 2232 Porro
437 2205 487 2232 alii
502 2205 531 2231 in
543 2206 654 2232 attenta
670 2205 714 2231 sui
727 2204 859 2239 ipsorum
873 2204 1005 2231 custodia

173 2251 360 2288 perstabant.
375 2250 410 2277 At
426 2257 552 2285 magnus
565 2248 757 2277 conostaulus
768 2249 906 2276 fratribus
917 2251 1002 2284 (quo-

1058 1584 1175 1612 unoque
1191 1577 1247 1604 sibi
1273 1577 1421 1604 ambiente
1443 1584 1497 1604 nec
1514 1576 1565 1604 ulli
1583 1575 1632 1603 alii
1653 1575 1755 1603 cedere
1779 1576 1883 1610 parato

1056 1630 1155 1650 curam
1181 1622 1358 1657 peculiarem
1374 1630 1407 1649 ac
1430 1621 1553 1648 tutelam
1579 1619 1766 1656 imperatoris
1783 1619 1878 1647 adhuc

1057 1667 1148 1702 pueri.
1163 1667 1232 1694 Erat
1246 1675 1279 1694 ea
1292 1666 1477 1702 singulorum
1495 1665 1633 1693 nobilitas
1649 1673 1682 1692 ac
1698 1664 1838 1699 dignitas,
1856 1665 1885 1691 ct

1056 1720 1091 1739 ex
1104 1712 1209 1739 barum
1217 1711 1398 1739 conscientia
1409 1711 1455 1739 sui
1465 1710 1573 1746 opinio,
1584 1712 1616 1737 ut
1627 1708 1734 1745 subjici
1744 1708 1884 1744 cuiquam

1057 1765 1158 1784 eorum
1188 1756 1294 1792 quibus
1310 1765 1343 1784 se
1369 1764 1454 1792 pares
1470 1755 1680 1783 existimabant
1697 1762 1781 1781 nemo
1804 1761 1881 1780 unus

1057 1810 1140 1837 equo
1157 1801 1253 1829 animo
1270 1810 1413 1837 passurus
1423 1801 1580 1828 videretur.
1595 1800 1667 1827 llinc
1679 1807 1710 1826 se
1721 1797 1884 1826 otl‘ercbant

1057 1855 1072 1874 ο
1086 1846 1276 1874 Lascaridum
1306 1848 1392 1881 gente
1407 1844 1609 1877 Tzamanturi,
1626 1844 1676 1879 qui
1698 1842 1778 1879 gravi
1800 1849 1884 1869 sene-

1058 1893 1137 1918 ctute
1152 1891 1335 1918 venerabiles
1346 1893 1374 1918 et
1385 1891 1463 1918 fama
1471 1889 1634 1925 prudentia:
1646 1887 1809 1924 conspicui,
1821 1887 1884 1914 efﬁ-

1058 1935 1164 1964 caciter
1179 1935 1234 1963 sibi
1251 1935 1408 1970 suffragari
1419 1935 1606 1962 conﬁdebant
1619 1934 1656 1961 ad
1667 1932 1882 1968 impetrandam

1058 1980 1294 2016 procurationem
1315 1979 1420 2015 pupilli
1437 1978 1578 2015 principis
1593 1980 1622 2006 et
1642 1976 1883 2005 communionem

1058 2034 1125 2054 cum
1148 2034 1180 2053 eo
1196 2025 1331 2052 intimam
1348 2023 1503 2059 sanguinis
1529 2025 1558 2050 et
1572 2021 1777 2050 auctoritatem
1798 2020 1885 2057 quasi

1058 2073 1210 2106 paternam
1228 2078 1244 2096 a
1270 2071 1375 2096 natura
1392 2068 1465 2104 ipsis
1480 2068 1580 2096 datam
1597 2067 1627 2094 in
1643 2068 1715 2094 natu
1740 2065 1885 2093 minorem

1059 2124 1118 2143 suae
1148 2114 1263 2143 familias
1280 2114 1445 2142 alumnum.
1463 2113 1484 2140 E
1512 2112 1626 2140 diverso
1642 2119 1673 2139 se
1697 2109 1887 2138 ostentabant

1059 2161 1114 2190 orti
1126 2160 1352 2189 eTorniciorum
1365 2167 1481 2194 genere,
1491 2165 1617 2193 quorum
1630 2156 1744 2192 primus
1757 2162 1887 2191 magnus

1059 2208 1121 2235 erat
1135 2205 1331 2242 primicerius.
1350 2203 1398 2231 His
1410 2203 1546 2230 fiduciam
1557 2200 1710 2230 auferendi
1726 2208 1783 2237 prae
1791 2199 1887 2227 omni-

1059 2253 1115 2280 bus
1122 2250 1224 2279 ambiti
1231 2248 1342 2278 cmteris
1350 2246 1658 2282 houorisdabatpatris
1665 2245 1797 2282 ipsorum
1809 2244 1886 2279 apud

173 2303 244 2325 rum
259 2297 331 2323 natu
349 2294 589 2330 majorJoannes,
600 2293 911 2321 minchonstantinus
920 2302 1004 2322 voca-
1020 2303 1042 2335 ο
1058 2294 1466 2331 avumimpel‘atoriSJOanem
1474 2293 1584 2320 Ducam
1594 2292 1761 2327 Augustum
1771 2297 1888 2317 summa

173 2340 274 2376 batur)
290 2340 326 2367 ad
347 2346 535 2367 communem
560 2338 682 2366 tutelam
699 2338 840 2365 adhibitis
864 2337 1001 2366 idoneam

172 2385 283 2421 cuique
293 2384 419 2419 subjecit
427 2383 674 2419 priesidiaricrum
687 2391 819 2410 manum.
831 2382 1004 2410 Adolescen-

172 2432 221 2462 tes
235 2429 288 2457 64
303 2429 334 2456 hi
350 2429 510 2465 prudentes
526 2430 619 2463 erant,
634 2428 766 2455 nondum
788 2427 823 2455 ad
840 2427 1001 2455 ofﬁciorum

172 2474 303 2511 promoti
320 2474 472 2507 honorem,
498 2480 601 2508 eoque,
629 2474 728 2508 utpote
744 2472 801 2499 alia
815 2472 899 2500 vacui
923 2481 1003 2506 cura,

173 2519 255 2556 apud
271 2518 479 2554 imperatorem
495 2517 590 2552 magis
606 2516 730 2551 assidui,
746 2525 778 2544 ac
795 2525 861 2544 cum
877 2525 910 2544 eo
926 2516 1004 2544 soliti

173 2572 237 2593 non
253 2563 317 2591 dies
332 2563 430 2591 solum
446 2564 523 2590 totos
539 2562 664 2597 exigere,
681 2562 731 2589 sed
748 2561 836 2589 etiam
860 2569 917 2588 non
939 2570 1004 2588 raro

173 2610 362 2646 pernoctare,
378 2608 414 2635 de
430 2607 487 2634 [ide
503 2607 533 2634 in
550 2606 633 2633 illum
651 2614 683 2634 ac
699 2606 842 2634 charitate
863 2608 1006 2634 certantes

172 2654 254 2682 inter
271 2660 314 2688 se,
338 2652 512 2687 nullamque
541 2650 725 2678 occasionem
752 2651 1005 2686 praetermittentcs

173 2697 348 2727 declarandi
365 2705 455 2733 quam
472 2696 599 2724 maxime
607 2698 743 2732 poterant
758 2696 803 2723 sui
819 2704 887 2731 erga
897 2695 1005 2731 princi-

173 2751 245 2780 pem
260 2742 355 2770 studii
372 2741 552 2778 praestantis.

173 2796 222 2825 21,
255 2795 397 2824 Contenlio
426 2795 501 2822 inter
533 2794 672 2836 principes
699 2794 731 2821 de
759 2794 844 2821 tutela
872 2793 1008 2829 principiis

548 2838 600 2866 pue
604 2839 629 2857 ιιι
634 2851 640 2856 .

215 2877 326 2905 Verum
346 2883 450 2905 omnes
474 2875 524 2911 qui
541 2877 745 2903 remanserant
769 2874 917 2910 principes
933 2874 1008 2903 acris

1057 2342 1152 2379 gratia
1167 2339 1366 2367 familiaritate
1378 2338 1483 2365 intima
1497 2337 1666 2371 conjuncta.
1687 2334 1888 2362 Occurrebant

1059 2377 1178 2414 aliunde
1200 2382 1406 2419 Strategopuli,
1439 2382 1468 2409 in
1496 2380 1605 2416 quibus
1629 2386 1736 2415 genere
1757 2377 1886 2405 illustris

1059 2429 1280 2464 Alexius,cujus
1291 2436 1393 2456 omnes
1404 2427 1432 2454 in
1443 2425 1659 2454 canitiedecora
1671 2422 1787 2459 magnis
1798 2422 1886 2450 rebus

1060 2474 1149 2511 gestis
1162 2474 1300 2501 virtutem
1309 2481 1342 2500 ac
1355 2473 1460 2500 famam
1471 2470 1688 2498 reverebantur.
1700 2468 1796 2502 Hujus
1807 2466 1886 2494 ﬁlius

1060 2518 1272 2548 Constantinus
1280 2517 1446 2553 Gregorius,
1459 2515 1557 2544 afﬁnis
1568 2512 1755 2550 imperatoris
1763 2511 1886 2539 Joannis

1061 2564 1149 2591 ducta
1163 2562 1228 2597 ejus
1251 2562 1339 2597 nepte
1356 2569 1389 2589 ac
1401 2559 1489 2588 claris
1512 2558 1596 2587 factis
1621 2557 1760 2593 inclytus,
1784 2557 1887 2592 postea

1062 2607 1192 2643 privatus
1217 2605 1266 2634 65
1292 2605 1386 2634 oculis
1407 2605 1503 2633 fuerat
1524 2603 1676 2632 Theodoro
1701 2601 1817 2629 Lascari
1838 2609 1888 2628 re-

1061 2653 1180 2688 gnante,
1197 2650 1278 2687 gravi
1294 2649 1466 2684 arrogantiae
1478 2657 1564 2685 paena
1579 2656 1638 2684 qua
1649 2645 1842 2682 superciliose
1855 2645 1891 2673 de

1062 2696 1193 2732 spexisse
1209 2696 1417 2731 imperatorem
1439 2694 1522 2721 visus
1538 2695 1610 2727 erat,
1627 2700 1694 2720 cum
1710 2691 1734 2718 is
1752 2692 1819 2727 post
1839 2698 1890 2725 ρος

1063 2741 1114 2769 tris
1143 2741 1270 2768 mortem
1299 2747 1398 2766 rerum
1427 2738 1561 2766 habenas
1589 2738 1620 2766 in
1636 2744 1742 2765 manus
1771 2742 1891 2763 sumere

1063 2786 1209 2822 coepisset.
1236 2783 1421 2812 Accedebant
1435 2785 1463 2811 et
1487 2782 1540 2810 filii
1557 2781 1670 2816 Raulis,
1687 2780 1736 2809 alii
1761 2779 1890 2817 patricii,

1062 2831 1112 2866 qui
1129 2832 1194 2866 post
1209 2829 1323 2857 obitum
1337 2827 1461 2856 Joannis
1476 2826 1599 2863 Augusti
1614 2825 1811 2861 dignitatibus
1836 2832 1886 2852 ex-

1062 2876 1193 2904 ciderant
1215 2885 1222 2909 ;
1254 2873 1336 2903 alteri
1367 2874 1502 2909 praeterea
1529 2869 1696 2906 Palaeologi,
1712 2871 1823 2898 etcum
1841 2869 1890 2897 his
