4090 6408
334 397 442 455 499

1645 400 1948 457 GEORGII
1986 399 2454 454 PACHYMERB

3655 396 3765 452 500

330 525 635 597 νεάζοντες,
666 521 758 579 καὶ
789 520 1188 597 Παλαιολόγοι.
1222 520 1328 577 Σὺν
1353 524 1436 584 οἷς
1475 521 1565 578 καὶ
1597 524 1863 592 Βατοὶτζαι
1893 523 1982 578 καὶ
2018 530 2072 593 Α
2100 523 2206 599 κβ¹.
2263 523 2455 584 "Ome:
2534 520 2884 599 προετιμήρη
2950 518 3033 599 εἷς
3085 520 3249 574 τοῦτο
3334 523 3441 574 τῶν
3501 517 3673 577 ἄλλον
3731 521 3760 578 6

333 615 386 670 οἱ
414 614 511 669 τοῦ
543 611 717 681 Φιλῆ,
750 610 824 667 ὧν
859 614 888 668 6
919 613 1096 686 πατὴρ
1129 609 1409 686 Θεόδωρος
1434 611 1752 689 τετύφλωτο
1782 613 1872 667 καὶ
1895 612 1993 667 αὖ·

329 705 425 768 τὸς
454 703 548 759 σὺν
583 708 663 775 τῷ
696 701 1182 778 Στρατηγοπούλῳ
1228 708 1329 771 τῆς
1371 701 1538 772 αὐτῆς
1589 700 1780 775 ἐκείνῳ
1830 702 1991 777 χάριν

334 793 538 866 αἲτίας,
572 792 665 848 σὺν
717 787 1131 867 Καϐαλλαρίοις
1160 812 1217 846 τε
1248 791 1300 846 οἱ
1332 791 1638 868 Νοστόγγοι
1666 792 1756 846 καὶ
1803 794 1855 847 οἱ
1888 800 1995 847 Κα-

340 884 559 958 μύτζαι,
590 881 682 937 σύν
714 902 773 937 τε
816 882 903 937 καὶ
958 883 1254 955 ’Δπρηνοῖς
1303 883 1393 936 καὶ
1426 880 1708 958 Ἀγγέλοις
1740 884 1791 937 οἱ
1824 878 1995 939 Αιϐαο

340 971 550 1050 ὃάριοι,
580 975 989 1047 Ταρχανειῶται
1050 970 1513 1047 Φιλανθρωπηνοὶ
1542 971 1633 1027 καὶ
1665 973 1718 1027 o't
1768 972 1995 1048 εὐγενεῖς

341 1061 804 1131 Καντακουζηνοὶ,
838 1062 925 1116 καὶ
979 1059 1098 1115 ὅσοι
1155 1059 1320 1116 ἄλλοι
1382 1064 1463 1122 οἷς
1519 1063 1554 1131 ἡ
1619 1062 1998 1136 μεγαλογενής

341 1154 495 1227 σειρά
523 1151 612 1207 καὶ
642 1157 821 1227 χρυσῆ
857 1152 1282 1227 συγκεκρότητο.
1338 1152 1399 1208 Ὀ
1433 1152 1614 1224 μέντοι
1657 1171 1717 1225 γε
1745 1151 1998 1225 Νοστόγ-

340 1263 439 1317 γος
485 1242 756 1317 Γεώργιος
808 1239 897 1295 καὶ
945 1239 1491 1319 προσεφιλοτιμεῖτο*
1553 1238 1844 1317 ἐκυδροῦτο
1892 1241 1996 1315 γὰρ

338 1336 447 1386 τῶν
494 1328 682 1385 ἄλλων
734 1328 811 1392 εἰς
856 1326 1027 1400 κῆδος
1078 1328 1362 1406 βασιλικὸν
1415 1332 1864 1405 προτιμώμενος.
1898 1331 1998 1384 Καὶ

337 1422 443 1498 γὰρ
474 1420 553 1475 ἔτι
603 1424 711 1489 ζῶν
743 1419 771 1473 6
801 1423 1017 1493 κρατῶν
1067 1418 1321 1494 ἀρμόξειν
1370 1418 1448 1481 εἷς
1478 1422 1653 1496 γάμον
1704 1419 1852 1492 αὐτῷ
1896 1421 1996 1489 τὴν

336 1507 507 1565 παῖδα
535 1506 626 1565 διὰ
672 1505 881 1585 βουλῆς
914 1506 1059 1582 ἔχων
1087 1506 1327 1564 πολλοῖς
1377 1508 1467 1562 καὶ
1512 1507 1709 1570 ἀλλοις
1758 1507 2000 1564 ἐπίστευε

335 1603 436 1671 τήν
490 1596 723 1676 βουλὴν,
784 1593 882 1652 κᾶν
936 1594 1186 1672 ἐπλήρου
1245 1597 1333 1653 καὶ
1392 1598 1454 1652 τὸ
1506 1595 1890 1674 συνάλλαγμα,
1952 1599 1997 1653 εἴ

342 1691 419 1763 μή
462 1709 523 1762 γε
574 1690 638 1759 [Ρ
692 1689 782 1760 38]
834 1687 1061 1751 θάνατος
1113 1691 1194 1759 τῷ
1256 1685 1472 1762 βασιλεῖ
1524 1684 1768 1751 ἐπελθὼν
1830 1687 1999 1760 ἐμπο-

339 1775 447 1835 δὼν
503 1774 635 1848 ’ἔστη
695 1780 765 1851 τῇ
823 1777 1033 1849 πράξει.
1093 1776 1231 1832 Τότε
1287 1774 1335 1831 δ’
1389 1776 1541 1841 αὖθις
1599 1776 1998 1853 ἐπιΟαῤῥοῦντα

335 1873 456 1931 τοῖς
488 1864 847 1943 ἐγνωσμένοις
894 1866 968 1928 ὡς
1009 1867 1100 1921 καὶ
1137 1864 1304 1921 πάλιν
1351 1871 1543 1941 τυχεῖν
1591 1864 1738 1921 ἔσται
1789 1867 1843 1921 οἲ
1895 1872 1996 1922 τοῦ

338 1954 546 2029 κήδους
590 1954 731 2032 μέγα
776 1960 993 2033 φρονεῖν
1025 1957 1061 2025 ἡ
1094 1952 1256 2017 ἐλπὶς
1305 1954 1502 2024 ἐποίει,
1551 1955 1642 2010 καὶ
1687 1956 1997 2027 κατηλαζο-

339 2046 519 2103 νεῦετο
565 2047 702 2121 πρὸς
757 2044 887 2107 τοὺς
936 2042 1171 2115 ἄλλους,
1220 2043 1310 2099 καὶ
1372 2044 1585 2118 μᾶλλον
1635 2045 1726 2099 τὸν
1778 2045 1999 2103 αὐτανὲ-

338 2140 487 2210 ψιον.
547 2136 608 2197 ὃς
660 2135 728 2204 ἦν
788 2136 816 2189 6
879 2136 1047 2211 μέγας
1102 2134 1503 2205 κονοσταῦλος,
1573 2132 1998 2213 διαφιλοτιμου-

347 2245 532 2298 μενος.
562 2225 722 2288 ’Όθεν
766 2222 862 2278 κάν
910 2228 1026 2285 τοῖς
1077 2221 1387 2298 βασιλικοῖς
1432 2221 1759 2298 προαυλίοις
1804 2222 1998 2296 ἀνέδην

343 2310 581 2383 ἐσκήνει,
644 2311 733 2366 καὶ
791 2312 913 2375 καθ’
972 2308 1177 2381 ἡδονὴν
1252 2307 1540 2386 διατριϐῆς
1603 2312 2000 2385 ἱππαζομὲνοις

341 2405 464 2463 τοῖς
530 2399 793 2475 ἄρχουσιν
874 2400 963 2455 ἐπὶ
1032 2404 1238 2454 κοντῶν
1311 2395 1570 2476 συντριϐῇ
1629 2407 1663 2471 ἤ
1717 2402 1807 2456 καὶ
1867 2404 2005 2457 κατά

340 2490 589 2566 παίγνιον
619 2489 848 2561 σύνηθες
881 2489 1027 2567 σφίσι
1075 2496 1175 2560 τῆς
1220 2490 1448 2569 σφαίρας
1503 2490 1563 2545 ἐκ
1615 2490 1861 2567 μεγάλου
1906 2497 2003 2548 τοῖ’)

345 2578 580 2657 θάρῥους
662 2579 1027 2650 συνιππάζετο
1081 2580 1173 2635 καὶ
1226 2578 1560 2652 συνέπαιζεν,
1628 2579 1788 2656 ἐγγὺς
1854 2582 2003 2636 ἱσταο

341 2670 531 2746 μὲναις
585 2671 674 2726 καὶ
731 2670 968 2746 ὁρώσαις
1025 2674 1148 2733 ταῖς
1199 2669 1472 2748 βασιλίσιν
1534 2667 2001 2745 ἐπιδεικνύμενος.

331 2877 580 2932 Batalzas
609 2874 669 2930 et
697 2870 885 2929 Pbilis
916 2870 1045 2940 ﬁlii,
1079 2887 1335 2943 quorum
1393 2887 1610 2943 parens
1648 2871 1996 2929 Theodorus

331 2979 467 3019 cum
479 2960 892 3035 Strategopulo
906 2962 1172 3017 eamdem
1189 2961 1263 3018 ob
1286 2977 1529 3018 causam
1543 2965 1866 3018 excacatus
1879 2966 1992 3031 est,

332 3057 392 3110 et
422 3068 558 3109 cum
587 3049 935 3109 Caballariis
990 3049 1274 3123 Nostongi
1307 3067 1373 3107 ac
1403 3054 1707 3125 Camytzac,
1769 3054 1827 3107 et
1855 3068 1990 3107 cum

334 3140 584 3215 Aprenis
605 3144 785 3212 atque
802 3140 1043 3213 Angelis
1058 3140 1375 3209 Libadarii,
1395 3140 1818 3209 Tarchaniotze,
1850 3141 1989 3197 Phi-

2732 589 3137 668 ΪΙαλαιολόγος.

2177 703 2330 765 Τὲως
2362 722 2426 777 γε
2467 702 2600 773 μὴν,
2649 700 2764 755 ἐπεὶ
2815 699 2920 755 οὐκ
2961 701 3027 769 ἦν
3080 699 3537 775 ἆνεπιτρόπευτον
3582 703 3761 774 μένειν

2107 792 2199 848 τὸν
2244 791 2496 867 βασιλέα,
2550 787 2602 844 ἐν
2664 788 2893 863 ἀφήλιξι
2945 788 3343 865 γνωριζόμενον
3404 789 3495 846 καὶ
3553 789 3766 847 ἁπαλὸν

2104 884 2241 957 ἦτορ
2309 882 2581 957 φέροντα,
2642 877 2991 942 συνελθόντες
3050 876 3164 950 ἅμα
3234 879 3286 933 οἱ
3346 878 3399 934 ἐν
3457 878 3603 935 τὲλει
3676 882 3768 937 καὶ

2110 969 2536 1048 βουλευσάμενοι
2563 970 2638 1033 ὡς
2694 968 2794 1023 οὐκ
2846 967 3081 1040 ἀσφαλὲς
3133 965 3266 1042 δίχα
3308 975 3408 1039 τῆς
3442 970 3772 1040 Ἐκκλησίας

2106 1062 2323 1117 καὶτοῦ
2362 1061 2563 1130 ταύτης
2623 1062 2972 1133 προεστῶτος
3030 1058 3333 1133 (Ἄρσένιος
3389 1057 3435 1114 δ’
3484 1061 3647 1124 οὗτος
3674 1063 3765 1134 ἦν)

2106 1154 2360 1220 καθιστᾷν
2405 1149 2473 1203 τὰ
2516 1145 2763 1220 τοιαῦτα,
2812 1149 2949 1218 πρὸς
3001 1148 3096 1220 μὲν
3142 1148 3232 1203 τὸν
3278 1148 3329 1218 ἐξ
3377 1151 3771 1225 Αύτωρειανῶν

2106 1240 2455 1317 πατριάρχην
2538 1238 2819 1312 πέμπουσι
2891 1239 2991 1307 τὴν
3075 1239 3346 1312 ταχίστην
3426 1237 3772 1312 μετακαλού-

2112 1352 2262 1403 μενοι
2332 1328 2631 1399 Νικαίηοεν
2707 1332 2923 1396 τοῦτον,
2993 1326 3171 1382 αὐτῶν
3246 1324 3305 1383 δὲ
3374 1330 3493 1384 καθ’
3546 1328 3776 1393 ἑαυτοὺς

2108 1422 2189 1499 ἐφ’
2260 1419 2493 1495 ἡμέραις
2573 1416 3097 1492 διασκεπτομένων,
3178 1416 3349 1474 ἄλλον
3436 1417 3611 1476 ἄλλου
3694 1421 3777 1487 εἰς

2106 1509 2437 1584 κηδεμονίαν
2499 1513 2596 1563 τοῦ
2659 1505 2930 1584 βασιλέως
2993 1509 3410 1583 προκρῖνοντος,
3468 1510 3629 1574 τέλος
3679 1510 3775 1567 ἐπί

2105 1600 2185 1674 τῷ
2219 1600 2435 1676 ῥηθέντι
2483 1596 2851 1675 Παλαιολόγῳ
2891 1601 2925 1668 ἠ
2968 1599 3124 1667 κοινή
3182 1598 3362 1673 βουλή
3409 1604 3643 1671 καταντᾷ
3689 1600 3772 1664 ὡς

2109 1690 2272 1745 αὐτοῦ
2321 1710 2383 1762 γε
2425 1687 2515 1743 καὶ
2569 1686 2738 1761 μόνου
2786 1687 2935 1763 παρὰ
2971 1686 3099 1749 τοὺς
3150 1685 3357 1749 ἄλλους
3405 1688 3595 1743 ἱκανοῦ
3626 1690 3772 1764 πρὸς

2105 1783 2267 1835 τοῦτο
2326 1777 2603 1855 φανέντος·
2677 1776 2827 1851 εἴπερ
2905 1777 3010 1851 γὰρ
3059 1774 3255 1847 ἄλλον,
3316 1778 3769 1853 στρατηγικώτα-

2106 1890 2198 1925 τον
2259 1868 2390 1922 εἶναι
2447 1866 2541 1921 τὸν
2598 1862 2803 1938 ἄνδρα,
2852 1865 2943 1921 καί
3001 1866 3055 1919 οἱ
3106 1865 3167 1920 ἐκ
3216 1864 3455 1921 παλαιοῦ
3511 1864 3778 1942 αὔταρκες

2109 1959 2244 2015 εἶναι
2285 1957 2347 2011 τὸ
2380 1956 2613 2030 εὐγενὲς,
2657 1954 2748 2010 καὶ
2794 1953 2976 2028 τρίτον
3025 1955 3088 2010 τὸ
3136 1956 3273 2029 πρὸς
3327 1956 3421 2011 τὸν
3466 1961 3782 2030 κρατοῦντα

2108 2047 2356 2124 συγγενὲς
2407 2048 2520 2118 ἅμα
2572 2044 2665 2118 μὲν
2717 2045 2967 2117 αὐτόθεν,
3015 2046 3129 2119 ἅμα
3179 2043 3236 2099 δὲ
3279 2046 3371 2100 καὶ
3422 2044 3482 2101 ἐκ
3528 2053 3628 2117 τῆς
3680 2069 3778 2102 συ-

2113 2136 2273 2210 ζύγου
2333 2140 2453 2206 (τῆς
2514 2134 2609 2207 μὲν
2669 2135 2773 2207 γὰρ
2835 2131 3084 2209 δεύτερος
3144 2133 3467 2208 αὐτανέψιος
3523 2137 3617 2209 ἦν,
3669 2142 3778 2192 τοῦ

2112 2223 2169 2280 δὲ
2200 2223 2450 2300 δευτέρου
2501 2223 2823 2297 αὐτανεψίου
2874 2224 3011 2297 υἱὸς)
3060 2222 3280 2294 πολλὴν
3329 2222 3580 2297 ἐμποιεῖν
3624 2227 3781 2299 σύτῷ

2109 2315 2210 2384 τήν
2272 2314 2351 2376 εἷς
2403 2314 2466 2370 τὸ
2519 2310 2885 2386 κηδεμονικὸν
2945 2317 3042 2368 τοῦ
3105 2312 3382 2389 βαφιλέως
3440 2316 3590 2391 παρὰ
3643 2315 3779 2380 τοὺς

2112 2402 2320 2466 ἄλλους
2369 2403 2680 2479 ἐκχώρησιν
2710 2446 2723 2459 .
2777 2402 2951 2459 Ἀλλὰ
3004 2402 3072 2458 τὰ
3124 2405 3216 2478 μὲν
3269 2403 3474 2459 ἐκείνου
3522 2406 3661 2481 πρὸς
3710 2408 3782 2463 τὸ

2112 2500 2487 2569 προτιμᾶσθαι
2542 2497 2650 2547 τῶν
2705 2491 2892 2548 ἄλλων
2952 2491 3135 2548 δίκαια
3188 2495 3338 2549 ταῦτ’
3394 2495 3555 2568 ἦσαν,
3614 2495 3701 2551 καὶ
3749 2497 3783 2551 6

2118 2584 2247 2657 ὑπὲρ
2310 2582 2517 2638 ἐκείνου
2592 2579 2767 2659 λέγων
2843 2586 3015 2637 ταῦτα
3082 2578 3494 2658 προύϐάλλετοο
3545 2605 3788 2663 παρεχει

2117 2670 2175 2727 δὲ
2224 2671 2314 2727 καὶ
2371 2672 2432 2726 τὸ
2509 2670 2654 2732 εἰκὸς
2730 2670 2926 2726 ἐννοεῖν
3003 2673 3078 2734 ὡς
3133 2672 3384 2736 κάκεῖνος
3434 2675 3496 2730 τὸ
3546 2679 3789 2751 πρᾶγμα

2106 2873 2321 2929 tutoris
2353 2871 2723 2945 providentia
2766 2871 3093 2928 destitutus
3125 2872 3401 2946 relinqui,
3435 2875 3508 2931 ad
3540 2873 3781 2934 electio-

2110 2978 2243 3017 nem
2279 2962 2402 3033 apti
2454 2963 2527 3017 ad
2577 2961 2636 3016 id
2684 2977 2903 3017 munus
2932 2966 3212 3019 coeuntes
3261 2980 3478 3035 magno
3525 2981 3780 3023 numero

2111 3050 2392 3123 prazcipui
2442 3050 2659 3122 quippe
2688 3050 3071 3123 magistratus
3101 3056 3277 3123 atque
3310 3052 3463 3109 aula:
3500 3069 3778 3128 proceres

2101 3144 2235 3195 ante
2248 3139 2449 3196 omnia
2460 3140 2770 3195 decreveru
2781 3144 2845 3195 nt
2863 3139 3328 3212 haudquaquam
3355 3146 3549 3199 tutum
3582 3143 3768 3199 videri

335 3230 713 3303 lantbropeni
732 3233 791 3286 et
812 3228 1039 3287 nobiles
1060 3229 1448 3286 Cantacuzeni
1476 3249 1489 3299 ;
1520 3235 1645 3286 tum
1665 3230 1715 3287 si
1735 3231 1833 3302 qui
1864 3229 1987 3302 alii,
2028 3236 2071 3299 C
2110 3233 2279 3285 tanta
2309 3229 2380 3285 de
2412 3245 2472 3284 re
2504 3232 2760 3285 statuere
2780 3228 2906 3285 sine
2937 3229 3078 3285 cieri
3109 3235 3165 3286 et
3179 3230 3446 3287 Ecclesia
3478 3248 3765 3288 consensu

341 3320 561 3393 quibus
593 3318 695 3376 illa
725 3318 1041 3392 magniﬁca
1062 3319 1246 3375 series
1278 3323 1336 3375 et
1357 3319 1527 3391 quasi
1547 3336 1725 3376 aurea
1754 3319 2002 3377 nobilis-

346 3411 633 3467 simorum
695 3425 1001 3483 procerum
1048 3425 1266 3465 corona
1294 3410 1624 3466 constabat.
1661 3410 1998 3481 Nostongus

340 3501 496 3557 inter
526 3516 625 3556 eos
657 3498 943 3571 Georgius
972 3498 1367 3555 aemulationis
1398 3498 1731 3556 communis
1754 3501 1996 3555 modum

340 3588 626 3663 peculiari
648 3587 990 3644 ambitionis
1010 3587 1347 3657 arrogantia
1368 3588 1709 3660 superabat,
1731 3604 1797 3645 eo
1816 3590 1991 3645 maxi-

341 3694 436 3736 me
458 3678 518 3733 in
548 3676 890 3749 superbiam
922 3674 1110 3733 elatus
1136 3678 1291 3748 quod
1322 3676 1643 3749 imperator
1684 3677 1878 3734 adhuc
1908 3678 1996 3733 vi-

340 3784 488 3824 vens
522 3766 706 3822 tiliam
725 3765 812 3821 illi
835 3764 1125 3821 collocare
1154 3766 1213 3821 in
1233 3766 1612 3823 matrimonio
1644 3768 1995 3836 decreverat,

340 3863 400 3917 et
430 3857 651 3913 multos
680 3854 856 3912 istius
888 3855 980 3911 sui
1016 3856 1249 3912 consilii
1300 3856 1616 3929 participes
1674 3860 1908 3914 iecerat.
1941 3862 2000 3914 et

341 3946 584 4004 omnino
642 3946 1035 4002 mandaturus
1089 3945 1449 4002 exsecutioni
1476 3962 1596 4002 rem
1621 3963 1751 4003 eam
1783 3948 1994 4015 fuerat,

341 4038 457 4095 nisi
491 4040 678 4093 morte
695 4035 905 4092 fuisset
925 4039 1387 4108 praeoccupatus.
1419 4041 1597 4092 Porro
1627 4040 1771 4093 tunc
1802 4037 1996 4093 adhuc

340 4128 629 4201 Georgius
658 4126 717 4181 in
747 4140 817 4182 ea
845 4129 1118 4198 perstans
1150 4125 1371 4181 fiducia
1419 4126 1786 4198 perficiendae
1818 4126 1997 4198 hujus

342 4217 647 4275 afﬁnitatis
669 4217 797 4289 jam
831 4219 969 4271 ante
998 4214 1328 4282 destinatis,
1360 4214 1476 4270 ista
1504 4214 1635 4287 ipsa
1675 4231 1780 4287 spe
1808 4215 1868 4269 in
1900 4220 1994 4271 tu-

341 4323 566 4364 morem
584 4322 703 4362 non
726 4304 1027 4361 modicum
1049 4303 1393 4374 inﬂabatur,
1416 4319 1553 4359 cum
1573 4303 1722 4360 alios
1745 4307 1997 4376 superbe

339 4395 691 4468 despiciens,
723 4398 853 4449 tum
884 4393 1084 4465 ipsum
1115 4393 1370 4448 maxime
1401 4396 1669 4465 nepotem
1698 4410 1767 4450 ex
1797 4411 1997 4451 sorore

339 4501 626 4559 magnum
647 4481 1460 4553 conostaulumimpotentius
1481 4482 1788 4540 aemulans.
1810 4486 1997 4550 Quare

335 4577 397 4632 in
421 4574 591 4632 atriis
611 4571 977 4646 imperatorii
997 4571 1198 4644 palatii
1216 4588 1359 4628 vane
1380 4588 1449 4629 ac
1468 4573 1845 4645 impudenter
1866 4592 1994 4631 sese
2029 4611 2073 4675 Β

329 4666 615 4738 jactabat,
651 4663 795 4719 adeo
827 4665 894 4717 ut
914 4677 1029 4718 non
1062 4661 1361 4718 dubitaret
1387 4662 1715 4735 puerilibus
1744 4664 1994 4735 Augusti

336 4755 494 4813 ludis
524 4771 587 4811 se
617 4752 972 4820 immiscere,
1007 4751 1361 4808 collusorem
1392 4769 1456 4809 se
1487 4752 1741 4825 principi
1796 4754 1996 4809 obtru-

336 4849 504 4915 dens,
536 4849 594 4901 et
623 4859 759 4899 cum
791 4857 859 4898 eo
891 4840 1071 4898 simul
1102 4841 1377 4912 equitans
1409 4840 1468 4897 in
1501 4842 1814 4910 arundine,
1840 4843 1994 4914 pari-

335 4940 563 5006 terque,
596 4937 664 4989 ut
691 4931 935 4989 solitum
990 4930 1132 5002 illis,
1194 4930 1316 5003 pila
1372 4931 1472 4986 66
1531 4930 1767 5001 ludens,
1828 4935 1885 4987 ct
1933 4932 1991 4987 in

337 5023 568 5081 similes
592 5023 719 5092 ejus
748 5023 940 5076 :etatis
969 5019 1353 5076 remissiones
1384 5036 1512 5076 sese
1533 5020 1807 5091 ingerens
1832 5020 1999 5075 fami-

337 5112 596 5169 liaritate
625 5110 802 5166 nimis
832 5109 1062 5178 audaci,
1085 5111 1289 5181 sicque
1311 5125 1440 5165 sese
1459 5109 1673 5180 reginis
1692 5109 1995 5167 sororibus

337 5199 924 5272 imperatoriscoram
950 5215 982 5254 e
1012 5198 1343 5271 propinquo
1365 5198 1770 5270 spectantibus
1791 5199 1992 5255 vendi-

339 5294 474 5345 tans
503 5304 651 5343 vano
683 5286 941 5359 gloriola)
975 5287 1228 5358 pruritu.

338 5443 430 5498 22.
467 5442 532 5499 υι
574 5441 847 5512 ρνςϊιαίιιης
874 5441 1081 5512 caeteris
1120 5440 1482 5512 qulzL’ologus
1539 5444 1735 5512 fuerit,
1768 5441 1992 5496 deman-

761 5511 887 5566 data
911 5511 965 5567 ei
994 5510 1163 5566 tutela
1198 5509 1569 5583 imperatoris.

410 5644 925 5702 Verumenimvero
945 5660 1081 5699 cum
1103 5643 1328 5700 diutius
1351 5662 1464 5701 non
1490 5649 1693 5718 posset
1717 5645 1992 5718 parvulus

337 5736 662 5809 imperator
690 5734 751 5792 in
782 5738 904 5792 tam
935 5732 1234 5791 imbecilla
1289 5751 1357 5792 ac
1407 5739 1607 5792 tenera
1638 5738 1823 5808 {astate
1852 5736 1993 5792 certi

2110 3320 2359 3391 ejusque
2407 3317 2655 3374 consilio
2687 3333 2756 3375 ac
2794 3323 2943 3374 nutu
2995 3319 3096 3390 qui
3130 3320 3307 3376 rebus
3351 3321 3766 3379 ecclesiasticis

2108 3414 2250 3464 tunc
2281 3411 2528 3481 praeerat
2559 3407 2633 3478 (is
2660 3412 2786 3464 erat
2815 3408 3143 3480 Arsenius).
3182 3412 3385 3483 Itaque
3442 3429 3546 3483 per
3577 3412 3767 3467 Exau-

2107 3496 2474 3553 torianorum
2508 3496 2904 3568 patriarcham
2922 3497 3090 3553 illum
3123 3514 3192 3555 ex
3214 3499 3362 3555 urbe
3376 3500 3422 3555 N
3431 3502 3568 3556 icaaa
3588 3502 3771 3558 curri-

2108 3586 2240 3643 culo
2272 3590 2600 3643 accersunt.
2633 3586 2749 3658 Ipsi
2783 3603 2918 3643 vero
2949 3586 3187 3643 interim
3218 3589 3369 3645 serio
3396 3590 3455 3645 in
3485 3589 3776 3647 delibera-

2106 3676 2327 3733 tionem
2359 3676 2611 3747 ingressi
2645 3680 2778 3748 post
2803 3675 3052 3732 multam
3077 3682 3136 3733 et
3163 3682 3451 3735 attentam
3475 3679 3771 3752 disquisi-

2108 3766 2327 3823 tionem
2360 3765 2937 3837 disceptationesque
2966 3767 3183 3837 varias,
3207 3767 3320 3824 alio
3351 3768 3531 3825 alium
3555 3772 3765 3842 praefe-

2109 3859 2292 3923 rente,
2326 3856 2561 3911 tandem
2601 3854 2661 3910 in
2691 3871 2821 3911 eam
2870 3856 3223 3913 sententiam
3257 3858 3464 3929 majori
3496 3875 3565 3915 ex
3595 3867 3771 3932 parte

2109 3945 2461 4001 conveniunt
2491 3961 2619 4015 quas
2652 3959 2856 4000 curam
2890 3944 3264 4015 imperatoris
3287 3963 3355 4004 ac
3377 3948 3630 4005 tutulam
3654 3967 3770 4006 sm-

2108 4034 2242 4105 pius
2286 4038 2610 4090 memorato
2631 4049 2844 4106 magno
2865 4034 3209 4092 conostaulo
3240 4036 3563 4111 Palasologo
3599 4056 3772 4096 com-

2110 4122 2458 4179 mittendam
2493 4123 2805 4179 censebat:
2829 4124 3011 4180 videri
3042 4124 3201 4180 enim
3231 4125 3402 4183 illum
3428 4144 3611 4185 unum
3642 4146 3767 4201 prie

2108 4213 2338 4269 cunctis
2351 4212 2596 4283 reliquis
2615 4213 2684 4268 ad
2702 4228 2829 4268 eam
2845 4228 2967 4269 rem
2982 4213 3260 4270 idoneum
3278 4217 3772 4292 maxime,utpote

2105 4302 2297 4358 virum
2355 4304 2564 4358 fortem
2622 4306 2679 4357 et
2729 4302 2813 4358 rei
2847 4302 3120 4359 militaris
3158 4305 3765 4380 experientissimum,

2107 4391 2322 4463 cuique
2356 4390 2581 4446 atl‘atim
2604 4396 2946 4463 suppeteret
2958 4393 3771 4464 antiquenobilitatis.Accc-

2107 4482 2285 4537 debat
2312 4481 2485 4536 tertio
2513 4474 2641 4537 loco
2674 4482 3000 4539 domestica
3030 4484 3340 4556 sanguinis
3382 4489 3768 4545 necessitudo

2106 4589 2240 4628 cum
2266 4570 2721 4644 imperatoribus
2738 4588 2844 4628 avo
2860 4577 3092 4644 elpatre
3115 4573 3401 4647 principis
3428 4580 3767 4651 regnantis,

2104 4677 2173 4718 ex
2207 4664 2455 4732 utraque
2478 4659 2660 4732 stirpe
2691 4663 2937 4732 paterna
2958 4665 3363 4737 maternaque.
3394 4665 3540 4723 Nam
3559 4669 3770 4740 Augu-

2104 4760 2205 4807 stre
2223 4749 2458 4822 quidem
2486 4764 2797 4821 pronepos,
2818 4766 2887 4805 ex
2904 4751 3278 4822 imperatoris
3291 4770 3424 4811 vero
3440 4763 3768 4829 pronepote

2103 4845 2276 4897 natus
2308 4844 2451 4896 erat.
2486 4839 2587 4895 His
2618 4855 2751 4895 vere
2782 4839 3176 4897 ﬁrmamentis
3210 4843 3508 4901 nitebatur
3538 4845 3764 4905 Palma-

2101 4930 2217 5001 logi
2277 4944 2433 5000 spes,
2491 4944 2678 4999 caque
2708 4927 3002 5000 allegabat
3051 4930 3433 5001 potissimum
3481 4934 3581 5006 qui
3627 4936 3764 5007 ejus

2104 5019 2448 5075 electionem
2481 5017 2768 5074 suadebat
2797 5022 3015 5074 oratur.
3047 5019 3380 5078 Verisimile
3419 5028 3618 5081 tamen
3669 5031 3763 5083 est

2102 5108 2259 5163 haud
2296 5106 3257 5179 planehisargumentisconﬁsum
3287 5128 3446 5181 eum,
3471 5117 3763 5185 praeterea

2103 5215 2231 5269 quae
2267 5197 2462 5269 palam
2489 5195 2820 5267 agebantur
2849 5197 2943 5251 67
3002 5196 3491 5272 dicebanturque,
3550 5203 3761 5259 admo-

2101 5290 2256 5343 visse
2309 5284 2643 5341 clanculum
2707 5301 2955 5342 arcanas
2986 5292 3145 5344 artes
3175 5292 3557 5362 corrogandis
3594 5293 3763 5349 varia

2101 5375 2398 5432 industria
2421 5374 2720 5446 suffragiis
2739 5375 3075 5448 studiisque
3104 5378 3387 5435 veliﬁcari
3410 5382 3541 5452 ejus
3571 5383 3762 5438 ambi-

2102 5464 2245 5520 tioni
2302 5463 2650 5530 valentium,
2710 5463 2981 5535 qualium
3014 5466 3235 5523 multos
3272 5472 3517 5540 putatur
3548 5470 3760 5542 amplis

2101 5554 2213 5610 sibi
2248 5552 2747 5625 promissionibus
2804 5554 3170 5628 adjunxisse,
3203 5558 3524 5629 praeserlim
3581 5578 3650 5615 ex
3684 5560 3754 5617 iis

2103 5644 2200 5714 qui
2235 5643 2473 5715 nuperis
2504 5642 2653 5699 aulae
2681 5645 3135 5715 tempestatibus
3167 5648 3459 5716 jacturam
3501 5651 3758 5719 dignita-

2104 5738 2231 5790 tum
2266 5734 2539 5791 fecerant.
2574 5734 2644 5790 Et
2665 5733 2906 5792 suberat
2926 5751 3106 5793 causa
3128 5753 3231 5792 cur
3254 5739 3623 5797 occasionem
3642 5757 3757 5798 non
