4090 6418
324 379 434 436 501

1417 388 1511 440 DE
1555 387 1926 442 MICHAELE
1963 381 2408 444 PALIEOLOGO
2447 389 2580 442 LIB.
2625 391 2670 442 Ι.

3643 393 3754 447 502

321 507 600 573 ποικίλως
655 510 1080 588 μετεχειρίζετο,
1141 512 1245 566 οὐκ
1294 508 1517 585 ὀλίγους
1569 508 1820 567 κλέπτων
1861 518 1980 575 ταῖς
2011 515 2068 582 Α
2097 509 2363 584 διδόντος,
2404 513 2494 568 καὶ
2542 515 2604 568 τὸ
2656 511 2854 570 λοιπὸν
2910 516 2938 569 ὁ
2989 513 3369 594 Παλαιολόγος
3420 517 3584 594 μέγας
3627 517 3754 592 δοὺξ

325 599 556 673 ἀγαθαῖς
608 597 958 676 ὑποσχέσεσι,
1018 601 1108 655 καὶ
1171 599 1385 673 μᾶλλον
1449 603 1531 663 οἷς
1592 600 1831 656 ἐκπεσεῖν
1881 607 1988 658 τῶν

315 686 648 760 ἀξιωμάτων
682 684 879 760 συνέϐη
937 689 996 744 ἐκ
1042 696 1142 760 τῆς
1187 694 1284 744 τοῦ
1325 694 1517 764 καιροῦ
1578 688 1873 753 δυσκολίας
1922 694 1987 747 τὸ

319 776 615 853 πρότερον.
671 781 730 852 [Ρ
762 782 873 852 39].
927 780 983 833 Ὁ
1035 777 1092 833 δὲ
1127 777 1378 842 ὑπελθεῖν
1417 779 1510 852 μὲν
1564 781 1663 847 τὴν
1723 777 1988 856 φροντίδα

324 864 502 939 μηδὲν
539 865 825 940 μελλήσας
857 869 1130 938 κατὲνευε,
1163 869 1336 938 πένησ
1367 866 1438 922 ὥν
1490 869 1578 923 καὶ
1636 867 1804 941 μηδὲν
1837 867 1984 945 ἔχων

321 955 462 1012 κατά
517 957 579 1011 τὸ
615 957 808 1032 μέτρον
867 963 964 1014 τοῦ
1024 959 1337 1032 ἀξιώματος
1396 957 1813 1034 φιλοτιμότερον
1878 957 1988 1014 διας

322 1049 446 1120 ζῇνο
482 1046 557 1109 ὡς
585 1043 645 1100 ἂν
686 1044 742 1101 δὲ
779 1048 852 1119 μῆ
913 1045 1105 1118 δοκοίη
1157 1046 1236 1120 τῷ
1293 1047 1343 1116 ἐξ
1398 1048 1629 1120 ἑτοίμου
1687 1043 1985 1121 λαμϐάνειν

315 1134 485 1210 χάριν
511 1139 629 1199 τοῖς
657 1137 998 1211 παρέχουσιν
1052 1130 1218 1203 ἔχειν,
1274 1134 1403 1208 μηδ’
1453 1138 1527 1199 ὡς
1582 1136 1802 1211 φορτίον
1838 1138 1983 1192 ἐπω-

315 1225 620 1297 μιζόμενος
675 1227 1104 1300 παραιτεῖσθαι,
1170 1224 1347 1297 ἐζήτει
1425 1226 1518 1299 μὲν
1589 1227 1680 1280 καὶ
1741 1227 1838 1294 τῆν
1885 1231 1980 1282 τοῦ

310 1312 666 1390 πατριάρχου
727 1316 850 1369 ὅσον
913 1311 1068 1369 οὔπω
1130 1315 1565 1387 ἐπιστησομὲνου
1627 1315 1926 1371 συναίνεσιν
1965 1363 1980 1386 ,

310 1403 376 1458 οὗ
408 1403 544 1458 κατὰ
577 1403 763 1479 χρείαν
820 1403 1038 1477 μᾶλλον
1076 1447 1089 1473 ,
1147 1402 1273 1459 ἀλλ’
1327 1403 1399 1459 ’ίν’
1459 1403 1858 1480 ἀσφαλέστερον
1915 1404 1978 1460 τό

309 1493 601 1568 γινόμενον
651 1497 974 1564 καθιστῷτο.
1028 1493 1181 1564 Πλῆν
1233 1492 1360 1548 ἀλλ’
1401 1491 1748 1564 ἀντιδοθῆναί
1778 1495 1833 1548 οἱ
1887 1494 1976 1549 καὶ

307 1588 415 1651 τῆς
445 1581 533 1636 ἐπὶ
562 1587 641 1655 τῷ
667 1581 884 1658 βασιλεῖ
911 1580 1243 1656 κηδεμονίας
1266 1584 1332 1638 τὰ
1357 1583 1672 1660 ὑψηλότερα
1698 1590 1806 1640 τῶν
1838 1585 1976 1656 ἀξω-

318 1675 506 1744 μάτων
539 1677 922 1747 προσαπαιτεῖ.

458 1781 560 1854 κγ’.
595 1781 780 1841 Ὅπως
812 1775 1196 1856 ΙΙαλαιολ-ὀγος
1246 1779 1484 1853 ἐτιμήθη
1537 1779 1614 1842 εἰς
1668 1782 1830 1856 μεγαν

1051 1849 1238 1908 δοῦκα.

385 1940 456 1997 Οἱ
503 1936 562 1995 δὲ
617 1944 722 1994 τῶν
800 1940 893 2013 μὲν
953 1941 1168 1995 ἐκείνων
1252 1939 1640 2016 βουλευμάτων
1695 1943 1756 1996 τὸ
1809 1941 1972 2017 κῦρος

312 2029 426 2105 οὐχ
452 2032 617 2099 ἧττον
651 2029 740 2084 καὶ
791 2031 897 2084 ἀπὸ
950 2038 1050 2100 τῆς
1082 2029 1409 2102 Ἐκκλησίας
1453 2029 1652 2100 ἤθελον
1703 2033 1854 2105 εἶναι,
1908 2031 1969 2087 οὗ

311 2121 426 2193 μὴν
456 2117 513 2174 δὲ
545 2119 684 2174 ὥστε
729 2121 815 2174 καὶ
865 2125 999 2194 σφᾶς
1051 2120 1441 2196 ἀναγκάζεσθαι
1495 2119 1574 2197 ἐφ’
1607 2123 1689 2186 οἷς
1719 2119 1970 2176 ἐδέδοκτο

307 2213 463 2285 σφίσι
544 2204 1059 2282 μεταϐουλεύεσθαν
1132 2208 1192 2264 τὸ
1250 2208 1308 2264 δὲ
1364 2205 1802 2286 προϐιϐασθῆναι
1877 2211 1968 2264 τὸν

308 2303 412 2354 τοῦ
464 2296 735 2374 βασιλέως
788 2297 1079 2374 ἐπίτροπον
1136 2299 1211 2362 εἷς
1268 2300 1614 2374 βαθμὸντοῦ
1661 2299 1972 2373 ἀξιώματος

316 2386 548 2460 μείζονα
599 2386 744 2449 εἰκός
795 2409 856 2464 γε
924 2388 1054 2442 εἶναι
1107 2385 1508 2465 διωμολόγουν,
1567 2386 1658 2442 καί
1707 2410 1825 2451 πως
1882 2389 1974 2443 καὶ

311 2475 583 2552 ἀμηγέπη
662 2474 751 2531 διὰ
821 2481 990 2532 ταῦτα
1063 2477 1194 2532 κάπὶ
1269 2477 1448 2551 τούτῳ
1523 2478 1861 2546 συνεφώνουν
1923 2479 1975 2533 οἱ

309 2567 591 2625 πλεῖστοι.
653 2567 753 2621 Καὶ
814 2568 890 2631 εἷς
960 2569 1126 2644 μεγαν
1194 2565 1358 2622 δοῦκα
1420 2569 1447 2622 ὁ
1503 2573 1611 2622 τῶν
1679 2568 1977 2644 βασιλικῶν

312 2654 654 2733 πραγμάτων
711 2656 1006 2733 ἐπίτροπος
1060 2657 1437 2730 μετατίθεται,
1491 2654 1758 2733 βασιλέως
1816 2657 1973 2727 δῆθεν

310 2875 662 2948 negligeret,
687 2876 788 2932 sed
823 2892 1026 2932 curam
1046 2875 1375 2932 intenderet
1403 2876 1562 2934 omni
1595 2877 1966 2933 cunctatione

312 2967 535 3022 omissa
573 2967 633 3020 in
665 2982 788 3020 rem
821 2965 936 3022 sibi
958 2965 1128 3021 unice
1150 2966 1540 3022 necessariam
1566 2965 1625 3022 in
1649 2971 1804 3023 statu
1824 2984 1969 3038 prce-

318 3055 498 3110 sentis
551 3056 822 3120 fortunae,
857 3054 1151 3110 exhausta:
1211 3059 1381 3126 atque
1440 3056 1656 3127 inopis,
1713 3061 1971 3128 egestate

320 3143 913 3216 siquidempecuniae
945 3161 1180 3200 summa
1208 3143 1532 3212 laborabat,
1579 3162 1696 3201 non
1744 3147 1970 3204 habens

316 3234 558 3290 omnino
607 3235 764 3290 unde
813 3234 1160 3306 dignitatem
1207 3238 1489 3302 tueretur,
1541 3233 1725 3292 multo
1771 3241 1967 3292 autem

313 3323 519 3381 minus
551 3324 728 3394 unde,
764 3325 920 3395 quod
955 3323 1302 3380 naturaliter
1333 3325 1874 3390 amabatmuniﬁce
1905 3344 1971 3383 ac

312 3413 629 3486 splendide
658 3413 892 3468 viveret.
920 3413 1096 3468 Porro
1120 3429 1190 3468 ne
1213 3413 1351 3468 hinc
1375 3415 1614 3484 quidem
1637 3415 1798 3470 visus
1819 3416 1970 3471 acci-

310 3519 454 3576 pere
487 3503 667 3558 nimis
697 3503 903 3575 cupide
935 3503 1197 3559 oblatum
1223 3502 1523 3570 honorem,
1553 3505 1871 3560 obnoxium
1907 3523 1970 3561 se

308 3609 379 3648 ac
409 3591 615 3663 graliae
644 3591 970 3647 debitorem
995 3591 1396 3648 deferentibus
1421 3592 1970 3662 constitueret,inde

305 3697 448 3738 vero
464 3682 782 3737 formidare
798 3698 948 3738 onus
963 3682 1220 3754 impositi
1235 3682 1412 3737 officii
1431 3683 1596 3753 quasi
1613 3683 1970 3738 conscientia

305 3770 681 3827 inﬁrmitatis
712 3771 1028 3838 videretur,
1061 3772 1316 3827 mediam
1350 3772 1504 3826 inter
1552 3771 1652 3827 illa
1705 3777 1968 3828 extrema

303 3861 467 3918 viam
507 3870 732 3929 tenens,
755 3862 1009 3932 primum
1047 3863 1217 3933 petiit
1242 3861 1632 3932 patriarcham
1667 3867 1965 3918 auctorem

311 3951 438 4007 fieri
472 3952 720 4008 decretae
747 3951 862 4007 sibi
894 3951 1220 4024 dignitatis,
1256 3951 1505 4023 ideoque
1524 3950 1964 4008 conclusionem

309 4041 758 4098 deliberationis
790 4041 1063 4097 ultimam
1090 4042 1147 4097 in
1173 4043 1302 4112 ejus
1322 4042 1676 4114 proximum,
1704 4047 1770 4098 ut
1793 4049 1963 4115 puta-

312 4132 836 4199 batur,adventum
860 4131 1100 4201 differri,
1129 4149 1240 4186 non
1268 4133 1423 4203 quod
1447 4131 1626 4203 hujus
1651 4150 1962 4190 assensum

311 4221 557 4278 omnino
590 4221 1012 4289 necessarium,
1041 4222 1140 4277 sed
1173 4223 1326 4294 quod
1358 4239 1424 4278 eo
1457 4224 1766 4280 accedente
1797 4240 1964 4280 secu-

308 4311 439 4368 rius
478 4311 924 4383 transigendam
952 4311 1301 4382 firmiusque
1333 4313 1806 4369 constituendam
1840 4331 1962 4370 rem

307 4404 566 4474 putaret.
602 4400 821 4457 Deinde
853 4400 1076 4472 rogavit
1107 4405 1171 4456 ut
1201 4401 1312 4456 sibi
1345 4402 1482 4457 boni
1514 4403 1734 4474 publici
1767 4403 1961 4458 studio

307 4490 575 4546 difficilis
596 4494 654 4546 et
675 4490 874 4563 gravis
897 4490 1327 4562 procurationis
1345 4492 1622 4548 subeunti
1641 4494 1959 4564 pondus,in

306 4580 566 4653 pretium
581 4595 771 4652 operae
787 4597 852 4636 ac
879 4578 1298 4636 sollicitudinis
1321 4583 1959 4656 regendaimperatoris

2097 603 2313 657 καὶτοῦ
2359 603 2631 678 βασιλέως
2674 602 2972 680 ἐπίτροπος
3021 607 3400 682 φημιζόμενος
3448 607 3585 682 πρὸς
3631 615 3754 672 ταῖς

2097 692 2340 767 φροντίσι
2391 697 2499 747 τῶν
2559 699 2756 748 κοινῶν
2814 694 2904 768 ῆν,
2936 695 3025 749 καὶ
3057 695 3108 766 ἐξ
3157 695 3524 772 ἐπιτάγματος
3583 697 3755 774 ἀπαρ-

2096 784 2322 852 αιτήτου
2401 784 2860 857 συμπραττόντων
2941 786 3028 839 καὶ
3085 789 3192 839 τῶν
3251 785 3304 841 ἐν
3362 785 3509 841 τέλει
3567 785 3754 861 διῴκει

2094 875 2280 928 ταῦτα.
2317 872 2413 926 Καί
2461 894 2578 934 πως
2639 872 2896 950 ἀμηγέπη
2933 872 3020 928 διὰ
3046 918 3048 922 τ
3074 879 3240 930 ταῦτα
3287 876 3405 930 κατ’
3457 878 3752 952 ἀναγκαίας

2097 959 2286 1034 χρείας
2339 965 2446 1015 τῶν
2513 961 2810 1037 βοσιλικῶν
2866 963 3128 1037 ταμιείων
3213 967 3584 1040 προσήπτετο.
3645 969 3748 1025 Ἦν

2091 1050 2192 1124 γὰρ
2270 1051 2576 1125 χρημάτων
2655 1050 2870 1120 πλῆθος
2957 1052 3622 1126 ἐναποτεθησαυρισμένον
3697 1057 3750 1112 ἐν

2092 1141 2428 1214 Μαγνησίᾳ,
2492 1141 2553 1194 οὐ
2607 1139 2811 1216 ῥᾳδίως
2895 1143 3198 1217 ἀριθμητὸν
3240 1187 3255 1212 ,
3309 1143 3572 1220 συλλεγὲν
3658 1147 3750 1202 καὶ

2091 1229 2348 1292 ἀπο-τεθὲν
2404 1230 2532 1304 παρ’
2598 1231 2849 1284 Ἰωάννου
2906 1228 3002 1284 τοῦ
3062 1230 3243 1286 Δούκα
3299 1234 3390 1287 καὶ
3454 1233 3748 1308 βασιλέως.

2089 1318 2164 1373 Τὸ
2216 1317 2316 1393 γὰρ
2391 1319 2537 1390 παρά
2609 1322 2706 1372 τοῦ
2769 1317 2968 1383 παιδὸς
3041 1319 3250 1375 ἐκείνου
3312 1319 3598 1399 Θεοδώρου
3653 1329 3750 1379 τοῦ

2087 1404 2330 1481 Αάσκαρι
2365 1406 2730 1484 συναγόμενον
2779 1407 2934 1472 ἰδίως
2981 1407 3124 1464 ἄλλο
3173 1412 3235 1483 [Ρ
3284 1413 3374 1486 40]
3422 1434 3476 1467 τι
3526 1421 3746 1488 χρῆμα,

2090 1497 2165 1558 εἰς
2229 1495 2513 1571 βασιλείας
2573 1494 2834 1573 αὔταρκες
2910 1494 3093 1574 ὄγκον,
3153 1499 3205 1554 ἐν
3281 1505 3358 1572 τῷ
3427 1503 3564 1558 κατά
3633 1501 3744 1560 ἄνω

2089 1584 2451 1659 Σκαμάνδρου
2483 1588 2731 1663 φρουρίῳ
2781 1591 2860 1660 τῷ
2911 1586 3052 1642 οὕτω
3098 1609 3215 1650 πως
3269 1589 3563 1664 Ἀστυτζίῳ
3611 1594 3745 1647 ὑπο-

2084 1675 2433 1751 κοριζομὲνῳ
2506 1675 2764 1753 ἀσφαλῶς
2841 1675 3172 1736 ἐναπὲκειτο.
3249 1676 3402 1747 Πλὴν
3477 1679 3574 1736 οὐκ
3653 1681 3745 1737 ἐκ-

2086 1765 2246 1840 λογαὶ
2325 1770 2496 1820 ταῦτα
2647 1764 2920 1843 εἷ’σπραξις
2977 1765 3204 1840 ἄδικος,
3265 1766 3380 1823 οὐδ’
3433 1771 3736 1845 ἀνθρώπων

2002 1893 2048 1958 Β
2090 1853 2207 1927 βίος
2252 1855 2338 1909 καὶ
2395 1857 2638 1925 πενήτων
2696 1855 2804 1930 οὐχ
2841 1859 3001 1925 ἧττον
3035 1858 3069 1926 ἢ
3101 1858 3304 1932 χρυσὸς
3339 1858 3563 1932 αἰματα,
3595 1858 3744 1916 ἀλλὰ

2080 1943 2319 2004 πλοῦτος
2352 1941 2410 1997 ἔκ
2437 1965 2494 1998 τε
2545 1951 2646 2013 τῆς
2700 1945 2920 2020 περὶτὰ
2976 1943 3089 2000 ἴδια
3144 1947 3488 2022 προμηθείας
3537 1949 3626 2004 καὶ
3680 1950 3740 2005 ἐκ

2079 2039 2177 2102 τῆς
2231 2037 2337 2087 τῶν
2387 2030 2697 2106 ἀλλοτρίων
2746 2034 2884 2088 κατά
2930 2035 3234 2110 προσὲνεξιν
3282 2035 3537 2112 εἰσφορᾶς
3595 2037 3731 2094 συλ-

2079 2121 2259 2198 λεγείς
2288 2143 2346 2177 τε
2389 2124 2479 2178 καὶ
2535 2123 2805 2194 αὐξηθείςο
2855 2124 2944 2178 τὸν
3001 2125 3095 2196 μὲν
3146 2125 3247 2200 γὰρ
3309 2125 3368 2180 ἐκ
3425 2127 3734 2202 γεωπονίας

2081 2219 2336 2288 συνῆγον,
2367 2213 2458 2267 τὸν
2507 2211 2554 2267 δ’
2602 2211 2653 2283 ἐξ
2693 2209 3018 2283 ἀλλοδαπῆς
3074 2212 3384 2290 συνέλεγον.
3433 2214 3585 2286 Πλὴν
3621 2217 3734 2292 οὐχ

2081 2298 2220 2355 ὥστε
2302 2301 2390 2356 καὶ
2478 2301 3002 2376 ἀποτεθησαυρίσθαι
3088 2303 3179 2358 τὸν
3261 2305 3436 2358 πάντα
3503 2303 3734 2378 μηδενὸς

2086 2389 2441 2465 μετέχοντος,
2492 2389 2621 2445 ἀλλ’
2677 2391 3074 2465 ἐξαιρουμένων
3129 2396 3240 2448 τῶν
3299 2395 3601 2468 ἀναγκαίων
3661 2396 3736 2457 εἰς

2085 2478 2259 2542 δόσεις
2292 2480 2381 2534 καὶ
2441 2479 2600 2556 ῥόγας
2655 2480 2746 2548 καὶ
2797 2477 3182 2552 δαπανήματα,
3241 2482 3332 2536 καὶ
3387 2481 3601 2555 μᾶλλον
3661 2484 3736 2546 εἷς

2081 2569 2351 2648 ἐπιφανῶν
2391 2570 2484 2643 μὲν
2520 2567 2730 2646 ἀνδρῶν
2775 2568 3120 2647 φιλοτιμίας,
3161 2572 3406 2641 πενήτων
3459 2570 3515 2627 δὲ
3562 2592 3740 2648 χορη-

2083 2659 2225 2735 γίας,
2287 2661 2360 2721 ὡς
2418 2659 2698 2735 ἐκχεῖσθαι
2751 2660 2868 2714 κατ’
2927 2659 3162 2715 ἀεννάων
3222 2665 3484 2734 ποταμῶν
3542 2659 3737 2736 πλημ-

2083 2879 2290 2934 attolli.
2322 2882 2510 2945 Quare
2541 2879 2600 2935 id
2646 2877 2917 2950 pluribus
2947 2879 3243 2951 suffragiis
3274 2881 3374 2935 68
3397 2881 3728 2952 jusserunt.

2079 2972 2292 3040 Magno
2327 2969 2509 3041 igitur
2539 2984 2844 3042 procerum
2880 2983 3173 3025 consensu
3223 2973 3458 3026 curator
3511 2971 3733 3028 electus

2081 3056 2418 3130 reipublicaa
2451 3075 2555 3130 per
2586 3063 2847 3115 teneram
2876 3058 3179 3131 regnantis
3210 3063 3460 3128 aetatem,
3520 3078 3728 3117 conce-

2081 3149 2254 3204 dente
2275 3147 2646 3219 imperatore,
2664 3147 2862 3219 magni
2881 3147 3049 3203 ducis
3067 3148 3462 3220 appellatione
3482 3149 3734 3223 insigni-

2079 3241 2196 3294 tur.
2239 3237 2441 3309 Itaque
2467 3254 2603 3292 mox
2633 3237 2993 3309 Palaeologus
3034 3236 3214 3292 simul
3273 3239 3391 3294 dux
3448 3257 3726 3312 magnus,

2004 3310 2046 3378 C
2081 3327 2258 3383 simul
2285 3331 2442 3382 tutor
2460 3327 2744 3399 principis
2763 3327 3140 3394 acclamatus,
3161 3327 3232 3381 de
3257 3326 3474 3398 publici
3497 3310 3729 3385 consilii

2078 3417 2369 3473 sententia
2399 3432 2522 3472 rem
2554 3415 2971 3472 administrare
2996 3414 3293 3485 publicam
3326 3416 3726 3488 cwpit,eaque

2076 3507 2381 3564 occasione
2412 3505 2639 3577 regium
2671 3505 2864 3578 attigit
2895 3505 3190 3562 zerarium.
3225 3506 3361 3560 Erat
3393 3510 3592 3562 autem
3638 3507 3725 3563 vis

2076 3597 2336 3668 pecuniae
2359 3595 2671 3652 conditain
2695 3596 2838 3650 urbe
2861 3595 3162 3668 Magnesia
3183 3612 3296 3650 non
3317 3594 3488 3651 facile
3513 3613 3724 3653 nume-

2075 3685 2301 3755 rabilis,
2333 3684 2576 3740 collecta
2608 3689 2665 3739 et
2694 3685 2776 3740 ibi
2810 3685 3078 3757 deposita
3110 3701 3143 3739 a
3173 3685 3394 3740 Joanne
3423 3685 3585 3740 Duca
3610 3685 3727 3741 im-

2075 3779 2361 3845 peratore:
2395 3790 2532 3829 nam
2550 3790 2675 3845 quae
2699 3775 2816 3829 alia
2841 3774 3075 3845 proprie
3105 3792 3138 3829 a
3159 3774 3464 3830 Theodoro
3490 3775 3722 3831 Lascari

2073 3865 2201 3934 ejus
2236 3863 2354 3917 filio
2387 3868 2741 3935 congregata
2771 3863 3022 3934 pecunia
3053 3865 3243 3919 fuerat
3264 3869 3428 3920 tanta
3446 3881 3714 3932 numero,

2073 3960 2137 4008 ut
2166 3953 2235 4008 ad
2266 3953 2504 4024 quasvis
2562 3953 2793 4023 imperii
2854 3968 3143 4024 expensas
3199 3959 3400 4024 posset
3430 3955 3722 4024 sufficere,

2072 4059 2275 4099 secure
2304 4042 2752 4098 custodiebatur
2773 4041 2831 4096 in
2861 4058 2992 4097 arce
3026 4042 3096 4096 ad
3131 4043 3563 4099 Scamandrum
3587 4046 3721 4116 sita,

2070 4150 2198 4204 quae
2231 4131 2524 4187 diininuto
2548 4127 2828 4186 vocabulo
2858 4130 3208 4202 Astytzium,
3241 4129 3352 4185 hoc
3401 4138 3488 4186 est
3548 4132 3720 4188 urbe-

2070 4223 2225 4291 cula,
2259 4226 2516 4278 vocatur.
2551 4220 2835 4276 Craterum
2894 4238 3011 4275 non
3062 4236 3132 4275 ex
3190 4219 3634 4276 corrasionibus
3666 4225 3724 4275 et

2069 4312 2506 4368 extorsionibus
2536 4311 2757 4382 iniquis
2779 4311 2867 4366 hae
2899 4326 3144 4366 summae
3173 4310 3434 4365 conflata:
3466 4311 3718 4366 fuerant.

2068 4418 2260 4472 neque
2289 4402 2418 4472 ejus
2450 4400 2683 4472 generis
2715 4411 2882 4456 erant
2903 4399 2964 4454 hi
2995 4399 3261 4456 thesauri
3303 4416 3454 4470 quos
3479 4400 3719 4471 _raptim

2068 4496 2376 4563 congestas
2409 4491 2466 4546 in
2510 4507 2695 4546 unum
2727 4491 3038 4545 hominum
3100 4489 3251 4545 vitas
3276 4494 3334 4545 et
3391 4506 3719 4562 pauperum

2067 4581 2415 4652 sanguinem
2448 4598 2565 4636 non
2597 4579 2892 4635 immerito
2916 4578 3048 4651 quis
3080 4578 3312 4645 dixerit,
3341 4580 3445 4634 sed
3473 4594 3542 4634 ex
3570 4582 3718 4635 tem-

307 4670 564 4742 pueritia
595 4670 988 4740 exantlandae,
1049 4685 1310 4726 annuere
1341 4671 1557 4726 vellent
1612 4672 1958 4731 excelsiores
1991 4685 2035 4749 Π
2069 4671 2296 4744 peranti
2319 4669 2687 4742 parsimonia
2711 4673 2855 4724 natae
2881 4667 3079 4739 copiae,
3107 4669 3329 4723 fructus
3349 4668 3719 4725 oeconomicze

305 4759 456 4817 aulae
489 4759 825 4832 dignitates.

415 4867 508 4921 23.
547 4868 608 4923 Ut
639 4866 995 4938 Palwotogus
1025 4867 1220 5011 vinagati
1247 4866 1400 4923 ducis
1423 4867 1630 4924 honore
1660 4872 1854 4926 auctus

1066 4955 1185 4995 ueri
1220 4980 1232 4993 .

1066 4955 1232 4995 uerti.

381 5027 611 5093 Quibus
659 5028 872 5085 auditis
902 5029 1238 5102 congregati
1271 5046 1535 5101 proceres
1594 5046 1817 5086 morem
1870 5029 1957 5085 illi

302 5119 635 5192 gerendum
668 5117 728 5173 in
754 5123 1003 5191 utroque
1030 5120 1273 5191 quaesito
1305 5126 1684 5178 censuerunt:
1730 5138 1867 5177 nam
1899 5122 1956 5175 et

301 5211 377 5266 ad
397 5208 807 5265 auctoritatem
837 5209 1502 5282 immutabilitatemque
1520 5228 1714 5267 rerum
1739 5229 1768 5266 a
1784 5227 1844 5266 se
1869 5213 1965 5270 de-

300 5302 600 5355 cretarum
629 5300 956 5355 conducere
990 5300 1279 5371 putabant
1302 5305 1457 5356 ratas
1489 5317 1586 5357 eas
1611 5303 1682 5357 ab
1709 5301 1965 5358 Ecclesia

304 5387 542 5457 haberi,
575 5389 795 5460 absque
821 5405 886 5445 eo
917 5393 1115 5445 tamen
1151 5393 1215 5445 ut
1257 5391 1473 5446 iterum
1507 5390 1565 5446 in
1617 5391 1863 5447 dubium
1897 5409 1964 5448 ac

307 5477 800 5536 deliberationem
832 5483 1219 5546 vocarentur;
1252 5483 1309 5535 et
1366 5497 1601 5551 aequum
1661 5481 1960 5553 plerisque

307 5575 891 5640 consentaneumque
921 5569 1112 5624 visum
1145 5573 1234 5625 est
1290 5574 1544 5626 tutorem
1569 5571 1965 5642 gubernandae

308 5664 529 5715 teneras
561 5659 844 5731 principis
867 5659 1022 5715 aetati
1054 5659 1430 5732 praepositum
1456 5660 1515 5716 in
1533 5661 1963 5730 sublimiorem,

311 5766 496 5821 quam
528 5750 587 5804 in
621 5767 736 5821 quo
770 5751 1054 5806 hactenus
1077 5749 1359 5822 stetisset,
1386 5751 1692 5822 dignitatis
1715 5752 1965 5823 gradum

2069 4762 2396 4836 prudentiae
2429 4767 2739 4834 perceptus
2769 4778 2838 4816 ex
2881 4759 3258 4832 proventibus
3289 4775 3567 4831 agrorum
3617 4765 3720 4815 aut

2059 4855 2223 4926 justa
2281 4852 2736 4908 commutatione
2781 4847 3122 4906 commercii
3173 4864 3202 4902 e
3255 4848 3427 4903 terris
3482 4849 3716 4918 exteris,

2070 4942 2306 4998 innoxio
2341 4941 2639 4997 redituum
2671 4954 2903 5012 genere,
2939 4937 3085 4993 nihil
3118 4937 3440 4993 admistum
3493 4937 3719 4995 habens

2071 5033 2288 5089 odiosae
2309 5030 2734 5102 corrogationis
2761 5046 2828 5084 ex
2852 5029 3039 5084 alieno
3064 5043 3266 5082 censu.
3299 5027 3413 5082 Nec
3442 5045 3614 5098 porro
3637 5028 3720 5083 ibi

2072 5121 2449 5178 detinebatur
2479 5137 2652 5175 avara
2699 5119 2971 5175 custodia
3009 5118 3374 5174 necessarios
3419 5117 3720 5174 invidente

2073 5229 2218 5268 usus
2248 5209 2578 5282 egentibus,
2607 5210 2706 5265 sed
2731 5225 2845 5264 non
2865 5224 3035 5280 parce
3057 5207 3551 5280 profundebatur,
3583 5225 3718 5264 cum

2073 5305 2379 5373 eratopus,
2422 5299 2481 5354 in
2508 5298 2807 5368 donativa,
2851 5297 3147 5369 stipendia
3169 5297 3516 5369 similesque
3557 5314 3724 5354 sum-

2073 5396 2230 5464 ptus,
2267 5389 2519 5445 maxime
2548 5390 2605 5444 in
2636 5387 2948 5443 munificas
2977 5385 3345 5459 largitiones,
3379 5388 3600 5460 quibus
3631 5388 3722 5444 vel

2073 5475 2563 5548 insignibusviris
2583 5472 3215 5547 magnorumlaborum
3232 5476 3724 5548 egregiorumque

2073 5566 2402 5623 facinorum
2454 5581 2675 5622 merces
2709 5563 3154 5632 numerabatur,
3203 5565 3294 5621 vel
3323 5564 3486 5639 inepi
3539 5567 3724 5622 turbae

2073 5656 2568 5729 suppeditabatur
2584 5654 3058 5723 undeviveret,ut
3072 5671 3140 5711 ex
3157 5654 3249 5710 his
3264 5656 3435 5728 quasi
3457 5656 3722 5713 fontibus

2075 5747 2248 5819 regi-te
2285 5746 2694 5803 misericordiae
2726 5746 2784 5802 in
2817 5744 3152 5802 felicitatem
3187 5745 3484 5817 publicam
3518 5764 3722 5819 peren-
