4090 6410
303 416 411 473 503

1570 378 1575 387 ’
1619 411 1918 467 GEORGII
1954 411 2421 468 pscarum:

3626 404 3739 460 504

314 542 488 619 μύροις
541 540 606 596 τὸ
640 535 925 616 βασιλικὸν
977 533 1156 609 ἔλεος,
1212 535 1275 591 τὸ
1334 534 1533 592 λοιπὸν
1571 538 1679 590 τῶν
1742 534 1966 612 χρημά-
1995 541 2051 611 Α
2077 536 2131 592 τί
2159 535 2262 612 γὰρ
2295 538 2322 592 6
2360 540 2458 592 τοῦ
2488 538 2729 611 Χριστοῦ
2779 534 2951 608 νόμος
2997 531 3141 590 ἄλλο
3174 530 3484 619 βούλεταιδ
3524 527 3735 586 διδόναι

311 652 420 687 των
497 633 615 691 τοῖς
690 626 964 701 ταμιείοις
1035 622 1507 699 ἐντεθησαύριστο.
1586 626 1663 681 Τὸ
1727 626 1829 701 γάρ
1877 625 1967 680 ἐπὶ
2076 632 2236 681 πᾶσιν
2286 625 2583 683 ἐπιτάττων
2636 624 2876 681 αἰτοῦσιν
2930 626 2966 695 ἢ
3002 624 3140 679 ὥστε
3187 621 3393 684 πάντας
3444 614 3592 697 ἔχειν
3643 622 3735 675 καὶ

315 720 493 797 Κύρου
523 719 611 775 καὶ
674 716 896 793 Δαρείου
948 716 1009 771 τὸ
1049 713 1218 770 πάλαι
1250 712 1548 789 λεγόμενον
1607 713 1689 768 ἐπ’
1745 714 1972 776 ἐκείνοις
2077 714 2449 790 ἐξαπορεῖσθαι
2495 713 2724 789 μηδένα,
2778 718 2966 769 κοινοῦ
3012 711 3375 789 προκειμένου
3409 713 3506 765 τοῦ
3535 707 3734 783 νόμου,

318 808 573 886 ἄντικρυς
605 808 697 877 ἦν,
729 806 820 862 καὶ
869 806 897 859 6
950 805 1044 878 μὲν
1107 805 1363 874 Ἰωάννης
1417 805 1597 879 πατὴρ
1654 802 1971 877 Ῥωμαίων,

322 901 352 956 6
384 898 430 955 δ’
460 899 525 954 αὖ
554 894 838 972 Θεόδωρος
887 892 1154 964 δεσπότης
1203 890 1644 965 ἐπωνομάζοντο.
1681 892 1773 955 Εἷς
1816 893 1974 947 τόσον

320 988 412 1045 καὶ
451 988 557 1064 γὰρ
588 987 615 1040 6
650 986 746 1058 μὲν
798 983 1055 1055 Ἰωάννης
1103 986 1562 1058 προμηθευτικῶς
1604 987 1725 1045 τοῖς
1784 983 1978 1037 ἅπασιν

326 1079 496 1153 εἶχεν,
524 1074 662 1130 ὥστε
689 1075 778 1129 καὶ
826 1070 965 1128 ίδίαν
1015 1072 1273 1149 πρόνοιαν
1322 1078 1422 1142 τῆς
1474 1069 1770 1147 βασιλικῆς
1823 1072 1978 1142 ἐξου-

328 1168 450 1229 σίας
527 1165 594 1220 τὰ
676 1161 950 1239 λεγόμενα
1028 1160 1377 1237 ζευγελατεῖα
1455 1159 1765 1233 ἡδούμενος
1851 1162 1978 1235 παρ’

326 1255 551 1313 ἕκαστον
607 1251 837 1326 κάστρον
909 1249 1001 1306 καὶ
1055 1249 1314 1329 φρούριον
1373 1251 1565 1323 κώμας
1622 1249 1711 1305 ἐπὶ
1763 1250 1981 1312 τούτοις

328 1344 579 1415 καθίστη,
642 1341 723 1419 ἐφ’
781 1342 930 1416 ᾧπερ
989 1338 1050 1396 ἐκ
1111 1346 1214 1409 τῆς
1261 1338 1481 1395 ἐκείνων
1549 1337 1834 1416 ἐπικαρίας
1892 1339 1982 1394 καὶ

331 1434 587 1509 εἲσφορᾶς
616 1435 929 1506 σιταρκοῖτο
981 1429 1076 1502 μὲν
1125 1431 1215 1483 καὶ
1255 1430 1319 1484 τὸ
1367 1430 1764 1502 παρακείμενον
1812 1427 1984 1506 φρού-

330 1546 473 1601 ριον,
502 1518 628 1598 ἔχοι
660 1519 719 1577 δέ
768 1541 830 1597 γε
884 1522 971 1575 καὶ
1007 1521 1035 1575 6
1084 1523 1296 1594 κρατῶν
1356 1520 1593 1583 ἐντεῦθεν
1653 1518 1894 1582 πολλοῖς
1949 1517 1985 1587 ἢ

330 1613 421 1671 καὶ
480 1611 641 1667 πᾶσιν
698 1607 969 1680 ἐξαντλεῖν
1043 1610 1139 1670 τάς
1193 1615 1294 1678 τῆς
1373 1608 1677 1685 εὐεργεσίας
1749 1608 1987 1682 ἀμάρας.

330 1705 395 1760 Ὀ
444 1700 503 1757 δέ
532 1721 597 1775 γε
634 1696 917 1772 Θεόδωρος
966 1698 1012 1753 εἰ
1060 1698 1149 1754 καί
1202 1696 1631 1774 δραστικώτερον
1683 1696 1990 1774 ἐχρυσολό-

334 1813 416 1866 γει
461 1788 521 1845 ἐκ
574 1792 772 1843 κοινῶν
832 1783 1156 1859 συνδόσεων,
1187 1786 1314 1843 ἀλλ’
1344 1785 1421 1851 εἷς
1450 1786 1513 1842 τὸ
1569 1786 1994 1843 πολλαπλάσιον

340 1880 581 1952 ἐξεκένου
624 1877 852 1955 γνώμης
906 1875 1201 1949 ἁπλότητι,
1252 1875 1303 1947 ἐξ
1352 1877 1424 1931 ὧν
1478 1873 1795 1949 ἀμπώτιδές
1855 1896 1995 1938 τινες

343 1969 433 2025 καὶ
473 1962 772 2045 χαρύϐδεις
826 1966 902 2028 ὡς
960 1964 1073 2020 ἐκεῖ
1119 1971 1222 2035 τῆς
1277 1962 1555 2035 θαλάσσης
1612 1964 1838 2029 ἐνταῦθα
1890 1968 1998 2019 τῶν

342 2057 642 2136 χρημάτων
702 2054 1027 2111 ἐδείκνυντο·
1085 2055 1148 2109 τὸ
1204 2056 1306 2130 γὰρ
1364 2054 1762 2131 ἀφαιρούμενον
1830 2052 1996 2123 ἐπλησ

345 2153 507 2225 ροῦτο
546 2148 712 2202 πάλιν
774 2144 835 2200 ἐκ
887 2148 985 2200 τοῦ
1046 2141 1266 2219 ῥᾳδίως,
1326 2143 1417 2198 καὶ
1470 2144 1537 2213 ἦν
1688 2147 1786 2197 τοῦ
1842 2141 1996 2204 ὄντος

341 2235 624 2315 ἀφαίρεσις
668 2237 764 2291 τοῦ
810 2232 1243 2309 προογινομένου
1290 2237 1409 2295 τοῖς
1457 2232 1793 2308 ἀφαιρεθεῖσι
1825 2231 1994 2307 πρόσ-

336 2329 481 2389 θεσις
536 2326 772 2394 πλείων,
828 2323 1057 2378 ἐκάστου
1115 2326 1265 2396 μεῖον
1348 2322 1441 2395 μὲν
1512 2319 1857 2384 συνδιδὸντος
1907 2318 1997 2376 διὰ

332 2417 433 2486 τὴν
462 2415 649 2484 κοινὴν
679 2412 979 2488 εἴσπραξιν,
1009 2410 1177 2467 πλέον
1222 2408 1266 2465 δ’
1314 2407 1543 2487 ἔχοντος
1576 2412 1742 2486 οὗπερ
1775 2411 1997 2488 ἀφῄρη-

331 2526 419 2561 ται
479 2504 541 2560 ἐκ
593 2508 691 2558 τοῦ
746 2503 955 2564 πάντας
1021 2501 1082 2557 ἐκ
1150 2498 1420 2577 βασιλέως
1479 2498 1653 2576 ἔχειν,
1710 2500 1991 2556 κάντεῦθεν

333 2596 423 2651 καὶ
468 2595 825 2670 ἐπιχόρηγεῖν
885 2591 1012 2647 ὅτου
1053 2589 1230 2646 δέοιτό
1287 2611 1371 2654 τις
1421 2589 1481 2645 ἐκ
1508 2595 1605 2645 τοῦ
1663 2590 1994 2666 προχείρου,

333 2685 432 2740 κάν
460 2684 541 2757 τῷ
567 2680 774 2739 διδόναι
809 2679 1022 2756 μᾶλλον
1075 2679 1287 2756 χαίρειν
1318 2681 1355 2749 ἢ
1385 2684 1466 2752 τῷ
1510 2674 1830 2753 λαμϐάνειν.
1886 2680 1990 2735 Καὶ

343 2905 443 2961 nia
463 2901 713 2959 ﬂumina
726 2900 1146 2957 redundarent.
1163 2898 1328 2964 Quod
1350 2898 1450 2953 69
1474 2913 1605 2955 vero
1637 2899 1771 2955 istis
1795 2914 1999 2969 super-

343 2997 469 3049 erat
499 2990 858 3063 sumptibus,
892 2988 1098 3045 sedulo
1130 2984 1611 3044 conservabatur.
1646 2988 1808 3053 Quod
1840 2987 1998 3041 enim

346 3084 419 3140 de
450 3083 594 3155 Cyro
629 3079 915 3150 Darioque
947 3077 1274 3145 dicebatur,
1300 3076 1464 3133 hisce
1494 3093 1728 3149 quoque
1757 3076 1997 3132 omnino

346 3169 732 3227 conveniebat
752 3166 1229 3241 principibus.Ac
1242 3166 1501 3222 Joannes
1522 3167 1763 3239 quidem
1777 3171 1996 3223 Roma-

2081 807 2155 867 ὡς
2188 804 2368 860 άλλου
2404 805 2727 880 παρέξοντος
2780 802 3029 878 ἐτοίμου,
3080 801 3190 878 εἷ’γε
3236 798 3409 863 ἄλλος
3466 800 3735 875 ἀπορήσει

2083 892 2286 956 διδούς.
2318 897 2449 956 Τοῖς
2475 893 2532 949 δέ
2561 915 2623 970 γε
2673 891 3049 968 μικροψύχοις
3094 891 3185 947 καὶ
3241 891 3303 946 τὸ
3361 890 3480 945 κατ’
3536 887 3733 965 ἐγγύην

2082 983 2250 1059 χρέος
2279 983 2356 1048 εἷς
2393 981 2814 1039 πολλαπλάσιον
2858 983 3135 1060 πρόσεστι,
3165 980 3255 1035 καὶ
3287 978 3555 1057 ἐγγυητὴς
3583 979 3739 1051 Θεὸς,

2082 1074 2145 1129 τὸ
2173 1074 2495 1146 Θαυμάσιον.

2086 1177 2186 1236 κδ’.
2247 1183 2439 1243 ’Ὀπως
2488 1182 2722 1254 νοσήσας
2751 1180 2779 1233 6
2816 1176 3070 1254 βασιλεὺς
3100 1178 3358 1248 Ἰωάννης
3389 1171 3578 1232 πολλᾶ
3624 1178 3744 1238 τοῖς

2604 1250 2831 1320 πένησιν
2863 1250 3225 1327 ἐχορήγησεν.

2164 1343 2225 1415 [Ρ
2255 1343 2366 1414 41]”
2401 1340 2683 1414 Βούλομαι
2726 1340 2906 1396 τοίνυν
2955 1339 3046 1395 καὶ
3094 1338 3235 1396 ἄλλο
3282 1360 3336 1394 τι
3383 1336 3753 1412 διηγήσασθαι

2095 1431 2219 1505 περὶ
2269 1429 2500 1500 τούτων,
2550 1433 2921 1505 παραιτοῦμαι
2968 1426 3047 1500 δὲ,
3094 1428 3178 1483 ὅτι
3218 1430 3310 1483 καὶ
3361 1428 3388 1481 ὁ
3439 1423 3609 1502 λόγος
3668 1421 3759 1480 διὰ

2093 1518 2157 1574 τὸ
2236 1520 2514 1593 χρήσιμον
2590 1514 3032 1595 παραϐέϐασταί.
3091 1517 3270 1580 Νόσος
3346 1516 3606 1589 ἐνέσκηψε
3674 1519 3756 1588 τῷ

2102 1604 2320 1681 βασιλεῖ
2374 1607 2597 1680 Ἰωάννῃ
2652 1607 2788 1661 ποτε
2839 1607 3175 1685 ἀφαιρεθέντι
3230 1607 3332 1676 τὴν
3390 1603 3473 1659 ἐπ’
3526 1603 3753 1679 ἀγαθοῖς

2105 1695 2305 1769 βοηθὸν
2338 1694 2591 1770 σύζυγον,
2642 1697 2742 1765 τὴν
2791 1695 2890 1751 οὐκ
2940 1693 3049 1750 οἶδ’
3081 1697 3111 1750 6'
3139 1716 3191 1750 τι
3235 1694 3324 1749 καὶ
3357 1698 3442 1771 φῶ
3487 1697 3595 1748 τῶν
3619 1703 3750 1757 θαυ-

2107 1784 2314 1857 μασίων
2343 1785 2631 1858 ὀνομάτων
2676 1785 2943 1860 Εἷρήνην.
2994 1785 3084 1841 καὶ
3116 1787 3151 1854 ἠ
3182 1786 3344 1846 νόσος
3391 1784 3467 1847 ὡς
3502 1778 3748 1859 χαλεπή’

2105 1871 2405 1944 ἐπείληπτο
2452 1873 2552 1949 γὰρ
2600 1872 2692 1928 διὰ
2732 1874 2795 1929 τὸ
2842 1881 3041 1950 γῆρας,
3091 1875 3263 1947 οἶμαι.
3315 1876 3440 1930 Τῶν
3485 1876 3615 1949 γοῦν
3664 1871 3752 1926 ia-

2104 1966 2248 2037 τρῶν
2291 1961 2643 2036 ἀπορούντων
2690 1962 2775 2037 ἐφ’
2807 1963 2911 2019 ὅτι
2960 1963 3049 2019 καί
3095 1964 3411 2039 τράποιντο,
3461 1961 3622 2024 αὐτὸς
3666 1958 3756 2015 ἐπὶ

2107 2051 2237 2106 Θεὸν
2277 2051 2623 2128 καταφεύγει,
2673 2052 2764 2107 καὶ
2810 2054 2874 2108 τὸ
2917 2052 3124 2108 ἐκείνου
3175 2054 3310 2130 πρὸς
3360 2049 3561 2113 πάντας
3605 2045 3761 2114 ἔλεος

2104 2140 2241 2195 κατὰ
2295 2141 2359 2196 τὸ
2418 2140 2642 2197 δυνατὸν
2701 2142 3036 2215 ἐκμιμεῖται·
3111 2149 3332 2219 ’Ὡριστο
3387 2140 3611 2214 τοίνυν,
3667 2140 3758 2195 καὶ

2106 2251 2327 2293 σακκοις
2358 2231 2386 2284 ὁ
2419 2232 2623 2307 ’χρυσὸς
2671 2230 3024 2302 ἐξαντλεῖται,
3074 2233 3166 2287 καὶ
3223 2231 3324 2287 ἀνά
3369 2228 3425 2302 ἕξ
3467 2232 3559 2286 καὶ
3603 2231 3759 2306 τριά-

2103 2340 2270 2374 κοντα
2342 2324 2449 2375 τῶν
2526 2316 2844 2393 ἀκιϐδήλων
2931 2323 3282 2396 νομισμάτων
3359 2320 3568 2393 ἑκάστῳ
3648 2323 3757 2374 τῶν

2104 2406 2457 2480 ὁπουδήποτε
2504 2411 2714 2487 ἀοόρων
2767 2408 2999 2483 δίδοται,
3063 2411 3240 2487 χωρὶς
3296 2415 3403 2466 τῶν
3451 2408 3530 2473 εἴς
3583 2409 3762 2474 θείους

2102 2497 2260 2561 ναοὺς
2291 2498 2379 2555 καὶ
2442 2500 2611 2573 μονὰς
2664 2500 2755 2555 καὶ
2814 2499 3089 2577 θεοφιλεῖς
3147 2497 3347 2575 ἄνδρας
3405 2497 3758 2572 ἐξαντληθέν-

2101 2610 2232 2662 των,
2282 2587 2755 2665 ἐπιμετρουμένου
2800 2594 2898 2646 τοῦ
2948 2590 3137 2652 ἐλέους
3184 2588 3468 2653 πλείστοις
3501 2588 3753 2663 ἡμιόνων

2103 2678 2390 2754 σάγμασιν.
2440 2677 2595 2736 Ἀλλ’
2639 2680 3009 2755 ἐπιμετρεῖται
3052 2684 3130 2752 τῷ
3174 2676 3315 2734 ἐλέει
3356 2678 3420 2733 τὸ
3467 2682 3567 2735 τοῦ
3619 2680 3756 2733 Θεοῦ⁹

2111 2913 2289 2969 quam
2324 2899 2635 2971 acciperet:
2670 2898 2812 2970 quin
2844 2897 3002 2954 enim
3038 2897 3137 2954 70
3163 2897 3327 2954 aliud
3386 2896 3607 2955 Christi
3666 2898 3762 2956 lex

2109 2987 2455 3058 praescribit,
2491 2989 2627 3043 dare
2659 2987 2845 3044 cuivis
2889 2988 3111 3060 petenti
3168 2987 3561 3059 praecipiens?
3592 2990 3765 3062 cujus

2108 3076 2264 3131 beati
2298 3077 2527 3132 fructus
2558 3080 2647 3132 est
2677 3077 2980 3133 abundare
3011 3075 3338 3147 universos,
3366 3093 3542 3150 egere
3571 3080 3765 3135 nemi-

2108 3181 2264 3233 nem,
2296 3169 2715 3238 compensante
2747 3166 3153 3223 vicissitudine
3184 3166 3580 3223 communiter
3622 3164 3758 3223 utili

346 3275 556 3317 norum
589 3262 773 3331 pater,
806 3257 1151 3314 Theodorus
1178 3271 1314 3312 vero
1345 3256 1622 3312 dominus
1652 3256 1991 3312 vocabatur.
2024 3272 2067 3340 C
2107 3260 2347 3311 mutuos
2372 3256 2660 3324 defectus,
2693 3257 2835 3312 dum
2870 3261 3079 3329 praesto
3111 3259 3202 3312 est
3235 3256 3335 3328 qui
3386 3256 3656 3313 refundat
3685 3273 3754 3313 ex

341 3351 481 3407 Tam
515 3347 762 3421 provida
788 3361 1048 3417 namque
1080 3345 1491 3402 curaJoannes
1512 3345 1752 3417 quidem
1778 3348 1991 3401 cuncta

343 3437 743 3513 gubernabat,
803 3438 870 3491 ut
920 3451 1026 3491 nec
1089 3433 1403 3506 indignum
1463 3434 1695 3506 fastigio
1755 3434 1993 3489 duceret

344 3530 414 3586 ad
439 3525 910 3600 procurationem
932 3522 1217 3580 humilem
1239 3523 1593 3580 descendere
1608 3522 1992 3579 instrumenti

345 3618 523 3674 etiam
556 3614 761 3672 rustici
793 3630 861 3670 ac
881 3614 1293 3685 jumentorum
1316 3613 1388 3668 ad
1416 3611 1791 3684 agriculturae
1823 3611 1995 3667 mini-

350 3705 554 3773 steria,
585 3704 676 3760 vel
709 3706 905 3759 aratra
935 3701 1026 3758 vel
1081 3718 1318 3757 sarraca
1373 3701 1779 3769 trahentium;
1824 3702 1995 3772 cujus

351 3793 584 3868 generis
617 3792 945 3866 provisores
977 3806 1044 3847 ac
1069 3792 1376 3857 praefectos
1407 3808 1510 3863 per
1540 3794 1731 3847 castra
1762 3789 2000 3863 singula

354 3880 1073 3949 constituerat,attributis
1094 3882 1307 3953 cuique
1323 3880 1439 3937 arci
1459 3883 1709 3953 ejusque
1725 3880 1999 3952 praesidio

353 3973 530 4031 certis
546 3972 737 4046 pagis,
760 3970 916 4028 unde
936 3969 1283 4028 sufficientis
1314 3987 1557 4027 annonae
1581 3971 1749 4042 copia
1770 3986 1887 4026 non
1909 3985 2003 4025 so-

353 4063 479 4119 lum
511 4062 803 4118 militibus
828 4066 1186 4134 suppeteret,
1220 4060 1321 4116 sed
1354 4075 1423 4116 ex
1467 4058 1793 4116 abundanti
1822 4058 2003 4114 etiam

352 4152 489 4208 inde
519 4151 791 4225 princeps
823 4150 1067 4207 haberet
1096 4150 1251 4222 quod
1283 4148 1448 4221 larga
1467 4148 1526 4204 in
1550 4147 1770 4203 multos
1787 4146 2005 4203 benefi-

351 4241 543 4299 centia
573 4241 976 4314 profunderet.
1006 4239 1344 4294 Theodorus
1376 4254 1550 4311 porro
1582 4237 1691 4294 etsi
1714 4237 2007 4293 efficacior

351 4331 414 4388 in
445 4347 588 4387 auro
619 4346 689 4386 ex
708 4328 1010 4385 communi
1029 4327 1340 4383 collatione
1366 4326 2005 4399 congregando,tamen

353 4422 514 4477 idem
546 4422 673 4474 erat
701 4435 818 4491 pra;
841 4416 1217 4489 simplicitate
1240 4417 1455 4472 mentis
1473 4415 1632 4472 haud
1657 4416 1801 4472 satis
1823 4419 2005 4471 cauta:

355 4512 415 4566 in
448 4509 655 4565 eodem
687 4506 931 4580 prodige
963 4506 1355 4579 dispergendo
1388 4505 1703 4577 profusior,
1736 4510 1800 4561 ut
1848 4504 2004 4576 quod

357 4600 419 4656 in
447 4596 764 4655 maritimis
795 4595 1400 4667 mstibusEuriporum
1419 4612 1484 4652 ac
1505 4594 2005 4669 Charybdum,hic

359 4705 595 4763 quoque
609 4687 863 4760 quadam
885 4685 1111 4742 alterna
1132 4684 1246 4742 reci
1256 4684 1896 4757 procationeefﬂuentis
1919 4701 2005 4740 re-

359 4777 717 4850 ﬂuentisque
747 4775 1007 4850 pecuniae
1048 4778 1404 4845 cerneretur,
1438 4775 1708 4832 exhausti
1742 4792 1845 4847 per
1891 4773 2010 4829 lar-

361 4869 612 4942 gitiones
624 4867 813 4924 aerarii
827 4865 1063 4923 damnis
1081 4865 1235 4921 facili
1256 4881 1392 4920 mox
1411 4865 1817 4937 corrogatione
1839 4879 2011 4935 repo-

362 4959 640 5026 sitis,imo
659 4957 814 5030 quod
833 4972 1154 5027 expensum
1172 4960 1297 5011 erat
1313 4955 1716 5011 abundantius
1730 4955 2012 5011 redeunte

361 5063 467 5120 per
497 5047 759 5103 modicas
787 5046 923 5102 licet
949 5044 1222 5117 singulis,
1247 5049 1519 5101 caeterum
1546 5048 1786 5116 propter
1815 5043 2014 5100 multi-

359 5135 630 5192 tudinem
685 5135 1116 5192 conferentium
1170 5134 1229 5189 in
1284 5151 1553 5189 summas
1585 5132 1672 5189 vel
1723 5132 2010 5189 maximas

358 5225 704 5281 excedentes
742 5225 1208 5280 contributiones
1265 5223 1639 5279 subditorum
1671 5240 1686 5291 ;
1720 5239 1826 5278 nec
1873 5223 2009 5277 inde

358 5314 650 5371 exhausta
683 5313 908 5385 privata
938 5329 1436 5386 quorumcunque
1469 5312 1768 5383 facultate,
1813 5313 2009 5384 utique

361 5400 669 5476 quamlate
691 5402 760 5457 ad
778 5418 983 5458 omnes
1001 5409 1420 5474 promanantes
1441 5401 1664 5458 etvarie
1682 5402 1739 5457 in
1764 5403 2006 5459 domum

363 5509 430 5548 ac
461 5492 760 5547 fortunam
789 5506 1087 5562 quamque
1119 5493 1358 5562 perenni
1382 5492 1638 5563 quodam
1662 5508 1837 5547 cursu
1874 5509 2008 5563 pro-

361 5582 612 5636 ﬂuentes
676 5578 1021 5652 principalis
1088 5580 1482 5635 beneﬁcentiae
1541 5580 1763 5637 alerent
1815 5581 2008 5638 rivuli.

367 5675 644 5740 Prompta
662 5669 879 5743 quippe
902 5674 1109 5742 ρνεεείο
1130 5669 1331 5725 aderat
1354 5671 1617 5726 omnium
1642 5672 2008 5727 necessitati-

364 5760 478 5815 bus
511 5756 674 5828 larga
705 5759 1038 5832 benignitas
1069 5758 1353 5831 principis
1382 5759 1664 5817 libentius
1694 5760 2008 5820 tribuentis

2107 3344 2340 3416 publico
2374 3353 2662 3417 quantum
2681 3361 2749 3401 ex
2769 3346 2989 3418 privato
3007 3346 3254 3418 quilibet
3275 3345 3543 3402 contulit.
3566 3348 3611 3402 A
3636 3362 3751 3419 quo

2101 3450 2172 3490 ne
2201 3433 2557 3491 abhorreant
2586 3436 2938 3492 commercio
2970 3436 3152 3491 animi
3182 3434 3405 3507 pusilli,
3431 3436 3753 3507 ﬁdejusso-

2102 3540 2245 3595 rem,
2279 3527 2430 3598 quod
2465 3527 2680 3583 mirum
2721 3531 2833 3597 est,
2881 3543 2945 3583 se
2998 3532 3153 3583 Deus
3214 3527 3405 3595 offert,
3464 3525 3751 3598 pollicens

2104 3633 2166 3671 se
2196 3633 2587 3688 reponsurum
2619 3617 3017 3691 multiplicato
3077 3617 3297 3673 foenore
3356 3619 3509 3691 quod
3544 3619 3755 3675 datum

2107 3706 2302 3763 fuerit.

2108 3814 2199 3870 24.
2238 3815 2300 3872 Ut
2328 3818 2617 3887 aegrotans
2647 3814 2956 3889 imperator
3001 3815 3240 3889 Joannes
3270 3813 3458 3872 multa
3508 3817 3777 3889 pauperi-

2701 3887 2799 3942 bus
2829 3888 3169 3960 erogaverit.

2184 3974 2329 4031 Nolo
2360 3979 2416 4030 et
2462 3974 2621 4030 aliud
2669 3975 2851 4047 hujus
2905 3975 3139 4046 generis
3198 3992 3461 4043 narrare,
3522 3980 3777 4050 petoque

2113 4065 2368 4132 veniam,
2404 4065 2451 4119 si
2484 4064 2815 4137 argumenti
2848 4064 3101 4121 utilitate
3131 4068 3421 4122 tractatus
3449 4065 3778 4140 digressio-

2116 4153 2291 4209 nibus
2313 4153 2610 4226 indulgeo.
2645 4154 2846 4210 Morbo
2872 4159 3176 4228 correptus
3209 4155 3527 4228 aliquando
3551 4157 3778 4213 estim-

2117 4244 2348 4313 perator
2375 4240 2637 4297 Joannes
2660 4257 2863 4297 recens
2894 4242 3173 4299 viduatus
3206 4242 3485 4315 praeclara
3506 4244 3563 4299 in
3596 4244 3777 4300 rebus

2117 4330 2289 4387 bonis
2314 4329 2600 4402 adjutrice
2633 4331 2904 4403 conjuge,
2937 4330 3060 4401 illa,
3110 4332 3381 4403 inquam,
3432 4332 3778 4389 admirabili

2120 4420 2305 4486 Irene,
2336 4420 2432 4476 oui
2462 4435 2566 4490 pro
2590 4420 2799 4475 merito
2832 4420 3142 4476 laudanda:
3176 4421 3352 4477 verba
3384 4422 3780 4478 desuntErat

2120 4515 2317 4564 autem
2371 4508 2612 4564 morbus
2680 4525 2820 4565 sane
2876 4509 3145 4566 sonticus
3175 4514 3233 4565 et
3288 4510 3504 4582 gravis,
3553 4510 3779 4584 quippe

2119 4615 2289 4654 casus
2315 4597 2631 4653 inducebat
2654 4597 2982 4671 epilepticis
3027 4599 3468 4656 accessionibus
3520 4600 3776 4672 similes,

2117 4688 2224 4745 etsi
2258 4689 2405 4745 forte
2435 4688 2494 4743 hi
2526 4688 2816 4745 debilitati
2847 4690 3033 4746 astatis
3063 4690 3189 4761 jam
3220 4696 3500 4762 provectas
3546 4691 3780 4763 justius

2121 4777 2402 4850 imputari
2435 4778 2792 4850 potuissent.
2825 4779 3072 4835 Incertis
3106 4780 3350 4835 medicis
3382 4797 3497 4852 quo
3531 4797 3594 4836 se
3636 4797 3775 4836 ver-

2120 4869 2329 4936 terent,
2367 4882 2519 4938 aeger
2549 4868 2620 4922 ad
2654 4867 2840 4922 Deum
2867 4868 3153 4940 confugit,
3189 4874 3246 4924 et
3275 4869 3408 4939 ejus
3440 4868 3666 4942 largam
3709 4870 3774 4927 in

2121 4970 2325 5011 omnes
2359 4955 2829 5011 misericordiam
2864 4960 3037 5027 prout
3068 4961 3296 5028 poterat
3323 4958 3773 5032 imitatur.Ergo

2120 5045 2249 5117 ejus
2281 5045 2555 5100 mandato
2587 5044 2859 5099 hauritur
2888 5050 2944 5101 et
2975 5045 3271 5103 thesauris
3314 5063 3527 5104 aurum
3578 5048 3772 5121 plenis

2120 5134 2327 5202 saccis,
2362 5139 2419 5189 et
2447 5135 2517 5188 ad
2542 5150 2641 5189 sex
2673 5138 2731 5189 et
2758 5133 3001 5206 triginta
3030 5137 3223 5206 proba:
3257 5143 3507 5192 monetae
3537 5139 3773 5193 nummi

2120 5238 2432 5295 egenorum
2448 5221 2690 5278 cuilibet
2704 5222 3045 5295 ubicunque
3063 5225 3405 5296 degentium
3423 5226 3593 5281 divisi
3608 5232 3773 5299 sunt,

2120 5317 2330 5384 praeter
2358 5327 2423 5367 ea
2454 5328 2579 5383 quae
2606 5312 2663 5367 in
2689 5329 2856 5369 sacra
2886 5312 2985 5368 Dei
3021 5313 3263 5385 templa,
3297 5314 3357 5369 in
3411 5317 3781 5374 monasteria

2120 5407 2177 5457 et
2208 5401 2359 5457 viros
2386 5401 2501 5457 Deo
2525 5401 2764 5457 devotos
2796 5407 2937 5457 sunt
2965 5420 3241 5474 expensa,
3300 5403 3656 5461 liberalitate
3703 5423 3779 5465 ea

2123 5508 2224 5563 per
2255 5489 2473 5547 multos
2504 5495 2752 5547 onustos
2787 5491 2978 5547 mulos
3009 5509 3126 5563 quo
3144 5493 3404 5564 oportuit
3428 5496 3778 5554 missaJlaec

2121 5580 2368 5652 Augusti
2415 5580 2819 5636 misericordia
2875 5580 3138 5637 divinam
3193 5582 3251 5636 in
3313 5598 3449 5639 eum
3506 5586 3771 5643 attraxit.

2121 5674 2266 5739 Ergo
2297 5670 2347 5726 is
2378 5671 2727 5743 aegritudine
2759 5670 3019 5743 primum
3065 5672 3217 5728 facta
3270 5672 3496 5740 leviori,
3559 5675 3775 5731 deinde

2119 5761 2292 5834 plane
2322 5760 2637 5832 convaluit,
2667 5760 2883 5831 gaudio
2914 5762 3044 5832 ejus
3062 5767 3120 5818 et
3153 5762 3344 5819 fructu
3359 5762 3564 5832 animi,
3585 5779 3773 5835 quan-
