4090 6416
328 421 445 477 505

1420 424 1517 477 DE
1554 422 1927 479 MICHAELE
1962 421 2409 480 PALEOLOGO
2447 423 2580 478 LIB.
2626 428 2672 478 Ῑ.

3651 422 3760 479 506

330 540 512 616 ἔλεος,
540 543 631 598 καὶ
681 540 852 619 ῥαΐζει
898 548 998 613 τῆς
1048 543 1210 598 νόσου
1243 545 1270 598 ὁ
1300 544 1558 617 ἀσθενων,
1617 545 1707 600 καὶ
1767 545 1985 620 ἐπιγάν-
2018 544 2270 614 Ατινᾶς,
2303 544 2364 600 οὐ
2417 545 2629 618 μᾶλλον
2678 544 2813 601 κατὰ
2862 545 3184 624 φιλοτιμίαν
3235 545 3271 615 ἢ
3317 544 3452 601 κατὰ
3491 547 3754 622 πρόνοιαν

329 633 508 706 νυτάι,
567 633 642 694 ὡς
699 632 862 701 εἰκὸς,
910 637 990 705 τῷ
1046 633 1206 690 ἐλέει.
1268 635 1367 689 Καὶ
1424 633 1720 708 Ῥωμαίοις
1781 636 1988 690 ἀπολε-

330 729 549 799 γεῖσθαι
607 721 781 786 θέλων
837 723 912 785 ὡς
966 722 1214 796 ἀμείωτα
1262 722 1330 778 τὰ
1372 723 1529 778 κοινά
1573 726 1670 778 τοῦ
1725 722 1988 779 τοσούτου

327 808 638 888 προϐάντος
688 811 881 881 ἐλέου,
930 812 1091 867 αὐτὸν
1143 812 1346 867 ἐκεῖνον
1395 813 1487 868 τὸν
1535 811 1833 884 ἐλεήσαντα
1880 817 1986 868 τῶν

329 901 646 976 λεγομένων
719 897 873 979 ἔφερε
947 902 1195 976 μάρτυροι
1265 901 1403 976 πρὸς
1475 902 1566 956 τὸν
1638 901 1985 977 πατρίάρχην

329 989 600 1060 Μανουήλ
651 989 822 1064 λέγων
875 990 949 1051 ὡς
997 987 1150 1044 οὐδὲν
1203 990 1528 1063 ἐξήντληται
1577 995 1684 1045 τῶν
1745 996 1944 1046 κοινῶν
1974 1034 1988 1060 ,

327 1080 462 1137 ἀλλ’
517 1080 577 1136 ἐκ
634 1080 976 1153 προμηθείας
1048 1081 1312 1150 κτήσαιτο
1367 1085 1536 1135 ταῦτα
1600 1080 1690 1135 καὶ
1755 1079 1989 1154 μελέτης

327 1170 500 1239 ἰδίας,
531 1170 584 1241 ἐξ
634 1171 706 1224 ὧν
755 1173 1047 1246 γεωπονῶν
1099 1170 1200 1225 οὐκ
1245 1169 1375 1224 ἀνίει
1428 1167 1496 1225 δι’
1547 1167 1855 1243 είδημόνων
1902 1171 1988 1225 ἀν-

326 1260 500 1336 δρῶν,
551 1255 628 1315 ἔτι
681 1257 739 1314 δὲ
784 1259 874 1314 καὶ
918 1263 1024 1313 τῶν
1080 1258 1130 1313 ἐν
1184 1259 1368 1321 αὐτοῖς
1435 1256 1501 1328 δὴ
1570 1264 1685 1322 τοῖς
1747 1259 1986 1332 κτήμασί

325 1350 659 1428 θρεμμάτων
693 1347 967 1428 διαφόρων
1021 1347 1444 1422 ἐπιμελόμενος.
1479 1347 1669 1411 Οὕτως
1699 1349 1766 1418 ἦν
1799 1348 1986 1412 αὐτοῖς

323 1442 391 1498 τὸ
420 1439 690 1516 θεοφιλὲς,
722 1439 811 1494 καὶ
844 1439 986 1494 οὕτω
1002 1439 1062 1493 τὸ
1093 1438 1515 1518 φιλορρώμαιον
1545 1436 1802 1514 ἔγνωστο.

324 1563 423 1631 κε’..
501 1557 692 1618 ’Όπως
762 1553 1101 1631 ἐπιπολαίως
1161 1556 1199 1631 ὁΔ
1251 1556 1414 1631 μέγας
1481 1552 1605 1625 δοὺξ
1648 1559 1755 1631 τῷν
1815 1555 1983 1631 ,βασις

401 1628 591 1704 λικῶν,
669 1627 975 1702 χρημάτων
1064 1626 1366 1701 ἁπτόμενος
1439 1628 1741 1704 περιεποίει
1814 1626 1987 1699 ἑαυτῷ

397 1701 498 1769 τὴν
535 1697 745 1755 εὔνοιαν
759 1741 772 1755 .

400 1799 533 1854 Τόιε
563 1795 620 1853 δὲ
662 1795 882 1853 πολλοῦ
928 1817 1077 1862 τινος
1125 1797 1175 1851 ἐν
1229 1798 1522 1873 Μαγνησίᾳ
1566 1798 1988 1873 τεθησαυρισμέ-

323 1911 424 1945 νου
465 1891 784 1964 χρήματος,
829 1887 928 1943 οὐκ
973 1885 1087 1957 ἐξὸν
1118 1886 1180 1954 ἦν
1234 1891 1312 1958 τῷ
1352 1885 1574 1963 μεγάλῳ
1626 1883 1778 1942 δουκί
1807 1908 1865 1941 τε
1893 1887 1980 1942 καὶ

324 1977 611 2054 ἐπιτρόπῳ
671 1978 840 2054 ῥᾷστα
896 1972 1199 2048 λαμϐάνειν
1259 1977 1350 2030 καὶ
1405 1982 1672 2051 χορηγεῖν
1732 1974 1870 2030 ὅπου
1922 1976 1987 2046 ἦν

328 2067 659 2144 βουλομένῳ
691 2067 762 2121 οἳ·
811 2065 1119 2144 ἐφειστήκει
1149 2067 1252 2142 γάρ
1281 2065 1343 2120 τὸ
1395 2064 1652 2120 Κελτικὸν
1704 2065 1794 2120 καὶ
1838 2065 1996 2120 πελε-

325 2156 595 2234 κυφόρον,
645 2155 825 2234 ἐφέξον
876 2153 942 2226 ἤν
994 2177 1077 2217 τις
1127 2154 1464 2229 ἐπιχειροίη,
1513 2155 1602 2209 καὶ
1654 2154 1871 2232 φυλακὴ
1925 2155 1992 2223 ἦν

322 2252 446 2308 τοῖς
474 2244 747 2318 ταμιείοις
791 2246 855 2320 [Ρ
887 2246 976 2318 l12]
999 2289 1012 2315 ,
1065 2244 1138 2306 ὠς
1169 2248 1423 2320 γνωστῶς
1469 2241 1709 2299 δίδοσθαι
1763 2242 1900 2298 ὅπου
1931 2245 1993 2298 τὸ

323 2337 617 2410 ἀναγκαῖον
647 2341 746 2405 τῆς
781 2333 972 2410 χρείας
1022 2333 1242 2407 ἀπῄτει.
1277 2329 1552 2390 Ἑδίδοντο
1610 2330 1667 2388 δὲ
1719 2330 1996 2397 πολλάκις

324 2427 418 2481 καί
447 2446 588 2480 τισιν
638 2423 1017 2485 ἐπιτάττοντος
1061 2421 1360 2499 προφάσετι
1411 2422 1598 2498 χρείας
1649 2425 1750 2478 οὐκ
1799 2420 1990 2493 οὔσης.

326 2515 630 2578 Κάεθτεῦθεν
694 2514 869 2589 ἀρχὰς
919 2513 1092 2584 ἐαυτῴ
1143 2511 1422 2586 εὐμενείας
1467 2507 1990 2585 προκατεϐάλλετο,

327 2605 414 2664 οἷς
449 2601 550 2656 οὐκ
578 2601 645 2670 ἦν
685 2607 785 2670 τῆς
831 2601 1132 2676 εὐεργεσίας
1186 2597 1576 2671 ὑπιλελῆσθαι,
1625 2598 1714 2653 καὶ
1770 2595 1992 2659 δικαίως

326 2690 390 2747 ἂν
446 2689 963 2766 ἀπολογησόμενος,
1016 2689 1062 2745 εἰ
1115 2692 1190 2764 μή
1240 2711 1348 2745 τινι
1395 2694 1659 2765 παρεῖχεν
1696 2687 1855 2750 αὐτὸς
1905 2684 1995 2741 διὰ

324 2783 431 2852 τήν
463 2780 684 2837 ἐνοῦσαν
716 2782 924 2854 πενίαν,
961 2779 1097 2854 ὅμος
1147 2780 1414 2858 ἀφορμὰς
1453 2776 1636 2834 ἐδιδου
1689 2772 1989 2851 λαμϐάνειν

330 2915 464 2967 tum
497 2910 584 2966 fas
615 2913 741 2966 erat
771 2925 840 2964 ex
898 2912 1019 2964 tam
1069 2908 1322 2964 evidenti
1353 2907 1752 2980 experimento
1781 2904 1992 2959 divina:

338 2998 762 3058 misericordiae
795 3014 1024 3070 capere.
1062 2999 1212 3053 Tum
1247 3013 1496 3070 purgare
1549 3014 1612 3053 se
1671 2997 1826 3068 apud
1876 2995 1992 3050 Ro-

346 3107 545 3146 manos
558 3087 840 3157 volens,si
868 3089 1012 3144 forte
1027 3091 1416 3158 quererentur
1429 3087 1684 3144 effusain
1703 3103 1813 3158 pau
1825 3101 1991 3157 peres

340 3178 697 3237 liberalitate
749 3176 1054 3250 publicum
1126 3179 1217 3232 71
1273 3176 1544 3233 mrarium
1613 3176 1991 3241 exhaustum,

336 3269 511 3326 illum
569 3268 768 3340 ipsum
820 3268 992 3338 cujus
1045 3266 1234 3339 gratia
1289 3269 1532 3322 sanatus
1590 3266 1776 3322 fuerat
1806 3265 1990 3322 Deum

2096 639 2201 690 τῶν
2249 634 2589 709 μελλόντων,
2624 635 2699 698 ὡς
2731 632 2916 708 ἔδειξε.
2967 636 3079 704 Τὴν
3121 633 3170 690 δ’
3217 634 3423 690 ἐκείνου
3457 637 3642 691 πενίαν
3679 637 3756 692 εἷ-

2097 726 2293 787 πόντος
2342 723 2548 780 ἐκείνου
2593 725 2726 780 ποτέ
2768 725 2955 800 παρὼν
3005 725 3097 780 καὶ
3137 724 3369 788 ἀκούσας
3403 727 3430 780 ὁ
3460 728 3678 804 γράφων
3713 727 3758 782 εἰ

2102 813 2404 890 μαρτυροίη
2434 857 2449 884 ,
2500 811 2732 887 ψεύδους
2782 812 2987 868 ἁλῶναι
3037 813 3099 868 οὗ
3151 811 3424 882 δέδοικεν,
3491 813 3604 870 ἐπεὶ
3661 815 3758 870 κά-

2096 903 2262 976 κείνῳ
2312 902 2390 965 εἷς
2430 903 2700 978 καύχημα
2749 901 2876 976 δόξη
2927 905 2994 972 ἦν
3043 905 3077 973 ἡ
3131 903 3287 958 πενία
3339 899 3465 959 τότε
3510 904 3754 980 λέγοντι.

2097 992 2254 1067 Τρισὶ
2313 992 2417 1067 γὰρ
2477 991 2666 1065 μόνοις
2737 992 3032 1066 νομίσματι
3093 994 3232 1048 κατά
3285 993 3382 1054 τάς
3438 996 3554 1049 κατ’
3609 996 3756 1050 οἶκον

2097 1081 2286 1157 χρείας
2333 1083 2396 1136 τὸ
2440 1083 2607 1137 ποσὸν
2652 1082 2822 1155 αὐτῷ,
2870 1082 2958 1137 ὅτε
2994 1082 3302 1159 βασὶλεόοι,
3337 1083 3410 1144 ὡς
3441 1081 3619 1158 ἔλεγε,
3668 1105 3761 1139 πε-

2097 1171 2363 1245 ριίστατο.
2419 1171 2520 1227 Καὶ
2567 1173 2655 1226 τὸν
2699 1171 2966 1248 Ἄγγελον
3013 1171 3244 1250 ἀδελφὸν
3288 1167 3418 1227 ὅντα
3450 1179 3552 1242 τῆς
3595 1174 3758 1228 αὐτοῦ

2096 1265 2356 1332 πενθερᾶς
2387 1306 2400 1329 ,
2463 1261 2519 1314 ὅν
2585 1261 2752 1336 μέγον
2808 1263 3173 1336 πριμικήριον
3226 1261 3390 1323 αὐτὸς
3436 1259 3759 1336 βασιλεύσας

2096 1346 2389 1421 ἀπέδειξεν,
2416 1349 2597 1405 ἐκάλει
2628 1349 2897 1424 παρόντα,
2949 1350 3102 1413 ὅπως
3133 1351 3293 1414 αὐτὸς
3326 1349 3600 1426 λαγχάνοι
3631 1354 3762 1428 παρ’

2097 1437 2262 1492 αὐτοῦ
2313 1436 2463 1503 δίκας
2523 1440 2654 1514 ὑπερ
2703 1447 2804 1510 τῆς
2846 1447 2946 1509 τῆς
2985 1438 3282 1517 ἀδελφιδῆς
3333 1440 3561 1513 προικὸς
3616 1462 3754 1516 μαρ-

2093 1529 2401 1603 τυρήσοντα
2437 1573 2449 1586 .
2516 1527 2770 1592 Κάκεῖνος
2829 1529 2986 1606 ἐγγὺς
3052 1531 3329 1604 παραστὰς
3414 1527 3754 1606 ἐμαρτύρει,

2094 1618 2182 1672 καὶ
2236 1619 2400 1690 ἡμεῖς
2451 1617 2731 1692 ἠκούομεν
2782 1619 3044 1694 λέγοντος
3083 1621 3175 1675 καὶ
3226 1619 3384 1696 ὅρκον
3439 1622 3756 1695 προστιθέν-

2092 1727 2187 1770 τος
2231 1713 2352 1769 τοῖς
2400 1705 2741 1783 λεγομένοις.
2793 1709 2930 1766 Τότε
2975 1713 3260 1784 τοιγαροῦν
3312 1708 3441 1772 τοὺς
3489 1707 3760 1778 πολλοὺς,

2093 1795 2186 1850 καὶ
2223 1795 2436 1868 μᾶλλον
2473 1803 2556 1860 οἷς
2597 1797 2804 1874 εὐγενὲς
2834 1799 2898 1854 τὸ
2937 1798 3117 1875 γένος,
3149 1798 3586 1872 ὑποποιούμενος
3616 1819 3760 1875 παρ·-

2100 1890 2247 1960 εῖχεν
2299 1884 2350 1956 ἐξ
2419 1884 2653 1961 εὐλόγου
2704 1887 2862 1957 δῆθεν
2921 1889 3246 1966 προφάσεως
3285 1892 3393 1943 τῶν
3458 1886 3756 1964 βασιλικῶν

2100 1973 2406 2049 χρημάτων
2456 1975 2776 2046 ἀπόνασθαι,
2822 1976 2952 2031 αὐτὸ
2982 1978 3120 2040 τέως
3174 1979 3247 2040 ὡς
3307 1977 3425 2052 εἶχε
3473 1981 3752 2054 συντηρῶν

2103 2063 2289 2118 ἑαυτὸν
2315 2069 2423 2120 τῶν
2457 2064 2767 2140 λημμάτων
2801 2067 3095 2142 ἀνώτερον.

2101 2226 2200 2290 κς’.
2263 2227 2456 2304 Ὅπως
2526 2227 2814 2304 ἐλθόντος⁸
2853 2231 2951 2304 τοῦ
3028 2229 3375 2304 πατριάρχου
3451 2225 3672 2297 πολλὴν
3727 2230 3756 2285 ὁ

2318 2298 2482 2375 μέγας
2526 2297 2651 2371 δοὺξ
2694 2297 3002 2372 ἐπεδείξατο
3052 2297 3151 2370 τὴν
3203 2297 3540 2356 ὑπ’όπτωσιν.

2175 2423 2262 2479 Ἐν
2313 2423 2558 2496 τοσούτῳ
2611 2423 2669 2479 δὲ
2718 2424 2871 2480 λαὶὸ
2904 2424 3230 2501 πατράρχης
3279 2425 3372 2481 σόν
3417 2447 3475 2481 τε
3524 2431 3641 2489 τοῖς
3669 2426 3755 2482 ἐκ·

2101 2511 2312 2584 κρίτοις
2365 2516 2463 2566 τοῦ
2519 2511 2732 2588 κλήρου
2779 2514 2867 2569 καὶ
2949 2519 3068 2577 τοῖς
3137 2514 3449 2591 ἀρχιερεῦσι
3507 2521 3761 2591 παρεῖναι

2102 2599 2354 2669 ἠκούετο·
2387 2602 2478 2656 καὶ
2508 2602 2566 2664 ὃς
2600 2602 2792 2658 αὐτίκα
2843 2605 3026 2676 μαθὼν
3071 2603 3181 2680 πρὺ
3219 2608 3326 2659 τῶν
3378 2602 3563 2658 ἄλλων
3596 2606 3761 2669 αὐτὸς

2108 2689 2315 2760 ὑπαντᾷ
2366 2689 2654 2766 μακρόθεν,
2683 2693 2852 2766 τιμὴν
2892 2694 2991 2762 τὴν
3049 2692 3304 2769 μεγίστην
3353 2692 3761 2770 ἀφοσιούμενος

2103 2778 2183 2850 τῷ
2214 2781 2532 2856 πατριάρχῃ
2581 2781 2671 2836 καὶ
2700 2783 2860 2836 παντὶ
2910 2786 2990 2853 τῷ
3035 2783 3169 2858 ἰερῷ
3209 2780 3572 2857 πληρώματι,
3619 2786 3758 2855 πεζῇ

2107 2921 2221 2960 non
2257 2907 2444 2979 magis
2479 2908 2536 2963 id
2570 2924 2750 2981 agens
2781 2908 3124 2966 ambitionis
3145 2909 3431 2966 instinctu
3455 2925 3634 2982 quam
3669 2927 3761 2966 sa-

2102 2995 2285 3066 pienti
2309 2997 2650 3068 praevisione
2683 2999 3038 3070 futurorum,
3067 3003 3242 3072 prout
3271 3003 3353 3055 rei
3371 3000 3561 3056 exitus
3591 3016 3764 3056 mon-

2103 3085 2329 3141 stravit.
2363 3086 2442 3142 De
2472 3086 2632 3142 illius
2655 3104 2826 3158 porro
2841 3089 3014 3145 modo
3042 3093 3368 3146 memorata
3394 3093 3764 3161 paupertate,

2103 3173 2152 3228 si
2186 3191 2312 3246 quae
2371 3176 2596 3232 audivit
2623 3193 2694 3233 ex
2746 3176 2875 3248 ipso
2930 3179 3208 3250 quondan
3270 3193 3531 3250 praesens
3581 3179 3762 3250 hujus

2107 3263 2363 3320 historia)
2404 3265 2671 3337 scriptor,
2706 3266 2800 3322 hic
2844 3283 2949 3339 pro
3003 3267 3342 3324 testimonio
3373 3267 3607 3338 dixerit,
3639 3285 3757 3324 non

335 3363 550 3414 testem
584 3334 1262 3429 allegavithatriarchze
1292 3355 1548 3412 Manueli
1577 3363 1777 3411 sancte
1833 3355 1994 3411 attir-
2026 3334 2068 3402 C
2107 3369 2250 3408 sane
2281 3334 2617 3411 veretur—ne
2648 3334 3006 3428 coarguatur
3037 3358 3310 3426 mendax,
3343 3373 3488 3413 neve
3526 3334 3636 3413 hoc
3670 3357 3763 3412 illi

334 3465 510 3505 mane
541 3447 693 3503 nihil
725 3463 968 3519 prorsus
998 3461 1067 3501 ex
1097 3446 1171 3502 iis
1203 3463 1330 3517 qua:
1358 3446 1494 3501 data
1526 3447 1778 3514 fuerant,
1811 3462 1841 3502 e
1871 3444 1993 3502 the-

335 3538 532 3595 sauris
559 3535 894 3609 reipublicae
915 3537 1354 3608 depromptum,
1369 3536 1469 3591 sed
1487 3551 1556 3590 ex
1573 3535 1800 3607 privata
1838 3551 1991 3608 penu

335 3633 394 3686 et
425 3643 494 3682 ex
528 3626 712 3700 partis
743 3643 810 3682 ac
858 3624 1120 3683 collectis
1165 3624 1404 3697 propria
1433 3624 1728 3681 industria
1759 3642 1826 3681 ac
1856 3643 1992 3696 pro-

332 3716 618 3781 videntia,
670 3715 996 3770 exercenda
1048 3713 1272 3769 scilicet
1318 3729 1422 3785 per
1446 3729 1666 3786 gnavos
1691 3718 1748 3769 et
1813 3729 1992 3786 expe—

333 3802 552 3860 rientes
571 3802 808 3860 colonos
835 3819 1111 3874 agrorum
1137 3802 1794 3876 cultura,gregibusque
1817 3807 1996 3874 atque

331 3893 617 3949 armentis
649 3908 753 3965 per
783 3892 1026 3949 idoneos
1075 3893 1348 3949 homines
1402 3893 1702 3951 curandis.
1761 3893 1857 3950 Sic
1907 3892 1992 3948 illi

329 3981 434 4038 Dei
475 3985 763 4050 amantes,
806 3981 891 4038 sic
923 3982 1147 4055 pariter
1171 3981 1254 4038 rei
1285 3982 1563 4040 Romanae
1603 3981 1901 4038 studiosos
1933 3998 1995 4039 se

333 4071 769 4128 monstrabant.

327 4180 422 4235 25.
462 4181 526 4236 Ut
552 4195 798 4249 magnus
827 4179 946 4235 dux
976 4179 1085 4235 levi
1145 4179 1489 4236 delibatione
1527 4179 1699 4248 regia
1750 4178 1994 4250 pecuniae

500 4251 788 4307 hominum
816 4251 928 4307 sibi
959 4252 1391 4308 benevolentiam
1420 4251 1830 4309 conciliaverit.

401 4341 706 4412 Hocporro
721 4341 792 4396 de
813 4357 928 4413 quo
942 4340 1261 4398 scribimus
1287 4349 1546 4414 tempore
1577 4358 1711 4396 cum
1740 4355 1992 4413 magnus

327 4431 486 4502 apud
537 4429 899 4502 Magnesiam
953 4429 1203 4501 publicae
1234 4432 1495 4502 pecuniae
1527 4445 1808 4486 numerus
1837 4435 1994 4486 esset

325 4521 658 4592 depositus,
729 4536 844 4575 non
894 4524 1018 4576 erat
1067 4519 1234 4576 facile
1283 4537 1494 4593 magno
1526 4520 1663 4576 duci
1696 4525 1752 4576 et
1807 4521 1990 4576 tutori

323 4609 616 4682 principis
647 4609 786 4665 inde
821 4607 1043 4682 aliquid
1079 4625 1317 4665 sumere
1346 4612 1712 4683 erogandum
1746 4609 1806 4664 in
1841 4625 1986 4681 quos

2107 3443 2277 3499 cedat
2325 3443 2383 3498 in
2443 3445 2698 3501 dedecus
2758 3446 2913 3517 quod
2973 3445 3337 3520 Palaaologus
3396 3445 3594 3518 gloriae
3651 3447 3766 3502 sibi

2107 3532 2226 3588 fore
2257 3537 2576 3590 autumans
2609 3535 2680 3590 de
2712 3551 2774 3590 se
2797 3536 3091 3605 jactabat,
3153 3541 3464 3592 ostentans
3496 3552 3761 3608 pauper-

2106 3625 2288 3678 tatem
2322 3639 2492 3678 suam
2521 3639 2665 3680 sane
2695 3628 2924 3680 tantam
2959 3629 3026 3681 ut
3055 3625 3377 3681 afﬁrmaret
3407 3624 3584 3682 etiam
3636 3627 3764 3696 jam

2109 3711 2206 3767 12
2260 3711 2555 3782 imperans
2615 3714 2926 3771 domestici
2986 3715 3094 3770 sibi
3151 3719 3293 3787 quot
3349 3715 3558 3771 diebus
3619 3731 3764 3772 usus

2114 3815 2320 3856 omnes
2344 3817 2632 3873 expensas
2663 3803 2856 3859 tribus
2890 3803 3031 3860 solis
3080 3804 3348 3860 nummis
3390 3807 3760 3861 constare.Et

2110 3889 2220 3945 hoc
2247 3891 2638 3961 jurejurando
2671 3894 3063 3965 confirmavit,
3112 3910 3247 3950 cum
3278 3895 3338 3949 in
3373 3895 3632 3966 quadam
3663 3894 3765 3951 lite

2105 3979 2309 4034 fratris
2361 3995 2479 4034 suae
2531 3996 2736 4037 socrus
2767 3981 2995 4053 Angeli,
3051 3999 3228 4054 quem
3279 3983 3407 4054 ipse
3463 3983 3764 4055 imperans

2106 4085 2388 4140 magnum
2421 4068 2823 4140 primicerium
2852 4071 3090 4141 creavit,
3125 4073 3198 4127 de
3227 4072 3364 4127 dote
3395 4088 3516 4127 sua:
3567 4072 3763 4144 neptis

2096 4157 2325 4229 judicio
2379 4158 2685 4228 certantis,
2748 4163 2986 4229 rogatus
3018 4159 3076 4214 in
3113 4159 3520 4216 testimonium
3550 4161 3759 4218 adesse

2104 4251 2379 4320 gravatus
2411 4264 2527 4303 non
2563 4247 2796 4316 fuisset,
2827 4264 2894 4304 ea
2925 4265 3053 4319 quae
3073 4249 3336 4305 diximus
3361 4249 3621 4321 proferre
3643 4255 3760 4307 Deo

2101 4337 2159 4391 in
2195 4341 2402 4394 testem
2434 4341 2659 4394 vocato.
2693 4339 2858 4394 Tunc
2890 4338 3074 4411 igitur
3123 4337 3365 4407 multos,
3427 4339 3755 4411 praesertim

2099 4439 2310 4497 genere
2343 4427 2592 4497 nobiles,
2625 4427 2801 4482 variis
2835 4427 2906 4483 ad
2936 4427 2995 4482 id
3029 4427 3286 4499 quaesitis
3319 4427 3754 4501 ’praatextibus,

2098 4523 2154 4571 et
2186 4515 2528 4587 plausibiles
2557 4516 2619 4572 in
2655 4517 2910 4588 speciem
2944 4518 3314 4588 praetendens
3340 4535 3549 4575 causas
3569 4519 3758 4574 dona-

2097 4605 2258 4675 tivis,
2291 4621 2322 4660 e
2356 4605 2590 4677 publico
2622 4607 2849 4663 curavit
2906 4606 3208 4676 honorari,
3241 4607 3369 4678 ipse
3421 4607 3657 4663 interim
3691 4608 3754 4662 in

325 4699 544 4754 vellet:
606 4697 881 4754 obstabat
931 4698 1090 4753 enim
1161 4697 1458 4754 Celtarum
1518 4699 1986 4769 securigerorum
2018 4709 2064 4774 Ι)
2097 4698 2355 4767 egestate
2387 4695 2666 4751 familiari
2716 4712 3070 4768 permanens
3103 4696 3374 4766 superior
3431 4695 3756 4767 cupiditate

328 4787 730 4845 enexorabilis
783 4787 834 4844 ei
884 4786 1164 4844 thesauro
1196 4787 1477 4859 imposita
1506 4788 1791 4857 custodia,
1827 4787 1984 4844 haud

321 4878 529 4935 sinens
580 4877 720 4932 inde
768 4876 938 4931 aliter
989 4892 1169 4948 quam
1229 4877 1459 4932 cunctis
1518 4875 1901 4948 praesentibus
1934 4881 1992 4933 et

321 4983 526 5025 coram
557 4965 929 5021 intuentibus
961 4965 1293 5038 dispensari
1337 4967 1682 5038 quidquam.
1737 4964 1989 5022 Jubebat

321 5063 529 5113 tamen
562 5072 677 5111 non
711 5072 842 5111 raro
866 5055 1225 5127 quibusdam
1258 5054 1396 5111 inde
1426 5055 1632 5112 donari
1663 5053 1822 5110 haud
1884 5071 1988 5110 ne-

322 5145 606 5203 cessariis
637 5146 708 5200 de
735 5145 937 5202 causis
969 5169 981 5212 ;
1014 5161 1142 5215 quae
1173 5144 1512 5217 benignitas
1544 5145 1630 5200 illi
1661 5143 1833 5216 quasi
1856 5144 1985 5199 fun-

322 5238 676 5293 damentum
740 5233 853 5289 fuit
905 5234 1209 5306 popularis
1257 5234 1315 5289 in
1349 5251 1484 5290 eum
1543 5232 1983 5290 benevolentiae.

319 5329 614 5383 Gestarum
676 5323 726 5379 si
783 5322 916 5394 quis
974 5339 1040 5378 eo
1098 5323 1337 5379 nomine
1371 5325 1440 5379 de
1471 5324 1600 5395 ipso
1642 5326 1988 5394 quereretur

323 5415 498 5488 quasi
515 5430 630 5469 non
658 5412 804 5468 satis
821 5427 1020 5468 severo
1040 5413 1288 5485 publica;
1304 5412 1563 5484 pecuniae
1587 5413 1907 5478 custode,ei
1925 5429 1986 5467 sc

324 5503 859 5578 purgabatnegans
885 5501 945 5556 in
972 5502 1240 5574 proprios
1262 5519 1324 5558 se
1347 5519 1491 5559 usus
1512 5501 1986 5573 quidquaminde

327 5609 586 5661 sumere;
614 5593 674 5647 in
697 5592 870 5662 cujus
895 5591 973 5647 rei
996 5592 1166 5647 fidem
1194 5609 1361 5648 suam
1385 5593 1768 5648 domesticam
1789 5595 1983 5648 osten-

326 5686 506 5741 debat
537 5685 961 5754 paupertatem.
997 5685 1213 5738 Tamen
1256 5683 1520 5754 qumsitis
1575 5681 1984 5738 occasionibus

328 5773 650 5832 identidem
685 5771 1038 5844 procurabat
1069 5774 1130 5827 ut
1163 5773 1404 5842 quidam
1437 5773 1575 5828 inde
1627 5771 1983 5843 acciperent,

2098 4801 2398 4856 purasque
2427 4785 2585 4839 omni
2610 4801 2783 4841 avaro
2816 4789 3086 4841 contactu
3119 4800 3334 4839 manus
3367 4801 3633 4840 servan.

2153 4937 2246 4991 26.
2285 4937 2348 4995 Ut
2374 4936 2680 4994 venientem
2709 4937 2782 4992 ad
2812 4953 2868 4993 se
2897 4935 3280 5009 patriarcham
3305 4935 3420 4991 dux
3467 4951 3700 5006 magna:

2487 5025 2704 5064 summa
2735 5009 3064 5066 demissione
3093 5009 3385 5079 exceperit.

2170 5142 2412 5199 Interim
2446 5142 2781 5214 patriarcha
2812 5159 2948 5199 cum
3009 5142 3214 5199 electis
3241 5159 3310 5198 ex
3367 5141 3520 5199 clero
3547 5147 3605 5199 et
3663 5161 3756 5200 ar-

2096 5231 2490 5303 chiepiscopis
2553 5232 2872 5288 adventare
2920 5233 3326 5300 audiebatur;
3363 5234 3519 5306 quod
3580 5232 3760 5289 simul

2095 5321 2463 5392 Palmologus
2495 5321 2785 5392 cognovit,
2845 5325 2979 5377 ante
3010 5338 3216 5378 omnes
3249 5323 3376 5394 ipse
3408 5323 3757 5395 longissime

2097 5410 2385 5481 processit
2415 5411 2669 5474 obviam,
2703 5409 2849 5466 nihil
2883 5411 2954 5465 ad
2997 5427 3295 5467 summam
3323 5417 3450 5468 tum
3477 5429 3616 5486 erga
3647 5429 3753 5484 pa-

2093 5497 2413 5554 triarcham
2444 5504 2569 5554 tum
2602 5515 2741 5571 erga
2770 5516 3005 5554 sacrum
3062 5499 3374 5571 collegium
3431 5501 3753 5559 veneratio-

2096 5604 2228 5643 nem
2271 5585 2383 5642 sibi
2416 5586 2628 5657 reliqui
2663 5588 2906 5655 faciens,
2939 5588 3155 5660 quippe
3187 5589 3286 5660 qui
3309 5589 3748 5660 pedibusince-

2095 5679 2262 5741 dens,
2295 5676 2576 5748 cerreptis
2607 5693 2786 5733 manu
2829 5677 2972 5732 muli
3018 5695 3133 5748 quo
3191 5678 3526 5750 patriarcha
3583 5681 3749 5737 vehe-

2095 5767 2268 5824 batur
2299 5766 2566 5834 habenis,
2598 5782 2735 5824 cum
2767 5785 2956 5839 usque
2987 5767 3142 5825 intro
3175 5767 3463 5839 palatium
3519 5769 3748 5840 regium
