4090 6434
328 401 439 457 507

1639 394 1945 453 GEORGII
1982 392 2448 450 PACHYMERE

3644 391 3755 448 508

317 546 378 582 τε
411 519 648 601 βαδίζων
680 517 771 573 καὶ
801 518 893 573 τάν
920 522 1019 587 τῆς
1060 516 1299 590 ¹ἡμιόνου
1344 519 1442 571 τοῦ
1488 515 1648 591 ίερως
1699 513 1972 590 χαλινοὺς
2004 516 2060 583 Α
2088 515 2189 584 τήν
2240 512 2457 571 ἐκείνων
2512 514 2893 572 ὑποποιεῖσθαι
2945 513 3179 573 εὔνοιαν.
3219 518 3286 574 Ὃ
3331 515 3420 572 καὶ
3464 514 3753 590 γινόμενον

325 616 599 689 κατέχων,
630 609 731 671 ἐως
761 608 848 663 καὶ
902 603 1076 662 αὸτῶν
1125 604 1275 668 ἐντὸς
1324 609 1433 660 τῶν
1482 605 1792 680 ἀνακτόρων
1848 624 1984 680 προ-

328 703 639 780 ηγούμενος
693 702 962 768 καθιστᾷ.
1009 695 1107 750 Καὶ
1154 692 1221 763 δὴ
1274 696 1479 765 σκηνήν
1533 695 1627 768 μὲν
1693 691 1984 769 βασιλικὴν

327 793 537 851 ἐκείνου
569 789 730 867 χάριν
786 787 1083 856 ὑποστῆναι
1128 783 1362 855 κελεύει,
1414 785 1528 858 ἅμα
1579 785 1673 857 μὲν
1706 784 1796 839 καὶ
1853 783 1989 839 κατᾶ

326 886 426 953 τήν
463 882 540 945 εἷς
563 880 765 935 ἐκεῖνον
808 878 1002 951 τιμὴν,
1051 876 1372 950 ὑποτρέχων
1422 874 1475 929 ἐν
1525 878 1655 929 πᾶσι
1694 872 1783 928 καὶ
1830 884 1987 948 θερα-

330 973 541 1040 πούων,
575 970 690 1043 ἅμα
720 967 894 1023 δὲκαὶ
946 965 998 1028 ἐς
1039 965 1310 1043 πρόφασιν
1358 963 1648 1039 ἀναγκοίαν
1696 961 1793 1019 τοῦ
1841 959 1987 1037 ἔχειν

339 1063 400 1118 ἐκ
439 1065 535 1116 τοῦ
596 1059 794 1136 ῥᾴστου
852 1055 1173 1126 πλησιάξειν
1234 1060 1313 1126 τῷ
1374 1053 1589 1129 βασιλεῖ
1643 1057 1740 1107 τοῦ
1796 1055 1990 1127 καιροῦ

339 1150 586 1212 διδόντος
609 1147 768 1203 αὐτὸν
801 1145 1004 1201 ἐκεῖνον
1053 1146 1116 1217 [Ρ
1153 1146 1249 1216 45]
1296 1144 1386 1198 τὸν
1437 1144 1788 1219 πατριάρχην
1823 1140 1991 1216 μηδε.

339 1247 464 1316 μιᾶς
508 1238 654 1314 ὥρας
706 1240 808 1292 τοῦ
856 1238 1180 1311 κρατοῦντος
1237 1231 1735 1305 ἀπολιμπάνεσθαι.
1788 1239 1993 1308 Συγκε-

337 1331 587 1406 χωρήκει
620 1326 679 1382 δέ
709 1326 761 1381 οἱ
793 1325 1043 1397 ἆσμένως
1076 1326 1251 1377 πάντα
1281 1323 1355 1383 ὡς
1409 1322 1511 1376 οὐκ
1540 1317 1729 1379 ἄλλως
1776 1320 1995 1394 ἐπιτροο

334 1418 593 1490 πεύσων,
651 1415 697 1471 εἰ
762 1415 838 1489 μή
900 1411 1060 1474 αὐτός
1129 1432 1191 1487 γε
1248 1410 1465 1466 κελεύοι
1526 1412 1616 1466 καὶ
1662 1410 1899 1466 ἐπινεόοι
1956 1414 1992 1481 ἡ

336 1506 586 1570 σὸνοδος.
616 1508 775 1569 ’Ὁθεν
807 1500 896 1557 καὶ
928 1503 1104 1579 φέρων
1142 1500 1235 1574 μὶν
1262 1500 1354 1554 τὸν
1385 1500 1502 1555 νέον
1555 1498 1633 1563 εἷς
1681 1506 1874 1577 χεῖρας
1917 1506 1997 1572 τῷ

336 1597 658 1673 πατριάρχῃ
690 1596 927 1647 ποιεῖται
961 1589 1104 1645 οὕτω
1148 1589 1237 1644 καὶ
1284 1594 1404 1654 τοῖς
1451 1586 1648 1652 ἄλλοις
1685 1590 1865 1663 μέσον,
1897 1597 1998 1660 τῆς

344 1684 554 1762 βουλῆς
605 1681 650 1738 δ’
682 1680 882 1737 ἐκείνου
931 1677 1122 1753 ἐξαρτᾷ
1166 1679 1234 1733 τὰ
1277 1678 1541 1755 παρόντα,
1593 1678 1683 1733 καὶ
1721 1677 1997 1743 πολλάκις

349 1774 466 1851 ἄγει
494 1774 585 1830 καὶ
618 1770 854 1827 δείκνυσι
899 1770 967 1825 τά
1007 1767 1296 1843 κειμήλια,
1346 1766 1646 1841 σιωπηλῶς
1693 1770 1793 1839 τὴν
1854 1768 1999 1840 ἐξου.

338 1864 453 1920 σίαν
513 1861 788 1940 ἐμφαίνων
864 1859 1178 1932 ἐξημμένην
1237 1856 1441 1913 ἐκείνου
1494 1857 1582 1912 καὶ
1646 1857 1853 1931 μόνου,
1897 1857 1991 1913 κᾶν

337 1952 498 2016 αὐτὸς
530 1950 771 2022 κελεύοι,
814 1949 1012 2004 ἐκεῖθεν
1062 1946 1188 2010 τοὺς
1242 1944 1446 2010 ἄλλους
1494 1944 1730 2018 ἕξοντας.
1781 1949 1881 2004 Ἧν
1937 1945 1995 2002 δὲ

337 2041 443 2118 ἄρα
474 2043 526 2097 οἱ
555 2041 618 2097 τὸ
664 2041 828 2118 σοφὸν
879 2036 1065 2110 ἐκείνῳ
1112 2037 1206 2110 μὲν
1259 2034 1524 2093 ἐνδιδόναι
1570 2041 1680 2091 τῶν
1729 2036 1875 2092 ὅλων
1907 2036 1997 2112 ἄρ-

340 2153 484 2208 χειν,
525 2130 683 2186 αὐτὸν
720 2127 767 2184 δ’
820 2128 1260 2200 ὑποποιούμενον
1309 2126 1403 2181 τὸν
1445 2125 1743 2202 ἐξάρχοντα
1782 2122 1996 2200 λαμϐά-

335 2242 445 2278 νειν
480 2220 594 2276 οἶόν
624 2220 673 2274 τ’
719 2219 853 2273 εἶναι
895 2218 970 2279 ὡς
1027 2215 1109 2271 ἐπ’
1165 2215 1477 2293 ἀναγκαίοις
1531 2215 1853 2291 παρέξοντα·
1907 2216 1998 2271 καὶ

336 2309 455 2367 ἐπεὶ
516 2308 725 2384 ἀνάγκη
759 2308 827 2376 ἧν
879 2306 940 2361 ἐκ
994 2310 1103 2361 τῶν
1163 2309 1357 2360 κοινῶν
1405 2309 1522 2367 τοῖς
1582 2305 1707 2380 περὶ
1763 2306 1854 2360 τὸν
1900 2327 1997 2361 πα-

336 2399 608 2477 τριάργην
644 2399 1077 2470 οἰκονομεῖσθαι,
1116 2397 1207 2451 καὶ
1243 2394 1457 2469 μᾶλλον
1500 2400 1618 2457 τοῖς
1662 2395 1996 2472 ἀρχιερεῦσι,

334 2490 402 2546 τὰ
429 2486 734 2561 ἐπιτήδεια,
789 2486 950 2549 αὐτὸς
1012 2480 1308 2560 λαμϐάνων
1369 2481 1572 2558 ἐδίδου,
1611 2484 1702 2539 καὶ
1729 2505 1995 2560 προσεπε-

340 2577 692 2657 φιλοτιμεῒτο
720 2575 789 2632 τά
816 2575 1064 2646 πλειονα,
1109 2574 1172 2630 τὸ
1224 2575 1319 2647 μὶν
1368 2572 1652 2651 πρόδηλον
1704 2573 1787 2629 ἐπ’
1836 2574 1998 2649 ἀναγο

337 2668 523 2732 καίαις
562 2672 682 2730 ταῖς
736 2667 1062 2745 προφάσεσι,
1091 2665 1155 2722 τὸ
1207 2662 1265 2720 δέ
1294 2685 1356 2741 γε
1385 2662 1827 2739 σπουδαζόμενον
1870 2666 1997 2739 παρ’

338 2758 547 2817 ἐκεῖνοι)
599 2761 782 2834 σοφῶν
833 2753 1157 2835 ὀφθαλμοὺς
1206 2752 1602 2832 ἐκτυφλώττειν
1655 2752 1853 2829 δώροις
1904 2754 1998 2810 καὶ

344 2977 597 3051 prasiens
628 2975 882 3042 duxerit,
912 2976 1042 3030 tum
1074 2973 1157 3028 ibi
1199 2972 1549 3047 Augustalis
1579 2972 1889 3045 fastigium
1935 2973 1997 3029 in

343 3069 471 3139 ejus
502 3064 757 3139 gratiam
788 3063 1011 3119 dimitti
1035 3063 1306 3134 jusserit,
1349 3060 1530 3119 simul
1587 3062 1862 3119 discursu
1895 3079 1997 3135 por

342 3170 473 3215 sese
502 3155 562 3211 in
597 3170 831 3211 omnem
864 3155 1092 3225 partem
1125 3151 1375 3209 sollicito
1406 3155 1683 3224 satagens
1709 3151 1769 3207 in
1810 3153 2002 3208 omni-

343 3248 457 3304 bus
479 3261 608 3317 quae
640 3245 709 3301 ad
744 3242 1029 3300 honorem
1064 3241 1358 3299 faciebant
1389 3241 1649 3299 antistiis
1671 3244 2002 3315 praesentis,

343 3335 523 3394 simul
553 3335 732 3391 etiam
784 3332 1117 3390 necessario
1173 3333 1425 3404 fungens
1481 3331 1762 3404 obsequio
1816 3333 2001 3387 turbzs

345 3424 784 3496 submovendas,
819 3439 892 3479 ne
923 3422 1066 3493 quid
1098 3421 1360 3478 obstaret
1391 3419 1714 3493 quominus
1736 3419 1907 3477 facile
1928 3422 2001 3476 ad

343 3518 681 3587 Augustum
710 3512 1021 3569 accederet
1051 3509 1392 3584 patriarcha
1422 3510 1481 3565 in
1517 3510 1648 3582 ipso
1703 3515 2002 3566 momento

345 3602 727 3663 admissionis
753 3618 821 3658 ac
852 3600 1015 3657 nullo
1046 3599 1257 3656 deinde
1284 3603 1548 3672 tempore
1567 3599 1640 3655 ab
1661 3615 1728 3656 eo
1762 3601 1859 3655 73
1882 3600 2000 3655 dis-

338 3696 715 3767 jungeretur.
771 3690 903 3747 Jam
963 3706 1080 3763 prae
1148 3705 1212 3745 se
1270 3690 1495 3746 ferebat
1550 3689 1891 3761 permittere
1939 3706 2002 3746 se

346 3799 590 3857 prorsus
656 3780 897 3838 arbitrio
975 3778 1321 3852 patriarchas
1379 3779 1721 3836 electionem
1804 3796 1998 3848 suam,

348 3888 542 3944 neque
571 3869 742 3928 aliter
770 3886 948 3943 quam
973 3868 1102 3941 ipso
1124 3868 1364 3939 iubente
1381 3872 1440 3924 et
1464 3875 1761 3926 annuente
1779 3869 2002 3941 synodo

348 3962 564 4019 tutoris
593 3959 853 4017 ofﬁcium
889 3959 1251 4015 subiturum.
1303 3959 1467 4024 Quod
1507 3964 1573 4014 ut
1622 3958 2001 4033 significaret,

351 4053 707 4126 productum
758 4065 1007 4122 puerum
1056 4048 1385 4121 principem
1441 4048 1625 4104 tradit
1666 4049 1727 4105 in
1791 4064 2004 4104 manus

345 4140 715 4216 patriarchae,
747 4139 1010 4195 medium
1040 4137 1196 4194 inter
1252 4136 1687 4194 ecclesiasticos
1730 4153 2001 4209 proceres

349 4232 783 4290 circumdantes
816 4228 1101 4300 undique,
1130 4226 1297 4299 quasi
1329 4243 1399 4282 ex
1427 4227 1557 4298 ejus
1600 4232 1658 4283 et
1688 4226 1839 4284 sacri
1888 4225 2005 4283 col-

349 4321 489 4395 legii
514 4318 813 4378 sententia
870 4322 928 4373 et
965 4320 1128 4372 nutu
1162 4317 1415 4387 pendere
1468 4314 1641 4372 unice
1697 4317 1999 4388 negotium

350 4409 735 4484 promotionis
767 4422 890 4463 suae
909 4406 1130 4463 volens.
1164 4405 1631 4468 Quameamdem
1654 4404 1715 4461 in
1747 4406 2001 4478 speciem

347 4516 500 4572 saepe
513 4498 875 4571 producebat
898 4495 1354 4565 ostentabatque
1380 4493 1635 4567 insignia
1656 4495 1861 4554 delatae
1886 4496 1997 4553 sibi

352 4587 685 4663 potestatis,
716 4587 803 4644 sic
832 4584 1008 4642 tacite
1036 4585 1307 4640 indicans
1337 4601 1652 4656 agnoscere
1683 4602 1745 4643 se
1791 4603 1997 4658 prove-

351 4679 604 4737 ctionem
635 4676 729 4734 sui
789 4677 850 4732 in
880 4691 1010 4732 eam
1041 4673 1391 4747 dignitatem
1424 4689 1492 4730 ex
1509 4674 1633 4732 solo
1652 4675 1998 4748 patriarchae

351 4773 500 4827 nutu
526 4767 873 4839 judicioque
904 4781 1280 4838 suspensam,
1313 4764 1396 4822 ita
1423 4769 1509 4832 ut,
1542 4764 1863 4837 sijuberet,
1896 4766 1998 4823 alii

351 4876 487 4919 eum
518 4858 825 4915 haberent.
858 4855 922 4911 Id
951 4870 1085 4911 vero
1115 4854 1213 4910 ille
1268 4854 1569 4927 sapienter
1614 4855 1856 4913 omnino
1915 4856 1999 4913 sic

354 4948 584 5023 agebat,
615 4951 808 5005 totum
839 4946 921 5003 rei
951 4944 1266 5003 arbitrium
1311 4944 1658 5018 patriarchae
1705 4947 1996 5017 deferens,

353 5055 461 5096 nec
520 5036 635 5093 sibi
693 5036 841 5093 alias
873 5052 1050 5108 quam
1082 5034 1523 5107 obtemperandi
1566 5039 1761 5107 patres
1818 5035 1996 5092 relin-

354 5144 565 5200 quens,
596 5126 650 5182 si
674 5143 707 5183 e
730 5143 794 5182 re
823 5125 1060 5199 publica
1090 5129 1355 5182 censeret
1385 5125 1680 5197 praeﬁcere
1711 5142 1774 5181 se
1806 5126 1997 5183 tutelae

352 5216 658 5291 principis,
685 5220 743 5272 et
772 5215 833 5270 in
863 5230 997 5271 eum
1030 5212 1226 5270 locum
1250 5214 1641 5270 conscendere
1655 5215 1845 5285 jussis
1871 5217 1998 5273 suis

350 5308 602 5378 cogeret.
635 5304 701 5359 Et
744 5303 1024 5375 quoniam
1055 5302 1417 5374 suppeditari
1449 5302 1639 5359 victus
1679 5320 1710 5359 e
1761 5304 1997 5377 publico

367 5395 620 5452 debebat
651 5392 998 5463 patriarchae
1013 5409 1079 5447 ac
1096 5391 1490 5448 familiaribus
1504 5393 1656 5463 ejus,
1676 5396 1997 5466 praesertim

349 5481 834 5557 archiepiscOpis,
866 5482 925 5538 id
957 5497 1139 5538 manu
1171 5481 1299 5553 ipse
1329 5499 1437 5539 sua
1468 5482 1725 5540 faciebat
1747 5483 1910 5557 large
1933 5500 2001 5543 ac

354 5575 527 5647 plane
556 5572 859 5641 muniﬁce,
889 5572 950 5629 in
1003 5572 1260 5644 speciem
1293 5572 1530 5643 quidem
1580 5589 1703 5628 rem
1748 5590 1817 5629 ex
1845 5591 2000 5631 more

353 5662 611 5719 debitam
640 5662 915 5734 reddens,
949 5677 1165 5719 arcana
1196 5677 1332 5717 vero
1381 5662 1781 5720 destinatione
1819 5664 2000 5720 animi

354 5752 720 5811 occasionem
766 5768 894 5811 eam
942 5756 1189 5825 captans
1266 5751 1592 5807 excaecandi
1660 5753 2000 5824 sapientum

2094 605 2212 668 καθ’
2245 602 2473 675 ἐκάστην
2504 604 2679 681 ῥοπὴν
2713 606 2991 680 εὐμενείας
3032 606 3265 663 ἐνεποίει
3319 605 3576 680 μεγίστην
3626 606 3752 680 παρ’

2095 693 2313 749 ἐκείνων
2349 695 2523 768 ἑαυτῷ
2555 693 2782 770 διδόντι,
2814 696 2906 752 καὶ
2946 699 3014 752 τὰ
3041 703 3139 766 τῆς
3185 698 3323 770 πρὸς
3372 690 3593 752 ἕκαστον
3626 694 3758 751 ἐκεί-

2095 805 2201 839 νων
2232 792 2401 857 τιμῆς
2424 806 2482 840 τε
2511 785 2602 840 καὶ
2627 785 2976 862 ὑροπιώσεως
3026 787 3162 856 ἦσαν
3209 788 3284 849 ὡς
3337 784 3523 862 ὀλίγον
3555 784 3619 840 τὸ
3665 806 3760 859 με·

2094 872 2223 944 ταξὺ
2257 872 2491 939 διελθεῖν
2524 875 2616 931 καὶ
2662 875 2866 950 πάντας
2910 871 3059 951 ἔχειν
3117 876 3354 939 ἐκείνους
3415 874 3476 930 ἐκ
3523 878 3631 931 τῶν
3666 874 3755 951 ῥι-

2096 968 2205 1018 νῶν
2236 964 2326 1018 καὶ
2358 961 2506 1039 ἄγειν
2541 962 2795 1021 δύνασθαι
2842 966 2951 1035 δπη
2989 964 3269 1040 βούλοιτο.
3321 961 3461 1023 Οὐδὲ
3509 964 3613 1040 γὰρ
3663 964 3757 1036 ἦν,

2099 1053 2199 1109 οὐκ
2217 1054 2284 1123 ἦν
2315 1053 2532 1109 ἐκείνων
2568 1053 2713 1117 ὅστις
2759 1054 2827 1111 οὐ
2887 1052 2958 1110 δι’
3007 1054 3259 1133 εὐφήμου
3289 1058 3519 1129 μνήμης
3550 1052 3759 1109 ἐκεῖνον

2104 1145 2179 1217 μὴ
2213 1142 2452 1218 παρόντα
2482 1140 2570 1197 ἐπὶ
2617 1148 2714 1198 τοῦ
2763 1149 2949 1199 κοινοῦ
2997 1141 3276 1220 συνεδρίου
3328 1141 3525 1216 ἐποίει,
3555 1142 3647 1198 καὶ
3697 1144 3758 1205 ’ὸς

2102 1232 2202 1288 οὐκ
2226 1231 2380 1302 ἠξίου
2414 1233 2545 1309 ὑπὲρ
2578 1234 2704 1295 τοὺς
2736 1231 2941 1295 ἄλλους
2979 1232 3070 1288 τὸν
3119 1231 3501 1305 Παλαιολόγον
3550 1229 3640 1287 ἐπὶ
3678 1231 3760 1286 τῶ

2100 1326 2299 1376 κοινῶν
2334 1321 2469 1377 εἶναι
2520 1322 2934 1394 κατασταθέντα,
2983 1321 3130 1391 πλὴν
3190 1322 3280 1377 καὶ
3336 1320 3424 1377 ἐπὶ
3481 1318 3761 1395 μεγίσταις

2104 1409 2275 1482 ἀξίαις
2331 1411 2423 1467 καὶ
2484 1411 2946 1488 βασιλεωπάτορα
2996 1411 3418 1490 φημιζόμενον.
3478 1413 3664 1467 Ταῦτα
3712 1407 3760 1465 δ’

2103 1502 2237 1571 ἦσαν
2285 1501 2342 1555 αἱ
2389 1502 2694 1577 νυκτεριναὶ
2751 1501 2889 1576 πρὸς
2939 1500 3176 1566 ἐκείνους
3219 1503 3455 1576 πεμψεις
3502 1497 3593 1555 καὶ
3639 1498 3762 1554 σκέ-

2104 1593 2222 1665 ψεις
2250 1589 2341 1645 καὶ
2370 1591 2507 1665 πρὸς
2556 1591 2618 1646 τὸ
2668 1588 2872 1664 μέλλον
2928 1590 3252 1669 ὑπλσχέσεις
3303 1590 3580 1666 μεγίσταις
3631 1610 3762 1664 συγ-

2104 1682 2418 1754 κροτήσεσι.

2105 1798 2217 1867 κζ’.
2283 1798 2485 1888 ,Ὅπως
2562 1794 3081 1888 κατκεδημςαγώγουνῇ
3113 1795 3268 1887 ’τοὺς
3342 1794 3633 1888 πλείστορς
3705 1796 3759 1888 οἱ

2175 1870 2300 1943 περὶ
2347 1873 2447 1946 τοῦ
2508 1865 3004 1944 μεγάλου-’δόυκὸς
3060 1867 3352 1946 λέγοντες,
3419 1868 3510 1924 καὶ
3563 1865 3763 1924 δεσπό-

2174 1941 2275 2011 της
2302 1941 2514 2016 γέγονε.

2175 2042 2270 2112 Τῷ
2292 2039 2394 2115 γὰρ
2456 2037 2684 2112 ὑπούλῳ
2740 2046 2839 2110 τῆς
2908 2040 3137 2115 γνώμης
3208 2039 3300 2095 καὶ
3357 2043 3434 2111 τῷ
3462 2043 3573 2094 τῶν
3629 2040 3759 2113 τρό-

2106 2150 2223 2184 πων
2267 2130 2589 2201 Οωπευτικῷ
2634 2127 2806 2192 οὕτως
2859 2127 3102 2184 ἑάλωσαν
3152 2130 3374 2198 πάντες,
3431 2128 3506 2190 ὡς
3556 2125 3760 2197 ἐκκλη-

2109 2218 2226 2281 σίας
2265 2218 2566 2295 γενομένης
2627 2218 2709 2297 ἐφ’
2767 2220 2811 2291 ᾧ
2868 2218 2996 2282 τοὺς
3054 2220 3319 2294 ἱεράρχας
3375 2217 3588 2291 σύναμα
3639 2223 3757 2281 τοῖς

2107 2308 2160 2365 ἐν
2191 2307 2338 2364 τέλει
2397 2307 2522 2382 τερὶ
2580 2315 2679 2377 τῆς
2729 2307 2911 2383 ἀρχῆς
2966 2307 3284 2373 σκέπτεσθαι
3322 2306 3383 2381 [Ρ
3443 2308 3533 2383 44]
3568 2351 3582 2377 ,
3614 2307 3759 2363 καὶὸ

2107 2399 2297 2471 καιρὸς
2351 2397 2531 2469 ἐζήτει
2585 2397 2677 2453 τὸν
2735 2418 2825 2460 τςν
2884 2398 3224 2473 πραγμάτων
3285 2396 3712 2474 ἀφηγησόμενον
3745 2440 3759 2467 ,

2105 2489 2234 2552 τοὺς
2261 2491 2359 2542 τοῦ
2402 2487 2552 2562 ἱεροῦ
2602 2484 2915 2562 καταλόγου
2966 2488 3171 2549 πάντας
3225 2486 3359 2562 ὑπὲρ
3410 2485 3616 2541 ἐκείνου
3667 2485 3761 2542 λέ-

2106 2597 2216 2651 γειν
2248 2574 2338 2631 καὶ
2373 2577 2450 2649 μὴ
2483 2574 2804 2649 λαλοῦντος,
2838 2576 2911 2638 ὡς
2955 2575 3016 2631 οὖ
3061 2576 3173 2651 χρή
3204 2575 3312 2630 τὸπ
3346 2581 3446 2645 τῆς
3482 2575 3763 2650 βασιλείας

2106 2665 2422 2742 ἐπίτροπον,
2472 2665 2563 2721 καὶ
2609 2669 2778 2721 ταῦτα
2822 2669 3074 2721 τοιοῦτον
3132 2666 3282 2735 ὅντα,
3312 2663 3449 2720 κατᾶ
3491 2664 3625 2729 τοὺς
3663 2663 3763 2721 ἄλ-

2109 2754 2241 2819 λους
2293 2757 2452 2828 εἶναι,
2499 2752 2626 2809 ἀλλ’
2685 2754 3016 2831 ἐξῃρημένον
3072 2757 3180 2809 τῶν
3235 2751 3463 2810 πολλῶν
3521 2754 3761 2829 μεγίστῳ

2109 2974 2311 3032 oculos
2360 2974 2610 3047 ingestis
2667 2973 2839 3031 donis
2895 2976 2951 3030 et
3005 2989 3209 3030 eorum
3260 2972 3373 3030 sibi
3407 2971 3767 3030 conciliandi

2110 3065 2346 3123 amoris.
2380 3068 2665 3121 Iteratum
2695 3063 2852 3119 enim
2880 3063 3143 3135 quotidie
3173 3062 3229 3119 id
3262 3063 3528 3119 ofﬁcium
3556 3080 3767 3136 sugge-

2113 3156 2307 3212 renda:
2340 3171 2587 3212 annonas
2619 3153 2875 3225 singulis
2905 3152 3347 3225 erogationibus
3398 3160 3762 3209 momentum

2034 3246 2078 3314 C
2111 3246 2369 3304 addebat
2397 3260 2624 3300 novum
2654 3241 3072 3299 benevolentiae
3112 3242 3377 3315 ipsorum
3447 3257 3581 3313 erga
3636 3244 3759 3297 tam

2111 3334 2415 3391 liberalem
2448 3332 2841 3405 praebitorem.
2877 3333 3082 3404 Itaque
3110 3335 3343 3387 tantum
3378 3331 3622 3405 profecit
3659 3329 3764 3386 illa

2110 3424 2417 3496 diligentia
2439 3422 2681 3478 honoris
2710 3426 2768 3479 et
2780 3421 3037 3478 demissa
3048 3422 3412 3492 professione
3430 3422 3767 3480 reverentiae

2109 3529 2251 3585 erga
2283 3529 2482 3569 sacras
2515 3510 2647 3567 illas
2680 3528 2980 3583 personas,
3013 3516 3080 3566 ut
3111 3511 3318 3583 paucis
3346 3510 3562 3567 diebus
3608 3515 3770 3584 post-

2110 3619 2287 3676 quam
2318 3602 2402 3658 ita
2432 3618 2568 3657 cum
2599 3600 2717 3657 illis
2749 3616 2923 3673 agere
2947 3604 3224 3673 cmperat,
3256 3616 3465 3657 omnes
3492 3599 3627 3657 illos
3647 3600 3767 3657 sibi

2109 3691 2393 3749 obnoxios
2442 3691 2705 3758 haberet,
2754 3695 3070 3762 possetque
3110 3690 3278 3762 quasi
3337 3707 3483 3747 naso
3541 3694 3771 3749 tractos

2110 3797 2463 3854 quocunque
2519 3779 2694 3836 vellet
2751 3781 3213 3837 circumducere.
3275 3779 3392 3836 Nec
3450 3796 3594 3837 sane
3643 3781 3774 3852 jam

2107 3875 2240 3928 erat
2272 3870 2511 3926 illorum
2546 3870 2859 3941 quisquam
2892 3869 2994 3941 qui
3026 3886 3145 3925 non
3177 3884 3282 3942 per
3336 3885 3489 3942 sese,
3540 3869 3776 3928 nullius

2110 3960 2442 4027 admonitu,
2487 3960 2683 4030 ipsum
2735 3958 3042 4014 absentem
3076 3960 3138 4014 in
3190 3958 3430 4015 Patrum
3483 3975 3777 4018 concessu

2113 4052 2362 4122 loquens
2392 4049 2673 4105 laudibus
2703 4048 2891 4103 in74
2942 4047 3157 4103 cmlum
3208 4048 3407 4116 ferret,
3467 4053 3526 4105 et
3581 4066 3775 4106 unum

2108 4141 2376 4199 omnium
2408 4137 2831 4210 dignissimum
2864 4137 3212 4210 praadicaret
3242 4136 3639 4211 Palaeologum
3670 4140 3779 4210 qui

2109 4229 2577 4303 praeessetrebus
2619 4230 2909 4299 potestate
2942 4242 3117 4298 quam
3133 4226 3521 4298 amplissima,
3554 4227 3779 4300 cuique

2110 4323 2315 4392 praeter
2356 4316 2858 4389 exquisitissimos
2918 4331 3152 4388 quoque
3209 4320 3449 4373 caeteros
3515 4316 3782 4376 honores

2108 4410 2290 4466 etiam
2322 4406 2637 4480 appellatio
2670 4406 2857 4479 patris
2891 4405 3177 4478 principis
3222 4404 3432 4462 merito
3478 4405 3780 4463 tribuere-

2108 4503 2226 4554 tur.
2259 4497 2367 4554 Hic
2397 4496 2447 4552 ei
2481 4495 2794 4553 constabat
2824 4494 3056 4551 fructus
3083 4499 3505 4552 nocturnarum
3521 4494 3781 4568 sdipsos

2110 4585 2574 4644 missitationum
2640 4590 2699 4642 et
2746 4584 3205 4641 artiﬁciosarum
3263 4584 3780 4657 signiﬁcationum

2108 4676 2402 4749 obsequii,
2436 4674 2737 4747 adjunctis
2768 4672 3164 4746 amplissimis
3196 4673 3257 4730 in
3289 4677 3591 4746 posterum
3630 4691 3779 4748 pro-

2109 4767 2334 4824 missis.
3704 4811 3743 4825 ..

2105 4876 2197 4931 27.
2219 4877 2283 4933 Ut
2321 4890 2557 4945 magnus
2584 4873 2705 4929 dux
2733 4873 2951 4943 ingenti
2979 4872 3286 4947 amicarum
3316 4872 3533 4930 ambitu
3561 4872 3770 4947 despo-

2607 4948 2667 5001 ta
2688 4946 3054 5000 renuntiatus
3073 4944 3265 5015 fuerit.

2179 5037 2327 5094 Nam
2359 5037 2477 5092 ista
2504 5033 2720 5092 callida
2749 5033 2987 5089 utilium
3021 5033 3095 5089 ad
3149 5032 3411 5090 occultos
3433 5033 3778 5094 ambitionis

2112 5128 2253 5184 ﬁnes
2295 5124 2721 5182 blanditiarum
2766 5126 2891 5180 arte
2919 5127 2978 5179 et
3005 5120 3408 5194 pellacissima
3448 5123 3774 5181 commodi-

2109 5222 2228 5273 tate
2258 5232 2488 5273 morum
2521 5215 2603 5270 ita
2632 5229 2836 5271 omnes
2866 5211 3022 5283 capti
3054 5215 3215 5282 sunt,
3248 5216 3314 5267 ut
3335 5229 3469 5269 cum
3519 5229 3772 5270 conven-

2111 5315 2205 5364 tus
2238 5306 2552 5361 haberetur
2582 5320 2700 5376 quo
2747 5317 3051 5359 sacrorum
3115 5299 3393 5372 praesides
3451 5319 3571 5359 una
3625 5318 3766 5360 cum

2109 5395 2446 5468 reipublicae
2507 5391 2851 5466 proceribus
2911 5391 2984 5447 de
3041 5388 3291 5461 imperio
3350 5389 3769 5464 deliberarent,

2111 5484 2370 5542 universi
2392 5483 2545 5541 sacri
2575 5480 2857 5555 praesules
2885 5478 3046 5536 velut
3074 5493 3144 5534 ex
3173 5479 3499 5550 composito
3528 5496 3664 5537 eum
3698 5483 3774 5539 de

2110 5593 2174 5632 se
2218 5575 2494 5631 silentem
2541 5572 2814 5630 certatim
2896 5568 3247 5627 extollerent
3311 5569 3774 5628 studiosissimis

2110 5664 2480 5722 orationibus
2512 5663 2693 5733 hujus
2738 5661 2923 5718 ferme
2969 5659 3311 5717 sententiae:
3358 5658 3518 5717 haud
3567 5661 3776 5719 decere

2114 5755 2350 5827 imperii
2382 5758 2662 5821 tutorem,
2697 5750 3025 5823 praesertim
3048 5749 3121 5807 iis
3134 5749 3425 5818 moribus,
3446 5766 3513 5810 ac
3528 5750 3770 5813 dotibus
