4090 6398
260 371 376 426 509

258 496 624 573 σεμνύνεσθαι
682 495 771 552 καὶ
835 497 1103 573 βασιλικῷ
1157 501 1425 574 ἀξιώματι
1463 546 1476 559 .

256 590 354 644 καὶ
408 585 710 664 φροντίζων
765 589 1032 664 ὁσημέραι
1085 590 1282 661 πονοίη
1325 592 1414 646 καὶ
1448 589 1615 671 φόϐον
1666 594 1718 650 ἐν
1753 597 1925 670 ἑαυτῷ

256 680 354 734 τὸν
408 678 659 752 μέγιστον
708 674 885 750 ἕλκοι,
932 678 977 733 εἷ
1034 682 1107 752 μή
1161 702 1212 735 τι
1258 683 1346 736 καὶ
1394 682 1692 759 κερδαίνειν
1752 685 1927 762 ἔχοιὸ

254 769 425 823 τόσον
475 766 652 843 ὄχλον
694 765 1131 841 ἀναδεξάμενος;
1180 770 1268 826 καὶ
1322 771 1510 838 ἄλλως
1555 773 1727 838 οὕτως
1779 776 1925 849 αύτῷ

256 857 355 914 καὶ
408 859 471 912 τὸ
519 864 618 927 τῆς
666 857 924 932 ἐπιταγῆς
971 859 1218 932 ἀνυστὸν,
1268 866 1416 937 εἴπερ
1473 863 1604 938 ὑπὲρ
1653 864 1780 927 τοὺς
1827 865 1926 920 ἄλ-

257 947 400 1010 λους
479 944 552 1001 ὥν
604 945 876 1002 ἐπιτάττει
910 992 922 1004 .
978 946 1155 1003 Καλὸν
1218 951 1570 1022 σεμνύνεσθαι
1643 952 1928 1026 δεσποτειᾳ

257 1038 354 1092 τὸν
405 1041 500 1091 τοῦ
553 1034 823 1111 βασιλέως
882 1037 1196 1112 ἐπίτροποιν
1258 1040 1400 1095 οὕτω
1458 1042 1546 1096 καὶ
1604 1043 1704 1119 γὰρ
1765 1047 1924 1107 αὐτὸς

253 1128 496 1201 τηρήσει
535 1125 603 1180 τὰ
650 1133 749 1196 τῆς
784 1124 991 1187 εὐνοίας
1022 1126 1299 1197 ἁθόλωτα,
1347 1132 1483 1206 πρὸς
1510 1134 1600 1186 τὸν
1636 1133 1694 1188 ἐκ
1737 1135 1927 1210 γένους

261 1213 631 1291 βασιλεύοντα
690 1214 838 1284 ἀξίαν
888 1215 1130 1286 νομίζων
1179 1214 1419 1290 ἀμοιϐὴν
1469 1221 1530 1274 τὸ
1575 1221 1813 1295 ἀξίωμα.
1868 1223 1927 1278 Τί

260 1303 444 1360 δὲκαὶ
493 1304 638 1376 ξένον
690 1302 989 1373 κεκλῆσθαι
1049 1303 1310 1376 δεσπότην
1367 1313 1412 1381 ᾧ
1461 1307 1527 1378 δὴ
1578 1311 1666 1365 καὶ
1717 1313 1744 1366 ὁ
1789 1314 1925 1388 πρὸς

263 1395 478 1469 μητρὸς
511 1395 733 1454 πάππος
766 1391 1033 1465 δεσπότης
1088 1395 1161 1450 ὣν
1204 1399 1318 1451 κατ’
1368 1397 1594 1453 Ἰταλῶν
1641 1403 1926 1478 κατώρθου

256 1486 330 1539 τὰ
365 1481 634 1557 μέγιστα;
669 1485 740 1538 ’Ἡ
772 1483 872 1558 γὰρ
909 1484 1011 1538 οὐκ
1046 1481 1269 1558 οἴδαμεν
1301 1491 1491 1541 τοῦτον
1545 1489 1618 1551 ὡς
1668 1490 1924 1568 θεοφιλῆ,

261 1577 343 1638 ὡς
378 1573 546 1644 ζῆλον
599 1571 796 1648 ἔχοντα
842 1577 938 1627 τοῦ
985 1573 1180 1645 καλοῦ,
1214 1576 1287 1638 ὡς
1330 1575 1713 1654 φιλομόναχον
1742 1580 1832 1635 καὶ
1862 1581 1928 1636 τὰ

251 1671 361 1734 τῆς
395 1661 729 1734 Ἐκκλησίας
759 1662 1004 1726 ἐκτόπως
1039 1660 1300 1736 σέϐοντας
1340 1674 1600 1742 μαρτυρεῖ
1648 1669 1710 1724 τὸ
1756 1691 1923 1744 προσ-

251 1756 315 1810 ὸν
365 1753 515 1825 αὐτῷ
563 1752 821 1807 ταπεινὸν
879 1753 967 1807 καὶ
1032 1750 1334 1826 δημοτικὸν
1391 1759 1479 1811 καὶ
1539 1755 1730 1827 ἱλαρὸν
1791 1760 1927 1835 πρὸς

255 1845 527 1913 ἅπαντας,
554 1842 616 1896 τὸ
649 1839 706 1896 δὲ
752 1863 812 1916 γε
855 1840 1167 1921 φιλόδωρόν
1212 1864 1273 1899 τε
1319 1845 1408 1899 καὶ
1462 1845 1814 1919 μεταδοτικὸν
1862 1850 1925 1904 τὸ

249 1940 359 2002 τῆς
392 1932 710 2007 περιουσίας
757 1933 1077 1988 πενέστατον
1142 1938 1520 2008 παραστήσει,
1572 1936 1709 1992 ὥστε
1740 1939 1926 2002 καλῶς

256 2026 322 2080 ἂν
386 2021 509 2098 ἔχοι
569 2022 681 2076 καὶ.
716 2022 1108 2100 συμφερόντως
1151 2028 1269 2087 τοῖς
1315 2045 1645 2099 πραγμασιν,
1699 2026 1742 2080 εἷ
1789 2030 1924 2102 πρὸς

255 2116 333 2185 τῇ
386 2110 867 2188 βασιλεωπατορίᾳ
910 2112 1000 2165 καὶ
1045 2112 1206 2182 ἀξίως
1252 2119 1464 2186 τιμῷτο
1497 2116 1524 2169 ὁ
1555 2115 1924 2192 ἐπιτροπεύων

251 2209 358 2260 rso-3
404 2200 1017 2277 βασιλεύοντος.Ταῦτοὶ
1060 2224 1219 2256 τινων
1269 2205 1689 2278 προτεινόντων,
1722 2206 1926 2262 πολλοὶ

258 2295 360 2368 μὲν
393 2297 501 2346 τῶν
546 2290 845 2367 ἀρχιερέων
891 2292 964 2354 ὡς
1011 2289 1240 2354 δικαίοις
1293 2291 1515 2348 δοκοῦσι
1566 2301 1683 2357 τοῖς
1736 2294 1924 2372 λόγοις

255 2382 668 2457 συνῄνουν,καὶ
718 2384 824 2434 τῶν
876 2381 926 2434 ἐν
979 2379 1123 2436 τέλει
1170 2383 1280 2437 τισί
1331 2382 1703 2440 συνεδέδοκτο·
1749 2387 1799 2440 οἱ
1832 2385 1926 2440 ἆλ-

257 2474 292 2530 λ
392 2470 443 2502 εκ).
587 2493 601 2504 ρ
777 2470 801 2502 '.
893 2493 903 2508 ,
948 2491 959 2502 .
1023 2472 1034 2488 ε
1131 2471 1142 2486 ⁸
1325 2476 1330 2487 ι
1509 2473 1521 2491 ³
1612 2472 1658 2503 ,ι’
1875 2476 1887 2493 ν

300 2495 352 2528 οι
387 2486 446 2527 οε.
488 2469 919 2548 διεγιλονεικουθ
950 2492 1037 2525 και
1085 2492 1180 2534 τας
1235 2494 1460 2546 γνωμας
1499 2472 1774 2544 αλληλοις
1830 2495 1922 2530 ου-

257 2690 604 2764 praditum,
628 2689 834 2744 eadem
867 2687 1047 2744 teneri
1083 2688 1418 2745 conditione
1449 2706 1566 2761 qua
1598 2690 1809 2763 vulgus
1825 2691 1930 2746 ho-

260 2780 526 2849 minum,
542 2778 646 2834 sed
660 2777 942 2833 eximium
963 2777 1392 2834 eteminentem
1419 2795 1600 2850 supra
1617 2779 1933 2850 plerosque

265 2869 533 2927 maxima
559 2872 616 2924 et
647 2867 807 2940 regia
837 2867 1200 2924 venerationi
1231 2868 1483 2939 publica;
1528 2869 1929 2925 commendari

272 2959 582 3032 dignitate.
609 2957 726 3013 Cur
756 2957 913 3013 enim
938 2961 1024 3013 tot
1055 2974 1118 3013 se
1147 2958 1410 3028 quotidie
1443 2958 1598 3013 curis
1634 2961 1932 3025 altereret,

274 3054 504 3105 tantum
539 3064 816 3120 angorem
849 3062 917 3102 ex
949 3051 1107 3102 metu
1142 3046 1381 3102 assiduo
1397 3047 1792 3119 periculorum
1822 3048 1933 3102 im-

282 3137 660 3210 pendentium
695 3136 942 3205 subiret,
967 3139 1018 3192 si
1050 3135 1280 3192 nullum
1317 3137 1429 3207 ipsi
1463 3137 1696 3195 lucrum
1721 3138 1936 3192 rediret

271 3247 339 3285 ex
397 3233 522 3284 tam
577 3226 948 3282 tumultuosa
1011 3226 1425 3297 procuratione
1495 3227 1554 3282 in
1629 3227 1930 3299 publicum

273 3323 556 3391 suscepta
587 3318 990 3387 commodum,
1014 3317 1279 3388 praeserti
1303 3334 1499 3373 meum
1530 3317 1645 3374 ista
1677 3335 1854 3389 quam
1880 3317 1932 3374 ei

270 3414 549 3483 optamus
609 3425 788 3478 supra
844 3415 1083 3463 caeteros
1137 3406 1482 3463 excellentia
1526 3407 1933 3464 eiﬁcacitatem

269 3498 614 3572 reipublicae
635 3497 840 3553 utilem
861 3498 1212 3568 adjunclura
1235 3497 1314 3553 sit
1330 3497 1622 3553 mandatis
1645 3497 1937 3570 imperiis-

273 3607 402 3662 que:
435 3587 1028 3657 salubribus,absque
1060 3585 1270 3657 majori
1294 3603 1472 3658 quam
1499 3603 1625 3657 quae
1652 3603 1811 3642 nunc
1847 3591 1938 3643 est

264 3677 539 3753 jubentis
572 3677 857 3734 auetorite
890 3675 1058 3731 facile
1103 3677 1469 3747 impuneque
1521 3675 1935 3748 negligendis?

278 3772 534 3841 Dignum
568 3783 812 3838 prorsus
842 3783 1198 3837 aequumque
1229 3769 1319 3821 est
1351 3766 1545 3820 ornari
1578 3766 1802 3820 domini
1828 3783 1928 3837 ap-

276 3858 596 3932 pellatione
628 3860 884 3912 tutorem
918 3855 1291 3928 imperatoris
1317 3871 1329 3910 :
1352 3855 1437 3910 sic
1466 3856 1623 3910 enim
1656 3855 1782 3926 ipse
1813 3856 1934 3912 sin-

276 3965 480 4006 cerum
515 3948 790 4002 atfectum
821 3950 1075 4017 paternae
1127 3944 1434 4000 charitatis
1465 3961 1603 4016 erga
1650 3961 1809 4013 eum,
1843 3947 1935 4002 cui

273 4057 404 4098 sors
437 4037 718 4093 nascendi
743 4037 847 4106 jus
890 4034 1124 4105 imperii
1177 4034 1447 4104 contulit,
1478 4035 1771 4101 turbetur,
1804 4051 1934 4090 eam

278 4131 472 4186 vicem
503 4125 680 4181 oiﬁcii
713 4128 983 4179 mutuam
1017 4125 1228 4179 debere
1259 4141 1321 4179 se
1370 4124 1631 4180 sentiens
1662 4123 1712 4178 ei
1763 4125 1934 4195 cujus

278 4234 463 4275 causa
494 4221 551 4272 et
580 4230 828 4271 assensu
889 4213 1000 4268 isto
1035 4230 1097 4268 se
1150 4212 1359 4268 viderit
1407 4213 1625 4269 honore
1674 4219 1932 4269 auctum.

278 4309 433 4374 Quid
457 4306 552 4360 75
576 4319 746 4375 porro
778 4302 1310 4358 extraordinarium
1341 4306 1399 4358 et
1424 4319 1636 4358 novum
1672 4307 1760 4359 est
1797 4321 1932 4359 eum

282 4397 402 4455 diei
448 4397 773 4464 despotam,
821 4393 992 4463 cujus
1031 4396 1334 4448 maternus
1385 4410 1527 4448 avus
1572 4394 1771 4448 eadem
1822 4394 1938 4449 ista

269 4490 529 4561 despotae
561 4482 815 4554 insignis
845 4484 1129 4552 potestate
1151 4481 1446 4552 praclaris
1480 4498 1541 4538 se
1572 4482 1934 4539 facinoribus

271 4574 590 4652 permultis
621 4572 776 4628 bello
807 4575 1009 4627 contra
1037 4569 1218 4626 Italos
1268 4571 1536 4625 inclitum
1583 4571 1830 4627 fecerit?
1859 4590 1931 4628 an

1362 381 1459 433 DE
1498 382 1870 438 MICHAELE
1909 386 2339 442 PALEOLOGO
2378 389 2508 443 LIB.
2555 393 2600 443 Ι.

3591 391 3696 446 510

1537 505 1661 591 ΪΕττι
1716 506 1768 560 τί
1823 509 1926 583 γὰρ
1958 517 2012 584 Α
2043 515 2240 585 μενοῦν
2268 511 2328 566 οὐ
2361 509 2698 573 συνέϐαινον.
2727 516 2794 572 Οἱ
2848 516 2943 588 μὲν
2993 515 3118 591 γὰρ,
3168 515 3257 570 καὶ
3293 515 3506 589 μᾶλλον
3546 518 3597 573 οἱ
3636 519 3695 574 ἐκ

2034 605 2139 654 τῶν
2211 604 2529 676 Λασκαρίων
2602 604 3039 680 Τζαμοὶντουροι,
3093 603 3186 659 σὺν
3240 608 3322 668 οἷς
3370 606 3458 660 καὶ
3509 608 3537 661 ὁ
3584 613 3695 663 No-

2037 688 2265 764 στόγγος
2317 692 2590 767 Ιέώργιος
2620 735 2632 759 ,
2669 693 2732 747 τὸ
2778 695 2873 766 μὲν
2919 692 3357 768 βασιλεοπάτορα
3416 695 3506 750 καὶ
3562 696 3701 752 εἶναι

2035 779 2123 833 καὶ
2157 779 2514 852 ὀνομάζεσθαι
2553 779 2716 854 μόλις
2753 783 2846 854 μὲν
2899 781 3025 838 ἀλλ’
3070 779 3225 855 ὅμως
3257 785 3342 838 καὶ
3384 786 3458 857 μή
3507 784 3695 849 θέλον-

2034 889 2120 930 τες
2170 866 2460 940 ἐνεδίδουν,
2525 872 2707 926 ἱκανὸν
2762 869 2807 924 δ’
2863 873 2997 926 εἶναι
3047 877 3125 944 τῷ
3173 872 3453 947 ἐπιτρόπῳ
3503 875 3565 929 τὸ
3599 881 3696 944 τῆς

2037 955 2296 1028 δουκικῆς
2334 959 2626 1034 μεγαλεῖον
2663 959 2810 1030 ἀξίας
2859 958 3286 1036 διισχυρίζοντο.
3340 964 3607 1040 Ὀφιρικίῳ
3639 961 3698 1018 δὲ

2040 1047 2315 1122 βασιλείας
2385 1047 2601 1126 φέροντι
2679 1050 2854 1123 ὄνομα
2937 1050 3288 1123 σεμνύνεσθαι
3358 1055 3549 1107 τοῦτον
3605 1054 3696 1108 καὶ

2032 1137 2308 1198 τοιαύταις
2359 1137 2529 1208 ἀξίαις
2576 1141 2834 1211 τιμᾶσθαι
2904 1139 3205 1212 κρείττοσιν
3252 1139 3289 1208 ἢ
3337 1142 3453 1195 κατ’
3513 1142 3698 1215 αὐτὸν,

2040 1227 2115 1298 μὴ
2147 1225 2234 1280 καὶ
2264 1225 2351 1281 ἐπὶ
2379 1233 2496 1290 τοῖς
2552 1228 2831 1302 μεγίστοις
2878 1250 2934 1283 τε
2982 1229 3071 1283 καὶ
3125 1230 3334 1303 τιμίοις
3393 1226 3698 1306 παράϐασις

2037 1314 2142 1386 εἷή.
2173 1316 2321 1372 Εἶναι
2372 1315 2475 1392 γὰρ
2525 1315 2810 1393 βασιλίδας
2865 1318 3069 1390 ὡραίας
3119 1326 3333 1392 γάμων,
3383 1319 3443 1380 ἅς
3482 1319 3693 1395 ἀνάγκη

2035 1409 2323 1478 γαμεῖσθαι
2355 1410 2472 1468 τοῖς
2503 1407 2762 1480 προέχειν
2799 1404 3072 1462 δοκοῦσιν·
3117 1407 3162 1462 εἰ
3213 1405 3258 1462 δ’
3292 1409 3404 1477 οὖν,
3443 1407 3570 1464 ἀλλ’
3602 1409 3697 1464 αὐ-

2034 1499 2153 1555 ταῖς
2182 1493 2234 1564 ἐξ
2261 1494 2434 1548 αὐτῶν
2487 1495 2622 1570 μέγα
2650 1495 2712 1551 τὸ
2765 1494 2976 1551 δίκαιον
3026 1497 3176 1571 ’ἐχειν
3228 1497 3503 1562 τοιούτοις
3563 1499 3698 1571 μετὰ

2036 1586 2142 1636 τῶν
2205 1583 2450 1659 συζύγων
2507 1584 2862 1656 σεμνύνεσθαι
2923 1587 3220 1659 ἀξιώμασιν
3257 1631 3270 1657 ,
3330 1586 3694 1664 αὐτοὸέλφαις

2212 1674 2230 1704 ἰ
2401 1670 2426 1691 Ἰ
2682 1675 2694 1694 ἵ
3097 1675 3109 1696 7
3546 1676 3559 1700 \
3603 1698 3615 1710 ι
3677 1677 3691 1696 \

2042 1669 2312 1746 βασιλέως
2365 1693 2550 1735 ουσαις
2606 1695 2697 1728 και
2759 1675 3030 1750 βασιλίσιν
3091 1697 3151 1730 εκ
3206 1676 3481 1752 τριγονίας
3525 1680 3559 1745 ἠ
3605 1699 3694 1731 και

2035 1761 2383 1835 τετραγονίας
2421 1759 2634 1834 μαλλον
2674 1762 2983 1837 βασιλικῆς.
3027 1764 3094 1821 Οἱ
3141 1765 3278 1841 ἀμφὶ
3317 1765 3409 1819 τὸν
3451 1761 3696 1841 Στρατίη-

2037 1850 2316 1924 γόπουλον
2352 1847 2410 1905 δὲ
2433 1849 2674 1924 Ἀλέξιον
2708 1854 2797 1907 καὶ
2839 1854 2892 1907 οἱ
2922 1854 3016 1907 τοῦ
3050 1853 3224 1926 Φιλῆ,
3257 1854 3348 1909 καὶ
3379 1847 3471 1909 σὺν
3508 1854 3690 1916 αὐτοῖς

2038 1941 2089 1993 οἱ
2121 1940 2403 2013 Τορνίκιοι
2436 1941 2525 1995 καὶ
2576 1942 2626 1995 οῖ
2659 1940 2856 2018 τυφλοὶ
2913 1941 3148 2015 μᾶλλον,
3183 1941 3233 1998 ο’ί
3265 1941 3330 2014 δὴ
3363 1944 3453 1999 καὶ
3497 1945 3695 1999 παθόν-

2035 2049 2124 2090 τες
2172 2028 2395 2101 ἀμύνειν
2450 2027 2673 2101 ἤθελον,
2734 2035 2799 2102 [Ρ
2856 2034 2946 2103 45]
2989 2031 3080 2086 σὺν
3115 2031 3160 2087 δ’
3205 2033 3389 2096 αὐτοῖς
3433 2033 3522 2087 καὶ
3570 2031 3689 2087 ὅσοι

2035 2119 2173 2173 κατὰ
2205 2116 2517 2194 συγγένειαν
2548 2123 2582 2189 ἢ
2622 2122 2782 2175 αὗταν
2815 2120 2850 2190 ἢ
2884 2120 3251 2195 ἐλπιζομένην
3307 2128 3423 2186 τοῖς
3457 2122 3694 2180 Ηλιλοιιο¹

2038 2207 2229 2282 λόγοις
2261 2209 2630 2282 προσέκειντο,
2686 2208 2932 2284 ἰσχυρῶς
2979 2211 3272 2283 ἀντέσπων,
3312 2210 3523 2267 δίκαιον
3554 2214 3689 2268 εἶναι

2037 2294 2290 2372 λέγοντες
2340 2299 2427 2352 καὶ
2485 2287 3001 2378 ἄλλωςσυμφέρον
3059 2301 3150 2354 τὸν
3203 2300 3363 2377 ἐγγὺς
3419 2300 3692 2377 βασιλέως

2037 2384 2165 2442 ὄντα
2195 2387 2284 2442 καὶ
2329 2388 2532 2463 πατρὸς
2573 2384 2748 2462 ὄνομα
2781 2388 3012 2466 φέροντα
3057 2395 3316 2462 τιμᾶσθαι
3365 2391 3454 2445 καὶ
3495 2389 3692 2447 δεσπο-

2034 2475 2172 2547 τεία.
2206 2474 2363 2532 Οὕτω
2409 2478 2514 2551 γὰρ
2574 2478 2707 2532 εἶναι
2762 2479 2825 2532 τὸ
2884 2480 3309 2554 συγκεχωρηκὸς
3369 2481 3520 2552 αὐτῷ
3551 2483 3699 2556 παρὰ

2041 2693 2275 2749 ratoris.
2325 2697 2460 2749 Haec
2518 2693 2949 2764 proferentibus
3007 2693 3367 2766 quibusdam
3427 2697 3599 2754 multi
3655 2713 3686 2755 e

2053 2782 2326 2838 Patribus
2351 2782 2732 2839 ecclesiastici
2776 2800 3094 2843 concessus
3117 2785 3472 2857 praesidibus
3494 2804 3692 2845 sacro-

2042 2887 2172 2927 rum
2191 2873 2651 2944 applaudebant,
2669 2873 2925 2944 utjustis
2943 2877 3000 2929 et
3023 2873 3234 2930 rationi
3257 2877 3693 2945 consentaneis,

2042 2965 2215 3031 prout
2244 2961 2392 3033 ipsis
2422 2962 2732 3017 videbatur
2759 2979 2770 3017 :
2805 2962 3078 3019 nonnulli
3119 2963 3262 3035 quin
3317 2966 3493 3021 etiam
3525 2983 3695 3023 sena-

2042 3055 2198 3106 tores
2228 3056 2286 3106 et
2317 3068 2385 3107 ex
2415 3052 2757 3124 gerentibus
2788 3053 3014 3124 primos
3039 3054 3422 3126 magistratus
3445 3072 3694 3113 consen-

2043 3140 2406 3197 tiebant.Alii
2429 3142 3518 3207 contratendebant,sententiistamen
3541 3146 3694 3203 inter

2045 3247 2173 3286 sese
2207 3231 2597 3286 discordibus.
2631 3231 2775 3286 Nam
2806 3230 2866 3286 hi
2900 3230 3160 3303 quidem,
3192 3234 3448 3289 maxime
3479 3236 3694 3293 Lasca-

2047 3320 2183 3376 ridae
2216 3319 2611 3389 Tzamanturi,
2645 3337 2779 3376 cum
2812 3321 3028 3392 quibus
3060 3327 3117 3377 et
3147 3322 3486 3396 Nostongus
3517 3325 3700 3381 Geor-

2044 3409 2198 3481 gius,
2232 3410 2426 3465 vocari
2457 3413 2513 3466 et
2544 3425 2672 3466 esse
2701 3409 3094 3482 Palaeologum
3129 3416 3356 3482 patrem
3407 3413 3690 3487 principis

2042 3516 2191 3570 egre
2223 3499 2361 3555 licet
2390 3516 2455 3555 ac
2512 3499 2793 3555 subinviti
2835 3501 3264 3569 concedebant;
3297 3506 3495 3558 tamen
3541 3503 3689 3561 illud

2042 3588 2322 3644 tenebant
2354 3589 2652 3644 mordicus
2677 3589 3092 3660 praefracteque
3119 3591 3551 3647 contendebant
3576 3595 3697 3649 suf-

2043 3678 2216 3734 ﬁcere
2247 3677 2459 3734 debere
2490 3678 2670 3733 tutori
2720 3678 3095 3749 imperatoris
3145 3681 3695 3751 praestantissimam

2043 3765 2388 3836 dignitatem
2419 3767 2586 3822 ducis
2620 3767 2854 3838 magni:
2889 3767 3081 3824 ofﬁcio
3111 3785 3246 3824 vero
3281 3771 3445 3841 regni
3494 3775 3550 3826 et
3592 3789 3695 3827 su-

2045 3856 2228 3926 premi
2260 3855 2506 3909 dominii
2541 3871 2753 3910 nomen
2797 3855 3051 3912 habente
3081 3856 3366 3930 insignire
3409 3860 3604 3931 ipsum
3637 3865 3697 3918 et

2041 3944 2381 4000 istiusmodi
2411 3943 2736 4000 honoribus
2770 3944 3061 4015 privatum
3091 3947 3332 4002 modum
3364 3951 3695 4006 excedenti-

2044 4033 2392 4102 buselferre,
2409 4033 2548 4104 quid
2569 4033 2790 4102 minus,
2806 4033 3062 4103 aiebant,
3079 4035 3332 4105 quamin
3349 4038 3619 4095 maximis
3637 4044 3696 4096 et

2042 4123 2263 4180 summi
2307 4121 2590 4178 momenti
2651 4121 2829 4178 rebus
2890 4123 3256 4193 praevaricari
3315 4124 3536 4181 fuerit?
3568 4143 3702 4184 esse

2044 4213 2199 4268 enim
2257 4211 2452 4284 regias
2501 4211 2782 4282 virgines,
2817 4227 3049 4267 sorores
3098 4211 3496 4285 imperatoris,
3527 4219 3696 4272 aetate

2043 4303 2163 4372 jam
2198 4301 2407 4372 nubili,
2443 4317 2570 4372 quae
2615 4301 2859 4357 honeste
2877 4317 2942 4357 ac
2960 4307 3355 4359 consentanee
3395 4303 3695 4362 natalibus

2044 4408 2246 4447 earum
2280 4390 2551 4448 collocari
2588 4392 2684 4445 76
2717 4407 2831 4446 non
2884 4395 3127 4462 possent
3159 4393 3274 4448 nisi
3323 4393 3463 4450 viris
3509 4395 3696 4451 excel-

2044 4481 2186 4537 leuti
2219 4480 2504 4552 dignitate
2535 4479 2892 4552 conspicuis,
2925 4496 3099 4550 quam
3132 4481 3483 4553 dignitatem
3508 4482 3597 4540 vel
3629 4500 3698 4540 ex

2044 4587 2107 4626 se
2129 4571 2253 4640 jam
2284 4569 2541 4625 habeant
2569 4568 2659 4625 vel
2691 4569 2748 4623 in
2775 4568 2908 4624 talis
2934 4569 3298 4625 matrimonii
3323 4572 3580 4629 favorem
3600 4591 3695 4630 ac-

276 4643 580 4724 hescimus
638 4665 862 4732 quanta
887 4660 1030 4715 insit
1058 4659 1112 4715 ei
1133 4659 1394 4716 charitas
1429 4659 1485 4714 in
1517 4666 1724 4731 Deum,
1754 4679 1931 4733 quam
1965 4643 2008 4707 Ι)
2041 4659 2279 4732 cipiant.
2311 4661 2498 4724 Quare
2527 4657 2686 4714 hisce
2721 4658 3042 4714 servandos
3087 4657 3292 4716 titulos
3342 4661 3510 4729 istos,
3546 4679 3696 4733 quos

277 4759 494 4814 ardens
531 4752 792 4809 studium
832 4765 1028 4805 rerum
1047 4750 1733 4820 honestarum,quantus
1765 4767 1930 4807 amor

272 4851 333 4906 in
369 4844 760 4904 monasticum
793 4841 1082 4908 ordinem,
1106 4857 1198 4897 res
1222 4841 1475 4912 denique
1497 4857 1702 4897 omnes
1721 4845 1777 4897 et
1798 4859 1927 4913 per-

273 4955 454 4998 sonas
468 4931 893 4991 ecclesiaslieas
912 4947 1092 5003 quam
1119 4931 1380 5002 impense
1409 4932 1745 4986 veneretur?
1762 4930 1930 4987 testis

273 5046 400 5102 quae
432 5026 588 5080 inest
638 5021 752 5093 ipsi
809 5019 1250 5076 modestissima
1299 5019 1601 5090 demissio,
1636 5020 1930 5090 populari-

271 5125 364 5176 tas
415 5112 626 5170 hilaris
658 5112 729 5167 ad
775 5126 1002 5165 omnes.
1038 5109 1422 5180 Benignitatis
1482 5127 1653 5181 porro
1697 5112 1825 5180 ejus
1873 5115 1933 5166 et

271 5202 639 5282 profusionis
670 5201 729 5255 in
764 5201 1034 5255 donando
1065 5199 1352 5255 indicium
1386 5200 1541 5255 idem
1575 5201 1931 5270 ell'ectusque

271 5301 384 5364 est,
417 5306 656 5349 summa
687 5292 1004 5360 paupertas
1037 5302 1231 5342 rerum
1284 5304 1465 5359 supra
1495 5303 1668 5342 usum
1715 5287 1930 5342 redun-

272 5384 570 5451 dantium,
603 5395 782 5451 quam
815 5377 1010 5432 sciens
1058 5375 1378 5448 volensque
1411 5377 1470 5431 in
1523 5392 1584 5432 se
1633 5377 1818 5432 ambit
1867 5393 1930 5431 ac

271 5475 552 5550 procurat
583 5467 1008 5526 liberalissima
1038 5466 1346 5539 largitione
1379 5468 1666 5522 bonorum
1699 5466 1928 5521 talium.

268 5564 558 5630 Quocirca
589 5560 904 5628 eljustum
953 5561 1010 5612 et
1065 5555 1402 5628 reipublicze
1457 5556 1601 5611 utile
1656 5555 1846 5619 fuerit,
1879 5556 1930 5612 si

271 5661 484 5729 praeter
516 5648 973 5722 appellationem
1006 5647 1190 5717 patris
1215 5646 1499 5718 principis
1531 5645 1663 5701 aliis
1690 5646 1931 5718 insuper

271 5743 551 5818 congruis
587 5739 688 5797 tali
721 5737 994 5810 dignitati
1016 5736 1204 5792 titulis
1227 5737 1551 5794 honoretur
1570 5740 1728 5794 tutor
1749 5737 1925 5810 impe-

2038 4749 2278 4821 quidam
2311 4747 2700 4803 cumulandos
2725 4747 2782 4802 in
2809 4764 2993 4802 unum
3012 4749 3138 4818 jam
3160 4748 3393 4805 abunde
3416 4755 3694 4806 ornatum

2040 4839 2480 4905 contenderent,
2508 4853 2578 4892 ne
2610 4838 2918 4909 occupatis
2951 4837 3181 4893 cunctis
3201 4839 3485 4910 gradibus
3507 4839 3694 4895 subli-

2041 4927 2245 4983 mioris
2275 4924 2515 4981 honoris
2538 4924 2708 4996 regiae
2738 4925 3018 4997 virgines,
3045 4943 3160 4982 non
3190 4943 3258 4983 ex
3281 4931 3444 4999 patre
3473 4927 3692 4998 solum,

2039 5019 2141 5073 sed
2173 5032 2278 5071 avo
2305 5014 2503 5079 etiam,
2529 5031 2744 5085 proavo
2773 5019 2832 5069 et
2853 5017 3034 5071 abavo
3054 5017 3437 5086 regnantibus
3459 5017 3694 5091 genitae,

2039 5105 2291 5178 deprimi
2325 5104 2507 5160 nutiis
2540 5103 2718 5158 nimis
2770 5105 3101 5176 imparibus
3134 5111 3191 5162 et
3243 5107 3455 5164 misere
3489 5108 3549 5164 in
3601 5126 3696 5164 or-

2039 5197 2236 5253 dinem
2270 5197 2620 5266 ex'augusto
2655 5192 2893 5263 fastigio
2927 5195 3110 5265 redigi
3145 5213 3384 5253 necesse
3414 5198 3691 5254 habeant.

2039 5288 2079 5341 Ε
2113 5284 2404 5341 contrario
2453 5281 2903 5352 Strategopulus
2935 5283 3176 5340 Alexius
3232 5290 3290 5341 et
3338 5286 3522 5343 Philae
3561 5287 3692 5359 ﬁlii,

2039 5390 2272 5445 cunque
2333 5373 2422 5428 his
2481 5371 2762 5438 Tornicii,
2820 5375 2879 5426 et
2937 5373 3191 5429 maxime
3253 5376 3355 5445 qui
3424 5378 3695 5434 excmcati

2039 5467 2290 5534 fuerant,
2323 5465 2642 5534 utpoteque
2670 5459 2951 5530 injuriam
2982 5462 3443 5533 passi,vindictae
3476 5468 3693 5539 cupidi,

2041 5556 2376 5629 pariterque
2416 5567 2551 5608 cum
2604 5550 2733 5607 istis
2786 5551 3051 5624 quinque
3109 5556 3460 5625 cognatione
3516 5563 3694 5629 atque

2040 5645 2326 5702 allinitate
2360 5640 2631 5715 praesenti
2664 5645 2768 5697 aut
2798 5647 3034 5712 sperata
3066 5644 3137 5699 ad
3170 5643 3525 5716 Palazologos
3558 5663 3692 5717 pro-

2041 5737 2392 5810 pendebant,
2427 5749 2641 5803 magno
2676 5733 2811 5789 nisu
2849 5733 3133 5789 aliorsum
3185 5751 3306 5790 rem
3358 5735 3688 5806 trahebant,
