4090 6416
365 385 469 441 511
1675 385 1977 443 GEORGII
2014 388 2028 440 l

2139 386 2478 443 7HYMERE
3685 379 3796 437 512

362 513 603 580 πάντων,
634 511 725 565 καὶ
773 510 916 564 οὕτω
973 512 1039 565 τὰ
1104 511 1397 586 πράγματα
1455 508 1804 574 διιθύνεσθαι.
1856 507 2013 564 Παιδὶ
2046 513 2097 578 Α
2128 513 2296 566 ταῦτα
2327 531 2340 579 ;
2376 509 2534 567 Ἀλλ’
2565 509 2720 583 ὅμως
2750 514 2829 582 τῷ
2865 511 2940 583 μή
2984 507 3119 565 κατᾶ
3169 507 3374 585 τρόπον
3426 504 3691 583 ἄρχεσθαι
3743 505 3799 578 ἐξ

2135 599 2395 662 εὐπλοίας
2423 600 2504 655 ὅτι
2549 603 2862 674 Οαυμαστῇς
2913 598 3267 675 ἐναυάγησαν.
3322 597 3384 654 Εἰ
3415 601 3542 672 γοῦν
3574 601 3652 669 τῷ
3715 599 3794 670 μὴ

2134 691 2318 752 καλῶς
2345 689 2396 752 ἐς
2416 692 2478 745 τὸ
2530 685 2747 765 ἀκριϐὲς
2797 688 3062 764 ἄρχεσθαι
3107 690 3239 743 τόσα
3292 681 3489 757 συνέϐη
3547 687 3616 741 τὰ
3672 684 3796 742 δυσο

2137 787 2299 853 χερῆ,
2348 781 2412 835 τὸ
2472 782 2544 853 μὴ
2609 779 2754 841 ὅλως
2815 777 3078 853 ἄρχεσθαι
3127 779 3294 832 πόσον
3357 776 3435 838 εἷς
3488 774 3792 846 κίνδυνονς

2135 871 2294 940 Ἡμῖν
2329 870 2424 942 μὲν
2464 869 2552 924 οὖν
2586 867 2754 923 καλὸν
2791 869 2884 941 μὲν
2918 867 3009 922 καὶ
3059 869 3121 922 τὸ
3171 868 3307 938 πρὸς
3357 867 3454 934 τήν
3513 865 3794 941 βασιΛέίαν

2132 959 2321 1013 πιστὸν
2357 959 2580 1032 ἥγηται,
2613 958 2783 1014 καλὸν
2837 958 2893 1012 δὲ
2924 957 3012 1011 καὶ
3045 957 3106 1010 τὸ
3136 962 3255 1018 τοῖς
3289 955 3473 1028 ὅρκοις
3527 955 3801 1027 ἐμμένον-

2131 1070 2226 1110 τας
2282 1050 2564 1116 σώζεσθαι·
2627 1053 2723 1101 κᾶν
2784 1047 2896 1120 ἀπῇ
2955 1047 3015 1100 τὸ
3067 1046 3380 1114 σώζεσθαι.
3445 1043 3672 1117 μάταιον
3732 1046 3798 1100 τὸ

2132 1138 2340 1192 πιστόν.
2389 1139 2530 1190 Κατὰ
2574 1137 2626 1191 τί
2677 1134 2734 1190 δὲ
2787 1137 2876 1190 καὶ
2936 1136 3256 1207 λυμανεῖται
3315 1135 3383 1206 τῇ
3445 1133 3716 1208 βασιλείᾳ,
3752 1133 3801 1188 εἷ

2131 1227 2422 1300 προσέσται
2452 1225 2532 1298 τῷ
2563 1229 2858 1303 φροντιστῇ
2889 1225 2951 1280 τὸ
3004 1224 3217 1297 ἀξίωμα
3251 1242 3264 1292 ;
3324 1222 3538 1295 μᾶλλον
3575 1224 3670 1296 μὲν
3704 1221 3802 1277 οὖν

2131 1317 2217 1370 καὶ
2255 1317 2487 1370 συνοίσει
2547 1317 2614 1369 τὰ
2671 1313 2926 1372 πλεῖστα.
2975 1316 3190 1386 ’Όνομα
3219 1314 3319 1388 γὰρ
3369 1311 3554 1384 τίμιον
3587 1313 3804 1387 περιϐέ-

2137 1425 2293 1477 μενος
2347 1405 2428 1459 ἐπ’
2487 1405 2661 1459 αὐτῶν
2706 1408 2813 1458 τῶν
2875 1402 3210 1478 πραγμάτων
3266 1407 3519 1476 κρατυνεῖ
3579 1399 3800 1475 μᾶλλον

2131 1494 2230 1562 τὴν
2276 1493 2456 1568 ἀρχὴν
2483 1497 2562 1565 τῷ
2600 1497 2910 1568 κρατοῦντισ
2967 1492 3025 1548 ἐκ
3049 1498 3150 1568 γὰρ
3204 1490 3419 1547 πολλοῦ
3449 1496 3546 1545 τοῦ
3577 1491 3800 1565 περιόν-

2131 1604 2223 1644 τος
2254 1578 2508 1659 πρέσϐεσι
2547 1583 2640 1656 μὲν
2672 1583 3038 1657 χρηματίσοι,
3084 1579 3239 1643 λαοῖς
3285 1579 3331 1635 δ’
3362 1579 3652 1655 ὁμιλήσοι,
3686 1579 3807 1635 έπι-

362 1672 453 1726 ἀπ’
485 1671 648 1726 αὐτοῦ
682 1665 914 1748 φοϐερὸν
949 1668 1350 1745 σχεδιάζουσιν.
1398 1671 1556 1727 Οὕτω
1599 1672 1691 1726 καὶ
1723 1668 1885 1731 πόλις
1932 1671 2020 1724 καὶ
2131 1674 2281 1742 τάξοι
2314 1670 2371 1726 δέ
2404 1673 2761 1744 στρατιώταις
2807 1671 2897 1725 καὶ
2957 1669 3211 1746 ἄρχουσι,
3260 1672 3346 1725 καὶ
3383 1669 3536 1724 οὐδὲν
3573 1669 3601 1723 ὅ
3629 1691 3680 1724 τι
3717 1671 3798 1741 μή

361 1761 511 1836 ἀρχὴ
546 1761 935 1829 συσταθήσεται
986 1766 1130 1814 πᾶσα
1183 1765 1278 1814 τοῦ
1343 1760 1642 1838 ἐφεστῶτος
1710 1762 1840 1834 ὑπὲρ
1894 1759 2020 1821 τοὺς
2134 1762 2210 1822 ὡς
2242 1761 2384 1824 εἷ’κὸς
2422 1763 2776 1830 καταστήσοι,
2810 1757 3246 1833 δυσωπουμένων
3289 1761 3351 1814 τὸ
3403 1758 3615 1831 ἀξίωμα
3663 1758 3800 1812 πάν-

362 1849 611 1911 πολλοὺς
639 1845 815 1912 ὄντος.
851 1850 916 1906 Οἱ
955 1846 1012 1903 δέ
1039 1870 1098 1923 γε
1126 1849 1324 1926 τυφλοὶ
1373 1851 1460 1904 καὶ
1510 1848 2019 1926 ἠλευθεροστὸμουν
2059 1890 2102 1954 Β
2132 1871 2263 1906 των.
2299 1848 2361 1904 Εἴ
2397 1848 2453 1903 δέ
2481 1868 2564 1910 τις
2594 1853 2711 1908 τοῖς
2745 1847 2795 1917 ἐξ
2849 1844 2968 1900 ἴσου
3024 1845 3120 1901 κᾶν
3180 1847 3345 1921 ἄρχοι
3405 1847 3800 1923 προσφέροιτο.

437 1938 451 1954 ι
571 1939 624 1954 ,ε
713 1937 725 1954 Ι
910 1939 921 1954 1
1237 1941 1317 1954 --\
1385 1938 1409 1954 ἢ
1447 1939 1460 1954 \
1506 1941 1533 1954 Α
1584 1942 1593 1954 ι
1738 1936 1758 1954 .3
1911 1936 1958 1954 ΜΝ
2175 1937 2187 1954 9
2305 1938 2315 1954 1
2466 1937 2477 1954 ε
2527 1935 2573 1954 \I
2691 1934 2715 1954 Ν
3033 1937 3042 1951 1
3332 1932 3375 1952 ἢκ
3468 1934 3516 1954 Ῥ
3577 1936 3588 1952 f
3751 1935 3761 1950 '

359 603 463 678 γὰρ
499 603 574 673 μὴ
608 599 710 672 οἹῳ
737 621 795 654 τε
827 606 1042 676 φρονεῖν
1075 601 1162 654 τίσ
1193 597 1252 653 ἂν
1285 601 1372 653 καὶ
1407 601 1656 674 προσέξει
1687 618 1700 668 ;
1749 601 1812 656 Ei
1847 597 1904 654 δὲ
1933 600 2024 653 καὶ

363 692 390 745 ὁ
422 691 533 745 ἀντ’
567 689 770 746 ἐκείνου
801 692 1153 766 προστάσσων
1181 687 1408 759 ἰδιώτης
1440 688 1548 762 εἶή,
1594 687 1749 744 οὐδὲν
1779 691 1842 744 τὸ
1891 690 2024 763 πρὸς

361 780 596 855 ἀνάγκην
658 781 841 834 πεῖθον
893 778 1110 834 έσεῖται.
1173 778 1460 851 Μιμητέον
1514 779 1693 834 τοίνυν
1754 777 1882 839 τοὺς
1936 779 2022 833 ἐπὶ

357 874 467 924 τῶν
515 873 672 924 νεῶν.
730 869 961 922 Ἐκεῖνοι
1018 867 1117 942 γὰρ
1177 888 1245 921 κα
1287 869 1298 887 ’
1361 867 1556 930 αὐτοὺς
1618 869 1680 922 τὸ
1737 866 2022 941 ἐλεύθερον

361 958 580 1032 ἔχοντες
629 957 717 1012 καὶ
767 955 1146 1030 αὐτόγνωμον,
1181 957 1314 1010 κατᾶ
1345 957 1520 1012 πλοῦν
1580 959 1872 1032 ἀναγκαῖον
1927 956 2023 1027 ἐμω

360 1043 552 1108 ϐάντες
607 1045 900 1115 ἐπίτροπον
965 1044 1311 1118 ἐκλεξάμενοι
1391 1045 1637 1120 ἐφιστασι
1700 1051 1816 1109 τοῖς
1873 1049 2020 1121 σφῶν

361 1135 707 1211 πράγμασιν,
767 1136 811 1206 ᾦ
857 1133 922 1204 δὴ
982 1135 1072 1189 καὶ
1130 1135 1405 1189 πείθονται
1463 1132 1830 1196 δουλωθέντες
1877 1135 2024 1188 ἑκόν-

355 1247 466 1294 τες,
502 1223 556 1278 εἰ’
599 1247 650 1278 τι
683 1223 856 1298 λέγοι·
893 1227 920 1278 ὁ
956 1221 1010 1278 δέ
1065 1226 1114 1298 γ’
1169 1225 1406 1288 ἀπειθῶν
1471 1222 1661 1279 δίδωσι
1717 1225 1812 1286 τὰς
1873 1222 2021 1286 δίκας

354 1314 503 1384 ἀξίας
535 1315 609 1376 ὡς
645 1313 719 1376 εἷς
768 1311 1034 1383 δεσπότην
1095 1314 1162 1368 τὰ
1223 1315 1451 1388 μέγιστα
1509 1314 1796 1389 ἁμαρτών.
1860 1313 2018 1382 Πλὴν

356 1404 416 1460 οὐ
449 1405 565 1458 καθ’
597 1403 792 1464 αὐτοὺς
821 1403 910 1457 καὶ
944 1403 1018 1464 ὡς
1063 1403 1155 1457 ἓνα
1196 1403 1411 1457 πάντων
1464 1403 1636 1459 αὐτων
1684 1408 2022 1473 καθιστᾶσιν,

356 1492 503 1549 ἀλλά
532 1494 668 1569 πρὸς
698 1493 760 1547 τὸ
802 1492 1128 1568 σεμνότερον
1190 1513 1431 1568 μετασχη
1447 1494 1754 1565 ματίζουσι,
1823 1492 1912 1547 καὶ
1944 1497 2022 1564 τῷ

357 1589 458 1652 τῆς
499 1583 878 1642 καταστάσεως
936 1580 1343 1655 μεγαλειοτέρῳ
1374 1583 1434 1636 τὸ
1467 1583 1604 1657 πρὸς
1637 1581 1766 1645 τοὺς
1817 1579 2023 1642 ἄλλους

361 1938 452 1994 καὶ
485 1937 1116 2015 παῤῥησίαστικώτερον.
1169 1963 1200 1990 (ι
1235 1941 1325 2008 Μὴ
1382 1938 1470 1994 διὰ
1505 1941 1704 2014 βρέφος
1738 1936 1812 1995 ἐν,
1849 1964 1875 1989 ››
1910 1936 2024 1992 ἔλε-

360 2052 475 2104 γον,
539 2053 566 2082 ‹‹
597 2031 747 2103 ἀρχὴ
779 2029 1015 2098 τοσαύτη
1077 2028 1168 2083 καὶ
1226 2029 1360 2084 τόσα
1402 2041 1700 2105 πράγματα
1750 2027 2024 2084 κινδυνεύ-

365 2141 544 2187 σειαν,
592 2119 741 2175 ἀλλὰ
783 2118 1142 2174 καταστατέον
1195 2120 1270 2182 εἰς
1331 2121 1510 2195 ἀρχὴν
1558 2121 1623 2175 τὰ
1665 2122 1926 2193 παρόντα,
1981 2119 2025 2172 εἰ

372 2208 549 2282 μέΛλο
588 2230 681 2281 μεν
716 2209 1006 2276 σώζεσθαι.
1038 2209 1106 2262 Ἢ
1144 2208 1242 2263 οὐκ
1275 2207 1501 2282 οἴδαμεν
1541 2209 1594 2271 ἐς
1643 2209 1841 2264 ὁπόσον
1893 2206 2019 2261 δυσ-

361 2297 628 2372 τυχίαιςή
667 2302 774 2352 τῶν
831 2297 1119 2370 Ῥωμαίων
1183 2298 1462 2373 προῆλθεν
1503 2299 1674 2374 ἀρχὴ,
1735 2297 1873 2352 ὥστε
1928 2297 2018 2351 καὶ

367 2386 705 2456 ἀπελαθῆναι
754 2392 854 2456 τῆς
910 2384 1174 2460 πατρίδος
1233 2387 1321 2441 καὶ
1370 2387 1433 2442 τὸ
1478 2392 1578 2441 πᾶν
1640 2387 2028 2458 ἀπολέσαιμι-

364 2481 520 2550 κροῖς
583 2478 1055 2553 περιγραφομένην
1118 2477 1317 2550 ὁρίοις,
1381 2475 1648 2553 βασιλέων
1710 2477 1880 2531 ὅντων
1937 2476 2022 2531 καὶ

366 2707 601 2763 (equum
635 2706 772 2747 esse
803 2691 1028 2748 aientes
1051 2695 1109 2747 et
1131 2691 1349 2764 alioqui
1374 2693 1539 2764 utile,
1561 2693 1752 2748 virum
1772 2692 2035 2765 proxime

376 2782 683 2837 admotum
713 2781 1079 2853 imperatori.
1113 2787 1170 2836 et
1201 2783 1388 2853 patris
1421 2798 1560 2854 erga
1585 2799 1720 2838 eum
1752 2787 1809 2838 et
1841 2797 2033 2837 neces-

376 2870 698 2927 situdinem
727 2874 1026 2941 gerentem
1059 2874 1117 2926 et
1145 2887 1386 2938 nomen,
1410 2872 1683 2928 honorari
1708 2871 1882 2926 titulo
1909 2872 2035 2925 des-

378 2963 550 3030 potaa.
584 2958 725 3015 Gedi
755 2959 914 3015 enim
947 2961 1086 3016 huic
1117 2962 1188 3016 ab
1219 2961 1498 3017 omnibus
1541 2961 1871 3025 convenire,
1903 2975 2032 3029 qua

377 3045 647 3101 omnium
681 3049 892 3117 praeter
921 3046 1249 3117 principem
1284 3048 1385 3102 uni
1432 3048 1722 3118 subjectio
1754 3048 1867 3102 isto
1900 3049 2032 3102 des-

375 3135 524 3205 pota
556 3135 825 3204 signatur
866 3135 1172 3190 vocabulo.
1205 3135 1300 3190 Sic
1355 3152 1598 3192 cursum
1652 3135 1898 3208 publica:
1948 3135 2028 3190 rei

377 3238 724 3293 prosperum
759 3223 900 3279 fore.
929 3223 1115 3279 Puero
1171 3225 1329 3280 enim
1388 3225 1615 3282 ratione
1673 3225 1868 3280 adhuc
1927 3241 2031 3295 per

2135 1937 2195 1991 οὗ
2230 1938 2402 1991 πείσει
2454 1935 2650 2012 ῥᾳδίως
2686 1934 2790 1990 ὅτι
2839 1937 3191 2010 προστάσσοι,
3244 1932 3413 2008 μηδὲν
3465 1934 3516 2004 ἐξ
3571 1935 3800 2005 ὑπερτέ-

2136 2047 2229 2102 ρας
2285 2027 2472 2101 χειρὸς
2531 2025 2798 2098 ἐπιτιμῶν
2866 2029 2982 2086 τοῖς
3043 2025 3469 2096 ἅνθισταμένοις.
3528 2025 3619 2096 [Ρ
3679 2026 3803 2096 46]

2137 2115 2427 2187 Ῥωμαίων
2453 2113 2510 2170 δὲ
2542 2113 2826 2169 πολιτείαν
2888 2113 2933 2168 εἰ
2990 2111 3176 2177 ἄλλως
3216 2115 3249 2183 ἢ
3283 2113 3423 2168 κατὰ
3482 2111 3802 2188 μοναρχίαν

2139 2203 2361 2259 διοικεῖν
2397 2204 2577 2268 έοέλοι
2607 2226 2714 2270 τις,
2768 2203 3139 2275 Θαυμάζοιμεν
3187 2201 3269 2256 ἄν.
3309 2199 3537 2274 Ἀμέλει
3569 2222 3655 2256 τοι
3713 2202 3807 2255 καὶ

2137 2293 2487 2369 προηγείσθω
2522 2294 2641 2365 μὲν,
2673 2291 2768 2346 κᾶν
2803 2291 3004 2360 ἀτελής
3036 2293 3064 2345 ὁ
3098 2294 3311 2366 κρατῶν
3343 2296 3451 2361 εἴη,
3485 2291 3547 2344 τὸ
3594 2311 3804 2365 μοναρ-

2142 2388 2284 2457 χεῖν’
2333 2388 2485 2455 μενεῖ
2540 2383 2643 2457 γὰρ
2693 2381 2784 2436 καὶ
2817 2380 2983 2452 οὕτω,
3036 2379 3133 2435 κᾶν
3167 2377 3384 2450 δοκοίη,
3434 2380 3497 2433 τὸ
3551 2378 3800 2449 σύνηθες.

2137 2473 2627 2546 Ἀρισταρχήσεται
2675 2468 2732 2524 δὲ
2780 2471 2895 2524 κατ’
2946 2471 3185 2544 ἀνάγκην
3230 2470 3293 2523 τὸ
3339 2469 3457 2523 καθ’
3503 2471 3651 2541 ἡμᾶς
3698 2490 3803 2541 μα-

2147 2687 2432 2760 scriptum
2450 2688 2477 2742 ?
2498 2689 2568 2742 Et
2597 2688 2720 2743 hzec
2751 2686 3090 2742 acciderunt
3113 2685 3573 2758 imperatoribus
3592 2684 3674 2740 ibi
3698 2684 3806 2740 do-

2145 2778 2531 2833 minantibus.
2557 2779 2668 2833 Sed
2703 2777 2856 2849 quod
2890 2776 2927 2830 ii
2954 2781 3110 2832 recte
3139 2793 3252 2831 non
3287 2776 3704 2846 gubernarent,
3740 2791 3812 2830 ex

2145 2884 2382 2922 summa
2426 2866 2702 2922 felicitate
2733 2864 3128 2936 navigationis
3158 2865 3218 2919 in
3243 2864 3528 2920 miserum
3561 2864 3804 2920 naufra-

2143 2956 2307 3028 gium
2340 2955 2692 3011 decidimus.
2725 2955 2783 3009 Si
2816 2970 2952 3024 ergo
3005 2957 3173 3009 tanta
3203 2955 3263 3008 in
3326 2969 3432 3009 nos
3493 2951 3807 3009 calamitas

2141 3045 2414 3100 incubuit
2445 3061 2512 3100 ex
2545 3061 2611 3099 eo
2663 3043 2818 3116 quod
2879 3059 2996 3098 non
3057 3043 3205 3098 bene
3262 3042 3634 3112 regebamur,
3666 3043 3808 3112 quid

2144 3150 2258 3189 non
2292 3134 2628 3189 timendum
2660 3133 2833 3188 nobis
2896 3132 3188 3187 malorum
3247 3131 3446 3200 fuerit,
3478 3131 3528 3187 si
3559 3131 3805 3186 omniuo

2142 3239 2260 3279 non
2294 3223 2599 3295 regimur?
2629 3221 2884 3277 Honesta
2915 3221 3035 3276 sine
3066 3222 3246 3277 dubio
3277 3225 3335 3276 et
3363 3221 3654 3276 laudanda
3699 3236 3798 3275 res

374 3313 607 3368 aetatem
629 3311 714 3366 uti
738 3329 853 3368 non
872 3313 1086 3369 valenti
1110 3314 1244 3386 quis
1266 3316 1706 3370 obaudiendum
1737 3318 1896 3386 putet
1923 3315 1948 3368 ‘?
1971 3314 2028 3370 Si
2065 3302 2106 3368 C
2145 3313 2397 3368 habetur
2431 3312 2573 3367 ﬁdes
2618 3311 2676 3365 in
2738 3311 3176 3382 principatum:
3215 3311 3313 3366 sed
3375 3314 3499 3364 tum
3557 3310 3799 3364 demum

377 3417 512 3457 vero
543 3402 642 3472 qui
675 3401 805 3472 ejus
834 3402 959 3457 vice
989 3402 1242 3473 imperat
1272 3403 1535 3474 privatus
1567 3404 1645 3460 sit
1696 3420 1866 3459 nemo
1919 3404 2029 3458 erit

379 3491 480 3562 qui
512 3507 628 3546 non
661 3494 828 3562 putet
859 3491 1032 3561 plane
1065 3492 1447 3548 arbitrarium
1504 3509 1732 3564 parere,
1766 3493 1929 3548 nulla
1974 3493 2028 3548 vi

375 3579 618 3649 majoris
651 3579 1018 3635 auctoritatis
1050 3580 1413 3651 obsequendi
1444 3581 1884 3637 neccessitatem
1918 3583 2028 3636 im-

374 3671 648 3739 ponente.
684 3667 1010 3723 Imitandos
1032 3668 1218 3740 igitur
1239 3685 1367 3726 esse
1384 3674 1644 3727 vectores
1665 3671 1724 3726 in
1747 3671 1875 3726 navi
1907 3687 1918 3724 :
1946 3670 2030 3724 illi

374 3756 534 3812 enim
567 3759 872 3828 utcunque
928 3757 1282 3829 singillatim
1342 3758 1508 3816 liberi
1550 3764 1607 3816 et
1664 3761 1756 3815 sui
1812 3760 2033 3832 quique

369 3845 545 3916 juris,
569 3846 722 3915 quod
755 3845 1033 3902 omnibus
1065 3849 1338 3919 expedire
1362 3849 1755 3905 communiter
1774 3849 2034 3904 sentiant

379 3933 450 3988 ad
470 3933 647 3989 ﬁnem
664 3935 895 3990 cunctis
920 3952 1084 4007 aeque
1105 3938 1478 4010 propositum
1525 3939 1866 3994 fortunandi
1902 3955 2033 3992 cur-

345 4037 482 4088 ,sus
531 4022 590 4077 in
650 4024 820 4094 cujus
878 4023 1064 4081 aleam
1116 4042 1179 4080 se
1227 4027 1538 4095 dederunt,
1579 4029 2031 4098 gubernatorem

377 4111 605 4183 eligunt
623 4113 854 4184 sibique
875 4114 1407 4185 praeﬁciunt,cujus
1428 4115 1688 4187 etjussis
1705 4119 1764 4170 et
1787 4116 2034 4170 nutibus

377 4201 785 4271 obtemperant
816 4202 1099 4259 servitute
1129 4204 1460 4260 voluntaria
1488 4224 1502 4272 ;
1537 4205 1638 4276 qui
1668 4221 1802 4260 vero
1835 4209 2035 4261 contra

378 4291 510 4361 ejus
567 4291 916 4363 praescripta
974 4293 1202 4363 fecerit,
1263 4294 1476 4365 dignas
1532 4295 1633 4348 dat
1691 4311 1913 4366 poenas,
1972 4299 2036 4350 ut

380 4377 482 4448 qui
506 4380 762 4435 maxime
792 4380 851 4434 in
886 4380 1195 4436 dominum
1229 4383 1574 4454 peccaverit.
1599 4385 1882 4439 Cmterum
1916 4401 2033 4439 non

379 4482 513 4524 eum
539 4467 981 4536 sicinstituunt,
1000 4474 1064 4525 ut
1083 4486 1149 4524 eo
1174 4475 1482 4540 provectus
1505 4471 1719 4528 similis
1740 4472 2034 4528 nihilomi-

380 4571 494 4610 nus
551 4554 832 4628 deinceps
891 4573 1025 4612 cum
1075 4559 1302 4615 caeteris
1333 4560 1508 4617 sortis
1539 4563 1616 4617 sit
1673 4563 1774 4618 sed
1830 4563 1902 4617 ad
1933 4579 2034 4618 ve-

378 4644 749 4744 nerationem
784 4647 1173 4745 ll7-quodam
1207 4648 1376 4704 illum
1423 4650 1626 4706 habitu
1659 4651 2031 4707 induuntin-
2068 4681 2110 4745 Β

377 4732 659 4805 signioris
683 4735 1054 4792 auctoritatis
1071 4754 1083 4805 ;
1099 4741 1157 4793 et
1177 4741 1244 4793 ut
1265 4755 1399 4794 eum
1423 4740 1681 4795 universi
1699 4744 2031 4806 vereantur,

377 4824 639 4894 quodam
670 4822 783 4895 ipsi
806 4824 970 4881 velut
991 4826 1282 4898 impresso
1301 4828 1517 4883 minaci
1540 4830 1873 4884 charactere
1905 4845 2035 4883 ma—

376 4910 606 4980 iestatis
640 4918 1064 4984 assequuntur.
1099 4915 1189 4971 Sic
1221 4920 1278 4971 et
1317 4917 1482 4984 urbs,
1514 4921 1571 4972 et
1600 4917 1914 4988 imperium
1945 4921 2031 4972 to-

375 5002 504 5053 tum
537 5004 694 5056 recte
725 5003 1124 5071 ordinabitur,
1161 5005 1210 5060 si
1244 5007 1343 5076 qui
1399 5011 1611 5077 praeest
1664 5023 1796 5062 vere
1851 5023 2033 5078 supra

379 5087 824 5146 multitudinem
885 5093 1162 5149 emineat.
1212 5095 1441 5150 Fortior
1497 5095 1873 5166 liberiorque,
1907 5099 2034 5152 erat

377 5191 663 5232 caecorum
697 5180 905 5249 oratio,
932 5201 958 5233 »
986 5187 1070 5238 Ne
1102 5189 1338 5255 propter
1359 5185 1673 5256 puerulum
1695 5209 1724 5235 »
1749 5185 2030 5240 aientium

378 5285 406 5313 «
443 5268 672 5320 tantum
705 5267 1021 5338 imperium
1077 5276 1278 5344 totque
1319 5290 1414 5332 res
1459 5273 1885 5345 periclitentur.
1917 5275 2027 5331 Sed

377 5353 828 5412 constituendus
861 5358 919 5413 in
945 5361 1070 5415 veri
1101 5361 1349 5418 formam
1385 5363 1618 5434 imperii
1651 5379 1908 5434 praesens
1939 5382 2028 5420 re-

380 5458 511 5496 rum
545 5447 757 5514 status,
784 5445 832 5500 si
855 5448 1001 5502 salvi
1032 5465 1159 5506 esse
1182 5451 1478 5507 volumus.
1503 5458 1590 5506 An
1613 5452 1944 5524 ignoramus
1968 5454 2028 5509 in

379 5536 664 5601 quantam
699 5533 1105 5592 infelicitatem
1137 5539 1466 5596 Romanum
1520 5541 1833 5612 imperium
1894 5561 2028 5613 pro-

378 5620 610 5689 lapsum
646 5621 742 5689 sit,
776 5623 920 5681 adeo
954 5633 1017 5681 ut
1051 5628 1239 5697 patria
1279 5629 1406 5699 ipsa
1446 5630 1938 5687 cxterminaretur
1969 5636 2025 5687 et

379 5725 575 5764 rerum
608 5728 901 5770 summam
925 5716 1480 5790 perderetaugustis
1503 5719 1743 5776 liinibue
1774 5720 2025 5777 circum-

2141 3403 2389 3458 honesta
2421 3417 2550 3456 cum
2582 3401 2746 3456 salus
2774 3399 2834 3454 in
2860 3401 3002 3470 jura
3033 3401 3148 3454 ﬁde
3201 3399 3600 3471 perstantium
3657 3398 3802 3454 inde

2142 3490 2543 3562 consequitur
2594 3492 2666 3544 At
2723 3490 2774 3544 si
2831 3490 3061 3544 fructus
3108 3489 3244 3544 ﬁdei
3304 3487 3467 3543 salus
3525 3487 3806 3557 abfuerit,

2142 3580 2324 3636 stulta
2356 3580 2500 3634 ﬁdes
2531 3585 2636 3635 est.
2674 3578 2817 3641 Quid
2851 3583 3050 3633 autem
3084 3577 3316 3633 nocebit
3345 3577 3728 3650 principatui,
3752 3577 3805 3632 si

2142 3673 2269 3741 ejus
2302 3669 2557 3725 curatori
2591 3668 2903 3724 accesserit
2933 3667 3193 3739 dignitas
3215 3667 3242 3721 ?
3267 3667 3414 3732 Quin
3437 3667 3637 3738 potius
3665 3667 3810 3722 inde

2135 3759 2440 3829 juvabitur
2467 3757 2813 3828 plurimum.
2846 3756 3096 3810 Nomine
3129 3756 3347 3828 quippe
3363 3753 3683 3811 venerabili
3706 3773 3809 3810 as-

2141 3851 2380 3920 sumpto
2395 3848 2522 3917 ejus
2541 3846 2608 3900 ad
2623 3846 2987 3900 ministrator
3003 3846 3190 3916 magis
3206 3844 3811 3916 ﬁrmabitimperium

2143 3937 2418 4010 principi.
2450 3936 2544 3992 Sic
2575 3934 2729 3990 enim
2762 3934 3305 4006 incomparabiliter
3355 3934 3814 3990 convenientius

2142 4032 2199 4083 et
2228 4025 2521 4082 efﬁcatius
2551 4023 2774 4093 legatos
2807 4023 3028 4092 audiet,
3062 4021 3339 4078 tractabit
3368 4039 3504 4077 cum
3537 4021 3807 4094 populis,

2144 4115 2435 4171 militibus
2467 4129 2535 4170 ac
2587 4115 2683 4170 74
2717 4113 3164 4183 magistratibus
3200 4111 3524 4184 prescribet
3575 4112 3736 4182 quod
3776 4129 3812 4169 e

2143 4222 2206 4262 re
2238 4205 2437 4274 fuerit,
2472 4201 2618 4258 nihil
2639 4219 2754 4258 non
2779 4202 3033 4274 denique
3056 4206 3212 4257 recte
3233 4201 3574 4268 constituet,
3593 4215 3811 4256 veren-

2142 4295 2302 4350 tibus
2333 4293 2684 4365 dignitatem
2717 4292 2964 4347 cunctis.
2999 4291 3060 4347 Si
3094 4307 3229 4348 vero
3248 4291 3382 4362 quis
3401 4290 3580 4346 simul
3603 4290 3806 4360 impe-

2144 4388 2252 4450 ret,
2288 4381 2462 4437 simul
2497 4382 2553 4436 in
2571 4380 2868 4453 patricum
2885 4380 3144 4436 subditis
3158 4379 3443 4436 consistat
3465 4379 3675 4451 gradu,
3715 4397 3816 4436 nae

2144 4473 2194 4528 is
2228 4472 2385 4527 haud
2421 4473 2772 4541 assequetur
2803 4469 2970 4524 facile
3001 4473 3066 4525 ut
3098 4470 3412 4524 mandetur
3441 4467 3827 4524 exsecutioni

2145 4560 2558 4632 quodjusserit
2581 4558 2825 4630 ;quippe
2852 4559 3023 4629 cujus
3043 4574 3257 4614 manus
3277 4555 3589 4628 principali
3609 4560 3826 4614 aucto-

2143 4648 2315 4703 ritate
2347 4647 2506 4702 nuda
2536 4650 2592 4701 et
2623 4644 3062 4716 quodammodo
3084 4642 3640 4699 inermisvindicare
3664 4659 3822 4699 con-

2145 4737 2462 4792 tumaciam
2482 4735 2762 4790 mandata
2789 4733 3192 4804 spernentium
3235 4732 3822 4802 nequeat.Miremur

2141 4831 2337 4883 autem
2371 4826 2418 4882 si
2449 4825 2583 4895 quis
2633 4824 2956 4894 speraverit
3007 4822 3332 4878 Romanam
3366 4819 3814 4893 rempublicam

2141 4915 2255 4972 alio
2285 4932 2460 4987 quam
2494 4913 2868 4970 monarohico
2901 4911 3347 4983 gubernationis
3401 4926 3613 4982 genere
3671 4915 3810 4982 regi

2141 5021 2333 5076 posse.
2370 5003 2551 5074 Igitur
2581 5006 2716 5058 ante
2744 5001 2943 5058 omnia
2975 5017 3084 5056 sua
3123 5017 3361 5056 summa
3418 5003 3814 5056 conservetur

2140 5093 2463 5151 auctoritas
2494 5091 2870 5156 monarchiee,
2903 5090 3010 5146 etsi
3044 5090 3144 5162 qui
3177 5105 3306 5145 eam
3336 5088 3570 5144 interim
3603 5088 3811 5144 admi-

2139 5180 2820 5251 nistrathomoprivatus
2837 5179 2948 5234 sit:
2983 5178 3084 5235 illo
3118 5178 3275 5234 enim
3309 5178 3452 5232 dum
3485 5177 3812 5250 principali

2139 5272 2406 5344 fungitur
2453 5286 2718 5339 munere,
2765 5269 3180 5324 convenienter
3247 5270 3476 5337 ornato,
3536 5267 3816 5326 manebit

2137 5363 2301 5434 regni
2322 5363 2616 5416 consueta
2672 5374 2782 5414 sua
2814 5357 3061 5430 species.
3114 5355 3378 5427 Populus
3408 5359 3609 5411 autem
3641 5355 3796 5410 obe-

2136 5452 2367 5508 dienter
2397 5449 2646 5522 parebit,
2683 5448 2780 5503 uni
2815 5447 3063 5518 obsequi
3095 5445 3329 5513 solitus,
3363 5462 3480 5500 uno
3515 5444 3795 5516 praefecto

2137 5543 2379 5608 caeteris,
2412 5539 2513 5610 qui
2541 5537 2720 5593 simul
2753 5541 3041 5610 potestate
3072 5535 3400 5608 praevaleat,
3437 5533 3614 5589 simul
3649 5551 3804 5605 prai-

2137 5631 2308 5687 cellat
2339 5629 2646 5700 dignitate.
2680 5627 2788 5693 Qui
2821 5627 3058 5698 quidem
3091 5641 3156 5682 eo
3190 5625 3343 5698 quod
3379 5641 3533 5679 unus
3564 5623 3641 5679 sit
3673 5640 3805 5679 mo-

2137 5720 2389 5776 narcliia:
2421 5717 2741 5789 imaginem
2775 5718 3007 5788 praefert
3033 5715 3222 5786 :quod
3242 5716 3439 5771 autem
3463 5730 3532 5770 ex
3560 5711 3808 5785 privata:
