4090 6402
289 396 409 452 513

1387 403 1484 455 DE
1521 401 1896 457 MICHAELE
1933 399 2381 457 PALEOLOGO
2417 401 2553 455 LIB.
2595 404 2641 454 Ι.

3620 409 3728 463 514

289 523 389 579 θὸν
424 526 843 596 μοναρχεῖσθαι,
894 522 1039 597 ἄρξει
1073 518 1119 577 δ’
1172 524 1250 585 εἷς
1309 528 1417 579 τῶν
1467 525 1679 581 λοιπῶν
1735 523 1958 599 δυνάμει
1989 530 2039 597 Α
2071 523 2381 596 κονομάτου
2432 526 2762 595 κατηντήκει
2814 525 2949 580 κατά
2997 527 3096 596 τὴν
3155 528 3318 584 πόλιν
3351 529 3404 592 ἐς
3463 530 3730 608 ὓστερον),

287 609 563 687 προύχων
593 614 684 666 καὶ
717 611 1009 684 ἀξιώματι,
1070 613 1143 675 ὡς
1204 611 1264 668 ἄν
1321 619 1402 686 τῷ
1459 615 1551 687 μὶν
1615 617 1689 679 εἷς
1719 615 1852 669 εἶναι
1897 614 1962 668 τὸ

294 698 578 776 μόναρχον
621 699 970 773 εἶκονίζοιτο,
1030 701 1109 774 τῷ
1170 700 1227 757 δὲ
1286 703 1376 757 συν
1435 702 1674 766 πολλοῖς
1706 706 1958 778 πράττειν

288 789 580 846 ἀδυνατεῖν
628 788 952 845 κινδυνεύων
1004 795 1099 844 τοῦ
1150 795 1426 867 μονήρους
1461 795 1622 868 χάριν
1657 795 1831 866 νικῴη
1884 798 1962 864 τῷ

288 880 590 954 ἀξιώματι.
652 879 843 942 Οὕτως
903 880 1044 935 ἐστὶν
1090 880 1389 957 ἐπάναγκες
1428 883 1518 936 τὸν
1572 881 1962 958 ἐκλελεγμένον

289 975 374 1038 εἲς
447 973 798 1050 ἐπιτροπείαν
871 978 948 1045 τῷ
1031 974 1247 1048 βασιλεῖ
1317 974 1457 1048 μέγα
1513 972 1691 1052 φέρειν
1743 975 1835 1029 καὶ
1900 975 1961 1028 τὸ

290 1062 533 1135 ἀξίωμα.
599 1060 706 1118 Κᾶν
768 1063 795 1117 6
825 1062 1052 1138 ταχθεὶς
1080 1063 1132 1134 ἐξ
1161 1066 1322 1135 ἡμῶν
1350 1063 1460 1134 εἷή,
1493 1064 1642 1134 αὐτῷ
1671 1062 1962 1138 προσέσται

287 1151 384 1206 καὶ
417 1156 602 1207 τοῦτο.
633 1149 695 1207 Εἰ
755 1148 801 1205 δ’
833 1151 954 1219 οὖν,
985 1149 1112 1206 ἀλλ’
1145 1151 1314 1214 ἄλλος
1336 1151 1656 1224 ’ζητείσθω,.
1696 1154 1777 1206 ὅτι
1831 1151 1960 1224 μηδ’

289 1241 463 1302 αὐτὸς
543 1237 754 1303 ἀκλεῶς
828 1241 923 1303 τὰς
985 1239 1071 1294 ἐπὶ
1129 1240 1310 1314 τούτῳ
1363 1239 1656 1319 φροντίδας
1710 1241 1960 1317 εὐμαρῶς

295 1329 621 1406 ὑπέρχεται.
684 1329 788 1384 Κᾶν
849 1328 1057 1392 ἐκεῖνος
1103 1332 1193 1385 καὶ
1247 1331 1377 1405 δίχα
1410 1331 1764 1405 σεμνώματος
1793 1351 1962 1385 κατα-

293 1418 527 1495 ὃέχοιτο
583 1419 683 1487 τὴν
745 1419 834 1474 ἐπὶ
893 1425 1012 1481 τοῖς
1065 1419 1342 1495 πράγμασι
1402 1419 1778 1495 προσεδρείαν,
1839 1418 1964 1474 ἀλλ’

293 1509 393 1564 οὗν
431 1509 458 1562 6
486 1514 588 1578 τῆς
637 1507 876 1584 ἀνάγκης
928 1509 1090 1584 λόγος
1151 1509 1323 1570 οὕτως
1364 1509 1604 1581 ἀπαιτεῖ,
1637 1509 1818 1574 καθὼς
1873 1509 1963 1564 καὶ

295 1596 585 1666 λέλεκται,
610 1597 712 1666 τὴν
748 1596 1095 1671 ἐπιτροπείαν
1120 1597 1419 1672 γίγνεσθαι.
1452 1618 1479 1650 ι

295 1710 407 1775 κη’.
467 1706 660 1765 ’Ὁπως
728 1703 755 1756 ὁ
812 1703 1168 1779 πατριάρχης
1223 1704 1444 1779 συνῄνει
1501 1709 1621 1765 τοῖς
1683 1705 1814 1779 ὑπὲρ
1869 1708 1964 1757 τοῦ

806 1774 1194 1850 Παλαιολόγου
1223 1774 1465 1851 λέγουσι.

371 1863 590 1919 Τούτων
625 1861 896 1939 ῥηθέντων
943 1868 1052 1919 τῶν
1114 1863 1316 1939 λόγων,
1377 1865 1491 1920 ἐπεὶ
1518 1866 1608 1919 καὶ
1656 1866 1683 1918 ὁ
1743 1884 1964 1938 πρωτο-

2074 614 2159 684 [Ρ.
2194 615 2283 685 47]
2311 613 2425 667 ἐπεὶ
2487 610 2544 668 δὲ
2597 614 2688 668 καὶ
2745 614 2868 689 περὶ
2925 623 3024 686 τῆς
3061 621 3167 671 τῶν
3223 622 3562 694 πραγμάτων
3598 619 3733 676 διοι-

2071 703 2283 772 κήσεως
2315 703 2342 756 6
2401 699 2567 776 λόγος
2623 702 2845 765 ἐκείνοις
2900 706 3112 775 ·ἧν,τὸν
3174 706 3555 783 Παλαιολόγον
3591 709 3730 766 ἐκεῖ·

2072 813 2162 852 νος
2193 792 2472 864 προύτίθει
2524 790 2758 848 πάντων.
2823 794 2942 848 Ἐπὶ
2993 795 3210 859 τούτοις
3241 797 3332 851 οὗν
3390 799 3418 851 ὁ
3465 799 3733 875 πατριάρ-

2071 900 2182 954 χης
2211 879 2763 954 προκατειλημμὲνΟς
2792 879 2866 937 ὢν
2899 883 3052 945 εὐθὺς
3110 887 3466 960 συγκάταινος
3494 888 3558 959 ᾖν
3613 893 3730 951 τοῖς

2074 970 2205 1042 ὑπὲρ
2258 973 2354 1023 τοῦ
2387 969 2772 1045 ΙΙαλαιολόγου
2827 969 3170 1046 λεγομένοις,
3230 975 3320 1028 καὶ
3377 977 3477 1044 τήν
3536 974 3739 1032 δεσπο-

2069 1063 2219 1115 τείαν
2253 1063 2402 1133 αὐτῷ
2433 1061 2745 1139 ἐψηφίζετο.
2809 1063 2911 1119 Καὶ
2971 1061 3038 1132 δὴ
3101 1066 3128 1118 6
3189 1067 3283 1138 μὲν
3346 1065 3734 1144 Παλαιολόγος

2069 1150 2160 1205 τὸν
2199 1151 2360 1227 μεγαν
2395 1149 2561 1205 δοῦκα
2609 1150 2685 1212 εἷς
2741 1152 2830 1205 τὸν
2885 1149 3151 1224 δεσπότηε
3204 1157 3644 1227 μετεσκευάζετο,
3707 1159 3735 1211 ὁ

2074 1235 2131 1293 δὲ
2193 1238 2448 1314 βασιλεὺς
2495 1245 2735 1314 παρεῖχε
2779 1241 3169 1314 συναιρομένου
3227 1243 3317 1297 καὶ
3375 1248 3471 1298 τοῦ
3537 1265 3734 1320 πατρι-

2074 1329 2250 1403 άρχου
2279 1329 2345 1384 τὰ
2373 1335 2474 1397 τῆς
2529 1326 2844 1392 δεσποτείας
2889 1331 2978 1384 καὶ
3035 1326 3311 1403 σύμϐολα.
3375 1331 3598 1405 Ἀμὲλει
3659 1335 3733 1395 ὡς

2074 1415 2343 1488 δεσπότης
2403 1414 2738 1473 ἐπεϐάλλετο
2799 1420 2894 1491 μὲν
2954 1419 3147 1490 ἁνὲδην
3205 1427 3322 1484 τοῖς
3376 1427 3562 1490 πᾶσιν,
3633 1424 3734 1478 ὑπ-

2076 1513 2316 1562 εποιεῖτο
2375 1504 2432 1561 δὲ
2487 1506 2617 1570 τοὺς
2672 1507 2724 1562 ἐν
2777 1507 2922 1563 τὲλει
2982 1509 3328 1586 φιλοτιμίαις
3362 1511 3595 1573 ἀπάσαις
3646 1517 3738 1566 καί

2073 1603 2192 1659 τοῖς
2224 1599 2282 1652 ἐκ
2319 1601 2426 1651 τῶν
2467 1601 2669 1651 κοινῶν
2705 1596 3029 1672 χαρίσμασι.
3083 1594 3319 1660 Βεϐαίας
3384 1597 3442 1654 δὲ
3498 1601 3586 1654 καὶ
3643 1601 3739 1662 τὰς

2073 1687 2212 1760 πρὸς
2244 1686 2479 1750 ἐκείνους
2510 1686 2832 1761 ὑποσχέσεις
2877 1691 3111 1760 παρεῖχε
3163 1684 3345 1742 δοκεῖν
3406 1686 3458 1748 ἐς
3519 1687 3742 1762 ὕστερον

2076 1775 2124 1848 ἐξ
2158 1777 2229 1829 ὢν
2263 1774 2434 1829 ἐποίει
2466 1780 2544 1847 τῷ
2571 1775 2714 1846 τότε,
2747 1774 2838 1830 καὶ
2870 1776 3295 1853 φιλοτιμότερον
3342 1775 3731 1853 προσεφέρετο.

2076 1868 2206 1928 Τοῖς
2235 1862 2292 1918 δέ
2320 1885 2380 1939 γε
2409 1869 2505 1919 τοῦ
2534 1865 2684 1940 ἰεροῦ
2731 1863 3046 1937 καταλόγου
3087 1865 3176 1920 καὶ
3217 1865 3277 1920 ἐκ
3308 1864 3738 1942 φιλοτιμοτέρας

296 1953 474 2024 θύτης
503 1955 602 2023 τὴν
644 1952 907 2024 πλείστην
975 1953 1152 2029 ῥοπὴν
1185 1951 1368 2008 ἐδίδου
1397 1960 1512 2016 τοῖς
1547 1954 1679 2027 ὑπὲρ
1707 1958 1804 2010 τοῦ
1854 1959 1965 2006 Ιια-
1999 1927 2042 1991 Β
2073 1955 2260 2029 χειρὸς
2292 1951 2570 2028 ἐχορήγει,
2605 1954 2696 2008 καὶ
2727 1953 2906 2030 κρύφα
2936 1955 3024 2008 καὶ
3075 1958 3344 2030 φανερῶς,
3394 1955 3455 2008 τὸ
3513 1954 3608 2027 μὲν
3662 1954 3740 2016 ὡς

294 2038 610 2117 λαιολόγου
645 2041 890 2117 λέγουσι,
927 2070 989 2090 =
1039 2042 1486 2118 προκατείληπτο
1517 2043 1616 2118 γὰρ
1659 2042 1750 2096 καὶ
1801 2042 1963 2103 αὐτὸς

293 2133 388 2189 ἐπὶ
444 2132 624 2204 τούτῳ
682 2132 755 2194 ὡς
784 2131 972 2194 καλῶς
1004 2131 1241 2207 ἄρξοντι,
1272 2137 1603 2204 προσπαθῶν
1638 2131 1696 2186 ἐκ
1723 2129 1964 2199 πολλοῦ,

293 2219 377 2278 ἔτι
409 2220 468 2277 δὲ
497 2221 588 2276 καὶ
647 2222 710 2276 τὸ
773 2221 955 2294 μεῖζόν
988 2243 1039 2276 τι
1072 2222 1270 2294 πρᾶξαι
1302 2221 1360 2277 ἐκ
1409 2219 1637 2276 πολλῶν
1691 2221 1966 2295 συνηρπά-

295 2317 445 2382 ζετο.
506 2309 612 2366 Καὶ
660 2308 830 2374 δῆλον
882 2309 932 2382 ἐξ
966 2311 1039 2365 ὧν
1083 2311 1336 2386 ἀγγελθὲν
1371 2309 1519 2383 αὐτῷ
1551 2310 1602 2365 ἐν
1635 2309 1835 2380 Νικαίᾳ
1890 2311 1966 2372 ὡς

291 2403 554 2471 τεθνήκει
608 2400 635 2453 6
690 2397 968 2474 βασιλεὺς,
1029 2396 1187 2454 οὔπω
1250 2402 1528 2474 μαθόντων
1586 2405 1694 2454 τῶν
1755 2397 1966 2476 ἄλλων,

294 2488 550 2545 ἐπίστευε
606 2489 704 2561 μὲν
760 2488 851 2542 τὸν
909 2485 1078 2562 λόγον
1107 2490 1216 2544 τινὶ
1246 2490 1550 2544 τῶναύτοῦ
1597 2487 1687 2543 καὶ
1747 2487 1966 2543 οἰκείων

297 2580 353 2653 (6
387 2577 657 2652 Γεμιστὸς
685 2574 733 2630 δ’
763 2577 919 2639 οὗτος
965 2578 1056 2646 ἦν,
1089 2578 1146 2640 ὃς
1202 2578 1293 2634 καὶ
1357 2581 1522 2653 μέχρι
1551 2582 1674 2634 ,τοῦ
1710 2594 1968 2651 μεγαλοι-

299 2797 648 2856 conditione
678 2800 857 2855 sortis
878 2799 962 2854 illi
997 2799 1163 2855 deest
1195 2798 1560 2854 auctoritatis
1574 2802 1630 2853 et
1652 2797 1962 2854 efﬁcacita-

299 2889 379 2944 tis
409 2888 482 2942 ad
518 2886 836 2942 flectendos
865 2886 926 2942 in
959 2886 1050 2942 sui
1081 2885 1434 2956 obsequium
1467 2885 1778 2956 plurimos,
1823 2901 1965 2955 sup-

306 2977 545 3050 pleatur
575 2975 1007 3032 accumulanda
1037 2976 1088 3031 ei
1118 2975 1424 3047 dignitate,
1459 2976 1632 3046 cujus
1660 2973 1718 3028 vi
1756 2979 1970 3030 cuncta

315 3066 506 3122 vincat
529 3065 849 3122 obstantia.
885 3069 1019 3133 Qua
1043 3081 1178 3121 cum
1204 3065 1284 3120 ita
1305 3065 1442 3132 sint,
1466 3081 1712 3137 prorsus
1733 3078 1971 3120 necesse

319 3160 407 3211 est
435 3157 688 3212 electum
722 3155 781 3210 in
800 3156 1046 3212 tutelam
1073 3155 1357 3227 principis
1375 3154 1633 3210 eminere
1656 3154 1973 3210 subnixum

314 3245 658 3302 excellentis
688 3245 861 3300 titulo
888 3245 1196 3316 dignitatis
1223 3249 1426 3314 ,atque
1449 3244 1592 3300 adeo
1615 3242 1848 3298 etiamsi
1870 3242 1969 3312 qui

309 3335 380 3391 ad
415 3335 475 3390 id
509 3351 732 3391 munus
763 3333 1064 3389 adhibitus
1097 3333 1273 3389 fuerit
1303 3350 1372 3388 ex
1404 3339 1605 3389 nostro
1641 3332 1718 3388 sit
1747 3332 1972 3398 ordine,

305 3423 482 3480 debet
513 3423 756 3478 omnino
788 3422 872 3479 sic
903 3425 1100 3478 ornari
1131 3427 1196 3477 ut
1225 3422 1327 3477 fiat
1349 3422 1594 3478 idoneus
1614 3420 1807 3477 ofﬁcio
1821 3424 1975 3476 recte

305 3513 592 3586 gerendo.
621 3512 788 3568 Dicet
815 3512 1030 3584 aliquis
1056 3529 1068 3568 :
1097 3516 1246 3583 Ergo
1277 3511 1430 3568 alius
1464 3515 1785 3582 quaratur,
1818 3510 1867 3565 si
1894 3525 1977 3564 re-

309 3601 491 3674 periri
525 3602 676 3656 forte
712 3602 920 3673 possit,
954 3601 1054 3672 qui
1089 3601 1247 3656 curis
1302 3605 1361 3657 et
1416 3601 1716 3656 laboribus
1779 3597 1975 3654 tutela

306 3691 606 3765 principis
647 3707 711 3747 se
761 3707 963 3762 parem
1022 3689 1321 3746 existimet
1381 3691 1556 3745 etiam
1620 3690 1747 3745 sine
1804 3689 1980 3743 istius

310 3779 698 3853 adjunctione
729 3779 1058 3852 dignitatis.
1093 3779 1179 3835 Ad
1210 3779 1268 3834 id
1302 3780 1730 3850 respondemus
1778 3795 1885 3833 nos
1915 3776 1977 3830 in

313 3869 423 3926 hoc
459 3885 573 3923 non
606 3884 868 3939 persona
886 3865 1216 3934 consulere,
1234 3866 1335 3922 sed
1355 3866 1762 3937 praefecturam
1789 3865 1978 3934 ipsam

309 3973 544 4014 armare
595 3959 993 4013 instrumento
1055 3957 1337 4012 navanda
1393 3972 1581 4027 opera
1625 3953 1975 4011 necessario.

309 4047 505 4111 Quare
535 4063 652 4102 non
685 4063 816 4112 nos,
849 4047 950 4102 sed
979 4061 1071 4101 res
1105 4044 1303 4116 ipsaet
1333 4050 1542 4101 natura
1556 4043 1774 4117 negotii
1804 4042 1980 4112 exigit

311 4136 473 4208 quod
500 4136 784 4204 diximus,
801 4152 1011 4208 nempe
1024 4139 1234 4192 utcum
1249 4134 1434 4192 tutela
1446 4134 1730 4208 principis
1744 4151 1811 4190 su
1824 4149 1982 4188 mma

312 4225 582 4297 dignitas
604 4227 916 4298 jungatur.
945 4248 974 4277 »

306 4333 402 4387 28.
434 4333 497 4390 Ut
524 4333 848 4404 patriarcha
876 4334 1190 4460 [aventiubm
1228 4332 1546 4458 (Zalaologo
1593 4331 1778 4388 studia
1834 4346 1982 4387 com-

1013 4421 1117 4460 vro
1157 4421 1243 4460 an
1276 4446 1286 4460 .

1013 4421 1286 4474 pronam.

394 4493 492 4549 79
524 4493 672 4550 Cum
703 4494 827 4550 hac
859 4494 1140 4566 utrinque
1171 4495 1329 4550 dicta
1358 4497 1580 4564 essent,
1615 4493 1686 4550 iis
1720 4511 1846 4566 qua
1892 4493 1982 4549 al-

309 4583 510 4656 legata
541 4601 644 4656 pro
677 4583 1000 4657 Palaologo
1034 4585 1265 4640 fuerant
1291 4600 1574 4655 magnum
1608 4583 1680 4638 ab
1721 4583 1979 4641 auctori-

2074 2043 2316 2116 ἀνάγκης
2350 2042 2514 2113 οὔσης
2550 2042 2632 2120 ἐφ’
2659 2044 2705 2114 ᾧ
2737 2041 2927 2115 διαζῇν
2967 2042 3225 2112 ἐκείνους,
3275 2043 3338 2098 τὸ
3396 2040 3453 2097 δὲ
3499 2037 3742 2117 κρύϐδην

2073 2133 2265 2193 νυκτὸς
2311 2133 2706 2205 πεμπομένων,
2756 2132 2846 2186 καὶ
2885 2133 2948 2186 τὸ
2983 2138 3167 2205 μεῖζον
3201 2131 3603 2206 ὐπορύττοντος
3648 2129 3742 2187 καὶ

2079 2226 2394 2292 ζητοῦντος,
2441 2222 2516 2284 ὡς
2562 2218 2714 2275 οὔπω
2765 2219 3023 2296 αὔταρκες
3075 2222 3132 2276 ’ὃν
3175 2219 3388 2294 ἐκείνῳ,
3451 2221 3496 2276 εἰ
3529 2216 3744 2294 συμϐα-

2078 2309 2282 2365 σιλεύει
2354 2315 2434 2382 τῷ
2513 2311 2748 2385 βασιλεῖ.
2826 2306 3216 2384 ΙΙρούὸάλλετο
3289 2311 3391 2386 γάρ
3463 2308 3745 2374 κινδύνους

2075 2401 2166 2454 καὶ
2199 2395 2401 2477 φόϐους
2434 2397 2851 2476 ἐπηρτημένους
2906 2401 3077 2471 αὐτῷ,
3136 2400 3228 2454 καὶ
3281 2401 3350 2454 τὰ
3377 2404 3484 2454 τῶν
3517 2402 3742 2469 Μουζα-

2079 2489 2274 2544 λώνων
2306 2489 2523 2564 εἰσῆγεν
2578 2490 2652 2550 ὡς
2701 2488 2964 2544 κάκείνων
3028 2487 3205 2549 οὕτως
3257 2487 3632 2544 ἀπολωκότων
3685 2486 3744 2541 ἐκ

2079 2579 2303 2654 φθόνου,
2333 2579 2423 2633 καὶ
2453 2578 2516 2633 τὸ
2541 2581 2640 2646 τῆς
2672 2577 2907 2650 ὑποψίας
2941 2575 3117 2632 δεινὸν
3165 2575 3448 2633 ὐπεδείκνυ
3506 2577 3582 2639 ὡς
3640 2575 3740 2631 αύ-

2076 2796 2364 2851 dubitavit
2391 2796 2780 2867 Palaologum
2803 2796 3068 2851 omnium
3092 2796 3162 2850 ad
3180 2811 3309 2852 eam
3333 2812 3456 2851 rem
3485 2794 3728 2866 aptissi-

2078 2902 2240 2941 mum
2272 2885 2483 2941 dicere.
2520 2887 2631 2941 Isto
2663 2885 2846 2956 igitur
2866 2885 3110 2957 antiquo
3141 2885 3200 2940 in
3224 2883 3615 2956 Palaologum
3639 2884 3724 2940 fa-

2079 2991 2216 3030 vore
2250 2980 2696 3047 praoccupatus
2727 2974 3059 3046 patriarcha
3089 2975 3365 3046 suffragio
3393 2974 3594 3031 statim
3626 2990 3734 3029 suo

2081 3063 2482 3134 comprobavit
2510 3081 2639 3136 qua
2668 3063 2728 3119 in
2760 3065 2890 3134 ejus
2921 3064 3171 3135 gratiam
3206 3063 3360 3119 dicta
3389 3062 3647 3133 fuerant,
3681 3068 3740 3119 et

2084 3154 2338 3224 despota
2362 3152 2707 3225 dignitatem
2731 3153 2840 3224 ipsi
2863 3153 3236 3210 tribuendam
3261 3153 3511 3209 censuit.
3551 3154 3740 3217 Quare

2086 3241 2446 3316 Palaologus
2477 3259 2546 3298 ex
2575 3258 2791 3314 magno
2822 3243 2970 3298 duce
3002 3243 3196 3298 factus
3228 3246 3318 3298 est
3365 3243 3629 3312 despota.
3676 3244 3745 3295 Et

2087 3331 2425 3402 imperator,
2460 3333 2775 3402 adjuvante
2807 3331 3165 3402 patriarcha,
3199 3329 3249 3386 ei
3281 3329 3585 3402 dignitatis
3609 3330 3742 3400 ejus

2086 3419 2347 3491 insignia
2375 3420 2645 3476 contulit.
2668 3425 3101 3492 Despotamque
3131 3419 3341 3474 exinde
3372 3436 3508 3474 cum
3541 3417 3738 3489 palam

2085 3511 2212 3582 ipse
2241 3526 2304 3565 se
2337 3510 2578 3575 ferebat,
2602 3515 2728 3566 tum
2760 3508 2935 3581 vulgo
2993 3508 3255 3566 universi
3315 3509 3735 3580 agnoscebant.

2086 3599 2506 3655 Demerebatur
2535 3603 2734 3655 autem
2768 3599 3082 3670 optimates
3112 3597 3274 3654 omni
3307 3614 3517 3670 genere
3539 3596 3740 3652 indul-

2085 3688 2292 3758 gentia
2326 3705 2394 3744 ac
2423 3688 2836 3761 largitionibus
2867 3704 2898 3744 e
2931 3687 3186 3760 publico,
3221 3686 3397 3742 simul
3425 3687 3740 3759 praesentia

2083 3777 2368 3832 beneﬁcia
2400 3777 2784 3848 promissisin
2806 3780 3106 3848 posterum
3127 3775 3519 3847 amplissimis
3535 3792 3743 3832 cumu-

2087 3865 2254 3933 lans;
2291 3866 2494 3937 sicque
2523 3871 2646 3922 arte
2677 3866 3022 3922 ambitionis
3066 3882 3280 3937 magna
3310 3867 3511 3922 studia
3539 3882 3743 3922 eorum

2086 3955 2200 4010 sibi
2225 3956 2490 4026 parabat.
2510 3955 2787 4010 Eamdem
2803 3972 3039 4025 quoque
3061 3954 3435 4011 liberalitatis
3451 3953 3744 4026 pralarga

2089 4044 2426 4100 machinam
2446 4046 2516 4100 ad
2537 4043 2959 4100 ecclesiasticss
2985 4060 3254 4115 proceres
3281 4043 3396 4100 sibi
3415 4044 3751 4115 adjungen-

2087 4135 2196 4189 dos
2227 4134 2566 4202 adhibebat,
2597 4133 2840 4206 prodiga
2873 4133 2930 4188 in
2981 4149 3081 4189 eos
3141 4149 3319 4188 manu
3381 4133 3747 4203 profundens

2092 4228 2196 4282 80
2229 4223 2436 4289 multa,
2467 4227 2594 4278 tum
2628 4221 2824 4293 palam
2856 4225 2984 4276 tum
3026 4219 3270 4276 occulte.
3305 4219 3452 4276 Nam
3505 4224 3744 4290 prater.

2091 4333 2272 4391 quam
2305 4331 2434 4387 qua
2466 4312 2594 4368 dari
2625 4311 2711 4368 eis
2743 4326 2774 4366 e
2807 4311 3044 4383 publico
3072 4309 3360 4379 solebant,
3395 4308 3630 4381 publice
3681 4324 3749 4363 ac

2090 4411 2251 4480 large
2311 4403 2668 4469 conferebat,
2702 4401 2876 4458 etiam
2938 4405 3110 4457 noctu
3175 4399 3246 4456 ad
3307 4399 3544 4455 eosdem
3596 4397 3750 4454 dona

2093 4495 2450 4560 missitabat,
2483 4491 2870 4548 insusurrans
2915 4490 3154 4547 interim
3210 4505 3276 4545 ac
3332 4487 3547 4544 blande
3603 4485 3753 4542 insi-

2097 4602 2288 4644 nuans
2321 4583 2583 4640 nondum
2611 4581 2754 4637 satis
2785 4585 3026 4636 cautum
3052 4579 3354 4636 securitati
3387 4595 3527 4646 sua,
3563 4592 3755 4650 neque

316 4677 437 4729 tate
466 4673 814 4744 patriarcha
848 4679 1216 4729 momentum
1236 4674 1504 4729 accessit.
1529 4673 1978 4744 Praoccupatus
2010 4660 2056 4725 D
2089 4676 2254 4751 prius
2286 4674 2345 4728 in
2367 4677 2490 4728 tuto
2518 4688 2580 4727 se
2604 4670 2871 4725 futurum
2905 4685 3083 4740 quam
3114 4667 3351 4739 imperii
3385 4665 3681 4738 particeps
3702 4669 3760 4722 et

319 4763 375 4818 is
406 4763 632 4819 dudum
656 4763 844 4819 fuerat
873 4762 1084 4818 affectu
1121 4763 1179 4816 in
1213 4762 1433 4834 ipsum,
1467 4768 1601 4816 nato
1619 4778 1683 4818 ex
1709 4762 1983 4833 opinione

316 4869 440 4924 qua
470 4868 604 4907 eum
637 4853 712 4908 iis
745 4853 984 4908 dotibus
1016 4856 1075 4908 et
1103 4851 1332 4908 artibus
1364 4851 1616 4907 ducebat
1674 4850 1984 4923 praditum

315 4957 452 5013 qua
486 4941 557 4995 ad
590 4941 739 4996 bene
762 4941 1180 5012 imperandum
1209 4945 1348 4996 sunt
1405 4940 1774 4996 necessaria.
1831 4940 1983 5006 Quin

310 5035 377 5087 et
406 5029 479 5085 ad
513 5030 710 5100 majus
743 5029 967 5101 aliquid
984 5046 1090 5102 pro
1110 5045 1176 5085 eo
1191 5030 1541 5085 tentandum
1566 5028 1769 5085 multis
1792 5030 1986 5085 causis

316 5117 710 5175 incitabatur.
741 5119 1034 5192 Apparuit
1065 5118 1122 5174 id
1155 5135 1225 5174 ex
1255 5134 1528 5175 sermone
1559 5119 1818 5190 quodam
1860 5119 1987 5188 ejus

316 5224 564 5278 arcano,
597 5208 700 5280 qui
732 5209 900 5264 nobis
928 5208 1186 5264 innotuit
1215 5249 1231 5277 ,
1263 5207 1494 5264 Perlato
1522 5209 1594 5263 ad
1616 5224 1750 5264 eum
1783 5207 1986 5265 Nicaa

319 5299 640 5370 degentem
679 5301 885 5354 nuntio
917 5299 987 5354 de
1008 5302 1195 5354 morte
1219 5297 1610 5368 imperatoris,
1634 5297 1985 5368 priusquam

312 5403 414 5444 res
437 5387 494 5442 in
519 5387 808 5458 populum
836 5387 1197 5460 vulgaretur,
1237 5386 1837 5442 communicaviteam
1859 5386 1987 5442 cui-

313 5477 461 5533 dam
491 5491 520 5531 e
551 5475 946 5532 familiaribus
979 5476 1107 5532 suis
1139 5475 1546 5546 Gemisto,qui
1578 5481 1782 5548 postea
1799 5493 1988 5548 usque

317 5566 396 5622 ad
430 5581 717 5638 magnum
748 5570 1180 5623 aconomatum
1211 5565 1271 5620 in
1321 5566 1462 5622 urbe
1509 5565 1792 5638 pervenit.
1844 5571 1987 5622 Cum

317 5670 464 5728 ergo
496 5655 653 5712 inter
681 5671 782 5713 eos
826 5654 932 5712 illa
986 5655 1294 5714 occasione
1354 5657 1424 5712 de
1474 5655 1990 5713 administratione

319 5744 672 5819 reipublica
701 5761 896 5804 sermo
944 5747 1101 5804 esset
1152 5749 1416 5816 exortus,
1477 5744 1811 5819 patriarcha
1869 5763 1986 5805 non

2092 4764 2341 4837 Augusti
2375 4760 2597 4832 collega
2628 4758 2961 4815 declaratus
2991 4761 3163 4814 esset.
3197 4757 3315 4812 Hoc
3339 4760 3404 4810 ut
3435 4754 3752 4826 persuade-

2093 4861 2203 4922 ret,
2235 4851 2528 4924 allegabat
2554 4856 2774 4904 metum
2807 4846 3204 4918 periculorum
3257 4841 3750 4916 impendentium,

2095 4949 2152 5000 et
2184 4958 2397 4999 casum
2435 4937 2802 4994 Muzalonum
2827 4935 3215 4992 memorabat.
3249 4934 3322 4990 Se
3353 4948 3522 5003 porro
3561 4931 3758 4989 aiebat

2096 5051 2214 5091 non
2248 5029 2465 5087 minori
2495 5043 2676 5098 quam
2697 5025 2788 5081 cui
2813 5023 2896 5079 illi
2918 5021 3626 5081 succubuissentinvidia
3651 5022 3758 5078 ob-

2091 5125 2337 5195 jectum,
2371 5119 2620 5188 ideoque
2653 5114 2889 5171 anxium
2915 5113 2973 5168 in
3007 5113 3126 5170 acri
3147 5111 3546 5169 sollicitudine
3566 5111 3758 5166 vivere

2095 5210 2412 5286 perniciem
2445 5205 2507 5261 in
2540 5207 2837 5261 momenta
2875 5201 3133 5274 singula,
3165 5204 3216 5258 si
3244 5200 3667 5258 velminimum
3687 5201 3760 5255 de

2097 5317 2332 5357 summa
2363 5295 2632 5352 custodia
2664 5293 2976 5357 remiserit,
2999 5291 3318 5347 timentem.
3350 5290 3552 5361 Neque
3585 5305 3758 5360 porro

2094 5393 2184 5448 tot
2212 5390 2541 5446 distentum
2577 5382 3026 5454 suspicionibus
3057 5380 3206 5438 satis
3238 5397 3411 5453 posse
3441 5379 3762 5436 commissa

2097 5481 2212 5538 sibi
2243 5494 2384 5534 cura
2410 5471 2779 5531 custodiendi
2800 5471 3084 5544 principis
3114 5469 3374 5542 defungi,
3397 5469 3602 5540 utique
3624 5484 3758 5524 cum

2098 5581 2377 5641 magnam
2409 5561 2750 5619 attentionis
2781 5578 2848 5620 ac
2877 5560 3089 5634 vigilia
3123 5565 3347 5631 partem
3380 5558 3440 5612 in
3473 5555 3566 5613 sui
3588 5572 3758 5614 nece-

2097 5659 2314 5718 sariam
2347 5652 2684 5711 cautionem
2717 5651 2981 5710 derivare
3013 5665 3252 5707 necesse
3303 5646 3536 5704 habeat.
3585 5645 3759 5703 Mise-

2097 5764 2228 5807 rum
2261 5744 2442 5804 nimis
2473 5759 2602 5802 esse
2635 5747 2880 5800 astuare
2901 5738 3140 5799 assidue
3160 5737 3319 5795 intea
3343 5735 3605 5794 diversas
3627 5734 3760 5792 ofﬁ-
