4090 6406
338 395 447 451 515

1648 387 1950 446 GEORGII
1987 384 2453 441 PACHYMERJE

3665 378 3775 434 516

339 517 467 574 τίκα
493 514 854 574 κινδυνεύσων
914 516 958 571 εἰ
995 515 1072 589 μὴ
1125 514 1416 589 προσέχοι.
1475 513 1537 570 Ὁ
1590 509 1649 566 δὲ
1676 507 1991 589 φυλάττειν,
2023 504 2374 590 Αδεσπότης
2432 506 2522 560 καὶ
2572 508 2674 560 τοῦ
2735 504 2985 578 μείζονος
3042 502 3398 577 έπιλήψαιτο.
3455 499 3625 558 Αὐτὸν
3669 504 3775 579 γὰρ

343 606 515 664 ἄλλον
546 606 887 682 ἄπιτραπεὶς,
942 604 1103 665 αὐτὸς
1158 602 1407 666 πολλοὺς
1435 601 1865 681 φυλαττόμενος,
1899 600 2002 654 οὐκ

340 695 585 770 ἔμμονον
639 693 743 765 ἕξει
801 698 879 766 τῷ
938 691 1328 771 φυλαττομένῳ
1375 692 1475 760 τὴν
1531 689 1821 764 ἀσχολίαν,
1875 686 2000 762 περὶ

339 790 515 859 ἑαυτῷ
545 782 803 846 δεδοικὼς
833 784 900 838 τὰ
928 782 1178 839 πλεῖστα.
1238 780 1405 837 Παντὶ
1464 778 1511 835 δ’
1564 780 1828 855 ἐγχωρεῖν
1859 776 2000 851 μᾶλ-

341 873 438 930 λον
472 876 507 945 ἢ
541 873 741 950 φύλακι
775 870 979 927 δεῖσθαι
1012 869 1275 949 φύλακος.

410 982 424 1002 1
530 984 552 1002 ﬂ
804 979 817 999 9
1050 978 1063 998 I
1678 970 1700 993 .I
1940 973 1953 991 ε

338 992 405 1045 κθ
430 1023 445 1039 .
558 982 721 1071 Οπως
796 998 1235 1071 υποποιοξμενος
1317 979 1345 1032 6
1406 973 1797 1067 ¹Πειλαιρλογος
1871 994 1999 1036 τους

709 1051 720 1067 ς
821 1050 833 1060 ι
905 1053 917 1071 Ι
1169 1049 1181 1065 ν
1232 1054 1258 1064 οι
1294 1070 1297 1071 7
1334 1070 1339 1071 7
1376 1070 1395 1071 77
1462 1070 1465 1071 7
1574 1070 1579 1071 7
1596 1070 1603 1071 7
1658 1069 1663 1071 Δ
1684 1069 1732 1071 Ϊ-
1746 1068 1760 1071 Α
1773 1068 1797 1071 77

519 1051 767 1113 πολλοὺς
808 1050 1003 1121 ἁπήτει
1038 1046 1086 1104 6f
1125 1049 1422 1107 αὐτῶνκαὶ
1451 1049 1513 1104 τὸ
1548 1046 1818 1124 μέγιστον.

409 1146 589 1199 Ταῦτα
616 1141 701 1196 καὶ
734 1139 801 1194 τὰ
827 1144 1052 1195 τοιαῦτα
1083 1139 1383 1215 προτείνων
1434 1136 1614 1200 πολὺς
1673 1138 1740 1207 ἦν
1791 1133 1881 1190 καὶ
1936 1132 1999 1187 τὸ

342 1236 528 1304 μεῖζον
560 1233 971 1306 προσαπαιτῶν.
1030 1226 1255 1300 Ἀμέλει
1281 1248 1367 1282 τοι
1407 1226 1497 1282 καὶ
1546 1226 1692 1289 ὅϐοις
1740 1224 2001 1284 ὑπόπτως

338 1321 454 1394 εἶχε
481 1318 573 1375 καὶ
602 1320 740 1394 πρὸς
769 1319 834 1373 τὸ
864 1319 1036 1395 παρὸν
1096 1315 1549 1393 δυσχεραίνοντας
1594 1317 1683 1371 καὶ
1742 1314 1879 1388 πρὸς
1935 1311 2000 1367 τὸ

339 1406 545 1482 μέλλον
595 1408 1099 1485 προστησομένους,
1160 1405 1324 1480 ῒσχὺν
1382 1404 1617 1469 ἐντεῦθεν
1661 1399 1849 1459 λαϐὼν
1908 1400 2001 1455 καὶ

335 1499 535 1573 κράτος
582 1495 729 1573 ἔχων
785 1498 849 1553 τὸ
906 1497 1156 1571 μέγιστον
1214 1493 1461 1549 ἐκποδών
1515 1492 1712 1564 ἐποίει,
1739 1491 1871 1555 τοὺς
1905 1491 2001 1562 μὲν

337 1586 617 1662 ἐκρυσίους
671 1586 1101 1661 ὑποχωροῦντας
1164 1588 1248 1658 [Ρ.
1310 1588 1401 1657 48]
1457 1583 1547 1639 καὶ
1604 1584 1719 1646 καθ’
1779 1581 1998 1642 ἑαυτοὺς

341 1672 651 1750 διάγοντας,
682 1675 809 1738 τοὺς
842 1672 901 1730 δὲ
927 1675 1019 1730 καὶ
1064 1674 1224 1736 αὐτὸς
1276 1672 1612 1749 καθειργνὺς,
1645 1672 1732 1726 καὶ
1793 1667 1999 1731 ἄλλους

342 1765 437 1839 μὲν
497 1763 776 1840 ἀλλαχοῦ,
805 1766 899 1820 τὸν
931 1761 988 1819 δέ
1037 1762 1461 1838 Τζαμάντουρον
1513 1760 1601 1824 εἷς
1634 1762 1886 1837 Ιίροῦσαν
1917 1758 1998 1832 ἐξ·

335 1851 665 1917 αποστείλας
734 1854 825 1910 καὶ
875 1855 926 1908 οἱ
989 1851 1241 1933 φυλακὴν
1285 1852 1360 1915 ὡς
1408 1850 1718 1926 κατακρίτῳ
1769 1848 1996 1925 ἐγκατα-

336 1945 560 2014 στήσας.
619 1944 686 2002 Ol
736 1940 794 1999 δέ
836 1964 897 2021 γε
942 1942 1325 2020 προσκείμενοι
1378 1941 1563 2013 τούτῳ
1615 1941 1705 1995 καὶ
1764 1937 1888 1997 λίαν
1943 1939 1995 1993 ἐν

337 2030 557 2089 ἐλπίσιν
626 2034 762 2102 ἦσαν
832 2037 1106 2107 χρησταῖς
1169 2031 1259 2086 καὶ
1321 2029 1517 2101 ἀνέδην
1581 2031 1885 2106 συνήργουν
1946 2028 1999 2093 ές

338 2122 423 2177 ὅτι
478 2121 735 2196 μάλιστα,
758 2120 988 2197 Θάτερον
1047 2118 1105 2175 δὲ
1158 2125 1267 2176 τῶν
1322 2118 1569 2193 ἀδελφῶν
1608 2120 1863 2189 Ἰωάννην
1921 2123 2000 2190 τῷ

337 2213 437 2264 τοῦ
470 2208 715 2287 μεγάλου
747 2209 1074 2283 δομεστίκου
1105 2209 1400 2282 ἀξιώματι,
1445 2212 1543 2264 τοῦ
1595 2206 1866 2282 βασιλέως
1916 2204 2001 2261 δι-

337 2294 528 2362 δόντος
562 2295 746 2370 δῆθεν,
792 2305 1077 2377 περιφαμῆ
1129 2300 1357 2374 καθιστᾷ
1409 2296 1500 2352 καὶ
1546 2298 1632 2352 ἐπὶ
1691 2298 1801 2352 τῶν
1861 2316 1999 2351 ποα-

334 2386 565 2463 γμάτων
629 2389 765 2466 μέγα
827 2386 1147 2461 δυνάμενον.
1210 2386 1344 2443 Τότε
1398 2386 1580 2443 τοίνυν
1635 2386 1725 2442 καὶ
1788 2385 1997 2459 μείζοσι

338 2478 726 2553 θερμανθέντες
773 2477 981 2548 ἐλπίσι,
1023 2477 1170 2551 παρὰ
1223 2479 1316 2532 τὸν
1369 2478 1718 2553 πατριάρχην
1775 2475 2001 2551 γενόμε·

335 2585 421 2621 νοι
468 2566 560 2622 καὶ
599 2568 701 2637 τὴν
732 2564 957 2623 σύνοδον
990 2566 1090 2623 οὐκ
1143 2566 1362 2637 ἀνήσειν
1412 2565 1669 2643 ἐφασκου,
1705 2566 1751 2621 εἱ
1787 2567 1863 2641 μή
1889 2568 1941 2641 γ’
1973 2567 2001 2621 ὁ

340 2783 416 2841 cii
446 2782 663 2855 publici
697 2787 756 2839 et
775 2783 1137 2857 privatorum
1160 2782 1574 2841 discriminum
1602 2798 1775 2839 curas
1801 2800 1815 2851 ;
1841 2782 1997 2840 unde

337 2872 507 2930 illum
539 2873 643 2946 qui
673 2873 894 2932 electus
923 2874 996 2930 ad
1036 2873 1148 2929 hoc
1196 2874 1276 2930 sit
1335 2876 1399 2928 ut
1447 2871 1699 2929 salutem
1758 2875 1997 2927 tueatur

337 2962 627 3035 principis
657 2963 927 3018 omnium
948 2962 1209 3033 undique
1230 2960 1364 3018 telis
1385 2968 1440 3017 et
1460 2960 1994 3017 innumerabilibus

335 3051 573 3108 insidiis
604 3052 933 3124 expositum
957 3052 1046 3108 vel
1079 3052 1331 3107 maxime
1364 3050 1564 3123 ipsum
1621 3049 1895 3121 praesidio
1937 3054 1997 3105 et

338 3140 604 3198 excubiis
634 3156 825 3215 egere.
859 3143 1048 3208 Quare
1104 3140 1501 3212 praestabilius
1558 3139 1743 3195 videri
1798 3138 1995 3195 locum

332 3231 539 3288 cedere
593 3229 840 3286 cuilibet
867 3228 1087 3286 volenti
1118 3246 1298 3303 quam
1329 3228 1389 3285 in
1424 3245 1489 3286 eo
1521 3244 1740 3301 angore
1779 3244 1846 3285 ac
1868 3232 1990 3285 tor-
2026 3264 2069 3331 C

335 3323 534 3377 mento
563 3320 775 3376 vivere.

331 3427 423 3483 29.
452 3429 515 3487 Ut
540 3426 793 3484 delinitr’s
821 3427 1176 3495 Palaeclogus
1200 3426 1453 3498 plerisqu
1467 3442 1496 3483 ε
1514 3428 1827 3499 principum
1844 3442 1998 3483 sum-

710 3516 866 3555 mum
894 3501 1155 3556 honorem
1183 3499 1498 3555 ebtanditus
1525 3501 1618 3554 sit.

405 3588 539 3645 Haec
568 3591 627 3644 et
655 3588 784 3659 ejus
814 3587 1046 3659 generis
1080 3588 1268 3643 multa
1300 3588 1601 3660 proferens
1623 3587 1998 3646 vehementer

333 3678 719 3734 incumbebat
748 3679 806 3734 in
839 3676 1183 3749 petitionem
1216 3678 1477 3749 supremi
1511 3678 1775 3734 honoris.
1817 3679 1993 3735 Porro

334 3766 571 3824 interim
599 3783 749 3838 quos
771 3771 1079 3839 suspectos
1110 3767 1385 3835 habebat,
1419 3767 1994 3840 quibusqueintelli-

334 3857 511 3929 gebat
541 3855 853 3927 displicere
874 3856 1206 3927 praesentia,
1238 3856 1399 3912 cordi
1430 3873 1561 3912 esse
1581 3874 1750 3928 nova,
1774 3858 1833 3912 in
1857 3873 1995 3929 spes

333 3946 670 4001 futurorum
690 3944 984 4019 inquietas
999 3946 1468 4014 imminentibus,
1485 3963 1583 4003 eos
1597 3964 1740 4004 sane
1757 3964 1994 4003 summa

334 4050 512 4106 quam
543 4034 850 4092 obtinebat
880 4040 1168 4108 potestate
1198 4042 1440 4093 strenue
1496 4041 1671 4093 utens
1715 4038 1935 4093 amovit
1963 4054 1994 4093 ο

333 4125 551 4192 medio,
582 4125 796 4198 partim
826 4126 1043 4197 injecto
1072 4130 1295 4184 terrore
1317 4126 1580 4183 efﬁciens
1608 4130 1674 4182 ut
1695 4131 1902 4198 sponte
1919 4126 1991 4181 ad

333 4231 447 4271 sua
475 4231 539 4271 se
572 4215 898 4288 reciperent
925 4220 984 4271 et
1014 4215 1173 4271 domi
1229 4232 1291 4273 se
1346 4219 1635 4283 tenerent,
1694 4216 1911 4287 partim
1938 4215 1993 4271 vi

334 4303 574 4377 publica
602 4320 903 4361 coercens.
935 4305 1059 4369 Quo
1091 4305 1153 4359 in
1208 4321 1422 4377 genere
1482 4320 1618 4359 cum
1675 4303 1823 4361 alios
1878 4304 1991 4361 alio

330 4393 694 4461 amandavit,
728 4398 857 4448 tum
889 4393 1352 4449 Tzamanturum
1386 4392 1712 4465 relegatum
1746 4394 1991 4451 Prusam

331 4480 415 4537 ibi
445 4481 715 4538 custodia
745 4486 933 4538 teneri
964 4482 1122 4538 velut
1154 4499 1317 4538 reum
1341 4482 1545 4554 jussit.
1578 4483 1820 4539 Interim
1869 4483 1993 4540 ala-

332 4585 463 4626 cres
491 4570 550 4626 in
585 4571 804 4643 spebus
835 4570 1078 4642 optimis
1104 4570 1500 4641 ﬂorentesque
1528 4571 1621 4627 8|
1672 4571 1996 4629 volitabant

2110 595 2359 651 εἶναικαὶ
2420 592 2583 667 μόνον
2628 594 2690 649 τὸ
2724 594 2860 667 μετὰ
2913 594 3006 649 τὸν
3033 591 3094 648 ἐκ
3143 593 3333 670 γένους
3368 590 3595 667 βασιλέα
3625 592 3774 663 ἄξιον

2109 684 2296 760 ἄρχειν
2356 685 2444 739 καὶ
2505 685 2597 739 σὺν
2648 683 2854 757 ἐκείνῳ,
2914 683 3002 739 καὶ
3046 683 3154 738 δεῖν
3189 682 3364 745 οὕτως
3392 676 3582 757 ἔχουσι
3620 682 3776 756 βασι-

2111 774 2251 837 λέως
2312 772 2562 836 ἐντελοῦς
2618 773 2671 836 ές
2709 774 2737 828 ὃ
2785 795 2838 828 τι
2869 774 2960 829 καὶ
2995 773 3213 850 πραξοι.
3243 773 3315 827 Τὸ
3375 772 3471 845 μὶν
3507 768 3598 826 οὖν
3644 771 3777 827 ἀνα-

2114 867 2290 938 μένειν
2334 866 2434 933 τήν
2492 868 2590 918 τοῦ
2640 863 2911 941 ἀφήλικος
2961 863 3181 933 ἡλικίαν
3212 904 3226 931 ,
3290 863 3366 934 μὴ
3428 860 3518 916 καὶ
3579 862 3776 939 φθάσει

2107 976 2191 1017 τις
2220 952 2554 1027 κηδεμονίας
2606 952 2863 1025 δεόμενος
2906 950 3161 1025 ἐμποδὼν
3212 952 3453 1027 γεγονὼς
3498 950 3624 1027 πρὶν
3676 949 3713 1020 ἢ
3746 951 3777 1006 6

2110 1045 2166 1099 εὗ
2224 1046 2437 1117 πράξων
2498 1042 2699 1097 ἐκεῖνον
2759 1041 2969 1097 τελείαν
3033 1037 3178 1116 λάϐῃ
3208 1044 3310 1111 τήν
3352 1039 3598 1111 ἠλικίαν
3629 1041 3693 1096 τὸ
3725 1037 3776 1096 δ’

2110 1132 2199 1189 ἐπὶ
2228 1137 2335 1187 τῶν
2367 1152 2701 1209 πραγμάτων
2744 1128 2870 1187 ὄντα
2900 1133 2989 1187 τὸν
3023 1130 3306 1205 κηδεμόνα
3366 1132 3443 1205 μὴ
3477 1130 3553 1193 ὡς
3618 1131 3775 1206 βασι-

2111 1222 2209 1279 λέα
2238 1225 2516 1297 πράττειν,
2547 1223 2623 1295 μὴ
2657 1223 2745 1277 καὶ
2808 1217 3066 1284 ἀϐέϐαιος
3116 1224 3151 1291 ἡ
3186 1222 3350 1297 χάρις
3398 1222 3490 1276 καὶ
3544 1219 3777 1284 ἄστατος

2108 1312 2162 1387 ᾖ.
2198 1314 2362 1370 Ταῦτ’
2411 1311 2598 1388 ἔλεγον
2630 1313 2682 1367 οἱ
2712 1311 2765 1367 ἐν
2802 1310 2974 1383 τέλει,
3004 1312 3094 1367 καί
3125 1312 3219 1367 τὸν
3276 1310 3626 1386 πατριάρχην
3672 1330 3777 1382 μα-

2111 1400 2471 1475 λακιζόμενόν
2529 1400 2765 1466 ἔπειθονο
2827 1399 2956 1456 οὐδὲ
3003 1402 3103 1477 γὰρ
3148 1398 3262 1456 οὐδ’
3315 1400 3517 1463 ἐκεῖνος
3570 1398 3775 1473 ἠμέλει

2106 1496 2215 1547 τῶν
2244 1491 2597 1563 καθηκόντων
2624 1491 2715 1547 καὶ
2743 1494 2827 1554 οἷς
2858 1493 2885 1547 ὁ
2916 1492 3061 1568 ἱερὸς
3100 1489 3439 1565 μαλάσσοιτο
3469 1487 3771 1563 σύλλογος.

2109 1584 2332 1656 υεὶριστο
2368 1582 2461 1655 μὶν
2495 1582 2586 1636 οὖν
2621 1584 2655 1650 ἡ
2681 1582 2863 1656 ἡμέρα
2890 1584 2993 1651 τῆς
3022 1579 3395 1657 ἀναρρήσεως,
3445 1582 3479 1649 ἡ
3515 1576 3572 1634 δὲ
3616 1578 3685 1647 ἦν
3736 1580 3773 1649 ἡ

2107 1676 2205 1727 τοῦ
2234 1665 2717 1744 Ἑκατομϐαιῶνος
2749 1672 3043 1745 νουμηνία,
3065 1677 3165 1740 τῆς
3185 1669 3310 1726 τότε
3335 1668 3643 1746 τρεχούσης
3661 1665 3779 1724 δευ-

2107 1762 2265 1838 τέρας
2296 1761 2694 1834 ἐπινεμήσεως.

2111 1867 2179 1925 λ’,
2211 1870 2399 1931 Ὅπως
2432 1869 2459 1923 6
2490 1866 2542 1924 ἐν
2570 1872 2638 1943 τῇ
2672 1865 2820 1922 δόσει
2864 1865 3130 1943 δεσπότης
3180 1865 3418 1943 Μιχαὴλ
3450 1867 3770 1942 κατεπήρθη

2674 1945 2783 1995 τῶν
2832 1940 3194 2016 πραγμάτων.

2176 2030 2265 2087 Ἐν
2297 2029 2544 2102 τοσούτῳ
2604 2027 2780 2085 δὲκαὶ
2828 2031 2857 2084 6
2906 2028 2959 2084 ἐν
3005 2034 3074 2103 τῇ
3118 2027 3267 2085 δόσει
3327 2026 3596 2097 δεσπότης
3657 2029 3768 2085 Μι-

2106 2118 2285 2196 χαὴλ,
2328 2121 2356 2173 ὁ
2411 2124 2509 2174 τοῦ
2565 2114 3131 2195 προϐεϐασιλευκότος
3191 2116 3480 2195 Θεοδώρου
3531 2117 3773 2192 ἀνεψιὸς,

2107 2208 2340 2271 ἀκούσας
2368 2210 2436 2263 τὰ
2462 2210 2579 2265 κατ’
2626 2207 2900 2278 ἀνατολὴν
2962 2210 3037 2271 ὡς
3095 2208 3269 2284 εἶχον,
3327 2209 3419 2263 καὶ
3477 2209 3560 2263 ὅτι
3613 2205 3775 2262 ἐκπο⁹

2110 2295 2218 2353 δὼν
2267 2297 2554 2373 γεγονότος
2599 2301 2697 2353 τοῦ
2745 2297 2990 2374 Αάσκαρι
3021 2296 3539 2373 ἐν-μειρακυλλίοις
3595 2297 3690 2370 μὶν
3742 2299 3770 2352 6

2110 2387 2161 2457 ἐξ
2209 2386 2412 2442 ἐκείνου
2446 2386 2701 2457 Ἰωάννης
2758 2387 2929 2459 τελεῖ,
2986 2386 3064 2451 εἷς
3112 2387 3402 2463 προνομὴν
3466 2383 3525 2441 δὲ
3568 2388 3603 2456 ἡ
3664 2389 3774 2441 τῶν

2109 2476 2399 2550 Ῥωμαίων
2433 2477 2683 2553 βασιλεία
2711 2481 2991 2549 κεῖταιτῷ
3045 2474 3397 2553 βουλομένῳ,
3426 2474 3611 2552 ἀνάγει
3676 2476 3771 2531 τὸν

2111 2570 2238 2622 νοῦν
2266 2566 2401 2642 πρὸς
2433 2567 2525 2622 τὸν
2556 2568 2698 2621 θεῖον
2731 2564 3036 2643 Θεόδωρον,
3068 2565 3218 2629 ὅπως
3248 2564 3498 2628 κάκεῖνος
3547 2563 3773 2641 εὐγενὴς

2107 2798 2242 2855 pem
2274 2783 2660 2856 praerogativa
2690 2782 2971 2839 nascendi
2995 2783 3100 2855 jus
3131 2782 3433 2853 adeptum,
3481 2781 3770 2853 dignissi-

2106 2888 2241 2929 mus
2266 2873 2513 2944 imperio
2540 2873 2651 2929 sit:
2708 2873 2956 2944 ideoque
3007 2871 3292 2943 collegam
3325 2871 3378 2927 ei
3438 2871 3767 2943 adjungen-

2105 2962 2271 3018 dum.
2314 2962 2495 3033 Egere
2553 2962 2810 3033 profecto
2869 2960 3296 3033 rempublicam
3355 2964 3587 3016 maturo
3640 2962 3768 3031 jam

2104 3050 2367 3123 principe
2398 3057 2455 3108 et
2485 3054 2553 3109 ad
2586 3069 2687 3125 per
2716 3068 2778 3109 se
2810 3054 3108 3125 agendum
3140 3052 3293 3125 quod
3326 3051 3405 3107 sit
3433 3067 3584 3122 opus
3604 3056 3769 3123 apto,

2113 3157 2220 3197 nec
2248 3142 2572 3212 exspectari
2605 3158 2776 3213 posse
2816 3143 2953 3198 dum
2978 3140 3335 3214 puerulusin
3360 3140 3548 3196 virum
3570 3139 3768 3196 adole-

2106 3231 2273 3300 verit,
2301 3248 2372 3287 ne
2400 3232 2665 3288 Romana
2695 3249 2787 3289 res
2810 3232 3086 3304 praesenti
3117 3230 3369 3304 vigentis
3396 3229 3763 3303 imperatoris

2108 3335 2217 3392 ope
2247 3319 2520 3391 indigens
2550 3320 2639 3375 sel
2674 3322 2952 3388 maxime,
2987 3324 3073 3377 tot
3116 3320 3308 3376 cincta
3337 3317 3635 3392 periculis,
3661 3333 3765 3390 per

2105 3413 2333 3466 tantam
2367 3426 2593 3465 moram
2628 3410 2797 3483 prius
2830 3418 3028 3483 pereat
3077 3414 3431 3481 corruatque
3479 3408 3769 3477 funditus,

2106 3516 2286 3571 quam
2312 3500 2411 3571 qui
2441 3517 2570 3557 eam
2601 3500 3011 3557 vindicaturus
3042 3500 3115 3556 ab
3141 3499 3385 3555 interitu
3416 3498 3514 3566 sit,
3547 3498 3608 3554 in
3660 3497 3769 3554 ﬂo-

2105 3594 2332 3646 rentem
2367 3590 2685 3646 adoleverit
2715 3594 2973 3646 aetatem.
3004 3589 3355 3662 Impositum
3384 3591 3579 3644 autem
3600 3603 3773 3644 cura-

2102 3684 2290 3735 torem
2323 3680 2577 3752 negotiis
2603 3697 2719 3736 non
2740 3679 3144 3752 utprincipem
3167 3694 3359 3751 agere,
3385 3678 3488 3735 sed
3507 3677 3775 3749 precaria

2104 3770 2361 3842 quadam
2391 3774 2450 3825 et
2467 3769 2837 3825 auctoritatis
2861 3766 3206 3842 principalis
3228 3766 3773 3840 egena'functione,

2102 3863 2161 3915 et
2181 3858 2486 3915 inﬁrmum
2516 3862 2573 3915 et
2601 3858 2878 3915 instabile
2907 3856 3243 3931 reipublice
3276 3856 3556 3913 solatium
3617 3871 3771 3913 esse.

2103 3947 2269 4003 Talia
2299 3964 2435 4004 cum
2467 3947 2781 4021 optimates
2843 3947 3125 4015 dicerent,
3177 3948 3608 4019 persuaserunt
3665 3942 3799 4017 pa-'

2101 4036 2371 4093 triarchas
2395 4053 2499 4109 per
2519 4053 2604 4093 se.
2624 4037 2985 4105 utdiximus,
3000 4035 3335 4093 emollitoin
3352 4034 3771 4107 Palaeologum.

2101 4124 2213 4180 Sed
2229 4141 2334 4179 nec
2347 4124 2474 4197 ipse
2487 4141 2657 4195 cu1us
2685 4140 2777 4180 res
2800 4126 3085 4197 agebatur
3100 4124 3373 4181 cessabat
3385 4121 3776 4195 Palazologus:

2103 4213 2245 4285 quin
2275 4214 2580 4286 satagebat
2610 4215 2670 4270 in
2701 4215 2931 4271 cunctis
2965 4215 3034 4269 ad
3061 4213 3187 4287 spei
3227 4213 3501 4269 allectum
3551 4213 3778 4269 facien-

2102 4303 2284 4371 tibus,
2315 4302 2377 4358 in
2409 4303 2618 4376 primis
2648 4304 2721 4360 ad
2754 4304 2868 4360 sibi
2902 4303 3275 4360 deliniendos
3307 4301 3446 4358 cleri
3477 4316 3542 4357 ac
3569 4317 3771 4357 sacro-

2103 4408 2236 4448 rum
2267 4391 2604 4448 antistitum
2636 4393 2888 4450 animos.
2921 4392 3190 4463 Denique
3212 4391 3307 4447 his
3329 4391 3559 4447 artibus
3583 4394 3776 4462 impe-

2102 4485 2326 4537 tratum
2356 4485 2421 4537 ut
2453 4481 2580 4538 dies
2602 4482 2896 4538 diceretur
2927 4480 3359 4553 proclamando
3392 4480 3451 4536 in
3483 4478 3776 4551 collegam

2104 4571 2477 4642 imperatoris
2499 4571 2847 4644 Palaeologo.
2883 4572 2962 4627 Ea
2992 4571 3105 4627 fuit
3135 4570 3443 4626 neomenia
3470 4568 3782 4626 Hecatom-

332 4659 437 4732 qui
494 4661 794 4716 fortunam
853 4660 1256 4731 sequebantur
1319 4659 1654 4733 Palasologi,
1728 4662 1994 4732 clientes,
2026 4644 2071 4709 D
2104 4660 2323 4716 bzeonis
2355 4678 2458 4717 seu
2482 4661 2755 4717 Kalendas
2785 4661 3115 4733 Januarizr,
3142 4660 3619 4716 indictionetunc
3640 4675 3776 4715 cur-

337 4748 514 4806 amici
571 4765 639 4806 ac
710 4765 1067 4821 quocunque
1124 4749 1365 4806 nomine
1416 4751 1752 4820 necessarii,
1808 4751 1996 4823 parati

337 4855 573 4912 semper
601 4839 674 4896 ad
708 4843 924 4896 nutum
956 4884 972 4911 ,
1005 4838 1377 4911 impigreque
1399 4844 1675 4896 curantes
1707 4840 1996 4914 quir'quid

339 4928 411 4984 ad
445 4945 791 4985 communes
822 4929 1086 4985 rationes
1115 4930 1387 5000 expedire
1433 4929 1748 4985 videretur.
1809 4930 1872 4986 In
1904 4930 2000 4987 his

339 5016 590 5074 alterum
623 5020 862 5075 fratrem
893 5019 1183 5075 Joannem
1216 5018 1415 5090 magni
1432 5018 1741 5075 domestici
1762 5020 2000 5092 amplis-

338 5104 494 5161 sima
513 5106 799 5179 dignitate
830 5108 1029 5164 ornari
1063 5124 1167 5180 per
1194 5106 1605 5179 imperatorem
1638 5108 1881 5179 despota
1903 5125 1998 5164 cu-

340 5193 512 5262 ravit,
542 5194 627 5250 sic
656 5211 791 5251 eum
823 5205 876 5252 et
906 5196 1123 5253 illustri
1155 5196 1377 5254 honore
1406 5201 1466 5253 et
1496 5196 1755 5253 maxima
1794 5213 1999 5269 geren-

342 5282 555 5338 darum
588 5298 783 5340 rerum
815 5288 1104 5356 potestate
1133 5288 1457 5343 instruens.
1492 5287 1617 5351 Quo
1674 5286 1827 5342 facto
1870 5288 1998 5358 jam

343 5372 669 5442 majoribus
699 5371 926 5429 incensi
955 5375 1177 5446 spebus
1228 5374 1530 5448 Palssologi
1590 5374 1850 5433 fautores
1897 5393 2000 5448 pa-

340 5460 632 5517 tiarcham
665 5467 724 5518 et
752 5478 983 5518 sacram
1027 5465 1318 5535 synodum
1371 5464 1619 5534 ambire,
1680 5481 1747 5520 ac
1806 5465 2000 5523 dicere

341 5549 567 5607 nullam
600 5550 858 5622 quietem
882 5551 1057 5607 rebus
1075 5552 1195 5608 fore
1210 5558 1312 5609 aut
1329 5553 1709 5610 securitatem
1729 5554 1998 5627 imperio,

340 5641 529 5711 quoad
558 5641 804 5713 despota
832 5641 892 5697 in
927 5656 1111 5697 unum
1142 5642 1335 5698 adhuc
1356 5643 1603 5714 gradum
1650 5644 2003 5716 provehatur

344 5727 541 5787 altius.
575 5734 776 5803 Ipsum
808 5728 997 5788 solum
1033 5744 1164 5788 esse
1193 5730 1458 5788 omnium
1479 5731 1603 5804 qui,
1625 5737 1757 5804 post
1777 5733 2003 5806 princi-

2108 4754 2273 4807 rents
2302 4751 2584 4807 secunda.

2105 4859 2194 4915 50.
2233 4857 2297 4916 Ut
2325 4858 2387 4913 in
2421 4858 2714 4916 Occidente
2767 4858 3000 4930 despota
3025 4857 3266 4915 Michael
3294 4858 3474 4914 elatus
3511 4855 3574 4912 in
3627 4872 3785 4928 spem

2516 4932 2789 5002 majorem
2817 4947 2956 4987 nova
2995 4931 3228 4987 molitus
3256 4930 3350 4985 sit.

2181 5019 2331 5074 Dum
2361 5018 2484 5075 haec
2517 5024 2824 5091 geruntur,
2858 5021 3106 5093 despota
3133 5019 3467 5076 Occidentis
3500 5017 3770 5089 Michael,

2108 5108 2421 5179 Theodori,
2451 5109 2553 5165 82
2585 5109 2687 5180 qui
2720 5109 2804 5165 ibi
2847 5110 3264 5183 imperaverat,
3323 5108 3521 5165 fratris
3575 5106 3760 5179 ﬁlius,

2110 5196 2309 5254 audito
2341 5214 2537 5254 rerum
2569 5197 2941 5254 orientalium
2973 5197 3395 5271 statu,sublato
3436 5196 3707 5253 videlicet
3737 5212 3771 5253 e

2110 5286 2304 5341 medio
2341 5286 2576 5343 Lascari
2605 5286 2893 5343 Joannem
2925 5288 3055 5359 ejus
3078 5286 3266 5343 {ilium
3294 5303 3424 5343 esse
3452 5284 3648 5342 adhuc
3676 5284 3773 5340 in-

2108 5374 2426 5443 fantulum,
2462 5375 2795 5432 Romanum
2826 5392 2964 5433 vero
2995 5377 3311 5449 imperium
3340 5374 3526 5432 cuivis
3556 5390 3767 5446 rapere

2110 5464 2325 5521 volenti
2361 5464 2421 5519 in
2454 5465 2712 5536 pradam
2745 5466 3080 5538 expositum
3112 5467 3330 5538 jacere,
3391 5468 3647 5522 mentem
3706 5463 3771 5520 in

2113 5568 2248 5625 spes
2274 5552 2505 5626 amplas
2518 5552 2748 5623 extulit,
2763 5557 3062 5627 proposito
3075 5555 3188 5612 sibi
3204 5554 3469 5628 exemplo
3481 5553 3774 5611 Theodori

2113 5642 2329 5715 patrui.
2363 5644 2422 5699 Is
2453 5644 2671 5700 nobilis
2700 5646 2879 5716 atque
2908 5646 3055 5703 adeo
3086 5662 3156 5702 ex
3186 5643 3769 5718 primanobilitatem

2112 5731 2416 5806 priorcilla
2430 5733 2828 5791 Romanarum
2850 5735 3290 5807 perturbatione
3304 5751 3498 5793 rerum
3515 5751 3648 5791 sum
3658 5733 3778 5806 ptis
