4090 6396
292 385 404 441 517

1385 389 1479 441 DE
1516 387 1894 444 MICHAELE
1932 389 2378 448 PALJEOLOGO
2414 396 2549 448 LIB.
2592 400 2634 451 Ι.

3613 403 3721 459 518

291 507 368 564 ὣν
398 508 489 565 καὶ
538 507 604 564 τὰ
650 511 841 584 πρῶτα
872 511 934 583 [Ρ
967 511 1054 582 49]
1113 513 1220 564 τῶν
1280 509 1512 585 εὐγενῶν
1571 515 1671 579 τῆς
1726 511 1952 587 πρώτης
1985 516 2036 582 Α
2067 515 2170 585 ψας
2203 514 2347 590 παρὰ
2381 519 2486 588 μὴν
2537 523 2634 573 τοῦ
2674 522 2864 596 Μαιρρέε
2894 523 3241 598 τρισχιλίους
3291 523 3382 588 οὕς
3433 525 3584 580 αὐτοὶ
3635 527 3725 584 λέ-

291 599 506 670 ἐκείνης
562 598 875 674 συκχύσεως
944 600 1329 672 συμπεσούσης
1390 599 1684 672 Ῥωμαίοις
1769 599 1954 654 ἐαυτὸν

292 684 691 763 ἀναλαμϐάνει,
733 690 821 744 καὶ
874 689 1153 751 πλείστοις
1204 688 1354 751 ὅσοις
1400 694 1517 750 τοῖς
1549 692 1667 744 κατ’
1727 688 1953 744 Ἰταλῶν

285 777 561 852 πολέμνις
593 776 1059 854 ένανδραγαοήσας
1120 785 1219 848 τῆς
1277 777 1556 852 βασιλείας
1611 778 1955 851 ἐπείληπτο,

288 868 536 945 στεφθεῖς
574 869 722 942 παρᾶ
770 872 866 922 τοῦ
920 867 1200 944 ’Λχριδῶν
1247 863 1532 940 Ἰακώϐου,
1580 868 1668 922 καὶ
1708 868 1774 922 τὰ
1820 869 1958 922 κατὰ

292 955 446 1012 δύσιν
468 956 596 1022 τοὺς
628 957 867 1019 Ἰταλοὺς
912 956 1248 1035 ἀφελόμενος
1299 959 1731 1034 προσεκτήσατο,
1791 956 1955 1031 μέγας

292 1047 383 1103 ἐπὶ
442 1051 548 1102 τῶν
597 1046 935 1124 πραγμάτων
1006 1047 1306 1126 ἀναφανεὶς,
1384 1049 1549 1122 μέχρι
1621 1047 1712 1101 καὶ

289 1135 426 1208 λαιᾷ
455 1137 831 1213 προσκρούσας
862 1137 950 1192 καὶ
995 1138 1349 1212 κατασχεθεὶς
1405 1142 1484 1210 τῷ
1543 1139 1702 1194 Ἀσᾶν
1757 1136 1958 1214 ἀφῃρέ-

286 1229 357 1299 Θη
407 1231 515 1281 τῶν
569 1225 893 1304 ὀφθαλμῶν.
942 1231 1120 1282 Ταῦτα
1167 1227 1346 1282 τοίνυν
1411 1228 1438 1281 6
1486 1225 1721 1300 Μιχαὴλ
1766 1225 1820 1280 ἐν
1880 1229 1957 1279 νῶ

286 1319 534 1392 θέμενος,
565 1317 656 1372 καὶ
688 1316 1170 1385 καταλαζονευθείς
1221 1320 1331 1370 τῶν
1381 1315 1722 1391 πραγμάτων
1775 1313 1952 1390 ἀρρώ-

289 1429 431 1470 στως
484 1405 727 1482 ἑχόντων
764 1450 777 1476 ,
831 1404 946 1460 ἐπεὶ
1001 1406 1091 1461 καὶ
1147 1407 1208 1461 τὸ
1267 1407 1404 1461 κατά
1460 1405 1623 1460 πόλιν
1687 1403 1952 1460 Ἰταλικὸν

287 1497 506 1567 ἠσθένει
554 1501 672 1559 τοῖς
729 1500 854 1559 καθ’
909 1497 1039 1550 αὑτὸ
1088 1495 1405 1572 πράγμασι,
1453 1495 1661 1570 βουλὴν
1727 1493 1955 1568 βουλεύ-

289 1607 404 1642 εται
439 1587 514 1648 ὡς
541 1584 664 1642 λίαν
697 1587 948 1656 νεανικὴν
982 1586 1073 1640 καὶ
1102 1592 1202 1656 τῆς
1251 1585 1414 1640 αὐτοῦ
1466 1584 1734 1660 εὐγενείας
1785 1582 1953 1653 ἀξίαν.

283 1685 351 1742 ²Η
403 1682 460 1739 δὲ
508 1682 722 1759 βουλὴ,
773 1682 1031 1747 πλείστας
1091 1683 1219 1748 ὅσας
1278 1682 1629 1758 συναθροίσας
1689 1679 1946 1752 δυνάμεις

288 1773 383 1828 καὶ
445 1777 514 1848 τῇ
563 1771 725 1828 πόλει
773 1773 1029 1850 προαγὼν
1084 1773 1433 1848 περικαθίσαι
1483 1771 1574 1826 καὶ
1632 1771 1955 1843 πειραθῆναι

1794 1046 1958 1121 μοίρᾳ
1984 1101 1989 1107 _

2065 623 2223 676 γουσι
2271 601 2682 683 καϐαλλαρίους
2726 606 3012 683 λαμϐάνει,
3064 610 3342 689 ἀνδρείους
3395 613 3454 668 ἐκ
3504 621 3722 690 Γερμα-

2065 696 2195 763 νῶν,
2234 695 2326 749 τὸν
2361 693 2416 750 δέ
2447 718 2506 772 γε
2539 698 2804 773 πρίγκιπα
2853 700 2981 756 ὅλον
3017 703 3130 777 εἶχε
3173 701 3264 757 σὺν
3313 709 3430 765 τοῖς
3475 705 3724 780 στρατεύ-

2071 804 2252 854 μασιν.
2281 787 2416 860 Εἶχε
2445 784 2502 840 δὲ
2531 787 2618 841 καὶ
2649 789 2742 843 τὸν
2792 789 2850 844 ἐκ
2878 791 3090 853 νοθείας
3139 793 3254 846 υἱὸν
3285 793 3536 864 Ἰωάννην
3592 797 3727 868 μετὰ

2064 877 2160 926 τοῦ
2193 873 2393 928 οἰκείου
2446 875 2585 930 λαοῦ
2634 878 2700 932 τὰ
2756 880 2985 954 μέγιστα
3031 883 3438 956 συναιρόμενον·
3472 884 3484 905 ,
3512 885 3726 947 Εκεῖνος

2067 961 2155 1015 καὶ
2213 963 2312 1037 γὰρ
2367 962 2476 1034 ἤδη
2537 967 2657 1020 καθ’
2719 967 2877 1023 αὐτὸν
2930 969 3000 1043 τῇ
3059 975 3154 1024 τοῦ
3213 974 3445 1045 Ταρωνᾶ
3500 974 3722 1050 ουγατρὶ

2068 1051 2264 1121 συνὼν,
2317 1050 2448 1106 λαὸν
2499 1053 2763 1130 ἐξαίρετον
2802 1058 2974 1132 ἔχων,
3030 1056 3255 1122 δυνατὸς
3303 1062 3369 1129 ἦν
3417 1061 3507 1115 καὶ
3562 1062 3727 1134 μόνος

2068 1146 2382 1215 στρατηγεῖν
2442 1142 2532 1196 καὶ
2590 1151 2979 1217 προσκτᾶσθαι·
3041 1150 3169 1210 τοὺς
3207 1151 3310 1224 γὰρ
3362 1151 3424 1204 τὸ
3482 1150 3718 1207 παλαιὸν

2065 1227 2363 1302 Ἓλληνας,
2425 1231 2517 1294 οὕς
2568 1233 2868 1308 Ἀχίλλεὺς
2919 1235 3035 1312 ἦγε,
3074 1233 3572 1315 Μεγαλοϐλαχίτας
3624 1263 3722 1296 κα-

2069 1315 2180 1371 λῶν
2233 1318 2544 1393 ἐπεφέρετο,
2585 1321 2723 1378 ὥστε
2773 1323 2904 1398 μηδ’
2948 1323 3049 1396 ἔξω
3098 1323 3414 1401 προϐαίνειν
3459 1328 3541 1384 ε’ία
3582 1329 3720 1405 Βερς

2068 1404 2216 1480 ῥοίας
2265 1415 2354 1462 τὸν
2409 1408 2794 1487 Παλαιολὸγον
2845 1415 3009 1488 μέγαν
3062 1413 3386 1488 δομέστιγον
3442 1417 3720 1490 Ἰωάννην,

2062 1497 2152 1548 τὸν
2211 1499 2706 1573 Στρατηγὸπουλον
2760 1501 3000 1573 Ἀλέξιον
3047 1505 3136 1559 καὶ
3184 1507 3369 1580 τρίτον
3425 1507 3517 1562 τὸν
3558 1506 3717 1562 Ῥοῦλ

2064 1585 2388 1658 Ἰωάνννην,
2440 1590 2640 1665 συχνὰς
2683 1589 2940 1665 δυνάμεις
2985 1594 3109 1667 περὶ
3176 1594 3370 1658 αὐτοὺς
3444 1592 3678 1671 ἔχοντας
3707 1641 3720 1654 .

2066 1674 2204 1732 Τότε
2233 1675 2413 1732 τοίνυν
2467 1681 2785 1756 συναγαγὼν
2815 1683 2842 1736 6
2875 1680 3145 1754 δεσπότης
3193 1685 3322 1747 τοὺς
3368 1685 3719 1759 εἰρημένους,

2066 1761 2210 1838 ἔχων
2245 1765 2334 1820 καὶ
2372 1767 2500 1831 τοὺς
2550 1770 2742 1826 ἑαυτοῦ
2801 1771 2852 1834 ἐς
2905 1771 2986 1826 ὅτι
3043 1771 3356 1843 πλείστους,
3417 1779 3723 1850 προσκροῦ-

289 1869 633 1938 κατασχεῖν,
688 1863 778 1918 καὶ
829 1861 973 1918 οὕτω
1037 1861 1292 1938 βασιλεὺς
1346 1861 1773 1937 ἀναγορευθῆναι
1825 1861 2033 1960 Ῥω.Β
2068 1874 2152 1908 σαι
2207 1857 2302 1927 μὲν
2348 1857 2416 1912 τὰ
2471 1864 2662 1934 πρῶτα
2718 1864 2836 1924 τοῖς
2895 1867 3224 1937 στρατηγοῖς
3283 1863 3372 1918 καὶ
3431 1863 3722 1940 συρρήξας.

388 1952 398 1960 ι
590 1954 601 1960 -
692 1953 703 1960 ι
805 1952 828 1960 Α
1042 1954 1052 1960 .
1167 1953 1180 1960 ι
1232 1954 1241 1960 .
1414 1949 1453 1960 ιιι
1618 1951 1628 1960 ι
1759 1957 1765 1960 .
1805 1948 1815 1960 ι
2082 1944 2094 1960 ε
2191 1941 2216 1960 .‘I
2542 1944 2571 1960 ο
2615 1949 2633 1960 \
2678 1955 2699 1960 --
2787 1958 2802 1960 -
2950 1949 2967 1960 ς
3062 1951 3072 1960 ι
3270 1951 3282 1960 ι
3377 1953 3388 1960 ι
3562 1954 3572 1960 .
3632 1951 3687 1960 ι..

296 1952 500 2028 μαίων.
538 1954 612 2026 μή
646 1953 748 2029 γὰρ
783 1952 913 2008 εἶναι
959 1954 1093 2026 πρὸς
1123 1953 1283 2007 αὐτὸν
1327 1949 1496 2024 μηδὲν
1554 1951 1693 2023 μήτε
1742 1948 1956 2003 Λάσκα-

290 2064 379 2120 ριν
437 2043 566 2116 μήτ’
616 2039 788 2096 ἄλλον
837 2043 1117 2097 ὁντιναοῦν
1147 2042 1389 2114 αὐτάρκη
1451 2041 1590 2116 πρὸς
1654 2035 1954 2113 βασιλείαν,

291 2133 490 2208 εὐγενῆ
512 2152 570 2186 τε
610 2131 738 2186 ὅντα
769 2131 858 2187 καὶ
905 2136 1010 2186 τῶν
1061 2129 1361 2207 Ἀγγέλων·
1415 2130 1506 2184 καὶ
1561 2126 1626 2197 δὴ
1652 2126 1767 2182 ἐπεὶ
1800 2148 1954 2200 γαμ-

287 2216 462 2298 ϐροὺς
493 2219 580 2276 ἐπὶ
622 2220 943 2296 Ουγατράσιν
987 2225 1106 2295 εἶχε
1143 2221 1237 2274 τόν
1277 2240 1337 2274 τε
1371 2218 1516 2294 ῥῆγα
1548 2214 1788 2278 ΙΙουλίας
1836 2218 1957 2272 Μα-

294 2313 420 2389 φρέ,
457 2311 548 2365 τὸν
589 2310 679 2366 καὶ
739 2317 839 2380 τῆς
897 2308 1188 2380 δεσποίνης
1241 2313 1350 2364 τῶν
1401 2306 1691 2381 Ῥωμαίων
1751 2307 1954 2374 ’Λννης

287 2397 721 2478 αὐτάδελφον,ᾕ
763 2401 906 2474 πρὸς
952 2404 1032 2471 τῷ
1089 2400 1236 2474 γήρᾳ
1297 2400 1323 2452 6
1382 2395 1636 2473 βασιλεὺς
1697 2395 1955 2464 Ἰωάννης

287 2490 617 2565 ἡρμόσατο.
689 2489 827 2564 Εἶχε
898 2491 989 2562 μὲν
1054 2487 1146 2544 οὖν
1203 2487 1402 2543 ἐκεῖνον
1462 2486 1550 2542 ἐπὶ
1606 2485 1675 2559 τῇ
1733 2482 1956 2558 θυγατρὶ

284 2578 485 2654 Ἑλένῃ
535 2574 785 2654 γαμϐρὸν
829 2579 858 2633 6
890 2576 1198 2648 δεσπότης,
1260 2579 1375 2653 εἶχε
1425 2574 1483 2631 δὲ
1526 2574 1695 2632 ἄλλον
1749 2573 1837 2628 ἐπὶ
1888 2573 1958 2644 τῇ

288 2672 468 2744 "Aw-ﬁ
499 2669 591 2724 τὸν
623 2668 892 2745 πρίγκιπα
943 2675 1044 2738 τῆς
1103 2666 1332 2742 Ἀχαίας
1392 2663 1755 2738 Γουλίελμον.
1805 2661 1955 2734 Πέμ-

289 2890 625 2962 opportune
656 2886 893 2957 animis,
928 2887 1134 2943 multis
1167 2885 1464 2959 praeclaris
1516 2883 1692 2940 editis
1724 2881 1953 2938 facino-

290 2979 462 3034 ribus
490 2977 547 3032 in
604 2975 880 3049 plurimis
926 2981 1130 3032 contra
1187 2976 1362 3033 italos
1406 2974 1598 3042 bellis,
1632 2971 1950 3044 imperium

290 3067 566 3139 arripuit,
602 3070 916 3123 coronatus
946 3066 1018 3121 ab
1051 3065 1402 3122 Achridensi
1429 3064 1674 3132 Jacobo,
1708 3065 1764 3116 et
1795 3061 1950 3116 occi-

287 3159 439 3214 duas
472 3157 806 3228 provincias
860 3156 1022 3212 Italis
1065 3155 1291 3211 ablatas
1351 3155 1599 3227 imperio
1661 3151 1948 3217 restituit,

285 3262 569 3318 magnam
601 3245 674 3300 iis
705 3245 881 3300 rebus
932 3244 1114 3317 gestis
1173 3245 1388 3300 famam
1440 3245 1712 3316 adeptus,
1748 3243 1940 3314 quoad

287 3338 536 3393 adversa
568 3334 881 3408 prolapsus
913 3338 1068 3390 sorte
1095 3339 1150 3390 et
1167 3335 1631 3406 comprehensus
1657 3335 1727 3389 ab
1753 3339 1944 3387 Asane

288 3427 552 3499 privatus
585 3429 676 3481 est
706 3424 912 3480 oculis.
935 3425 1099 3480 Talia
1130 3424 1374 3480 Michael
1400 3429 1595 3480 mente
1619 3424 1872 3496 agitans,
1893 3425 1950 3476 et

287 3516 350 3570 in
387 3531 600 3587 magna
633 3530 875 3569 suarum
901 3513 1112 3568 virium
1139 3513 1350 3569 ﬁducia
1374 3519 1760 3570 contemnens
1782 3512 1948 3566 inﬁr-

288 3604 556 3661 mitatem
588 3620 715 3675 qua:
749 3608 886 3658 tunc
918 3617 1046 3658 esse
1077 3603 1389 3659 videbatur
1428 3607 1824 3659 Romanarum
1860 3616 1946 3655 re-

289 3710 448 3765 rum,
473 3711 608 3749 cum
634 3694 793 3764 ipsos
825 3692 1022 3761 Italos,
1045 3693 1146 3764 qui
1177 3694 1384 3749 urbem
1410 3693 1627 3765 regiam
1647 3691 1944 3757 tenebant,

289 3784 521 3842 idoneis
545 3783 859 3839 destitutos
875 3783 1058 3854 cOpiis
1081 3784 1724 3850 animadverteret,rem
1741 3798 1949 3854 aggre-

290 3875 458 3931 ditur
496 3874 666 3929 valde
697 3875 946 3929 arduam
979 3877 1034 3928 et
1066 3874 1254 3945 ipsius
1287 3873 1654 3929 notabilitate
1686 3873 1946 3944 dignam.

291 3963 612 4021 Constituit
641 3962 911 4018 videlicet
960 3967 1294 4019 contractas
1327 3979 1503 4034 quam
1536 3967 1737 4034 posset
1769 3961 1950 4032 pluri-

290 4071 424 4110 mas
439 4053 638 4124 copias
663 4052 775 4124 ipsi
800 4053 1068 4123 protinus
1086 4054 1393 4108 admovere
1415 4049 1950 4122 Constantinopoli,

289 4160 544 4215 eamque
571 4143 840 4199 obsidere
871 4147 928 4197 et
960 4159 1248 4215 occupare
1271 4142 1488 4211 conari,
1523 4146 1650 4196 tum
1683 4141 1734 4197 si
1768 4156 1950 4213 nego-

291 4234 450 4290 tium
481 4234 840 4298 succederet,
870 4232 1100 4287 efﬁcere
1134 4236 1195 4287 ut
1227 4232 1306 4301 ibi
1328 4233 1730 4288 Romanorum
1762 4230 1949 4302 impe-

294 4326 459 4378 rator
489 4322 614 4395 ipse
647 4323 1134 4394 proclamaretur.
1169 4323 1456 4378 Neninem
1490 4322 1646 4378 enim
1680 4336 1810 4377 esse
1843 4337 1952 4392 pu-

291 4413 461 4470 tabat
481 4413 579 4484 qui
605 4411 735 4484 plus
760 4411 914 4466 adid
933 4411 1175 4468 haberet
1191 4411 1276 4467 vel
1298 4412 1488 4468 meriti
1509 4411 1596 4467 vel
1613 4409 1950 4467 verisimilis

297 4503 451 4573 spei,
499 4519 614 4557 non
669 4501 965 4569 Lasearin,
1000 4519 1114 4557 non
1148 4501 1332 4558 alium
1365 4486 1712 4572 quemlibet,
1748 4500 1953 4572 utique

290 4608 550 4664 quorum
567 4589 711 4646 nulli
730 4590 881 4647 vires
899 4591 1251 4645 sustinendo
1277 4591 1526 4662 imperio
1547 4591 1768 4645 idonea
1789 4591 1854 4644 ad
1868 4606 1952 4645 es-

2065 1944 2138 2005 ὡς
2177 1941 2337 2016 ᾤετο,
2395 1944 2728 2022 προσϐαλεῖν
2775 1949 3144 2026 Θεσσαλονίκῃ
3196 1951 3286 2007 καὶ
3334 1953 3400 2008 τὰ
3448 1954 3584 2008 κατᾶ
3628 1951 3724 2009 δύ-

2067 2053 2147 2087 σιν
2175 2033 2542 2110 καταδραμεῖν
2583 2040 2672 2094 καῖ
2725 2039 2890 2110 αὐτῆς
2940 2039 3005 2110 δὴ
3057 2049 3380 2118 πειραθῆναι
3433 2045 3717 2099 Κωνσταν-

2064 2123 2438 2189 τινουπὸλεως
2493 2126 2581 2181 ἐπὶ
2640 2133 2764 2182 νοῦν
2821 2127 3093 2206 ἔστρεφεν·
3155 2127 3404 2206 εὔκαιρον
3461 2131 3562 2207 γὰρ
3630 2132 3720 2186 καὶ

2063 2211 2223 2266 τοῦτό
2273 2215 2325 2267 οἳ
2377 2214 2691 2285 ξυνέπιπτεν
2743 2216 2793 2287 ἐξ
2843 2216 3018 2279 αἰτίας
3055 2224 3158 2288 τῆς
3209 2218 3291 2273 ὅτι
3337 2219 3496 2274 καὶ’ὁ
3529 2222 3723 2298 Μαφρὲ

2065 2302 2210 2392 παρᾶ
2247 2303 2448 2378 πατρὸς
2481 2301 2820 2380 Φερδερίχου
2853 2305 2927 2367 ὡς
2955 2305 3164 2380 κλῆρόν
3197 2329 3317 2362 τινα
3348 2307 3464 2383 εἶχε
3511 2309 3573 2364 τὸ
3612 2316 3719 2378 τῆς

2084 2388 2395 2460 Εκκλησίας
2433 2393 2774 2463 ἀποστατεῖν,
2833 2399 2894 2465 [Ρ
2932 2398 3024 2468 50]
3058 2394 3197 2451 ὥστε
3248 2399 3322 2470 μή
3374 2396 3520 2470 ξένον
3579 2398 3716 2453 εἶναι

2063 2481 2125 2533 τὸ
2158 2480 2466 2554 Γερμανοὺς
2498 2488 2616 2547 τοῖς
2645 2482 2698 2538 ἐν
2727 2482 2888 2538 πόλει
2923 2484 3154 2547 Ἰταλοῖς
3199 2485 3485 2561 μάχεσθαι.
3523 2487 3620 2542 Καί
3659 2508 3724 2563 γε

2067 2571 2094 2625 6
2126 2571 2356 2648 πρίγκιψ
2403 2575 2520 2627 κατ’
2577 2574 2762 2629 ἑαυτὸν
2824 2573 2889 2643 ἦν
2949 2577 3016 2629 τὰ
3073 2577 3196 2651 περὶ
3246 2598 3305 2631 τε
3351 2579 3452 2648 τήν
3487 2576 3714 2652 Ἀχαΐαν

2066 2665 2236 2716 πᾶσαν
2279 2663 2368 2717 καὶ
2410 2663 2501 2718 τὸν
2552 2663 2768 2740 Μορέαν
2816 2662 3405 2740 προσκεκληρωμένος.
3442 2667 3590 2725 Ἐπεὶ
3624 2666 3715 2722 οὖν

2060 2879 2181 2936 ﬁlia
2212 2880 2462 2954 dynasta
2510 2883 2700 2956 gentis
2733 2882 3051 2956 populosae,
3084 2885 3348 2958 egregias
3382 2886 3490 2942 sub
3524 2885 3715 2959 signis

2060 2970 2284 3027 habens
2317 2971 2518 3044 copias
2548 2977 2604 3027 et
2635 2971 2906 3029 militaris
2938 2975 3082 3030 artis
3111 2975 3320 3030 eximie
3353 2975 3601 3054 peritus,
3625 2975 3712 3030 vel

2061 3075 2161 3130 per
2193 3077 2254 3115 se
2287 3059 2480 3117 solum
2511 3061 2758 3117 idoneus
2789 3066 2914 3118 erat
2944 3062 3131 3118 cuivis
3160 3063 3241 3119 rei
3292 3080 3515 3136 magnae
3562 3063 3717 3121 bello

2060 3152 2354 3206 tentandae
2384 3151 2896 3224 adjungendisque
2927 3151 3136 3208 ditioni
3160 3169 3279 3208 suae
3300 3153 3471 3210 terris
3494 3154 3567 3210 ab
3593 3153 3708 3210 alio

2062 3240 2374 3312 possessis.
2410 3241 2491 3295 Ex
2520 3257 2588 3297 ea
2619 3242 2836 3313 quippe
2868 3245 3040 3314 gente
3071 3242 3181 3297 sibi
3214 3243 3480 3314 subjecta
3505 3243 3717 3299 conﬂa-

2063 3293 2084 3312 ς
2410 3293 2490 3295 εν-
2625 3293 2832 3313 τιὴ-ην
2869 3293 3036 3314 οην-
3071 3293 3181 3297 --η-
3214 3293 3480 3314 --ηυ---η
3508 3293 3693 3299 η----

1977 3293 2019 3360 C
2057 3332 2184 3384 tum
2207 3330 2525 3385 exercitum
2550 3331 2849 3400 ductabat,
2884 3347 3013 3403 quae
3045 3331 3225 3387 Graeci
3249 3331 3636 3404 olimgeneris
3653 3337 3712 3389 et

2060 3418 2316 3474 nominis
2331 3418 2552 3476 Achille
2573 3419 2930 3492 imperatore
2952 3419 3226 3476 militavit
3249 3437 3262 3475 :
3282 3437 3438 3476 nunc
3454 3422 3711 3494 Megalo-

2059 3511 2337 3568 blacuita:
2366 3513 2748 3568 vocabantur.
2774 3514 2844 3569 Et
2865 3515 2994 3585 ejus
3017 3514 3248 3586 generis
3271 3513 3457 3586 copiis
3481 3515 3716 3570 succin-

2059 3604 2189 3656 ctus
2219 3606 2452 3656 tanlum
2486 3606 2733 3674 poterat,
2760 3607 2827 3658 ut
2850 3620 3006 3660 unus
3030 3605 3329 3660 sufﬁceret
3351 3604 3711 3677 coercendis,

2059 3705 2128 3745 ne
2148 3689 2300 3746 ultra
2317 3691 2577 3747 Bermam
2596 3693 3110 3764 progrederentur,
3134 3693 3327 3748 tribus
3345 3694 3711 3750 adversario-

2058 3795 2189 3834 rum
2221 3781 2487 3848 ducibus,
2518 3781 2730 3837 Joanni
2763 3781 3084 3854 Palaeologo
3117 3799 3328 3854 magno
3359 3783 3703 3853 domestico,

2057 3869 2466 3942 Strategopulo
2488 3870 2685 3926 Alexio
2707 3875 2764 3926 ct
2781 3871 2988 3927 Joanni
3014 3871 3205 3938 Rauli,
3225 3888 3478 3943 quorum
3498 3889 3704 3946 quem-

2059 3977 2173 4031 que
2214 3977 2540 4015 numerosaa
2597 3960 2901 4032 stipabant
2957 3960 3160 4032 copiae.
3193 3961 3298 4016 llis
3356 3961 3539 4034 igitur
3568 3966 3710 4018 tunc

2059 4049 2427 4122 congregatis
2460 4050 2516 4106 in
2553 4067 2737 4104 unum
2769 4049 3048 4106 omnibus
3093 4050 3362 4121 despota,
3394 4057 3453 4106 et
3495 4051 3707 4107 iisdem

2060 4141 2304 4210 adjectis
2337 4143 2481 4212 quot
2511 4156 2579 4195 ex
2609 4139 2734 4194 suis
2775 4138 2902 4211 ipse
2950 4138 3123 4194 terris
3174 4143 3446 4210 potuerat
3477 4157 3706 4212 cogere,

2060 4231 2355 4303 cogitabat
2410 4232 2670 4303 primum
2731 4229 2972 4302 quidem
3033 4229 3155 4285 acie
3211 4229 3524 4286 decernere
3573 4247 3707 4285 cum

2060 4320 2410 4376 adversariis
2471 4320 2744 4388 ducibus,
2776 4323 2903 4375 tum
2955 4318 3050 4385 iis,
3087 4322 3153 4373 ut
3195 4320 3490 4390 sperabat,
3541 4319 3710 4376 victis

2061 4411 2298 4482 aggredi
2327 4409 2807 4466 Thessalonicam
2839 4413 2896 4464 et
2918 4408 3192 4465 occiduas
3212 4407 3478 4482 regiones
3511 4408 3710 4465 incur-

2062 4498 2326 4553 sionibus
2352 4507 2596 4567 vastare,
2622 4499 2934 4571 ipsamque
2957 4499 3099 4554 adeo
3122 4502 3349 4554 tentare
3380 4499 3712 4555 Constanti-

2061 4587 2342 4659 nopolim.
2369 4589 2545 4658 Cujus
2568 4589 2648 4644 rei
2680 4604 2965 4660 majorem
2995 4587 3249 4643 habebat
3269 4605 3336 4643 ex
3363 4604 3430 4643 eo
3461 4587 3712 4643 faculta-

293 4684 447 4736 sent.
470 4681 695 4753 Quippe
726 4697 787 4735 se
817 4685 874 4736 et
904 4679 1158 4735 nobilem
1184 4684 1242 4736 et
1268 4697 1336 4736 ex
1365 4680 1721 4752 Angelorum
1755 4683 1947 4752 gente,
1984 4671 2028 4736 D
2062 4679 2201 4743 tem,
2235 4678 2389 4748 quod
2434 4694 2568 4733 cum
2620 4677 2959 4733 Manl‘rcdus
3007 4677 3166 4732 velut
3213 4676 3647 4732 haereditariam
3680 4694 3714 4732 a

289 4768 684 4826 afﬁnitatibus
699 4770 838 4842 quin
857 4768 1032 4825 etiam
1050 4767 1482 4839 potentissimis
1501 4769 1955 4825 subnixum.Gc-

291 4875 471 4917 neros
497 4858 654 4914 enim
685 4857 938 4915 habebat
969 4875 1038 4914 ex
1066 4859 1280 4914 Helena
1303 4857 1530 4930 quieem
1557 4858 1678 4914 ﬁlia
1709 4859 1954 4914 Manfre-

293 4950 442 5006 dum
475 4947 694 5020 Apuliae
745 4964 964 5020 regem,
999 4947 1239 5003 fratrem
1297 4953 1477 5002 Annae
1521 4947 1620 5003 83
1657 4949 1951 5020 Augustae,

292 5054 475 5112 quam
505 5038 764 5094 Joannes
787 5037 1251 5110 imperatorjam
1285 5036 1476 5093 senior
1502 5053 1738 5092 uxorem
1773 5037 1952 5092 duxe-

291 5132 408 5198 rat,
440 5144 509 5183 ex
550 5132 721 5182 Anna
778 5143 910 5183 vero
970 5125 1152 5181 altera
1210 5124 1333 5180 ﬁlia
1364 5125 1688 5197 principem
1719 5123 1952 5180 Achaize

288 5216 678 5272 Gulielmum.
712 5215 782 5271 Et
812 5231 846 5271 a
876 5215 1177 5270 Manfredo
1210 5213 1448 5286 quidem
1485 5231 1588 5285 per
1632 5213 1846 5270 missos
1880 5213 1950 5268 ad

291 5324 431 5364 eum
467 5312 658 5363 certos
691 5307 961 5362 homines
981 5305 1397 5376 impetraverat
1423 5304 1537 5360 tria
1560 5304 1745 5360 millia
1774 5303 1952 5360 lecto-

296 5414 433 5454 rum
466 5414 535 5454 ex
585 5394 896 5452 Germanis
944 5394 1224 5465 militum,
1253 5396 1443 5450 virum
1503 5394 1766 5462 fortium,
1801 5411 1951 5465 quos

293 5487 413 5560 ipsi
445 5484 798 5542 caballarios
828 5487 1074 5551 vocant;
1111 5483 1432 5556 principem
1466 5499 1602 5539 vero
1648 5500 1782 5539 cum
1817 5482 1950 5538 uni-

285 5575 476 5632 versis
499 5577 629 5646 ejus
653 5574 834 5645 cepiis
859 5572 1084 5629 socium
1099 5571 1485 5645 expeditionis
1501 5573 1572 5628 ad
1591 5589 1652 5629 se
1673 5577 1948 5630 traxerat.

298 5666 570 5721 Habebat
582 5663 901 5721 etnothum
919 5661 1405 5719 ﬁliumJoannem
1425 5679 1560 5718 cum
1580 5663 1816 5720 auxiliis
1835 5680 1950 5719 non

295 5754 750 5811 contemnendis
783 5752 984 5826 pOpuli
1003 5751 1096 5810 cui
1129 5755 1390 5825 praeerat.
1407 5753 1512 5809 Hic
1529 5751 1952 5810 ductaTaronae

2060 4765 2353 4822 Friderico
2377 4771 2540 4838 patre
2564 4767 2886 4839 accepisset
2908 4766 3340 4822 contumaciam
3365 4769 3422 4820 et
3444 4765 3710 4821 rebellio-

2063 4870 2195 4909 nem
2227 4853 2285 4908 in
2320 4854 2660 4922 Ecclesiam,
2681 4855 3149 4927 Germani,quos
3181 4855 3436 4926 despotae
3466 4854 3712 4909 auxilia-

2062 4945 2180 4999 rios
2228 4943 2470 4998 miserat
2501 4944 2601 4999 84
2633 4944 2804 5001 bellis
2855 4945 3020 5016 prius
3068 4943 3289 5000 Italicis
3341 4943 3709 5015 exercitatos,

2062 5034 2207 5089 nihil
2241 5050 2381 5090 sane
2413 5033 2806 5089 turbabantur
2829 5035 2900 5089 ad
2926 5033 3384 5107 propositionem
3408 5051 3712 5106 oppugna-

2059 5122 2240 5178 tionis
2272 5123 2457 5192 urbis,
2493 5121 2710 5194 quippe
2745 5122 2815 5178 ab
2851 5123 3013 5180 Italis
3046 5123 3321 5189 defensae,
3355 5123 3447 5179 cui
3488 5124 3709 5179 dudum

2061 5213 2262 5285 generi
2313 5211 2571 5269 hostium
2620 5211 3042 5268 assuevissent.
3073 5213 3190 5268 Nec
3242 5213 3462 5270 invitus
3508 5214 3710 5270 eodem

2063 5303 2448 5359 concurrebat
2481 5300 2778 5374 princeps,
2803 5302 2974 5373 cujus
3000 5301 3204 5357 ditioni
3231 5305 3508 5374 subjectae
3528 5303 3715 5375 regio-

2063 5411 2189 5458 nes,
2221 5393 2440 5448 Achaia
2472 5390 2755 5445 nimirum
2802 5389 3078 5446 universa
3108 5401 3162 5446 et
3192 5391 3408 5459 Morea,
3439 5393 3713 5449 viciniam

2064 5483 2344 5539 Italorum
2378 5482 2437 5537 in
2469 5480 2614 5536 urbe
2658 5479 3096 5536 dominantium
3155 5481 3570 5537 formidabant.
3605 5481 3712 5537 Ubi

2064 5589 2200 5644 ergo
2232 5587 2417 5626 unum
2450 5571 2509 5625 in
2533 5569 2724 5624 locum
2759 5571 2844 5623 tot
2875 5568 3054 5623 simul
3083 5569 3265 5642 copiae
3293 5576 3712 5639 convenerunt,

2056 5664 2301 5735 jamque
2333 5677 2461 5717 sese
2491 5659 2561 5716 ad
2592 5657 2856 5732 praelium
2886 5659 3174 5730 parabant
3197 5659 3357 5732 (nam
3380 5664 3437 5715 et
3466 5660 3579 5731 ipsi
3613 5679 3716 5732 pro

2068 5771 2130 5810 se
2162 5755 2338 5809 duces
2371 5749 2619 5816 adversi,
2653 5747 2854 5806 audito
2905 5745 3238 5804 Italicarum
3282 5752 3370 5806 tot
3413 5747 3715 5822 copiarum
