4090 6398
380 361 488 419 519

1693 359 1995 416 GEORGII
2033 359 2498 413 PACHYMEBE

3707 353 3823 409 520

386 484 439 549 ἐς
475 483 670 540 ταυτὸν
714 484 768 538 αἱ
818 481 1073 556 δυνάμεις
1121 488 1351 550 συνῆσαν
1402 482 1491 535 καὶ
1541 477 1651 550 ἤδη
1698 480 1832 556 πρὸς
1880 477 2040 535 πόλε-
2071 483 2125 550 Α
2160 478 2243 550 εἶή
2301 481 2486 557 φάναι,
2516 479 2609 534 τὸν
2672 480 2989 557 Νικηφόρον
3026 476 3221 550 δείξας,
3276 481 3303 533 ὁ
3364 477 3497 551 ἐμὸς
3556 475 3820 555 ἁδελφὸς,

384 594 484 647 μον
536 574 907 645 ἡτοιμάζοντο
954 570 1101 643 (οὐδὲ
1149 571 1251 645 γάρ
1298 567 1409 624 οὐδ’
1461 571 1513 623 οἱ
1564 570 1855 644 στρατηγοὶ
1912 589 2039 643 ηρε-

383 669 501 736 μεῖν
552 664 726 737 εἶχον,
778 662 934 716 τόσον
986 662 1366 733 συνηθροῖσθαι
1426 659 1487 713 τὸ
1534 657 1797 714 Ἰταλικὸν
1848 670 2040 721 πυνθα-

376 754 621 825 νόμενοι,
658 752 802 807 ἀλλὰ
850 752 937 805 καὶ
992 750 1145 804 αὐτοὶ
1202 748 1455 823 ἐτέρωθεν
1505 747 1927 822 εὐτρεπίζοντο),
1962 748 2037 809 ὡς

378 847 508 917 γοῦν
571 844 695 896 ὅσον
775 841 926 895 οῧπω
998 840 1449 912 ὁμαιχμῆσαντες
1508 838 1563 890 οἱ
1613 842 1710 891 105
1772 834 2035 891 δεσπότου

381 928 616 1004 ἔμελλον
677 925 1038 1007 προσϐαλεῖν,
1077 932 1110 997 ἡ
1162 928 1505 1001 μυθευομένη
1557 928 1710 1001 Ἒρις
1769 926 1949 996 ἐκείνη
1995 929 2028 995 ἡ

383 1021 579 1094 μεταξὺ
641 1024 748 1074 τῶν
793 1023 959 1093 τριῶν
1013 1020 1238 1071 Οεαινῶν
1278 1018 1340 1072 τὸ
1404 1015 1583 1089 μῆλον
1642 1016 1839 1090 ῥιψασα
1897 1017 2032 1091 πρὸς

378 1110 710 1185 φιλονεικίαν
744 1110 840 1177 τὴν
876 1109 999 1183 περὶ
1040 1106 1305 1174 κάλλους,
1347 1105 1525 1175 ἐκείνη
1559 1107 1647 1160 καὶ
1690 1105 1907 1167 τούτοις
1938 1104 2034 1178 ἐμ-

377 1198 584 1257 πίπτει.
620 1198 723 1254 Καὶ
756 1200 790 1267 ἡ
826 1198 971 1252 αἰτια
1001 1198 1150 1273 παρά
1184 1196 1376 1271 μικρὸν
1410 1194 1673 1273 ἐμφερής.

480 1349 587 1408 λα’.
648 1352 845 1413 ⁸Ὀπως
890 1356 991 1419 τῆς
1024 1347 1317 1475 mxima
1346 1346 1577 1423 πρίγκιψ
1630 1347 1922 1420 Ῥωμαίοις

445 1555 668 1631 Λέγεται
702 1557 805 1629 γὰρ
853 1554 981 1615 τοὺς
1034 1554 1158 1629 περὶ
1215 1554 1304 1608 τὸν
1357 1552 1625 1629 πρίγκιπα
1686 1557 2028 1627 μεγιστᾶνας,

377 1645 469 1700 05:
528 1645 724 1700 ἐκεῖνοι
788 1640 1198 1719 καϐαλλαρίους
1281 1642 1541 1718 λέγουσι,
1596 1643 1802 1698 τούτων
1879 1643 2030 1705 τινάς

374 1734 807 1811 ἐποφθαλμίζειν
865 1735 981 1788 κατ’
1040 1730 1243 1807 ἔρωτας
1292 1736 1361 1806 τῇ
1406 1737 1504 1787 105
1554 1732 1729 1787 Δούκα
1776 1731 2029 1789 Ἰωάννου

380 1823 645 1897 συζύγῳ,
706 1824 771 1893 ἢν
831 1824 919 1876 καὶ
993 1826 1089 1877 105
1148 1827 1376 1896 Ταρωνᾶ
1452 1820 1719 1897 θυγατέρα
1773 1823 1800 1875 ὁ
1863 1820 2110 1927 λόγοςΒ

384 1911 488 1927 η.
656 1915 763 1927 η.-
887 1910 1102 1927 ων,
1266 1910 1455 1927 ης.
1594 1910 1833 1927 .ς,,

380 1911 605 1969 ἐδείκνυ.
656 1915 833 1969 T0510
884 1910 929 1966 δ’
969 1913 1035 1981 ἦν
1077 1914 1177 1985 ἀρα
1223 1910 1301 1983 τῷ
1350 1910 1560 1979 ἐκείνης
1585 1910 1738 1984 δινέρῖ
1790 1911 1863 1971 εἷς
1895 1931 2033 1985 προ-

378 2009 516 2079 φανῆ
566 2022 683 2057 τινα
741 1996 892 2075 ὕϐριν
953 2001 1043 2055 καὶ
1101 2001 1526 2076 καταφρόνησιν,
1559 1998 1647 2053 καὶ
1710 1997 1775 2068 δὴ
1840 1995 2028 2074 ὑϐριο-

376 2096 561 2154 παθῶν
624 2090 826 2150 ἐκεῖνος
902 2089 952 2142 ἐν
1014 2088 1230 2150 τούτοις
1306 2085 1452 2163 δεινρ
1519 2087 1691 2142 ἐποίει
1758 2088 1846 2142 καὶ
1911 2094 2029 2151 τοῖς

378 2175 653 2254 ὑϐρίσασιν
715 2177 1107 2250 ἀνταμύνεσΟαι
1182 2176 1542 2245 κατηπείλει.
1622 2178 1719 2232 Καὶ
1794 2173 1903 2250 ἔρις
1961 2178 2027 2246 ἦν

376 2268 757 2345 ἀμφοτέρωθεν
838 2268 1040 2342 ἰσχυρά
1099 2267 1190 2321 καὶ
1249 2266 1325 2328 εἷς
1380 2266 1626 2339 πόλεμον
1685 2265 2028 2341 ἐκορόσσετο,

375 2358 464 2412 καὶ
542 2358 593 2411 οἱ
670 2356 743 2418 εἷς
815 2356 1120 2430 ὁμαίχμίαν
1197 2355 1487 2426 κληθέντες
1567 2358 1683 2410 κατ’
1760 2354 2027 2427 ἀλλήλων

376 2446 712 2502 συνίσταντο.
764 2448 895 2500 Τότε
952 2445 1170 2519 λέγεται
1225 2444 1311 2499 καὶ
1367 2444 1526 2500 αὐτὸν
1594 2447 1687 2500 τὸν
1757 2447 2031 2520 πρίγκιπα

376 2538 585 2611 ὁρῶντα
639 2538 737 2604 τὴν
793 2535 977 2609 μάχην
1030 2537 1385 2609 ἀγανακτεῖν,
1443 2535 1534 2590 καὶ
1573 2540 1689 2599 τοῖς
1749 2537 1841 2608 μὲν
1904 2557 2031 2613 σφε-

370 2626 553 2700 τέροις
615 2626 703 2699 μὼ
759 2623 907 2699 ἔχειν
959 2623 1337 2697 ἐπιπλήττειν,
1396 2629 1473 2696 τῷ
1524 2622 1580 2678 δέ
1608 2646 1668 2701 γε
1708 2625 1885 2696 Δούκᾳ
1939 2625 2030 2679 καὶ

374 2714 496 2771 λίαν
559 2715 1052 2788 ἐπιμωκησάμενον
1115 2713 1422 2788 χλευάσαι,
1471 2714 1559 2767 καὶ
1617 2714 1682 2768 τὰ
1740 2714 1814 2777 εἷς
1857 2715 2029 2789 γένος,

375 2805 449 2866 ὡς
506 2803 686 2873 νόθος,
745 2803 872 2859 λίαα
932 2803 1201 2878 λαμπρῶς
1252 2800 1534 2861 ὀνειδίσαι.
1596 2802 1694 2860 Καὶ
1745 2803 1819 2865 ὼς
1876 2805 2031 2866 οὗτος

370 3022 660 3074 conventu
701 3018 860 3073 haud
912 3018 1267 3074 cessandum
1321 3017 1454 3081 rati,
1486 3018 1559 3072 ad
1604 3034 1863 3089 pugnam
1916 3018 2031 3091 ipsi

375 3124 613 3180 quoque
654 3107 935 3179 procincti
970 3124 999 3162 e
1032 3106 1267 3178 regione
1290 3108 1569 3179 stabant),
1616 3108 1715 3163 tali
1762 3109 2027 3179 inquam,

382 3196 630 3253 articulo
665 3213 860 3251 rerum
893 3213 959 3251 ac
990 3197 1294 3267 temporis,
1327 3214 1460 3251 cum
1491 3200 1717 3251 tantum
1748 3214 1863 3252 non
1907 3198 2028 3253 acie

378 3288 656 3344 instructi
676 3289 930 3359 despotze
948 3288 1165 3343 milites
1184 3288 1422 3361 signum
1444 3288 1750 3348 conﬂictus
1768 3297 2028 3359 expecta-

377 3380 528 3441 rent,
554 3375 814 3431 medium
837 3376 1148 3431 intervenit
1167 3375 1361 3431 simile
1380 3376 1663 3447 quiddam
1686 3378 1769 3432 illi
1790 3383 1938 3432 notae
1958 3394 2025 3433 ex

2152 568 2213 622 σὺ
2274 566 2330 623 δὲ
2390 567 2641 640 σκότιος,
2703 568 2779 639 μὴ
2830 567 2939 643 οὐχ
2996 568 3145 630 ὅπως
3204 565 3489 641 ἐλεύθερος
3548 565 3693 622 ἀλλά
3733 567 3825 622 καὶ

2151 656 2349 720 δοῦλος
2392 658 2575 715 05105.
2633 662 2809 713 Ταῦτά
2868 661 2980 731 μετ’
3044 654 3359 733 ἐμϐριθείας
3410 656 3655 719 εἰπόντος
3717 661 3815 713 105

2150 753 2455 823 Ιῐρίγκιπος
2513 747 2812 823 Ἀχιλλεὺς
2841 750 2904 817 ἦν
2961 746 3131 811 ἄλλος
3186 748 3212 801 ὁ
3262 748 3520 817 Ἰωάννης
3562 746 3816 819 μηνίσας.

2148 837 2287 893 Τότε
2346 837 2515 900 θέλων
2580 834 2746 909 δεῖξαι
2790 835 2949 900 αὐτὸς
2989 835 3061 891 ὢν
3112 836 3172 890 τὸ
3250 842 3351 891 πᾶν
3406 840 3503 889 105
3563 840 3819 911 στρατοῦ,

2144 926 2233 980 καὶ
2290 927 2369 988 οἷς
2433 927 2491 981 ἂν
2562 926 2910 1001 προσκέοιτο,
2967 925 3200 988 ἐκείνους
3249 930 3534 997 νικῶντας,
3593 926 3815 999 πέμψας

2150 1012 2220 1068 δι’
2280 1015 2606 1092 ἀπορρήτων
2653 1018 2844 1078 νυκτὸς
2904 1021 3022 1077 τοῖς
3069 1020 3399 1091 στρατηγοῖς
3458 1012 3820 1087 διαμηνύεται

2149 1104 2224 1167 ὡς
2258 1104 2419 1168 αὐτὸς
2471 1107 2585 1179 μετ’
2638 1107 2815 1161 αὐτῶν
2849 1103 2998 1161 ἔσται
3046 1106 3137 1159 καὶ
3196 1105 3271 1166 ὡς
3330 1104 3646 1175 ἐπιϐήσοιτο
3699 1108 3819 1166 τοῖς

2149 1194 2263 1266 μετ’
2325 1194 2489 1249 05105
2549 1195 2803 1264 Ἰταλοῖς,
2867 1198 2951 1267 [Ρ.
3005 1197 3098 1266 51]
3163 1192 3321 1269 βλαξὶ
3379 1194 3468 1248 καὶ
3525 1198 3819 1267 τρυφεροῖς

2144 1282 2321 1354 οὖσιν,
2401 1284 2445 1338 εἰ
2515 1284 2680 1358 μόνον
2758 1282 2958 1339 ἐκεῖνον
3039 1286 3276 1361 ὀρφῷεν.
3332 1281 3485 1351 Πλὴν
3542 1284 3813 1337 καθιστῶν

2142 1375 2277 1448 πρὸς
2334 1372 2575 1438 ἐκείνους
2630 1373 2757 1438 τοὺς
2810 1373 3009 1448 ὅρκους
3043 1419 3057 1446 ,
3118 1372 3185 1427 τά
3229 1372 3393 1427 πιστά
3451 1370 3633 1445 ἐτήρει
3698 1378 3821 1436 τοῖς

2141 1464 2265 1537 περὶ
2294 1464 2384 1517 τὸν
2435 1462 2643 1539 πατέρα
2695 1464 2786 1518 καὶ
2844 1464 2937 1517 τὸν
2977 1461 3141 1516 αὐτοῦ
3174 1459 3407 1537 ἀδελφὸν
3470 1460 3817 1537 Νικηφόρον,

2142 1549 2281 1606 ὥστε
2340 1548 2666 1622 ἀλωϐήτους
2738 1550 2937 1615 αὺτοὺς
2995 1548 3452 1628 διατηρήσαντας,
3512 1556 3629 1613 τοῖς
3691 1549 3814 1606 λοι-

2141 1647 2267 1703 ποῖς
2297 1639 2529 1704 Ἰταλοῖς
2560 1643 2702 1713 οὖσι,
2730 1642 2820 1695 καὶ
2874 1638 3240 1718 διαφερόντως
3289 1646 3431 1707 τοῖς,
3480 1644 3577 1694 105
3635 1639 3805 1717 Πρίγ·

2140 1751 2342 1799 κιπος,
2400 1730 2570 1803 ὁμόσε
2627 1736 2828 1805 χωρεῖν
2867 1774 2879 1787 .
2930 1731 3103 1785 T0510
3163 1730 3503 1803 συνθεμένων
3563 1728 3811 1798 ἐκείνων,

2140 1821 2227 1874 καὶ
2290 1817 2737 1892 ἀνταλλαξάντων
2770 1819 2845 1881 εἷς
2876 1818 3003 1880 τοὺς
3036 1820 3233 1893 ἀρκους
3283 1820 3350 1873 τά
3400 1818 3520 1895 ἱερά
3571 1817 3817 1892 περιάμ-

2147 1930 2309 1981 ματα,
2369 1908 2733 1985 συρρήγνυται
2792 1907 2945 1983 μάχη
3013 1908 3242 1983 μεγίστη
3298 1908 3465 1985 ἐνθεν,Δ
3516 1908 3609 1979 μὲν
3669 1908 3812 1963 Ῥω-

2148 1998 2329 2069 μαίοις
2378 1996 2467 2051 σὺν
2534 1997 2764 2070 Πέρσαις
2829 1997 2917 2051 καὶ
2974 1997 3228 2069 Σκυθικῷ
3281 1980 3549 2068 πλείσεέῳ,
3608 1995 3809 2060 ἐκεῖθεν

2142 2084 2197 2141 δῖε
2270 2092 2385 2148 τοῖς
2456 2092 2553 2141 105
2632 2088 2936 2162 Πρίγκιπος
2987 2085 3242 2148 Ἰταλοῖς·
3303 2087 3394 2141 τὸν
3448 2087 3548 2161 γάρ
3601 2086 3811 2161 πατέρα

2139 2175 2228 2230 καὶ
2260 2174 2491 2253 ἀδελφὸν
2550 2176 2641 2229 σὺν
2700 2181 2818 2238 τοῖς
2876 2176 3001 2250 περὶ
3061 2174 3296 2240 ἐκείνους
3356 2175 3605 2253 σφισιτά
3660 2173 3812 2230 δεινά

2140 2265 2412 2327 ἐπισείσας
2481 2267 2790 2340 ἀποναρκᾷν
2864 2265 3001 2340 πρὸς
3049 2267 3147 2335 τὴν
3205 2264 3391 2340 μάχην
3463 2264 3658 2333 ἐποίει,
3717 2264 3809 2319 καὶ

2142 2355 2247 2430 οὐχ
2280 2356 2427 2416 ὅπως
2452 2355 2544 2409 τὸν
2569 2353 2814 2428 πόλεμον
2861 2350 3287 2426 ἀναϐάλλεσθαι,
3346 2352 3495 2410 ἀλλά
3552 2354 3641 2409 καὶ
3704 2354 3810 2409 ὐπὸ

2138 2442 2281 2498 πόδα
2340 2444 2670 2518 ἀναχωρεῖν,
2705 2443 2867 2505 αὐτὸς
2901 2441 2960 2497 δὲ
2990 2445 3127 2498 κατά
3182 2444 3359 2499 νώτου
3391 2449 3507 2505 τοῖς
3570 2441 3804 2506 Ἰταλοῖς

2140 2538 2659 2610 προσεπιτιθέμενος
2724 2532 2872 2588 δεινά
2929 2533 3099 2589 ἐποίει
3137 2577 3149 2590 .
3212 2535 3314 2591 Καὶ
3374 2533 3498 2589 τότε
3557 2528 3801 2609 ἔγνωσαν

2140 2624 2344 2680 Ἰταλοὶ
2398 2622 2857 2700 παραδεδομένοι,
2920 2625 3007 2678 καὶ
3074 2621 3499 2698 ἀπεδίδρασκον.
3563 2623 3640 2681 Οὐ
3696 2625 3805 2697 μὴν

2143 2713 2199 2769 δὲ
2255 2714 2345 2769 καὶ
2403 2716 2493 2769 τὸν
2540 2712 2785 2769 κίνδυνον
2853 2714 3202 2791 ὑπεξέφυγον,
3263 2714 3409 2769 ἀλλᾶ
3457 2712 3671 2770 πολλοὶ
3718 2718 3803 2786 τῷ

2144 2808 2395 2875 Σκυθικῷ
2473 2803 2831 2879 στρατεύματι
2914 2799 3588 2878 συγκαταλαμϐανόμενοι,
3674 2823 3813 2879 συχ-

2142 3020 2224 3074 ait
2253 3017 2533 3090 Princeps
2562 3035 2700 3075 voce
2727 3019 2981 3087 sublata,
3005 3020 3173 3077 oculo
3207 3036 3343 3075 eum
3371 3023 3808 3092 comtemptore

2142 3107 2365 3179 ﬁgens:
2402 3130 2429 3156 (ς
2461 3108 2545 3162 Tu
2580 3108 2737 3163 enim
2770 3109 3013 3180 spurius
3041 3126 3145 3165 nec
3189 3107 3339 3164 liber
3390 3108 3678 3178 tenebrio,
3711 3110 3813 3167 vix

2149 3213 2213 3252 eo
2238 3198 2373 3267 jure
2406 3197 2632 3268 aspires
2684 3202 2747 3252 ut
2786 3214 2992 3254 servus
3044 3198 3147 3254 sis.
3185 3220 3213 3247 »
3245 3198 3347 3254 His
3398 3198 3589 3253 verbis
3639 3198 3802 3253 haud

2140 3286 2341 3341 mitius
2376 3303 2551 3357 quam
2580 3285 2677 3342 ille
2706 3292 2875 3343 vetus
2910 3287 3371 3359 Agamemnonis
3395 3286 3667 3343 conviciis
3692 3303 3800 3342 no-

2136 3391 2243 3429 vus
2268 3374 2524 3429 Achilles
2550 3378 2809 3430 Joannes
2840 3376 3191 3443 concitatus,
3211 3376 3269 3431 in
3290 3376 3435 3431 iram
3463 3392 3577 3431 non
3600 3375 3804 3431 minus

378 3465 593 3520 fabulis
625 3465 1101 3535 diseordize,quae
1132 3463 1286 3519 inter
1317 3466 1455 3520 deas
1488 3471 1606 3521 tres
1627 3466 1847 3522 malum
1882 3484 2027 3539 prae-
2062 3449 2102 3514 C
2143 3480 2463 3519 memorem
2497 3468 2553 3519 et
2600 3466 2756 3520 exitu
2808 3466 3043 3521 noxiam
3090 3465 3420 3521 excanduit.
3454 3470 3705 3536 Moxque
3736 3470 3809 3521 ut

382 3554 594 3611 stantis
620 3556 817 3609 forma:
844 3553 1397 3624 praemiumjaciens
1424 3554 1643 3626 tragica
1664 3573 1761 3611 eas
1786 3557 2024 3611 aemula-

375 3643 593 3699 latione
624 3642 925 3698 conmisit.
962 3642 1055 3697 Sic
1087 3643 1242 3697 enim
1268 3647 1323 3696 et
1351 3646 1787 3699 nuncfmdcrati
1808 3646 2027 3717 princi-

376 3747 479 3803 pes
511 3731 655 3799 rixa,
690 3729 783 3784 hic
817 3748 1047 3801 quoque
1079 3748 1192 3785 non
1223 3732 1499 3787 dissimili
1538 3752 1607 3789 ex
1657 3753 1835 3791 causa
1866 3741 2024 3801 nata,

374 3818 642 3874 distracti
675 3820 746 3874 ab
778 3818 1029 3875 invicem
1065 3826 1205 3876 sunt
1235 3820 1485 3877 discidio
1522 3826 1772 3881 funesto.

483 3953 571 4009 31.
609 3954 674 4009 Ut
705 3952 929 4010 Achaia?
956 3954 1209 4026 princeps
1237 3963 1430 4026 captus
1459 3973 1492 4011 α
1537 3959 1793 4013 Romanis
1824 3960 1917 4013 sit.

444 4070 621 4125 Aiunt
651 4070 808 4125 enim
843 4070 1125 4141 quosdam
1151 4086 1179 4125 e
1203 4072 1483 4127 comitatu
1506 4073 1797 4145 Principis
1825 4089 2030 4144 procc-

374 4176 488 4223 res,
513 4176 661 4230 quos
680 4158 1028 4215 caballarios
1051 4158 2027 4233 illivocant,cupiditatisadjecisse

372 4248 573 4303 oculos
604 4248 663 4302 in
697 4249 864 4303 ducis
894 4248 1140 4304 Joannis
1190 4250 1525 4321 conjugem,
1557 4267 1734 4322 quam
1791 4256 2027 4307 Taronaa

372 4337 557 4391 luisse
590 4336 769 4391 ﬁliam
794 4336 1077 4403 diximus,
1099 4337 1158 4390 in
1192 4338 1568 4393 manifestam
1601 4340 1709 4395 viri
1744 4340 1872 4409 ejus
1890 4358 2026 4397 con-

372 4424 682 4479 tumeliam
702 4432 755 4478 et
774 4426 1080 4494 praesentis
1101 4431 1503 4497 contemptum
1525 4447 1538 4496 ;
1559 4430 1729 4500 cujus
1753 4430 1851 4485 ille
1872 4431 2025 4486 haud

376 4512 766 4567 dissimulans
786 4512 1039 4568 dolorem
1066 4514 1415 4585 gravissime
1436 4526 1677 4587 questus
1702 4524 1813 4585 est,
1836 4520 2028 4575 mina-

374 4605 474 4657 tus
508 4601 685 4657 etiam
736 4618 973 4673 gravem
1036 4602 1318 4659 ultionem
1375 4606 1714 4661 auctoribus
1775 4609 2025 4681 injuriae,

375 4690 592 4762 quibus
624 4691 693 4746 ad
726 4708 794 4746 ea
826 4691 1076 4762 superbe
1100 4695 1588 4764 responsantibus
1612 4702 1907 4753 certamen
1933 4716 2027 4754 ac-

2136 3553 2567 3607 demonstraret
2599 3553 2957 3625 praecipuam
2992 3571 3053 3609 se
3085 3559 3313 3626 partem
3355 3554 3567 3609 harum
3602 3553 3803 3625 cepia-

2138 3658 2268 3696 rum
2300 3657 2449 3711 esse,
2487 3658 2553 3696 ac
2585 3660 2940 3715 quocunque
2972 3643 3319 3699 inclinasset
3368 3659 3567 3700 secum
3619 3643 3808 3699 victo-

2136 3730 2284 3785 riam
2318 3736 2675 3796 tracturum,
2709 3732 2909 3787 missis
2962 3733 3192 3787 arcanis
3243 3737 3418 3788 noctu
3472 3731 3687 3787 litteris
3720 3734 3805 3788 ad

2136 3822 2315 3874 duces
2346 3819 2608 3875 hostium
2642 3821 2938 3892 significat
2968 3838 3031 3877 se
3064 3838 3200 3877 cum
3234 3821 3381 3892 ipsis
3412 3821 3555 3893 fore,
3591 3826 3648 3876 et
3680 3820 3805 3877 im-

2136 3912 2336 3980 petum
2368 3925 2503 3963 eum
2538 3909 2662 3963 suis
2698 3910 2989 3965 facturum
3023 3911 3082 3965 in
3112 3909 3419 3965 Italiorum
3466 3909 3807 3965 multitudi-

2138 4013 2271 4052 nem
2294 3996 2565 4052 mollium
2587 3996 3063 4070 imbelliumque,
3085 3997 3135 4054 si
3158 4014 3256 4054 eos
3281 3998 3365 4053 illi
3393 3997 3803 4054 adorirentur.

2136 4087 2297 4142 Cavit
2328 4091 2554 4156 tamen,
2578 4092 2777 4143 exacto
2810 4087 2866 4142 in
2905 4087 2961 4142 id
2995 4090 3066 4144 ab
3091 4087 3607 4159 eisjurejurando,
3640 4088 3804 4159 patri

2137 4192 2246 4231 suo
2276 4176 2537 4246 despotm
2567 4193 2633 4230 ac
2666 4175 2830 4231 fratri
2863 4176 3214 4248 Nicephoro,
3248 4180 3314 4232 ut
3358 4175 3502 4231 salvi
3551 4182 3809 4246 uterque

2135 4264 2481 4335 innoxiique
2512 4264 2971 4320 dimitterentur.
3003 4270 3068 4321 In
3091 4265 3347 4337 reliquos
3380 4264 3579 4335 Italos,
3614 4267 3813 4321 maxi-

2136 4369 2347 4424 meque
2374 4352 2433 4406 in
2464 4353 2681 4409 milites
2712 4353 3027 4425 Principis,
3049 4354 3211 4409 omni
3235 4354 3292 4410 vi
3312 4353 3448 4411 belli
3473 4355 3809 4411 saeviretur.

2138 4441 2240 4497 His
2272 4442 2426 4496 inter
2457 4458 2557 4497 eos
2590 4442 2915 4513 conventis,
2948 4447 3005 4498 et
3046 4443 3280 4499 ﬁrmata
3322 4443 3601 4513 utrinque
3637 4444 3815 4513 jure-

2130 4531 2389 4601 jurando
2422 4532 2535 4586 ﬁde
2566 4548 2671 4603 per
2697 4533 3221 4588 commutationem
3255 4550 3558 4589 sacrorum
3587 4532 3821 4591 amule-

2136 4625 2355 4687 torum,
2390 4624 2556 4675 atrox
2588 4636 2785 4692 pugna
2816 4621 3231 4692 committitur,
3261 4622 3395 4677 hinc
3424 4621 3663 4693 quidem
3695 4626 3818 4679 Ro-

2138 4709 2331 4764 manis
2392 4726 2526 4765 cum
2578 4710 2774 4766 Persis
2818 4715 2875 4766 et
2930 4710 3282 4783 Scytharum
3350 4728 3532 4766 manu
3592 4727 3819 4783 magna

376 4797 619 4837 censum
634 4786 720 4836 est
740 4784 1057 4851 utrumque
1073 4782 1412 4854 vehemens,
1430 4784 1646 4856 ineque
1668 4785 2027 4857 ignescentes

2141 4798 2528 4866 irruentibus,
2562 4799 2865 4855 stantibus
2895 4782 3099 4856 contra
3131 4798 3316 4867 Italis,
3349 4799 3452 4870 qui
3498 4799 3607 4855 sub
3640 4782 3821 4855 Prin-

376 4871 437 4925 in
460 4870 679 4926 bellum
700 4870 1132 4925 internecivum
1157 4872 1702 4943 inflammabantur,
1727 4876 1876 4931 mira
1902 4878 2029 4933 bre-

377 4959 465 5014 vis
496 4960 959 5015 commutatione
988 4961 1293 5028 momenti,
1319 4963 1500 5033 utqui
1524 4964 1697 5034 paulo
1725 4970 1859 5020 ante
1883 4968 2024 5022 socii

378 5063 751 5103 communem
786 5049 972 5103 aciem
1005 5054 1209 5105 contra
1238 5050 1439 5107 hostes
1467 5068 1534 5106 ex
1565 5054 1809 5109 adverso
1842 5055 2025 5111 intru-

377 5140 502 5192 ctos
533 5137 889 5203 conflabant,
925 5154 985 5193 se
1019 5139 1267 5193 invicem
1302 5139 1499 5195 infesti
1545 5146 1828 5211 peterent.
1863 5145 2029 5201 Tunc

376 5224 702 5296 principem
728 5224 848 5279 hac
873 5231 1208 5281 cernentem
1234 5228 1431 5282 ferunt
1454 5228 1823 5301 indignatum
1846 5236 2031 5305 gravi-

375 5315 464 5366 ter
479 5329 618 5368 suos
634 5313 869 5383 quidem
897 5316 1210 5386 objurgare
1233 5333 1347 5371 non
1374 5319 1751 5390 sustinuisse,
1773 5322 1870 5379 85
1893 5324 2029 5380 duci

375 5405 575 5457 autem
608 5408 673 5457 ut
701 5404 999 5457 tumultus
1030 5405 1251 5459 auctori
1303 5413 1665 5477 succentem,
1703 5428 1837 5466 eum
1894 5430 2029 5470 con-

369 5491 685 5547 tumeliose
716 5491 1068 5562 appellasse,
1101 5496 1451 5563 exprobrato
1488 5497 1664 5553 etiam
1700 5500 2033 5559 luculenter

378 5594 443 5634 ac
465 5580 660 5651 palam
686 5581 967 5636 dedecore
991 5580 1303 5638 natalium.
1323 5586 1466 5640 Cum
1488 5587 1645 5643 enim
1669 5588 1721 5645 is
1743 5590 2029 5663 Nicepho-

379 5683 509 5724 rum
532 5667 851 5726 ostendens
876 5668 1103 5725 «frater
1126 5685 1291 5728 meus
1315 5694 1341 5721 ››
1363 5671 1626 5749 dixisset,
1654 5709 1719 5718 -—
1740 5680 2028 5753 «Apage,»

2138 4886 2267 4959 cipe
2301 4888 2627 4943 merebant.
2657 4888 2803 4945 Nam
2838 4889 2989 4960 patri
3012 4894 3069 4944 et
3100 4889 3265 4944 fratri
3286 4890 3543 4944 Joannes
3561 4905 3818 4961 persua-

2144 4981 2321 5045 serat,
2352 4993 2525 5048 grave
2570 4978 2630 5031 ni
2683 4978 2943 5033 facerent
2991 4977 3321 5049 periculum
3364 4978 3692 5045 intentans,
3742 4986 3819 5037 ut

2140 5083 2254 5121 non
2286 5070 2519 5120 tantum
2554 5065 2923 5122 abstinerent
2966 5084 3186 5139 pugna,
3222 5068 3323 5123 sed
3370 5069 3579 5140 pedem
3628 5068 3814 5126 etiam

2140 5155 2424 5210 referrent
2454 5160 2630 5226 atque
2659 5155 2712 5209 in
2755 5162 2951 5211 tutum
2985 5173 3046 5212 se
3080 5156 3427 5228 reciperent.
3468 5160 3597 5230 Ipse
3629 5175 3814 5230 porro

2139 5260 2171 5297 a
2202 5248 2365 5314 tergo
2399 5243 2576 5300 Italos
2611 5245 2854 5300 adortus
2876 5261 3155 5317 magnam
3178 5261 3383 5301 eorum
3416 5250 3676 5319 stragem
3700 5247 3815 5302 de-

2140 5332 2244 5387 dit.
2279 5333 2433 5386 Tum
2489 5334 2727 5389 demum
2760 5350 2889 5389 sese
2948 5333 3079 5389 Itali
3141 5334 3404 5402 proditos
3452 5341 3815 5404 senserunt;

2142 5421 2335 5491 sparsi
2352 5437 2466 5491 que
2492 5421 2549 5477 in
2566 5423 2761 5494 fugam
2786 5424 3007 5493 passim
3027 5438 3131 5478 nec
3151 5422 3233 5477 sic
3252 5422 3353 5478 86
3372 5423 3703 5495 periculum
3726 5424 3822 5481 fu-

2143 5514 2358 5580 gerunt
2414 5512 2794 5567 circumventi
2840 5530 2872 5567 a
2931 5510 3224 5583 Scythicis
3283 5512 3544 5569 maxime
3601 5514 3820 5585 copiis,

2146 5614 2400 5669 quarum
2434 5600 2806 5657 creberrimis
2839 5600 3051 5656 conﬁxi
3077 5600 3299 5673 jaculis
3323 5603 3632 5671 cadebant,
3655 5602 3751 5659 alii
3782 5622 3820 5661 ει

2145 5686 2337 5745 Persis
2400 5689 2807 5762 capiebantur.
2846 5690 2975 5764 Ipse
3025 5691 3097 5748 ad
3149 5694 3477 5749 extremum
3532 5693 3814 5763 Princeps
