4090 6450
293 462 402 518 521

1388 458 1481 510 ΒΕ
1519 454 1887 510 MICHAELE
1927 453 2375 511 PALBOLOGO
2412 458 2545 512 LIB.
2590 463 2633 513 Ι.

3620 467 3727 521 522

283 592 408 647 νοῖς
458 587 574 643 τοῖς
636 580 842 643 ὀῖστοῖς
896 577 1325 653 τιτρωσκόμενοι
1384 572 1635 648 ἔπιπτον,
1668 573 1840 629 ἄλλοι
1889 572 1947 628 δὶ
1976 577 2030 645 Α
2062 571 2154 636 δας
2183 575 2400 631 πίπτειν
2438 579 2659 652 βασιλεῖ
2685 602 2745 658 γε
2787 579 2901 639 ὄντι
2959 584 3172 661 τελείῳ.
3202 586 3267 645 Εἰ
3329 584 3385 643 δὲ
3436 587 3719 663 βούλοιτο,

285 678 409 735 τοῖς
445 673 679 747 Πέρσαις
735 667 1055 738 ἡλίσκοντο.
1088 667 1195 723 Καὶ
1252 663 1413 727 τέλος
1466 665 1627 728 αὐτὸς
1658 665 1686 718 ὁ
1716 663 1953 737 πρίγκιψ

288 765 486 834 θάμνῳ
544 760 653 814 τινὶ
710 755 1001 833 παρεισδὺς
1056 756 1257 820 ἐκεῖθεν
1317 754 1527 831 ἐθάρρει
1588 752 1794 821 λαθεῖν,
1828 750 1955 806 ἀλλ’

286 853 398 907 οὐκ
453 848 585 919 ἤνυε
636 848 700 903 τὸ
757 848 1006 922 παράπαν
1044 863 1057 877 ⁸
1110 846 1423 907 ἐπιστάντες
1477 845 1581 919 γὰρ
1648 842 1737 897 καὶ
1795 840 1958 895 αὐτὸν

291 942 508 1002 ἀκλεῶς
540 938 734 1013 ᾕρουν.
770 938 869 991 Καὶ
922 935 1063 1011 μέγα
1090 956 1142 989 τι
1201 933 1409 989 ἀκονιτῖ
1457 932 1510 987 ἐν
1567 936 1733 1003 στενῷ
1761 928 1959 1003 κατόρ-

289 1034 459 1102 θωμα
501 1029 615 1083 τότ’
648 1024 961 1101 ἐπράττετο,
997 1024 1048 1078 ἐν
1110 1022 1284 1099 ὀλίγῳ
1340 1022 1491 1094 πόνῳ
1532 1017 1722 1093 κέρδος
1777 1039 1958 1075 νεανι-

289 1120 412 1175 κόν.
446 1120 578 1174 Τότε
632 1116 811 1171 τοίνυν
866 1116 933 1169 τὰ
990 1112 1272 1187 θαυμαστᾶ
1319 1112 1410 1166 καὶ
1456 1110 1669 1185 μεγάλα
1701 1111 1752 1164 οἱ
1796 1128 1957 1183 στρα-

287 1208 462 1283 τηγοὶ
513 1206 934 1279 ἆπενεγκάμενοι
997 1202 1233 1280 λάφυρα,
1265 1200 1346 1279 ἐφ’
1380 1203 1462 1261 οἷς
1520 1198 1610 1253 καὶ
1668 1196 1826 1252 αὐτὸν
1888 1193 1956 1265 δὴ

288 1300 389 1353 τὸν
447 1298 544 1365 τῆς
603 1292 828 1368 Ἀχαίας
914 1291 1203 1367 πρίγκιπα,
1261 1290 1342 1344 ἐπ’
1403 1285 1668 1355 ἀνατολὴν
1748 1285 1961 1357 σύναμα

284 1388 380 1442 καὶ
413 1390 492 1458 τῷ
532 1382 657 1460 περὶ
691 1382 887 1443 αὐτοὺς
921 1378 1281 1456 στρατεύματι
1335 1376 1599 1447 ἤλαυνον,
1631 1375 1959 1451 κατοχυρώ-

293 1496 485 1531 σαντες
536 1475 613 1535 ὡς
672 1471 787 1527 οἶόν
864 1491 921 1525 τε
978 1469 1243 1545 πρότερον
1296 1469 1384 1522 καὶ
1444 1465 1566 1527 τοὺς
1624 1467 1760 1520 κατᾶ
1809 1463 1956 1519 δύσιν

294 1567 523 1630 τόπους,
604 1562 679 1623 ὡς
752 1560 841 1615 ἐπὶ
925 1558 1181 1614 πλεῖστον
1243 1555 1631 1635 φυλάττοιντο.
1688 1556 1777 1616 Ὡς
1829 1557 1957 1629 γοῦν

292 1654 572 1723 ἐπανῆκον
637 1650 771 1723 μετᾶ
830 1648 1099 1724 λαμπρῶν
1159 1653 1267 1701 τῶν
1317 1642 1958 1721 τροπαίων,κατειλήφει

300 1745 398 1817 μὲν
461 1742 552 1796 καὶ
612 1738 688 1796 ἔτι
746 1741 773 1793 ὁ
834 1738 1331 1815 Στρατηγόπουλος
1390 1734 1441 1789 ἐν
1474 1732 1838 1789 ἀκαταστασία
1894 1731 1961 1786 τὰ

294 1831 613 1905 πράγματα,
648 1828 748 1883 οὐκ
777 1827 937 1902 ὀλίγα
993 1825 1168 1881 δὲκαὶ
1229 1824 1389 1887 αὐτὸς
1447 1828 1527 1895 τῷ
1586 1819 1960 1895 Παλαιολόγῳ

2063 664 2152 718 καὶ
2180 662 2350 743 λύτρα
2381 665 2591 723 διδόναι
2628 670 2760 747 ὑπὲρ
2793 672 2957 728 αὐτοῦ
3006 676 3078 729 ὢν
3138 675 3255 752 ἔχει
3307 676 3376 732 τὰ
3425 662 3723 745 κάλλιστα,

2066 753 2170 808 ast
2205 758 2280 828 μή
2309 777 2372 832 γε
2400 756 2501 812 ἀνὰ
2526 764 2717 835 χεῖρας
2762 764 2790 832 ἡ
2846 762 3008 827 πόλις
3067 760 3264 839 ἔκειτο,
3324 766 3422 821 οὐκ
3477 766 3537 822 ἃν
3598 767 3719 838 ἠξί-

2069 865 2209 898 ωντο
2267 850 2385 909 τοῖς
2432 848 2728 921 Ῥωμαίοις
2787 856 2884 907 τοῦ
2946 852 3184 927 μηδενός
3212 874 3225 889 ’
3260 858 3344 930 [Ρ.
3401 858 3495 930 52]
3531 861 3624 912 νῦν
3667 855 3726 926 δὲ

2067 932 2155 985 καὶ
2205 930 2391 989 λαϐεῖν
2449 935 2700 1009 ἀσμένως
2751 940 3021 997 πιστεύειν
3088 944 3177 999 καὶ
3235 942 3466 1019 ἔχοντας
3524 946 3726 1007 ἱκανῶς

2072 1020 2487 1096 μεγαλύνεσθαι.
2550 1027 2609 1083 Ὁ
2696 1029 2792 1101 μὶν
2861 1031 3089 1106 πρίγκιψ
3170 1037 3359 1103 ταῦτα,
3411 1034 3576 1105 ἀξιῶν
3634 1035 3726 1089 καὶ

2070 1108 2269 1173 δοῦλος
2302 1111 2356 1174 ἐς
2416 1115 2496 1169 ἀεὶ
2556 1115 2857 1188 κεκλῆσθαι
2912 1119 3004 1174 καί
3061 1141 3113 1175 τι
3177 1127 3408 1194 σημεῖον
3471 1118 3619 1196 ἔχειν
3672 1121 3732 1177 ἐκ

2073 1198 2351 1273 βασιλείας
2381 1204 2479 1272 τῆς
2511 1202 2762 1270 δουλείας
2819 1205 3099 1282 σύμϐολον
3137 1230 3150 1243 ο
3185 1210 3212 1264 ὁ
3246 1207 3303 1264 δέ
3353 1230 3413 1284 γε
3473 1209 3733 1286 βασιλεὺς

2068 1287 2301 1353 ἀκούσας
2360 1293 2454 1364 μὲν
2515 1295 2604 1347 καὶ
2661 1294 2727 1349 τὰ
2779 1295 2950 1372 λύτρα
3006 1299 3094 1353 καὶ
3133 1295 3379 1376 διαγνοὺς
3407 1299 3566 1353 ἱκανὰ
3595 1298 3722 1370 (πό-

2070 1376 2185 1440 λεις
2243 1382 2343 1455 γὰρ
2402 1379 2582 1436 ἐδίδου
2637 1383 2727 1438 καὶ
2780 1386 2970 1461 χώρας
3055 1388 3365 1464 ἀπόμοιραν
3423 1388 3615 1442 ἑαυτοῦ
3670 1387 3725 1443 ἂν

2070 1465 2475 1543 Πελοποννήσῳ
2506 1472 2694 1535 ἱκανὰς
2725 1472 2801 1536 εἷς
2850 1471 3165 1538 δεσποτείας
3224 1477 3489 1550 σέμνωμα
3548 1476 3732 1551 μέγαν,

2072 1558 2391 1636 ἀποϐλέψας
2451 1560 2507 1617 δὲ
2562 1566 2651 1618 καὶ
2710 1566 2847 1641 πρὸς
2904 1568 3003 1635 τήν
3064 1566 3332 1623 εἷσέπειτα
3358 1572 3455 1624 τοῦ
3501 1566 3733 1624 Λατίνου

2072 1649 2346 1721 δουλείαν,
2400 1651 2474 1714 ὡς
2536 1651 2771 1717 ἐντεῦθεν
2829 1655 2919 1709 καὶ
2982 1654 3375 1732 μεγαλύνεσοαι
3430 1656 3558 1719 τοὺς
3599 1660 3735 1714 Ῥω-

2076 1740 2269 1813 μαίους
2322 1740 2411 1795 καί
2468 1762 2531 1817 γε
2588 1739 2909 1817 κερδαίνειν,
2941 1738 3077 1819 ἔγνω
3132 1744 3445 1800 σπείσασθαι
3502 1744 3570 1800 τὰ
3598 1745 3737 1819 πρὸς

2070 1834 2288 1886 τοῦτον.
2351 1830 2471 1886 Ἐπὶ
2536 1829 2727 1906 ῥητοῖς
2766 1833 2898 1908 γοῦν
2950 1829 3208 1890 έκόἄλλει
3264 1834 3459 1890 τοῦτόν
3516 1854 3573 1889 τε
3628 1837 3732 1898 τῆς

297 1920 603 1995 συναίρεται
659 1924 759 1987 τῆς
817 1916 1062 1991 ὀρέξεως.
1123 1915 1225 1969 Τὸν
1295 1912 1474 1986 μέντοι
1552 1932 1615 1986 γε
1697 1916 2320 2015 πριγκιπαΒφυλακῆς
2406 1916 2497 1972 καὶ
2571 1922 2680 1973 τῶν
2758 1919 2894 1998 ἀμφ’
2952 1920 3115 1977 αὐτὸν
3192 1920 3311 1977 ὅσοι
3362 1928 3627 1997 περιῆσαν
3678 1924 3733 1977 έν

418 2012 428 2015 _
536 2008 553 2015 ,
835 2006 846 2015 .
998 2006 1010 2015 .
1158 2004 1168 2015 .
1327 2007 1351 2015 -
1457 2004 1477 2015 ς
1575 2001 1602 2013 -
1666 1998 1775 2015 η...
2150 2004 2168 2015 .
2292 2010 2316 2015 _
2604 2007 2619 2015 -
2876 2009 2886 2015 .
3294 2009 3331 2015 --
3468 2008 3557 2015 __
3599 2011 3610 2015 _

297 2012 442 2065 κατὰ
496 2008 559 2064 τδ
617 2006 897 2083 παρεστὼς
958 2006 1051 2077 μὲν
1109 2004 1233 2059 τότε
1287 2007 1355 2077 τῇ
1384 2001 1602 2079 φυλακῇ
1664 1998 1909 2056 ἐδίδοσαν
1943 2020 1955 2030 ·

301 2102 595 2174 μετέπειτα
651 2094 709 2151 δὲ
758 2094 1005 2164 ἀλούσης
1048 2100 1148 2162 τῆς
1199 2091 1416 2155 πόλεως
1461 2092 1552 2162 (ὡς
1586 2090 1645 2144 ἃν
1699 2090 1816 2143 καθ’
1848 2088 1958 2164 εἶρ-

301 2193 407 2265 μὸν
438 2189 529 2244 καὶ
560 2192 728 2243 ταῦτα
760 2185 947 2263 ῥηθείη
982 2185 1069 2239 καὶ
1107 2183 1183 2257 μὴ
1214 2182 1277 2236 τὸ
1322 2188 1422 2251 τῆς
1474 2178 1783 2255 διηγήσεως
1832 2200 1958 2233 συνο

297 2280 431 2355 εχὶς
492 2272 867 2343 διακόπτοιτο,
924 2273 969 2328 εἶ
1046 2272 1135 2328 καὶ
1195 2270 1470 2342 ξυνέπεσεν
1550 2268 1789 2343 ὕστερον)
1861 2275 1959 2337 τῆς

294 2354 434 2445 γοῦν
492 2366 709 2427 πόλεως
756 2362 1021 2435 ἀλούσης,
1063 2362 1204 2416 ἐτοῖν
1250 2357 1725 2433 παραδραμόντοιν
1785 2354 1958 2424 δυοῖν,

298 2461 331 2514 ὁ
381 2457 477 2531 μὲν
532 2453 769 2531 πρίγκιψ
816 2454 906 2507 τὸν
960 2445 1190 2523 σοϐαρὸν
1242 2449 1447 2523 αὐχένα
1495 2446 1681 2508 κλίνας
1729 2450 1809 2517 τῷ
1864 2446 1961 2520 βα-

298 2546 453 2603 σιλεῖ
480 2545 571 2600 καὶ
630 2545 750 2617 ἄρτι
801 2539 1288 2617 πρῶτον-βλέπειν
1340 2537 1542 2592 ἐκεῖνον
1600 2537 1801 2591 ἄνακτα
1828 2535 1965 2589 Ῥω-

301 2635 501 2712 μανίας
534 2629 719 2701 ἔλεγεν
774 2628 1185 2703 ἐπειλημμένον
1243 2628 1319 2690 ὡς
1374 2626 1546 2702 ἐχρῆν
1598 2629 1696 2680 τοῦ
1747 2622 1964 2712 θρόνου,

296 2710 391 2783 καί
426 2744 491 2799 γε
538 2722 727 2778 ἑαυτὸν
773 2720 975 2785 πείθειν
1035 2714 1527 2778 καθυποκλίνεσθαι
1584 2714 1674 2770 καὶ
1734 2713 1812 2775 εἰς
1865 2710 1966 2767 πό-

302 2907 529 2966 saltum
555 2906 859 2978 ingressus
891 2901 1151 2958 arbustis
1173 2899 1425 2956 densum
1456 2896 1538 2953 ibi
1570 2900 1729 2952 tutas
1760 2912 1823 2952 se
1880 2895 1972 2951 in-

301 3000 622 3054 venturum
654 2993 910 3049 latebras
942 2990 1217 3061 Sperabat
1247 2989 1467 3043 frustra
1493 3002 1506 3042 :
1542 3002 1669 3041 ram
1708 2986 1972 3041 detectus

301 3084 557 3159 inglorie
586 3086 795 3155 captus
825 3084 882 3138 et
911 3081 1038 3153 ipse
1066 3084 1175 3135 est.
1237 3082 1444 3149 Magna
1471 3080 1612 3133 tunc
1670 3091 1762 3131 res
1813 3074 1972 3130 brevi

304 3178 608 3231 momento
639 3188 707 3228 ac
728 3169 897 3227 facile
916 3172 1169 3241 peracta,
1186 3166 1497 3238 exiguique
1518 3164 1737 3221 laboris
1762 3164 1972 3235 ingens

2074 2004 2344 2079 φυλακαῖς
2385 2007 3074 2084 προσταλαιπωρούμενοι,
3105 2016 3243 2085 τιμᾷ
3290 2009 3349 2066 δὲ
3394 2011 3485 2066 καὶ
3535 2008 3741 2082 δεξιοῦ·

2068 2115 2156 2148 ται
2187 2099 2307 2155 τοῖς
2337 2094 2625 2168 πρέπουσι,
2648 2096 2739 2151 καὶ
2770 2097 2944 2161 οὕτως
2998 2100 3174 2172 ἑαυτῷ
3234 2100 3531 2156 οἰκειοῦται
3591 2099 3701 2154 ὥστ

2068 2184 2159 2238 καὶ
2217 2181 2492 2260 ἆνᾶδοχον
2546 2185 2705 2241 αὐτὸν
2780 2196 3115 2260 καταστῆσαι
3196 2187 3391 2252 παιδὸς
3474 2185 3619 2244 ἰδίου
3677 2187 3737 2243 ἔκ

2066 2277 2164 2329 τοῦ
2223 2274 2378 2348 ἁγίου
2465 2275 2845 2349 βαπτίσματος
2926 2275 3066 2333 κατᾶ
3144 2298 3265 2334 τινα
3345 2277 3733 2356 πληροφορίαν

2074 2361 2353 2437 μεγίστην.
2416 2363 2709 2428 Συνὲθεντό
2758 2386 2817 2420 τε
2877 2368 3013 2439 μετὰ
3084 2371 3253 2423 ταῦτα
3329 2366 3457 2429 τοὺς
3528 2366 3726 2440 ὅρκους

2072 2449 2360 2526 φρικτοὺς,
2418 2451 2492 2514 ὡς
2572 2452 2793 2526 Λέγουσί
2873 2475 3035 2523 τινες,
3095 2453 3235 2510 ὥστε
3290 2456 3379 2511 καὶ
3438 2454 3734 2533 φρύκτωρα

2073 2536 2376 2612 ἀνάψαντας
2410 2540 2523 2611 ἅμα
2569 2545 2686 2601 τοῖς
2742 2538 3019 2616 λεχθεῖσιν
3066 2542 3144 2607 εἲς
3200 2542 3395 2618 ὅρκους
3450 2543 3541 2599 καὶ
3601 2543 3733 2619 ἀρὰς

2072 2627 2167 2686 τὰς
2217 2624 2697 2700 παλαμναιοτέἱτας
2750 2624 2944 2700 σϐῆναι
3002 2637 3253 2703 ποιῆσαι,
3298 2631 3327 2685 ’ὀ
3385 2628 3453 2701 δὴ
3509 2632 3599 2687 καὶ
3658 2631 3736 2694 εἷς

2079 2710 2315 2790 ἀσφαλὲς
2366 2719 2487 2779 τοῖς
2545 2713 2775 2779 Ἰταλοῖς
2822 2719 2930 2775 τῶν
2973 2721 3100 2795 παρ’
3133 2718 3358 2783 ἰκείνοις
3412 2718 3735 2797 ἀφορισμῶν

2082 2912 2150 2952 ea
2169 2896 2417 2954 libenter
2447 2913 2785 2970 accepuros,
2818 2901 2875 2955 et
2905 2915 3039 2955 cum
3081 2899 3419 2969 habuerint,
3469 2916 3585 2956 non
3634 2915 3738 2971 pa-

2083 3002 2215 3042 rum
2245 2986 2383 3043 inde
2412 2987 2664 3044 crevisse
2694 3003 2863 3044 suam
2893 2988 3367 3061 magnitudinem
3429 3004 3732 3046 sensuros.

2081 3076 2350 3132 Addebat
2377 3093 2492 3132 non
2526 3092 2798 3133 recusare
2823 3094 2906 3146 se,
2939 3077 3081 3149 quin
3112 3077 3288 3134 etiam
3320 3077 3475 3135 ultro
3501 3092 3737 3149 cupere,

2085 3164 2300 3236 subjici
2333 3164 2692 3238 imperatori,
2718 3169 2776 3222 et
2796 3165 3082 3222 clientelae
3122 3182 3271 3224 nexu
3320 3171 3613 3240 perpetuae
3675 3183 3738 3223 se

303 3282 413 3322 nec
472 3260 872 3335 prudentibus
923 3256 1217 3331 sperabile
1255 3255 1507 3328 pretium
1540 3252 1825 3310 constitit.
1848 3253 1969 3310 Sub
2001 3270 2044 3340 ο
2086 3270 2381 3326 suumque
2411 3254 2808 3328 principatum
2838 3256 2890 3311 ei
2922 3255 3181 3329 obligare
3214 3277 3228 3326 ;
3265 3256 3521 3329 velleque
3554 3256 3734 3327 hujus

307 3354 430 3411 haec
462 3350 713 3409 Romani
745 3350 925 3405 duces
957 3345 1290 3403 incredibili
1321 3344 1647 3417 spoliorum
1679 3343 1733 3399 vi
1775 3342 1969 3413 ditati,

309 3442 601 3514 captivum
635 3438 868 3495 Achaiae
900 3435 1227 3509 principem
1253 3435 1536 3490 ducentes
1559 3448 1690 3488 cum
1713 3431 1971 3488 exercitu

308 3533 373 3588 in
405 3530 704 3587 Orientem
737 3530 1124 3595 reverterunt,
1168 3522 1419 3579 munitis
1469 3521 1635 3594 prius
1683 3525 1973 3592 quantum

310 3622 400 3677 fas
435 3620 546 3675 iuit
576 3623 634 3675 et
664 3633 907 3673 necesse
936 3615 1129 3671 visum
1161 3616 1271 3679 est,
1325 3615 1391 3667 ut
1420 3627 1597 3682 quam
1640 3608 1977 3665 diutissime

318 3727 528 3769 secure
555 3710 920 3776 tenerentur,
953 3702 1193 3761 Occidui
1224 3701 1431 3757 limitis
1460 3700 1625 3757 locis.
1654 3699 1856 3754 Redux
1878 3714 1978 3753 au-

313 3807 437 3857 tem
470 3798 727 3872 postilla
744 3794 1058 3868 splendida
1086 3800 1306 3863 tropaea
1353 3787 1801 3862 Strategopulus
1841 3802 1976 3842 cum

318 3889 500 3947 sociis
532 3904 627 3945 res
657 3887 1123 3956 haudquaquam
1153 3879 1347 3937 adhuc
1370 3880 1429 3934 in
1461 3878 1596 3934 aula
1627 3876 1858 3949 quietas
1888 3891 1980 3931 re-

310 3981 489 4053 perit,
517 3995 584 4034 ac
606 3977 975 4049 perstudiose
1004 3970 1327 4042 Palaeologo
1360 3970 1562 4024 favens
1593 3965 1848 4022 multum
1905 3965 1977 4020 ad

320 4071 454 4141 ejus
485 4071 760 4124 votorum
793 4064 1067 4121 effectum
1101 4059 1371 4118 contulit.
1413 4060 1484 4113 At
1516 4057 1841 4129 principem
1876 4071 1976 4110 cu-

324 4159 539 4215 stodiae
562 4162 690 4213 tum
723 4155 962 4227 quidem
992 4150 1387 4207 tradiderunt.
1420 4148 1627 4203 Postea
1655 4161 1789 4202 vero
1809 4149 1981 4216 capta

318 4247 555 4305 civitate
585 4246 703 4319 (hic
734 4244 893 4301 enim
925 4243 1097 4314 juvat
1126 4255 1219 4295 res
1268 4236 1553 4310 principis
1582 4234 1815 4291 Achaiae
1864 4250 1982 4289 una

315 4336 499 4395 simul
529 4335 680 4392 serie
739 4333 955 4404 dicere,
986 4346 1059 4386 ne
1091 4328 1142 4386 si
1173 4329 1299 4384 suis
1359 4327 1620 4398 quidque
1686 4323 1980 4396 posterius

318 4430 557 4500 gestum
590 4421 958 4495 temporibus
989 4420 1275 4485 servetur,
1320 4413 1694 4472 incommode
1733 4414 1981 4485 abrupta

317 4517 448 4572 hiet
480 4512 762 4583 narratio)
782 4511 1039 4583 quando,
1072 4508 1340 4579 inquam,
1370 4505 1512 4561 urbs
1543 4502 1870 4559 aRomanis
1900 4517 1987 4557 re-

317 4610 494 4677 cepta
548 4607 661 4671 est,
694 4600 867 4657 annis
915 4603 1047 4672 post
1098 4596 1221 4652 haec
1251 4594 1503 4660 duobus,
1557 4591 1715 4648 ﬂexit
1742 4591 1983 4647 tandem

321 4693 642 4765 superbam
674 4689 962 4747 cervicem
997 4703 1067 4743 ea
1114 4699 1360 4742 suorum
1416 4681 1759 4738 Latinorum
1819 4678 1985 4735 clade

322 4785 543 4839 fractus
577 4780 818 4837 animus
870 4775 1178 4851 principis,
1210 4780 1265 4830 et
1290 4777 1432 4828 tunc
1485 4770 1743 4842 primum
1802 4784 1983 4841 agno-

322 4888 487 4931 scere
513 4870 626 4927 sibi
657 4869 816 4926 visus
848 4868 910 4924 in
942 4863 1224 4923 Michaele
1252 4876 1451 4918 veram
1466 4859 1721 4931 speciem
1759 4874 1825 4914 ac
1858 4874 1983 4913 ma-

312 4964 600 5035 jestatem
674 4954 1073 5030 imperatoris,
1119 4969 1251 5009 cum
1302 4947 1603 5006 Romanis:
1658 4946 1985 5035 principem

325 5050 500 5119 dixit,
538 5048 812 5105 eumdem
845 5045 1147 5117 professus
1178 5045 1270 5097 est
1300 5039 1410 5094 rite
1439 5054 1505 5094 ac
1535 5035 1796 5108 legitime
1826 5034 1994 5091 thro-

328 5156 478 5196 num
510 5151 853 5209 occupasse.
886 5132 1148 5203 Denique
1170 5127 1486 5186 afﬁrmavit
1513 5125 1714 5196 sejam
1750 5124 1993 5179 minime

329 5228 745 5285 dubitaturum
767 5223 1074 5296 procidere
1106 5220 1177 5276 ad
1199 5219 1375 5291 pede
1402 5214 1734 5288 ejus,eique
1756 5230 1819 5269 se
1851 5212 1995 5269 sub-

320 5320 513 5391 jicere
542 5320 607 5372 ut
627 5317 796 5387 justo
826 5309 1189 5384 imperatori,
1239 5309 1299 5362 in
1331 5323 1446 5378 quo
1477 5302 1726 5391 Augusti
1774 5300 1995 5391 fastigii

328 5390 527 5463 totum
548 5406 737 5461 instar
767 5406 942 5459 esset.
973 5400 1067 5455 87
1101 5399 1383 5453 Praeterea
1416 5395 1465 5451 si
1491 5390 1730 5449 tractari
1777 5390 1850 5446 de
1888 5406 1999 5446 sua

332 5496 689 5553 liberatione
750 5491 945 5559 vellet,
1004 5487 1195 5560 pretia
1240 5484 1531 5541 libertatis
1571 5481 1623 5537 ei
1664 5478 1994 5535 soluturum

338 5602 473 5657 quae
505 5585 745 5640 haberet
773 5580 1017 5653 optima.
1056 5578 1187 5633 Haec
1222 5581 1522 5647 utcunque
1552 5570 1822 5641 Romani,
1891 5588 1999 5626 an-

337 5684 587 5747 tequam
619 5672 827 5729 urbem
858 5670 917 5724 in
974 5668 1250 5723 manibus
1301 5665 1586 5721 haberent
1625 5663 2002 5717 contemnere

340 5767 495 5823 forte
529 5763 879 5837 potuissent,
914 5773 1069 5814 nunc
1103 5760 1301 5811 tamen
1334 5753 1625 5810 confidere
1677 5763 1740 5805 se
1788 5756 1842 5805 et
1870 5749 2004 5807 illos

672 5880 931 5938 ΡΑτιιοι..
980 5874 1088 5934 Ga.
1136 5871 1393 5933 CXLlll.

2083 3344 2466 3416 subjectionis
2498 3346 2735 3418 signum
2758 3363 2825 3403 ac
2854 3346 3191 3419 symbolum
3231 3363 3463 3403 sumere
3495 3346 3736 3403 titulum

2085 3433 2260 3489 ofﬁcii
2280 3434 2352 3489 ab
2382 3450 2448 3489 eo
2487 3434 2771 3506 impositi.
2794 3434 2899 3490 His
2919 3434 3241 3508 imperator
3259 3434 3500 3503 auditis,
3534 3439 3591 3491 et
3612 3452 3743 3507 pro-

2083 3523 2218 3578 bat:
2244 3522 2429 3594 pretio
2458 3540 2653 3579 rerum
2684 3524 2745 3579 in
2774 3524 3239 3597 redemptionem
3258 3524 3555 3581 libertatis
3581 3524 3740 3580 obla-

2084 3615 2280 3667 tarum
2313 3628 2345 3666 a
2377 3612 2642 3684 principe
2670 3616 2862 3682 (erant
2891 3612 2978 3669 ha:
3000 3613 3179 3669 urbes
3208 3617 3267 3669 et
3294 3612 3586 3686 regiones,
3608 3628 3741 3685 pars

2086 3713 2202 3752 non
2233 3697 2464 3753 modica
2483 3698 2849 3770 principatus
2879 3699 3007 3771 eius
3026 3698 3085 3755 in
3109 3699 3531 3773 Peloponneso,
3556 3716 3744 3772 quan-

2085 3791 2207 3842 tam
2241 3787 2344 3859 qui
2376 3789 2706 3859 possideret
2736 3790 2946 3847 merito
2970 3791 3119 3847 ferre
3146 3790 3387 3848 titulum
3444 3808 3512 3848 ac
3563 3790 3746 3847 susti-

2088 3891 2226 3932 nere
2255 3876 2601 3948 dignitatem
2630 3879 2889 3951 despotaa
2912 3880 3156 3952 posset),
3184 3881 3366 3936 simul
3397 3880 3573 3937 etiam
3606 3896 3746 3936 con-

2087 3966 2344 4022 siderato
2374 3980 2550 4037 quem
2583 3966 2849 4039 amplum
2882 3967 2968 4024 illi
2998 3974 3154 4025 esset
3171 3973 3403 4026 tantum
3435 3968 3744 4026 interLati-

2088 4071 2194 4111 nos
2225 4055 2533 4128 dynastam
2569 4055 2840 4112 clientem
2870 4057 2930 4113 in
2964 4061 3264 4129 posterum
3312 4074 3378 4114 ac
3436 4057 3744 4115 subditum

2088 4144 2326 4216 habere,
2360 4144 2517 4200 nnde
2546 4149 2604 4201 et
2635 4145 2815 4202 decus
2847 4146 3125 4203 Romanae
3158 4147 3240 4203 rei
3273 4152 3331 4203 et
3360 4146 3592 4203 lucrum
3645 4162 3745 4203 ac-

2089 4239 2397 4305 cresceret,
2431 4234 2721 4306 optimum
2756 4236 2910 4291 iactu
2954 4235 3251 4307 judicavit
3296 4234 3560 4309 accipere
3613 4251 3749 4308 quae

2090 4322 2507 4392 offerebantur,
2540 4328 2598 4380 et
2628 4324 2818 4382 fcedus
2841 4324 3096 4382 ostensis
3110 4324 3550 4382 conditionibus
3572 4325 3746 4382 icere.

2090 4411 2286 4467 Paetis
2317 4411 2502 4485 igitur
2531 4414 2860 4470 secundum
2894 4413 3050 4470 dicta
3079 4412 3269 4483 initis,
3297 4413 3497 4471 educit
3527 4412 3752 4487 princi-

2093 4516 2225 4572 pem
2266 4515 2296 4555 e
2326 4518 2580 4571 carcere,
2612 4505 2671 4559 et
2722 4507 3012 4576 quotquot
3054 4519 3124 4559 ex
3179 4504 3309 4575 ejus
3361 4502 3755 4560 familiaribus

2101 4591 2484 4663 susperstites
2516 4595 2658 4648 sunt
2678 4593 2890 4665 reperti
2918 4610 2932 4651 :
2966 4609 3103 4649 nam
3163 4592 3398 4666 aliquos
3458 4593 3753 4650 diuturnae

2094 4679 2375 4736 custodia:
2390 4679 2641 4736 miseriae
2656 4681 3428 4754 absumpserant.Honoravi
3437 4686 3574 4754 tque
3588 4681 3757 4739 illum

2094 4773 2153 4824 et
2184 4768 2491 4841 splendide
2522 4770 2818 4839 tractavit,
2845 4776 2912 4827 ut
2942 4771 3223 4829 decebat:
3256 4775 3608 4843 tantumque
3644 4767 3759 4827 sibi

2095 4858 2374 4925 admovit,
2404 4862 2469 4914 ut
2494 4858 2714 4931 suscipi
2758 4859 2830 4915 ab
2858 4875 2923 4917 eo
2946 4876 3015 4916 ex
3044 4877 3213 4917 sacro
3243 4858 3597 4933 baptismate
3626 4875 3763 4932 pro-

2098 4947 2294 5021 prium
2320 4947 2531 5003 Filium
2562 4947 2737 5005 vellet
2764 4948 2825 5004 in
2854 4950 3090 5022 signum
3124 4954 3183 5006 et
3231 4949 3449 5023 pignus
3506 4947 3761 5007 certissi-

2113 5052 2279 5092 mum
2313 5037 2705 5093 reconciliata
2733 5037 2849 5094 ﬁde
2901 5038 3129 5110 optima
3170 5039 3391 5111 gratim.
3451 5038 3761 5095 Celebrata

2103 5126 2313 5182 deinde
2342 5126 2651 5182 conventio
2683 5130 2773 5182 est
2802 5134 3006 5183 mutuo
3024 5126 3762 5200 jurejurando,‘horriﬂcis

2105 5216 2307 5284 etiam,
2340 5219 2407 5270 ut
2435 5215 2623 5283 aiunt,
2653 5215 2934 5289 utrinque
2966 5215 3194 5272 sancito
3223 5215 3438 5272 ritibus
3463 5232 3478 5272 :
3510 5233 3641 5273 nam
3671 5217 3767 5273 fu-

2106 5303 2239 5361 nale
2268 5321 2583 5361 accensum
2616 5307 3016 5379 praeferentes,
3049 5305 3150 5361 ubi
3179 5322 3353 5363 suum
3385 5307 3640 5379 quisque
3670 5323 3771 5365 ca-

2108 5397 2235 5466 put,
2269 5393 2317 5449 si
2351 5412 2385 5449 a
2405 5398 2576 5466 pacto
2604 5394 3042 5463 resiliret,diris
3070 5412 3248 5467 quam
3280 5398 3538 5452 maxime
3569 5396 3774 5452 formi-

2110 5481 2331 5538 dolosis
2370 5484 2785 5557 devovit,illud
2817 5484 3262 5554 exstinxerunt;
3296 5484 3630 5558 cujusmodi
3662 5501 3771 5540 cae-

2112 5572 2374 5628 remonia
2390 5577 2600 5644 putant
2631 5574 3277 5632 Italiexsecrationibus
3292 5592 3396 5632 seu
3436 5590 3775 5632 excommu-

2114 5661 2513 5719 nicationibus
2532 5680 2691 5720 more
2709 5664 2974 5738 ipsorum
2999 5665 3098 5721 88
3124 5665 3183 5721 in
3217 5664 3778 5737 quospiamintortis

2115 5750 2520 5809 efﬁcacitatem
2536 5753 2943 5811 etﬁrmitatem
2978 5754 3220 5827 adjungi
3254 5752 3778 5811 maximam.Porro

3374 5874 3448 5932 Π
