4090 6406
343 402 451 457 523

339 524 603 582 τελεῖται.
634 528 801 579 Ἦσαν
866 519 922 575 δέ

347 617 441 688 μέν
500 613 775 689 πρίγχιπα
830 610 1127 683 Ῥωμαίοις
1207 606 1388 662 δοῦναι
1469 608 1556 661 καὶ
1652 607 1868 681 βασιλεῖ
1944 605 1995 676 ἐξ

344 703 515 773 αὐτῆς
594 705 887 775 κατασχεῖν
961 698 1033 761 εἷς
1120 695 1429 753 δεσποτείαν
1510 697 1859 775 ἀναφαίρετον
1932 697 2000 749 τὰ

345 794 484 848 κατὰ
542 791 957 861 Πελοπόννησον
1044 791 1232 860 ταῦτα,
1290 781 1699 859 Μονεμϐασίαν,
1759 784 2001 857 Μαίνην,

350 883 609 958 Ἰεράκιον
694 881 980 953 Μυζηθρᾶν
1042 874 1354 948 (Ἀνάπλιον
1430 874 1485 929 δέ
1552 876 1643 929 καὶ
1703 879 1901 951 Ἄργος
1949 875 1998 928 ἐν

351 965 689 1047 ἀμφιϐόλοις
746 965 933 1039 ἐτίθει)
978 967 1064 1020 καὶ
1124 966 1236 1039 ἅμα
1293 970 1395 1019 πᾶν
1449 964 1512 1018 τὸ
1570 966 1691 1039 περὶ
1743 966 1840 1031 τὴν
1876 966 2001 1022 Κιν-

351 1060 571 1134 στὲρναν
605 1057 744 1131 θέμα
780 1054 926 1110 πολύ
957 1076 1015 1131 γε
1045 1054 1102 1109 ’ὸν
1134 1056 1195 1109 τὸ
1231 1059 1407 1128 μῆκος
1439 1052 1527 1108 καὶ
1560 1050 1794 1115 πολλοῖς
1841 1053 2002 1128 βρύον

352 1154 471 1212 τοῖς
526 1148 772 1223 ἀγαθοῖς,
803 1146 893 1200 καί
953 1166 1015 1218 γε
1072 1144 1231 1200 αὐτὸν
1283 1142 1333 1205 ές
1364 1144 1445 1197 ἀεὶ
1481 1142 1675 1198 δοῦλον
1709 1142 2005 1211 κεκλῆσθαι

355 1236 638 1310 Ῥωμαίων
720 1235 809 1290 καὶ
889 1234 1181 1310 βασιλέως,
1256 1234 1345 1287 καὶ
1434 1232 1686 1309 ὀφφίκιον
1769 1232 2004 1296 ἐντεῦθεν

356 1329 432 1390 εἰς
482 1326 732 1388 δουλείας
794 1330 1022 1399 σημεῖον
1074 1324 1508 1401 ἀποφερόμενον,
1541 1325 1629 1377 τὸν
1684 1321 1739 1377 δέ
1796 1344 1857 1397 γε
1915 1324 2007 1396 βα-

357 1416 513 1472 σιλέα
569 1414 899 1490 σεμνύναντα
928 1417 1124 1468 τοῦτον
1170 1417 1248 1485 τῷ
1299 1417 1399 1467 τοῦ
1455 1412 1695 1489 μεγάλου
1746 1412 2011 1485 ἀξιώματι

358 1502 686 1579 δομεστίκου
742 1504 878 1576 μετὰ
950 1510 1121 1575 τιμῆς
1201 1498 1524 1555 ἀποστεῖλαι
1612 1500 1821 1572 σύναμα
1898 1505 2013 1579 τοῖς

357 1574 446 1671 ἀφὶ
506 1593 689 1667 αὐτὸν,
746 1574 865 1647 δσοι
932 1574 1022 1647 καί
1081 1590 1359 1666 περιόντες
1420 1592 1579 1659 ἦσαν,
1640 1590 1735 1643 Καὶ
1797 1588 1862 1657 δὴ
1926 1574 2013 1643 ἐπἱ

356 1683 577 1746 τούτοις
606 1681 909 1759 γεγονότων
939 1678 1184 1735 σπονδῶν
1236 1680 1397 1735 αὐτὸν
1453 1680 1546 1754 μὶν
1590 1677 1889 1734 ἀπέστελλε
1922 1679 2012 1732 σὺν

360 1777 548 1847 τιμαῖς
582 1769 936 1847 πρεπούσαις,
968 1769 1097 1832 τοὺς
1132 1766 1188 1824 δέ
1218 1790 1276 1845 γε
1325 1768 1672 1842 ληψομένους
1728 1769 1794 1822 τὰ
1848 1768 2017 1841 λύτρα

1650 395 1950 451 GEORGII
1989 396 2450 454 PACHYMERE

3647 392 3756 448 52/1

981 541 1156 596 σφισιν
1212 521 1265 573 αἱ
1326 517 1615 588 συνθεσίαι,
1650 520 1684 587 ἦ
1731 520 1837 591 μὴν
1896 517 1988 571 τὸν
2020 522 2075 587 Α
2109 518 2393 591 μετέπειτα
2421 529 2664 598 συνεχεῖς
2694 522 2783 577 καὶ
2819 520 3045 599 μεγάλοι
3081 522 3227 599 σφίσι
3288 522 3375 575 καὶ
3428 519 3763 594 ἀμφοτέροις

2104 607 2437 686 ἀνεῤῥώγασι
2471 610 2731 685 πόλεμοι.
2766 614 2861 666 Καὶ
2894 612 3061 667 ταῦτα
3112 612 3207 684 μέν
3260 610 3551 686 ἐπράττετο
3606 606 3760 681 τῇδε.

2108 778 2215 855 λβ’.
2277 785 2462 846 Ὅπως
2523 785 2549 838 6
2610 781 2847 875 Μιχαὴλ
2900 781 3199 875 *δῖεσπότης
3266 786 3387 851 νικᾷ
3463 779 3788 853 Ῥωμαίους

2656 856 2745 909 καὶ
2780 856 2921 931 αἱρεῖ
2951 856 3216 931 Καίσαρα.

2183 972 2243 1027 Ὀ
2280 971 2463 1043 μέντοι
2499 968 2765 1043 δεσπότης
2796 973 3027 1047 Μιχαὴλ
3059 975 3151 1026 νῦν
3189 972 3284 1044 μέν
3338 970 3427 1025 καὶ
3478 969 3587 1025 ἀπὸ
3643 969 3775 1024 τού-

2112 1080 2219 1113 των
2272 1058 2559 1124 κολουθεὶς
2614 1068 2715 1130 τῆς
2765 1058 3044 1134 δυνάμεως
3097 1060 3351 1133 (πλείστῃ
3409 1059 3510 1135 γὰρ
3569 1058 3774 1132 ἐχρᾶτο

2114 1149 2203 1202 καὶ
2255 1148 2401 1224 παρὰ
2447 1153 2545 1203 τοῦ
2593 1157 2691 1219 τῆς
2720 1149 2949 1225 Ἀχαίας
2980 1151 3278 1225 πρίγκιπος
3311 1153 3380 1222 τῇ
3433 1147 3774 1221 συμμαχίᾳ),

2118 1234 2194 1290 ἔτι
2251 1234 2308 1291 δὲ
2362 1239 2452 1292 καὶ
2505 1240 2653 1311 παρὰ
2708 1244 2815 1293 τῶν
2850 1240 2985 1316 ἀμφὶ
3021 1239 3113 1293 τὸν
3144 1238 3268 1294 τότε
3297 1233 3777 1311 σεϐαστοκράτορα

2119 1325 2378 1396 Ἰωάννην
2428 1327 2517 1380 τὸν
2578 1326 2962 1400 ΠαΛαιολόγον
3026 1329 3138 1399 μεθ’
3190 1326 3411 1402 ὕστερον
3463 1326 3530 1380 τὰ
3586 1324 3781 1380 πολλᾶ

2118 1416 2409 1487 κακωθεὶς,
2442 1416 2515 1477 ὡς
2548 1416 2639 1470 καὶ
2684 1415 2735 1471 έν
2785 1421 2955 1488 στενῷ
3012 1422 3341 1485 καταστῆναι
3390 1415 3616 1487 πάμπαν
3669 1417 3781 1467 τῶν

2119 1525 2176 1558 τε
2221 1508 2421 1579 χωρῶν
2472 1503 2561 1559 καὶ
2619 1505 2819 1575 ταύτης
2874 1511 2973 1574 τῆς
3029 1511 3424 1580 στρατιωτικῆς
3481 1500 3784 1576 δυνάμεως,

2121 1593 2340 1665 πέμψας
2388 1593 2521 1667 πρὸς
2569 1594 2761 1670 Μαρφέ
2806 1594 2897 1648 τὸν
2947 1601 3047 1663 τῆς
3098 1594 3339 1657 Πουλίας
3390 1592 3530 1669 ῥῆγα
3585 1591 3674 1647 καί
3732 1592 3784 1666 γ’

2126 1680 2210 1735 έπί
2268 1682 2487 1755 θυγατρὶ
2549 1678 2795 1755 γαμϐρὸν
2857 1682 3183 1751 έαυτοῦ,καὶ
3241 1681 3505 1751 πλείστην
3564 1702 3788 1754 συμμα-

2126 1767 2251 1842 χίαν
2287 1762 2493 1839 λαϐὼν,
2526 1766 2865 1843 παραδίδωσι
2898 1771 2993 1833 τὰς
3024 1767 3278 1843 δυνάμεις
3334 1771 3414 1842 τῷ
3463 1770 3565 1841 υἱῷ
3620 1769 3788 1823 αὐτοῦ

363 1860 830 1939 προσεπεπόμιρει.
864 1860 969 1916 Καί
1017 1880 1076 1936 γε
1120 1860 1148 1913 6
1203 1858 1433 1933 πρίγκιψ
1483 1860 1549 1913 τὰ
1600 1856 1711 1913 ἴδια
1739 1857 2016 1929 κατελάμ-
2050 1890 2098 1957 Β
2130 1857 2429 1931 Νικηφόρῳ
2473 1857 2876 1932 συμπράττοντι
2937 1859 3185 1930 κάκείνῳ,
3223 1860 3281 1922 ὃς
3339 1859 3430 1913 καὶ
3488 1853 3786 1930 συμϐαλὼν

363 1950 507 2021 Save,
540 1951 769 2028 πρίγκιψ
827 1948 1061 2024 Ἀχαίας
1118 1950 1205 2003 καὶ
1271 1950 1439 2023 μέγας
1500 1946 1821 2021 δομέστικος
1879 1950 2018 2005 Ῥω-

366 2041 556 2114 μανίας
638 2038 1136 2118 ἐπιφημιζόμενος,
1211 2037 1299 2092 καὶ
1386 2039 1499 2111 ἅμα
1573 2036 1650 2109 τῷ
1738 2038 2023 2105 ἐπιστῆναι

366 2128 534 2204 μηδὲν
568 2128 853 2204 μελλήσας
883 2125 1141 2183 ἀπεδίδου
1168 2126 1234 2181 τὰ
1291 2126 1465 2202 λύτρα
1516 2127 1588 2188 ὡς
1647 2128 2025 2202 προϋπέσχετο

362 2220 475 2276 Κέὶν
532 2218 769 2292 ἰνέμεινε
826 2217 912 2271 xci
970 2216 1023 2280 ές
1075 2216 1234 2279 τέλος
1294 2214 1601 2279 ένσπόνδως
1672 2212 1814 2291 ἔχων
1890 2217 2027 2289 πρὸς

362 2308 672 2383 Ῥωμαίους
732 2311 812 2379 τῷ
867 2313 968 2376 τῆς
1017 2304 1295 2379 Ῥωμαίος
1354 2302 1715 2377 κλεϊζόμενος
1765 2303 2026 2381 ὀφφικίῳ,

366 2397 411 2453 εί
447 2399 524 2471 μή
582 2418 641 2473 γε
672 2397 699 2450 6
731 2397 955 2458 πάππας
1012 2394 1267 2464 ἀκούσας,
1302 2394 1651 2469 παροξυνθείς
1710 2396 1796 2448 καὶ
1859 2398 2026 2448 ταῦτα

372 2488 510 2563 πρὸς
567 2490 663 2542 τοῖ’)
712 2484 898 2563 ῥηγὸς,
932 2485 1021 2539 καὶ
1081 2484 1245 2539 αὐτοῦ
1304 2506 1362 2558 γε
1420 2481 1873 2557 προσδραμόντος
1932 2482 2023 2537 καὶ

370 2575 738 2637 ἱκετεύσαντος
768 2574 854 2651 (ού
913 2576 1015 2651 γὰρ
1072 2572 1147 2636 εἷς
1207 2578 1454 2627 συνοῖσον
1506 2569 1677 2627 ἐδόκει
1714 2573 1764 2625 οἱ
1815 2571 1875 2625 τὸ
1936 2568 2025 2625 διὰ

364 2666 559 2729 τέλους
620 2662 933 2728 σπένδεσθαι
994 2664 1128 2739 πρὸς
1182 2661 1533 2736 Ῥωμαίους),
1590 2661 1683 2723 τὰς
1755 2665 2023 2730 συνθήκας

366 2754 567 2817 ἐκείνας
625 2757 706 2828 [Ρ.
740 2756 830 2827 53]
893 2750 1073 2807 διέλυε
1125 2752 1215 2805 καὶ
1272 2752 1400 2813 τοὺς
1450 2750 1650 2825 ὅρκους
1710 2751 1835 2825 παρ’
1867 2747 2022 2804 οὐδὲν

366 2845 529 2909 ἐτίθει
588 2845 662 2905 ὡς
717 2842 768 2898 ἐν
818 2842 1035 2920 φυλακῇ
1085 2841 1175 2896 καὶ
1227 2840 1484 2919 ἀφύκτοις
1530 2838 1773 2913 δεσμοῖς,
1807 2840 1895 2894 καὶ
1940 2840 2017 2910 μὴ

364 2932 645 3004 ἑκουσίως,
699 2932 773 2994 ὡς
833 2931 1002 3007 ἐχρῆν
1057 2929 1413 3007 πράττοντος.
1467 2932 1623 2994 Ὅθεν
1679 2929 1763 2983 ita?
1828 2928 1901 2989 εἰς
1956 2929 2016 2983 τὸ

368 3119 824 3177 conventionum
856 3119 1010 3174 inter
1033 3134 1130 3173 eos
1158 3117 1406 3173 istarum
1431 3115 1622 3187 capita
1664 3115 1786 3170 haec
1830 3119 2019 3184 erant,

2131 1946 2253 2020 περὶ
2282 1947 2382 2014 τὴν
2410 1947 2752 2023 Τρικόρφυον
2779 1953 2897 2009 τοῖς
2929 1949 3069 2023 ἀμφὶ
3090 1948 3183 2002 τὸν
3211 1947 3572 2023 Καίσαρα,καὶ
3600 1950 3788 2023 μάχην

2138 2033 2398 2109 συρῥαξας
2424 2032 2920 2106 δεινὴν,πλείστους
2951 2057 3011 2091 τε
3031 2041 3209 2091 πεσεῖν
3242 2041 3351 2092 τῶν
3384 2035 3623 2092 Νικαέων
3651 2056 3791 2110 παρ-

2140 2124 2409 2193 εσκεύασε,
2442 2122 2731 2187 πλείστους
2763 2146 2821 2179 τε
2846 2125 2933 2179 καὶ
2962 2124 3167 2188 ἄλλους
3215 2126 3307 2188 οὓς
3361 2126 3455 2199 μὲν
3508 2124 3791 2203 φονεύσας,

2140 2212 2231 2275 οὓς
2265 2210 2321 2267 δέ
2346 2213 2625 2289 περισχὼν
2650 2214 2739 2268 καὶ
2771 2214 2930 2269 αὐτὸν
2966 2215 3108 2287 αἱρεῖ
3133 2214 3401 2289 Καίσαρα.
3442 2216 3530 2276 Ὠς
3564 2211 3610 2269 δ’
3639 2213 3792 2276 αὖθις

2139 2299 2385 2357 σπονδῶν
2438 2305 2746 2377 γενομένων
2806 2303 3019 2376 ἐλύετο,
3048 2305 3170 2359 τότε
3232 2307 3327 2377 μὲν
3377 2306 3446 2359 τὰ
3503 2305 3637 2360 κατᾶ
3691 2305 3795 2371 τήν

2136 2391 2299 2446 πόλιν
2352 2394 2709 2466 συμπράττει,
2760 2392 2884 2465 περὶ
2944 2394 3016 2447 ὢν
3059 2393 3251 2448 αὐτίκα
3284 2392 3606 2469 ῥηθήσεται,
3638 2391 3797 2447 ὕστε-

2137 2502 2230 2555 ρον
2266 2478 2312 2534 δ’
2342 2478 2495 2545 αὖθις
2527 2486 2643 2545 τοῖς
2687 2480 2926 2545 δυτικοῖς
2983 2480 3072 2537 καὶ
3132 2477 3502 2555 προσϐάλλων
3563 2483 3797 2557 αἱρεῖται

2135 2568 2299 2625 πάλιν
2333 2571 2421 2624 καὶ
2454 2570 2577 2625 τότε
2607 2572 2754 2647 παρὰ
2782 2575 2879 2626 τοῦ
2908 2568 3171 2627 δεσπότου
3204 2571 3470 2646 Μιχαὴλ,
3509 2571 3599 2627 καὶ
3657 2571 3797 2627 ἀπο-

2136 2660 2416 2716 στέλλεται
2466 2662 2600 2735 πρὸς
2644 2661 2735 2717 τόν
2787 2661 2931 2737 ῥῆγα
2981 2660 3223 2725 Πουλίας
3252 2664 3343 2718 τὸν
3376 2662 3587 2739 Μαφρέ,
3617 2661 3706 2716 καί
3737 2683 3798 2736 γε

2132 2756 2210 2821 τῷ
2240 2754 2368 2824 παρ’
2401 2750 2587 2823 ἐκείνῳ
2620 2748 2825 2805 δίδοται
2869 2755 3110 2828 φυλακῇ,
3139 2748 3329 2827 χρόνῳ
3363 2749 3407 2806 δ’
3438 2750 3661 2825 ὕστερον
3693 2758 3794 2821 τῆς

2135 2840 2423 2911 δεσποίνης
2454 2844 2653 2911 ’Ἁννης
2712 2839 2954 2915 ἀδελφῆς
3016 2838 3184 2910 οὔσης
3238 2842 3429 2919 Μαφρὶ
3477 2836 3796 2915 ἀνταμείϐε-

2130 2951 2238 2987 ται.
2275 2929 2455 2987 Ἀλλὰ
2482 2934 2650 2985 ταῦτα
2684 2932 2777 3003 μὲν
2809 2930 3023 2993 ἐσαῦθις
3055 2930 3307 3005 ἐροῦμεν.

2132 3115 2381 3171 vinculis
2412 3116 2753 3182 constricto,
2793 3133 2858 3173 ac
2887 3134 2989 3188 per
3021 3118 3127 3174 hoc
3160 3134 3275 3173 non
3332 3117 3426 3174 sui
3462 3119 3650 3190 juris,
3683 3134 3796 3175 nec

370 3211 697 3283 principem
753 3210 957 3267 cedere
1016 3207 1298 3265 Romanis
1355 3210 1410 3262 et
1456 3205 1821 3277 imperatori,
1884 3205 2093 3290 jurec
2134 3204 2263 3274 ejus
2321 3203 2611 3261 libertatis
2655 3222 2719 3260 ac
2773 3206 2993 3275 proprii
3051 3206 3282 3263 arbitrii
3334 3207 3434 3262 89
3495 3210 3787 3276 compote,

370 3317 545 3372 quam
578 3299 801 3371 optimo
833 3298 1194 3371 possidenda
1224 3302 1281 3351 et
1312 3296 1370 3351 in
1395 3298 1745 3367 perpetuum
1770 3294 1899 3363 ejus
1924 3294 2021 3347 do-

371 3390 623 3447 minium
655 3407 724 3447 ex
772 3405 930 3445 nunc
978 3387 1324 3455 transitura,
1360 3386 1478 3441 haec
1527 3384 1585 3438 in
1617 3382 2018 3454 Peloponneso

372 3480 505 3550 sita,
539 3478 1026 3546 Monembasiam,
1072 3474 1351 3541 Mainam,
1410 3472 1766 3543 Hieracium,
1834 3474 2018 3542 Μῃο-

370 3570 588 3625 thram.
620 3566 928 3639 Anaplium
960 3581 1093 3622 vero
1121 3568 1177 3619 et
1205 3569 1394 3635 Argos
1445 3567 1509 3618 ut
1558 3566 1933 3617 controversa
1963 3564 2019 3615 et

370 3657 524 3729 juris
556 3656 722 3713 dubii
754 3655 959 3712 relicta
987 3654 1047 3709 in
1080 3651 1546 3719 mediosunt,uti
1561 3654 1618 3706 et
1638 3654 1863 3706 tractus
1881 3649 2016 3704 uni-

368 3763 575 3802 versus
604 3744 759 3801 circa
784 3744 1152 3801 Cinsternam
1174 3741 1342 3798 valde
1372 3741 1432 3796 in
1465 3741 1702 3812 longum
1724 3744 1930 3812 patens
1961 3743 2019 3794 et

370 3834 577 3891 multis
607 3840 839 3891 scatens
866 3832 1059 3889 bonis.
1084 3831 1413 3903 Principem
1438 3834 1635 3886 autem
1664 3830 1861 3901 ipsum
1886 3845 2017 3900 per-

369 3930 616 3997 petuum
648 3924 769 3980 fore
799 3923 1199 3981 Romanorum
1225 3925 1284 3977 et
1308 3919 1683 3993 imperatoris
1717 3919 2015 3988 clientem,

371 4019 427 4071 et
455 4014 515 4070 in
527 4012 911 4085 subjectionis
923 4012 1162 4084 signum
1178 4009 1435 4068 ofﬁcium
1459 4010 1594 4065 inde
1611 4012 2013 4081 sumpturum.

369 4103 642 4161 Vicissim
676 4103 751 4159 ab
779 4101 1126 4175 imperatore
1158 4100 1486 4174 principem
1519 4102 1793 4155 ornatum
1823 4096 2014 4167 digni-

371 4192 703 4267 tatemagni
733 4191 1041 4248 domestici
1062 4188 1382 4246 honoriﬁce
1398 4188 1819 4244 dimittendum
1876 4185 2018 4240 libe-

371 4299 526 4351 rum,
558 4298 697 4340 cum
728 4281 803 4337 iis
826 4297 1074 4337 suorum
1106 4279 1207 4351 qui
1242 4284 1381 4335 tunc
1440 4277 1793 4349 superstites
1850 4290 2019 4345 repe-

369 4372 648 4428 rirentur.
707 4372 771 4426 In
802 4368 925 4425 haec
984 4368 1197 4423 laedere
1236 4368 1386 4422 facto
1418 4365 1647 4422 dimisit
1691 4365 2016 4437 principem

371 4462 692 4533 imperator
747 4474 814 4514 eo
845 4474 960 4529 quo
1012 4474 1118 4529 par
1175 4462 1299 4513 erat
1338 4455 1580 4526 honore,
1606 4455 1804 4511 missis
1837 4453 2019 4511 simul

368 4565 505 4609 cum
535 4547 637 4605 illo
668 4548 771 4619 qui
801 4547 989 4620 pretia
1019 4545 1328 4612 libertatis,
1362 4546 1434 4602 de
1466 4545 1683 4617 quibus
1738 4560 2021 4601 convene-

369 4643 478 4708 rat,
527 4637 878 4712 reciperent.
928 4635 1121 4693 Rediit
1177 4636 1358 4707 igitur
1416 4635 1653 4691 domum
1723 4635 2023 4714 princeps,

364 4729 597 4786 Achaiae
631 4727 921 4801 principis
942 4725 1211 4798 etmagni
1234 4724 1542 4782 domestici
1558 4724 1857 4780 Romanis:
1884 4724 2023 4779 tilu-

364 4821 453 4885 los
482 4818 766 4887 referens,
798 4833 903 4875 nec
935 4817 1263 4888 quidquam
1279 4818 1591 4872 cunctatus
1613 4819 1746 4886 post
1768 4814 2023 4870 reditum

366 4913 580 4966 cuncta
597 4925 722 4983 qua:
735 4905 1106 4981 promiserat.
1125 4904 1542 4977 redemptionis
1555 4903 2021 4975 pretiaexsolvit.

367 4997 791 5069 Mansissetque
837 5000 1119 5070 perpetuo
1160 4995 1219 5051 in
1250 4995 1363 5050 fide
1422 4997 1753 5066 pactorum,
1805 4995 2023 5064 quippe

369 5091 702 5144 auctoratus
741 5085 1024 5143 Romanis
1084 5087 1406 5140 memorato
1458 5082 1654 5153 magni
1714 5081 2023 5138 domestici

368 5175 585 5244 ofﬁcio,
615 5173 731 5231 nisi
762 5190 913 5247 papa
944 5190 1005 5230 re
1035 5172 1260 5240 audita,
1284 5188 1419 5228 cum
1444 5188 1546 5243 per
1567 5187 1629 5226 se
1654 5171 2022 5243 indignatus,

370 5270 498 5322 tum
540 5263 603 5319 in
646 5262 707 5318 id
737 5262 937 5333 ipsum
960 5261 1254 5334 impulsus
1286 5260 1560 5334 precibus
1588 5260 1743 5332 regis
1774 5259 2022 5330 Apuliae,

369 5368 622 5427 quorum
649 5350 920 5407 neutrius
953 5349 1283 5406 rationibus
1316 5350 1829 5406 accommodatum
1860 5349 2021 5405 vide-

366 5444 543 5500 batur
570 5444 802 5498 tantum
824 5453 1067 5495 suarum
1096 5439 1379 5495 hactenus
1409 5439 1666 5511 partium
1694 5438 2020 5510 principem

366 5529 819 5604 stipendiarium
848 5527 1127 5585 Romanis
1150 5544 1515 5599 permanere,
1576 5534 1814 5600 pactum
1873 5527 2022 5583 illud

367 5619 755 5688 dissolvisset,
776 5619 1242 5690 juramentaque
1272 5616 1434 5673 irrita
1466 5616 1825 5674 declarasset
1851 5617 2023 5689 quasi

366 5705 983 5767 extortaineluctabili
1016 5707 1069 5762 vi
1102 5706 1469 5763 necessitatis
1510 5706 1580 5761 ab
1614 5706 1851 5764 homine
1882 5706 2029 5764 diris

2132 3309 2256 3364 quae
2288 3294 2744 3364 requirebantur
2772 3296 2845 3351 ad
2868 3295 2978 3351 hoc
3013 3300 3079 3351 ut
3109 3295 3413 3352 conventio
3473 3300 3597 3352 rata
3650 3293 3787 3349 vali-

2131 3382 2317 3452 daque
2348 3387 2524 3451 esset,
2554 3383 2709 3438 unde
2741 3384 3075 3441 consecutis
3098 3384 3233 3440 inde
3247 3384 3616 3454 temporibus
3647 3400 3791 3439 con-

2130 3470 2295 3526 tinua
2324 3476 2383 3527 et
2414 3488 2622 3541 magna
2655 3472 2808 3528 inter
2838 3477 3121 3544 utrosque
3175 3478 3451 3530 arserunt
3490 3472 3646 3530 bella
3680 3490 3697 3527 :
3727 3478 3791 3529 et

2128 3576 2193 3615 ea
2223 3560 2459 3631 quidem
2486 3560 2570 3616 sic
2602 3578 2665 3617 se
2688 3562 3043 3619 habuerunt.

2200 3731 2361 3787 32.Uz
2376 3732 2607 3788 Michael
2622 3732 2845 3802 despota
2866 3733 3135 3859 Romantos
3167 3734 3385 3789 vicerit.
3429 3738 3482 3791 et
3512 3734 3798 3792 Caesarem

2804 3820 3055 3859 acceverz
3090 3848 3099 3857 .

2804 3820 3099 3878 accepant.

2196 3922 2270 3975 At
2292 3920 2535 3990 despota
2564 3920 2807 3976 Michael
2842 3921 2901 3976 in
2936 3921 3447 3993 praisensquidem
3478 3921 3551 3978 ob
3581 3926 3796 3978 eventa

2130 4014 2358 4065 narrata
2389 4009 2658 4066 minutus
2680 4010 2888 4081 copiis,
2920 4026 3051 4081 qua:
3082 4010 3169 4066 illi
3202 4010 3495 4083 pleraque
3517 4027 3795 4067 accesse-

2130 4102 2261 4155 rant
2292 4098 2563 4155 societale
2590 4098 2876 4170 principis
2916 4098 3168 4167 Achaiae,
3223 4104 3503 4171 praeterea
3533 4117 3567 4156 a
3614 4101 3796 4157 seba-

2130 4192 2447 4245 stocratore
2476 4187 2700 4243 Joanne
2731 4186 3049 4259 Palazologo
3081 4187 3376 4260 plurimus
3390 4199 3585 4261 postea
3616 4190 3801 4245 dam-

2132 4278 2223 4333 nis
2263 4277 2531 4345 affectus,
2564 4278 2707 4333 adeo
2742 4281 2805 4333 ut
2830 4277 3086 4334 multum
3118 4278 3179 4333 in
3210 4283 3371 4335 arcto
3403 4278 3517 4351 ipsi
3576 4294 3669 4333 res
3699 4295 3799 4335 es-

2130 4370 2262 4421 sent
2290 4382 2424 4421 cum
2458 4365 2893 4437 provinciarum
2924 4371 3051 4422 tum
3084 4367 3614 4438 exercitus,missis
3631 4382 3699 4423 ea
3715 4368 3800 4425 de

2131 4471 2191 4510 re
2216 4454 2420 4525 legatis
2450 4455 2521 4510 ad
2557 4453 3374 4527 regemApuliaaManfredum
3390 4472 3563 4513 suum
3599 4471 3799 4527 gene-

2130 4560 2282 4611 rum,
2317 4547 2374 4599 et
2406 4559 2651 4615 magnas
2683 4545 2756 4601 ab
2787 4560 2853 4600 eo
2904 4544 3213 4602 auxiliares
3262 4545 3462 4617 copias
3517 4546 3803 4617 adeptus,

2136 4650 2230 4690 eas
2259 4632 2498 4689 tradidit
2527 4648 2634 4689 suo
2675 4632 2793 4690 filio
2838 4633 3189 4706 Nicephoro,
3238 4651 3380 4691 suas
3433 4639 3674 4691 strenue
3731 4636 3802 4693 in

2136 4724 2288 4779 idem
2322 4724 2685 4796 propositum
2719 4727 2777 4780 et
2809 4740 2949 4796 opes
2977 4729 3034 4781 et
3058 4741 3297 4796 operam
3317 4724 3662 4782 conferenti.
3687 4725 3803 4783 Hic

2136 4831 2269 4871 cum
2302 4818 2522 4871 Caesare
2554 4815 2708 4869 circa
2766 4814 3197 4886 Tricoryphum
3256 4814 3601 4888 acripraalio
3654 4832 3806 4872 con-

2134 4921 2374 4975 gressus
2392 4903 2706 4960 maximam
2723 4908 2981 4974 stragem
3035 4903 3427 4961 Nicaeensium
3452 4904 3804 4973 dedit,alios

2134 4993 2421 5065 plurimos
2454 4993 2667 5064 partim
2690 4992 2925 5060 occidit,
2945 4994 3160 5064 partim
3193 4994 3373 5065 cepit,
3398 4995 3592 5066 ipsum
3628 4994 3803 5050 deni-

2134 5099 2243 5153 que
2273 5083 2567 5154 captivum
2600 5081 2844 5138 abduxit
2872 5084 3155 5139 Caesarem
3189 5102 3204 5151 ;
3237 5083 3340 5153 qui
3386 5099 3523 5154 pace
3580 5082 3805 5140 deinde

2133 5172 2286 5229 facta
2332 5171 2480 5227 liber
2540 5171 2828 5228 dimissus
2888 5188 2954 5227 ea
3012 5188 3143 5242 quas
3191 5188 3330 5228 mox
3358 5174 3680 5229 referemus
3720 5172 3800 5228 ad

2137 5260 2340 5316 urbem
2365 5260 2571 5331 gessit,
2602 5264 2659 5316 et
2697 5276 2935 5317 rursum
2967 5276 3105 5316 cum
3156 5260 3633 5317 Occidentalibus
3691 5277 3803 5332 pu-

2135 5365 2249 5420 gna
2294 5348 2441 5405 inita
2477 5353 2685 5421 captus
2716 5349 2935 5406 iterum
2970 5355 3062 5407 est
3090 5366 3121 5405 a
3144 5349 3394 5407 Michael
3426 5351 3693 5422 despota,
3738 5354 3805 5407 et

2136 5439 2208 5494 ad
2240 5453 2437 5509 regem
2462 5438 2685 5510 Apulia:
2700 5439 3075 5495 Manfredum
3092 5439 3314 5496 missus
3332 5441 3404 5495 ab
3426 5457 3492 5496 eo
3512 5439 3804 5496 custodia

2137 5527 2384 5584 traditus
2416 5532 2526 5595 est,
2558 5528 2825 5584 insecuto
2858 5527 3069 5584 deinde
3094 5532 3355 5600 tempore
3385 5544 3519 5585 cum
3551 5528 3801 5586 domina

2131 5619 2297 5673 Anna
2326 5632 2524 5674 sorore
2555 5617 2837 5673 Manfredi
2887 5621 3283 5688 permutatas.
3338 5618 3449 5674 Sed
3483 5617 3604 5673 haec
3662 5616 3797 5675 suis

2133 5706 2277 5764 locis
2302 5706 2512 5764 deinde
2544 5706 2892 5764 referemus.
