4090 6402
328 414 433 467 527

1629 404 1930 460 GEORGII
1970 403 2435 458 PACHYMERE

3648 394 3758 449 528

330 540 405 599 ὡς
433 536 477 589 εἷ
514 537 590 607 μὴ
624 535 769 606 ἄξιος
799 539 901 601 τῆς
932 531 1227 607 ἡγεμονίας
1256 529 1467 603 κριθείη
1501 528 1588 581 καὶ
1636 528 1663 580 ὁ
1697 525 1747 596 ἐξ
1795 523 1984 593 αὑτοῦ,
2019 531 2071 598 Α
2101 524 2395 598 ἀργοῦντος
2430 521 2485 579 δὲ
2514 523 2603 578 καὶ
2652 527 2748 578 τοῦ
2799 520 3049 597 σιδήρου,
3102 524 3173 583 ὡς
3223 518 3608 595 ἐπηρτημένου
3660 511 3753 572 καῖ

329 626 490 688 αὐτὸς
568 624 801 678 ἐντεῦθεν
881 620 1081 676 ἐκεῖνον
1160 617 1585 693 ἀποψηφίζεται.
1665 614 1818 682 Πλήν
1894 614 1983 668 καὶ

328 710 517 769 πολλά
546 733 668 767 τινα
693 712 991 785 κατορθοῦν
1054 710 1394 781 ὑπισχνεῖτο,
1454 707 1552 774 τὴν
1601 704 1695 776 μὶν
1749 700 1984 771 Ἐκκλη-

330 803 447 856 σίαν
482 803 715 874 ἀνυψοῦν
752 802 899 865 ὅσον,
930 797 1056 857 τοὺς
1088 795 1131 851 δ’
1166 795 1499 870 ὶερωμένους
1551 795 1641 847 καὶ
1685 792 1855 847 πλέον
1889 796 1985 846 τοῦ

334 890 555 965 μετρίου
582 894 765 962 τιμᾷν,
815 888 983 960 ἀξίαις
1037 907 1095 939 τε
1143 886 1424 958 μεγίσταις
1470 884 1560 938 καὶ
1619 881 1744 943 τοὺς
1803 881 1983 951 ἀξίους

328 986 436 1035 τῶν
471 982 519 1035 ἐν
561 980 707 1034 τέλει
753 971 1128 1052 προϐιϐάζειν.
1177 974 1264 1027 καὶ
1326 972 1529 1048 κρίσεις
1583 968 1984 1044 ὑπεραποδέχε-

327 1082 447 1134 σθαι
507 1066 740 1137 δικαίας,
802 1065 890 1120 καὶ
949 1064 1077 1125 τοὺς
1129 1063 1378 1139 ἆρῥεπῶς
1426 1065 1743 1134 κρινοῦντας
1798 1060 1984 1134 ἐγκαθ-

330 1161 502 1231 ισθᾷν,
535 1159 606 1211 ὧν
656 1156 744 1210 καὶ
799 1153 947 1227 μάλα
994 1155 1082 1207 καὶ
1142 1153 1447 1226 πρώτιστον
1500 1150 1591 1204 τὸν
1646 1149 1819 1206 Κακὸν
1875 1151 1984 1205 Μι-

332 1247 481 1321 χαὴλ
514 1246 602 1301 καὶ
639 1244 991 1319 Σεναχηρεὶμ
1024 1240 1482 1313 ἐπικεκλημένον,
1544 1241 1598 1293 εὖ
1644 1243 1752 1292 τῶν
1804 1236 1982 1313 λόγων

327 1338 418 1392 καὶ
469 1341 578 1390 τῶν
620 1334 804 1407 νόμων
852 1328 1072 1409 ἔχοντα,
1120 1333 1170 1386 ἐν
1202 1336 1282 1403 τῷ
1313 1329 1494 1384 δοῦναί
1544 1331 1599 1381 οἱ
1649 1329 1738 1382 καὶ
1764 1348 1986 1402 πρωτο-

327 1432 626 1501 ασηκρῆτις
700 1421 863 1478 πάλει
943 1418 1159 1486 σϐεσθὶν
1238 1420 1471 1493 ἀξίωμα,
1532 1420 1617 1473 καὶ
1696 1420 1746 1471 οἱ
1806 1416 1982 1481 θέλειν

327 1514 627 1589 ἆσηκρῆτις
661 1512 941 1584 ὑποτάξαι,
974 1510 1055 1586 ἐφ’
1106 1512 1150 1581 ᾧ
1200 1509 1509 1569 ἀδεκάστως
1557 1508 1648 1561 καὶ
1705 1506 1984 1579 ἀνεριῦεὖο

324 1625 434 1665 τως
492 1603 751 1677 κρίνοιεν.
810 1603 932 1656 Ἔτι
989 1621 1046 1654 τε
1105 1599 1270 1674 λόγον
1330 1604 1560 1669 τιμῆσαι
1618 1597 1705 1650 καὶ
1757 1594 1883 1655 τοὺς
1931 1593 1982 1648 ἐν

326 1690 481 1767 λὸγῳ
537 1691 661 1767 περῖ
723 1691 986 1746 πλείστου
1045 1694 1151 1744 τῶν
1210 1686 1397 1743 ἄλλων
1452 1690 1648 1740 ποιεῖν.
1710 1684 1784 1740 Τὸ
1819 1682 1874 1737 δέ
1924 1704 1985 1757 γε

329 1781 719 1857 στρατιωτικὸν
768 1782 1134 1855 ὑπεραγαπᾷν,
1182 1778 1272 1832 καὶ
1320 1776 1416 1837 τὰς
1461 1774 1676 1830 ἐκείνων
1707 1771 1984 1848 προνοίας,

325 1870 422 1925 κᾶν
476 1869 528 1925 ἐν
578 1869 812 1942 πολέμῳ
860 1868 1110 1923 πίπτοιεν
1160 1866 1255 1921 κᾶν
1299 1865 1716 1935 ἀποθνήσκοιεν,
1763 1863 1983 1938 γονικᾶς

326 1960 638 2033 ἐγκαθιστᾷν
691 1965 807 2021 τοῖς
866 1960 1050 2027 παισὶ,
1104 1955 1197 2012 κᾶν
1251 1978 1391 2012 τισιν
1451 1958 1505 2010 αἱ
1555 1959 1801 2030 γυναῖκες
1846 1949 1982 2006 κατᾶ

324 2051 559 2125 γαστρὸς
606 2048 810 2125 ἕχοιεῖν
867 2050 931 2103 τὸ
990 2047 1469 2124 κυοφορούμενον.
1531 2044 1877 2117 Εἰσπράξεων
1937 2038 1982 2093 δ’

323 2138 525 2194 ἀδίκων
559 2136 689 2211 μηδ’
721 2133 899 2210 ὄνομα
929 2138 1083 2204 εἶναι,
1123 2133 1264 2208 μηδὲ
1294 2138 1481 2210 χώραν
1534 2131 1741 2187 διδόναι
1794 2126 1980 2185 διαϐο-

324 2227 473 2298 λαῖς,
533 2226 831 2304 ἀργοῦντος
900 2227 994 2299 μὲν
1051 2230 1147 2280 τοῦ
1203 2224 1290 2279 ἐπὶ
1338 2224 1557 2285 ταύταις
1609 2220 1978 2297 μονομαχίου,

328 2412 531 2469 eadem
587 2409 688 2466 illa
717 2409 1092 2482 loquebatur,
1151 2410 1372 2466 addens
1404 2409 1578 2465 etiam
1628 2422 1710 2474 se,
1743 2407 1792 2463 si
1840 2406 1986 2461 forte

330 2502 651 2573 imperaret
681 2504 737 2556 et
766 2499 955 2555 ﬁlium
994 2500 1237 2555 haberet
1268 2516 1381 2554 non
1416 2497 1724 2570 praditum
1748 2495 1985 2551 dotibus

322 2590 681 2662 artibusque
712 2589 784 2644 ad
813 2589 962 2645 bene
1000 2590 1321 2660 regendum
1357 2588 1530 2660 aptis,
1568 2586 1720 2642 ultro
1753 2585 1984 2640 abdica-

332 2685 536 2735 turum
574 2677 1072 2748 redacturumque
1126 2677 1183 2732 in
1235 2677 1521 2732 ordinem.
1557 2674 1658 2729 His
1691 2672 1985 2728 inserebat

328 2767 750 2839 promissienes
782 2766 1128 2839 magniﬁcas
1159 2765 1671 2838 perficiendarum,
1706 2762 1755 2818 si
1787 2761 1983 2817 decla—

329 2860 558 2913 raretur
586 2856 688 2912 92
722 2856 1064 2927 imperator,
1096 2854 1471 2911 laudatarum
1504 2857 1561 2910 et
1609 2850 1837 2907 cunctis
1884 2866 1983 2906 ex-

330 2945 648 3017 petitarum
683 2961 877 3000 rerum
909 2944 1223 2999 Ecclesiam
1258 2943 1497 3015 quidem
1547 2958 1677 2998 sese
1728 2942 1789 2995 in
1820 2940 1982 2995 altis-

324 3034 547 3090 simum
599 3032 902 3105 fastigium
961 3036 1321 3100 evecturum,
1359 3048 1559 3087 sacros
1620 3046 1754 3085 vero
1804 3027 1981 3083 mini-

325 3126 482 3178 stros
532 3122 955 3178 honoraturum
1013 3121 1496 3193 exquisitissime.
1525 3121 1808 3177 Praeterea
1859 3135 1981 3173 ma-

331 3212 613 3284 gistratus
643 3215 699 3267 et
729 3211 1106 3283 praefecturas
1136 3228 1251 3267 non
1282 3210 1394 3267 nisi
1428 3209 1621 3281 dignis
1673 3226 1741 3265 ex
1790 3208 1980 3280 primo

326 3301 532 3357 ordine
586 3300 971 3356 tributurum.
1002 3300 1367 3356 Judiciorum
1423 3316 1627 3356 curam
1661 3302 1979 3368 susceptu-

324 3406 485 3460 rum,
519 3390 771 3461 utjuste
820 3405 887 3446 ac
921 3390 1048 3445 sine
1098 3389 1397 3445 calumnia
1453 3388 1684 3453 ﬁerent,
1718 3388 1986 3458 aquique

332 3486 569 3538 tenaces
608 3484 667 3536 et
710 3480 1061 3536 inflexibiles
1090 3481 1161 3535 ad
1199 3480 1452 3552 gratiam
1495 3477 1818 3534 eireiviros
1845 3492 1985 3548 pra-

325 3570 644 3627 feeturum.
674 3569 859 3639 Cujus
892 3570 975 3624 rei
998 3570 1125 3639 jam
1172 3585 1329 3623 nunc
1379 3568 1677 3640 specimen
1727 3572 1783 3621 et
1814 3564 1983 3636 quasi

325 3659 544 3732 pignus
562 3658 725 3715 dedit
747 3659 805 3713 in
835 3674 1090 3729 quopam
1122 3658 1433 3713 notissimo
1464 3661 1603 3712 tunc
1632 3661 1689 3712 et
1718 3654 1982 3712 omnium

331 3748 525 3820 primo
542 3746 762 3816 judice,
788 3747 1061 3818 perdocte
1086 3746 1183 3803 illo
1203 3747 1438 3819 quidem
1462 3751 1519 3802 et
1544 3744 1984 3803 consultissimo

324 3835 506 3907 juris,
531 3836 633 3891 sed
657 3835 953 3906 injustitia
983 3836 1211 3904 infami,
1246 3836 1585 3893 undeillum
1620 3835 1847 3892 Malum
1878 3836 1983 3889 Mi-

324 3924 593 3981 chaelem
636 3924 712 3997 et}
740 3925 1198 3982 Senacheribum
1238 3927 1411 3997 vulgo
1432 3926 1981 3989 vocitabant.Quem

330 4014 529 4086 specie
580 4014 823 4070 honoris
879 4013 937 4070 in
988 4019 1290 4088 posterum
1338 4015 1630 4071 coercuit:
1666 4013 1979 4070 extinclam

324 4103 485 4159 enim
518 4103 682 4176 prius
713 4103 1062 4176 dignitatem
1096 4104 1270 4175 primi
1292 4122 1327 4161 a
1357 4104 1595 4161 secretis
1619 4102 1979 4159 resuscitans

327 4193 377 4248 ei
430 4192 694 4262 tradidit,
730 4194 1052 4263 subjiciens
1101 4194 1186 4249 sic
1244 4193 1328 4249 illi
1381 4208 1710 4250 assessores
1763 4191 1980 4248 multos

328 4285 544 4355 probos
575 4282 730 4339 viros
762 4300 795 4339 a
826 4285 1088 4351 secretis,
1119 4284 1229 4341 hoc
1282 4289 1372 4339 est
1402 4283 1633 4340 arcanis
1681 4282 1978 4353 suffragiis

317 4373 716 4443 judicaturos,
750 4376 808 4427 et
839 4374 922 4428 sic
954 4373 1101 4428 citra
1148 4389 1533 4444 personarum
1578 4372 1976 4445 acceptionem

320 4462 452 4517 sine
484 4460 664 4516 ullius
710 4465 977 4533 respectu
1028 4477 1092 4517 ac
1140 4462 1508 4533 verecundia,
1544 4462 1696 4534 quod
1743 4462 1973 4532 justum

320 4553 479 4606 esset
509 4550 869 4605 decreturos.
906 4549 1292 4607 Pollicebatur
1321 4551 1497 4608 etiam
1531 4568 1656 4608 sese
1687 4551 1977 4607 litteratos

2094 611 2346 667 κινδύνου
2406 612 2683 688 μεγίστου,
2735 612 2787 667 εἷ’
2838 634 2921 675 τις
2976 610 3207 683 τολμῴη
3270 614 3379 664 τῶν
3435 606 3747 680 δυναμένων

2094 702 2181 755 καὶ
2232 701 2282 756 ἐν
2345 704 2543 776 ἀρχαῖς
2615 702 2837 776 ὑπέχειν
2893 702 2983 755 τὸν
3048 697 3249 775 μύδρον
3302 698 3751 770 καταναγκάζειν.

2094 793 2173 849 Τὰ
2202 789 2257 845 δὲ
2288 798 2387 861 τῆς
2417 791 2696 853 πολιτείας
2722 790 2895 853 οὕτως
2942 784 3165 867 ἀφόϐως
3216 787 3267 842 ἐν
3319 787 3506 862 εἰρήνῃ
3559 783 3752 855 διατη-

2097 886 2326 953 ρεῖσθαι,
2388 882 2525 936 ὥστε
2581 881 2670 935 καὶ
2716 880 2844 941 τοὺς
2904 880 3241 953 ἀποροῦντας
3291 877 3381 931 καὶ
3413 878 3610 939 ἱκανῶς
3651 882 3751 944 τῆς

2094 970 2409 1043 περιουσίας
2485 965 2718 1045 ἔχοντας
2782 966 3256 1041 ἐπιδεικνυμένους
3312 966 3379 1021 τὰ
3437 964 3751 1039 ὑπάρχοντα

2094 1058 2418 1131 κυδροῦσοαι
2464 1060 2555 1113 καὶ
2601 1061 2663 1113 τὸ
2711 1060 2961 1133 παράπαν
3013 1058 3088 1129 μὴ
3141 1054 3391 1111 δεδιέναι.
3433 1054 3554 1111 Ἐπὶ
3586 1060 3749 1108 πᾶσιν

2096 1149 2385 1203 ὑπακούειν
2442 1156 2542 1217 τῆς
2599 1149 2954 1218 Ἐκκλησίας,
3004 1146 3095 1201 καὶ
3156 1146 3365 1221 μητέρα
3410 1143 3608 1212 ταύτην
3669 1144 3745 1204 ὡς

2096 1238 2236 1299 εἰκὸς
2302 1241 2585 1312 ἡγεῖσθαι,
2652 1238 2739 1292 καὶ
2797 1243 2902 1292 πᾶν
2954 1237 3017 1291 τὸ
3074 1236 3151 1297 εἷς
3209 1234 3529 1289 κατάστασιν
3581 1233 3750 1301 αὐτῆς

2095 1328 2599 1400 πραγματεύεσθαι.
2656 1331 2829 1382 Ταῦτα
2885 1324 2942 1380 δὲ
3000 1323 3354 1401 προσετίθει,
3411 1323 3493 1378 ὅτι
3551 1322 3640 1377 καὶ
3696 1320 3751 1376 ἐν

2098 1417 2377 1479 ὑπονοίαις
2412 1419 2439 1469 ὁ
2496 1411 2911 1490 προϐασιλεύων
2971 1416 3037 1483 ἦν
3087 1412 3184 1469 τοῦ
3232 1418 3584 1489 καταφρονεῖν
3644 1416 3747 1465 τῶν

2096 1504 2304 1575 ἐκείνης
2389 1508 2709 1581 προνομίων
2788 1506 2877 1559 καὶ
2950 1507 3252 1579 βασιλικῶς
3308 1502 3745 1577 κατεπαίρεσθαι,

2096 1594 2233 1649 ὥστε
2279 1596 2367 1649 καὶ
2428 1595 2513 1649 ἐπὶ
2549 1594 2786 1657 πολλοῖς
2836 1595 2925 1649 τὸν
2958 1593 3307 1668 πατριάρχην
3341 1591 3627 1655 λυπεῖσθαι
3656 1590 3745 1644 καὶ

2093 1684 2191 1750 τὴν
2248 1688 2345 1738 τοῦ
2396 1684 2530 1739 λαοῦ
2582 1684 2909 1759 προστασίαν
2966 1683 3513 1757 ἁποπροσποιεῖσθαι,
3577 1677 3747 1753 μηδὲν

2096 1771 2189 1828 κᾶν
2242 1770 2464 1836 δικαίως
2524 1774 2655 1848 ὑπέρ
2706 1796 2869 1829 τινων
2930 1771 3083 1847 λέγοι
3146 1771 3586 1844 εἷσακουόμενον.
3647 1770 3751 1827 Ἠν

2097 1860 2187 1915 οῦν
2245 1863 2369 1918 τότε
2426 1865 2505 1931 τῷ
2557 1865 2895 1939 πατριάρχῃ,
2953 1862 3040 1916 καὶ
3101 1864 3188 1923 οἷς
3219 1865 3327 1916 τῶν
3360 1859 3661 1935 ἀρχιερέων
3688 1858 3752 1913 τὸ

2092 1951 2165 2012 εἰς
2197 1952 2257 2006 τὸ
2321 1951 2526 2025 μέλλον
2586 1953 2869 2028 προμηθὲς
2910 1953 2999 2020 ἦν,
3062 1949 3239 2005 διττοί
3286 1970 3427 2011 τινες
3489 1947 3751 2022 λογισμοὶ

2094 2040 2230 2112 πρὸς
2286 2042 2566 2119 ἀμφότερα
2622 2041 2911 2117 κρούοντες
2969 2040 3059 2095 καὶ
3118 2038 3443 2110 ἑκατέρωθεν
3504 2036 3748 2113 ἴσχυροί,

2092 2132 2217 2186 Ὅτε
2246 2132 2345 2206 γὰρ
2378 2132 2516 2204 πρὸς
2559 2133 2657 2201 τὴν
2707 2138 2807 2201 τῆς
2862 2128 3141 2206 βασιλείας
3183 2127 3451 2183 ἐντέλειαν
3505 2122 3751 2182 ἀποϐλέ-

2092 2222 2266 2292 ψαιεν,
2297 2219 2384 2274 καὶ
2411 2222 2472 2275 τὸ
2504 2225 2630 2295 παρ’
2686 2222 2889 2298 ἀμφοῖν
2923 2217 3224 2296 βασιλέοιν,
3274 2221 3370 2273 τοῦ
3424 2218 3519 2291 μὲν
3564 2236 3752 2271 νεοκο-

2097 2405 2442 2477 decertaret,
2464 2423 2634 2464 nemo
2666 2409 2935 2463 contactu
2968 2404 3107 2462 ferri
3125 2403 3431 2461 candentis
3462 2402 3756 2458 innocen-

2096 2495 2239 2551 tiam
2272 2496 2546 2567 probaret
2600 2495 2743 2552 satis
2793 2512 2973 2568 gnaro
3027 2508 3383 2565 unoquoque
3434 2491 3748 2563 magistra-

2096 2592 2265 2646 tuum
2299 2606 2581 2663 magnum
2609 2589 2744 2647 mali
2774 2588 3106 2662 gravissimi
3138 2586 3249 2644 sibi
3277 2585 3605 2658 periculum
3634 2585 3750 2640 im-

2096 2680 2369 2750 pendere,
2405 2681 2456 2735 si
2508 2678 2597 2735 vel
2658 2683 2885 2734 tantum
2914 2676 3264 2742 conniveret,
3298 2680 3362 2731 ut
3410 2674 3601 2747 quivis
3641 2675 3749 2730 de-

2097 2768 2253 2824 latus
2286 2769 2354 2824 ad
2388 2767 2854 2839 experimentum
2889 2782 3098 2823 massa
3128 2764 3434 2823 candentis
3483 2764 3750 2836 adigere-

2092 2861 2209 2911 tur.
2240 2858 2575 2930 Spondebat
2625 2856 2765 2928 quin
2799 2855 2974 2912 etiam
3025 2869 3323 2910 summam
3372 2852 3751 2909 securitatem

2094 2946 2255 3017 pacis
2287 2946 2556 3018 publica,
2579 2963 2683 3018 per
2712 2962 2888 3018 quam
2922 2945 3101 3002 etiam
3133 2948 3341 3000 tenues
3372 2946 3428 2999 et
3458 2941 3624 3015 prius
3640 2941 3744 2996 93

2092 3043 2327 3108 egentes
2345 3038 2467 3108 jam
2491 3041 2723 3092 tantum
2742 3036 3133 3104 abundarent,
3151 3038 3332 3090 utnec
3353 3031 3502 3104 ipsis
3527 3031 3749 3087 deforet

2092 3124 2340 3181 facultas
2370 3126 2857 3181 ostentandarum
2891 3140 3070 3196 opum
3119 3128 3177 3179 et
3226 3138 3287 3178 se
3340 3119 3744 3191 familiamque

2093 3214 2416 3270 domestica
2459 3216 2626 3287 copia
2673 3214 3045 3281 honestandi,
3081 3212 3243 3268 omni
3291 3228 3533 3283 prorsus
3581 3212 3739 3263 metu

2098 3303 2315 3359 vacuis.
2349 3304 2537 3375 Super
2567 3303 2764 3359 omnia
2794 3301 3343 3359 obedientissimum
3376 3315 3522 3367 sese,
3554 3301 3742 3368 utpar

2095 3398 2205 3463 est,
2248 3393 2514 3451 Ecclesia
2575 3393 2983 3466 prabiturum,
3025 3396 3083 3447 et
3141 3390 3348 3447 matris
3400 3389 3566 3445 illam
3612 3387 3741 3443 loco

2094 3485 2435 3553 ducturum,
2470 3486 2736 3556 nihilque
2768 3502 2884 3540 non
2917 3483 3262 3539 moliturum
3304 3482 3460 3554 quod
3494 3480 3564 3536 ad
3616 3481 3747 3551 ejus

2096 3580 2315 3630 statum
2332 3592 2655 3647 pacemque
2668 3574 3017 3630 servandam
3034 3572 3332 3628 videretur
3354 3567 3746 3626 conducibile.

2096 3683 2157 3733 1n
2190 3683 2307 3738 quo
2342 3672 2405 3722 ut
2452 3665 2854 3721 abundantius
2886 3663 3231 3735 religionem
3281 3662 3627 3729 ostentaret,
3658 3657 3753 3712 in-

2095 3754 2387 3810 citabatur
2415 3770 2520 3826 spe
2550 3751 3009 3824 comparationis
3039 3767 3072 3806 a
3103 3748 3319 3823 populo
3371 3746 3753 3802 instituenda

2094 3843 2383 3899 factorum
2436 3859 2680 3899 suorum
2744 3842 2874 3913 ejus
2929 3843 3161 3912 generis
3228 3854 3364 3893 cum
3436 3834 3751 3892 contrariis

2092 3932 2374 4003 exemplis
2407 3932 2779 4003 imperatoris
2811 3944 3000 4001 nuper
3028 3925 3311 3994 defuncti,
3340 3926 3412 3980 de
3443 3940 3558 3995 quo
3599 3922 3749 3978 scie-

2093 4022 2196 4077 bat
2224 4020 2546 4077 invaluisse
2573 4020 2968 4091 suspicionem
2996 4018 3152 4074 haud
3178 4015 3375 4088 magni
3398 4030 3533 4070 eum
3558 4012 3749 4068 facere

2093 4111 2355 4167 Ecclesia
2388 4110 2822 4179 auctoritatem,
2854 4108 3145 4179 effereque
3185 4123 3249 4161 se
3294 4105 3352 4160 in
3405 4120 3535 4159 eam
3587 4102 3747 4157 fastu

2091 4201 2271 4273 regio.
2309 4201 2468 4256 Unde
2497 4204 2553 4256 et
2583 4199 2908 4272 contigerat
2936 4215 3003 4254 eo
3054 4198 3341 4268 regnante
3389 4192 3608 4248 multas
3657 4191 3745 4246 of-

2090 4291 2385 4347 fensiones
2416 4296 2473 4346 et
2501 4289 2738 4345 dolendi
2770 4305 2981 4344 causas
3004 4284 3348 4359 patriarcha
3380 4281 3574 4339 offerri
3596 4281 3743 4336 adeo

2088 4383 2155 4435 ut
2178 4381 2302 4451 jam
2335 4396 2450 4435 non
2479 4380 2719 4435 auderet
2745 4376 3045 4449 suscipere
3076 4373 3472 4447 patrocinium
3513 4368 3741 4443 populi,

2087 4484 2194 4524 nec
2224 4469 2659 4539 deprecatorem
2692 4482 2755 4521 se
2803 4464 3067 4535 ingerere
3096 4462 3157 4518 in
3189 4460 3468 4534 periculis
3496 4459 3742 4515 misero-

2085 4574 2243 4626 rum,
2279 4557 2555 4629 quoniam
2589 4573 2704 4613 non
2736 4558 3004 4627 speraret
3033 4570 3095 4610 se
3128 4553 3396 4609 auditum
3432 4550 3526 4618 iri,
3560 4566 3740 4620 quan-

316 4637 534 4695 eximie
565 4636 864 4694 culturum
915 4638 1226 4709 pralaturu
1240 4656 1410 4712 mque
1455 4642 1701 4697 cunctiS'
1736 4642 1825 4696 Ad
1854 4640 1973 4696 hinc
2005 4637 2054 4704 D
2083 4646 2303 4704 tumvis
2328 4664 2495 4719 aqua
2525 4646 2936 4702 diceret.Tunc
2959 4660 3131 4716 porro
3155 4641 3490 4715 patriarcha
3521 4644 3579 4695 et
3609 4638 3649 4693 ii
3671 4655 3743 4694 ex

315 4728 595 4785 eximiam
627 4744 768 4801 erga
802 4729 1118 4785 militarem
1166 4728 1431 4787 ordinem
1477 4731 1807 4787 caritatem'
1840 4748 1973 4802 pro-

322 4819 611 4889 mittebat,
645 4818 958 4891 stipendiis
986 4820 1055 4875 ad
1090 4821 1245 4876 diem
1278 4822 1663 4878 numerandis
1686 4821 1974 4877 donativis

322 4908 835 4980 reprasentandis,
867 4923 1071 4965 eorum
1118 4926 1255 4966 vero
1288 4911 1388 4982 qui
1439 4911 1500 4965 in
1531 4909 1681 4967 bello
1727 4911 1973 4966 cecidis-

321 5002 456 5052 sent
503 5000 561 5054 et
610 4998 671 5053 in
703 4999 986 5071 obsequio
1008 4999 1343 5072 reipublica
1365 5000 1546 5055 vitam
1572 4999 1973 5072 profudissent

316 5084 542 5157 liberis,
575 5086 625 5142 si
657 5103 804 5158 quos
854 5087 1256 5161 reliquissent,
1291 5089 1489 5145 debita
1538 5089 1684 5161 patri
1732 5090 1972 5160 pramia

314 5174 651 5231 reddendo:
684 5176 743 5230 in
775 5192 959 5249 eoque
986 5182 1107 5234 tam
1139 5178 1483 5250 diligentem
1519 5179 1657 5245 fore,
1692 5183 1757 5234 ut
1787 5178 1836 5234 si
1870 5195 1968 5233 cu-

306 5264 411 5334 jus
437 5261 613 5318 occisi
647 5263 851 5319 militis
885 5282 1028 5322 uxor
1059 5282 1369 5340 praegnans
1425 5271 1782 5341 superesset,
1816 5269 1967 5325 fetus

309 5350 369 5407 in
404 5367 473 5407 ea
502 5351 769 5424 concepti
800 5354 1225 5423 providentiam
1277 5365 1500 5429 gereret
1533 5358 1703 5429 eique
1748 5358 1964 5414 servari

310 5440 529 5497 mortui
588 5441 848 5513 parentis
908 5442 1221 5500 honoraria
1289 5452 1538 5503 curaret.
1599 5447 1962 5517 Injustarum

306 5547 479 5601 porro
511 5529 880 5586 exactionum
915 5550 985 5589 ne
1018 5550 1228 5589 nomen
1261 5536 1499 5606 quidem
1531 5538 1721 5593 audiri
1756 5554 1961 5609 passu-

304 5637 461 5675 rum.
525 5622 638 5680 Nec
696 5622 894 5680 locum
956 5626 1231 5681 daturum
1266 5628 1611 5699 calumniis;
1647 5632 1803 5685 unde
1833 5633 1961 5700 jam

302 5724 475 5766 nemo
508 5711 577 5767 ad
607 5728 808 5770 earum
847 5712 1255 5787 depulsionem
1299 5717 1584 5788 singulari
1642 5721 1959 5777 certamine

2086 4736 2450 4793 antistitibus
2472 4736 2570 4807 qui
2595 4737 2775 4791 futuri
2802 4732 3227 4806 providentiam
3250 4730 3567 4800 habebant,
3582 4727 3741 4799 cogi—

2084 4827 2409 4883 tationibus
2440 4826 2686 4881 invicem
2733 4823 2998 4880 adversis
3029 4828 3089 4878 et
3126 4820 3315 4877 valide
3362 4818 3647 4889 utrinque
3678 4816 3740 4871 in

2085 4916 2380 4973 contraria
2436 4912 2875 4971 incurrentibus
2933 4910 3438 4967 distrahebantur.
3491 4905 3740 4971 Quando

2087 5008 2243 5063 enim
2276 5006 2497 5061 bonum
2537 5004 2768 5077 imperii
2812 5006 3034 5059 statum
3090 5000 3465 5072 reputabant,
3497 4997 3736 5070 pracla-

2081 5112 2213 5152 rum
2246 5094 2393 5167 ipsis
2441 5098 2499 5149 et
2550 5092 2767 5166 populo
2816 5091 3075 5148 salutare
3122 5090 3452 5158 videbatur,
3483 5085 3739 5143 admini-

2080 5185 2252 5243 strari
2314 5182 2676 5255 republicam
2737 5181 2975 5238 nomine
3006 5184 3183 5253 atque
3240 5179 3589 5235 auctoritate
3652 5175 3738 5230 si-

2079 5273 2202 5330 mul
2230 5272 2449 5343 junctis
2482 5271 2817 5344 principum
2839 5271 3133 5341 duorum;
3164 5266 3406 5324 alterius
3437 5264 3644 5339 pupilli
3679 5268 3740 5321 et

2075 5363 2137 5418 in
2160 5362 2474 5434 perfectam
2498 5365 2730 5417 atatem
2758 5360 2957 5416 debita
2983 5375 3124 5414 cura
3144 5356 3432 5414 educandi
3458 5353 3737 5427 ;a1terius

2075 5469 2179 5525 per
2210 5467 2271 5508 se
2302 5450 2551 5506 valentis
2582 5466 2793 5521 resque
2846 5464 3021 5521 opera
3072 5446 3431 5517 consilioque
3478 5442 3737 5517 propriis

2072 5542 2345 5615 gerentis.
2378 5540 2607 5596 Rursus
2628 5556 2759 5595 cum
2792 5538 3187 5595 extendebant
3208 5536 3476 5592 animum
3504 5535 3563 5590 in
3598 5552 3732 5605 pro-

2069 5632 2355 5687 visionem
2390 5646 2587 5685 rerum
2632 5630 2988 5698 futurarum,
3023 5627 3161 5683 hinc
3191 5625 3427 5696 quidem
3460 5640 3737 5681 occurre-

2075 5723 2175 5777 bat
2215 5724 2498 5794 quantum
2561 5719 2848 5791 expectari
2912 5717 3049 5774 boni
3106 5721 3306 5790 posset
3360 5731 3429 5773 ex
3484 5714 3737 5786 imperio
