4090 6402
393 392 502 448 529

1464 397 1562 450 ΒΕ
1602 396 1972 450 MICHAELE
2011 394 2457 452 PALEOLOGO
2492 399 2625 452 LIB.
2666 399 2736 452 II.

3712 398 3823 453 530

398 518 676 591 μουμένου
734 521 830 572 τοῦ
890 515 935 572 δ’
989 518 1363 594 ἐνιργοῦντος,
1423 516 1683 593 ἄρχεσθαι
1752 520 1825 580 ὡς
1883 518 2349 589 καλὸνΑλιστον
2402 519 2650 579 ἀδικεῖν.
2726 523 2888 578 Ταῦτ’
2940 520 3166 583 ἐκείνοις
3235 520 3619 595 λογιζομένοις
3698 520 3817 585 δέος

389 608 536 681 ὁμοῦ
566 607 657 662 καὶ
683 611 763 679 τῷ
799 606 1031 680 ὑπηκόῳ
1057 611 1327 683 σωτήριον
1354 610 1667 665 κατενόουν.
1701 612 1759 682 [Ρ
1791 611 1882 682 '29]
1904 610 2047 684 ΙΙρὸς

394 693 452 751 δὲ
480 696 573 751 καὶ
621 697 689 751 τὰ
745 694 1023 769 μέλλοντα
1068 700 1557 774 προσγενήσεσθαι,
1600 700 1712 771 ἅμα
1763 698 1857 771 μὶν
1891 697 1940 771 ἐξ
1973 699 2045 752 ὧν

384 789 490 857 τὴν
541 786 743 855 ἱκανὴν¹
784 784 1168 863 πληροφορίαν
1228 786 1314 842 ἐπὶ
1362 784 1551 862 τάνδρὶ
1597 789 1743 864 εἶχον
1791 786 1850 842 ἐκ
1896 787 2045 843 πλεί·

386 897 542 944 στου,
604 875 720 949 ἃμα
781 873 957 930 δὲκαὶ
1003 875 1054 947 ἐξ
1088 878 1162 931 ὧν
1217 878 1339 932 τότε
1400 878 1840 951 ὑπισχνουμένου
1915 899 2043 934 κατ-

387 968 618 1036 ήκουον,
677 963 1250 1041 ὑπεραποδεχομένοις
1303 965 1534 1037 ἐῴκεσαν
1574 967 1641 1020 τὰ
1670 966 1807 1021 κατὰ
1837 968 2043 1041 βουλὴν

384 1052 843 1129 πραχθησόμενα.
877 1055 1006 1111 "Ore
1050 1052 1097 1109 δ’
1128 1055 1191 1109 αὖ
1231 1054 1395 1109 πάλιν
1436 1057 1572 1129 πρὸς
1604 1077 1661 1110 τε
1689 1056 1751 1109 τὸ
1780 1060 1877 1110 τοῦ
1927 1055 2042 1119 ἐνὸς

380 1140 814 1216 ἀφιλονὶικητόν
869 1162 927 1196 τε
969 1141 1060 1196 καὶ
1118 1143 1457 1218 ἀνερίθευτον
1520 1142 1607 1197 καὶ
1652 1145 1714 1198 τὸ
1772 1142 1859 1197 ἐπὶ
1918 1141 2037 1197 δυσὶ

382 1229 762 1285 στασιαστικόν
841 1252 898 1285 τε
972 1230 1061 1286 καὶ
1133 1231 1383 1306 μάχιμον
1458 1230 1784 1302 ἐνοήσαιεν,
1833 1231 1931 1286 τάσ
1988 1233 2034 1284 0⁹

380 1318 712 1395 ἑκατέρωθεν
756 1314 1056 1382 ἐπιϐουλὰς
1105 1321 1195 1375 καὶ
1239 1323 1333 1382 τὰς
1387 1322 1618 1395 ὑποψίας
1668 1322 1784 1382 ἑνὸς
1817 1320 1901 1376 ἐπὶ
1937 1321 2032 1375 θά-

372 1430 531 1485 τερον
559 1410 648 1463 καὶ
683 1407 842 1472 τέλος
888 1410 979 1465 τὸν
1032 1408 1112 1484 ἐφ’
1154 1410 1228 1464 ἐνὶ
1264 1409 1509 1465 κίνδυνον
1563 1410 1705 1486 παρᾶ
1749 1415 1844 1465 τοῦ
1895 1431 2028 1485 xpu-

371 1502 665 1569 τήσαντος,
718 1496 1009 1573 διεφώνουν
1055 1501 1141 1554 καὶ
1185 1499 1548 1576 ἀπηγόρευον.
1602 1500 1747 1556 Εἶναι
1794 1501 1895 1575 γὰρ
1927 1502 2025 1569 τήν

373 1585 659 1664 βασιλείαν
713 1588 804 1643 καὶ
864 1586 1053 1650 ἄλλως
1110 1595 1306 1663 χρῆμα
1366 1590 1458 1662 μὶν
1514 1590 1732 1663 ὀρεκτὸν
1784 1591 1869 1644 καὶ
1926 1595 2025 1644 τοῦ

368 1677 577 1739 παντὸς
607 1675 775 1748 ἄξιον,
811 1677 1107 1732 ὑποπτικὸν
1152 1676 1195 1731 δ’
1243 1676 1457 1747 ἄΛλως,
1491 1678 1629 1732 ὣστε
1676 1679 1764 1732 καὶ
1820 1680 1896 1750 μὴ
1930 1680 2022 1733 οὗ-

369 1788 465 1821 σαν
499 1766 690 1822 κακίαν
722 1764 1153 1835 εἷδωλοποιῆσαι
1187 1765 1275 1821 διὰ
1304 1769 1403 1836 τὴν
1439 1767 1669 1841 ὑποψίαν
1715 1768 1802 1822 καὶ
1836 1769 2018 1835 οὖσαν,

372 1856 612 1929 μετιέναι
661 1855 1048 1932 παρασκεάζειν
1096 1857 1188 1911 τὸν
1243 1855 1328 1911 ἐπὶ
1368 1863 1467 1926 τῆς
1520 1856 1722 1931 ἀρχῆς,
1755 1858 1829 1918 ὡς
1877 1856 2019 1911 οὕτω

370 1946 536 2018 μόνος
594 1945 853 2022 ἀσφαλῶς
904 1944 1325 2019 βασιλεύσοντα,
1388 1943 1445 1999 ἂν
1496 1946 1587 2000 καὶ
1630 1946 1696 2000 τὰ
1759 1948 1833 2018 μὴ
1894 1942 2018 2000 ὄντα

364 2033 546 2108 μετίῃ.
598 2039 663 2112 ’ῼ
712 2032 769 2089 δέ
814 2055 897 2096 τις
948 2036 1081 2109 πρὸς
1132 2039 1299 2089 ταῦτα
1356 2036 1444 2090 καὶ
1499 2032 1880 2090 ὑποστέλλοιτ’
1926 2034 2010 2104 ἄν,

354 2126 439 2193 τῷ
472 2124 549 2194 μή
575 2141 713 2177 τισιν
758 2119 943 2184 ἄδικος
1004 2119 1154 2193 δόξαι
1208 2126 1276 2196 τῇ
1337 2122 1613 2196 μοναρχίᾳ
1670 2122 2008 2195 ἐπιθέμενος.

354 2210 523 2287 σοφόν
572 2232 694 2265 τινα
758 2210 925 2287 λόγον
974 2212 1064 2265 καὶ
1117 2210 1349 2265 παλαιὸν
1404 2210 1462 2265 ἐκ
1516 2210 1821 2285 τραγῳδίας
1876 2214 2008 2267 εἶναι

350 2302 446 2355 τὸν
481 2300 793 2376 ἐξαιροῦντα
838 2300 929 2355 τὸν
983 2299 1070 2355 ἐπὶ
1119 2304 1187 2374 τῇ
1230 2298 1356 2374 δόξῃ
1402 2307 1499 2369 τῆς
1536 2301 1748 2376 ἀγικίας
1791 2305 2003 2374 μῶμον,

352 2386 622 2465 λέγοντα,
683 2388 835 2465 εἷ’περ
885 2388 1089 2445 ἀδικεῖν
1138 2388 1272 2461 δέοι,
1326 2391 1459 2466 ὑπὲρ
1505 2389 1823 2466 τυραννίδος
1869 2390 2004 2446 κάλ-

351 2588 688 2662 Palazologi,
714 2590 785 2646 de
816 2590 987 2661 cujus
1022 2595 1078 2646 et
1109 2590 1402 2662 sapientia
1431 2595 1490 2647 et
1528 2591 1787 2647 bonitate
1810 2596 1866 2647 et
1897 2592 2011 2647 for-

347 2680 607 2735 titudine
666 2679 835 2751 plene
884 2680 997 2736 sibi
1056 2680 1323 2753 persuasi
1382 2680 1774 2748 videbantur;
1828 2695 2011 2751 eoque

351 2772 655 2824 momento
689 2768 845 2824 haud
865 2768 1039 2824 dubie
1062 2770 1504 2842 propendebant
1528 2769 1586 2824 in
1610 2785 1738 2825 eam
1761 2774 2008 2842 partem,

349 2873 480 2930 qua:
536 2857 637 2913 tali
669 2861 910 2929 tamque
966 2859 1209 2931 probato
1264 2864 1322 2914 et
1382 2862 1582 2931 parato
1644 2858 2007 2931 imperatori,

348 2950 476 3003 tam
510 2946 703 3003 fausta
725 2951 783 3003 et
805 2947 1085 3020 optabilia
1106 2952 1232 3003 tum
1260 2948 1622 3021 promittenti
1642 2952 1769 3004 tum
1794 2947 2005 3004 idoneo

347 3040 651 3109 praestare,
678 3040 902 3092 certam
932 3042 989 3093 et
1017 3042 1359 3110 perpetuam
1384 3037 1581 3094 collati
1603 3038 1731 3108 jam
1762 3037 2002 3094 honoris

342 3124 783 3197 possessionem
804 3127 1252 3198 optabat.Iidem
1268 3131 1466 3183 tamen
1486 3127 1585 3183 ubi
1609 3127 1819 3183 deinde
1834 3144 2001 3199 repu-

2163 609 2316 683 ἐπῂει
2352 627 2367 643 ⁶
2443 612 2532 665 καὶ
2611 613 2757 686 παρὰ
2823 616 2993 665 ταῦτα
3072 612 3164 684 μὲν
3226 610 3461 678 πλησίον
3514 612 3649 679 ἦσαν
3720 616 3817 666 τοῦ

2158 700 2436 772 πράττειν.
2466 700 2673 755 τούτων
2727 698 2784 755 δὲ
2833 702 3287 776 προσκρουόντων
3332 700 3459 762 τοὺς
3512 698 3814 776 λογισμοὺς

2158 788 2317 862 ἀργοὶ
2350 788 2484 862 πρὸς
2514 789 2576 843 τὸ
2628 787 2755 864 δρᾷν
2807 791 2962 858 ἦσαν,
3014 788 3107 843 κᾶν
3159 787 3276 843 ὅσοι
3328 790 3418 843 καὶ
3467 787 3669 865 ὥρμων
3723 787 3815 845 λέ-

2153 896 2287 950 γειν.
2322 880 2460 947 Νικᾷ
2516 873 2563 929 δ’
2616 878 2768 948 ὅμως
2818 877 2880 930 τὸ
2934 878 3228 953 μόρσιμον.
3265 877 3362 931 Καὶ
3391 881 3489 932 τοῦ
3552 877 3646 949 μὲν
3704 878 3804 945 τήν

2154 964 2332 1039 ἀρχὴν
2411 964 2738 1039 ἐγχειρίζειν
2818 965 3010 1037 ἐκείνῳ
3092 967 3143 1019 οἱ
3200 965 3451 1022 πλεὶστοι
3517 966 3803 1041 γίνονται,

2150 1054 2239 1108 καὶ
2274 1053 2469 1129 σχεδὸν
2518 1055 2728 1119 πάντες·
2766 1054 2919 1127 ὅμως
2953 1054 2999 1109 δ’
3031 1053 3301 1127 ἐμπεδοῦν
3352 1060 3469 1117 τοῖς
3531 1054 3806 1133 φρικώδε-

2150 1165 2231 1198 σιν
2284 1142 2491 1216 ὅρκοις,
2539 1146 2724 1217 ἀραῖον
2780 1142 2927 1219 ἔχειν
2977 1144 3108 1217 ὑπὲρ
3158 1143 3385 1219 θατέρου
3429 1145 3648 1218 Θάτερον
3707 1150 3803 1199 τοῦ

2150 1235 2225 1306 μή
2272 1253 2321 1286 τι
2376 1231 2548 1288 δεινὸν
2603 1232 2993 1307 βουλεύσασθαι
3048 1234 3164 1287 κατ’
3216 1231 3481 1304 ἀλλήλων
3530 1232 3659 1294 τοὺς
3706 1235 3800 1307 βα-

2146 1321 2351 1389 σιλέας,
2384 1325 2491 1375 τῶν
2524 1321 2748 1377 εἲκότων
2779 1322 3057 1395 ἐνόμισαν.

2146 1428 2212 1502 β’.
2279 1430 2467 1490 ’Ὁπως
2550 1428 2758 1483 ἀνίεσαν
2838 1430 2934 1503 τὸν
3014 1426 3395 1503 Παλαιολόγον

2829 1501 3103 1555 ὑπέκειτο.

2210 1591 2293 1661 [Ρ.
2327 1591 2416 1663 60]
2438 1589 2708 1662 Ἑτοίμως
2733 1587 2778 1643 δ’
2801 1589 3045 1664 ἀφῄρουν
3069 1588 3157 1644 καὶ
3180 1590 3241 1642 τὸ
3265 1586 3456 1643 δοκοῦν
3484 1592 3599 1651 τοῖς
3621 1610 3789 1663 πρατ-

2133 1680 2391 1751 τομένοις
2447 1678 2835 1754 προσίστασθαι
2896 1678 3072 1752 ἐφέσει
3137 1681 3233 1732 τοῦ
3302 1681 3471 1732 ταῦτα
3525 1676 3786 1751 γενέσθαι.

2131 1769 2219 1829 Ὠς
2276 1764 2374 1844 γὰρ
2436 1770 2489 1823 αἱ
2546 1772 2821 1844 γεγονυῖαι
2890 1766 3160 1823 συνθισίαί
3228 1771 3326 1821 τοῦ
3400 1766 3785 1841 ΙΙαΛαιολόγου

2130 1857 2265 1931 πρὸς
2288 1858 2378 1913 τὸν
2411 1858 2629 1912 πάππον
2662 1862 2757 1912 τοῦ
2794 1854 3065 1930 βασιλέως
3110 1858 3198 1911 καὶ
3250 1858 3305 1910 αἱ
3355 1853 3424 1910 δι’
3455 1855 3779 1934 ἆφορισμῶν

2128 1945 2488 2019 ἐμπεδώσεις,
2511 1948 2545 2015 ἧ
2583 1948 2688 2020 μὴν
2718 1948 2867 2019 μήτι
2892 1946 3029 2000 κατὰ
3048 1949 3137 2000 τοῦ
3155 1944 3343 2019 γένους
3369 1949 3466 2001 τοῦ
3495 1944 3777 2020 βασιλείου

2128 2035 2546 2111 βουλεύσασθαι,
2573 2035 2719 2111 παρά
2755 2056 2862 2089 των
2904 2035 3307 2107 προὺτείνοντο,
3350 2035 3422 2096 ὡς
3470 2035 3616 2089 ἱστὸν
3666 2034 3766 2108 ἆρ-

2121 2125 2297 2199 ἀχνης
2324 2126 2351 2179 ὁ
2378 2128 2485 2179 τῶν
2521 2124 2823 2199 ἀρχιερέων
2874 2121 3146 2198 συλλογος
3194 2123 3291 2186 τὰς
3320 2124 3581 2193 συνθήκας
3623 2122 3765 2177 ἐκεί-

2119 2236 2211 2276 νας
2275 2212 2509 2269 διέλυον.
2565 2215 2653 2281 Μὴ
2703 2213 2804 2288 γὰρ
2865 2212 2999 2267 εἶναι
3058 2212 3118 2266 τὸ
3174 2216 3423 2266 τοιοῦτον
3480 2210 3614 2266 κατὰ
3672 2214 3770 2265 τοῦ

2123 2302 2538 2379 βασιλευόοντος
2570 2303 2823 2358 κάκιστον
2862 2300 3163 2377 βούλευμα,
3198 2298 3343 2355 ὁλλὰ
3392 2298 3604 2373 μᾶλλον
3655 2321 3774 2354 συν·

2117 2394 2295 2470 εργίαν
2327 2397 2426 2458 τῆς
2468 2392 2750 2468 βασιλείας
2804 2391 2893 2446 καὶ
2932 2393 3261 2465 συντήρησιν
3289 2387 3611 2465 ἀδιάδοχον,
3641 2388 3778 2444 κατὰ

3487 1429 3631 1503 ἀρῶν
3710 1430 3791 1489 αἶς

2125 2591 2455 2648 subsidium
2487 2591 2826 2647 ambitionis
2860 2594 3062 2646 contra
3093 2588 3518 2645 humanitatem
3551 2593 3717 2646 vetus
3749 2607 3778 2646 e

2124 2682 2407 2752 tragmdia
2437 2680 2763 2749 oraculum,
2789 2697 2905 2751 quo
2935 2681 3207 2752 edicitur,
3227 2681 3275 2736 si
3300 2681 3403 2751 jus
3430 2678 3773 2735 violandum

2122 2787 2384 2841 unquam
2416 2770 2513 2835 sit,
2540 2770 2779 2825 minime
2801 2769 3251 2841 vituperabilem
3274 2774 3332 2825 et
3354 2768 3603 2825 maxime
3630 2772 3774 2824 tem-

2119 2860 2404 2932 pestivam
2436 2860 2564 2930 ejus
2594 2858 2850 2915 violandi
2883 2875 3122 2914 causam
3155 2874 3284 2914 esse
3316 2857 3547 2929 plenam
3582 2857 3639 2911 in
3674 2874 3769 2913 so-

2116 2949 2302 3004 lidum
2352 2948 2803 3020 acquisitionem
2853 2964 3139 3018 supremae
3184 2945 3549 3002 auctoritatis
3583 2962 3597 3001 :
3630 2945 3769 3000 talia

2114 3044 2478 3111 reputantes,
2506 3043 2562 3094 et
2593 3054 2719 3109 qua:
2750 3053 2818 3092 ex
2849 3036 2982 3092 istis
3014 3053 3265 3108 pronum
3298 3041 3422 3091 erat
3451 3034 3615 3105 sequi
3647 3050 3767 3089 me-

2110 3130 2364 3195 tuentes,
2389 3126 2769 3183 ecclesiastici
2800 3142 3066 3197 proceres
3093 3124 3318 3197 impelli
3352 3141 3415 3180 se
3435 3124 3769 3179 sentiebant

339 3215 547 3270 labant
577 3230 777 3271 secum
811 3231 990 3286 quam
1023 3215 1364 3288 tranquilla,
1384 3232 1647 3286 concors,
1671 3234 1704 3272 a
1734 3215 1996 3273 dissidiis
2028 3240 2073 3306 ο
2114 3215 2185 3270 ad
2218 3215 2530 3269 fovendum
2562 3213 2870 3268 ambitioni
2902 3212 3209 3284 Palazologi
3235 3230 3248 3266 :
3278 3228 3486 3266 rursus
3516 3227 3652 3266 vero
3682 3209 3767 3265 in-

342 3307 403 3360 et
445 3302 804 3360 factionibus
844 3321 1056 3361 secura
1095 3305 1480 3377 sejunctaque
1510 3306 1584 3360 sit
1616 3304 1996 3375 singularitas

333 3392 681 3465 imperantis
707 3418 721 3462 ;
746 3409 777 3449 e
798 3392 1088 3449 contrario
1108 3409 1288 3465 quam
1313 3396 1415 3450 94
1447 3394 1647 3465 inﬁda,
1679 3394 1996 3462 instabilis,

338 3485 413 3539 ad
466 3484 751 3553 rixarum,
785 3485 1143 3542 seditionum
1193 3490 1251 3542 et
1308 3485 1569 3541 civilium
1627 3486 1994 3542 tumultuum

336 3590 600 3646 praesens
624 3573 955 3646 periculum
987 3576 1253 3647 exposita
1276 3575 1353 3631 sit
1374 3576 1626 3631 duorum
1650 3575 1710 3630 in
1742 3593 1860 3633 uno
1883 3577 1996 3631 im-

337 3664 501 3737 perio
535 3664 808 3734 societas,
843 3682 973 3737 quis
1023 3665 1302 3739 utrinque
1345 3665 1595 3733 insidiae,
1628 3682 1755 3737 quae
1800 3666 1994 3737 suspi-

335 3753 559 3821 ciones,
580 3770 708 3825 quae
732 3754 1200 3811 machinationes
1228 3755 1702 3827 uniuscujusque
1733 3754 1792 3809 in
1815 3771 1996 3809 aemu-

342 3836 494 3914 lum,
527 3843 599 3899 ad
632 3847 957 3900 extremum
980 3862 1104 3916 quae
1152 3844 1348 3901 clades
1398 3860 1697 3916 quamque
1737 3844 1996 3915 tragicus

343 3930 536 3988 exitus
569 3936 802 3989 maneat
844 3933 1309 4003 imbecilliorem,
1346 3950 1636 4006 posquam
1685 3933 1996 4005 potentiori

345 4024 449 4075 aut
480 4021 727 4077 {eliciori
768 4022 1162 4089 succubuerit,
1195 4022 1338 4093 haec,
1372 4023 1639 4093 inquam,
1669 4022 1996 4094 cogitantes

342 4110 697 4165 revocabant
727 4111 1206 4183 damnabantque
1244 4118 1377 4167 vota
1397 4110 1499 4166 illa
1528 4127 1636 4167 sua
1664 4115 1722 4167 et
1752 4109 1997 4167 consilia

344 4197 565 4271 priora,
599 4199 707 4254 toti
738 4199 1003 4256 videlicet
1033 4200 1208 4255 deﬁxi
1240 4200 1297 4256 in
1330 4200 1586 4272 imagine
1618 4200 1993 4256 miseriarum

346 4288 580 4360 imperii
612 4289 918 4345 discordis.
953 4290 1290 4345 Existimari
1331 4291 1548 4363 quippe
1596 4289 1765 4362 vulgo
1810 4290 1996 4363 impe-

346 4378 504 4433 rium
539 4394 662 4433 rem
695 4377 753 4432 in
786 4378 993 4450 primis
1024 4379 1393 4450 cxpetibilem
1427 4385 1483 4435 et
1509 4381 1817 4451 quantovis
1848 4382 1995 4438 bene

344 4466 534 4539 pretio
567 4467 909 4539 parandam.
941 4468 1261 4540 praesertim
1314 4469 1387 4524 iis
1432 4470 1532 4540 qui
1579 4471 1707 4540 ejus
1750 4474 1991 4542 gustum

342 4556 696 4629 experiendo
727 4558 1111 4630 perceperint.
1146 4558 1301 4613 Idem
1344 4576 1517 4630 porro
1548 4576 1676 4614 esse
1707 4560 1995 4631 suspieio-

344 4646 655 4702 sissimum
679 4646 1010 4715 negotium;
1035 4664 1139 4703 nec
1164 4648 1461 4718 quiescere
1483 4665 1743 4719 unquam
1768 4650 1995 4706 animos

347 4734 707 4807 collegarum
746 4736 802 4791 in
837 4754 1115 4808 suprema
1148 4739 1451 4807 potestate,
1484 4736 1625 4804 quin
1671 4755 1729 4793 se
1760 4739 1993 4810 inquie-

345 4822 578 4878 tissime
608 4828 923 4895 torqueant
952 4825 1110 4880 curis
1142 4824 1329 4879 anxiis
1384 4824 1445 4879 in
1479 4841 1540 4881 se
1570 4826 1753 4880 vicem
1804 4827 1992 4882 inten-

344 4913 422 4967 tis
481 4912 840 4983 imaginante
900 4930 1252 4984 unoquoque
1308 4914 1380 4968 de
1439 4912 1551 4968 alio
1610 4915 1993 4971 infestissima

341 5016 614 5073 quaeque,
646 5006 704 5056 et
750 5020 912 5073 teque
959 5002 1250 5058 ambobus
1282 5008 1399 5059 tam
1451 5020 1602 5075 saepe
1652 5005 1781 5059 sine
1813 5022 1993 5061 causa

342 5106 526 5163 quam
580 5108 812 5163 semper
842 5091 967 5147 sine
992 5093 1159 5147 venia
1207 5109 1334 5148 sese
1364 5092 1614 5148 invicem
1646 5093 1991 5151 insidiarum

341 5179 690 5250 capitalium
749 5184 1052 5251 suspectos
1106 5182 1223 5235 imo
1278 5198 1407 5237 reos
1463 5188 1521 5237 et
1567 5183 1860 5240 convictos
1894 5185 1992 5239 ha-

343 5269 641 5338 bentibus,
676 5274 851 5342 atque
881 5271 1025 5326 adeo
1056 5270 1113 5324 in
1157 5271 1269 5326 ista
1318 5271 1754 5343 inquietissima
1794 5274 1995 5345 vigilia

338 5360 745 5432 suspicionum
764 5359 1140 5417 anxiarumet
1180 5360 1688 5431 iniquissimarum
1722 5381 1885 5433 spem
1927 5382 1992 5420 ac

342 5450 633 5505 rationem
666 5466 863 5506 secure
895 5450 1177 5522 regnandi
1211 5456 1382 5506 srtam
1433 5468 1561 5506 esse
1617 5453 1989 5510 ducentibus.

341 5540 509 5605 Quod
542 5538 593 5594 si
626 5539 799 5611 cujus
832 5540 979 5595 forte
1005 5556 1038 5594 a
1060 5541 1108 5593 vi
1143 5544 1425 5595 scelerata
1458 5542 1814 5615 perﬁdisque
1843 5545 1994 5599 frau-

339 5630 519 5685 dibus
568 5629 628 5684 in
688 5627 976 5700 collegam
1030 5628 1342 5684 abhorreat
1374 5630 1630 5697 animus,
1662 5636 1718 5687 et
1775 5633 1987 5689 famam

341 5716 712 5775 crudelitatis
755 5717 988 5787 injustas
1039 5720 1324 5783 vereatur,
1359 5724 1624 5775 occurret
1676 5722 1874 5776 statim
1930 5722 1985 5776 in

2027 4612 2071 4676 υ

2112 3303 2485 3358 currentibus
2516 3319 2587 3356 ex
2633 3302 2875 3357 adverso
2927 3300 3304 3356 miseratione
3335 3297 3544 3370 pupilli
3602 3298 3765 3369 prin-

2105 3391 2253 3463 cipis
2306 3408 2372 3446 ac
2433 3391 2546 3445 ﬁde
2602 3390 2663 3446 in
2724 3391 2962 3445 domum
3024 3392 3372 3460 Augustam,
3432 3402 3642 3459 segnes
3694 3390 3765 3443 ad

2105 3481 2421 3553 agendum,
2478 3478 2653 3549 muti;
2677 3479 2854 3534 etiam
2900 3477 2974 3533 ad
3024 3476 3387 3548 loquendum
3442 3491 3569 3545 quae
3614 3491 3763 3546 opus

2105 3574 2272 3624 erant
2302 3568 2722 3624 reddebantur.
2772 3566 2929 3622 Vicit
2967 3570 3164 3622 tamen
3217 3564 3414 3619 divina
3460 3563 3763 3635 praedesti-

2105 3661 2264 3715 natio
2288 3676 2414 3730 quae
2438 3657 2752 3729 imperium
2775 3655 3041 3714 Michaeli
3067 3654 3489 3727 desponderat:
3520 3668 3656 3708 nam
3688 3653 3760 3708 ad

2105 3748 2243 3803 huic
2262 3749 2578 3820 imperium
2602 3747 3037 3804 decernendum
3055 3743 3472 3816 plerorumque
3493 3758 3561 3799 ac
3577 3742 3760 3798 ferme

2104 3835 2685 3892 omniumsententiae
2699 3830 3548 3906 conspirarunt.Appositumid
3564 3837 3759 3885 tamen

2103 3924 2162 3981 in
2195 3930 2466 3981 mutuam
2498 3924 2784 3981 cautelam
2814 3923 3109 3980 communi
3140 3937 3434 3978 consensu
3466 3925 3756 3993 tempera-

2104 4020 2371 4072 mentum
2386 4015 2483 4071 97
2502 4018 2611 4081 est,
2628 4017 2694 4068 ut
2711 4015 2883 4069 ambo
2896 4009 3560 4084 principesjuramentis
3579 4025 3759 4079 quam

2104 4106 2359 4161 maxime
2408 4102 2741 4171 horrendis,
2768 4101 2913 4158 diris
2945 4102 3122 4157 etiam
3155 4098 3614 4156 exsecrabilibus
3664 4098 3761 4153 ad-

2103 4196 2266 4263 ditis,
2282 4193 2687 4265 obligarentur
2709 4191 2780 4245 ad
2804 4191 2978 4246 ﬁdem
3002 4190 3253 4245 invicem
3294 4186 3759 4256 charitatemque

2103 4286 2501 4358 praestandam
2525 4282 3064 4352 abstinendumque
3096 4297 3129 4336 a
3157 4281 3212 4335 vi
3247 4279 3406 4335 omni
3432 4295 3497 4334 ac
3530 4278 3756 4348 fraude,

2101 4393 2227 4446 quae
2260 4376 2318 4431 in
2351 4374 2691 4431 alterutrius
2724 4371 3042 4444 perniciem
3077 4371 3361 4427 tenderet.

2172 4549 2226 4601 2.
2264 4548 2329 4605 Ut.
2363 4546 2705 4615 Palwlogum
2733 4542 3015 4599 antisti/es
3044 4540 3307 4615 solverint
3339 4540 3675 4613 juramentis
3704 4545 3755 4594 et

2574 4614 2715 4671 diris
2744 4615 2944 4688 quibus
2971 4614 3278 4669 tenebatur.

2174 4736 2332 4792 Sacri
2366 4752 2536 4807 porro
2569 4734 2884 4802 antistites,
2914 4732 3036 4787 haac
3068 4731 3192 4787 ﬁeri
3217 4730 3385 4786 valde
3412 4731 3751 4786 desideran-

2102 4829 2213 4895 tes,
2247 4825 2416 4879 facile
2465 4824 2862 4879 dissolvcrunt
2892 4838 3020 4893 quze
3076 4821 3340 4892 ipsorum
3393 4819 3751 4875 exsecutioni

2104 4915 2338 4971 obstare
2392 4912 2782 4968 videbantur:
2843 4912 3136 4982 siquidem
3196 4926 3269 4964 ne
3327 4924 3539 4964 novum
3586 4907 3751 4978 jura-

2106 5008 2369 5059 mentum
2440 5003 2547 5057 rite
2620 5018 2653 5055 a
2719 5000 3040 5070 Palaaologo
3110 5000 3535 5071 conciperetur,
3594 4997 3752 5053 vide-

2106 5093 2278 5148 batur
2322 5092 2555 5147 obstare
2607 5090 2799 5145 adhuc
2828 5091 3031 5161 vigens
3078 5088 3278 5160 religio
3326 5088 3537 5143 veteris
3570 5088 3754 5159 juris-

2104 5182 2363 5253 jurandi,
2392 5198 2506 5252 quo
2553 5179 2648 5235 ille
2704 5194 2809 5233 avo
2846 5178 3008 5249 pueri
3064 5178 3350 5249 principis
3406 5177 3633 5232 dudum
3665 5195 3753 5233 sa-

2104 5277 2404 5328 cramento
2466 5271 2636 5325 ﬁdem
2698 5268 3023 5335 addixerat,
3080 5283 3195 5321 non
3252 5268 3310 5321 in
3371 5267 3561 5338 ipsius
3619 5273 3750 5324 tan-

2104 5363 2409 5418 tummodo
2442 5376 2773 5432 personam,
2808 5358 2910 5413 sed
2969 5357 3029 5411 in
3087 5357 3328 5427 stirpem
3387 5359 3653 5428 ejusdem
3686 5377 3753 5414 ac

2103 5456 2386 5523 posteros,
2421 5450 2641 5506 additis
2681 5450 2857 5504 etiam
2919 5445 3384 5509 anathematum,
3420 5447 3468 5501 si
3503 5447 3748 5515 falleret,

2100 5541 2592 5596 incurrcndorum
2638 5537 3043 5594 devotionibus
3079 5552 3143 5590 ac
3192 5534 3361 5591 dtl‘lS.
3397 5537 3530 5600 Quae
3590 5554 3748 5592 nunc

2101 5630 2299 5685 omnia
2334 5634 2520 5685 ccetus
2554 5628 2871 5701 prazsulum
2904 5632 2969 5681 ut
2999 5624 3143 5681 telas
3173 5641 3519 5679 aranearum
3552 5626 3745 5682 disru-

2101 5720 2185 5791 pit
2245 5736 2309 5774 ac
2368 5718 2495 5774 fecit
2549 5718 2732 5787 irrita,
2795 5733 3002 5786 magno
3060 5730 3349 5771 consensu
3418 5713 3746 5785 declarans,
