4090 6402
313 409 413 465 531

1620 404 1922 461 GEORGII
1961 404 2426 465 PACHYMERE

3625 402 3738 460 532

315 532 503 608 καιρὸν
560 529 949 604 συναιρομένου
1006 535 1104 597 τῆς
1162 528 1340 602 ἀρχῆς
1397 532 1475 599 τῷ
1532 526 1634 598 νέῳ
1684 533 1785 595 τῆς
1837 527 1969 599 βοη-
2002 527 2054 596 Α
2086 528 2205 597 νήν.
2241 530 2306 586 Ei
2338 528 2384 584 δ’
2445 532 2559 603 οὗν,
2620 529 2748 586 ἀλλ’
2778 527 2932 585 οὐδὲν
2983 528 3043 584 ἂν
3094 525 3384 604 καταγνοίη
3416 547 3500 590 τις
3550 530 3740 599 μεῖζον

319 622 465 686 θείας
498 620 787 696 χρῄζοντι·
824 618 949 681 Τὰς.
983 618 1290 673 τούντεῦθεν
1326 615 1382 671 δὲ
1429 620 1537 670 τῶν
1598 618 1774 689 ὅρκων
1837 636 1973 687 συμ-

321 708 503 771 ϐάσεις
534 708 623 765 έπὶ
669 712 932 765 τοσοῦτον
975 708 1037 763 τὸ
1072 708 1295 781 ἰσχυρὸν
1346 704 1492 781 ἔχειν
1542 706 1633 759 καὶ
1684 703 1977 759 ἀδιάλυτον

322 797 460 853 ὣστε
516 799 607 853 καὶ
663 798 757 858 τὰς
817 796 1084 872 προτέρας
1156 801 1357 850 συεῖναι
1415 794 1677 864 ταύταις,
1752 796 1828 856 ὼς
1886 793 1976 847 καὶ

322 888 657 965 ἀμφοτέραις
703 888 796 941 τὸν
856 885 1234 960 Παλαιολόγον
1298 886 1597 959 ἐνέχεσθαι,
1655 882 1844 939 εἴποι
1897 887 1978 954 τῷ

323 979 430 1049 νέῳ
487 972 861 1032 ἐπιϐουλεύοι.
910 975 939 1030 ύ
1002 978 1111 1047 μὴν
1191 972 1247 1028 δὲ
1324 973 1469 1029 ἀλλὰ
1540 973 1630 1027 καὶ
1698 967 1979 1047 ἀντιστρὸ-

325 1086 439 1139 φως
498 1064 676 1136 ἐζήτει
752 1066 852 1133 τήν
928 1064 1058 1138 ἀρὰν
1143 1064 1381 1127 τίθεσθαι
1450 1063 1540 1117 καὶ
1597 1062 1723 1123 τοὺς
1785 1060 1981 1135 ὅρκους

325 1156 587 1229 γίνεσθαι,
639 1151 693 1209 el’
732 1173 828 1209 ποι
883 1154 971 1209 καὶ
1022 1156 1049 1209 6
1111 1155 1223 1214 νέος
1275 1155 1391 1207 κατ’
1451 1153 1612 1207 αὐτοῦ
1680 1149 1981 1222 μελετήσας

328 1242 699 1317 διαπράεοιτο,
751 1244 824 1303 ὡς
872 1242 921 1314 ἐξ
981 1242 1217 1318 ἀνάγκης
1283 1248 1398 1304 τοῖς
1454 1241 1637 1302 αὐτοῖς
1685 1240 1979 1314 ἐνέχεσθαι.

331 1328 619 1408 Προϐαίνει
668 1337 856 1402 ταῦτα,
889 1332 978 1386 καὶ
1038 1338 1277 1406 γραφαῖσ
1330 1335 1380 1386 οἱ
1440 1332 1596 1405 ὅρκοι
1646 1328 1983 1403 κατοσφαλί-

332 1429 535 1491 ζονται,
578 1422 679 1477 Καὶ
728 1424 754 1475 ὁ
811 1422 1032 1497 γράφων
1084 1423 1109 1475 6
1156 1421 1229 1480 εἰς
1278 1426 1741 1493 πρωτασγ,κρῆτις
1786 1437 1983 1491 τεταγ-

332 1510 493 1581 μένος
526 1509 699 1569 Κακὸς
733 1508 818 1576 ἦν.

335 1684 402 1754 γ’.
484 1682 649 1756 Οπως
710 1675 943 1756 ,ὤμνυον
1009 1681 1122 1756 καὶ-
1180 1683 1257 1756 επ’
1330 1682 1657 1756 ἀμφοτέροις
1733 1679 1984 1742 δουλείας

516 1750 675 1825 ὅρκον
710 1750 993 1823 Ῥωμαῖοι,
1038 1752 1127 1806 καὶ
1175 1752 1226 1807 ἐν
1259 1750 1440 1814 ποίοις
1473 1750 1806 1829 διορισμοῖς.

410 1870 492 1937 [Ρ.
520 1868 612 1941 61]
643 1866 873 1923 Τάτεται
904 1866 961 1921 δὲ
991 1868 1079 1922 καὶ
1118 1868 1246 1929 τοὺς
1306 1868 1655 1939 ὁπουδήποτε
1704 1876 1803 1938 τῆς
1852 1871 1983 1923 Ῥω-

2080 622 2189 671 τῶν
2220 624 2388 673 ταῦτα
2418 620 2768 695 πραττόντων
2803 619 2838 689 ἢ
2865 620 2927 674 τὸ
2978 616 3285 693 ἐμφυλίους
3330 618 3617 689 πολέμους
3658 619 3741 688 τῷ

2081 713 2248 780 κοινῷ
2304 710 2581 785 προξενεῖν
2617 756 2630 780 ,
2695 708 2747 764 εἷ’
2798 729 2931 764 ποτε
2986 712 3148 763 τοῦτο
3207 702 3485 781 συμϐαίη.
3545 708 3741 778 Ὅμως

2084 794 2255 853 ἐδόκει
2302 802 2488 871 ταῦτα,
2538 801 2627 854 καὶ
2680 798 2757 861 εἷς
2784 794 2937 873 ἔργον
2963 799 3028 851 τά
3062 796 3442 873 βοαλεύομενα
3472 789 3741 870 προῦϐαι-

2086 908 2196 943 νον.
2262 892 2428 963 Χεῖρα
2472 890 2759 963 τοιγαροῦν
2820 886 3056 954 ἐτίθουν,
3113 885 3203 940 καὶ
3262 884 3351 940 ἐπὶ
3408 888 3515 939 τῶν
3572 883 3738 959 ἁγίων

2087 974 2430 1052 Εύαδγελίων
2474 974 2691 1050 ὤμνυον
2726 977 2759 1044 ἦ
2798 978 2904 1049 μὴν
2964 974 3054 1029 καὶ
3087 972 3418 1051 ἀμφοτέροίς
3464 971 3743 1028 δουλεύειν

2087 1064 2175 1118 καὶ
2199 1066 2345 1118 ταῦτ’
2378 1063 2615 1120 ἐκτελεῖν
2628 1108 2639 1121 .

2090 1170 2151 1229 δ’.
2186 1175 2379 1234 ’Όπως
2446 1172 2657 1247 ὣμνυεν
2698 1175 2755 1247 ,6
2792 1169 3214 1247 ,Παλαιολόγος
3294 1167 3380 1224 έπῖ
3448 1173 3526 1242 τῷ
3587 1166 3739 1224 παιδὶ

2622 1246 2711 1299 καὶ
2756 1246 2806 1298 0i
2863 1246 3204 1318 μεγιστᾶτες.

2160 1338 2295 1395 τὲως
2356 1331 2401 1387 δ’
2461 1338 2494 1403 ἠ
2558 1333 2718 1405 κυρία
2776 1339 2982 1406 παρῆν,
3040 1332 3163 1400 ἥτις
3222 1331 3312 1399 ἧν,
3371 1332 3446 1392 ὡς
3512 1330 3743 1405 ἐρῥήθη,

2090 1418 2569 1495 Ἑκατομϐαιῶνος
2624 1424 2915 1495 νοτμηνία.
2979 1420 3079 1475 Καὶ
3134 1424 3355 1496 πρῶτος
3413 1420 3573 1481 αὐτὰς
3609 1419 3747 1483 ὁείς

2097 1512 2371 1587 βασιλείαν
2427 1508 2901 1587 προϐιϐαζόμενος
2959 1506 3169 1583 ὤμνυεν
3216 1509 3348 1580 ὑπὲρ
3396 1511 3493 1563 τοῦ
3551 1504 3745 1569 παιδὸς

2091 1603 2156 1655 τὰ
2200 1601 2380 1655 εἱκότα
2437 1602 2526 1656 καὶ
2587 1599 2888 1673 Βασιλέως,
2946 1596 3096 1669 πλὴν
3155 1598 3261 1674 οὐχ
3309 1598 3383 1660 ὡς
3436 1596 3743 1653 δουλεύσων

2094 1689 2219 1745 ἀλλ’
2253 1692 2325 1751 ὡς
2368 1686 2793 1762 συμϐουλεύσων
2852 1688 3039 1760 ἐκείνῳ
3071 1688 3159 1743 καὶ
3222 1685 3393 1760 μηδὲν
3452 1685 3745 1756 ἀνήκεστον

2099 1779 2414 1851 μελετήσων
2444 1782 2559 1833 κατ’
2609 1773 2934 1849 ἐπιϐουλήν.
2995 1779 3235 1850 Ὢμνυον
3292 1774 3349 1831 δὲ
3379 1775 3470 1830 καὶ
3504 1776 3554 1830 οἱ
3589 1797 3749 1850 μεγι-

2097 1874 2281 1930 στᾶνες
2320 1914 2332 1938 ,
2389 1890 2478 1922 και
2533 1871 2606 1929 ὡς
2668 1866 3047 1929 δουλεύσοντες
3109 1865 3478 1945 ἀμφοτέροις,
3538 1866 3626 1920 καὶ
3672 1865 3748 1927 ὡς

410 1917 579 1937 ι--η
654 1917 871 1923 --ηνηυ
912 1917 1078 1922 ν--νη-
1131 1917 1245 1929 --η
1311 1917 1654 1939 *ηνννϊνσνν
1715 1917 1801 1938 --μ
1870 1917 1951 1923 -—
2101 1917 2279 1930 --ψη
2320 1917 2332 1938 ,
2391 1917 2477 1922 --—-
2537 1917 2605 1929 ην
2675 1917 3045 1929 "vv-"vn.
3112 1917 3186 1939 v.—
3238 1917 3478 1939 -v-r-~‘,

345 1953 537 2027 μαΐδος
568 1917 787 2028 όλμνύειν
848 1956 934 2011 ἐπ’
976 1957 1304 2034 ἀμφοτέροις
1350 1958 1509 2033 ὅρκον
1563 1957 1810 2019 δουλείας
1850 1917 2063 2013 κατὰΒ
2098 1960 2429 2030 ἀμυνοῦντεν
2488 1957 2702 2025 αὐτίκα,
2755 1954 2820 2026 ἤν
2880 1957 2984 2011 πού
3040 1977 3124 2018 τις
3156 1917 3463 2023 έὲουλεύοι,
3494 1960 3574 2026 τῷ
3626 1953 3750 2009 ἐπι-

338 2046 400 2097 τό
461 2044 709 2113 σῦνηθες’
763 2044 911 2114 πλην
970 2046 1318 2119 προσέκειντο
1384 2051 1500 2103 τοῖς
1560 2047 1989 2119 συντεθειμένοις

334 2134 416 2188 ἐπ’
446 2133 711 2213 ἀσφαλείᾳ
751 2136 837 2189 καὶ
890 2136 1212 2211 ἀμφοτέρων
1269 2137 1497 2209 μείζονι.
1530 2139 1568 2205 ἦ
1601 2139 1708 2209 μὴν
1758 2134 1983 2208 ἕτοιμον

334 2223 557 2278 εἶναιτὰ
592 2224 830 2294 ὑπήκοον
866 2224 947 2278 ἐπ’
993 2224 1198 2279 ἱκεῖνον
1246 2227 1418 2299 ὁρμᾷν
1463 2228 1683 2303 φονώσῃ
1726 2228 1895 2301 χειρὶ,
1930 2226 1987 2286 ὃς

332 2313 391 2368 ἂν
437 2308 818 2370 ἐπιϐουλεύσω
874 2310 1101 2387 θατέρῳ.
1146 2315 1531 2389 Ὠρκωμότουν
1572 2316 1673 2389 γὰρ
1709 2316 1849 2387 μετὰ
1877 2319 1985 2369 τῶν

330 2400 518 2459 ἄλλων
552 2403 641 2457 καὶ
672 2406 856 2471 τοῦτο,
883 2402 1019 2457 κατὰ
1049 2399 1240 2479 φόϐον,
1277 2405 1451 2476 οἶμαι,
1485 2405 1519 2471 ἢ
1554 2404 1739 2479 χρείαν
1785 2403 1979 2473 ἀληθι-

331 2623 489 2695 quod
522 2622 645 2678 ﬁeri
675 2621 1064 2695 Palaeologum
1100 2623 1423 2695 contigerat
1476 2622 1821 2695 participem
1872 2622 1980 2677 im-

332 2713 497 2785 perii,
529 2729 903 2785 nequaquam
937 2730 1065 2771 esse
1125 2714 1418 2771 nefarium
1479 2717 1534 2769 et
1592 2713 1727 2769 ﬁdei
1768 2713 1982 2784 jurataa

332 2801 689 2858 contrarium
724 2802 969 2870 facinus,
1004 2804 1103 2859 sed
1164 2803 1369 2859 utilem
1432 2802 1763 2876 reipublicae
1811 2801 1984 2857 colla-

333 2891 553 2947 tionem
613 2907 799 2963 operzs
854 2891 913 2946 in
964 2892 1184 2947 bonum
1218 2892 1469 2965 imperii,
1503 2896 1558 2949 et
1590 2891 1983 2948 conservatio-

338 2998 471 3038 nem
505 2982 871 3055 principatus
929 2984 980 3038 ei
1036 2985 1106 3038 ad
1168 3000 1340 3055 quem
1374 2984 1444 3040 de
1493 2985 1627 3055 jure
1659 2984 1981 3055 spectabat.

338 3072 466 3128 sine
497 3070 620 3127 ulla
648 3088 750 3143 spe
782 3072 1088 3143 potestatis
1120 3072 1293 3129 istius
1340 3074 1611 3146 precariae
1671 3073 1730 3128 in
1763 3071 1985 3145 prolem

337 3160 712 3218 successione
745 3162 1247 3218 transmittenda}:
1283 3180 1409 3235 quae
1444 3162 1718 3219 salutaris
1747 3166 1871 3217 tum
1906 3162 1986 3217 rei

2102 2042 2446 2100 ϐουλευθέντι
2484 2087 2495 2100 .
2556 2045 2659 2101 Καὶ
2729 2044 2871 2099 οὕτω
2930 2041 3292 2109 τελεσθέντων
3346 2048 3454 2098 τῶν
3521 2042 3697 2119 ὅρκων
3734 2084 3749 2113 ,

2102 2132 2287 2189 ἀσπίδι
2353 2134 2612 2208 βασιλικῇ
2672 2133 2900 2202 ένιζάνει
2933 2134 2959 2187 6
3001 2133 3075 2196 εἷς
3125 2135 3226 2202 τὴν
3271 2129 3551 2207 βασιλείαν
3602 2131 3752 2187 ἐτοι-

2100 2226 2426 2298 μαζόμενος,
2459 2229 2675 2299 πρῶτον
2707 2225 2785 2278 τὼ
2830 2222 2965 2279 πόδε
3014 2228 3131 2287 τοῖς
3182 2222 3495 2298 βασιλικοῖς
3538 2218 3752 2296 συμϐό-

2097 2314 2216 2377 λοις
2276 2314 2648 2389 έναρμοσθεῖς,
2697 2314 2787 2368 καὶ
2848 2316 3034 2389 χερσίν
3094 2311 3242 2376 ἔνθεν
3298 2313 3392 2386 μὲν
3448 2312 3751 2388 ἀρχιερέων

2092 2404 2231 2458 ἔνθεν
2269 2404 2326 2458 δὲ
2392 2403 2724 2480 μεγιστάνων
2799 2402 2980 2477 ἀρθεὶς
3054 2402 3430 2478 ἀνακτορικοῖς
3497 2403 3752 2465 παιάνοις

2094 2622 2441 2694 obligarent.
2465 2625 2573 2680 Sed
2608 2627 2676 2681 ad
2713 2626 2995 2696 majorem
3032 2627 3341 2699 utriusque
3373 2627 3753 2685 securitatem

2095 2717 2385 2768 consuetae
2416 2712 2628 2770 talium
2665 2715 2928 2772 formulas
2979 2716 3300 2788 adjungere
3350 2719 3493 2773 tunc
3537 2717 3755 2785 visum,

2097 2805 2207 2856 Deo
2240 2800 2512 2858 similiter
2540 2806 2689 2860 teste
2718 2804 3033 2871 firmatam,
3064 2804 3490 2877 professionem
3523 2810 3580 2863 et
3611 2824 3756 2879 pro-

2097 2891 2437 2947 missionem
2460 2894 2715 2949 universi
2733 2894 2961 2967 populi,
2985 2893 3139 2950 bello
3172 2898 3227 2950 et
3250 2894 3598 2967 inexpiabili
3624 2898 3758 2953 odio

2097 2981 2487 3051 persequendi
2519 2997 2654 3037 eum
2687 2998 2715 3038 e
2745 2984 2997 3050 duobus,
3032 2984 3199 3055 cujus
3233 2987 3432 3040 essent
3456 2989 3514 3041 et
3544 2985 3602 3041 in
3635 2986 3759 3042 col-

2097 3069 2236 3140 legae
2262 3069 2377 3125 vita
2398 3071 2483 3125 vel
2509 3072 2730 3127 nefaria
2752 3071 2838 3127 vis
2854 3071 2940 3127 vel
2958 3072 3186 3129 insidiae
3205 3071 3602 3145 deprehensae.
3630 3075 3757 3131 Tali

2098 3159 2558 3215 extraordinario
2587 3159 2987 3217 additamenta
3021 3160 3303 3234 p0pulare
3344 3163 3749 3234 juramentum

338 3252 609 3308 Romanas
663 3251 993 3323 cooperatio
1052 3256 1488 3326 peropportuna
1546 3256 1601 3308 et
1660 3251 1989 3308 necessaria
2019 3267 2062 3335 ρ
2098 3246 2465 3304 cumulatum
2500 3251 2656 3304 metu
2693 3250 2903 3321 magis,
2941 3254 3002 3305 ut
3035 3250 3286 3322 opinior,
3321 3251 3502 3307 nimio
3535 3251 3746 3323 procli-

326 3341 709 3411 judicabatur
739 3340 1043 3398 imbecillas
1078 3359 1141 3398 ac
1174 3342 1273 3397 tali
1309 3342 1523 3399 auxilio
1556 3342 1745 3414 egenti
1777 3340 1985 3414 pupilli

336 3430 619 3503 pueritiae.
653 3435 855 3503 Itaque
886 3430 1029 3487 nihil
1066 3431 1335 3488 obstante
1365 3432 1579 3505 prioris
1631 3431 1985 3488 sacramenti

335 3520 638 3593 religione,
670 3523 1307 3594 novumjuramentum
1342 3527 1532 3579 ratum
1565 3522 1990 3578 inviolabilem-

340 3624 452 3681 que
514 3610 853 3667 ﬁrmitatem
912 3610 1278 3682 habiturum,
1320 3612 1535 3685 quippe
1587 3628 1720 3668 cum
1781 3615 1991 3667 neutra

340 3701 646 3756 conventio
668 3700 993 3772 quidquam
1019 3702 1183 3757 alteri
1208 3704 1568 3759 contrarium
1591 3704 1825 3773 habeat,
1851 3719 1992 3773 quo-

343 3786 523 3843 minis
554 3788 739 3843 amba:
795 3789 985 3847 valere
1034 3792 1209 3847 simul
1256 3798 1540 3865 possunt;
1576 3795 1731 3849 unde
1778 3794 1896 3848 fore
1931 3795 1995 3847 ut

344 3876 574 3933 duobus
597 3877 871 3952 deinceps
895 3881 1135 3937 totidem
1168 3882 1449 3938 foederum
1474 3887 1840 3939 sacramento
1860 3899 1995 3937 san-

344 3966 593 4022 citorum
625 3968 876 4025 vinculis
911 3972 1264 4028 constrictus
1296 3972 1655 4045 Palaeologus
1676 3976 1996 4041 teneretur,

342 4058 397 4111 et
427 4056 478 4112 si
508 4055 661 4113 ullas
688 4076 946 4130 unquam
981 4060 1213 4133 collegae
1248 4079 1426 4134 puero
1448 4062 1697 4118 insidias
1719 4063 1995 4128 strueret,

339 4145 591 4217 duplicis
615 4149 855 4220 perjurii
888 4167 1022 4206 reus
1055 4151 1219 4207 foret.
1244 4154 1377 4218 Quae
1402 4152 1760 4224 Palaeologus
1783 4150 1998 4205 admit-

340 4238 472 4290 tens
504 4236 762 4292 vicissim
797 4238 964 4308 petiit
995 4240 1275 4296 devinciri
1312 4245 1517 4297 mutuo
1568 4257 1802 4313 quoque
1829 4240 1997 4310 jura-

340 4327 535 4379 mento
584 4327 655 4380 ad
688 4328 1063 4383 securitatem
1095 4347 1261 4386 suam
1288 4330 1787 4386 adolescentulum
1814 4330 1999 4400 impe-

340 4418 616 4483 ratorem,
644 4415 1024 4487 imprecando
1066 4423 1121 4472 et
1152 4421 1347 4491 ipsum
1381 4420 1495 4475 sibi
1554 4420 1712 4475 diras
1771 4424 1826 4475 et
1857 4437 2000 4474 ana-

340 4501 539 4557 thema
568 4503 772 4559 statim
805 4505 1221 4563 inevitabiliter
1271 4509 1692 4565 incurrendum
1720 4510 1768 4564 si
1826 4508 2002 4580 quid-

346 4611 524 4665 quam
549 4612 811 4666 unquam
837 4597 1116 4654 adversus
1140 4598 1528 4670 Palasologum
1562 4598 2004 4654 machinaretur

344 4689 445 4740 aut
475 4689 690 4758 ageret.
726 4687 855 4742 Haec
886 4686 969 4741 uti
1001 4693 1348 4743 convenerat
1395 4694 1823 4760 processerunt,
1855 4706 1995 4743 con-

345 4774 528 4848 ceptis
562 4776 840 4847 utrinque
863 4777 1220 4848 juramentis
1254 4782 1309 4834 et
1334 4780 1434 4834 96
1467 4796 1527 4835 re
1559 4784 1680 4835 tota
1706 4781 1763 4834 in
1800 4778 1993 4851 publi-

345 4881 442 4920 cas
474 4866 582 4920 rite
612 4865 843 4921 tabulas
864 4864 1047 4922 relata
1070 4867 1137 4921 ad
1164 4868 1507 4923 memoriam
1540 4868 1992 4939 firmitatemque

345 4953 802 5021 irrevocabilem,
832 4956 1125 5011 scribente
1170 4957 1282 5012 ista
1313 4961 1368 5012 et
1425 4958 1780 5013 authenticis
1838 4974 1993 5013 com-

344 5042 650 5098 mentariis
683 5045 999 5100 mandante
1024 5045 1171 5101 Malo
1195 5045 1314 5100 illo.
1338 5063 1513 5117 quem
1542 5047 1823 5114 diximus,
1844 5047 1993 5103 anti-

344 5134 521 5201 quato
554 5130 718 5202 prius
750 5138 807 5186 et
835 5134 962 5203 ejus
998 5152 1173 5190 causa
1207 5136 1461 5205 reposito
1487 5136 1658 5206 primi
1694 5153 1726 5190 a
1757 5136 1999 5193 secretis

344 5218 534 5275 ofﬁcio
567 5219 874 5276 donatum.

345 5335 398 5387 3.
420 5334 481 5390 Ut
509 5332 800 5414 ﬁde‘litotis
829 5337 1213 5414 juramentum
1240 5343 1462 5410 utrique
1490 5343 1733 5414 principi
1758 5343 1825 5397 de
1854 5359 1995 5400 novo

412 5405 901 5532 praestiterint”!
940 5408 1133 5477 quibus
1162 5412 1226 5464 de
1281 5405 1415 5467 nouo
1461 5405 1686 5469 additis.
1718 5418 1995 5471 cautioni-

454 5493 535 5532 us.

454 5493 535 5532 us.

418 5559 691 5615 Edictum
719 5576 952 5631 quoque
973 5572 1059 5616 est
1088 5568 1151 5617 ut
1170 5579 1271 5634 per
1292 5581 1494 5622 omnes
1519 5568 1779 5625 Romano
1814 5571 2000 5641 impe-

352 5649 437 5705 rio
470 5647 766 5716 subjectos
794 5650 1061 5721 regiones
1094 5669 1297 5709 omnes
1331 5656 1565 5726 utrique
1596 5659 1813 5727 pariter
1846 5660 2003 5731 prin-

352 5737 465 5809 cipi
491 5743 853 5794 sacramento
878 5738 1053 5796 ﬁdem
1072 5742 1536 5816 obsequiumque
1555 5764 1727 5802 suum
1748 5749 1817 5805 de
1840 5765 2001 5805 more

2095 3336 2181 3391 vis
2213 3336 2272 3391 in
2306 3338 2465 3409 regni
2497 3338 2772 3395 societate
2804 3339 3216 3411 dissensionis,
3246 3357 3423 3413 quam
3456 3340 3573 3397 ulla
3602 3340 3750 3397 satis

2099 3442 2307 3499 magna
2338 3426 2592 3484 utilitate
2614 3428 2855 3484 remedii
2891 3429 2960 3484 ad
2981 3431 3214 3484 tantum
3238 3429 3378 3486 mali
3412 3435 3757 3503 praeverten-

2100 3516 2239 3570 dum
2292 3516 2587 3588 ancipitis.
2623 3518 2769 3573 Nam
2826 3518 2873 3574 si
2910 3522 3065 3573 recte
3100 3517 3233 3590 quis
3290 3519 3561 3591 aestimet,
3594 3519 3757 3577 istud

2100 3604 2438 3677 profitentes
2474 3605 2609 3661 belli
2644 3608 2769 3677 jam
2792 3610 2916 3662 tum
2965 3606 3153 3663 civilis
3180 3612 3235 3663 et
3286 3608 3636 3665 internecini
3679 3610 3760 3668 si-

2101 3710 2281 3766 gnum
2314 3694 2619 3766 tollebant,
2645 3713 2712 3752 ex
2735 3712 2918 3767 prona
2940 3700 2996 3751 et
3016 3695 3112 3752 vix
3131 3697 3389 3753 cvitabili
3423 3698 3768 3770 suspicione

2104 3784 2273 3839 facile
2307 3799 2370 3840 ac
2395 3784 2508 3840 cito
2533 3784 2816 3840 exarsuri.
2839 3788 3125 3841 Cmterum
3156 3786 3553 3859 qualicunque
3577 3788 3775 3844 consi-

2102 3874 2201 3945 lio,
2237 3874 2349 3929 ista
2395 3874 2477 3929 sic
2526 3878 2667 3931 tunc
2714 3875 2942 3929 decreta
2981 3878 3037 3930 et
3079 3875 3438 3931 exsecutioni
3484 3877 3769 3934 mandata

2104 3967 2244 4019 sunt
2278 3963 2556 4019 Romanis
2590 3963 2811 4035 ubique
2854 3963 3073 4020 viritim
3136 3965 3430 4021 universis
3488 3965 3771 4038 imposita

2106 4052 2287 4108 sacris
2322 4052 2648 4125 Evangeliis
2668 4053 3228 4125 manu,jurantibus
3254 4070 3316 4110 se
3340 4059 3397 4111 et
3421 4055 3593 4111 fidem
3626 4057 3775 4112 utri-

2108 4159 2217 4214 que
2242 4142 3202 4215 principiconcorditerimperanti
3221 4142 3776 4218 subjectionemque

2108 4231 2492 4303 praestituros,
2516 4234 2572 4287 et
2602 4231 2650 4287 si
2685 4231 2815 4303 quis
2850 4232 3115 4303 ipsorum
3143 4234 3200 4288 in
3228 4232 3779 4308 alteruminsurge-

2109 4327 2214 4390 ret,
2248 4324 2543 4377 auctorem
2576 4320 2803 4391 injuria:
2838 4321 3091 4380 ulturos.

2110 4429 2161 4483 4.
2222 4430 2283 4485 Ut
2338 4430 2674 4500 Palaaologus
2704 4433 2758 4511 et
2788 4446 3037 4511 proceres
3069 4432 3391 4511 imperatori
3444 4448 3614 4505 puero
3663 4434 3774 4504 ju-

2636 4502 2931 4572 rejurando
2963 4502 3238 4557 caverint.

2183 4590 2429 4660 Jamque
2455 4590 2655 4645 aderat
2686 4590 3120 4661 inaugurationi
3172 4591 3463 4663 designati
3513 4593 3773 4665 Augusti

2115 4678 2271 4734 dicta
2300 4678 2584 4750 dies,quw
2616 4678 2823 4750 fuit,ut
2854 4680 3077 4736 dictum
3113 4684 3223 4752 est,
3256 4680 3520 4737 kalendae
3551 4683 3779 4740 Janua-

2106 4766 2223 4837 riaa,
2254 4768 2490 4839 quando
2523 4768 2573 4823 is
2634 4768 2733 4840 qui
2771 4768 2841 4823 ad
2877 4769 3189 4841 imperium
3235 4770 3775 4843 evehebaturjura-

2106 4861 2325 4925 menta,
2356 4857 2427 4912 de
2484 4858 2695 4927 quibus
2756 4863 3124 4925 convenerat,
3182 4859 3410 4929 primus
3469 4862 3773 4933 conceptis

2104 4944 2297 5000 verbis
2329 4944 2590 5016 protulit,
2627 4946 2802 5001 {idem
2835 4964 2933 5017 per
2964 4965 3031 5002 ca
3083 4947 3355 5020 obligans
3388 4966 3567 5021 puero
3602 4950 3773 5021 prin-

2106 5036 2217 5108 cipi
2251 5054 2365 5091 non
2401 5041 2465 5092 ut
2486 5036 2537 5092 ei
2565 5037 2841 5093 subditus
2867 5039 3127 5104 futurus,
3155 5041 3255 5094 sed
3284 5044 3347 5095 ut
3379 5040 3767 5099 consulturus

2110 5142 2173 5180 ac
2204 5129 2593 5196 suggesturus
2626 5130 2977 5197 opportuna,
3003 5127 3269 5199 nihilque
3302 5128 3359 5184 in
3393 5128 3589 5200 ipsum
3622 5129 3770 5185 insi-

2110 5215 2271 5271 diose
2304 5213 2637 5269 moliturus.
2666 5215 2957 5270 Jurarunt
2982 5219 3113 5287 post
3141 5216 3338 5288 ipsum
3365 5219 3679 5290 optimates
3706 5235 3771 5276 se

2109 5305 2344 5376 utrique
2375 5304 2643 5359 subditos
2691 5304 2944 5371 futuros,
2977 5311 3033 5361 et
3077 5306 3175 5360 97
3212 5307 3262 5362 si
3314 5309 3450 5380 quis
3504 5308 3771 5381 ipsorum

2111 5394 2489 5449 insidiaretur
2521 5394 2684 5449 alteri
2723 5396 2924 5449 statim
2983 5395 3264 5451 ultionem
3297 5397 3369 5453 de
3428 5397 3776 5456 insidiatore

2111 5487 2473 5554 sumpturos.
2510 5482 2603 5538 Sic
2636 5489 3047 5539 consummata
3081 5485 3562 5554 juramentorum
3596 5504 3773 5544 care-

2112 5572 2329 5641 monia,
2383 5570 2725 5643 designatus
2778 5572 3049 5643 princeps
3102 5577 3267 5628 scuto
3312 5574 3470 5645 regio
3530 5574 3773 5645 insedit,

2112 5666 2360 5733 utroque
2391 5661 2551 5732 prius
2584 5661 2728 5733 pede
2759 5661 3152 5733 imperatoriis
3174 5662 3512 5736 insignibus
3535 5669 3768 5737 ornato;

2113 5755 2169 5807 et
2200 5750 2471 5806 manibus
2494 5750 2627 5806 hinc
2644 5751 2880 5821 quidem
2902 5752 3234 5809 antistitum
3255 5752 3391 5809 inde
3409 5753 3766 5826 optimatum
