4090 6418
380 382 487 439 533

1451 387 1548 440 DE
1589 386 1959 441 MICHAELE
1999 386 2445 444 PALBOLOGO
2480 391 2614 444 LIB.
2659 392 2731 445 II.

3698 392 3811 448 534

378 510 472 565 καὶ
504 507 721 586 κρότοις
770 507 915 585 παρᾶ
955 508 1163 565 πάντων
1221 509 1586 586 ἐμεγαλύνετό
1644 530 1699 564 τε
1755 508 1844 565 καὶ
1904 509 2033 586 ἐφη·
2065 512 2118 580 Α
2149 510 2406 567 ἀπολύων
2438 511 2566 576 τοὺς
2600 511 2949 592 ὠφληκότας,
3001 513 3403 590 ἀπορουμένοις
3452 536 3510 572 τε
3551 514 3615 571 τά
3670 518 3811 592 πρός

383 599 597 672 μίζετο.

381 708 438 762 ε’.
490 706 686 765 "Ome:
737 709 765 762 ὁ
799 706 1180 785 [Ι-αλαιολόγος
1214 709 1479 785 καταστὰς
1531 707 1608 771 εἷς
1638 709 1735 778 τὴν
1770 706 2047 785 βασιλείαν

834 778 1211 854 ἐφιλοτιμεῖτο
1242 783 1308 835 τὰ
1343 778 1592 855 μὲγιστα.

457 870 542 942 [Ρ.
578 870 667 938 6'2]
700 869 777 925 Τὸ
811 865 856 923 δ’
885 868 1123 934 ἐντεῦθεν
1155 872 1205 924 οἱ
1243 870 1337 943 μὲν
1387 872 1487 939 τῆς
1536 868 1821 945 γερουσίας
1874 890 2043 947 προσ-

381 958 608 1027 ήκουσιν
667 957 943 1035 ὀφφικίοις
1013 958 1469 1033 ἐνεσεμνόνοντο,
1542 958 1631 1013 καὶ
1690 957 1886 1022 ἄλλοις
1948 961 2045 1032 μὲν

379 1044 529 1101 ἄΛλα
559 1046 624 1101 τὰ
658 1049 750 1120 μὲν
786 1045 1027 1103 ἐδίδοντο
1058 1049 1123 1103 τὰ
1152 1047 1195 1103 δ’
1233 1047 1282 1104 ἐν
1339 1049 1691 1124 ὑποσχέσεσιν
1740 1050 1896 1117 ἦσαν·
1947 1051 2041 1105 τὸν

382 1133 429 1190 δ’
479 1133 815 1214 αὐτάδελφον
870 1136 1146 1208 Ἰωάννην,
1202 1140 1370 1214 μέγαν
1422 1136 1740 1210 δομέστικον
1775 1136 1922 1206 ὄντα,
1971 1143 2039 1213 τῇ

374 1230 475 1280 τοῦ
545 1226 824 1300 Τορνικίου
883 1226 1288 1284 Κωνσταντίνου
1360 1229 1610 1302 θυγατέρι
1671 1227 1806 1302 πρὸς
1859 1228 2039 1301 γάμου

375 1314 663 1371 κοινωνίαν
699 1318 1032 1391 συνήρμοσε,
1080 1314 1175 1371 κᾶν
1228 1316 1279 1371 ἐν
1326 1311 1618 1378 ἀναϐολαῖς
1652 1316 1717 1385 ἦν
1767 1318 1827 1370 τὸ
1878 1318 2038 1389 ἀξίω-

382 1426 477 1477 μα.
556 1404 787 1482 Θάτερον
867 1404 923 1461 δὲ
995 1411 1101 1461 τῶν
1178 1404 1429 1480 ἀδελφῶν
1480 1412 1910 1475 Κωνσταντῖνον,
1960 1402 2037 1461 ἔτι

379 1491 581 1569 ἔχοντα
629 1493 681 1549 ἐν
727 1493 995 1567 ἰδιώταις,
1052 1498 1187 1550 κατὰ
1234 1497 1422 1571 καιρὸν
1482 1500 1645 1569 τιμᾷν
1700 1495 1856 1556 αὐτὸς
1900 1496 2036 1553 Καί-

379 1604 516 1658 σαρα
557 1585 1037 1660 προθυμούμενος,
1099 1587 1437 1660 συνήρμοττε
1481 1583 1536 1639 δὲ
1575 1586 1664 1639 καί
1722 1584 1866 1656 αὐτῷ
1897 1586 2032 1657 πρὸς

376 1672 556 1747 γάμον
608 1675 708 1742 τὴν
759 1678 853 1728 τοῦ
900 1678 1079 1747 Βρανᾶ
1126 1672 1293 1728 παῖδα
1343 1675 1531 1749 εὐγενῆ
1567 1673 1745 1742 οὖσαν,
1783 1672 1946 1750 σοφόν
1979 1695 2032 1729 τι

375 1767 551 1817 ποιῶν
607 1764 698 1818 καὶ
751 1763 879 1825 τοὺς
938 1763 989 1817 ἐν
1039 1761 1184 1818 τέλει
1232 1767 1349 1823 τοῖς
1403 1761 1592 1833 κήδεσι
1623 1765 2031 1839 προσποιούμε-

370 1872 487 1914 νος.
548 1854 645 1907 Καὶ
706 1852 831 1914 τοὺς
890 1853 984 1927 μὲν
1017 1858 1117 1922 τῆς
1150 1854 1438 1928 γερουσίας
1483 1853 1624 1907 οὕτω
1686 1849 2030 1927 μεγαλοπρε-
2061 1892 2109 1957 Β
2141 1872 2204 1941 ς’,

370 1945 492 2004 πῶς
520 1941 826 2019 ἐθεράπευε,
849 1942 1109 2017 προνοίας
1156 1941 1373 2004 τούτοις
1432 1941 1671 2014 ἐπαύξων
1722 1943 1809 1996 καὶ
1858 1963 2030 2017 προσ-

368 2030 541 2095 τιθεὶς
604 2029 695 2086 καὶ
766 2031 977 2106 χαίρειν
1031 2030 1209 2109 ἀφιεὶς
1266 2036 1382 2092 τοῖς
1438 2036 1589 2102 πᾶσι,
1651 2036 1757 2085 τῶν
1817 2031 2027 2105 ἀγαθῶν

368 2121 436 2174 τὰ
490 2121 583 2194 μὲν
632 2116 996 2194 λαμϐάνουσι,
1044 2120 1111 2175 τὰ
1160 2118 1206 2175 δ’
1236 2119 1546 2189 ἐλπίζουσι·
1583 2118 1643 2175 τό
1676 2117 1732 2174 δὲ
1764 2141 2033 2195 στρατιω-

368 2209 525 2265 τικόν
554 2230 613 2264 τε
642 2211 731 2264 καὶ
763 2211 863 2279 τὴν
887 2207 1127 2280 πληθὺν,
1178 2209 1305 2271 τοὺς
1358 2211 1451 2282 μὲν
1497 2213 1891 2284 καθημεριναῖς
1944 2231 2033 2286 φι-

365 2299 653 2372 λοτιμίαις
684 2298 924 2375 ὤφελλε,
955 2300 1044 2354 καί
1077 2295 1524 2375 χρυσοϐούλλοις
1554 2300 1622 2355 τὰ
1671 2300 1881 2375 ὑπεσχη
1897 2300 2032 2371 μένα

359 2388 585 2453 τούτοις
614 2387 882 2462 ἐπλήρου,
932 2389 1020 2443 καὶ
1070 2390 1205 2463 πρὸς
1251 2389 1313 2443 τὸ
1363 2386 1569 2462 μέλλον
1627 2388 2027 2465 εὐθυμοτέρους

361 2477 599 2533 καθίστα
638 2476 713 2540 ὡς
769 2476 1065 2538 ἀθανᾶτους
1124 2477 1220 2538 τὰς
1276 2484 1376 2545 τῆς
1431 2482 1577 2546 ζωῆς
1633 2478 1895 2552 προνοίας
1937 2479 2024 2532 καὶ

362 2566 434 2621 τὰ
489 2562 746 2639 διδόμενα
796 2567 1079 2643 σινηρέσεα
1124 2571 1241 2627 τοῖς
1288 2567 1472 2621 παισὶν
1524 2565 1762 2637 ἕξοντας,
1802 2566 1928 2628 τοὺς
1982 2564 2029 2620 δ’

368 2652 728 2729 ἐθεράπευεν,
780 2655 1031 2730 ἀνοιγνὺς
1082 2654 1325 2731 φυλακὰς
1375 2658 1461 2710 καὶ
1516 2660 1692 2730 χρεῶν
1745 2653 2025 2728 δημοσίων

363 2868 660 2938 sublatus,
687 2867 1211 2925 acclamationibus
1236 2873 1292 2925 et
1324 2870 1557 2941 plausu,
1591 2870 1807 2942 quibus
1838 2871 2022 2942 excipi

366 2958 504 3016 novi
535 2958 922 3031 imperatores
954 2958 1163 3029 solent,
1198 2960 1268 3015 ab
1302 2959 1593 3016 universis
1642 2960 1934 3017 salutatus
1966 2964 2022 3016 et

359 3051 668 3121 Augustus
700 3048 1035 3105 declaratus
1069 3052 1176 3104 est.

356 3158 413 3211 5.
454 3157 516 3213 ω
545 3155 888 3225 ΡαιιΈοιοριιις
919 3163 1128 3212 erectus
1160 3159 1217 3212 in
1250 3158 1549 3228 imperium
1594 3160 1755 3229 regia
1813 3161 2016 3215 libera-

790 3229 948 3283 litate
977 3232 1196 3285 cunctos
1226 3229 1581 3287 demeruerit.

435 3318 578 3373 Inde
612 3320 916 3373 senatores
948 3318 1188 3389 quidem
1212 3318 1421 3376 ofﬁciis
1443 3337 1547 3392 pro
1572 3322 1861 3394 cujusque
1887 3337 2011 3376 me-

355 3405 490 3463 ritis
509 3406 971 3474 honorabantur,
1003 3410 1060 3462 et
1099 3406 1229 3463 aliis
1300 3407 1412 3463 alia
1456 3410 1668 3481 partim
1711 3410 2012 3466 donaban-

353 3495 701 3568 tur,partim
735 3495 1247 3568 promittebantur.
1286 3498 1548 3554 Fratrem
1572 3515 1704 3555 vero
1725 3500 2012 3555 Joannem

352 3589 484 3640 tum
519 3584 710 3641 adhuc
756 3600 1037 3656 magnum
1092 3586 1480 3642 domesticum
1526 3588 2013 3645 sebastocratoris

356 3689 567 3729 ornare
591 3674 876 3746 dignitate
904 3691 1145 3746 aequum
1181 3676 1436 3746 censuit,
1471 3680 1529 3733 et
1561 3677 1611 3732 ei
1640 3677 2012 3734 Constantini

351 3763 613 3820 Tornicii
648 3762 825 3819 ﬁliam
857 3764 1235 3821 matrimonio
1271 3765 1591 3836 conjunxit,
1653 3767 2009 3823 destinatam

353 3852 707 3925 dignitatem
740 3853 797 3908 in
827 3855 1064 3925 tempus
1094 3852 1251 3909 aliud
1286 3854 1847 3913 difi‘erens.Alterum
1876 3872 2011 3913 vero

354 3944 607 3999 fratrum
628 3942 1086 4000 Constantinum
1100 3942 1157 3997 in
1174 3943 1550 4015 privatatunc
1568 3946 1803 4016 quidem
1818 3945 2011 4002 adhuc

352 4033 597 4105 reliquit
618 4035 796 4103 sorte,
830 4048 937 4087 suo
966 4036 1228 4104 tempore
1250 4050 1445 4089 creare
1476 4033 1673 4105 ipsum
1725 4037 2009 4091 Caesarem

352 4122 666 4180 habensin
722 4121 940 4176 animo.
1000 4122 1169 4177 Dedit
1224 4126 1420 4178 autem
1478 4128 1536 4178 et
1588 4122 1727 4179 huic
1768 4139 2009 4180 uxorem

352 4214 561 4268 Branze
598 4210 778 4266 ﬁliam
813 4227 954 4266 sane
1000 4212 1400 4283 przenobilcm,
1451 4213 1703 4286 sapienti
1764 4214 2008 4270 consilio

352 4300 747 4359 alﬁnitatibus
776 4301 1056 4371 patricios
1085 4300 1195 4356 sibi
1222 4303 1578 4359 devinciens.
1612 4307 1677 4359 Et
1708 4308 2008 4360 senatores

353 4392 599 4464 quidem
631 4390 690 4445 in
723 4390 881 4446 hunc
912 4392 1153 4446 modum
1180 4392 1492 4464 magniﬁco
1524 4394 1834 4460 demeruit,
1867 4411 2008 4465 pen-

353 4482 555 4538 siones
586 4480 659 4536 iis
682 4480 1004 4551 adaugens,
1038 4484 1094 4535 et
1127 4481 1300 4537 donis
1345 4482 1741 4554 superadditis
1800 4500 2009 4538 cumu-

351 4568 860 4640 lans,eunctisque
891 4570 1187 4641 gaudendi
1222 4572 1528 4626 materiam
1553 4573 1801 4629 offerens
1824 4572 2008 4628 hono-

2157 602 2300 670 ζωῆθ
2354 599 2536 665 διδοὺς
2592 603 2967 681 ἀφθονώτερα,
3017 605 3107 659 καί
3158 625 3221 679 γε
3279 609 3396 668 τοῖς
3450 601 3816 679 ἠδικημένοις

2153 689 2373 763 ἀμύνων
2403 692 2492 746 καὶ
2524 691 2945 770 φιλοτιμότερον
2979 691 3237 768 προχέων
3269 693 3331 749 τὸ
3381 691 3629 769 δαψιλὲς,
3682 691 3813 750 ὥστ’

2154 780 2284 834 εἶναι
2362 780 2474 854 ἅμα
2533 782 2628 853 μὲν
2684 782 2986 857 ἀνενεγκεῖν
3045 784 3169 856 περί
3228 780 3326 838 τοό
3379 804 3501 838 τινα
3551 783 3642 837 καὶ
3697 783 3812 857 ἅμα

2150 865 2465 943 προϐαίνειν
2541 871 2771 945 γράμμα
2851 869 3135 946 βασιλικὸν
3208 873 3550 945 προσ-πάσσον
3620 872 3811 946 ἐκείνῳ

2149 959 2209 1013 τὸ
2265 961 2401 1014 κατά
2453 958 2739 1035 βούλησιν,
2791 960 2837 1014 εἷ
2885 959 2973 1015 καὶ
3006 958 3124 1015 δυσὶ
3159 961 3381 1036 χρόνοις
3437 960 3657 1037 ὕστερον
3711 961 3809 1015 ἀν-

2151 1043 2422 1121 ελάμϐανε
2464 1048 2530 1105 τὰ
2575 1048 3032 1125 προπεταγμὲνα.
3087 1050 3195 1107 Κᾶν
3246 1051 3353 1105 πού
3383 1072 3465 1114 τις
3499 1050 3581 1130 ἐφ’
3611 1052 3693 1113 οἷς
3729 1050 3806 1105 εἶ-

2149 1158 2243 1212 χεν
2277 1136 2622 1214 όχλοόμενος
2654 1140 2713 1193 τὸ
2763 1138 2995 1213 γράμμα
3042 1146 3141 1208 τῆς
3193 1140 3423 1213 χάριτος
3469 1135 3813 1215 προῦτεινεν,

2150 1228 2301 1291 εὐθὺς
2361 1231 2518 1304 φανὲν
2574 1227 2819 1302 δευτέρας
2874 1225 3209 1291 ἷνδικτιῶνος
3259 1229 3338 1301 δν,
3370 1229 3467 1297 τὴν
3498 1225 3647 1285 δόσιν
3704 1230 3809 1286 ἀπ-

2149 1317 2464 1391 εψηφίζετο,
2525 1319 2597 1381 ὡς
2646 1317 2696 1372 ἐν
2750 1322 2924 1392 καιρῷ
2973 1315 3141 1390 μηδὲν
3189 1312 3465 1393 ἀκριϐείας
3515 1318 3604 1373 καὶ
3636 1338 3809 1391 προσ-

2148 1413 2292 1481 οχῆς
2328 1404 2455 1480 ἔχον
2488 1408 2547 1460 τὸ
2603 1408 2847 1481 γεγονός,
2899 1406 3038 1463 Τότε
3069 1405 3125 1461 δὲ
3155 1405 3243 1461 καί
3299 1403 3467 1463 πόλλ’
3520 1404 3651 1462 ἅττα
3707 1408 3804 1461 τοῦ

2144 1501 2330 1549 κοινοῦ
2387 1494 2638 1567 ταμιείου
2673 1495 2933 1573 ἐξεφόρει,
2965 1496 3053 1549 καὶ
3089 1493 3431 1569 δημηγορῶν
3473 1499 3591 1558 τοῖς
3635 1516 3815 1550 συνει-

2147 1582 2438 1658 λεγμένοις
2470 1585 2606 1659 πρὸς
2648 1585 2808 1658 χάριν
2856 1583 3087 1653 ἅπασαν,
3142 1584 3232 1639 εἶτ’
3286 1583 3618 1661 ἀμφοτέραις
3668 1583 3814 1639 ἐκεί-

2142 1694 2256 1735 νοις
2286 1672 2531 1743 ἐξήντλει
2563 1676 2630 1728 τὰ
2682 1675 2965 1748 χρήματα,
3020 1670 3196 1747 χύδην
3249 1671 3515 1748 ἐκρίπτων
3565 1670 3800 1742 κυνηδὸν

2142 1761 2522 1836 συλλέγουσιν·

2259 1872 2441 1932 Ὃπως
2516 1872 2612 1933 τὰς
2670 1869 2735 1926 ἄκ
2774 1891 2833 1933 ας
2901 1870 3022 1945 ὠχύ
3063 1892 3124 1924 ου
3185 1871 3273 1923 καὶ
3334 1871 3505 1943 μήπω
3564 1869 3807 1947 στεφοεὶς

2738 1890 2767 1996 δ
2798 1891 3210 1999 Παλαιοῖόγος.

2852 1963 3210 2017 αΛαιοΑογος.

2216 2034 2301 2105 [Ρ.
2334 2035 2424 2105 63]
2471 2034 2570 2089 Ἤν
2619 2036 2808 2104 ταῦτα,
2850 2032 3100 2093 κάκεῖνος
3155 2034 3248 2103 μὲν
3295 2033 3641 2106 καταχυροῦν
3698 2032 3795 2093 τὰς

2144 2118 2307 2196 ἄκρας
2341 2120 2621 2197 προῦργου
2653 2120 3002 2193 ποιούμενος,
3053 2119 3164 2194 ἅμα
3210 2118 3267 2175 δὶ
3312 2120 3402 2176 καὶ
3455 2113 3795 2190 δἠλοποιοό-

2147 2232 2304 2282 μενος
2347 2210 2494 2282 αὐτῷ
2544 2212 2827 2287 προσώπῳ
2878 2213 2977 2279 τὴν
3018 2217 3118 2280 τῆς
3153 2207 3431 2286 βασιλείας
3476 2207 3794 2285 ἀνάρρησιν,

2142 2300 2228 2354 ἐπὶ
2280 2298 2682 2378 Φιλαδελφείας
2734 2297 2875 2374 ἔγνω
2935 2304 3165 2375 χωρεῖν,
3221 2298 3396 2354 λιπὼν
3445 2298 3539 2353 τὸν
3589 2299 3707 2351 νέον
3742 2296 3793 2353 ἐν

2141 2389 2453 2465 Μαγνησίᾳ,
2543 2387 2881 2462 βασιλικῶς,
2966 2390 3040 2451 ὡς
3123 2382 3253 2457 ἔδει,
3341 2387 3794 2463 θεραπευόμενον.

2144 2479 2431 2532 Συνείπετο
2486 2474 2541 2532 δέ
2591 2479 2642 2531 οἱ
2691 2478 2778 2531 καὶ
2828 2479 2964 2532 ἅπαν
2991 2478 3053 2531 τὸ
3086 2476 3476 2553 στρατιωτικὸν
3523 2475 3798 2552 προασπί-

2142 2572 2232 2634 ζον
2314 2570 2409 2621 τοῦ
2470 2566 2738 2641 βασιλέως
2819 2568 2935 2638 μεθ’
2992 2565 3075 2620 ὅτι
3127 2563 3389 2636 πλείστης
3443 2562 3651 2626 εὐνοίας
3706 2563 3795 2618 καὶ

2138 2658 2273 2731 πρὸς
2331 2658 2392 2710 τὸ
2423 2661 2602 2710 πονεῖν
2638 2656 2817 2730 ὁρμῆς
2864 2657 3106 2727 ἑτοῖμον,
3163 2654 3300 2709 ὅπου
3357 2675 3417 2729 γε
3445 2653 3533 2709 καὶ
3566 2655 3683 2708 καθ’
3714 2655 3790 2709 ὢν

2134 2870 2424 2943 condigne
2456 2869 2746 2943 supplicio
2782 2869 3142 2926 multatis.Et
3172 2870 3362 2926 inerat
3392 2869 3581 2925 multa
3598 2886 3785 2943 popu-

2134 2960 2335 3016 laritas
2368 2963 2425 3017 in
2462 2961 2636 3016 modo
2663 2960 2783 3015 haec
2808 2960 3039 3032 agendi,
3075 2959 3353 3015 facilitate
3381 2961 3438 3015 et
3481 2959 3782 3016 amabilis-

2133 3050 2654 3123 simabenignitate
2676 3049 2979 3121 largientis
3011 3050 3164 3105 dona
3194 3065 3297 3122 per
3319 3066 3381 3106 se
3413 3053 3577 3122 grata
3593 3049 3780 3105 multo

2130 3141 2407 3195 reddente
2438 3140 2713 3211 gratiora.
2748 3140 2972 3212 Quippe
3004 3156 3119 3195 non
3152 3156 3280 3195 raro
3315 3139 3510 3194 statim
3544 3156 3611 3195 ac
3640 3140 3772 3210 quis

2046 3258 2088 3327 α
2128 3229 2198 3331 de
2229 3245 2337 3330 sua
2364 3229 2642 3331 quapiam
2659 3228 3004 3331 necessitate
3030 3227 3310 3329 retulerat
3330 3228 3402 3331 ad
3428 3226 3777 3331 principem,

2126 3319 2174 3374 is
2210 3319 2337 3374 sine
2370 3335 2533 3373 mora
2554 3318 2813 3390 diploma
2844 3317 3072 3390 regium
3106 3316 3216 3389 ipsi
3247 3317 3403 3389 quod
3436 3315 3779 3388 postulabat

2123 3424 2393 3464 asserens
2416 3408 2474 3463 in
2507 3424 2749 3462 manum
2775 3406 3131 3474 dabat,unde
3159 3407 3208 3461 is
3234 3405 3402 3461 laetus
3435 3405 3771 3477 ahibat,etsi

2123 3513 2549 3569 nonnunquam
2574 3514 2688 3553 non
2715 3496 2829 3552 nisi
2854 3500 2988 3568 post
3008 3495 3315 3551 biennium
3340 3493 3542 3567 pensio
3570 3511 3777 3550 nume-

2123 3588 2308 3642 randa
2340 3584 2992 3658 prescriberetur.Quod
3026 3584 3298 3657 siquem,
3331 3584 3433 3639 ubi
3482 3583 3772 3657 scriptum

2121 3678 2363 3747 legerat,
2396 3677 2633 3731 taederet
2664 3691 2839 3731 morm
2862 3676 3217 3746 referretque
3264 3672 3521 3747 diploma
3554 3676 3610 3729 et
3640 3689 3773 3746 gra-

2121 3765 2259 3819 tiam
2285 3765 2692 3837 repraesentari
2725 3764 3292 3837 posceret,plaeidus
3324 3761 3421 3818 ille
3488 3780 3553 3819 ac
3611 3763 3771 3819 reni-

2121 3856 2264 3909 dens
2297 3855 2749 3927 recoguoscebat
2781 3854 3092 3926 scriptum,
3125 3857 3182 3909 et
3213 3852 3313 3908 ubi
3370 3870 3569 3910 revera
3624 3851 3772 3909 dila-

2118 3948 2243 3999 tum
2276 3943 2334 3998 in
2367 3945 2684 3999 secundam
2717 3943 3097 3999 indictionem
3129 3943 3349 3998 donum
3391 3942 3647 4011 videbat,
3680 3942 3773 3997 ul-

2119 4036 2208 4089 tro
2240 4033 2561 4088 damnabat
2594 4032 2948 4105 scripturam
2982 4032 3150 4104 quasi
3182 4050 3216 4088 a
3274 4048 3485 4104 parum
3543 4034 3767 4088 attento

2120 4122 2475 4193 minimeque
2498 4124 2768 4177 assecuto
2801 4124 3057 4176 mentem
3089 4137 3259 4177 suam
3283 4119 3527 4176 librario
3550 4121 3770 4176 forma-

2118 4216 2260 4283 tam,
2288 4212 2651 4284 jubebatque
2682 4210 2914 4283 corrigi.
2949 4209 3049 4266 His
3081 4213 3138 4266 et
3169 4209 3466 4267 similibus
3522 4210 3595 4265 de
3633 4226 3771 4264 cau-

2117 4303 2199 4358 sis
2232 4301 2881 4374 profundebatlargiter
2909 4300 3113 4357 aerario
3146 4299 3310 4373 prius
3358 4298 3515 4373 regio
3562 4299 3768 4355 condi—

2118 4395 2206 4447 tas
2239 4410 2397 4464 opes.
2423 4393 2490 4448 Et
2514 4392 2587 4448 ab
2618 4392 2957 4447 concionem
2991 4391 3211 4463 passim
3262 4389 3510 4461 loquens
3569 4389 3770 4445 omnia

2118 4482 2187 4536 ad
2237 4481 2576 4553 popularem
2638 4481 2888 4553 gratiam
2933 4478 3278 4552 composita,
3335 4482 3586 4551 utraque
3636 4495 3770 4536 mox

2118 4587 2299 4625 manu
2333 4570 2639 4626 hauriebat
2668 4574 2724 4627 et
2756 4569 2989 4642 publico
3028 4569 3307 4625 thesauro
3338 4568 3453 4625 vim
3509 4569 3766 4641 pecuniae

352 4677 487 4716 rum
519 4661 607 4717 vel
641 4658 989 4717 collatorum
1016 4661 1291 4733 praesenti
1324 4663 1518 4718 fructu
1548 4663 1637 4719 vel
1669 4669 1827 4721 certa
1881 4683 2008 4737 pro-
2042 4642 2085 4708 D
2118 4661 2439 4731 ingentem,
2482 4660 2835 4716 effusissime
2884 4659 3199 4732 projicieas
3257 4675 3383 4731 quae
3426 4658 3766 4716 avidissime

353 4750 699 4806 mitssorum
730 4752 1180 4821 exspectatione.
1212 4752 1338 4806 Jam
1356 4752 1675 4808 exercitum
1694 4771 1758 4809 ac
1774 4755 2002 4826 plebem

346 4840 509 4895 varie
541 4838 813 4895 delinivit
844 4856 858 4894 :
895 4856 1029 4895 nam
1064 4844 1122 4896 et
1153 4839 1465 4915 plerosque
1497 4842 1857 4912 quotidianis
1898 4844 2004 4899 do-

350 4929 572 4986 nativis
597 4929 750 5000 juvit
779 4932 835 4983 et
866 4929 1081 5001 quibus
1110 4946 1211 5001 per
1235 4929 1558 5002 diplomata
1585 4931 1767 4987 bullis
1810 4933 2004 4989 aureis

349 5019 586 5075 munita
600 5017 958 5090 promissum
976 5018 1195 5091 aliquid
1218 5020 1563 5089 fuerat,cum
1586 5018 1700 5075 ﬁde
1717 5036 2004 5093 reprazsen

346 5105 611 5175 tavit,sic
643 5106 775 5161 illos
801 5107 858 5161 in
888 5106 1149 5162 futurum
1185 5123 1423 5165 securos
1449 5113 1505 5164 et
1538 5110 1681 5164 bene
1712 5110 2005 5166 animatos

346 5195 979 5267 efficiens,utpotejam
1014 5202 1203 5253 certos
1235 5215 1585 5269 processura
1607 5198 1753 5271 ipsis
1778 5204 1834 5255 et
1857 5200 2004 5256 libe-

348 5286 433 5341 ris
451 5285 717 5339 eorumin
736 5300 910 5340 omne
926 5290 1161 5357 tempus
1176 5288 1245 5342 ad
1261 5287 1480 5343 victum
1498 5288 1727 5343 decreta
1742 5288 2008 5345 subsidia

348 5380 405 5431 et
436 5374 538 5429 98
598 5374 875 5430 frumenti
903 5377 1179 5431 demensa
1213 5377 1549 5433 constituta.
1584 5377 1815 5433 Plebem
1873 5396 2006 5435 vero

351 5463 645 5537 praecipue
675 5463 958 5520 demulsit
990 5466 1321 5537 aperiendis
1353 5466 1659 5533 custodiis,
1702 5472 1757 5523 et
1788 5467 1862 5522 iis
1908 5469 2008 5540 qui

351 5554 494 5609 ﬁsco
536 5552 675 5623 quid
727 5552 999 5608 deberent
1058 5570 1162 5609 nec
1193 5554 1466 5610 solvendo
1533 5560 1745 5623 essent,
1804 5556 2007 5613 liberis

350 5642 1359 5715 dimittendis,przeterealargiendo
1378 5644 2003 5716 liberaliteralimenta,

352 5736 409 5787 et
444 5748 648 5804 passos
680 5731 955 5802 injuriam
990 5733 1367 5800 consolando,
1390 5734 1757 5790 vexatoribus
1803 5753 2004 5792 eorum

2116 4750 2565 4821 colligebantur.

2111 4905 2167 4957 6.
2205 4904 2265 4959 Ut
2297 4919 2445 4957 arces
2475 4903 2744 4957 munierit
2790 4903 3034 4959 nondum
3062 4906 3357 4959 coronatus
3386 4902 3758 4976 Palaeologus.

2187 5022 2315 5075 Haec
2344 5019 2581 5091 quidem
2616 5018 2699 5074 sic
2727 5034 2789 5073 se
2818 5019 3430 5074 habebant.Caaterum
3462 5016 3560 5075 ille
3614 5038 3760 5093 ope-

2116 5126 2187 5164 rae
2216 5108 2473 5180 pretium
2506 5125 2567 5163 se
2599 5108 2890 5163 facturum
2924 5111 3110 5179 ratus,
3144 5109 3194 5163 si
3252 5124 3415 5165 arces
3477 5109 3759 5179 muniret,

2116 5198 2295 5254 simul
2327 5201 2383 5253 et
2413 5196 2683 5270 praesenti
2711 5202 3032 5269 conspectu
3084 5197 3456 5254 exhibiturus
3499 5199 3762 5272 populis,

2117 5288 2216 5357 qui
2247 5288 2375 5359 ejus
2407 5285 2815 5343 acclamationi
2848 5301 2963 5340 non
3021 5285 3429 5355 interfuerant,
3463 5288 3761 5360 specimen

2117 5376 2227 5431 sibi
2261 5377 2491 5432 creditze
2525 5391 2812 5445 supremae
2834 5373 3632 5447 potestatis,Philadelphiam
3666 5379 3765 5435 de-

2117 5465 2301 5521 crevit
2329 5464 2646 5537 proﬁcisci,
2695 5463 2892 5520 relicto
2946 5481 3126 5537 puero
3177 5465 3403 5538 collega
3447 5466 3757 5540 Magnesiae

2118 5572 2251 5609 cum
2284 5554 2460 5626 regio,
2495 5554 2575 5610 uti
2612 5571 2717 5627 par
2767 5558 2913 5623 erat,
2964 5552 3258 5610 satellitio.
3318 5557 3566 5613 Secutus
3626 5575 3760 5616 eum

2117 5649 2205 5701 est
2237 5644 2546 5700 universus
2577 5645 2863 5701 exercitus
2897 5644 3761 5717 circumdansprincipemcum

2117 5735 2387 5790 omnibus
2419 5739 2475 5790 et
2506 5736 2655 5790 veris
2686 5735 3030 5791 indiciis!!!)
3047 5733 3462 5790 benevolentia
3486 5751 3761 5805 summae,
