4090 6448
270 349 382 405 535

1588 341 1898 399 GEORGII
1942 340 2410 399 PACHYMERE

3608 336 3715 391 536

268 469 373 540 'ioi,
432 466 730 542 προθύμως
780 465 1267 541 πολεμησείοντες.
1324 464 1426 519 Τὸν
1476 463 1661 536 μέντοι
1710 482 1773 536 γε
1828 480 1929 514 πα·
1960 462 2121 533 Ατῷ
2150 462 2433 538 ἀγνοοῦντι
2478 465 2567 519 τὸν
2626 463 3043 538 βασιλεύσαντα,
3090 460 3216 517 ἀλλ’
3266 458 3317 522 ἐς
3357 462 3424 515 τὰ
3474 459 3718 532 μάλιστα

277 558 551 633 τριάρχην
585 556 661 619 εἷς
711 557 943 613 Νίκαιαν
990 555 1326 628 ἀποπέμπει,
1378 556 1495 627 μετ’
1546 553 1735 626 ὀλίγον
1783 570 1947 605 κατα-

268 642 473 703 νλαϐεῖν
533 647 625 701 καὶ
688 645 850 707 αὐτὸς
910 643 1348 719 ὑπισχνούμενος
1409 642 1621 715 σύναμα
1670 645 1750 712 τῷ
1791 642 1896 711 νέῳ
1930 682 1947 710 ,

282 734 781 808 ταινιωθησόμενοι
808 734 899 789 καὶ
950 733 1271 811 ἀμφότεροι.
1303 733 1365 788 Ὀ
1430 731 1523 805 μὶν
1559 729 1648 785 οὖν
1681 728 1950 804 πατριάρ-

287 846 399 902 χης
447 825 660 897 σύναμα
700 827 782 895 τῷ
828 821 1023 898 κλήρῳ
1068 822 1159 876 καὶ
1206 827 1322 884 τοῖς
1372 821 1705 896 ἀρχιερεῦσι,
1759 838 1948 873 συντα-

289 917 511 989 ξαμενοι
561 914 629 968 τὰ
677 910 859 967 εἶκότα
900 917 1018 975 τοῖς
1070 908 1376 987 βασιλεῦσι,
1424 917 1523 979 τῆς
1584 907 1671 964 ἐπὶ
1721 906 1948 965 Νίκαιαν

268 994 553 1073 γῆπτοντο·
616 1002 644 1056 ὁ
703 998 759 1056 δέ
812 1022 872 1075 γε
923 999 1177 1076 βασιλεὺς
1205 999 1299 1061 τὰς
1349 997 1605 1072 δυνάμεις
1665 991 1953 1052 ἀναλαϐὼν

290 1092 381 1148 καὶ
430 1090 683 1161 συντάξας
733 1088 945 1162 συνάμα
992 1090 1079 1143 καὶ
1130 1092 1249 1152 τοῖς
1280 1088 1330 1143 ἐν
1362 1086 1508 1143 τέλει
1558 1086 1644 1142 ἐπὶ
1678 1082 1953 1141 Φιλαδέλ-

292 1201 443 1261 φειαν
488 1176 719 1248 ἤλαυνε,
764 1178 854 1233 καὶ
900 1176 967 1247 δὴ
1021 1178 1243 1240 ἐπιστάς
1293 1181 1362 1251 τῇ
1412 1174 1571 1231 πόλει
1604 1175 1801 1231 ἐκεῖθεν
1858 1175 1953 1236 τὰς

291 1271 457 1345 ἄκρας
500 1267 748 1344 ὠχύρου,
796 1266 924 1329 τοὺς
976 1267 1074 1341 μὶν
1122 1268 1380 1340 πέμπων,
1432 1264 1637 1327 ἄλλους
1679 1262 1724 1319 δ’
1757 1265 1957 1328 ἐκεῖθεν

292 1357 596 1433 δεχόμενος
654 1355 938 1417 κατιόντας
988 1356 1078 1410 καὶ
1131 1354 1329 1430 δώροις
1381 1355 1455 1417 ὡς
1490 1350 1603 1409 οἷόν
1652 1375 1711 1409 τε
1742 1351 1957 1431 φιλοτι-

298 1448 592 1524 μούμενος,
652 1445 970 1521 προθύμους
1028 1445 1104 1507 εἷς
1161 1443 1410 1520 φυλακήν
1444 1448 1617 1498 ποιῶν
1670 1444 1757 1498 καὶ
1826 1441 1958 1524 Οαρέ

298 1535 674 1615 ῥαλεωτέρους
728 1534 910 1590 ἐλπίσι
967 1540 1238 1610 χρησταῖς
1294 1534 1574 1598 καθιστάς.
1642 1527 1858 1608 Προϐὰς
1912 1523 1963 1585 δ’

300 1625 502 1689 ἐκεῖθεν
566 1625 759 1698 μικρὸν
818 1623 907 1678 καὶ
945 1625 1012 1679 τα
1060 1621 1248 1696 κύκλῳ
1306 1621 1633 1697 περιελθὼν,
1682 1621 1770 1676 καὶ
1829 1619 1961 1684 τοὺς

306 1716 402 1787 μὶν
476 1710 847 1787 προσλαλιαῖς
924 1713 1175 1788 ἀγαθαῖς,
1248 1711 1376 1775 τοὺς
1448 1708 1504 1766 δὶ
1585 1710 1959 1789 φιλοτιμίαις,

300 1802 429 1866 τοὺς
505 1799 561 1857 δὲ
630 1802 721 1856 καὶ
796 1803 1196 1876 ὑποσχέσεσιν,
1250 1797 1362 1856 ἔστι
1422 1797 1469 1855 δ’
1528 1800 1588 1853 οὗ
1645 1801 1735 1854 καὶ
1789 1795 1956 1877 φόϐων

300 1893 486 1968 κιρνὰς
583 1892 910 1966 ἡμερότητι,
1013 1890 1080 1945 τὰ
1183 1889 1637 1965 παρεμπίπτοντα
1751 1889 1959 1963 βασιλι-

300 1986 411 2043 κῶς
497 1980 927 2056 μετερχόμενος,
1010 1981 1085 2043 ὡς
1164 1979 1281 2034 οἶόν
1356 2000 1414 2033 τε
1498 1979 1655 2033 κάκεῖ
1736 1977 1960 2042 καθίστα

302 2072 389 2126 καὶ
470 2067 868 2149 ἀσφαλέστερον
946 2075 1207 2147 φρουροῖς
1260 2068 1609 2143 κατωχύρου·
1671 2069 1805 2142 Εἶχε
1857 2069 1960 2142 γὰρ

302 2162 402 2229 τὴν
462 2160 551 2216 ἐπὶ
610 2158 757 2215 δύσιν
817 2159 1107 2234 μέριμναν,
1169 2160 1243 2220 ὡς
1305 2157 1538 2231 ἑτοίμων
1572 2159 1709 2233 πρὸς
1736 2158 1797 2212 τὸ
1822 2158 1961 2235 ἀφη-

305 2253 423 2320 νιᾷν
475 2245 666 2318 ὄντων,
718 2248 764 2303 εἰ
823 2247 1096 2323 εὐκαιρίας
1146 2248 1292 2309 τινὸς
1341 2245 1773 2321 ἐπιδράττοιντο,
1805 2249 1964 2310 Ὅθεν

305 2338 396 2393 καὶ
452 2332 705 2414 πρέσϐεις
777 2335 855 2399 εἷς
925 2335 1131 2413 Πέρσας
1197 2334 1600 2409 ἐξαποστείλας,
1656 2340 1817 2391 τοῦτο
1870 2336 1964 2408 μὲν

313 2423 671 2496 δηλώσοντας
694 2424 770 2487 εἷς
798 2427 899 2495 τήν
932 2425 1112 2501 ἀρχὴν
1166 2424 1499 2481 καταστάντα
1553 2423 1609 2480 ὅν
1664 2425 1753 2479 καὶ
1811 2425 1967 2498 ἀκρι-

312 2510 425 2580 ϐῶς
475 2511 678 2577 ἰδόντες
728 2510 948 2588 ᾔδεσαν,
1006 2517 1168 2569 τοῦτο
1227 2511 1286 2569 δὲ
1332 2514 1529 2587 καὶτῷ
1561 2515 1792 2569 σουλτὰν
1846 2512 1970 2587 περὶ

312 2607 421 2658 τῶν
482 2602 595 2659 ἱκεῖ
648 2605 988 2679 πραγμάτων
1045 2602 1632 2678 κοινολογησομένους,
1692 2601 1818 2657 οὐδὲ
1847 2602 1972 2658 τού-

316 2814 681 2873 alacritatem
710 2831 947 2889 quoque
978 2815 1296 2873 maximam
1337 2816 1648 2889 praeferens
1679 2816 1750 2872 ad
1784 2832 1965 2887 quos-

314 2906 406 2961 vis
458 2905 801 2962 subeundos
866 2905 1098 2962 labores
1146 2906 1655 2979 pugnandumque
1710 2904 1968 2961 ubicun-

315 3010 430 3067 que
478 2998 537 3050 et
603 2993 887 3050 adversus
937 3011 1321 3067 quoscunque
1388 2996 1649 3051 duceret.
1713 2995 1966 3051 Patriar-

318 3083 491 3138 cham
548 3081 786 3137 interim
844 3081 1097 3139 Nicaeam
1170 3082 1495 3155 pramittit,
1550 3083 1711 3139 brevi
1762 3084 1964 3139 eodem

314 3175 659 3227 secuturum
690 3187 752 3227 se
774 3169 1072 3244 pollicitus
1129 3188 1263 3229 cum
1302 3188 1482 3244 puero
1514 3176 1805 3245 Augusto,
1826 3173 1967 3244 regii

317 3259 669 3316 diadematis
701 3243 821 3316 una
842 3276 977 3317 cum
1034 3259 1135 3317 illo
1188 3243 1320 3318 rite,
1357 3243 1696 3318 assumendi
1755 3243 1963 3334 gratia.
1998 3243 2041 3311 C

321 3351 513 3414 Quare
580 3348 866 3405 Arsenius
935 3365 1070 3405 cum
1118 3349 1272 3406 clero
1320 3354 1378 3406 et
1430 3350 1785 3423 prmsulibus
1840 3349 1966 3406 vale

321 3439 478 3495 dicto
510 3438 1030 3512 Augustis,Nic:em
1060 3454 1265 3496 versus
1295 3439 1408 3495 iter
1461 3440 1673 3496 tonuit.
1708 3443 1966 3512 Impera-

322 3532 418 3585 tor
444 3544 578 3585 vero
611 3528 868 3600 sumptis
916 3544 1119 3584 secum
1171 3528 1375 3600 copiis,
1431 3527 1701 3585 salutatis
1759 3528 1818 3583 in
1876 3527 1965 3583 di-

314 3632 524 3690 gressu
557 3617 967 3689 optimatibus,
994 3616 1466 3690 Philadelphiam
1498 3619 1792 3690 profectus
1832 3619 1966 3675 inde

311 3705 654 3763 muniendis
684 3705 918 3761 arcibus
952 3722 1151 3761 curam
1177 3706 1738 3779 impendit,mittens
1762 3708 1835 3765 ad
1867 3724 1966 3764 eas

308 3793 1172 3867 prazsidiarios,accersitosque
1203 3795 1305 3868 qui
1336 3795 1455 3853 illic
1508 3797 1741 3853 fuerant
1798 3798 1965 3854 beni-

305 3899 420 3958 gne
451 3883 768 3957 accipiens,
800 3890 857 3941 et
876 3884 1170 3941 donativis
1200 3902 1304 3957 pro
1336 3886 1504 3958 copia
1526 3886 1797 3959 praesenti
1830 3905 1964 3942 ina-

308 3972 544 4049 gnificis
565 3972 1120 4045 liberalissimisque
1152 3975 1461 4047 promissis
1492 3977 1639 4033 bene
1674 3977 1965 4033 animatos

315 4064 388 4119 ad
421 4063 919 4135 perseverandum
952 4062 1011 4118 in
1044 4063 1158 4119 ﬁde
1189 4065 1464 4121 custodia:
1488 4066 1720 4121 creditae
1744 4082 1966 4137 speque

312 4153 520 4226 plenos
550 4153 775 4226 optima
805 4153 1110 4209 remittens
1135 4154 1291 4211 unde
1322 4154 1784 4210 venerant.Hinc
1816 4173 1964 4227 pau-

322 4242 445 4299 lum
477 4259 827 4316 progressus
858 4247 1074 4298 cuncta
1094 4259 1198 4315 per
1232 4244 1543 4299 circuitum
1583 4243 1879 4314 lustravit,
1911 4252 1968 4301 et

307 4330 418 4387 hos
449 4331 689 4404 quidem
717 4330 1172 4387 allocutionibus
1205 4332 1499 4403 benignis,
1534 4331 1681 4388 alios
1703 4332 1966 4405 largitio-

309 4420 510 4486 nibus,
567 4420 853 4490 quosdam
914 4420 1226 4489 promissis
1297 4422 1614 4476 demeruit.
1674 4422 1805 4477 Fuit
1865 4424 1967 4479 ubi

310 4512 370 4563 et
398 4512 683 4563 terrorem
728 4508 1051 4563 clementiae
1101 4508 1510 4565 submisceret.
1563 4510 1826 4583 Denique
1886 4511 1965 4567 ibi

2056 549 2201 628 φίλῳ
2241 547 2377 619 ὄντι,
2432 554 2592 614 αὐτὸς
2627 554 2727 621 τήν
2780 551 3048 627 ταχίστην
3114 551 3451 625 ὑποστρέψας
3498 548 3586 602 καὶ
3626 549 3720 602 τὸν

2056 637 2225 696 παῖδα
2252 637 2586 714 παραλαϐὼν
2623 642 2725 696 ὑπὸ
2772 640 2962 715 πολλῇ
3010 640 3187 717 τρυφῇ
3236 661 3295 695 τε
3342 637 3432 693 καὶ
3483 636 3721 715 δορυφο-

3675 724 3720 747 81

2059 730 2151 803 ρίᾳ
2211 730 2439 805 μεγίστῃ
2500 738 2599 799 τῆς
2659 729 2745 784 ἐπὶ
2803 732 2902 798 τῆς
2959 733 3184 791 Νικαίας
3242 728 3469 797 ἥπτετο.
3521 728 3611 788 Ὦς
3673 728 3699 780 δ

2060 818 2356 890 ἐπέστησαν
2417 820 2493 893 μή
2574 817 2949 892 μελλήσαντες
3003 816 3153 893 (οὐδὲ
3210 819 3310 893 γὰρ
3368 817 3434 886 ἦν
3495 814 3720 889 ἀμελεῖν

2060 909 2185 984 περὶ
2233 913 2340 963 τῶν
2382 906 2611 964 δυτικῶν
2652 910 3095 981 σκοπουμένοις),
3130 906 3284 971 εὐθὺς
3341 907 3723 982 εὐτρεπίζοντο

2061 998 2127 1053 τὰ
2183 1004 2281 1068 τῆς
2341 998 2695 1067 ταινιώσεως,
2756 996 3090 1066 ἐλπιζόντων
3152 995 3388 1067 πάντων,
3450 997 3477 1049 ὁ
3533 993 3600 1062 δὴ
3633 995 3723 1048 καὶ

2066 1088 2417 1161 συγκείμενον
2469 1091 2557 1157 ἦν,
2616 1091 2698 1161 [Ρ.
2739 1090 2832 1161 64]
2881 1093 3237 1156 ταινιωθῆναι
3301 1087 3394 1157 μὶν
3452 1086 3545 1139 τὸν
3604 1086 3722 1139 νέον

2071 1177 2367 1253 βασιλικῶς
2439 1177 2527 1231 καὶ
2584 1179 2817 1252 πρώτως
2876 1177 3265 1251 εὐφημηοῆναι
3324 1172 3727 1249 στεφανωθέντα

2064 1267 2155 1322 καὶ
2205 1265 2564 1341 προκατάγειν
2609 1267 2700 1319 τὸν
2761 1260 3049 1339 Θρίαμϐον,
3110 1264 3311 1320 ἐκεῖνον
3371 1262 3426 1319 δὲ
3478 1263 3567 1317 καὶ
3625 1264 3726 1331 τὴν

2068 1354 2271 1410 ἐκείνου
2322 1353 2548 1428 σύζυγον
2600 1352 2651 1408 ἐν
2702 1354 2908 1430 ὑστέρῳ
2942 1355 3375 1428 στεφανωθέντας
3431 1357 3510 1425 τῷ
3568 1354 3725 1427 πρώ-

2066 1467 2144 1517 τῳ
2177 1445 2497 1518 μεθέψεσθαι
2533 1445 2670 1498 κατᾶ
2696 1444 2795 1512 τὴν
2847 1441 3137 1518 βασιλικὴν
3186 1442 3273 1497 καὶ
3322 1444 3528 1512 συνῆοη
3588 1462 3723 1515 προ-

2070 1533 2302 1589 ἐλευσιν.

2073 1643 2133 1711 ζ’.
2162 1642 2349 1702 ’Όπως
2381 1639 2778 1715 παρελογίσατο
2805 1639 2899 1715 τὰς
2931 1641 3197 1715 συνθήκας
3228 1645 3327 1708 τῆς
3358 1638 3726 1715 στεφηφορίας

2668 1713 2697 1766 ’ὁ
2727 1708 3135 1787 Ηαλαιολὸγος.

2142 1802 2220 1859 Τὸ
2272 1798 2318 1855 δ’
2367 1802 2432 1870 ἦν
2479 1801 2538 1856 ἑκ
2584 1801 2812 1875 πρώτης
2859 1801 3152 1879 ἆφετηρίας
3205 1797 3372 1863 δόλος
3418 1799 3507 1853 καὶ
3551 1819 3724 1871 παρα-

2070 1887 2389 1963 σπόνδησις,
2436 1890 2511 1952 εἰς
2562 1893 2676 1944 οἷον
2727 1889 2853 1959 ἧξον
2912 1885 3092 1959 τέλος,
3145 1886 3297 1943 οὐδὲν
3354 1888 3417 1942 τὸ
3471 1889 3724 1962 παράπαν

2070 1980 2332 2055 ἀγνοηθὲν
2390 1984 2507 2041 τοῖς
2559 1977 2817 2042 πολλοῖς.
2880 1980 2945 2036 Οἱ
3009 1979 3101 2051 μὲν
3164 1977 3253 2031 οὖν
3312 1979 3362 2031 ἐν
3395 1976 3541 2031 τέλει
3587 1998 3726 2051 προ-

2071 2067 2490 2142 κατελήφθησαν
2522 2068 2577 2122 εὗ
2623 2067 2885 2129 παθόντες
2928 2068 3016 2121 καὶ
3070 2068 3124 2121 εὗ
3178 2060 3255 2121 ἔτι
3312 2071 3499 2140 τυχεῖν
3562 2064 3725 2120 ἐλπί-

2077 2164 2275 2226 ζοντες·
2309 2154 2540 2225 ἐπέδησε
2569 2157 2671 2232 γάρ
2723 2155 2893 2210 αὐτῶν
2947 2157 3043 2219 τὰς
3088 2154 3366 2229 γλώσσας,
3409 2153 3555 2223 πλὴν
3612 2153 3733 2209 ὀλί-

2074 2267 2184 2321 γων
2230 2250 2391 2301 τινῶν
2445 2246 2511 2300 τὰ
2549 2245 2995 2320 φιλοτιμήματα,
3027 2245 3115 2299 καὶ
3150 2246 3299 2320 εἶχον
3332 2244 3558 2318 ἡσύχως
3612 2245 3729 2297 καθ’

2079 2335 2107 2389 ὅ
2163 2357 2215 2389 τι
2268 2335 2564 2411 πραχθείη.
2624 2336 2781 2396 Τινὶς
2842 2332 2899 2389 δὲ
2927 2339 3034 2389 τῶν
3089 2338 3269 2397 κακῶς
3320 2334 3599 2388 παθόντων
3657 2332 3735 2393 εἰς

2080 2426 2282 2497 ἄμυναν
2358 2423 2706 2499 λογιζόμενοι
2764 2425 2862 2491 τήν
2922 2427 3019 2477 τοῦ
3076 2420 3269 2484 παιδὸς
3331 2422 3732 2500 καταφρόνησιν

2078 2515 2169 2569 καὶ
2199 2512 2591 2589 προσέχαιρον.
2651 2514 2711 2570 Ὀ
2765 2514 2949 2586 μέντοι
3003 2533 3065 2586 γε
3112 2513 3461 2587 πατριάρχης
3515 2508 3592 2566 ἔτι
3650 2510 3740 2564 καὶ

2082 2602 2243 2664 αὐτὸς
2276 2601 2326 2656 ἐν
2381 2599 2595 2656 ἐλπίσιν
2653 2601 2719 2669 ἦν
2779 2604 2876 2656 τοῦ
2938 2599 3107 2674 μηδὲν
3138 2622 3189 2656 τι
3222 2595 3599 2676 παραϐαϐῆναι
3629 2604 3739 2654 τῶν

2079 2815 2215 2871 inde
2247 2815 2571 2887 quidquam
2601 2814 2909 2871 sinistrum
2945 2813 3466 2870 haerediTheodori
3518 2813 3735 2885 prioris

2078 2904 2454 2977 imperatoris
2488 2904 2599 2960 sibi
2631 2902 2772 2960 olim
2796 2920 2909 2959 non
2935 2901 3475 2976 ignoti,quinetiam
3499 2902 3735 2959 amicis-

2078 2994 2234 3051 simi.
2269 2994 2376 3050 His
2410 2994 2662 3067 peractis
2718 2995 3019 3050 celerrimo
3079 3011 3371 3064 reversus,
3425 2999 3732 3065 assumpto

2077 3099 2277 3139 secum
2307 3088 2530 3140 Joanne
2553 3099 2894 3155 puero,cum
2920 3084 3230 3157 splendido
3255 3088 3540 3156 apparatu
3566 3100 3730 3156 pom-

2080 3189 2273 3245 paque
2305 3173 2620 3245 magnifica
2651 3174 3125 3229 numerosissimi
3159 3173 3422 3230 satellitii
3478 3173 3725 3227 Nicaeam

2082 3261 2192 3318 iter
2221 3262 2492 3319 intendit.
2524 3265 2646 3326 Quo
2680 3266 2743 3317 ut
2794 3268 3205 3335 pervenerunt,
3268 3262 3416 3318 nihil
3473 3264 3729 3318 cunctati

2083 3353 2220 3418 (non
2243 3351 2399 3406 enim
2432 3356 2668 3422 tempus
2698 3355 2886 3408 terere
2917 3352 3147 3408 sinebat
3176 3351 3512 3408 sollicitudo
3534 3367 3730 3408 rerum

2082 3439 2499 3510 Occiduarum)
2530 3441 2732 3496 statim
2764 3457 2827 3497 se
2848 3440 3153 3513 accingere
3181 3446 3486 3514 cmperunt
3534 3442 3605 3497 ad
3638 3459 3734 3497 so-

2081 3529 2336 3585 lemnem
2370 3530 2829 3587 coronationem.
2882 3531 2947 3587 In
3006 3548 3122 3603 qua
3173 3535 3417 3587 eventus
3476 3531 3736 3587 ostendit

2081 3618 2303 3675 frustra
2332 3624 2633 3693 speratum
2667 3620 2739 3676 ab
2764 3620 3075 3690 universis,
3111 3626 3195 3693 ut,
3231 3621 3735 3694 quemadmodum

2081 3712 2453 3778 convenerat,
2486 3709 2646 3781 prior
2666 3709 3043 3783 imperatorio
3102 3710 3439 3767 diademate
3492 3711 3739 3784 insigni-

2080 3800 2243 3852 retur
2284 3802 2343 3853 et
2382 3800 2687 3869 Augustus
2744 3799 3172 3855 acclamaretur
3227 3799 3732 3871 adolescentulus,

2080 3886 2428 3959 prieiretque
2449 3887 2678 3944 cunctis
2714 3887 2774 3943 in
2808 3904 3022 3960 pompa
3051 3888 3423 3960 triumphali,
3466 3906 3595 3960 quae
3625 3890 3734 3945 tali

2080 3974 2383 4032 occasione
2435 3977 2837 4033 coronationis
2866 3976 3287 4048 imperatorum
3314 3977 3731 4045 soletinstitui,

2081 4064 2424 4136 Paleologus
2457 4081 2587 4120 vero
2618 4068 2675 4121 et
2706 4066 2886 4136 hujus
2919 4067 3132 4136 conjux
3160 4066 3418 4123 secundo
3476 4071 3611 4138 post
3662 4067 3735 4121 il-

2078 4152 2206 4207 lum
2229 4153 2431 4209 ordine
2463 4155 2824 4226 procederet.

2150 4261 2205 4313 7.
2243 4260 2307 4317 Ut
2336 4265 2504 4331 pacta
2528 4265 2792 4335 conventa
2822 4264 2883 4317 in
2911 4265 3264 4319 coronatione
3294 4271 3664 4335 transgressus

2676 4333 2750 4389 sit
2780 4336 3146 4406 Palaeologus.

2154 4418 2271 4475 Hoc
2302 4436 2434 4476 vero
2493 4421 2606 4476 fuit
2663 4422 2990 4495 impingere
3048 4425 3107 4479 in
3168 4423 3347 4480 limen
3408 4430 3465 4481 et
3520 4442 3554 4481 a
3615 4426 3736 4497 pri-

2086 4510 2200 4564 mis
2260 4510 2531 4566 aberrare
2586 4513 2921 4568 carceribus
2981 4530 3084 4585 per
3136 4514 3339 4569 dolum
3394 4520 3453 4570 et
3499 4514 3733 4572 foederis

313 4595 514 4651 omnia
548 4595 899 4651 auctoritate
925 4613 990 4652 ac
1023 4597 1310 4668 sapientia
1332 4599 1705 4669 majestatem
1738 4600 1971 4673 imperii
2008 4590 2049 4655 Ι)
2080 4598 2533 4668 infractionem;
2595 4618 2664 4657 ex
2719 4618 2834 4673 quo
2891 4604 3039 4657 {cedo
3088 4603 3374 4675 principio
3434 4604 3494 4659 in
3554 4621 3730 4675 quem

315 4686 557 4743 decente
582 4685 909 4753 constituit,
945 4691 1001 4742 et
1031 4687 1100 4743 ad
1136 4688 1511 4744 securitatem
1557 4689 1617 4744 in
1665 4695 1965 4762 posterum

316 4776 608 4849 praesidiis
638 4775 868 4831 idoneis
902 4776 1176 4832 ﬁrmavit.
1212 4777 1566 4834 Imminebat
1608 4781 1762 4835 enim
1794 4780 1854 4834 in
1881 4797 1967 4835 re-

322 4882 452 4923 rum
482 4866 877 4923 Occiduarum
908 4882 1134 4935 curam,
1188 4882 1323 4922 cum
1376 4885 1490 4923 non
1530 4868 1829 4939 ignoraret
1880 4870 1969 4924 in-

315 4958 481 5014 hiare
511 4960 685 5013 rebus
718 4958 883 5013 novis
915 4957 1016 5029 qui
1048 4957 1371 5028 plurimum
1412 4958 1532 5014 illic
1590 4964 1880 5030 poterant,
1914 4966 1972 5016 et

314 5048 388 5104 ad
420 5046 860 5102 detrectandam
877 5046 1229 5118 obsequium
1246 5047 1577 5119 jugumque
1590 5046 1782 5118 palam
1798 5065 1970 5104 excu-

310 5136 583 5193 tiendum
597 5134 743 5189 nihil
767 5135 880 5189 nisi
896 5135 1266 5191 commodam
1291 5136 1653 5192 occasionem
1670 5143 1969 5208 exspecta-

311 5224 673 5282 re.Indidem
714 5222 890 5278 etiam
922 5222 1145 5295 legatos
1168 5225 1239 5279 ad
1274 5225 1478 5280 Persas
1531 5226 1728 5293 misit;
1756 5227 1968 5297 partim

321 5319 388 5369 ut
408 5313 527 5369 illis
557 5312 919 5384 significaret
948 5329 1115 5367 suam
1140 5314 1499 5369 evectionem
1542 5314 1602 5369 in
1634 5315 1968 5387 imperium,

315 5418 448 5475 quae
478 5406 644 5474 grata
675 5400 820 5471 ipsis
852 5400 963 5455 fuit
992 5402 1066 5456 ob
1099 5401 1352 5472 priorem
1393 5404 1522 5474 ejus
1583 5405 1855 5465 notitiam
1916 5410 1970 5459 et

322 5490 642 5549 amicitiam
673 5494 924 5543 veterem
950 5508 963 5557 ;
989 5490 1203 5559 partim
1238 5496 1301 5546 ut
1333 5492 1553 5547 sultani
1586 5493 1852 5563 quaedam
1882 5493 1971 5546 in-

313 5581 500 5635 terius
527 5576 1119 5633 communicarentde
1142 5579 1316 5633 modo
1337 5584 1394 5634 et
1409 5580 1602 5635 causis
1629 5581 1972 5636 mutationis

313 5672 469 5727 100
488 5685 675 5741 nuper
690 5667 1238 5739 factae,quemillum
1264 5676 1591 5727 averterent
1608 5689 1639 5729 a
1655 5673 1969 5729 metuendo

2080 4687 2257 4743 ﬁnem
2292 4689 2563 4761 proclivis
2594 4698 2751 4747 esset
2782 4691 3098 4765 prolapsio,
3159 4710 3331 4749 nemo
3408 4695 3526 4750 fere
3597 4712 3734 4766 pru-

2080 4779 2347 4834 dentium
2381 4796 2494 4835 non
2556 4781 2863 4837 sentiebat.
2924 4783 3142 4839 Verum
3194 4786 3581 4857 praeoccupati
3632 4786 3729 4841 be-

2082 4868 2309 4924 neﬁciis
2340 4874 2397 4925 et
2426 4870 2698 4942 suspensi
2733 4872 2952 4942 spebus
3010 4872 3277 4944 plerique
3333 4875 3729 4945 potentiorum

2082 4961 2432 5013 tacuerunt:
2465 4958 2699 5030 linguas
2731 4961 2887 5015 enim
2937 4961 3226 5029 omnium,
3269 4964 3576 5035 perpaucis
3636 4981 3730 5019 ex-

2084 5047 2288 5118 ceptis,
2323 5048 2646 5103 ambitiosa:
2671 5048 3011 5119 largitiones
3041 5050 3440 5123 devinxerant,
3476 5058 3541 5107 ut
3573 5054 3739 5125 quid-

2083 5136 2170 5189 vis
2202 5136 2360 5191 laciti
2394 5136 2638 5192 ferrent.
2670 5137 2918 5201 Quidam
2950 5139 3126 5193 etiam
3152 5157 3185 5195 a
3216 5145 3378 5211 parte
3410 5142 3576 5213 pueri
3608 5158 3736 5212 qua:

2085 5240 2199 5278 non
2232 5225 2538 5280 voluerant
2561 5227 2742 5297 passi,
2777 5227 3147 5283 dulcedinem
3202 5229 3474 5284 vindicta:
3523 5247 3731 5301 quam-

2085 5314 2219 5368 dam
2254 5314 2649 5384 degustabant
2679 5316 2739 5370 in
2772 5316 3153 5387 depressione
3184 5316 3293 5371 filii
3352 5319 3481 5388 ejus
3527 5335 3560 5373 a
3618 5335 3735 5389 quo

2085 5420 2147 5459 se
2180 5404 2417 5458 affectos
2446 5404 2663 5472 injuria
2693 5406 2997 5475 putabant.
3032 5407 3218 5469 Quare
3275 5406 3386 5462 hoc
3433 5407 3581 5478 ipsis
3635 5410 3735 5478 ju-

2084 5493 2344 5547 cundum
2378 5492 2695 5549 accidebat.
2720 5494 3055 5549 Patriarcba
3087 5500 3245 5551 totus
3276 5496 3628 5552 incumbens
3661 5500 3734 5553 ad

2085 5582 2439 5652 sperandum
2473 5583 2627 5652 quod
2661 5583 3058 5653 optabat,rata
3088 5584 3356 5640 videlicet
3403 5589 3571 5656 pacta
3602 5602 3735 5642 con-

2085 5675 2256 5727 venta
2286 5670 2344 5725 in
2369 5686 2601 5727 summa
2634 5671 2714 5727 rei
2748 5672 2887 5742 fore,
2924 5673 3067 5729 nihil
3103 5675 3161 5729 in
3223 5673 3316 5730 his
3376 5690 3733 5747 magnopere
