4090 6410
301 398 416 453 537

1387 403 1475 456 DE
1516 403 1886 457 MICUAELE
1923 402 2367 458 PALBOLOGO
2403 405 2536 458 LIB.
2581 406 2652 458 Il.

3617 410 3724 466 538

303 518 698 595 συγκειμένων,
758 518 847 575 καὶ
904 519 1056 576 οὐδέν
1109 544 1159 577 τι
1218 521 1620 600 προσεξηρεύνα
1652 565 1667 582 .
1727 525 1961 586 Ἐκεῖνος
1992 527 2045 594 Α
2076 545 2138 599 γε
2165 531 2266 594 τῆς
2297 524 2585 600 γερουσίας
2605 527 2745 588 τινες
2779 525 2867 581 καὶ
2910 527 3318 599 προσηπείλουν
3365 535 3546 593 κακῶς
3594 530 3722 606 δρᾷν

306 609 357 627 Nl

303 609 363 665 δέ
416 632 527 664 τισι
557 613 664 664 τῶν
711 609 1015 686 ἀρχιερέων
1053 613 1113 666 τὸ
1147 614 1364 685 σκέμμα
1393 614 1818 685 κοινωσάμενος,
1874 614 1965 668 καὶ

302 701 380 760 ὡς
418 698 517 753 οὐκ
549 698 692 772 ἄξιον
726 696 807 770 εἴη
860 698 1014 754 παιδὶ
1067 697 1176 755 ὄντι
1225 701 1314 755 καὶ
1352 704 1452 771 τήν
1505 700 1725 771 ἡλικίαν
1783 703 1968 759 ἀτελεῖ

297 790 404 856 τήν
479 795 579 855 τῆς
659 787 934 863 βασιλείας
1009 790 1285 844 ταινίωσιν
1347 788 1713 866 προδεδέχοαι
1770 792 1857 846 καί
1914 796 1965 847 οἱ

297 873 719 952 προϐεϐηκότος
768 875 878 948 ἤδη
941 881 1032 933 καὶ
1087 880 1178 933 τὸν
1245 881 1362 953 βίον
1422 880 1881 959 κατατετριφότος
1914 881 1965 935 ἐν

299 966 584 1042 πράγμασι
624 968 983 1042 προηγεῖσθαι
1036 968 1087 1022 ἐν
1150 964 1442 1044 θριάμϐοις
1500 970 1590 1023 καὶ
1644 969 1963 1043 εὐφημίαις,

297 1055 516 1131 ἰθάρῥει
550 1050 733 1110 λαϐὼν
796 1055 1143 1130 ὑποσχέσεις,
1187 1058 1261 1118 ὡς
1308 1059 1398 1111 καὶ
1448 1056 1640 1119 αὐτοὺς
1687 1060 1962 1129 ἀξιοῦντας

294 1148 469 1199 ταῦτα
510 1143 601 1198 καὶ
648 1144 723 1205 ὡς
772 1142 1007 1209 δικαίοις
1065 1149 1494 1219 προσκειμένους
1551 1154 1666 1208 τοῖς
1725 1148 1962 1222 λεγομέ-

296 1254 415 1295 νοις
464 1232 609 1307 ἔχειν
660 1234 751 1287 καὶ
799 1235 891 1289 τὸν
943 1235 1288 1310 πατριάρχην
1352 1238 1669 1308 συμπείθειν
1723 1238 1816 1297 τάς
1876 1237 1961 1291 ἐπὶ

336 1328 364 1338 ~
544 1320 589 1343 ἢκ
663 1322 677 1341 ἦ
768 1322 815 1339 »υ
1104 1326 1116 1341 \
1257 1326 1270 1343 \
1458 1327 1470 1343 \
1574 1326 1585 1343 9
1717 1326 1725 1339 ⁷

295 1345 379 1395 τῳ
437 1336 589 1376 παιοι
653 1326 977 1399 αναρρήσεις
1021 1345 1155 1397 προς
1218 1347 1279 1379 το
1338 1346 1510 1398 παρον
1562 1321 1961 1381 αναϐαλλεσοαι

296 1413 375 1475 ὡς
450 1410 716 1487 ἐγκαίρως
790 1415 1301 1486 ταινιωθησομένῳ.
1378 1413 1573 1470 Ε’ίπετο
1636 1412 1691 1468 δὲ
1750 1416 1960 1478 πάντως

298 1501 565 1572 ἐντεῦθεν»
600 1500 649 1555 εἴ
681 1503 756 1574 μὴ
796 1499 1095 1576 βασιλικῶς
1147 1506 1423 1578 στέφοιτο,
1472 1506 1567 1559 κάν
1621 1510 1737 1567 ταῖς
1797 1504 1961 1582 εὐφη-

302 1591 457 1663 μίαις
487 1591 573 1645 καὶ
620 1596 779 1646 πᾶσιν
832 1592 1034 1667 ἑτέροις
1084 1598 1179 1648 τοῦ
1236 1592 1343 1665 ἤδη
1404 1593 1782 1658 ταινιωοέντος
1832 1598 1963 1649 καθ-

300 1684 567 1753 υστερεῖν.
603 1678 755 1749 Πλήν
790 1682 1069 1759 σοφιστέον
1106 1680 1288 1756 ἔλεγον
1325 1685 1423 1752 τὴν
1480 1682 1813 1758 ἐγχείρησιν,
1872 1684 1961 1738 καὶ

301 1771 420 1840 ἅμα
448 1766 795 1841 τελουμένων
829 1772 1079 1841 κινητέον
1109 1770 1175 1826 τά
1222 1774 1343 1848 περὶ
1397 1774 1615 1829 τούτου.
1675 1774 1824 1836 ὅπως
1884 1775 1960 1846 μὴ

295 1858 391 1912 καὶ
422 1857 858 1934 προαισθόμενος
912 1861 974 1914 τὸ
1030 1861 1224 1937 στέφος
1258 1859 1445 1916 δώσων
1504 1862 1598 1923 τὰς
1654 1862 1961 1924 ταινιώσεις

298 1948 616 2023 ὑπέρθοιτο.

297 2056 370 2125 η’.
432 2056 618 2117 Ὅπως
666 2053 894 2134 ἐστὲφθη
947 2057 974 2111 6
1032 2055 1417 2134 Παλαιολόγος
1473 2058 1562 2113 καὶ
1622 2060 1683 2113 τὸ
1735 2056 1954 2114 παιδίον

951 2129 1277 2205 παρεωράθη
1290 2171 1301 2185 .

377 2217 462 2287 [Ρ.
510 2217 601 2288 65]
650 2220 747 2273 Ἦν
790 2221 980 2286 ταῦτα,
1029 2218 1117 2273 καὶ
1166 2222 1199 2287 ἡ
1245 2219 1405 2291 κυρία
1434 2222 1541 2274 τῶν
1568 2220 1792 2294 ἡμερῶν
1822 2241 1956 2295 παρ-

294 2311 390 2373 iv,
421 2304 512 2358 καὶ
543 2306 695 2359 πάντ’
728 2307 962 2381 εὐτρεπῆ
1012 2307 1167 2379 ἦσαν,
1213 2308 1300 2363 καὶ
1352 2310 1626 2385 ἀρχιερεῖς
1679 2309 1774 2370 τὰς
1830 2331 1956 2365 στο-

292 2391 397 2454 λὰς
426 2391 668 2457 ἑνδύντες
694 2394 791 2457 τὰς
822 2397 971 2469 ἱερὰς
1012 2397 1147 2470 πρὸς
1178 2397 1240 2451 τὸ
1290 2397 1355 2452 τά
1395 2405 1494 2467 τῆς
1541 2395 1769 2468 τελετῆς
1810 2398 1956 2474 ἐνερε-

288 2487 409 2557 γεῖν
454 2482 689 2555 ἑτοίμως
736 2485 910 2558 εἶχον,
964 2485 1053 2538 καὶ
1102 2484 1229 2547 τοὺς
1281 2484 1668 2560 βασιλεύοντας
1700 2489 1952 2560 περιέμε-

292 2590 408 2624 νον.
470 2569 624 2627 Ἀλλ’
682 2570 877 2636 εὐθέως
914 2578 1143 2628 κινεῖται
1170 2575 1231 2628 τὸ
1292 2575 1528 2648 σκέμμα,
1588 2575 1675 2629 καὶ
1732 2578 1948 2650 ταραχή

293 2659 387 2728 ἦν,
419 2663 527 2715 τῶν
564 2661 659 2731 μὶν
690 2665 879 2734 ταῦτα,
910 2666 1015 2717 τῶν
1049 2660 1094 2717 δ’
1145 2662 1319 2718 ἐκεῖνα
1376 2662 1666 2738 λεγόντων.
1719 2668 1831 2718 Τῶν
1896 2662 1951 2718 δέ

305 2874 561 2931 scrutari
596 2874 806 2944 voluit;
842 2877 996 2933 unde
1029 2894 1132 2933 nec
1164 2878 1279 2935 nisi
1321 2896 1448 2935 sero
1481 2879 1620 2951 quid
1656 2884 1958 2951 pararetur

300 2963 507 3020 sensit.
528 2962 887 3037 Palaeologus
907 2970 1101 3023 autem
1124 2972 1304 3023 totam
1324 2969 1449 3038 jam
1468 2972 1604 3025 ante
1622 2969 1957 3025 machinam

298 3069 439 3110 cum
462 3053 819 3125 quibusdam
840 3054 1172 3111 antistitum
1190 3058 1334 3111 101
1358 3056 1469 3112 sibi
1490 3058 1677 3129 magis
1691 3058 1956 3114 obnoxiis

301 3147 741 3214 composuerat,
771 3142 920 3199 clam
952 3144 1113 3217 ipsos
1136 3146 1507 3215 conveniens,
1534 3152 1591 3202 et
1613 3148 1765 3202 factu
1796 3147 1954 3203 indi-

302 3250 492 3305 gnum
535 3234 980 3307 absurdumque
1012 3237 1317 3293 afﬁrmans
1360 3238 1670 3309 puerulum
1711 3239 1955 3294 rationis
1989 3274 2033 3341 Ο

297 3324 462 3379 haud
497 3328 824 3395 compotem
849 3330 1100 3398 augusto
1124 3326 1473 3390 diademate,
1500 3329 1845 3384 caeremonia
1866 3346 1954 3385 re-

295 3411 708 3483 ligiosissima,
730 3413 1069 3471 celebritate
1094 3415 1464 3488 amplissima
1486 3417 1765 3488 decorari,
1790 3418 1955 3490 plau-

296 3518 525 3573 susque
545 3507 603 3558 et
626 3503 1120 3561 acclamationum
1146 3508 1368 3576 primas
1393 3507 1561 3576 ferre,
1586 3524 1648 3562 ee
1672 3524 1803 3563 vero
1824 3512 1960 3565 aeta-

294 3591 374 3646 tis
399 3592 669 3662 perfectae
690 3592 905 3659 virum,
924 3598 1048 3650 tota
1070 3596 1186 3649 vita
1206 3595 1480 3667 gerendis
1501 3596 1751 3668 negotiis
1775 3598 1958 3652 maxi-

294 3679 412 3735 mis
444 3682 677 3748 tritum,
705 3681 993 3738 asseclam
1026 3681 1231 3738 larvati
1264 3688 1608 3739 ornamento
1634 3684 1958 3757 incongruo

294 3768 582 3824 infantuli
615 3770 846 3826 traduci
872 3770 1034 3843 regia
1063 3788 1280 3843 pompa
1302 3778 1359 3828 et
1382 3771 1555 3844 plane
1576 3772 1955 3845 triumphari.

287 3856 524 3921 Quibus
566 3857 652 3913 illi
706 3874 767 3915 se
817 3876 1129 3931 persuasos
1174 3861 1339 3928 fassi,
1376 3863 1824 3934 spoponderunt
1852 3864 1958 3919 da-

286 3950 464 4001 turos
496 3962 735 4019 operam
766 3952 831 4003 ut
869 3949 1206 4020 patriarcha
1255 3949 1633 4007 coronatione
1681 3952 1847 4023 pueri
1898 3952 1958 4008 in

295 4051 564 4106 praesens
605 4038 1039 4109 supersederet,
1062 4038 1255 4111 specie
1286 4038 1447 4095 illius
1479 4039 1538 4094 in
1566 4045 1803 4112 tempus
1834 4058 1959 4098 ma-

298 4124 395 4195 gis
417 4129 815 4196 opportunum
844 4128 1204 4184 differendae.
1230 4132 1408 4184 Porro
1433 4144 1800 4201 consequens
1822 4130 1958 4186 hinc

295 4213 565 4269 futurum
584 4219 668 4281 ut,
686 4216 734 4270 si
760 4232 903 4287 puer
920 4233 987 4272 ea
1004 4218 1097 4273 die
1116 4235 1231 4272 non
1252 4223 1562 4273 ornaretur
1580 4218 1959 4290 imperatoria

296 4318 540 4373 corona,
570 4303 631 4359 in
667 4304 888 4361 honore
927 4305 1371 4363 acclamationis
1403 4313 1461 4363 et
1492 4312 1740 4363 cunctus
1771 4308 1827 4363 id
1861 4326 1957 4381 ge-

293 4409 412 4448 nus
445 4392 844 4464 auspiciorum
870 4412 936 4450 ac
958 4396 1187 4466 jurium
1213 4398 1612 4469 prierogativis
1644 4398 1883 4455 omnino
1906 4400 1956 4455 ei

293 4482 761 4554 subjungeretur
790 4485 885 4540 cui
932 4484 1040 4540 soli
1074 4503 1139 4541 ea
1174 4486 1511 4541 celebritate
1544 4488 1813 4543 diadema
1846 4488 1956 4543 im-

294 4570 445 4641 perii
489 4571 760 4642 angustis
810 4572 1022 4627 ritibus
1072 4578 1227 4628 esset
1278 4574 1953 4645 impositum.Cmterum

2075 615 2136 667 τὸ
2162 611 2380 668 παιδίον
2410 614 2500 668 καὶ
2534 611 2881 690 διαχρᾶσθαι,
2933 616 2978 671 εἰ
3007 614 3195 681 ἄλλως
3223 619 3477 691 πράττεις
3518 622 3553 688 ἡ
3602 622 3725 675 Ἐκ-

2075 701 2279 774 κλησία
2314 702 2595 779 βούλοιτο.
2644 703 2810 779 Λόγοι
2860 710 2984 779 γοῦν
3040 706 3306 783 ἐγένοντο,
3346 707 3436 762 καὶ
3484 706 3730 786 διεφιλο-

2075 792 2307 850 νείκουν.
2339 795 2393 846 Ὁ
2422 790 2478 847 δὲ
2507 793 2855 869 πατριάρχης
2907 795 2958 849 ἐν
3007 797 3295 871 ἀμηχανίᾳ
3350 798 3441 870 ἦν,
3483 801 3570 853 καὶ
3628 801 3730 853 οὐκ

2077 882 2219 956 εἶχεν
2254 884 2335 943 οἷς
2368 882 2715 957 προστεθείη,
2750 885 3077 958 Παρήρχετο
3123 888 3157 953 ἡ
3214 887 3417 959 ἡμέρα,
3466 889 3554 942 καὶ
3587 909 3729 961 συμ-

2077 975 2272 1047 φωνεῖν
2321 970 2417 1025 οὐκ
2468 972 2640 1045 εἶχον.
2690 970 2869 1033 Μόλις
2929 971 3019 1025 οὖν
3073 972 3163 1027 καὶ
3211 974 3345 1045 μετά
3380 976 3481 1043 τὴν
3506 976 3727 1045 πολλὴν

2077 1057 2502 1137 διαφιλονεικίαν
2538 1061 2589 1114 οἱ
2628 1060 2904 1135 ἀρχιερεῖς
2950 1060 3141 1123 πάντες
3185 1061 3331 1133 πλήν
3381 1085 3542 1118 τινων
3596 1067 3726 1119 ὑπο-

2073 1147 2372 1204 κλίνουσιν.
2408 1151 2601 1205 Ἠσανν
2635 1147 2679 1201 δ’
2712 1150 2858 1203 οὗτοι
2892 1148 3240 1226 Ἀνδρόνικος
3274 1152 3301 1205 ὁ
3331 1156 3438 1207 τῶν
3474 1151 3723 1228 Σάρδεων

2072 1237 2161 1290 καὶ
2194 1235 2459 1305 Μανουὴλ
2494 1238 2521 1291 ὁ
2553 1238 2951 1308 Θεσσαλονίκης
2986 1241 3011 1293 ὁ
3042 1238 3342 1311 τούπίκλην
3396 1248 3587 1316 Ψαρᾶς
3633 1245 3723 1297 καὶ

2030 1387 2041 1393 _
2073 1328 2395 1387 Δισῦπατος.
2457 1325 2611 1383 Ἀλλ’
2671 1329 2697 1381 ὁ
2752 1329 2859 1381 τῶν
2922 1325 3170 1403 Σάρδεων
3222 1330 3336 1402 ἅμα
3385 1334 3464 1402 τῷ
3505 1331 3595 1385 τὸν
3628 1353 3727 1386 πα-

2071 1419 2345 1491 τριάρχην
2377 1423 2662 1485 πεισθῆναι
2690 1416 2779 1470 καὶ
2809 1416 2966 1479 αὐτὸς
3020 1417 3378 1488 συνεπείθετο,
3426 1418 3493 1474 τὰ
3539 1420 3725 1476 πολλὰ

2074 1500 2500 1578 συμϐαλομένου
2530 1507 2596 1578 τῇ
2627 1504 2903 1561 καταθέσει
2953 1510 3049 1560 τοῦ
3096 1512 3195 1576 τῆς
3244 1507 3379 1562 κατὰ
3423 1509 3523 1577 τὴν
3575 1510 3724 1584 Ὀρε-

2074 1591 2263 1648 στιάδα
2329 1592 2840 1668 Ἀδριανουπόλεως
2902 1599 3203 1670 Γερμανοῦ,
3264 1590 3341 1650 ἔτι
3395 1593 3452 1651 δὲ
3508 1603 3722 1673 Γρηγο-

2074 1683 2192 1757 ρίου
2248 1688 2345 1737 τοῦ
2407 1684 2671 1758 ’Δγκύρας
2728 1683 2818 1737 καὶ
2864 1688 2960 1739 τοῦ
2988 1682 3320 1759 Μελαγγίων
3380 1686 3722 1741 Κωνσταντίο

2072 1792 2188 1827 νου.
2246 1772 2305 1827 Ὀ
2365 1768 2419 1826 δέ
2468 1773 2519 1846 γ’
2565 1770 2790 1845 Ἐφέσου
2838 1771 3151 1850 Νικηφόρος
3185 1768 3425 1843 εὐλαϐὴς
3476 1771 3547 1828 ὣν
3584 1775 3720 1849 ἀνὴρ

1994 1861 2160 1961 Βκαὶ
2230 1860 2418 1933 τίμιος
2501 1859 2608 1935 οὐχ
2660 1859 2872 1915 ὑπενόει
2926 1861 2988 1915 τὸ
3049 1861 3489 1935 ὑπορυττόμένον
3538 1864 3612 1926 ὡς
3666 1863 3718 1919 ἐν

2066 1947 2339 2019 ἁπλότητι
2399 1954 2527 2021 ζῶν,
2586 1948 2675 2004 καὶ
2736 1948 2890 2012 εὐθὺς
2948 1954 3304 2026 συνυπήγετο.
3367 1953 3529 2009 Τοῦτ’
3583 1950 3719 2008 ἔπα-

2065 2059 2199 2114 σχον
2258 2039 2348 2093 καὶ
2407 2036 2573 2093 ἄλλοι
2623 2038 2847 2097 πολλοί.
2905 2041 2959 2093 Ὀ
2990 2037 3046 2094 δὲ
3079 2040 3425 2117 πατριάρχης
3449 2040 3587 2116 ἔγνω
3622 2043 3717 2115 μὲν

2065 2127 2382 2198 ἀπατηθεὶς,
2431 2127 2531 2182 οὐκ
2578 2128 2695 2203 εἶχε
2753 2126 2810 2182 δὲ
2866 2128 2896 2183 6'
2949 2150 3003 2183 τι
3060 2130 3290 2203 πράττοι
3346 2127 3568 2200 πολλῆς
3614 2138 3716 2200 τῆς

2065 2216 2304 2292 ἀνάγκης
2370 2218 2725 2292 περιστάσης.
2801 2217 2901 2271 Καὶ
2979 2216 3044 2286 δὴ
3124 2218 3538 2296 καθυπέγραςρον
3617 2221 3712 2292 μὲν

2064 2304 2217 2361 οὗτοι
2275 2306 2341 2359 τὰ
2396 2305 2727 2379 ἐγνωσμένα,
2786 2311 2864 2378 τῷ
2919 2304 2975 2361 δέ
3032 2328 3094 2380 γε
3151 2306 3548 2378 Θεσσαλονίκης
3600 2306 3712 2363 οὐδ’

2063 2395 2298 2451 ἀκουστά
2346 2396 2496 2449 ταῦτ’
2554 2396 2712 2464 ἦσαν,
2768 2392 2898 2468 μηδ’
2941 2392 3128 2469 ἄκροις
3178 2395 3278 2451 ὠσὶ
3329 2394 3573 2469 δέξασθαι
3621 2418 3714 2452 κα.

2059 2482 2462 2559 ταδεχομένῳ’
2537 2485 2628 2538 τὸν
2696 2485 2797 2559 γάρ
2854 2490 2954 2553 τῆς
3016 2483 3292 2558 βασιλείας
3350 2485 3706 2561 κληρονόμον

2060 2579 2278 2646 πρῶτον
2334 2574 2491 2643 ἠξίου
2550 2572 2601 2626 ἐν
2662 2577 2789 2627 πᾶσι
2838 2571 3136 2648 γίγνεσθαι.
3170 2574 3257 2635 Ὡς
3292 2571 3347 2627 δὲ
3376 2574 3439 2628 τὸ
3472 2576 3707 2645 Μάρπου

2065 2664 2531 2735 ὑπεμιμνησκετο,
2590 2662 2676 2715 καὶ
2736 2663 2969 2734 πέμπων
3023 2663 3051 2716 6
3104 2662 3405 2737 βασιλεύων
3453 2666 3712 2718 κατωνεί-

2070 2895 2202 2934 cum
2228 2892 2359 2933 ecce
2390 2875 2865 2949 inopinatissime
2895 2876 3242 2949 proponitur
3272 2876 3413 2949 quid
3444 2877 3715 2934 Palmolo-

2067 2984 2179 3041 gus
2237 2983 2471 3038 aequum
2531 2968 2785 3022 censeat.
2836 2966 3132 3022 Turbatur
3188 2966 3413 3033 statim,
3455 2970 3511 3022 et
3558 2967 3714 3022 varie

2067 3073 2341 3113 murmur
2369 3054 2587 3128 gliscit,
2615 3054 2738 3111 haec
2770 3056 3162 3127 quorumdam
3206 3054 3456 3111 aliorum
3489 3055 3601 3111 alia
3629 3056 3715 3112 lo-

2068 3146 2397 3217 quentium.
2436 3145 2660 3201 Auditae
2695 3146 2845 3201 inter
2874 3144 2997 3200 haec
3030 3145 3201 3201 minas
3233 3145 3652 3202 nonnullorum
3685 3162 3716 3202 e

2069 3235 2431 3307 senatu,vim
2455 3250 2635 3307 puero
2655 3234 3022 3290 inferendam
3041 3238 3099 3290 et
3114 3233 3294 3289 vitam
3317 3236 3717 3305 adimendam,

2070 3327 2119 3382 si
2143 3325 2525 3381 obﬁrmarent
2547 3324 2811 3380 animum
2836 3323 3116 3395 praasules
3138 3322 3197 3379 in
3220 3323 3464 3380 consilio
3491 3324 3619 3395 ejus
3636 3325 3721 3380 sic

2068 3415 2221 3470 102
2250 3414 2563 3469 immature
2585 3411 2926 3469 coronandi.
2949 3410 3269 3468 Miscentur
3290 3428 3613 3481 sermones,
3630 3430 3717 3468 aro

2069 3503 2255 3559 descit
2283 3503 2597 3574 contentio,
2617 3506 2825 3558 aestuat
2870 3501 3201 3574 patriarcha
3230 3501 3491 3557 incertus
3532 3502 3717 3557 animi

2069 3608 2246 3663 quam
2278 3591 2337 3646 in
2369 3595 2593 3663 partem
2617 3608 2679 3647 se
2706 3591 3054 3663 adjungant.
3078 3588 3418 3646 Przeterihat
3440 3590 3586 3658 dies,
3612 3607 3717 3647 nec

2069 3681 2204 3736 ﬁnis
2233 3681 2668 3737 dissensionum
2698 3684 2837 3737 erat.
2861 3686 3031 3753 Egre
3052 3680 3288 3736 tandem
3313 3684 3447 3752 post
3468 3679 3715 3736 multam

2070 3768 2503 3825 contentionem
2527 3769 2817 3826 antistites
2837 3770 2907 3825 ad
2924 3768 3228 3840 Palaeologi
3251 3768 3610 3825 desiderium
3635 3769 3720 3825 in-

2069 3858 2370 3915 clinantur
2398 3873 2624 3925 omnes,
2651 3858 2856 3929 paucis
2878 3858 3153 3931 exceptis.
3186 3858 3363 3914 Erant
3394 3857 3455 3913 hi
3489 3858 3717 3914 Andro-

2069 3946 2237 4003 nicus
2275 3946 2603 4014 Sardensis,
2637 3947 2870 4003 Manuel
2918 3944 3462 4003 Thessalonicensis
3505 3963 3719 4019 cogno-

2070 4039 2269 4092 mento
2300 4036 2532 4104 Psaras,
2563 4040 2621 4091 et
2650 4036 2985 4108 Disypatus.
3016 4035 3237 4091 Verum
3268 4034 3607 4105 Sardensis,
3638 4036 3718 4092 si-

2069 4123 2193 4179 mul
2223 4141 2290 4180 ac
2323 4122 2665 4196 patriarchae
2698 4123 2988 4178 sententia
3009 4121 3269 4194 plurium
3302 4137 3585 4193 persuasa
3605 4129 3714 4195 est,

2068 4218 2124 4269 et
2144 4214 2270 4286 ipse
2292 4212 2559 4284 accessit,
2578 4212 2829 4269 multum
2852 4213 2923 4268 ad
2950 4212 3128 4283 hujus
3150 4226 3457 4267 assensum
3481 4212 3715 4269 elicien-

2068 4303 2208 4358 dum
2241 4304 2574 4359 conferente
2598 4301 2886 4358 Germano
2917 4299 3328 4372 AdrianOpolis
3358 4301 3428 4356 ad
3463 4300 3719 4358 Orestia-

2068 4396 2199 4451 dem
2249 4396 2542 4467 episcopo,
2590 4393 2769 4450 simul
2822 4394 2999 4449 etiam
3048 4391 3324 4463 Gregorio
3374 4394 3613 4465 Ancyrze
3658 4399 3716 4451 et

2065 4484 2446 4540 Constantino
2499 4483 2950 4554 Melangiorum.
2974 4484 3045 4536 At
3078 4480 3441 4552 Nicephorus
3472 4481 3717 4553 Ephesi-

2067 4592 2308 4646 nus,v1r
2327 4578 2460 4647 pius
2484 4580 2541 4631 et
2578 4575 2922 4644 honoratus,
2947 4591 3060 4646 pra}
3094 4573 3298 4629 innata
3336 4573 3715 4646 simplicitate

296 4658 593 4715 addebant
620 4662 933 4731 Eutendum
984 4667 1106 4717 arte
1138 4679 1203 4717 ac
1234 4662 1688 4733 gubernandum
1744 4681 1955 4720 arcano
1990 4646 2034 4709 D
2068 4681 2182 4719 non
2217 4646 2465 4736 pervidit
2498 4664 2638 4735 quid
2673 4663 2825 4719 clam
2860 4661 3210 4718 molirentur
3241 4663 3339 4733 qui
3371 4662 3492 4717 hinc
3526 4680 3714 4719 move-

299 4748 549 4803 consilio
584 4751 909 4821 negotium,
943 4767 1046 4806 nec
1082 4750 1243 4822 prius
1274 4753 1343 4807 de
1381 4751 1481 4805 tali
1515 4768 1573 4807 re
1604 4752 1951 4808 hiscendum

294 4852 477 4907 quam
510 4838 631 4907 jam
666 4838 939 4895 inchoata
980 4839 1312 4895 communis
1346 4839 1816 4911 inaugurationis
1846 4859 1954 4896 ca:-

292 4926 584 4991 remonia,
622 4944 692 4981 ne
736 4932 1090 4999 praemature
1130 4929 1272 4999 quid
1325 4933 1651 4984 strueretur
1698 4930 1955 4986 sentiens

290 5018 343 5069 is
378 5015 480 5085 qui
524 5016 799 5071 diadema
839 5021 964 5071 erat
995 5016 1407 5088 impositurus,
1442 5022 1620 5073 totam
1653 5018 1953 5075 soleinita-

293 5106 417 5157 tem
450 5108 510 5158 et
539 5121 609 5159 ex
649 5121 814 5175 aequo
860 5105 1300 5161 coronationem
1335 5108 1647 5179 utriusque
1679 5107 1951 5163 differen-

295 5190 431 5245 dam
468 5190 527 5246 in
560 5198 795 5264 tempus
828 5192 984 5248 aliud
1021 5193 1377 5249 decerneret.

364 5298 421 5351 8.
462 5299 526 5356 Ut
565 5299 904 5370 Palaeologus
933 5309 1244 5375 coronatas,
1274 5318 1416 5372 puer
1442 5320 1567 5359 vero
1599 5302 1878 5375 despectus

1022 5372 1223 5444 fuerit.

360 5456 462 5511 His
489 5458 544 5512 in
572 5458 729 5514 hunc
754 5461 994 5515 modum
1020 5461 1376 5528 constitutis,
1396 5463 1582 5517 adfuit
1607 5463 1761 5517 dicta
1787 5478 1946 5517 coro-

292 5548 517 5601 nationi
556 5548 936 5617 dies,cuncta
966 5554 1132 5604 erant
1173 5550 1243 5604 ad
1286 5553 1685 5607 czeremoniam
1722 5556 1945 5623 parata,

284 5636 473 5691 sacris
509 5637 696 5692 induti
722 5640 981 5705 vestibus
1008 5638 1283 5709 praesules
1307 5641 1363 5694 in
1396 5639 1693 5711 procinctu
1722 5640 1945 5712 religio-

285 5740 365 5779 sa:
399 5725 721 5785 functionis
773 5729 1010 5785 stabant
1051 5732 1108 5784 et
1157 5734 1454 5800 Augustos
1504 5731 1938 5803 exspectabant,

2066 4752 2495 4826 bant,ideoque
2516 4752 2684 4809 facile
2706 4756 2929 4808 tractus
2962 4754 3016 4807 in
3044 4754 3238 4823 partes
3264 4755 3373 4821 est,
3398 4753 3550 4823 quod
3584 4753 3715 4809 aliis

2065 4841 2204 4897 item
2238 4842 2440 4898 multis
2472 4841 2765 4896 usuvenit.
2799 4838 3199 4895 Patriarcham
3246 4855 3417 4910 porro
3449 4840 3713 4896 fraudem

2065 4931 2189 4986 ﬁeri
2221 4949 2335 4987 non
2370 4930 2581 4985 latuit:
2615 4930 2715 4985 sed
2752 4930 2939 4984 facere
2972 4928 3127 4984 aliud
3166 4928 3443 4999 nequivit,
3470 4935 3713 5001 urgente

2063 5022 2325 5092 undique
2354 5017 2735 5090 insuperabili
2770 5019 3142 5074 necessitate.
3167 5018 3384 5074 Tamen
3416 5018 3472 5073 in
3507 5036 3713 5078 omnes

2063 5110 2542 5180 subscripserunt
2573 5108 2803 5161 decreto
2837 5106 3157 5177 communi,
3191 5106 3310 5162 solo
3342 5108 3716 5164 Thessaloni-

2061 5199 2223 5252 censi
2266 5215 2336 5252 ne
2386 5197 2744 5252 mentionem
2778 5195 3016 5264 quidem
3052 5196 3153 5264 rei,
3179 5212 3356 5266 quam
3405 5195 3710 5268 iniquissi-

2060 5302 2218 5339 mam
2252 5286 2516 5356 putabat,
2544 5284 2629 5339 vel
2663 5281 2865 5354 primis
2896 5283 3240 5339 admittente
3271 5286 3535 5341 auribus.
3560 5286 3706 5342 Nam

2059 5374 2287 5444 imperii
2334 5374 2546 5428 hazrcdi
2582 5370 3024 5444 praerogativam
3073 5370 3435 5444 principatus
3467 5391 3707 5430 servan-

2059 5462 2191 5516 dam
2226 5462 2283 5515 in
2317 5462 2589 5517 omnibus
2634 5459 3042 5515 contendebat.
3076 5461 3147 5513 At
3175 5477 3307 5515 cum
3341 5467 3498 5517 esset
3528 5463 3576 5518 ei
3612 5480 3705 5519 re-

2055 5555 2324 5605 vocatum
2362 5551 2416 5604 in
2454 5556 2706 5605 mentem
2732 5547 3075 5602 vocabulum
3114 5553 3363 5620 Marpov,
3390 5553 3543 5623 quod
3578 5553 3703 5623 ipse

2055 5639 2199 5694 coelo
2231 5640 2480 5696 missum
2525 5639 2809 5707 audierat,
2841 5641 2896 5692 et
2928 5654 3031 5709 per
3080 5637 3293 5694 missos
3341 5640 3700 5713 Palmologus

2055 5730 2465 5801 exprobrasset
2498 5729 2652 5785 haud
2688 5735 3114 5799 consequenter
3157 5727 3352 5799 ipsum
3386 5744 3577 5802 agere,
3602 5732 3701 5801 qui
