4090 6416
391 406 497 463 539

1698 397 2003 459 GEORGII
2043 401 2509 456 PACHYMERE

3709 400 3819 458 540

394 531 536 602 διζεν
569 531 644 595 ὡς
676 531 840 594 αὐτὸς
868 528 950 600 εἷή
986 529 1012 584 6
1062 525 1455 605 προαγγέλλων
1508 526 1606 595 τὴν
1662 524 1937 600 βασιλείαν
2000 524 2053 579 ἐν
2082 528 2135 596 Α
2166 524 2523 599 προσέμενος,
2560 525 2683 582 ἀλλ’
2719 525 2768 597 ἐξ
2818 526 3055 600 ἀνάγκης
3087 526 3175 581 καὶ
3213 524 3304 602 βίᾳ
3349 529 3446 581 τοῦ
3500 524 3834 589 συνειδότος⁶

398 620 642 682 ἰδιώταις
688 619 765 676 ἔτι
809 620 1056 675 τελοῦντι
1110 622 1310 687 ζῶντος
1359 620 1455 671 τοῦ
1506 616 1797 691 βασιλέως,
1848 615 2051 676 ἐκεῖνος

395 712 486 766 καὶ
515 709 967 787 προσωμολόγει,
1026 708 1116 763 καὶ
1175 703 1398 779 ἕτοιμον
1458 705 1644 760 ἑαυτὸν
1676 710 1911 781 παρεῖχε
1966 702 2052 758 δέ·

397 798 594 874 χεσθαί
621 820 681 854 τε
709 798 800 853 καὶ
832 798 1091 873 στέργειν,
1142 794 1293 869 εἷ’περ
1355 795 1407 851 έν
1459 796 1625 848 ἅπασι
1673 798 1979 869 προηγοῖτο
2028 793 2056 847 6

397 890 535 945 κατά
581 887 960 962 κληρονομίαν
999 884 1275 962 βασιλεύς.
1334 886 1422 947 Ὠς
1461 881 1507 938 δ’
1564 882 1750 954 ἐκείνῳ
1781 882 2055 957 παρίστων

396 980 487 1033 καί
543 979 603 1032 τὸ
655 974 873 1031 παιδίον
932 973 1385 1049 διερμηνεύοντες
1452 971 1759 1028 κατανεύειν
1816 972 1879 1027 τὸ
1934 992 2057 1027 ται-

397 1069 660 1137 νιωθῆναι
721 1065 884 1139 μόνον
946 1064 1172 1132 ἐκεῖνον,
1229 1064 1321 1117 καὶ
1379 1063 1540 1117 αὑτὸν
1602 1062 1952 1137 ἀγαπᾷν,καῖ
1986 1058 2053 1130 δὴ

395 1160 564 1212 ταῦτα
613 1156 747 1231 πρὸς
794 1156 886 1211 τὸν
933 1153 1194 1229 ἀρχιερέα
1236 1153 1500 1228 ψελλίζον
1548 1152 1733 1228 ἔλεγεν
1766 1152 1840 1207 ὡς
1891 1171 2056 1206 κατα-

402 1246 646 1322 δέχοιτο,
699 1246 748 1299 εἷ’
799 1244 964 1317 μόνον
1019 1244 1154 1299 αὐτὸ
1204 1244 1316 1316 ζῲη
1372 1240 1541 1317 μηδὲν
1588 1244 1757 1306 παθὸν
1803 1239 1861 1296 ἔκ
1910 1261 2059 1302 τινος

398 1340 480 1410 [Ρ.
534 1338 627 1408 66]
675 1333 904 1409 (πολλοὶ
952 1335 1054 1410 γὰρ
1103 1334 1193 1387 καὶ
1242 1332 1510 1402 ἠπείλουν
1554 1331 2060 1403 προεξανίστασθαι,

398 1426 444 1481 εἶ
478 1425 791 1500 ἀντέχοιτο,
824 1424 916 1479 καὶ
946 1424 1007 1477 τὸ
1039 1422 1304 1479 Κελτικὸν
1340 1421 1713 1497 πελεκυφόρον
1766 1424 2059 1498 περιεστὼς

396 1509 621 1587 ἕτοιμον
697 1512 765 1581 ἦν
835 1512 927 1567 καὶ
1002 1512 1137 1566 κατᾶ
1206 1510 1455 1587 φυλακὴν
1512 1511 1601 1565 καὶ
1653 1512 1770 1565 κατ’
1818 1509 2053 1575 ἐπίθεσιν

396 1604 674 1679 πράττειν,
738 1600 834 1679 εἴγ’
886 1600 1128 1676 ὀρισθείη
1182 1600 1328 1675 παρὰ
1373 1604 1481 1655 τῶν
1540 1597 1853 1672 δυναμένων
1890 1602 2056 1673 μάλι-

397 1693 542 1765 στα),
575 1693 604 1746 6
636 1688 927 1767 ἀρχιερεὺς
977 1689 1142 1765 ὀλίγα
1196 1694 1305 1744 τῶν
1352 1689 1499 1764 παρά
1548 1693 1645 1743 τοῦ
1674 1686 1867 1751 παιδὸς
1901 1687 2055 1766 λεγο-

402 1780 579 1854 μένων
612 1778 915 1857 φροντίζων
974 1781 1090 1841 ἑνὸς
1147 1779 1213 1848 ἦν
1273 1782 1369 1832 τοῦ
1427 1778 1559 1854 ὑπὲρ
1590 1776 1797 1833 ἐκείνου
1839 1777 2055 1853 ἀντέχε-

399 1883 543 1935 σθαι.
597 1870 753 1928 Ἀλλ’
810 1870 1079 1945 ἀντίσχειν
1138 1870 1216 1932 εἷς
1269 1871 1429 1932 τέλος
1490 1870 1591 1924 οὐκ
1649 1869 1783 1944 εἶχε*
1845 1867 2049 1924 πολλοὶ

400 1960 503 2037 γάρ
565 1961 657 2015 καὶ
703 1958 1127 2035 προσωνείδιζον
1182 1960 1270 2014 καὶ
1330 1957 1740 2034 προὺτρέποντο
1784 1962 2058 2032 νεμεσῶν-

399 2072 509 2121 τες,
570 2051 614 2107 εἷ
678 2051 843 2125 μόνος
903 2048 1063 2112 αὑτὸς
1106 2051 1275 2122 ὁμόσε
1328 2049 1611 2110 τοσούτοις
1645 2050 1888 2123 χωροίη.
1921 2050 2060 2106 Τότε

393 2142 685 2214 τοιγαροῦν
766 2139 1065 2216 ὑπογράφει
1138 2138 1385 2199 κάκεῖνος
1450 2138 1707 2201 πεισθείς.
1764 2139 1916 2207 ΙΙΛὴν
1980 2137 2056 2200 εἷς

395 2228 629 2297 πιθανὴν
665 2226 927 2284 δοκοῦσαν
964 2228 1290 2304 παραίτησιν
1346 2228 1408 2282 τὸ
1459 2226 1849 2301 ὁμοιοτρόπως
1880 2248 2055 2300 προσ-

397 2318 567 2381 έθετο·
627 2321 725 2372 τοῦ
783 2316 980 2390 ὁμοίου
1037 2317 1138 2393 γὰρ
1199 2316 1285 2372 ἐπὶ
1345 2318 1645 2392 χειρίστοις
1698 2312 2052 2390 λαμϐανομέ-

392 2428 488 2461 νου
519 2406 664 2482 παρᾶ
690 2410 769 2479 τῷ
813 2410 1041 2481 ποιητῇ,
1087 2406 1326 2484 ἐξέφηνεν
1373 2406 1575 2469 ἐκεῖνος
1635 2406 1693 2461 ἐκ
1734 2405 1931 2461 τούτου
1988 2408 2048 2461 τὸ

393 2495 784 2573 ἀναγκαστικὸν
834 2496 924 2551 καὶ
972 2498 1318 2572 κακότροπον
1375 2503 1474 2567 τῆς
1536 2499 1854 2573 ὑπογραφῆς
1895 2539 1908 2564 ,
1970 2498 2045 2559 ὡς

394 2587 494 2641 οὑκ
539 2584 591 2642 ἐν
637 2585 782 2660 καλῇ
832 2583 1047 2650 πάντως
1088 2587 1266 2641 πίστει
1310 2585 1398 2641 καὶ
1456 2585 1642 2661 χάριτι
1698 2586 1797 2653 τὴν
1851 2585 2041 2660 πρᾶξιν

391 2804 484 2860 cui
508 2802 654 2859 alias
678 2803 923 2876 pri-veto,
944 2808 1227 2875 regnante
1249 2802 1442 2858 adhuc
1464 2803 1643 2875 hujus
1668 2802 1831 2874 pueri
1855 2808 2042 2874 patre,

392 2892 705 2964 imperium
737 2891 1125 2964 praedixisset,
1147 2907 1305 2947 nunc
1330 2895 1450 2947 tam
1484 2891 1860 2963 pertinaciter
1889 2892 2046 2948 obsi-

396 2988 574 3039 steret
618 2982 1009 3038 necessariam
1060 2982 1294 3038 tuendae
1326 2982 1597 3053 dignitati
1646 2999 1767 3038 rem
1804 2982 2044 3054 petenti,

396 3070 689 3127 recordari
721 3087 783 3126 se
807 3070 908 3126 ille
954 3087 1020 3126 ac
1070 3071 1338 3143 probare,
1363 3070 1530 3141 dixit,
1553 3073 1649 3127 sed
1694 3073 1777 3127 sic
1809 3073 2044 3127 demum

394 3159 701 3231 Palmologi
735 3159 940 3215 honori
963 3160 1258 3226 assentiri,
1284 3159 1332 3215 si
1356 3160 1577 3231 primas
1599 3162 1752 3216 103
1777 3161 2044 3217 omnium

393 3250 571 3307 ferret
587 3250 685 3321 qui
704 3249 1073 3306 hereditario
1090 3249 1168 3304 im
1180 3250 1744 3322 peraretjure.Tunc
1757 3250 1857 3322 qui
1875 3268 2045 3323 agen-

392 3347 512 3398 tem
545 3341 655 3396 hac
706 3342 1039 3396 constantia
1067 3341 1656 3397 Thessalonicensem
1697 3342 2043 3398 circumsta-

394 3432 1003 3497 bant,admonuerunt
1019 3434 1083 3486 ut
1101 3435 1358 3487 mentem
1380 3431 1703 3486 adverteret
1716 3433 1786 3486 ad
1806 3431 2053 3488 innuen-

392 3525 511 3576 tem
543 3519 657 3593 ipsi
689 3536 792 3591 pro
817 3536 930 3590 quo
956 3523 1077 3574 tam
1108 3519 1453 3591 pugnaciter
1482 3520 1745 3575 certabat
1774 3537 2048 3592 puerum,

393 3613 451 3666 et
480 3613 651 3681 gestu
694 3610 1056 3664 indicantem
1092 3609 1240 3681 aequi
1274 3609 1532 3680 bonique
1563 3626 1625 3665 se
1651 3609 1956 3666 consulere
1987 3613 2052 3665 ut

395 3697 558 3754 solus
587 3697 946 3768 Palaaologus
969 3702 1382 3766 coronaretur;
1417 3715 1532 3770 quo
1556 3698 1701 3754 nihil
1735 3699 1832 3755 ille
1854 3703 2050 3755 motus

395 3785 621 3843 audivit
650 3786 827 3842 etiam
878 3803 1012 3842 mox
1043 3804 1181 3843 voce
1210 3788 1573 3844 balbutiente
1617 3788 1728 3845 sibi
1760 3789 2051 3846 dicentem

394 3876 707 3942 Joannem,
728 3874 996 3930 sufﬁcere
1021 3875 1133 3931 sibi
1157 3880 1297 3932 tunc
1321 3876 1557 3947 quidem
1580 3877 1631 3932 si
1650 3881 1817 3934 tutus
1834 3878 2053 3935 viveret

398 3969 456 4021 et
485 3981 728 4022 securus
752 3983 785 4021 a
803 3965 881 4020 vi.
908 3965 1073 4021 Multi
1094 3966 1249 4021 enim
1277 3966 1657 4023 minabantur
1677 3985 1739 4024 se
1761 3968 1957 4041 ipsum
1981 3970 2053 4023 de

398 4054 590 4111 medio
617 4055 978 4122 sublaturos,
999 4055 1048 4111 si
1072 4056 1398 4125 resisteret;
1425 4057 1736 4128 aderatque
1757 4058 2049 4114 Celtarum

400 4163 635 4204 secures
692 4146 1052 4219 gestantium
1103 4147 1495 4204 circumstans
1544 4148 1774 4214 cohors,
1807 4148 2049 4220 ancipiti

400 4236 683 4309 obsequio
728 4237 799 4292 ad
848 4241 1056 4291 nutum
1090 4238 1487 4308 potentiorum
1537 4243 1762 4309 parata,
1785 4238 1871 4294 vel
1900 4240 2051 4294 tueri

399 4342 649 4396 puerum
672 4325 759 4381 vel
784 4325 1085 4395 tollere,ac
1108 4325 1294 4379 facere
1314 4324 1554 4380 omnino
1578 4326 1867 4397 quidquid
1884 4327 2052 4398 jube-

399 4419 580 4470 retur.
607 4416 717 4471 Sed
765 4415 1361 4476 contemnebatistas
1390 4432 1622 4486 quoque
1652 4421 1719 4471 ut
1762 4418 1925 4489 pueri
1956 4434 2051 4472 ex-

402 4521 637 4576 pressas
690 4510 850 4560 metu
882 4521 1049 4561 voces
1095 4508 1366 4576 perstans
1414 4504 1742 4576 intrepidus
1774 4508 1831 4562 in
1866 4513 2051 4580 coepta

398 4594 820 4650 intercessione
836 4592 1399 4664 Thessalonicensis,
1423 4592 1483 4648 in
1508 4610 1624 4649 uno
1648 4612 1878 4667 semper
1901 4597 2051 4652 fixus

2168 617 2236 671 ’Ὀ
2265 612 2330 684 δὴ
2358 616 2420 670 τὸ
2482 618 2678 689 ὁμοῖον
2731 616 3022 687 ὑπέφηνενο
3071 617 3265 689 ὁμοῖος
3312 614 3415 692 γὰρ
3447 614 3695 690 πόλεμος
3736 618 3831 672 καὶ

2169 706 2363 778 ὁμοῖον
2400 712 2575 781 γῆρας
2603 706 2681 779 τῷ
2711 710 2915 780 ποιητῇ
2969 704 3287 781 λελέχαται.

2242 796 2389 850 Ἐπεὶ
2422 800 2552 871 γοῦν
2594 796 2658 851 τὰ
2709 800 2808 862 τῆς
2863 793 3143 872 βασιλείου
3191 802 3417 865 τελετῆς
3462 794 3687 866 ἤνυσται
3732 795 3827 852 καὶ

2168 880 2274 940 ἔδει
2337 890 2543 961 χωρεῖν
2614 887 2740 947 τοὺς
2819 884 3138 963 στεφθέντας
3205 884 3341 957 πρὸς
3408 883 3475 938 τὰ
3531 883 3827 960 ἀνάκτορα,

2170 978 2513 1049 προηγοῦντο
2576 976 2671 1048 μὲν
2733 976 2784 1028 οἱ
2839 974 2903 1029 τὸ
2951 972 3145 1051 στέφος
3202 971 3504 1045 δεξάμενοι,
3540 973 3829 1046 μεθείπετο

2174 1062 2230 1119 δὲ
2261 1066 2321 1119 τὸ
2360 1063 2572 1119 παιδίον
2607 1065 2709 1119 ὺύκ
2740 1064 2789 1119 ἐν
2825 1064 3001 1142 στέφει
3051 1063 3344 1139 βασιλικῷ,
3377 1062 3503 1119 ἀλλ’
3557 1062 3608 1119 ἐν
3675 1064 3832 1137 μόνῳ

2172 1155 2501 1233 κεκρυφάλῳ
2579 1151 2945 1228 ἡμιτυμϐίῳ,
3006 1153 3185 1217 λίθοις
3239 1153 3329 1207 καὶ
3394 1155 3695 1229 μαργάροις
3738 1175 3836 1208 κε-

2170 1244 2529 1318 κοσμημένῳ.
2567 1249 2660 1301 Ἦν
2701 1242 2746 1298 δ’
2802 1244 2989 1315 ἐκείνῳ
3043 1242 3208 1316 μέλον
3244 1240 3403 1297 οὐδὲν
3458 1244 3535 1316 μὴ
3592 1247 3833 1313 νοοῦντι,

2169 1331 2393 1395 ἕκαστος
2453 1332 2509 1388 δὲ
2578 1335 2638 1388 τὸ
2704 1336 2821 1398 καθ’
2876 1334 3060 1388 ἑαυτὸν
3122 1335 3338 1387 σκοπῶν
3393 1331 3454 1387 ού
3507 1339 3831 1408 προσεῖχεν.

2172 1422 2415 1496 Ἔμελλε
2461 1422 2507 1477 δ’
2551 1423 2748 1485 αὐτοὺς
2793 1423 3008 1485 πάντως
3056 1425 3090 1492 ἡ
3135 1420 3259 1491 δίκη
3295 1421 3372 1484 είς
3430 1421 3491 1475 τὸ
3541 1421 3832 1495 μετέπειτα

2173 1513 2473 1586 μετελθεῖν,
2507 1514 2580 1575 ὡς
2614 1513 2944 1590 ἐγνώκαμεν.

2170 1622 2228 1677 θ’.
2285 1624 2473 1683 ’Όπως
2526 1622 2785 1698 στεφθεὶς,
2879 1618 3125 1698 Μιχαὴλ
3168 1621 3479 1698 ὑπεποιεῖτο
3523 1618 3650 1684 τοὺς
3678 1619 3825 1676 πολ-

2542 1693 2675 1755 λοὺς
2702 1696 2792 1748 καὶ
2824 1693 3013 1768 λόγοις
3042 1695 3130 1748 καὶ
3165 1693 3441 1767 πράξεσιν.
3572 1762 3585 1769 _

2237 1782 2367 1837 Τότε
2398 1781 2455 1838 δὲ
2503 1782 2872 1857 ἀτημελήτως
2919 1782 2982 1837 τὸ
3032 1780 3247 1838 παιδίον
3274 1780 3457 1857 διάγον
3508 1779 3643 1857 πρὸς
3701 1802 3828 1836 παι-

2164 1873 2359 1946 γνίοις,
2413 1875 2476 1942 ἧν
2536 1871 2838 1945 παιδικοῖς,
2897 1874 2985 1927 καὶ
3045 1874 3072 1926 6
3133 1870 3435 1947 βασιλεύων
3476 1868 3526 1925 ἐν
3564 1870 3829 1947 δημηγο-

2171 1962 2312 2036 ρίαις
2343 1970 2441 2032 τῆς
2474 1965 2684 2038 ἡμέρας
2736 1962 3019 2037 συχνάκις.
3052 1962 3169 2025 Εἶθ’
3227 1960 3444 2037 ὕστερον
3503 1961 3591 2015 καὶ
3651 1981 3829 2036 προσ-

2170 2050 2632 2127 φιλοτιμούμενος
2698 2051 2824 2113 τοὺς
2897 2049 3165 2118 πολλοὺς,
3241 2052 3376 2106 κατὰ
3453 2053 3615 2123 μέσον
3676 2055 3829 2122 σφῶν

2168 2140 2408 2217 ἐρῥιπτει
2465 2143 2556 2196 καὶ
2608 2142 2941 2218 ἀμφοτέραις
2995 2138 3247 2216 ἀργύρια.
3306 2141 3375 2197 Οἱ
3426 2138 3481 2195 δὲ
3510 2139 3827 2215 προσυλλέ-

2164 2251 2352 2304 γοντες
2382 2230 2652 2303 ἂνύμνουν
2687 2227 2845 2299 δῆθεν
2877 2231 2968 2285 τὸν
3003 2230 3309 2306 εὐεργέτην,
3369 2226 3586 2285 παιδίον
3633 2230 3722 2285 καὶ
3755 2232 3825 2285 τὰ

2163 2322 2278 2373 κατ’
2308 2320 2481 2375 έκεῖνο
2513 2320 2719 2396 χαίρειν
2754 2319 2965 2388 ἐῶντες,
3004 2317 3136 2392 μηδ’
3181 2322 3236 2373 οῖ
3280 2322 3449 2373 κακοῦ
3480 2314 3681 2381 εἰδότες
3725 2340 3821 2394 γε-

2157 2408 2394 2481 γόνασιν.
2417 2410 2480 2466 Ἡ
2510 2411 2611 2485 γὰρ
2662 2409 2799 2464 κατᾶ
2828 2410 3053 2483 θατέρου
3113 2404 3384 2477 ἐπιϐουλὴ
3441 2410 3525 2483 [Ρ.
3576 2410 3666 2481 67]
3717 2411 3816 2463 τοῦ

2158 2497 2343 2573 ἐτέρου
2372 2498 2606 2554 ἐντεῦθεν
2639 2497 2868 2574 ἤρχετο.
2909 2498 2969 2553 Τί
3011 2502 3139 2574 γοῦν
3187 2493 3383 2555 λοιπόν
3418 2521 3432 2569 ;
3487 2499 3665 2575 ὑγρῶν
3722 2494 3813 2552 ὅν-

2154 2607 2260 2641 των
2294 2583 2371 2641 ἔτι
2400 2592 2506 2642 τῶν
2555 2589 2945 2664 γεγραμμένων
2999 2587 3149 2643 αὐτοὶ
3198 2586 3544 2661 κατημέλουν
3601 2590 3677 2660 μή
3728 2586 3810 2660 ξί-

2156 2809 2469 2861 excusante
2487 2805 2875 2872 conscientia;
2900 2804 3148 2876 ideoque
3175 2804 3232 2859 id
3253 2803 3525 2860 similiter
3544 2820 3606 2860 se
3626 2804 3813 2861 facere

2157 2894 2395 2961 dixisse,
2430 2893 2538 2950 hoc
2569 2898 2658 2949 est
2700 2894 2978 2966 pessime,
3003 2909 3117 2965 quo
3152 2909 3328 2950 sensu
3362 2892 3556 2949 simile
3587 2892 3809 2950 bellum

2157 2988 2212 3039 et
2245 2983 2434 3039 simile
2464 2984 2697 3039 senium
2726 2988 3016 3039 Homerus
3048 2983 3279 3039 dixerit.

2227 3072 2300 3129 Ut
2329 3090 2464 3146 ergo
2498 3074 2888 3129 coronationis
2934 3071 3283 3129 cmrcmonia
3333 3074 3563 3144 peracta
3610 3077 3718 3141 est,
3753 3074 3811 3128 et

2158 3164 2469 3235 procedere
2501 3163 2558 3217 in
2593 3161 2876 3233 palatium
2925 3164 3222 3234 Augustos
3255 3161 3530 3232 oportuit,
3565 3161 3803 3231 praeivc-

2158 3256 2297 3308 runt
2319 3252 2416 3323 qui
2437 3251 2695 3307 coronati
2721 3249 3327 3322 fuerantPalaaologus
3347 3265 3477 3306 cum
3500 3250 3651 3303 104
3669 3264 3803 3303 con-

2150 3345 2313 3415 juge,
2339 3346 2471 3414 post
2491 3343 2651 3413 ipsos
2676 3358 2822 3414 puer
2854 3342 2981 3397 sine
3007 3341 3165 3412 regia
3186 3357 3421 3411 corona,
3446 3339 3546 3396 sed
3578 3338 3807 3409 simpli-

2154 3434 2298 3489 citer
2315 3431 2626 3488 redimitus
2643 3432 2789 3487 vitta
2810 3433 3103 3487 fimbriata
3126 3430 3379 3503 gemmis
3396 3433 3454 3486 et
3472 3428 3809 3503 margaritis

2154 3527 2376 3579 ornata.
2401 3523 2517 3578 Nec
2539 3522 2636 3577 ille
2659 3522 2717 3577 id
2746 3522 2973 3578 scilicet
2994 3522 3259 3585 curabat,
3285 3537 3390 3592 per
3411 3524 3639 3575 aetatem
3668 3536 3813 3575 non-

2155 3614 2297 3668 dum
2330 3612 2614 3668 sentiens.
2639 3614 2709 3666 Et
2735 3628 2806 3667 ne
2832 3612 2904 3667 ad
2935 3612 3095 3666 istud
3119 3625 3472 3682 magnopere
3494 3612 3813 3680 prazsentes

2156 3703 2542 3768 adverterent,
2558 3718 2625 3757 ea
2646 3717 2825 3757 causa
2849 3704 2993 3765 erat,
3015 3700 3171 3773 quod
3194 3698 3360 3755 veriti
3389 3699 3612 3771 passim
3638 3715 3813 3770 quor-

2155 3807 2289 3848 sum
2336 3790 2459 3845 haec
2487 3793 2814 3861 vergerent,
2835 3789 3145 3845 vertebant
3193 3804 3297 3860 pro
3329 3804 3391 3844 se
3420 3788 3667 3860 quisque
3709 3803 3809 3841 cu-

2156 3899 2251 3937 ras
2282 3882 2342 3936 in
2375 3896 2523 3947 sese,
2558 3897 2622 3935 ac
2652 3879 2739 3935 vel
2788 3880 2846 3935 in
2881 3882 3041 3935 metu
3073 3878 3164 3934 vel
3196 3878 3257 3933 in
3289 3893 3393 3949 spe
3442 3892 3639 3931 rerum
3673 3893 3807 3948 pro-

2154 3972 2419 4044 priarum
2460 3970 2825 4026 habitabant.
2861 3970 3076 4025 Omnes
3126 3984 3297 4040 porro
3355 3966 3814 4022 machinationis

2155 4062 2335 4131 hujus
2366 4060 2663 4117 insidiosa:
2696 4058 3012 4132 participes
3040 4058 3237 4113 divina
3266 4056 3579 4123 deinde,ut
3601 4071 3812 4127 cogno-

2154 4151 2367 4222 vimus,
2402 4167 2507 4206 suo
2539 4154 2800 4222 tempore
2832 4148 2977 4205 ultio
3009 4148 3253 4219 excepit.

2225 4260 2277 4314 9.
2316 4262 2379 4317 Ut
2407 4266 2695 4315 coronatus
2729 4258 2971 4315 Michael
2999 4257 3419 4313 multitudinem
3447 4255 3736 4313 delinz’erz’t

2741 4332 2923 4386 verbis
2953 4338 3004 4385 et
3033 4329 3213 4399 fartis.

2227 4430 2388 4478 Tunc
2418 4440 2550 4478 vero
2594 4438 2859 4477 securam
2895 4420 3075 4475 vitam
3115 4436 3262 4491 puer
3291 4420 3511 4490 degens
3558 4421 3717 4473 totus
3750 4418 3811 4473 in

2156 4511 2401 4567 ludicris
2424 4516 2479 4567 et
2501 4511 2661 4567 illius
2684 4509 2872 4565 aetatis
2905 4507 3356 4565 remissionibus
3378 4511 3519 4563 erat.
3546 4507 3813 4578 Impera—

2156 4605 2248 4655 tor
2276 4600 2491 4671 saapius
2523 4600 2580 4655 in
2615 4599 2708 4655 die
2752 4600 2822 4655 ad
2867 4598 3208 4654 concionem
3241 4596 3492 4661 dicebat,
3521 4597 3809 4653 subinde-

401 4702 467 4742 eo
500 4686 653 4758 quod
705 4686 951 4741 dixerat.
991 4687 1199 4740 Verum
1235 4684 1549 4755 persistere
1600 4686 1670 4740 ad
1722 4690 2047 4742 extremum
2080 4676 2124 4741 D
2157 4695 2378 4761 que,ut
2404 4688 3159 4763 pororaverat,dcliniendae
3182 4704 3359 4743 causa
3384 4687 3811 4755 multitudinis,

394 4793 511 4831 non
544 4774 764 4832 valuit:
791 4777 1023 4831 coortus
1054 4775 1209 4830 enim
1238 4779 1329 4830 est
1353 4774 1573 4829 clamor
1604 4775 1661 4830 in
1694 4792 1827 4831 eum
1862 4776 2045 4848 pluri-

396 4882 625 4921 morum
646 4865 913 4921 certatim
936 4881 1049 4935 qua
1068 4864 1431 4919 monentium
1453 4879 1569 4934 qua
1591 4865 2043 4937 increpantium,

395 4954 604 5025 ecquid
639 4955 883 5026 puderet
913 4970 1098 5009 unum
1134 4956 1215 5008 tot
1245 4957 1301 5007 et
1330 4952 1554 5008 talibus
1583 4953 1721 5010 viris
1754 4971 1949 5010 coram
1986 4956 2045 5010 in

392 5060 461 5102 os
494 5046 779 5101 obsistere
806 5046 1236 5116 adversumque
1268 5043 1640 5100 niti?Victus
1672 5046 1852 5118 igitur
1881 5047 2045 5101 deni-

399 5151 509 5206 que
540 5135 914 5206 subscripsit,
938 5137 1038 5192 sed
1073 5135 1146 5191 iis
1174 5134 1366 5190 verbis
1391 5152 1516 5205 qua:
1539 5140 1691 5191 recte
1714 5136 2046 5208 intelligen-

399 5225 557 5280 tibus
592 5230 850 5280 exortam
886 5224 1087 5280 manui
1137 5223 1652 5296 subscriptionem,
1678 5243 1794 5281 non
1848 5227 2045 5283 animo

400 5312 749 5369 sententiam
784 5312 1105 5368 indicarent
1131 5330 1144 5368 :
1171 5313 1486 5385 adscripsit
1507 5314 1658 5370 enim
1688 5315 1963 5371 similiter
1984 5333 2046 5371 se

400 5401 695 5470 assentiri,
725 5417 949 5455 memor
994 5402 1146 5472 apud
1199 5406 1426 5474 poetam
1461 5402 1653 5458 simile
1686 5406 1756 5458 ad
1806 5405 2045 5475 pessimi

399 5497 891 5571 signiﬁcationem
944 5497 1327 5563 trahi.Quare
1377 5497 1459 5553 sic
1510 5500 1794 5555 innuebat
1841 5518 1902 5557 se
1950 5520 2043 5558 co-

399 5592 591 5643 actum
631 5592 887 5643 extrema
922 5586 1282 5653 necessitate,
1310 5592 1512 5642 contra
1540 5594 1818 5658 mentem,
1845 5599 1908 5645 ut
1942 5593 2044 5647 bo-

398 5692 541 5732 num
602 5678 959 5749 approbasse
1009 5675 1403 5744 visum,quod
1455 5677 1671 5732 malum
1715 5678 2041 5752 judicabat,

395 5764 750 5823 reclamante
775 5766 1153 5840 persuasione
1176 5764 1356 5820 animi
1380 5782 1444 5820 ac
1467 5766 1582 5821 vim
1608 5767 2038 5826 ineluctabilcm

2155 4784 2461 4851 argenteos
2489 4785 2736 4850 utraque
2762 4795 2940 4833 manu
2964 4777 3023 4832 in
3050 4778 3310 4832 medium
3335 4777 3577 4832 conferti
3605 4778 3809 4850 populi

2147 4868 2427 4938 jactabat.
2464 4868 2547 4923 Illi
2580 4868 2845 4924 certatim
2868 4865 3208 4938 colligentes
3232 4864 3509 4921 laudibus
3540 4866 3814 4924 videlicet

2155 4956 2441 5012 tollebant
2487 4958 2817 5013 beneﬁcum
2875 4954 3250 5027 largitorem,
3311 4972 3556 5026 puerum
3608 4960 3665 5010 et
3714 4973 3812 5013 res

2155 5047 2284 5116 ejus
2314 5046 2505 5102 valere
2527 5046 2837 5117 jubebant,
2868 5046 3053 5117 ignari
3091 5044 3329 5114 quidem
3366 5061 3481 5117 quo
3514 5043 3810 5101 malorum

2155 5138 2548 5193 devenissent.
2573 5137 2718 5191 Nam
2755 5136 2923 5191 initia
2946 5136 3067 5191 haec
3094 5134 3633 5190 erantinsidiarum
3664 5135 3811 5190 alte-

2155 5228 2279 5283 rius
2312 5231 2715 5299 Augustorum
2746 5226 2805 5280 in
2840 5225 3111 5280 alterum.
3146 5224 3403 5295 Populus
3428 5229 3624 5280 autem
3657 5223 3808 5280 obli-

2155 5322 2250 5373 tus
2282 5322 2402 5371 tam
2430 5316 2541 5372 cito
2567 5317 2777 5386 juratae
2818 5315 2877 5369 in
2912 5315 3169 5385 primum
3200 5313 3553 5368 insidiarum
3582 5313 3810 5368 machi-

2156 5411 2420 5461 natorem
2455 5405 2736 5473 ultionis,
2767 5404 2959 5458 adhuc
2992 5403 3123 5458 udis
3150 5419 3216 5456 ex
3268 5403 3484 5457 recenti
3511 5402 3813 5473 scriptura

2154 5497 2372 5552 tabulis
2403 5496 2637 5551 fmderis
2667 5496 2818 5549 inter
2838 5496 3135 5563 Augustos
3164 5498 3528 5548 sacramento
3560 5494 3808 5561 firmati,

2154 5595 2271 5642 tam
2300 5586 2472 5657 longe
2510 5587 2712 5641 aberat
2743 5602 2775 5638 a
2806 5584 3145 5654 stringendo
3187 5584 3381 5655 gladio
3412 5584 3469 5639 in
3504 5589 3808 5641 auctorem

2152 5676 2404 5747 injuriae,
2440 5680 2504 5731 ut
2530 5675 2640 5747 ipsi
2673 5673 3030 5730 eﬂ'usissime
3063 5672 3465 5745 applauderet.
3505 5676 3567 5729 In
3602 5674 3811 5730 ordine

2152 5765 2542 5823 ecclesiastico
2582 5765 2773 5818 clerus
2823 5764 3058 5833 quidem
3110 5763 3169 5815 in
3222 5764 3346 5834 pari
3396 5779 3531 5818 eum
3587 5763 3807 5835 populo
