4090 6408
317 431 424 486 541

1400 428 1493 481 DE
1532 426 1908 481 MICHAELE
1949 422 2395 479 PALEOLOGO
2432 424 2564 478 LIB.
2607 427 2676 479 II.

3643 424 3752 482 542

318 577 422 636 φος
474 553 609 610 κατᾶ
636 554 702 608 τὰ
732 548 1110 626 ὁμωμοσμένα
1138 555 1327 606 κινεῖν.
1389 549 1453 607 Et
1514 548 1570 606 δὶ
1617 555 1717 620 τῆς
1748 546 2197 636 Ἐκκληολτῶν
2244 548 2456 636 άγαθῶν
2506 547 2641 616 ἦσαν
2692 544 2954 636 ἐλπίδων,
3009 548 3105 606 κᾶν
3168 545 3371 629 φόϐους
3428 570 3512 612 τις
3569 546 3749 626 λέγοι.

318 645 441 707 σίας
472 642 567 699 κᾶν
603 645 631 698 ὁ
660 643 872 716 κλῆρος
903 640 1131 714 ἡμέλει,
1163 637 1287 694 άηλ¹
1322 638 1374 695 ο¹ί
1404 662 1464 717 γε
1493 641 1555 695 τὸ
1598 639 1983 716 ἀρχιερατικὸν

316 736 536 808 ἀξίωμα
586 732 858 810 φέροντες,
906 728 960 785 τί
1013 731 1089 803 μὴ
1140 726 1362 804 ἔχοντες
1395 730 1641 802 ἀμύνειν,
1699 730 1791 783 τὸν
1852 727 1981 784 λαὸν

316 823 464 882 οὕτω
520 818 905 879 κατενεπέδουν
952 816 1279 894 φρικώδεσιν
1330 817 1517 895 ὅρκοις
1570 818 1696 873 ὥστ’
1742 817 1793 888 ἐξ
1824 816 1987 891 ἀνάγ-

316 937 425 985 κης
453 910 508 970 ’ἐν
548 916 657 967 τῶν
701 908 796 966 δύο
843 908 1061 971 τούτοις
1107 902 1539 981 ἐπισυμϐαίνειν,
1596 907 1631 976 ἢ
1691 906 1987 985 ἐμφυλίοις

316 1001 591 1058 ἐνδιδόναι
618 999 892 1073 πολέμοις
920 996 1011 1053 καὶ
1063 999 1410 1075 σφάττεσθαι,
1461 998 1496 1067 ἢ
1552 997 1660 1069 μὴν
1716 994 1781 1051 τὰ
1832 998 1985 1071 μέγι-

317 1114 420 1148 στα
479 1092 555 1154 εἷς
619 1089 747 1147 Θεὸν
810 1089 1138 1164 ἁμαρτάνειν
1207 1085 1592 1162 ἐπιορκοῦντας
1626 1128 1638 1142 .
1700 1084 1855 1143 Ἀλλ’
1913 1085 1986 1147 ὡς

313 1180 486 1249 ἔοικε,
547 1182 608 1235 τὸ
668 1180 815 1252 παρὰ
869 1174 1110 1239 πολλοῖς
1174 1174 1513 1249 ὑμνούμενον
1560 1172 1784 1245 ἀληθὲς,
1819 1176 1891 1237 ὡς
1924 1175 1985 1230 τὸ

317 1269 529 1345 μέλλον
581 1268 823 1345 γενέσθαι
885 1264 1233 1342 ἆντιπράττει
1278 1265 1367 1320 καὶ
1419 1269 1497 1336 τῷ
1544 1270 1782 1340 φρονεῖν.
1814 1266 1987 1320 Ἐκεῖ-

312 1382 411 1425 νος
483 1360 662 1414 τοίνυν
749 1357 878 1431 μεθὸ
950 1356 1040 1411 καὶ
1117 1352 1553 1430 δημηγορήσειε,
1622 1358 1837 1416 κοντοῖς
1895 1344 1984 1407 καὶ

315 1448 574 1525 σφαίραις
612 1451 730 1509 τοῖς
780 1444 1013 1522 ἅργουσι
1063 1442 1423 1513 συνιππάζετό
1475 1464 1533 1498 τε
1589 1444 1678 1498 καὶ
1738 1442 1986 1498 συνέπαι-

320 1546 403 1611 ζε,
432 1538 523 1594 καὶ
554 1539 731 1614 τρυφή
764 1537 830 1605 ἦν
878 1540 993 1598 τοῖς
1045 1533 1311 1610 βλέπουσι
1368 1534 1437 1589 τὰ
1466 1534 1833 1609 πραττόμενα.
1893 1532 1987 1595 Εἷς

316 1627 481 1683 τόσον
530 1625 586 1682 δὲ
638 1628 701 1682 τὸ
760 1627 977 1695 πλῆθος
1038 1622 1373 1700 δημηγορῶν
1431 1622 1508 1685 εί¹ς
1562 1622 1736 1678 ἄνεσιν
1797 1620 1986 1699 ἔτρεπε

316 1718 413 1773 καί
452 1738 573 1791 σφιν
633 1712 879 1791 χρηστὰς
927 1714 1023 1776 τὰς
1074 1711 1302 1775 ἐλπίδας
1357 1713 1625 1769 ὑπέτεινεν
1678 1712 1752 1776 ὡς
1798 1710 1986 1773 καλῶς

318 1807 401 1869 εἷς
458 1805 684 1861 τούπιὸν
733 1804 1045 1879 βιώσουσιν,
1110 1802 1247 1857 ὣστε
1306 1802 1396 1857 καὶ
1450 1801 1692 1877 χαρίτων
1738 1801 1981 1876 ἀρχαίων

2092 635 2158 693 Et
2188 634 2316 712 γοῦν
2350 636 2532 707 ἀληθῆ
2584 636 2650 692 τὰ
2690 635 3059 716 φοιϐάσματα,
3092 637 3285 710 ἔδειξεν
3315 641 3343 695 ὁ
3391 641 3601 713 καιρὸς,
3658 640 3750 695 καὶ

2093 727 2259 798 ἡμεῖς
2307 728 2442 781 κατᾶ
2469 725 2635 781 τόπον
2669 725 2920 802 ἐροῦμεν,
2966 728 3135 801 μηδὲν
3187 728 3508 805 προσθέντες
3539 730 3616 792 είς
3646 730 3745 799 τήν

2092 821 2194 884 τῆς
2242 814 2502 885 ἀληθείας
2558 816 2852 878 σύστασιν.
2924 816 3064 874 Τότε
3127 817 3310 873 τοίνυν
3372 818 3454 897 ἐφ’
3510 818 3747 892 ἡμέραις

2092 906 2201 959 τισὶ
2235 901 2517 979 διατρίψας
2546 906 2683 961 κατὰ
2712 907 2810 975 τήν
2840 908 3095 978 Νίκαιάν,
3122 906 3240 963 ἐπεῖ
3264 906 3610 964 παλινοστεῖν
3642 904 3749 964 ἔδει

2095 997 2233 1070 πρὸς
2260 994 2570 1073 Νύμφαιον,
2602 999 2681 1067 τῷ
2726 994 3041 1072 πατριᾶρχῃ
3090 997 3503 1071 συνταξάμενος,
3551 997 3641 1053 καὶ
3688 999 3751 1052 τὸ

2094 1080 2312 1138 παιδίον
2340 1079 2672 1157 παραλαϐὼν
2707 1086 2733 1140 ὁ
2754 1081 3002 1156 κηδεύειν
3040 1085 3300 1161 ὑποσχὼν
3328 1085 3535 1158 ἑαυτὸν,
3557 1083 3749 1158 ἔξεισιν

2095 1173 2209 1246 ἅμα
2234 1178 2353 1237 τοῖς
2384 1172 2435 1228 ἐν
2475 1172 2619 1229 τέλει
2649 1174 2737 1228 καὶ
2766 1177 2841 1247 τῷ
2870 1179 3104 1250 στρατῷ.

2100 1281 2146 1337 ι’.
2180 1281 2371 1341 Ὅπως
2407 1279 2902 1359 ὑποστραφεὶςλείς
2934 1280 3222 1359 Νύμφαιον
3244 1285 3389 1359 μετὰ
3416 1286 3513 1339 τοῦ
3553 1281 3748 1347 παιδὸς

2476 1348 2728 1427 πρέσϐεις
2760 1350 2976 1428 ἐδέχετο
3006 1348 3369 1431 πανταχόθεν.

2166 1444 2250 1515 [Ρ.
2281 1443 2372 1513 68]
2406 1441 2505 1497 Καὶ
2566 1442 2593 1495 ὁ
2657 1441 2750 1515 μὲν
2807 1438 3129 1498 καταλαϐὼν
3184 1444 3245 1497 τὸ
3297 1442 3585 1519 Νύμφαιον
3616 1449 3748 1519 Περ-

2096 1535 2201 1585 σῶν
2257 1532 2352 1603 μὲν
2411 1527 2630 1605 ἐδέχετο
2679 1526 2933 1605 πρέσϐεις
2989 1533 3080 1586 καί
3114 1529 3281 1609 δῶρα,
3313 1532 3404 1587 καὶ
3451 1537 3530 1605 τῷ
3580 1533 3743 1589 σουλ-

2092 1619 2185 1674 τᾶν
2244 1620 2681 1695 καταιγιζομένῳ
2739 1619 2799 1676 ἐκ
2846 1618 3178 1697 παλιρροίας
3218 1623 3556 1698 πραγμάτων
3593 1624 3752 1678 ὑπισ-

2097 1713 2280 1784 χνεῖτο
2340 1708 2821 1785 προσχωρήσαντά
2901 1712 2953 1765 οἱ
3024 1709 3239 1773 ὑπτίαις
3316 1708 3567 1787 δέχεσθαι
3631 1717 3751 1774 ταῖς

2094 1796 2252 1873 χερσὶ
2296 1796 2384 1852 καὶ
2434 1799 2509 1861 εἲς
2553 1800 2739 1871 καιρὸν
2772 1800 3006 1873 πέμπειν
3066 1800 3217 1862 αὖθις
3278 1802 3393 1873 μετ’
3451 1797 3747 1878 ἀσφαλείας

315 1894 625 1985 πολιτικῶν
665 1894 1078 1966 ὑπεμίμνησκεν
1136 1890 1445 1985 ἐλευθερίας
1508 1892 1783 1985 φερουσῶν
1839 1888 1981 1985 σύμμ-
2013 1918 2058 1985 Β
2090 1890 2199 1941 τῶν
2226 1886 2561 1985 πραγμάτων
2594 1889 3033 1985 ἡσυχασοέντων.
3086 1890 3148 1985 ’ρ
3202 1888 3303 1965 γὰρ
3336 1888 3746 1985 Μελὴκ.προσ-

317 1980 513 2042 ϐολον.
573 1986 745 2038 Ἦσαν
798 1980 845 2037 δ’
877 1982 1075 2038 ἐκεῖναι
1125 1978 1503 2055 προσκλώθειν
1559 1979 1655 2043 τὰς
1708 1976 1982 2052 γενειάδας
2013 1975 2420 2051 “’κεχωρήκει,
2473 1976 2561 2031 καὶ
2621 1975 2739 2040 δέος
2798 1979 2865 2046 ἦν
2896 1981 2975 2050 τῷ
3030 1976 3259 2033 σουλτᾶν
3298 1979 3500 2051 μήπως
3539 1976 3744 2043 ἐκεῖνος

314 2075 585 2136 πὲκοντας
640 2071 730 2127 καὶ
788 2069 1000 2147 χαίρειν
1051 2067 1268 2140 ἀνέδηνο
1326 2069 1415 2123 καί
1471 2088 1614 2130 τινες
1661 2064 1981 2143 προσέκλω-

317 2177 412 2229 θον
476 2162 628 2239 δίχα,
700 2162 790 2218 καὶ
870 2167 1004 2239 σφᾶς
1061 2159 1247 2236 ἐώρων
1311 2158 1414 2233 ἐγὼ
1472 2156 1837 2235 γαννυμένους
1898 2156 1980 2212 ὅτι

310 2258 482 2309 τοῦτο
531 2252 741 2309 κελεύει
794 2253 822 2306 ὁ
876 2248 1153 2326 βασιλεὺς,
1204 2250 1305 2318 τὴν
1354 2247 1439 2303 ἐπὶ
1490 2251 1598 2303 τῶν
1644 2248 1980 2323 πραγμάτιον

317 2344 613 2416 εὐμάρειαν
677 2340 1133 2415 ὑπισχνούμενος.
1190 2337 1358 2395 Ἦσαν
1416 2333 1473 2391 δέ
1524 2358 1664 2397 τινες
1726 2336 1823 2390 οὐκ
1880 2332 1987 2390 οἷδ’

316 2432 517 2487 ὁπόθεν
575 2434 682 2487 τῶν
744 2428 1061 2504 μελλόντων
1111 2421 1543 2504 προφοιϐασταὶ,
1601 2426 1691 2481 καὶ
1750 2424 1980 2480 κλώθειν

316 2521 682 2595 προσέταττον
717 2519 975 2595 χαίρουσι
1006 2520 1123 2580 τοῖς
1174 2515 1579 2588 ἐλπιζομένοις,
1628 2516 1701 2577 ὡς
1761 2519 1981 2591 συροῦσι

318 2610 693 2683 λυπουμένοις
744 2614 861 2672 τοῖς
916 2604 1336 2683 πραττομένοις,
1395 2604 1441 2659 εί
1490 2607 1715 2675 πεινῷεν
1769 2602 1983 2658 ἐσύστε-

319 2718 438 2775 ρον.
475 2700 544 2757 O't
576 2695 623 2754 δ’
656 2699 733 2760 ὡς
778 2695 997 2760 είκαίως
1043 2695 1365 2771 λεγομένοις
1397 2694 1458 2749 οὗ
1490 2698 1809 2768 προσεῖχον,
1836 2689 1983 2746 ἀλλὰ

328 2915 813 2976 dissimulatione
846 2931 910 2971 ac
941 2930 1137 2971 rerum
1171 2930 1295 2986 quae
1329 2911 1770 2968 attentabantur
1801 2908 1984 2981 negli-

326 3006 533 3080 gentia
566 3004 911 3061 versabatur
944 3019 958 3058 :
992 3002 1249 3075 episcopi
1284 3004 1480 3058 autem
1532 3015 1648 3056 non
1699 2998 1984 3056 habentes

321 3094 486 3150 aliud
521 3108 637 3165 quo
665 3107 913 3165 puerum
937 3090 1315 3147 defenderent
1344 3093 1446 3145 aut
1475 3090 1606 3161 ejus
1636 3086 1832 3144 violati
1858 3103 1982 3143 sce-

316 3185 421 3241 lus
458 3182 909 3250 ulciscerentur,
942 3179 1300 3237 insistebant
1341 3178 1631 3252 adigendo
1676 3176 1888 3251 populo
1920 3177 1980 3233 in

321 3290 477 3330 nova
502 3276 557 3327 et
588 3270 734 3327 diris
762 3269 1285 3343 imprecationibus
1315 3268 1620 3324 tremenda
1643 3268 1982 3339 juramenta

320 3360 645 3436 praestandi
665 3361 821 3433 quod
842 3359 1216 3433 promiserat.
1232 3358 1314 3414 Ex
1331 3374 1446 3430 quo
1463 3358 1713 3413 alterum
1733 3357 1988 3412 duorum

325 3451 666 3508 necessario
720 3454 1063 3506 secuturum
1116 3452 1261 3519 erat,
1303 3464 1515 3520 nempe
1566 3452 1631 3504 ut
1679 3450 1782 3504 aut
1832 3445 1989 3502 civili

327 3540 488 3598 bello
546 3545 770 3597 temere
815 3543 1091 3613 suscepto
1140 3554 1269 3595 sese
1315 3538 1700 3595 trucidandos
1748 3536 1988 3593 armatis

330 3631 783 3703 objicerent,aut
832 3628 1173 3703 inexpiabili
1204 3646 1267 3685 se
1298 3627 1519 3701 ﬂagitio
1551 3627 1791 3701 perjurii
1829 3626 1985 3700 apud

330 3726 517 3778 Deum
550 3721 896 3794 obligarent.
924 3721 1031 3777 Sed
1081 3734 1283 3775 verum
1335 3726 1422 3774 est
1463 3717 1705 3790 vulgare
1735 3717 1986 3785 dictum,

331 3812 492 3884 quod
527 3811 677 3869 105
715 3812 957 3868 omnino
992 3809 1254 3865 futurum
1297 3812 1387 3865 est
1431 3806 1594 3863 nulla
1642 3822 1814 3879 posse
1844 3822 1988 3879 pru-

328 3900 528 3957 dentia
580 3900 869 3972 pravorti.
911 3898 1197 3955 Caeterum
1257 3896 1618 3969 Palaeologus
1676 3900 1809 3967 post
1854 3894 1987 3952 illas

329 3989 644 4047 conciones
668 3988 854 4045 contis
877 3992 933 4045 et
960 3987 1080 4062 pila
1102 3985 1405 4044 colludens
1429 4003 1561 4041 cum
1595 3985 1984 4060 principibus,

324 4079 556 4135 ludicra
613 4078 909 4151 equestria
966 4093 1184 4150 magna
1243 4074 1638 4149 spectantium
1688 4074 1986 4148 voluptate

323 4168 698 4226 decurrebat.
732 4171 911 4224 Porro
944 4166 1076 4223 istis
1125 4165 1509 4223 concionibus
1557 4168 1786 4221 tantum
1818 4165 1981 4221 bonae

322 4258 449 4331 spei
496 4256 831 4331 laetitiaeque
879 4256 1267 4331 popularibus
1318 4254 1532 4311 animis
1585 4255 1884 4325 iniecerat,
1919 4258 1983 4310 ut

322 4346 496 4421 quasi
545 4346 689 4404 certi
736 4348 1036 4403 duraturae
1088 4346 1386 4402 felicitatis
1424 4345 1605 4402 vitam
1656 4344 1770 4401 sibi
1820 4344 1982 4401 omni

320 4438 715 4512 prosperitate
733 4436 1092 4494 cumulatam
1117 4437 1177 4492 in
1203 4441 1502 4508 posterum
1524 4442 1980 4509 augurarentur,

2089 2062 2328 2138 ἐπανήξῃ
2388 2066 2505 2137 μεθ’
2555 2066 2770 2137 ἱκανῆς,
2816 2066 2906 2121 καὶ
2955 2066 3087 2137 ὅσην
3138 2066 3237 2122 οὐκ
3290 2069 3356 2137 ἦν
3418 2067 3741 2138 ὑποστῆναι,

2090 2150 2392 2226 δυνάμεως.
2428 2153 2659 2230 Ἐγγύας
2714 2152 2759 2209 δ’
2813 2151 2992 2210 ἐδίδου
3047 2158 3145 2210 τοῦ
3202 2157 3279 2230 μὴ
3329 2151 3740 2233 φοϐεῖσθαιτήν

2089 2241 2259 2298 πάλαι
2291 2244 2579 2314 συνήθειαν
2611 2239 3039 2320 Ἐπρεσϐεὖοντο
3091 2241 3148 2299 δὲ
3204 2244 3341 2321 πρὸς
3392 2245 3597 2301 ἐκεῖνον
3653 2246 3745 2302 καὶ

2091 2329 2142 2386 οἱ
2198 2331 2333 2387 κατᾶ
2400 2332 2499 2401 τὴν
2559 2330 2937 2407 μεγαλόπολιν
3012 2333 3242 2405 Ἰταλοὶ,
3300 2333 3391 2389 καὶ
3452 2334 3746 2411 άνακωχὴν

2090 2419 2269 2477 ἐδίδου
2298 2425 2366 2496 τῇ
2407 2422 2544 2498 πρὸς
2573 2420 2815 2487 ἐκείνους
2868 2420 3044 2498 μάχῃ,
3097 2424 3172 2487 ὡς
3227 2422 3317 2480 καὶ
3380 2425 3496 2497 μετ’
3557 2422 3743 2500 ὀλίγον

2089 2512 2473 2587 κραταιότερον
2528 2510 2882 2585 σπεισόμενος
2942 2513 3121 2589 σφίσιν
3155 2554 3170 2581 ,
3248 2512 3293 2568 εἰ
3350 2513 3743 2589 προτενοῢντός

2087 2620 2208 2656 τινα
2233 2600 2582 2675 ἐκπληροῖεν.
2618 2600 2770 2670 Ηλήν
2821 2599 2913 2656 καί
2957 2600 3085 2664 τοὺς
3137 2595 3390 2678 πρέσϐεις
3437 2603 3745 2676 Ῥωμαίους

2090 2690 2180 2745 καὶ
2240 2690 2299 2746 ἐκ
2353 2688 2639 2764 Ῥωμαίων
2702 2686 2856 2752 ὄντας
2906 2690 2980 2753 ὡς
3017 2690 3132 2765 εἶχέ
3167 2692 3596 2767 μετεχειρίζετο,
3652 2690 3744 2747 καὶ

2093 2908 2227 2964 licet
2259 2907 2409 2981 pilos
2440 2907 2727 2964 malarum
2761 2923 2877 2980 prae
2909 2908 3124 2981 gaudio
3147 2912 3391 2981 sperata:
3420 2910 3748 2969 durationis

2094 2997 2273 3070 hujus
2306 2998 2570 3071 prosperi
2621 3014 2817 3053 rerum
2850 3001 3059 3067 status,
3093 3002 3295 3069 postea
3344 2998 3475 3055 illos
3520 2998 3745 3057 vulsuri

2094 3089 2200 3160 piae
2223 3088 2593 3161 impatientia
2616 3087 2973 3158 saevissimae,
2995 3103 3121 3160 qua)
3143 3085 3306 3144 vobis
3329 3088 3527 3144 fauces
3548 3088 3747 3161 oppri-

2096 3184 2236 3251 met,
2269 3180 2464 3247 famis,
2493 3203 2513 3231 ιι
2550 3179 2634 3235 illi
2664 3179 2979 3235 ludibundi
3035 3195 3140 3236 nec
3190 3180 3490 3236 attendere
3521 3180 3745 3251 dignati

2097 3272 2379 3341 tanquam
2412 3269 2593 3326 anilia
2622 3268 2949 3341 garrientes
2980 3268 3470 3341 aspernabantur.
3491 3271 3628 3335 Quae
3652 3273 3746 3325 ta-

2097 3375 2230 3415 men
2262 3376 2334 3416 an
2364 3376 2430 3415 ex
2451 3375 2600 3416 vano
2624 3360 3011 3431 jactarentur,
3038 3366 3278 3415 eventus
3308 3358 3654 3427 declaravit;
3690 3361 3747 3415 et

2096 3468 2202 3508 nos
2250 3451 2309 3508 in
2356 3452 2483 3508 loco
2531 3451 2819 3522 dicemus,
2852 3450 3001 3506 nihil
3046 3450 3444 3522 adjungentes
3491 3449 3744 3506 veritati.

2093 3542 2259 3597 ’I‘unc
2302 3541 2485 3614 igitur
2512 3541 2876 3613 Palaeologus
2907 3538 3130 3612 aliquot
3177 3539 3387 3596 diebus
3437 3556 3539 3612 per
3585 3539 3745 3595 hunc

2094 3632 2334 3687 modum
2370 3631 2571 3689 Niczeze
2614 3630 2950 3697 transactis,
2984 3629 3083 3685 ubi
3116 3632 3515 3702 opportunum
3546 3628 3742 3685 visum

2092 3722 2181 3775 est
2211 3720 2399 3775 redire
2446 3720 2855 3793 Nymphaeum,
2890 3717 3144 3775 salutato
3196 3718 3535 3790 patriarcha
3565 3722 3623 3774 et
3651 3735 3745 3775 as-

2092 3812 2330 3880 sumpto
2362 3825 2565 3881 puero,
2589 3826 2653 3865 ac
2685 3808 2981 3865 renovatis
3014 3806 3321 3881 promissis
3351 3808 3481 3878 eius
3503 3814 3743 3880 palerne

2093 3897 2358 3966 curandi,
2394 3898 2689 3969 profectus
2720 3901 2810 3953 est
2840 3896 3029 3968 prima
3060 3896 3367 3954 nobilitate
3396 3900 3453 3954 et
3484 3897 3739 3955 exercitu

2092 3986 2533 4043 comitantibus.

2128 4094 2211 4148 10.
2250 4094 2310 4151 Ut
2339 4094 2693 4162 Palzeologus
2721 4108 2974 4149 reversus
2997 4108 3123 4149 cum
3152 4108 3320 4165 puero
3340 4092 3703 4165 Nympharum

2455 4166 2815 4238 undecunque
2847 4167 3048 4236 legatos
3077 4167 3369 4236 exceperit.

2156 4254 2339 4311 Simul
2364 4273 2495 4312 vero
2531 4256 2680 4311 106
2708 4255 3093 4328 Nymphaeum
3119 4253 3404 4325 pervenit,
3424 4254 3737 4312 Persarum

2087 4345 2309 4416 legatos
2338 4346 2575 4403 'audivit
2605 4353 2657 4403 et
2691 4344 2913 4417 accepit
2943 4345 3124 4413 dona;
3159 4343 3514 4416 sultanoque
3563 4345 3740 4403 rebus

2087 4440 2242 4491 retro
2264 4436 2448 4508 lapsis
2475 4435 2823 4508 periclitanti
2850 4433 3123 4508 promisit
3144 4451 3205 4490 se
3226 4432 3418 4501 illum,
3443 4433 3491 4489 si
3516 4435 3587 4490 ad
3612 4451 3741 4493 sese

321 4530 380 4583 et
413 4527 634 4599 passim
669 4525 944 4582 familiari
991 4525 1385 4598 gratulatione
1416 4526 1680 4598 quaedam
1715 4541 1782 4581 ex
1826 4524 1981 4580 anti-
2083 4524 2531 4595 veniret,obviis
2554 4524 2711 4580 ulnis
2738 4526 3218 4595 excepturum,et
3248 4523 3345 4579 ubi
3374 4524 3743 4581 detonuisset

321 4629 442 4685 qua
474 4613 759 4670 memoria
809 4616 1009 4671 facetae
1060 4614 1436 4682 urbanitatis,
1470 4613 1761 4669 libertatis
1809 4629 1979 4668 omen
2012 4615 2061 4680 D
2093 4615 2220 4685 ejus
2240 4614 2561 4670 domestica
2584 4618 2925 4686 tempestas,
2943 4629 3217 4668 securum
3242 4613 3313 4669 ad
3335 4629 3444 4668 sua
3464 4614 3743 4669 remissu-

324 4702 621 4773 habentia,
657 4703 813 4760 dicta
856 4707 1239 4760 retractarent
1270 4704 1825 4774 irequentarentque
1856 4720 1977 4759 ser-

323 4791 625 4848 monibus.
656 4793 833 4849 Eranl
863 4798 1061 4850 autem
1094 4808 1181 4862 ea,
1214 4792 1381 4847 licere
1414 4806 1570 4847 nunc
1604 4790 1753 4863 pilos
1783 4791 1975 4846 barbas

320 4880 600 4953 mulcere,
627 4887 857 4955 pectere
890 4883 1210 4956 digitisque
1242 4880 1568 4953 torquendo
1601 4881 1861 4953 crispare
1894 4882 1977 4937 fas

317 4970 624 5043 otiumque
650 4988 799 5043 esse,
822 4974 1028 5046 utique
1050 4973 1287 5045 profuse
1309 4971 1720 5045 gaudentibus.
1749 4971 1865 5027 Nec
1885 4985 1974 5027 se-

316 5076 427 5117 cus
456 5060 628 5135 vulgo
661 5063 1009 5119 factitabant
1048 5062 1334 5135 gestiente
1366 5062 1618 5135 quadam
1652 5060 1975 5131 alacritate,

314 5150 559 5206 innatos
591 5152 757 5224 genis
789 5152 938 5225 pilos
961 5150 1232 5208 nonnulli
1264 5151 1532 5207 bifariam
1560 5150 1976 5207 discriminan-

315 5242 433 5294 tee.
460 5239 529 5293 Et
563 5240 805 5294 memini
851 5255 944 5295 me
974 5240 1169 5295 videre
1201 5240 1284 5294 sic
1317 5243 1555 5311 agentes
1585 5236 1977 5294 exsultatione

313 5327 568 5399 ingenti,
603 5332 661 5384 et
691 5329 977 5386 addentes
1008 5328 1092 5385 sic
1128 5329 1340 5399 jubere
1373 5327 1810 5400 imperatorem,
1835 5327 1975 5383 dum

311 5423 437 5471 tam
472 5417 643 5473 beata
670 5418 846 5473 rebus
871 5419 990 5473 otia
1022 5422 1147 5472 tum
1180 5420 1505 5489 praestaret,
1530 5421 1653 5471 tum
1690 5417 1747 5471 in
1784 5420 1977 5488 poste—

314 5522 450 5562 rum
471 5506 869 5577 polliceretur,
884 5507 1105 5563 frustra
1120 5506 1729 5577 obstrepenteinsanis
1744 5506 1977 5577 gaudiis

320 5612 561 5651 morosa
607 5596 848 5652 tristitia
879 5600 1080 5653 vatum
1116 5596 1543 5663 ominosorum,
1571 5595 1766 5650 nescio
1820 5597 1977 5651 unde

320 5686 535 5741 hausta
566 5684 864 5741 divinandi
897 5685 1109 5740 fiducia
1141 5685 1295 5741 mala
1317 5683 1812 5754 denuntiantium,
1838 5701 1978 5756 quo-

320 5789 454 5829 rum
490 5772 597 5831 has
640 5775 794 5830 inter
836 5774 1411 5846 inauspicatissimas
1442 5789 1611 5830 voces
1647 5791 1714 5828 :«
1737 5772 1974 5831 Vibrate

2090 4721 2244 4759 rum.
2272 4704 2463 4759 Causa
2494 4703 2738 4759 timendi
2772 4701 3006 4759 sultano
3052 4702 3243 4757 fuerat
3272 4702 3427 4774 quod
3462 4702 3743 4759 audiebat

2087 4793 2371 4849 Molecum
2406 4794 2741 4860 adventare,
2764 4792 3192 4863 verebaturque
3216 4806 3287 4846 ne
3318 4794 3513 4846 tantas
3536 4806 3739 4847 secum

2087 4899 2152 4938 ac
2196 4881 2341 4938 tales
2390 4882 2587 4954 copias
2638 4882 2895 4947 duceret,
2930 4880 3148 4951 quibus
3194 4879 3324 4952 ipse
3374 4878 3742 4938 sustinendis

2087 4972 2241 5028 haud
2277 4989 2382 5044 par
2413 4976 2584 5028 esset.
2607 4972 2821 5041 Pignus
2852 4986 3022 5042 porro
3046 4968 3273 5025 fiduciae
3297 4985 3436 5039 erga
3457 4967 3741 5025 Palazolo-

2088 5078 2226 5134 gum
2260 5062 2495 5118 sultano
2527 5065 2651 5116 erat
2680 5060 2942 5116 amicitia
2972 5060 3125 5116 inter
3145 5076 3245 5115 eos
3278 5059 3501 5114 mutuis
3529 5058 3742 5116 officiis

2087 5154 2387 5207 contracta
2415 5148 2713 5221 cultaque,
2740 5166 2855 5220 quo
2902 5153 3169 5221 tempore
3199 5148 3257 5203 in
3289 5148 3527 5204 Perside
3558 5148 3739 5207 simul

2088 5240 2338 5295 fuerant.
2358 5239 2531 5294 Venit
2559 5238 2761 5294 eodem
2786 5239 2855 5293 ad
2885 5239 3159 5293 eumdem
3190 5236 3405 5309 legatio
3438 5254 3646 5309 magna
3680 5239 3738 5297 in

2088 5329 2233 5384 urbe
2251 5328 2590 5399 degentium
2613 5326 3140 5398 Italorum,quibus
3163 5326 3433 5383 inducias
3452 5328 3742 5387 concessit

2086 5416 2225 5473 belli
2260 5417 2410 5487 quod
2460 5416 2517 5470 in
2574 5432 2673 5470 eos
2716 5416 3049 5487 gerebatur,
3073 5415 3363 5488 pollicens
3404 5417 3633 5473 firmius
3676 5435 3740 5474 se

2088 5524 2222 5561 mox
2253 5511 2309 5561 et
2342 5504 2572 5577 plenius
2604 5520 2734 5558 cum
2768 5504 2913 5575 ipsis
2943 5505 3129 5560 fmdus
3160 5504 3471 5574 initurum,
3493 5506 3541 5561 si
3577 5522 3735 5578 quaa-

2086 5597 2219 5650 dam
2253 5595 2311 5649 in
2353 5598 2744 5657 antecessum,
2769 5608 2896 5664 quae
2950 5592 3388 5664 prOpositurum
3424 5608 3485 5648 se
3516 5593 3730 5665 aiebat,

2085 5687 2562 5755 exsequerentur.
2603 5686 2885 5737 Caeterum
2920 5681 3081 5755 ipsos
3113 5681 3355 5753 legatos,
3390 5684 3590 5752 utpote
3622 5682 3734 5739 Ro-

2088 5790 2293 5830 manos
2315 5777 2369 5829 et
2392 5789 2458 5829 ex
2484 5772 2761 5829 Romanis
2791 5776 2972 5839 ortos,
2997 5787 3177 5843 quam
3219 5770 3405 5842 potuit
3438 5769 3733 5829 liberalis-
