4090 6434
340 394 449 450 543

1646 400 1949 458 GEORGII
1990 395 2457 453 PACHYMERE

3667 388 3777 444 544

351 514 520 591 μηδὶν
549 512 691 594 ἔχων
727 517 778 573 ἑν
836 524 905 594 τῇ
961 520 1120 575 πόλει
1179 521 1487 589 ζητούντων
1548 520 1726 577 ἆδίδου
1785 519 1833 575 εἲ
1872 517 2086 592 ἵξει,Α
2122 518 2248 604 ιβ’..
2297 522 2481 577 Ὅπως
2513 590 2525 604 ι
2565 516 2798 604 Μιχαῂλ
2884 516 2911 570 6
2991 512 3259 604 δεσπότης
3307 512 3781 604 ,στενοχωρηθεξς

344 607 433 662 καὶ
494 604 995 683 χρυσοϐουλλείοις
1028 609 1217 685 λόγοις
1253 609 1707 688 κατησφαλίζετο
1753 612 1820 665 τὰ
1858 607 2006 665 διδό-

351 718 506 770 μενα.
565 698 864 754 Κάντεῦθεν
914 694 1276 777 προσεφέρετο
1326 702 1399 761 ὡς
1461 698 1645 773 ἰδίοις,
1694 700 1782 755 καὶ
1816 705 2003 773 πεῖραν

351 783 533 848 διδοὺς
564 787 654 842 καὶ
688 782 981 861 λαμϐάνων
1014 788 1219 864 ἀνήρτα
1247 789 1314 844 τὰ
1354 794 1461 845 τῶν
1518 786 1789 858 σπονδῶν,
1834 808 2007 863 προσ-

352 871 528 928 δοκῶν
558 896 609 929 τι
644 882 827 949 μεῖζον
862 875 913 947 ἐξ
945 876 1020 929 ὦν
1070 876 1331 949 ἐμάνθανε
1378 883 1495 940 τοῖς
1544 873 1829 953 πρέσϐεσιν
1881 878 2009 949 ὁμι-

353 961 488 1019 λῶν.
522 966 655 1025 Τοῖς
690 961 746 1019 δὲ
787 962 1031 1027 δυτικοῖς
1080 969 1489 1041 προσετετήκει.
1550 968 1708 1031 ’Όοεν
1768 968 1855 1021 καὶ
1914 966 2006 1021 τὸν

350 1052 552 1106 οἰκεῖον
585 1050 821 1130 ἀδελφὸν
853 1052 1127 1125 Ἰωάννην,
1160 1056 1325 1131 μέγαν
1369 1055 1445 1111 ἔτι
1497 1053 1815 1129 δομέστικον
1863 1051 2009 1123 ὄντα,

350 1140 561 1214 σ·3ναμα
592 1141 873 1204 πλείσταις
906 1140 1163 1217 δυνάμεσι
1194 1146 1419 1219 πέμπει.

356 1250 441 1305 ια’.
482 1250 673 1330 ’ίΟπως
711 1250 738 1303 6
786 1249 1591 1330 105_LBa_zoi).éwcnadgéaalipoc
1640 1252 1895 1321 Ἰωάννης
1948 1251 2014 1306 τὰ

494 1324 507 1335 ’⁷
877 1320 1161 1395 ἀξιώματα
1190 1320 1485 1397 ἐλάμϐανε.

424 1410 521 1470 Ὃς
594 1416 709 1471 τοῖς
769 1408 1008 1472 δυτικοῖς
1064 1410 1285 1476 ἐπιστὰς
1343 1408 1573 1487 φοϐερὸν
1631 1410 1779 1485 ἓδοξε
1834 1411 2011 1466 πνέειν

352 1496 607 1568 ἐκείνοις,
670 1500 783 1571 ἅμα
816 1500 911 1572 μὲν
943 1504 1021 1571 τῷ
1068 1502 1254 1575 Οερμῷ
1300 1508 1401 1571 τῆς
1454 1502 1733 1572 νεότητος,
1788 1502 1900 1573 ἅμα
1959 1497 2013 1553 δὲ

349 1588 438 1640 καὶ
498 1591 578 1659 τῷ
608 1588 732 1661 περὶ
783 1587 987 1642 ἐκεῖνον
1039 1589 1400 1663 στρατεύματι
1445 1589 1866 1665 κουφιζόμενος,
1923 1585 2009 1645 καὶ

354 1674 569 1749 άπτέρῳ
615 1676 775 1750 τάχει
823 1678 966 1750 αἱρεῖ
1020 1679 1113 1751 μὲν
1163 1681 1225 1734 τὸ
1256 1681 1475 1754 περὶτὰ
1506 1682 1699 1734 Κάνινα
1730 1680 2014 1756 φρούριον.

347 1764 489 1839 αἱρεὶ
524 1763 579 1818 δὲ
636 1765 726 1819 καὶ
781 1767 845 1819 τὸ
902 1765 1028 1841 περὶ
1085 1768 1153 1821 τὰ
1212 1765 1563 1843 Βελλάγραδα
1614 1767 1705 1822 καὶ
1764 1766 2010 1844 Πόλογον

2186 589 2394 664 πέμπει
2466 590 2566 658 τὴν
2643 586 2869 664 σῖόζυγον
2946 588 3037 642 καὶ
3108 587 3199 641 τὸν
3272 586 3387 640 υἱὸν
3464 586 3611 660 παρα
3684 586 3787 640 τὸν

2191 659 2439 734 βασιλέα.

2184 786 2240 837 Ὀ
2295 782 2352 840 δέ
2379 806 2440 860 γε
2482 784 2739 861 Μιχαὴλ,
2797 784 2931 856 μεθὸ
2990 780 3453 858 συγχρησαμένου
3503 786 3622 844 ταῖς
3678 784 3785 836 ὑπὸ

2111 878 2208 929 τοῦ
2258 870 2512 949 γαμϐροῦ
2543 873 2740 948 Μαφρὲ
2793 872 3136 949 συμμαχίαις
3193 871 3259 927 τὰ
3286 871 3422 926 κατὰ
3451 870 3541 925 τὸν
3577 870 3787 927 Καίσα-

2115 983 2181 1039 ρί
2232 958 2429 1034 συνέϐη
2484 964 2606 1039 περὶ
2669 964 2744 1016 ὧν
2806 984 2900 1035 μοι
2956 962 3340 1037 προανετάχθη
3405 964 3527 1015 νοῦν
3590 955 3782 1015 λαϐὼν

2115 1051 2357 1123 ἀλούσης
2411 1060 2511 1122 τῆς
2567 1052 2785 1114 πόλεως
2844 1052 3047 1125 πέμπει
3108 1052 3242 1126 πρὸς
3295 1049 3523 1124 βασιλέα
3565 1052 3664 1121 τήν
3720 1071 3785 1105 τε

2118 1142 2341 1217 σύζυγον
2376 1140 2657 1218 Θεοδώραν
2718 1142 2807 1218 καὶ
2869 1142 3123 1209 Ἰωάννην
3173 1141 3264 1195 τὸν
3316 1137 3504 1208 παῖδα,
3565 1139 3782 1209 ἐκείνην

2119 1232 2214 1307 μὲν
2271 1233 2366 1293 τὰς
2426 1230 2697 1306 εἰρηνικὰς
2747 1214 3205 1306 πρεσϐεύσουσαν,
3237 1230 3325 1283 τὸν
3385 1226 3429 1283 δ’
3488 1230 3602 1283 υἱὸν
3654 1228 3785 1283 ἐσό-

2120 1344 2280 1394 μενον
2314 1321 2550 1395 ὅμηρον,
2606 1320 2752 1389 πλὴν
2783 1319 2834 1375 ἐς
2877 1317 3141 1390 διηνεκὲς,
3200 1318 3281 1393 ἐφ’
3322 1320 3443 1372 ὅσον
3479 1318 3617 1389 ζῴη,
3648 1317 3782 1387 ἀξό-

2121 1432 2280 1486 μενον
2330 1410 2418 1466 καὶ
2474 1413 2573 1481 τήν
2635 1412 3057 1481 συνοικήσουσαν
3114 1407 3525 1484 προσηκόντως,
3584 1408 3644 1475 ἢν
3707 1403 3781 1474 δὴ

2118 1504 2208 1557 καὶ
2265 1500 2425 1557 δώσει
2478 1503 2506 1557 6
2565 1498 2842 1576 βασιλεύς.
2875 1501 3008 1555 Τότε
3050 1503 3177 1574 γοῦν
3214 1497 3418 1559 ἐκεῖνος
3452 1496 3538 1552 διὰ
3567 1497 3780 1570 τάχους

2118 1591 2623 1666 καταστρεψάμενος
2680 1591 2834 1646 τάκεῖ
2880 1591 3111 1664 ἀρεϊκῶς
3162 1589 3574 1663 ἠγωνισμένος,
3630 1584 3780 1659 μᾶλ-

2121 1681 2218 1738 λον
2251 1680 2308 1737 δὲ
2353 1683 2444 1736 καὶ
2486 1683 2848 1751 καταστήσας,
2910 1678 3179 1754 φρουροὺς
3229 1673 3485 1750 ἐμϐαλὼν
3531 1677 3621 1729 καὶ
3675 1696 3778 1750 φυ-

2121 1771 2287 1833 λακὰς
2330 1770 2623 1841 ἐπιστήσας
2674 1769 2984 1838 ἰπανέζευξε
3034 1767 3170 1841 μετὰ
3224 1764 3496 1840 λαμπρῶν
3553 1764 3642 1819 καὶ
3672 1783 3776 1817 πε-

344 1854 435 1907 καὶ
470 1853 805 1923 Κολώνειαν,
866 1860 1149 1932 χειροῦται
1210 1854 1266 1911 δὲ
1316 1857 1404 1912 καὶ
1450 1857 1753 1931 Καστορίαν
1786 1856 1875 1912 καὶ
1906 1863 2010 1913 ΙΙε-
2044 1894 2088 1958 Β
2121 1866 2357 1940 ριφανῶν
2387 1865 2494 1916 τῶν
2524 1859 2822 1933 τροπαίων,
2871 1858 2961 1912 καὶ
3021 1856 3167 1912 λείαν
3218 1857 3325 1910 οὐκ
3372 1853 3566 1930 ὀλίγην
3615 1873 3775 1928 περι-

345 1938 365 1958 ‘
531 1942 542 1958 Ι
731 1944 743 1957 I
813 1952 821 1958 .
889 1944 900 1958 1
1067 1946 1162 1958 mh:
1312 1945 1323 1958 ι
1550 1949 1561 1958 ι
1611 1955 1617 1958 .
1680 1941 1731 1958 ιο
1771 1944 1788 1958 η
1995 1938 2007 1957 \
2126 1948 2151 1958 ιι
2193 1951 2207 1958 ι
2246 1951 2256 1958 ι
2481 1950 2533 1958 ,Α
2618 1949 2630 1958 ι
2738 1946 2765 1958 ν
2854 1948 2879 1958 Α
2983 1946 3000 1958 ι
3050 1945 3061 1958 ι
3158 1946 3171 1958 ε
3240 1949 3264 1958 .-
3466 1942 3477 1958 \
3582 1941 3596 1958 9
3676 1942 3686 1958 Ι

1995 1938 2007 1957 \

345 1938 607 2017 λαγονίαν
657 1944 746 1997 καὶ
800 1944 1006 2019 Δούρας
1066 1945 1355 2021 Τζέρνικόν
1388 1967 1444 2001 τε
1474 1949 1564 2001 καὶ
1598 1941 1856 2001 Διάϐολιν
1916 1938 2007 2000 καὶ

348 2031 627 2106 Ιῐρίλαπον
657 2029 914 2088 Βοδεεινά
942 2054 998 2088 τε
1048 2035 1137 2088 καὶ
1189 2035 1447 2111 Βόστρον,
1508 2038 1587 2108 [Ρ.
1618 2038 1708 2109 69]
1742 2031 2008 2110 ἔλλιμνον

350 2126 536 2193 νῆσον,
570 2122 778 2196 Πέτραν
811 2123 1059 2198 Πρέσπαν
1090 2144 1148 2178 τε
1177 2123 1266 2178 καὶ
1318 2122 1620 2201 Στερίδολα
1666 2126 1754 2180 καὶ
1813 2128 2006 2202 ’Δχρί-

348 2204 440 2261 δαν
491 2209 581 2263 καὶ
627 2212 695 2265 τὰ
750 2209 1043 2286 Ἰλλυριῶν
1106 2212 1467 2288 ὀχυρώματα,
1528 2216 1617 2267 καὶ
1669 2208 1771 2277 ἕως
1802 2215 2007 2292 Δυρρα-

346 2298 477 2374 χίου
510 2301 692 2376 φθάνει
723 2301 786 2356 τὸ
818 2300 949 2375 δόρυ
993 2308 1183 2362 κινῶν.
1226 2299 1575 2381 Προσϐάλλει
1608 2304 1664 2361 δὲ
1693 2309 1784 2362 καὶ
1824 2309 2008 2384 Ηάτρᾳ

343 2389 433 2443 καὶ
466 2389 700 2465 Τρίκκῃ,
753 2389 841 2445 καὶ
871 2393 936 2445 τὰ
961 2390 1151 2466 κύκλῳ
1202 2394 1339 2448 κατὰ
1387 2397 1655 2465 συνθήκας
1704 2400 2003 2471 κρατήσας,

343 2476 674 2554 καὶάμαχεί
723 2479 790 2534 τὰ
831 2480 1083 2553 πλεῖστα,
1138 2482 1212 2545 εἷς
1268 2480 1436 2560 φόϐον
1493 2483 1660 2558 μέγαν
1716 2488 2004 2557 καθίστησι

342 2569 432 2621 τὸν
470 2565 736 2639 δεσπότην
767 2570 858 2624 καὶ
909 2567 962 2624 ἐν
1004 2576 1176 2643 στενῷ
1205 2570 1433 2645 κομιδῆ.
1468 2574 1607 2631 Τότε
1636 2575 1725 2629 καὶ
1757 2575 2005 2651 ἐγγίονος

344 2657 507 2729 ἀξιῶν
556 2657 735 2733 τύχης
785 2658 944 2714 αὐτὸν
991 2661 1019 2714 ὁ
1063 2666 1299 2735 κρατῶν,
1354 2662 1571 2737 πέμψας
1620 2664 1687 2719 τὰ
1725 2662 2002 2740 σύμϐολα,

348 2742 815 2822 σεϐαστοκράτονρα
844 2749 1090 2813 καθίστα.

356 2874 504 2931 sime
532 2874 817 2932 tractavit.
850 2876 919 2932 Et
939 2892 1072 2933 cum
1098 2878 1291 2935 adhuc
1320 2878 1380 2935 in
1407 2879 1552 2937 urbe
1574 2881 1719 2937 nihil
1745 2882 2003 2954 haberet,

348 2968 549 3019 tamen
580 2981 706 3035 quae
746 2964 805 3020 in
840 2982 908 3021 ca
958 2965 1069 3022 sibi
1101 2967 1172 3022 ab
1208 2968 1332 3039 ipso
1377 2968 1673 3041 petierunt
1715 2971 1843 3041 jam
1875 2978 2003 3029 tum

350 3054 662 3123 concessit,
712 3053 1073 3111 traditurum
1124 3072 1187 3111 se
1237 3057 1605 3129 promittens,
1638 3059 1687 3114 si
1740 3077 2003 3133 unquam

360 3140 566 3195 urbem
600 3143 1183 3214 recuperaret;idque
1199 3144 1618 3217 diplomatibus
1648 3165 1825 3205 aurea
1841 3150 2004 3207 bulla

351 3229 598 3286 munitis
629 3231 842 3286 sanxit.
875 3232 1280 3306 Deincepsque
1306 3234 1390 3291 sic
1422 3252 1556 3291 cum
1589 3237 1659 3292 iis
1692 3237 1851 3294 velut
1871 3256 2000 3296 cum

352 3319 479 3375 suis
512 3318 652 3392 egit,
674 3324 731 3376 et
752 3322 1151 3392 experimenta
1174 3327 1390 3379 mutuae
1415 3325 1641 3381 fiducita
1669 3327 1817 3383 dans
1839 3327 2005 3385 vicis-

351 3409 463 3465 sim
497 3415 556 3465 et
586 3410 880 3485 accipiens
924 3414 1235 3485 suspendit
1277 3415 1715 3473 conclusionem
1749 3417 2002 3487 fcederis,

351 3504 694 3572 exspectans
737 3500 960 3573 aliquid
991 3503 1183 3573 majus
1233 3520 1302 3559 ex
1350 3504 1444 3561 his
1493 3522 1624 3577 quae
1674 3506 2002 3578 legatorum

354 3604 624 3645 sermone
652 3589 956 3646 didicerat.
981 3591 1368 3648 Occiduarum
1407 3610 1580 3665 porro
1613 3611 1809 3651 rerum
1843 3596 2007 3652 solli-

351 3679 550 3734 citudo
582 3678 750 3733 illum
783 3680 1020 3751 penitus
1046 3682 1285 3752 urebat;
1317 3699 1498 3755 quare
1529 3682 1669 3740 illuc
1697 3685 2002 3757 proprium

353 3768 589 3824 fratrem
638 3768 950 3835 Joannem,
984 3787 1265 3843 magnum
1316 3777 1445 3828 tum
1495 3774 1688 3830 adhuc
1719 3774 2001 3833 domesti-

354 3871 510 3926 cum,
544 3872 681 3912 cum
713 3856 1010 3930 plerisque
1040 3859 1340 3932 copiarum
1376 3862 1651 3919 destinat.

396 3966 478 4020 11.
516 3966 579 4023 Ut
607 3966 958 4039 imperatoris
994 3971 1176 4039 frater
1204 3971 1441 4095 ltonnnes
1473 3970 1542 4027 ad
1570 3969 1865 4043 dignitates
1894 3972 1969 4027 sit

1030 4057 1222 4095 promo
1250 4058 1331 4095 us.

1028 4057 1331 4112 promozus.

430 4126 483 4182 Is
515 4127 586 4183 ad
620 4127 942 4185 Occiduum
977 4130 1207 4187 delatus
1237 4132 1487 4188 limitem
1513 4132 1744 4205 magnis
1774 4133 1856 4187 ibi
1882 4133 2001 4204 spi-

356 4215 568 4272 ritibus
618 4233 741 4273 rem
800 4235 1009 4290 gerens
1060 4224 1343 4277 terrorem
1403 4221 1496 4277 sui
1556 4236 1659 4293 per
1706 4221 1840 4278 illos
1889 4222 2004 4278 late

355 4305 603 4378 populos
648 4306 946 4379 ingentem
996 4311 1237 4382 sparsit.
1272 4310 1574 4365 Fiduciam
1626 4311 1881 4366 audendi
1906 4312 2004 4381 ju-

351 4395 485 4450 veni
518 4397 695 4451 dabat
722 4402 780 4453 et
809 4399 996 4453 fervor
1026 4399 1232 4467 astatis,
1265 4409 1321 4455 et
1352 4399 1655 4471 copiarum
1689 4401 1837 4455 ’107
1874 4402 2005 4473 qui-

351 4483 464 4539 bus
496 4489 621 4540 erat
650 4487 990 4542 succinctus
1023 4487 1375 4558 optimarum
1404 4489 1583 4545 robur
1611 4494 1666 4544 et
1697 4507 2002 4546 numerus.

352 4572 513 4644 Cepit
544 4590 679 4645 ergo
715 4574 860 4630 mira
890 4575 1183 4632 celeritate
1213 4594 1404 4632 arcem
1438 4578 1509 4633 ad
1540 4578 1777 4645 Canina,
1809 4596 2000 4634 arcem

353 4660 468 4718 alia
499 4662 570 4717 ad
602 4662 945 4735 Bellagrada
975 4665 1143 4733 sitas,
1176 4670 1455 4738 praeterea
1492 4666 1774 4740 Pologum
1809 4672 1866 4723 et
1896 4667 2001 4724 Co-
2034 4647 2081 4712 D

351 4751 617 4821 loneam;
664 4753 902 4826 subegit
947 4756 1291 4823 Castoriam,
1339 4756 1740 4827 Pelagoniam,
1791 4757 2001 4827 Duras,

354 4842 700 4899 Tzernicum
734 4861 967 4917 quoque
1017 4850 1072 4901 et
1125 4846 1394 4903 Diabolin
1444 4852 1503 4902 et
1550 4847 2003 4919 Prilapum,Bo-

353 4932 537 4988 deena
580 4934 722 4989 item
753 4938 810 4989 et
840 4935 1113 4991 Bostram
1160 4936 1417 4992 insulam
1466 4937 1525 4991 in
1578 4937 2001 5005 lacu,Petram,

350 5022 657 5093 Prcspam,
688 5024 1001 5095 Steridola,
1050 5025 1367 5082 Achridam
1402 5030 1458 5081 ct
1489 5027 1819 5099 Illyriorum
1870 5043 2001 5081 mu-

352 5110 627 5179 nitiones,
662 5111 1087 5183 Dyrrhachium
1145 5131 1330 5185 usque
1376 5121 1605 5171 armata
1654 5132 2003 5186 progressus

348 5214 548 5255 manu.
605 5206 933 5273 Aggressus
989 5205 1163 5260 etiam
1220 5205 1451 5259 Patram
1502 5210 1558 5260 ct
1620 5206 1882 5271 ’l‘riccen,
1949 5209 2006 5260 et

354 5288 583 5344 cunctis
622 5305 725 5360 per
754 5290 1065 5347 circuitum
1097 5292 1393 5348 deditione
1435 5293 1676 5365 potitus,
1711 5291 2004 5363 plerisque

356 5377 485 5432 sine
514 5379 753 5434 admota
805 5380 859 5434 vi
904 5380 1027 5437 solo
1059 5386 1275 5440 terrore
1324 5383 1649 5449 debellatis,
1682 5383 2003 5437 maximum

357 5466 613 5522 incussit
648 5472 894 5524 'metum
954 5470 1279 5527 dominanti
1336 5472 1455 5528 illic
1512 5473 1787 5545 despotae,
1839 5478 1896 5527 et
1945 5472 2002 5525 in

359 5561 552 5612 arctas
584 5556 751 5612 illum
796 5560 1100 5629 angustias
1132 5562 1443 5616 contrusit.
1478 5562 1701 5625 Quibus
1730 5560 2005 5619 Palaeolo-

354 5658 465 5716 gus
500 5647 775 5718 cognitis,
807 5653 923 5704 tam
958 5654 1263 5705 strenuum
1298 5650 1534 5707 fratrem
1567 5653 1811 5723 dignum
1842 5656 2004 5708 ratus

349 5736 463 5806 qui
498 5753 606 5792 suo
636 5738 825 5810 ipsius
868 5740 1175 5815 principali
1226 5740 1460 5812 fastigio
1510 5742 1751 5813 propius
1802 5740 2001 5798 admo-

2120 1948 2448 2024 ϐαλόμενος.
2480 1950 2542 2006 Ὀ
2579 1949 2671 2022 μὲν
2706 1946 2796 2001 οὖν
2852 1945 3108 2023 βασιλεὺς
3155 1946 3383 2011 ἐκεῖνον,
3432 1942 3522 1997 σὺν
3579 1941 3774 2013 ἐκείνῳ

2120 2039 2299 2096 δὲκαὶ
2346 2036 2592 2099 πολλοὺς
2651 2035 2854 2098 ἄλλους
2920 2034 3197 2111 μεγίσταις
3254 2031 3599 2109 δωρούμενος
3653 2036 3776 2093 ταῖς

2117 2129 2310 2201 ἀξίαις.

2121 2284 2205 2357 ιγ’.
2276 2283 2463 2341 Ὀπως
2539 2280 2665 2340 τοὺς
2755 2282 3073 2357 μεγιστδινας
3138 2276 3437 2348 ἀξιώμασιν
3519 2274 3680 2348 ἐτίμα
3752 2274 3781 2328 6

2824 2354 3058 2424 κρατῶν.

2188 2490 2291 2547 Τὸν
2331 2488 2429 2561 μὶν
2457 2486 2547 2540 οὖν
2582 2486 2836 2555 Ἰωάννην
2873 2481 3140 2553 δεσπότην
3176 2482 3487 2556 ἔγκαθιστᾷ,
3544 2482 3596 2534 αἱ
3639 2478 3697 2535 δέ
3726 2502 3787 2555 γε

2116 2577 2335 2653 πράξεις
2368 2577 2573 2631 ἐκείνου
2604 2574 2693 2629 καὶ
2728 2576 2896 2649 μέγαν
2930 2572 3227 2649 ἐφήμιζον,
3288 2570 3514 2647 θάτερον
3566 2568 3625 2625 δὶ
3674 2575 3783 2623 τῶν

2115 2666 2366 2744 ἀδελφῶν
2444 2669 2854 2721 Κωνσταντῖνον
2934 2657 3406 2736 σεϐαστοκράτορα
3453 2658 3589 2733 μετᾶ
3646 2661 3779 2715 Καί-

2114 2742 2302 2830 σαραξ*
2340 2758 2425 2827 [Ρ.
2483 2755 2575 2826 70]
2627 2752 2740 2825 ἅμα
2787 2752 2889 2828 γὰρ
2947 2750 3041 2805 τὸν
3102 2750 3358 2819 Ἰωάννην
3412 2742 3775 2824 σεϐαστοκρά-

2114 2887 2362 2951 veretur,
2395 2879 2563 2935 illum
2593 2878 3141 2949 Isebastocratorem
3194 2875 3395 2931 missis
3443 2874 3572 2945 ejus
3621 2889 3775 2945 prae-

2115 2974 2283 3031 celsas
2314 2967 2619 3041 dignitatis
2651 2966 2987 3039 insignibus
3020 2964 3251 3021 creavit.

2170 3081 2256 3136 12.
2297 3080 2361 3137 Ut
2390 3076 2620 3134 Michael
2648 3074 2874 3146 despota
2906 3076 2964 3129 in
2994 3082 3151 3129 arcto
3178 3073 3392 3144 positus
3422 3073 3709 3143 conjugem

2412 3158 2467 3205 et
2494 3150 2677 3220 ﬁlium
2707 3146 2777 3202 ad
2809 3148 3200 3218 imperatorem
3230 3146 3469 3200 miserit.

2184 3242 2469 3298 Caeterum
2501 3234 2749 3293 Michael
2802 3240 2936 3308 post
2965 3252 3033 3291 ea
3063 3251 3192 3306 qua;
3242 3235 3358 3307 ipsi
3390 3250 3490 3290 uso
3520 3230 3764 3286 auxilia-

2115 3329 2282 3387 ribus
2335 3328 2519 3401 copiis
2566 3344 2601 3381 a
2646 3325 2945 3381 Manfredo
2999 3325 3128 3394 ejus
3177 3339 3392 3396 genero
3450 3319 3765 3377 submissis

2114 3420 2396 3475 adversus
2436 3416 2722 3472 Caesarem
2771 3418 3199 3484 successerant,
3232 3413 3303 3467 de
3336 3411 3552 3483 quibus
3599 3413 3775 3465 antea

2115 3508 2399 3575 diximus,
2449 3506 2521 3561 ad
2582 3503 2821 3560 saniora
2879 3502 3117 3558 tandem
3178 3500 3426 3557 consilia
3472 3499 3773 3555 inclinans

2114 3598 2405 3661 animum,
2452 3594 2553 3650 ubi
2604 3592 2814 3649 deinde
2863 3591 3089 3647 audivit
3139 3591 3345 3646 urbem
3398 3590 3774 3662 imperatoris

2114 3683 2391 3759 potestati
2423 3682 2710 3740 redditam
2734 3681 2897 3738 misit
2930 3682 3001 3736 ad
3024 3681 3222 3753 ipsum
3246 3680 3558 3751 conjugem
3590 3678 3774 3735 Theo-

2113 3776 2318 3832 doram
2368 3778 2426 3831 et
2475 3772 2662 3828 filium
2693 3776 3006 3835 Joannem,
3040 3768 3201 3825 illam
3256 3772 3321 3825 ut
3370 3770 3442 3824 de
3491 3783 3631 3839 pace
3660 3768 3771 3823 viri

2110 3881 2248 3921 cum
2307 3864 2661 3935 imperatore
2717 3860 3087 3928 conveniret,
3144 3858 3303 3914 hunc
3357 3857 3583 3915 obsidis
3642 3858 3771 3913 loco

2112 3970 2462 4010 mansurum
2496 3953 2555 4007 in
2590 3967 2765 4008 omne
2817 3949 3093 4021 deinceps
3124 3953 3361 4021 tempus
3408 3949 3467 4003 in
3515 3948 3771 4019 Augusti

2114 4043 2416 4112 comitatu,
2449 4045 2507 4097 et
2554 4056 2794 4097 uxorem
2846 4038 2928 4093 ibi
2974 4039 3318 4105 ducturum,
3351 4053 3773 4109 quamcunque

2112 4131 2227 4204 ipsi
2260 4131 2398 4187 dare
2442 4131 2766 4201 imperator
2812 4127 3176 4199 dignaretur.
3212 4126 3324 4183 Sed
3372 4125 3495 4181 haec
3544 4130 3774 4197 postea.

2111 4220 2275 4276 Tunc
2306 4236 2478 4291 porro
2507 4219 2769 4274 Joannes
2803 4216 3050 4288 Augusti
3081 4215 3259 4271 frater
3289 4214 3517 4271 domita
3544 4213 3773 4269 brevis-

2114 4311 2266 4368 simo
2297 4314 2561 4381 tempore
2592 4313 2714 4364 tota
2762 4306 2864 4362 illa
2912 4306 3170 4379 regione,
3200 4305 3354 4361 bello
3405 4320 3621 4377 magno
3654 4304 3775 4360 for-

2114 4400 2346 4457 tissime
2386 4398 2843 4469 felicissimeque
2890 4414 2957 4453 ac
3007 4395 3184 4452 simul
3215 4394 3582 4451 velocissime
3631 4410 3772 4450 con-

2116 4491 2286 4557 fecto,
2321 4506 2436 4560 qua
2467 4488 2711 4544 victoria
2749 4486 3173 4557 rempublicam
3208 4484 3331 4542 illis
3381 4484 3648 4556 partibus
3680 4482 3771 4539 la-

2116 4579 2353 4634 bantem
2399 4578 2630 4650 egregie
2682 4576 2964 4643 restituit,
2998 4576 3269 4649 praesidia
3316 4573 3417 4629 ubi
3465 4590 3612 4645 opus
3642 4579 3773 4630 erat

2113 4667 2426 4735 collocans,
2468 4668 2710 4723 idoneos
2761 4666 2972 4721 virtute
3023 4681 3268 4721 numero
3316 4654 3579 4735 quaesitis
3627 4678 3770 4718 con-

2111 4757 2418 4813 servandis
2476 4756 2749 4812 custodes
2798 4771 3123 4827 apponens.
3165 4754 3303 4809 Post
3352 4769 3481 4824 quas
3530 4753 3768 4823 tropaeis

2111 4847 2324 4904 erectis
2382 4846 2741 4912 illustribus,
2787 4844 2940 4899 108
2980 4842 3185 4915 spoliis
3232 4847 3289 4899 et
3346 4842 3541 4913 praeda
3602 4842 3767 4897 dives

2112 4936 2312 5008 Opima
2341 4936 2583 4991 domum
2630 4950 2902 4989 reversus
2943 4937 3051 4990 est.
3086 4931 3291 5004 Ample
3320 4930 3514 5001 illum,
3546 4934 3611 4986 ut
3641 4935 3770 4987 erat

2114 5026 2385 5093 meritus,
2416 5024 2723 5080 honoravit
2762 5022 3103 5094 imperator,
3135 5027 3191 5077 et
3221 5021 3440 5077 multos
3488 5019 3635 5077 alios
3666 5021 3766 5091 qui

2114 5132 2245 5171 cum
2300 5131 2365 5170 eo
2415 5116 2665 5185 fuerant,
2703 5111 2978 5169 maximis
3026 5112 3187 5184 ipsos
3234 5110 3625 5183 dignitatibus
3674 5127 3768 5166 re-

2116 5222 2456 5262 munerans.

2186 5313 2269 5369 13.
2311 5313 2372 5368 Ut
2413 5328 2665 5383 proceres
2694 5309 3056 5393 dignitatibus
3110 5311 3417 5380 imperator
3459 5308 3695 5363 honora-

2853 5392 3017 5437 verit.

2188 5473 2387 5544 Ipsum
2421 5472 2636 5544 quippe
2666 5472 2952 5527 Joannem
2982 5468 3291 5526 constituit
3322 5469 3646 5540 dcspotam,
3673 5470 3771 5525 cui

2113 5561 2288 5618 titulo
2312 5579 2402 5617 res
2424 5562 2553 5632 ejus
2575 5565 2751 5634 gestae
2774 5560 2973 5631 magni
2998 5574 3324 5631 cognomen
3348 5558 3767 5628 adiunxerunt.

2113 5651 2379 5707 Alterum
2440 5668 2644 5707 verum
2695 5652 2945 5707 fratrum
2992 5648 3447 5706 Constantinum
3498 5648 3769 5706 sebasto-

2112 5746 2398 5800 cratorem
2434 5746 2565 5812 post
2584 5742 2867 5798 Caesarem
2899 5739 3115 5796 creavit
3148 5757 3159 5795 :
3193 5736 3369 5795 simul
3401 5737 3551 5793 enim
3585 5737 3767 5793 Joan-
