4090 6394
270 403 385 459 545

1336 402 1426 454 DE
1464 401 1833 456 MICHAELE
1876 396 2319 454 PALEOLOGO
2356 400 2489 452 LIB.
2532 400 2606 452 II.

3589 410 3695 463 546

268 548 408 604 τορα
438 527 526 581 καὶ
552 525 786 602 Καίσαρα
817 523 1123 583 ἀπεδείκνυ.
1157 526 1264 581 Τὸν
1315 523 1371 579 δέ
1411 545 1472 600 γε
1519 522 1770 598 πενθερὸν
1828 525 1926 577 τοῦ
1958 527 2009 594 Α
2040 518 2315 598 ταδὲλφης
2372 520 2543 591 υἱοὺς,
2599 522 2746 583 νὲους
2805 519 2962 587 ὄντας
3016 525 3343 601 ὑπερηγάπα
3399 529 3489 583 καὶ
3547 529 3696 593 ἐντὸς

272 615 543 671 δεσπότου
598 614 692 669 τὸν
761 613 1037 688 Τορνίκιον
1112 618 1512 668 Κωνσταντῖνον
1572 610 1632 666 ἐκ
1691 608 1931 687 μεγάλου

267 704 640 779 πριμικηρίου
702 698 1173 779 σεϐαστοκράτορα
1228 702 1319 756 καὶ
1377 701 1535 757 αὐτὸν
1622 701 1931 771 καθίστησι,

269 794 422 863 πλὴν
456 792 521 848 οὐ
554 793 689 848 κατὰ
717 795 807 847 τὸν
840 796 1059 868 πρῶτον
1113 791 1202 846 καὶ
1263 788 1497 851 ἀδελφόν
1532 808 1544 822 ⁸
1578 790 1781 845 ἐκεῖνον
1830 791 1930 863 γάρ

269 883 362 938 καὶ
427 881 740 958 βασιλικοῖς
798 882 975 943 ἀετοῖς
1024 882 1163 937 κατὰ
1212 881 1274 935 τὸ
1325 880 1551 950 σύνηθες
1608 878 1932 954 ἐμεγάλυνε,

268 977 465 1028 τοῦτον
502 969 560 1026 δὲ
586 969 719 1046 δίχα
748 975 855 1025 τῶν
889 965 1183 1044 συμϐόλων
1218 968 1433 1025 ἐκείνων
1462 969 1514 1024 ἐν
1572 968 1764 1043 μόνοις
1813 973 1931 1031 τοῖς

269 1066 497 1123 κυανοῖς
562 1056 1035 1137 σεϐαστοκράτορα
1097 1058 1349 1138 ἔγραφεν.
1404 1056 1672 1132 Ἐξεδίδου
1731 1056 1787 1112 δὲ
1841 1058 1932 1111 καὶ

263 1152 370 1220 τὴν
421 1148 587 1205 αὐτοῦ
645 1149 913 1224 θυγατέρα
968 1148 1069 1216 τὴν
1135 1146 1271 1222 μετὰ
1326 1148 1426 1216 τήν
1485 1145 1868 1221 προτὲραν,ἣν
1902 1144 1930 1199 6

267 1238 541 1310 δεσπότης
602 1237 740 1313 εἶχε,
799 1242 879 1310 τῷ
935 1240 1032 1292 τοῦ
1086 1233 1349 1292 δεσπότου
1408 1235 1512 1309 υἱῷ
1588 1234 1648 1290 ἐκ
1731 1232 1932 1296 δύσεως

263 1331 517 1402 Ἰωάννῃ,
550 1328 610 1383 ’ὸν
662 1327 752 1382 καὶ
811 1327 884 1388 ὡς
944 1326 1159 1401 ὅμηρον
1209 1327 1525 1403 πεμφθῆναι
1574 1328 1655 1396 τῷ
1718 1323 1936 1399 βασιλεῖ

268 1420 420 1495 παρά
474 1421 572 1473 τοῦ
627 1416 831 1490 πατρὸς
889 1415 917 1469 6
961 1414 1129 1490 λόγος
1179 1413 1537 1490 προέγραφεν.
1570 1412 1815 1483 Ἀλέξιον
1876 1409 1934 1467 δὲ

271 1510 368 1565 τὸν
422 1502 932 1581 Στρατηγόποολον
991 1503 1223 1579 γέροντα
1277 1498 1621 1579 προύϐάλετο
1673 1501 1930 1575 Καίσαρα.

275 1600 389 1656 Τὸν
447 1594 505 1651 δὲ
557 1596 786 1671 γὲροντα
843 1593 1112 1667 Λάσκαριν
1177 1594 1269 1647 τὸν
1347 1597 1444 1648 τοῦ
1502 1591 1934 1666 Τζαμαντούρου

272 1686 512 1765 ἀδελφὸν
547 1684 728 1760 (αὐτὸς
761 1684 864 1761 γὰρ
899 1681 1064 1738 ὑπέδυ
1092 1683 1185 1739 τὸν
1217 1685 1487 1758 μοναχὸν)
1540 1684 1706 1759 μεγαν
1768 1681 1935 1738 δοῦκα

272 1777 563 1856 ἐφήμιζεν.
600 1776 854 1843 Ἰωάννην
909 1794 969 1828 τε
1022 1773 1116 1828 τὸν
1148 1771 1349 1828 Ῥαοὺλ
1398 1772 1517 1827 υἱὸν
1567 1775 1663 1827 τοῦ
1718 1792 1934 1847 πρωτο-

274 1864 589 1940 ϐεστιαρίου
642 1861 868 1933 Ῥαοὺλ,
926 1861 1017 1917 καὶ
1070 1863 1161 1917 τὸν
1221 1866 1317 1916 to?)
1375 1860 1724 1937 πηρωθέντος
1782 1861 1931 1931 Φιλῆ

272 1956 397 2011 υἱὸν
432 1953 703 2025 Ἀλέξων,
732 1953 824 2007 τὸν
877 1952 971 2024 μὶν
1017 1953 1087 2023 τῇ
1132 1954 1228 2005 τοῦ
1259 1945 1760 2025 πρωτοϐεστιαρίου
1788 1956 1934 2006 Μου-

276 2044 551 2116 ζάλωνος,
584 2044 692 2118 πρὸ
727 2045 924 2117 μικροῦ
984 2040 1304 2117 χηρωθείσῃ
1355 2039 1564 2115 τρόπον
1613 2040 1672 2102 ’ὸς
1704 2039 1937 2115 εἴρηται,

276 2131 563 2209 Θεοδώρᾳ,
594 2130 862 2208 ἀδελφιδῇ
894 2129 1058 2185 αὐτοῦ
1088 2150 1151 2203 γε
1178 2126 1334 2203 οὔσῃ,
1368 2127 1647 2203 Εὐλογίας
1694 2128 1752 2183 ἐκ
1797 2134 1939 2187 Καν-

284 2225 634 2293 τακουζηνοῦ
692 2218 921 2295 θυγατρὶ
964 2219 1082 2288 ’τῆς
1134 2219 1305 2274 αὐτοῦ
1363 2215 1691 2288 αὖταδὲλης,
1723 2219 1799 2281 εἷς
1845 2220 1941 2294 γά-

282 2334 389 2387 μον
452 2308 790 2384 συναρμόσας
840 2302 1342 2384 πρωτοϐεστιάριον
1401 2308 1940 2379 ἀποκαθίστησι,τὸν

280 2401 342 2458 δὶ
375 2401 453 2461 εἷς
484 2401 539 2457 ’ἐν
572 2398 739 2475 λέχος
770 2402 839 2473 τῇ
895 2394 1203 2475 αὖταδέλφῃ
1252 2396 1454 2466 ταύτης
1498 2396 1679 2472 Μαρίᾳ
1710 2418 1941 2473 συναγα-

276 2494 396 2568 γὼν
433 2490 601 2566 μεγαν
633 2486 960 2562 δομὲστικον
995 2484 1366 2541 ἀποδείκνυσι.
1407 2486 1514 2554 Τὴν
1574 2484 1631 2541 δὲ
1680 2485 1740 2541 ἐκ
1788 2488 1945 2550 θατὲ-

278 2602 379 2658 ρας
408 2584 518 2634 τῶν
549 2576 901 2652 αὖταδέλφων
937 2575 1103 2631 αὐτοῦ
1153 2576 1378 2651 Μάρθας
1426 2581 1769 2650 γεννηθεῖσαν
1816 2582 1944 2631 θεο.

278 2669 580 2744 δώραν,ἣν
634 2668 723 2722 καὶ
786 2667 814 2720 6
870 2659 1256 2741 Καϐαλλάριος
1305 2664 1594 2728 Βασίλειος
1654 2664 1791 2740 εἶχε,
1826 2662 1945 2719 δια-

280 2758 475 2829 ζεύξας
508 2757 717 2812 ἆκεῖνον
748 2753 914 2824 αὐτῆς
959 2758 1060 2821 τῆς
1110 2749 1457 2830 αὐταδέλφης
1513 2749 1798 2823 δεηθείσης
1857 2750 1950 2807 διὰ

277 2850 350 2904 τα
410 2841 693 2920 συμϐάντα
751 2845 803 2899 οἱ
858 2841 1006 2917 παρά
1059 2843 1157 2910 τὴν
1210 2843 1400 2897 ἑαυτοῦ
1431 2840 1629 2911 αἰτίαν,
1659 2846 1738 2914 τῷ
1795 2840 1947 2899 Βαλα

279 2934 544 3011 νειδιώτῃ
610 2931 919 3000 ἐκδίδωσιν,
972 2932 1031 2986 ’ὸν
1090 2931 1179 2985 καὶ
1242 2932 1404 3006 μέγαν
1464 2928 1945 3008 στρατοπεδάρχην

278 3031 441 3100 τιμᾷ.
475 3024 617 3087 Τοὺς
668 3021 725 3079 δὲ
779 3021 984 3091 ταύτης
1019 3017 1414 3099 αὖταδὲλιρους,
1442 3020 1666 3095 Μάρθας
1692 3027 1792 3091 τῆς
1852 3020 1945 3075 αύ-

2039 609 2144 665 τῶν
2182 609 2472 685 βασιλείων
2514 612 2656 687 εἶχεν
2707 611 3132 690 ἐκτρεφομένους
3165 616 3421 691 (Μιχαὴλ
3482 616 3529 673 δ’
3557 621 3694 689 ἦσαν

2041 701 2130 753 καὶ
2188 697 2532 773 Ἀνδρόνικος
2578 700 2668 755 καί
2725 721 2787 776 γε
2842 700 3101 774 Ἰωάννης
3128 704 3314 769 αὐτοῖς
3368 709 3434 762 τὰ
3492 709 3697 782 ὀνόμα-

2039 791 2147 861 τα),
2181 789 2254 851 ὡς
2286 788 2606 863 καὶπολλῷ
2638 788 2857 867 ὕστερον
2913 792 3004 846 καὶ
3060 794 3150 848 τὸν
3211 794 3271 849 ἐκ
3328 793 3531 861 δύσεως
3586 805 3695 853 Πα-

2042 875 2335 963 λαιολόγον
2394 876 2763 955 Ἀνδρόνικον,
2818 880 2875 934 ’ὀν
2939 881 3028 936 καὶ
3108 880 3399 961 ἐξάδελφον
3474 884 3696 963 ἔγραφε,

2042 962 2411 1023 συναναϐάντα
2464 972 2543 1039 τῷ
2601 965 2831 1043 δεσπότῃ
2870 968 3082 1044 σύναμα
3111 971 3430 1037 καὶᾶλλοις
3462 974 3699 1038 πολλοῖς

2044 1054 2284 1118 δυτικοῖς
2344 1058 2577 1131 ἄρχουσι
2631 1057 2937 1122 συνοικίσας
2982 1062 3052 1133 τῇ
3082 1064 3179 1116 τοῦ
3209 1061 3409 1118 Ῥαοὺλ
3441 1065 3695 1141 θυγατρὶ,

2041 1145 2412 1221 κιχηρωμένῃ
2459 1144 2594 1221 οὔσῃ
2653 1147 2745 1202 καὶ
2787 1146 2954 1222 ταύτῃ
3002 1152 3099 1203 τοῦ
3130 1147 3483 1227 Ἀνδρονίκου
3541 1155 3696 1210 Μου-

2046 1233 2312 1306 ζάλωνος,
2368 1236 2426 1291 ὃν
2484 1236 2574 1291 καὶ
2651 1233 2819 1312 μέγαν
2895 1234 3217 1311 δομὲστικον
3292 1239 3693 1318 ἀνεγράφομεν,

2042 1324 2505 1401 πρωτοστράτορα
2562 1323 2932 1382 ἀποδείκνυσι.
2964 1327 3102 1384 Τότε
3162 1326 3208 1382 δ’
3254 1328 3339 1383 ἐπὶ
3396 1334 3475 1401 τῷ
3532 1330 3694 1403 ἀξιώ-

2047 1434 2174 1484 ματι
2205 1412 2382 1486 τούτῳ
2428 1414 2521 1468 τὸν
2578 1414 3047 1489 Φιλανθρωπηνὸν
3084 1414 3329 1487 Ἀλὲξιον
3388 1417 3693 1494 ἐγκαθίστα.

2042 1502 2142 1557 Τὸν
2204 1499 2260 1557 δὲ
2311 1510 2411 1572 τῆς
2460 1510 2719 1577 πενθερᾶς
2776 1505 2941 1559 αὐτοῦ
3027 1503 3361 1584 αὐτάδελφον
3420 1508 3692 1583 ’Ἄγγελον

2047 1592 2211 1667 μεγαν
2297 1597 2446 1646 ποιεῖ
2530 1594 2914 1669 πριμικήριον,
2972 1590 3421 1669 πρωτοσεϐαστὸν
3497 1594 3553 1652 δὲ
3607 1599 3697 1653 τὸν

2044 1678 2356 1757 Νοστόγγον
2416 1679 2646 1756 Μιχαὴλ
2700 1682 2790 1737 καὶ
2842 1683 3100 1755 μυστικὸν
3162 1684 3255 1739 τὸν
3315 1682 3698 1761 Παλαιολόγον

2044 1768 2299 1843 Μιχαὴλ,
2354 1769 2443 1832 οὓς
2497 1770 2589 1825 καὶ
2649 1771 3004 1845 αὐτανεψίους
3060 1770 3323 1847 ἐλέγομεν
3381 1775 3509 1828 εἶναι
3568 1775 3704 1831 κατὰ

1966 1900 2013 1965 Β
2043 1857 2197 1965 γένος
2248 1864 2327 1931 τῷ
2380 1859 2709 1965 βασιλεῖ,[Ρ.
2904 1858 3145 1925 ’Ἄλλους
3186 1860 3536 1965 ξεοπολλοὺς
3591 1870 3699 1921 τῶν

2045 1947 2331 2024 ἀρχόντων
2382 1954 2500 2010 τοῖς
2590 1948 2862 2027 όφφικίοις
2945 1946 3422 2023 προσανεϐίϐαζεν,
3482 1953 3556 2015 ὡς
3612 1956 3703 2009 καὶ

2046 2037 2140 2092 τὸν
2174 2037 2472 2113 λογοθέτην
2521 2042 2627 2092 τῶν
2674 2038 2883 2112 ἀγελῶν
2914 2038 3412 2116 Ἀγιοθεοδωρίτην
3476 2041 3706 2117 λογοοέ-

2048 2148 2146 2196 την
2177 2131 2285 2181 τῶν
2314 2126 2597 2182 οἶκειακῶν
2632 2122 3039 2197 ἐπαναϐιϐάζων
3094 2127 3301 2200 ἐκάλει,
3329 2130 3419 2185 καὶ
3471 2131 3701 2207 Μιχαὴλ

2050 2216 2140 2270 τὸν
2172 2218 2347 2273 Κακὸν
2404 2223 2864 2292 πρωτασηκρῆτις
2912 2214 3188 2289 ἀναδείξας
3242 2220 3445 2295 εὐγενεῖ
3500 2225 3707 2297 συνήρ-

2056 2326 2220 2377 μοττε
2262 2303 2400 2382 κόρῃ
2451 2304 2512 2359 ἐκ
2561 2309 2658 2360 τοῦ
2703 2309 2813 2360 τῶν
2846 2302 3333 2381 Φιλανθρωπηνῶν
3374 2309 3589 2385 γένους,
3616 2311 3706 2365 καὶ

2054 2392 2244 2456 ἁπλῶς
2268 2393 2446 2458 πολὺς
2473 2394 2541 2462 ἦν
2570 2394 2697 2457 τοὺς
2731 2390 3003 2470 ἄρχοντας
3034 2391 3401 2470 δεξιούμενος.

2056 2552 2117 2609 δ’.
2149 2557 2333 2617 Ὅπως
2369 2553 2457 2630 διὰ
2486 2552 2729 2630 σπουδῆς
2762 2556 2906 2629 εἶχεν
2938 2555 2973 2630 6_
3001 2553 3358 2630 [3905186916
3400 2559 3500 2628 τήν
3542 2558 3707 2616 πόλιν

2374 2626 2540 2699 ἑλεῖν,
2571 2626 2660 2681 καὶ
2687 2622 2849 2689 ὅπως
2872 2622 3184 2700 Σηλυϐρίαν
3218 2627 3382 2689 εἶλεν.

2125 2752 2227 2807 Ἦν
2256 2747 2348 2805 οὗν
2381 2749 2526 2822 αὖτῷ
2553 2746 2643 2804 διὰ
2672 2747 2917 2820 σπουδῆς
2951 2750 3209 2826 μεγίστης
3250 2752 3340 2807 καὶ
3393 2753 3495 2821 τὴν
3542 2754 3707 2811 πόλιν

2056 2837 2222 2912 ὶλεῖν,
2279 2842 2367 2893 καὶ
2424 2840 2837 2914 προσηνάγκαζε
2892 2839 3131 2914 τρόπους
3198 2838 3527 2919 ἒιρευρίσκων
3608 2844 3710 2918 μά-

2057 2950 2169 3005 χης
2221 2935 2357 3006 πρὸς
2388 2927 2658 2999 Ἰταλοὺς,
2683 2929 2773 2983 καὶ
2826 2928 2893 2983 τά
2939 2927 3130 3001 κύκλῳ
3181 2930 3383 3003 ταύτης
3433 2953 3709 3010 προκατα-

2058 3015 2245 3076 λαϐεῖν
2301 3018 2585 3094 ἠπείγετο.
2619 3018 2768 3076 Ἐπεὶ
2828 3017 2885 3073 δὲ
2942 3017 3033 3073 καὶ
3092 3018 3170 3074 ἔτι
3231 3024 3357 3097 παρ’
3414 3021 3622 3080 Ιταλῶν
3676 3026 3712 3093 ἡ

294 3260 433 3301 nem
481 3242 1009 3299 sebastocratorem
1067 3244 1126 3296 et
1171 3244 1455 3295 Casarem
1524 3238 1937 3295 declaraverat.
1971 3237 2014 3305 C.
2060 3237 2235 3303 ﬁlios,
2269 3238 2461 3293 adhuc
2490 3238 2984 3307 adolescentulos,
3004 3256 3172 3296 caros
3196 3240 3253 3295 in
3278 3240 3486 3311 primis
3505 3240 3720 3297 habuit

285 3337 569 3389 Socerum
593 3333 791 3386 autem
816 3330 1175 3401 despoantsa,
1204 3328 1543 3384 Tornicium
1567 3326 1942 3383 Consttinum

287 3439 359 3479 ex
408 3436 622 3491 magno
672 3418 1008 3491 primicerio
1060 3419 1588 3475 sehastocratorem
1630 3415 1785 3483 fecit,
1838 3415 1938 3471 sed

287 3527 428 3569 cum
461 3508 660 3581 aliqua
690 3525 724 3564 a
751 3511 979 3564 Caesare
1010 3506 1377 3563 differentia:
1412 3521 1551 3561 nam
1572 3506 1811 3561 fratrem
1832 3504 1944 3560 isto

286 3599 557 3657 afﬁciens
589 3597 810 3653 honore
831 3594 1230 3669 imperatoriis
1255 3610 1489 3667 quoque
1503 3595 1575 3649 de
1592 3609 1752 3649 more
1775 3592 1945 3665 aqui-

284 3686 794 3759 lisinsigniverat,
827 3685 988 3741 hunc
1036 3702 1172 3741 vero
1232 3685 1358 3740 sine
1390 3683 1508 3739 illis
1565 3681 1852 3754 symbolis
1882 3681 1944 3736 in

288 3777 435 3836 solis
467 3774 735 3832 caeruleis
766 3774 1293 3831 sebastocratorem
1338 3770 1599 3844 scripsit.
1632 3769 1949 3827 Collocavit

288 3871 491 3924 autem
549 3862 797 3920 Tornicii
846 3863 1031 3919 filiam
1088 3860 1633 3932 secundogenitam,
1683 3875 1943 3916 sororem

290 3955 495 4013 uxoris
527 3956 785 4026 despotts
844 3952 938 4008 sui
995 3951 1219 4021 fratris,
1249 3950 1464 4008 Joanni
1522 3950 1642 4006 ﬁlio
1689 3952 1945 4021 despotaa

290 4044 657 4107 Occidentis,
689 4057 867 4114 quem
898 4040 1164 4098 obsidem
1194 4038 1537 4111 imperatori
1564 4055 1598 4095 a
1619 4043 1783 4112 parte
1805 4037 1947 4092 mis-

292 4151 430 4191 sum
474 4131 650 4205 paulo
682 4136 819 4187 ante
867 4130 1146 4186 diximus.
1200 4130 1411 4185 Senem
1463 4144 1632 4201 porro
1680 4127 1947 4184 Alexium

292 4220 779 4294 Strategopulum
812 4220 1025 4276 creavit
1055 4222 1340 4275 Caesarem
1372 4243 1386 4287 ;
1417 4223 1474 4274 et
1504 4234 1704 4275 senem
1739 4218 1949 4274 Basca-

297 4315 415 4370 rim
442 4309 823 4367 Tzamanturi
851 4310 1091 4365 fratrem
1113 4308 1231 4378 (hic
1254 4307 1411 4363 enim
1435 4307 1708 4364 monachi
1732 4312 1951 4363 vestem

289 4401 594 4472 induerat)
624 4415 907 4473 magnum
928 4400 1137 4455 ducem
1169 4397 1801 4470 appellavit.Joannem
1818 4412 1950 4453 vero

294 4489 570 4559 Raulem,
606 4488 1037 4561 protovestiarii
1072 4486 1278 4543 Raulis
1310 4486 1545 4557 Filium,
1570 4486 1954 4559 protovestia-

292 4582 453 4639 rium
484 4580 722 4649 creavit,
751 4568 1133 4649 conjunctaei
1165 4576 1540 4632 matrimonio
1561 4577 1738 4633 vidua
1760 4582 1955 4649 proto-
1983 4608 2031 4674 Β

292 4669 560 4726 vestiarii
594 4667 918 4724 Muzalonis
949 4682 1140 4739 nuper
1160 4665 1340 4722 occisi
1373 4682 1488 4737 quo
1507 4666 1681 4722 modo
1701 4666 1956 4722 narravi-

298 4777 456 4816 mus.
491 4758 622 4815 Haec
656 4761 853 4814 autem
898 4757 1098 4823 vidua,
1132 4755 1373 4811 nomine
1401 4753 1727 4821 Theodora,
1763 4756 1954 4826 neptis

297 4854 427 4907 erat
455 4847 831 4921 imperatoris
864 4844 1190 4917 Palwologi,
1224 4844 1352 4915 ejus
1371 4843 1590 4900 sororis
1613 4844 1869 4917 Eulogius
1887 4861 1955 4901 ex

296 4936 709 4993 Cantacuzeno
752 4935 895 4993 ﬁlio.
928 4936 1109 5007 Cujus
1158 4932 1416 5006 Eulogite
1459 4932 1644 4988 filiam
1684 4934 1951 5001 alteram,

297 5042 648 5099 germanam
692 5025 1036 5097 Theodom,
1086 5021 1352 5092 Mariam,
1388 5021 1615 5096 nuptiis
1658 5022 1957 5094 copulavit

300 5116 456 5172 109
490 5115 706 5187 Alexio,
741 5114 917 5171 Philae
936 5114 1036 5187 qui
1059 5116 1383 5169 excaecatus
1404 5112 1595 5168 fuerat
1614 5111 1756 5181 ﬁlio,
1778 5128 1953 5185 quem

299 5209 359 5261 et
388 5221 672 5276 magnum
693 5203 1082 5261 domesticum
1108 5200 1446 5258 declaravit.
1468 5199 1656 5257 Aliam
1678 5207 1957 5273 praeterea

297 5295 668 5351 Theodoram
700 5310 770 5350 ex
797 5293 979 5349 altera
1011 5307 1210 5349 sorore
1239 5306 1349 5346 sua
1391 5289 1622 5347 Martha
1668 5291 1951 5363 genitam,

301 5400 477 5455 quam
496 5382 752 5439 Basilius
766 5380 1134 5439 Gaballarius
1146 5380 1408 5449 duxerat,
1438 5378 1509 5433 ab
1532 5392 1599 5433 eo
1613 5379 1681 5434 ad
1681 5379 1952 5450 junctam

301 5477 510 5545 rogatu
540 5488 833 5543 germanas
884 5473 1123 5543 prapter
1151 5486 1219 5525 ea
1250 5484 1381 5539 quae
1412 5467 1525 5537 ipsi
1556 5468 1792 5524 Marthae
1823 5471 1954 5541 ejus

214 5576 217 5579 ‘
298 5578 484 5618 causa
497 5561 888 5633 contigerant,
910 5574 1151 5614 uxorem
1174 5558 1338 5613 dedit
1357 5555 1758 5629 Balanidiotae,
1780 5575 1953 5630 quem

301 5649 507 5722 magni
558 5647 1051 5721 stratOpedarchzs
1114 5646 1336 5702 honore
1383 5645 1697 5701 decoravit.
1767 5647 1955 5720 Hujus

297 5738 623 5797 Theodore
672 5739 883 5796 fratres
950 5752 1207 5809 quoque,
1263 5735 1504 5791 Martha
1552 5736 1772 5793 sororis
1834 5754 1953 5795 suae

2062 3333 2121 3382 et
2153 3327 2309 3398 apud
2354 3343 2418 3383 se
2448 3327 2605 3399 regie
2636 3328 2859 3383 curavit
2907 3329 3163 3385 educari.
3214 3328 3465 3385 Nomina
3502 3330 3714 3386 horum

2060 3422 2228 3472 erant
2283 3415 2529 3472 Michael
2578 3417 2951 3474 Andronicus
2982 3422 3040 3474 et
3093 3419 3371 3474 Joannes.
3435 3418 3719 3475 Similiter

2063 3505 2449 3577 (quamquam
2463 3505 2574 3562 hoc
2588 3505 2773 3562 multo
2787 3507 3106 3578 posterius)
3119 3506 3517 3563 Andronicum
3532 3507 3715 3563 alium

2064 3594 2457 3667 Palaaologum
2487 3610 2556 3650 ex
2585 3596 2924 3664 Occidente,
2943 3613 3121 3668 quem
3152 3601 3211 3653 et
3226 3597 3551 3669 patruelem
3575 3596 3715 3653 scri-

2067 3683 2204 3755 psit,
2239 3684 2488 3755 quicum
2503 3685 2820 3756 despotaet
2849 3686 3202 3743 aliismultis
3236 3686 3714 3742 tractusOccidui

2067 3772 2438 3845 principibus
2469 3774 2542 3829 ad
2600 3790 2664 3829 se
2694 3777 3057 3845 ascenderat,
3117 3775 3401 3832 collocata
3430 3776 3482 3831 ei
3539 3777 3717 3832 vidua

2069 3860 2382 3917 Andronici
2411 3861 2763 3931 Muzalonis,
2794 3879 2972 3934 quem
3003 3879 3289 3936 magnum
3321 3864 3715 3921 domesticum

2069 3950 2253 4007 fuisse
2302 3951 2428 4021 jam
2509 3950 2884 4022 scripsimus,
2941 3958 3423 4024 protostralorem
3482 3954 3719 4025 creavit,

2068 4040 2269 4096 eodem
2302 4043 2564 4110 tempore
2594 4040 2880 4112 collegam
2899 4042 2949 4097 ei
2973 4040 3155 4097 simili
3177 4042 3493 4115 dignitatis
3521 4042 3722 4115 appel-

2070 4129 2285 4186 latione
2313 4130 2580 4185 tribuens
2609 4129 2874 4185 Alexium
2898 4129 3483 4202 Philanthropenum.
3504 4137 3719 4186 Socrus

2072 4223 2267 4275 autem
2282 4219 2470 4290 ipsius
2486 4220 2726 4275 fratrem
2740 4219 3053 4291 Angelum,
3071 4235 3351 4292 magnum
3366 4219 3504 4274 facit
3517 4220 3720 4291 primi-

2073 4308 2318 4378 cerium,
2353 4309 2827 4380 protosebastum
2842 4325 2975 4364 vero
2988 4308 3357 4381 Nostongum
3376 4308 3720 4365 Michaelem

2074 4402 2133 4454 et
2148 4398 2463 4470 mysticum
2485 4395 3228 4471 PalaeologumMichaelem
3240 4441 3253 4466 ,
3267 4414 3419 4470 quos
3432 4415 3500 4454 ex
3515 4413 3724 4471 genere

2073 4487 2459 4543 consobrinos
2491 4486 2830 4559 imperatori
2862 4485 3049 4543 fuisse
3080 4486 3363 4543 diximus.
3397 4487 3526 4544 Pari
3548 4488 3722 4544 modo

2073 4576 2294 4633 multos
2325 4575 2473 4633 alios
2489 4593 2558 4633 ex
2589 4576 2957 4649 principibus
2979 4577 3052 4633 ad
3077 4576 3272 4633 officia
3306 4576 3616 4649 promovit.
3644 4576 3728 4632 uti

2072 4665 2426 4739 logothetam
2451 4665 2750 4738 agelarum
2780 4665 3350 4737 Hagiolheodoriten,
3371 4681 3545 4737 quem
3564 4666 3729 4736 logo-

2074 4755 2295 4811 thetam
2352 4755 2811 4811 domesticorum
2870 4754 3217 4823 constituit;
3277 4759 3337 4810 et
3379 4752 3723 4809 Michaelem

2074 4852 2460 4922 cognomento
2493 4848 2735 4917 Malum,
2755 4849 3013 4921 primum
3046 4867 3080 4904 a
3102 4848 3343 4904 secretis
3370 4852 3544 4904 antea
3565 4863 3729 4902 crea-

2072 4944 2223 5006 tum,
2253 4940 2411 4994 110
2442 4937 2624 4994 nobili
2645 4938 3189 5010 virginiconjunxit
3220 4953 3251 4993 e
3282 4936 3729 5008 Philanthrope-

2077 5044 2286 5084 norum
2314 5027 2515 5098 stirpe.
2552 5026 2815 5098 Denique
2847 5026 3073 5084 multus
3104 5030 3227 5083 erat
3258 5027 3317 5082 in
3352 5024 3732 5082 demerendis

2077 5134 2144 5174 ac
2173 5116 2285 5173 sibi
2318 5115 2705 5173 conciliandis
2736 5115 3013 5188 primaris
3043 5114 3206 5173 viriis
3236 5115 3623 5187 lamiliisque.

2074 5222 2161 5278 14.
2200 5223 2263 5280 Ut
2319 5222 2625 5294 imperator
2653 5220 2900 5277 studium
2929 5221 3253 5277 adhibuerit
3298 5222 3375 5278 ad
3400 5236 3708 5294 recuperan

2286 5289 2415 5349 dani
2450 5293 2683 5362 urbem;
2744 5295 2794 5349 et
2822 5296 2883 5348 ut
2927 5293 3243 5366 Selybriam
3270 5297 3493 5367 ceperit.
3534 5289 3547 5294 ’
3714 5289 3738 5302 ⁸

2145 5385 2290 5440 Item
2319 5398 2493 5456 porro
2533 5381 2910 5437 incumbebat
2954 5383 3117 5439 omni
3162 5383 3360 5441 studio
3404 5382 3463 5439 in
3511 5398 3716 5438 curam

2074 5474 2487 5545 recuperandis
2518 5470 2704 5526 urbis.
2737 5475 2946 5543 Itaque
3002 5472 3235 5529 invento
3268 5477 3550 5545 praetextu
3596 5469 3738 5529 belli

2077 5568 2279 5620 contra
2310 5561 2509 5629 Italos,
2543 5560 2672 5616 loca
2693 5561 3197 5635 Constantinopoli
3220 5565 3615 5632 undecunque
3637 5576 3741 5631 per

2080 5652 2395 5709 circuitum
2425 5650 2620 5706 vicina
2635 5666 3043 5724 prteoccupare
3062 5651 3476 5708 contendebat.
3502 5649 3567 5705 Et
3586 5664 3742 5720 quo-

2086 5742 2248 5798 niam
2298 5739 2563 5813 Selybria
2590 5743 2731 5795 tunc
2762 5740 2955 5796 adhuc
2985 5745 3112 5797 erat
3141 5740 3200 5796 in
3234 5742 3522 5813 potestate
3568 5737 3742 5795 Italo-
