4090 6426
375 391 483 450 547

1680 379 1988 443 GEORGII
2025 378 2493 441 PACHYMERB

3697 391 3806 449 548

384 512 674 591 Σηλυϐρία
697 511 1010 589 κατείχετο,
1041 515 1259 587 πέμψας
1306 513 1447 587 αἱρεῖ
1499 512 1635 566 κατά
1688 506 1886 585 κράτος
1944 503 2033 561 καὶ
2064 506 2285 582 Απρὸς
2346 508 2582 573 ἐκείνους
2668 513 2907 568 κάκεῖνοι
2968 512 3101 591 πρὸς
3158 514 3407 587 τούτους,
3456 519 3547 572 καὶ
3597 518 3809 593 τρόπον

380 610 491 662 τῶν
523 603 810 677 Ῥωμαίων
868 608 1104 658 ποιεῖται
1154 601 1255 669 τήν
1308 598 1471 656 πόλιν
1534 598 1761 653 ἀκονιτί.
1805 596 1923 652 Ἔτι
1979 612 2038 648 τε

383 695 774 772 προσεχώρουν
804 691 1084 769 ἐγγύτερον
1122 693 1172 747 οἱ
1205 690 1487 767 ἡμέτεροι,
1520 690 1607 744 καὶ
1662 688 1729 743 τὰ
1786 682 1887 756 ἔξω
1938 690 2037 753 τῆς

383 787 601 849 πόλεως
658 786 710 842 ἐν
770 783 960 861 χερσῖν
1020 782 1169 859 εἶχον
1244 781 1392 850 πλὴν
1448 778 1748 857 Ἀφαμείας
1804 777 2036 851 ἴσχυροῦ

382 878 645 956 φρουρίου
676 875 1048 949 κατεχομένου
1105 877 1224 935 τοῖς
1278 870 1532 933 Ἰταλοῖς.
1565 872 1734 928 Ἦσαν
1787 865 1845 923 δέ
1898 887 2037 929 τινες

375 955 755 1027 κατοικοῦντες
813 965 922 1020 ἀπὸ
980 962 1245 1038 Χρυσείας
1292 983 1351 1018 τε
1404 961 1497 1017 καὶ
1585 959 1850 1026 ἐπέκεινα,
1911 955 2034 1011 ἀνέ-

365 1080 497 1122 τους
554 1058 650 1121 τὰς
700 1057 929 1131 γνώμας
982 1051 1202 1128 ἔχοντες
1263 1050 1371 1109 εἴτε
1425 1053 1561 1126 πρὸς
1591 1048 1897 1123 Ῥωμαίους
1927 1045 2035 1101 εἷ’τε

364 1150 502 1224 πρὸς
548 1145 798 1207 Ἰταλοὺς
857 1143 1097 1200 έθέλοίεν
1177 1141 1518 1212 ἀποκλίνειν,
1577 1146 1684 1197 τῶν
1746 1140 1841 1213 μὲν
1900 1139 2032 1193 Ῥω-

368 1239 544 1315 μαίων
592 1234 1006 1312 προσκειμένων
1057 1234 1245 1296 αὐτοῖς
1302 1235 1420 1289 οὖσι
1472 1232 1791 1304 Ῥωμαίοις,
1821 1232 1931 1284 τῶν
1985 1226 2031 1283 δ’

360 1328 590 1388 Ἰταλῶν
634 1327 882 1407 φυλακὴν
939 1327 1000 1381 ἐκ
1052 1325 1262 1381 τούτων
1322 1324 1686 1380 πιστευόντων
1740 1317 1887 1396 ἔχειν
1942 1318 2033 1376 διὰ

362 1422 427 1478 τὸ
486 1421 622 1497 πρὸς
683 1417 881 1481 αὐτοὺς
942 1417 1172 1487 σύνηθες
1206 1436 1220 1451 ο
1266 1414 1328 1470 οὗ
1379 1416 1479 1490 γὰρ
1538 1415 1603 1481 ἧν
1664 1413 1871 1488 ἑτέροις
1927 1432 2028 1466 πι-

367 1511 595 1568 στεύειν.
628 1511 706 1567 Τὸ
762 1509 820 1563 δὶ
877 1506 968 1563 καὶ
1019 1505 1147 1568 τοὺς
1205 1509 1591 1567 κατοικοῦντας
1642 1501 1917 1574 ἐκδιῶξαι,
1950 1502 2025 1573 μή

362 1602 454 1658 καὶ
513 1597 760 1660 κίνδυνος
815 1597 875 1652 lx
928 1596 1024 1662 τῆς
1081 1595 1309 1672 ἐρημίας
1340 1593 1653 1669 προσέσται.
1685 1594 1852 1651 Ἦσαν
1901 1595 2031 1666 γοῦν

369 1690 566 1767 μεταξὺ
624 1687 912 1762 Ῥωμαίων
966 1685 1055 1741 καὶ
1107 1685 1357 1753 Ἰταλῶν,
1400 1685 1487 1739 καὶ
1550 1681 1639 1737 διὰ
1692 1686 1853 1737 τοῦτο
1911 1680 2028 1736 έκέ-

365 1783 575 1852 κληντο
630 1778 721 1835 καὶ
775 1776 1324 1852 θεληματάριοι,τήν
1377 1771 1478 1847 ἔξω
1532 1781 1632 1844 τῆς
1663 1771 1882 1836 πόλεως
1922 1774 2025 1849 γῆν

2151 596 2339 672 μάχης
2389 596 2668 677 οὐδέτεροι
2727 603 2983 677 θατέρους
3044 604 3349 663 ἐσκύλευον.
3400 604 3614 664 Ἐδόκει
3672 612 3811 683 γοῦν

2144 690 2223 757 τῷ
2258 686 2475 762 βασιλεῖ
2505 688 2576 744 δι’
2606 691 3024 763 Ἑλλησπόντου
3056 698 3425 767 περαιωθέντα
3454 697 3553 767 τὴν
3617 697 3773 768 Σηλυ
3794 730 3813 740 ·

2146 770 2300 850 ϐρίαν
2354 775 2476 853 ἄρτι
2536 778 2770 838 ἀλοῦσαν
2829 778 3177 858 καταλαϐεῖν,
3210 784 3298 840 καὶ
3344 785 3411 841 τά
3440 786 3565 859 περὶ
3594 789 3677 860 [Ρ.
3710 790 3811 861 72]

2142 872 2239 922 τοῦ
2271 873 2387 932 πῶς
2421 868 2478 925 ἂν
2512 873 2545 940 ἡ
2579 872 2741 937 πόλις
2771 874 3062 948 Ῥωμαίοις
3108 876 3264 948 ἂλῲη
3298 876 3408 933 ἐκεῖ
3462 880 3809 952 καθήμενον-

2144 961 2637 1035 πραγματεύεσθαι.
2700 962 2876 1021 Ἀλλά
2932 966 2994 1020 τὸ
3079 967 3203 1043 περὶ
3288 969 3389 1037 τήν
3470 970 3807 1040 Ἐκκλησίαν

2144 1046 2352 1124 συμϐὰν
2387 1051 2485 1108 οὐκ
2510 1051 2591 1109 εἴα
2620 1058 2810 1110 τοῦτον
2845 1054 3124 1130 διαπερᾷν.

2146 1221 2220 1269 ιε’.
2250 1216 2440 1278 Ὅπως
2474 1216 2501 1271 ὁ
2534 1216 3198 1361 πατριάρχηςξζΑρσένιος
3250 1224 3347 1275 τοῦ
3402 1222 3803 1297 πατριαρχείου

2786 1310 2884 1344 υπε
2923 1311 3150 1348 ισταται.

2786 1310 3150 1348 υπεεισταται.

2210 1410 2272 1465 Ὀ
2303 1410 2405 1484 γὰρ
2466 1413 2815 1487 πατριάρχης
2846 1411 3124 1488 ’Λρσένιος
3185 1412 3281 1470 εἰτ’
3333 1414 3801 1491 ἐπιλογισάμενος

2138 1497 2200 1555 τὸ
2233 1498 2320 1553 ἐπὶ
2348 1503 2426 1571 τῷ
2461 1500 2677 1574 βασιλεῖ
2716 1502 2986 1577 πραχθὲν,
3019 1503 3093 1566 ὡς
3157 1502 3489 1577 ἐξηπάτηται
3548 1506 3644 1578 μὲν
3703 1507 3802 1561 αὐ-

2136 1590 2252 1653 τὸς,
2286 1589 2314 1643 ὁ
2347 1587 2405 1644 δὲ
2430 1592 2530 1659 τῆς
2582 1589 2858 1665 βασιλείας
2909 1588 3084 1667 ὅρπηξ
3144 1593 3441 1670 ἀγέραστος
3504 1596 3650 1668 μένει
3698 1618 3801 1652 πε-

2137 1678 2579 1755 ριφρονούμενος,
2635 1684 2743 1735 τῶν
2798 1681 3137 1757 πραγμάτων
3197 1682 3343 1739 ὅλων
3395 1686 3498 1741 ὑπὸ
3552 1690 3634 1757 τῷ
3690 1692 3805 1741 Πα-

2136 1768 2420 1845 λαιοΑὸγῳ
2452 1768 2867 1843 διοικουμένων,
2903 1770 3010 1828 εἴτε
3038 1772 3128 1828 καὶ
3182 1771 3359 1830 ἄλλου
3418 1774 3670 1845 νύξαντος
3724 1776 3800 1838 ὡς

363 1868 782 1943 καρπιζόμενοι,
835 1866 1124 1936 διαζῶντες
1195 1867 1395 1930 ἐκεῖθεν
1454 1865 1543 1920 καὶ
1600 1864 1728 1937 παρ’
1784 1861 2103 1947 ἀμφοτέοθ
2136 1860 2497 1934 ἐπινυστάξειε
2554 1861 2785 1937 μέγιστα
2867 1862 3069 1937 πράξας
3144 1863 3233 1919 καὶ
3306 1863 3539 1936 ἄληστα,
3599 1864 3706 1921 εἰει-ε
3744 1888 3804 1922 τι

368 1981 478 2037 ρων
537 1961 615 2023 εἷς
665 1962 838 2016 ἄνεσιν
901 1960 1175 2034 μένοντες,
1222 1957 1546 2034 χρῃζόντων
1603 1954 1869 2028 ἑκατέρων
1919 1960 2022 2023 τῆς

364 2051 582 2108 ἔκείνων
613 2051 851 2126 ἀγάπης,
886 2051 960 2113 ὡς
993 2047 1053 2105 ἄν
1086 2070 1148 2124 γε
1179 2050 1255 2122 μὴ
1310 2046 1659 2123 βλάπτοιντο.
1696 2045 1869 2115 Δῆλοι
1917 2047 2019 2119 γὰρ

365 2146 503 2213 ἦσαν
537 2140 629 2196 διὰ
662 2142 849 2215 μίσους
877 2140 1005 2203 τοὺς
1060 2141 1160 2195 οὐκ
1214 2138 1454 2201 οἷ’κείους
1507 2135 1715 2209 ἕξοντες
1750 2154 1762 2167 ·
1797 2136 1863 2204 ἧν
1920 2136 2022 2211 γὰρ

364 2232 456 2287 καὶ
510 2229 639 2292 τοὺς
672 2227 919 2290 Ἰταλοὺς
976 2228 1037 2283 ἐκ
1089 2232 1186 2282 τοῦ
1226 2228 1529 2301 ἀναχωρεῖν
1560 2228 1759 2282 ἐκεῖθεν
1790 2225 2023 2286 ἐκείνους

370 2319 703 2394 βλάπτεσοαι
752 2318 1134 2393 ἐρημωθέντος
1183 2320 1280 2371 τοῦ
1335 2315 1648 2386 τόπου,καί
1706 2314 1830 2377 τοὺς
1887 2316 2023 2372 Ῥω-

374 2412 588 2486 μαίους,
623 2411 665 2464 εἷ
697 2408 1002 2486 ἐγχειροῖεν
1060 2407 1146 2463 ἐπί
1198 2408 1376 2481 τι,μῆ
1430 2409 1579 2471 ὅπως
1630 2428 1691 2482 γε
1748 2413 2024 2483 συνεργεῖ-

364 2505 508 2576 σοαι,
563 2499 709 2558 ἀλλὰ
764 2500 853 2555 καὶ
905 2501 1040 2556 κατᾶ
1091 2498 1291 2574 κράτος
1347 2497 1613 2576 εἷ’ργεσθαι
1664 2500 1791 2574 παρ’
1846 2498 2020 2553 αὐτῶν

364 2594 455 2650 διὰ
511 2594 573 2648 τὸ
629 2593 766 2667 πρὸς
826 2590 1061 2655 ἐκείνους
1124 2596 1285 2664 μῖσος
1331 2592 1579 2665 καθαρῶς
1610 2592 2019 2665 προσκειμένων

363 2690 483 2750 τοῖς
511 2681 768 2747 Ἰταλοῖς.
804 2683 957 2741 Μετᾶ
986 2685 1119 2758 γοῦν
1149 2684 1250 2753 τὴν
1289 2688 1390 2749 τῆς
1447 2676 1763 2758 Σηλυϐρίας
1820 2679 2024 2737 ἅλωσιν

368 2770 520 2830 οὐδὲν
564 2772 633 2841 ἦν
695 2769 856 2845 μέσον
914 2770 1091 2825 αὐτῶν
1130 2790 1189 2824 τε
1219 2768 1309 2824 καὶ
1338 2771 1445 2823 τῶν
1479 2769 1783 2844 ἡμετέρων,
1817 2765 1947 2822 ἀλλ’
1976 2769 2023 2823 εί

360 2882 465 2916 που
525 2858 842 2933 συντόχοιεν
905 2854 1200 2927 ἀλλήλοις,
1250 2854 1484 2933 φιλικῶς
1543 2855 1695 2929 εἶχον
1757 2854 1909 2910 αὐτοί
1962 2877 2020 2911 τε

368 3067 529 3120 rum,
562 3048 761 3105 missis
794 3047 980 3120 copiis
1011 3046 1201 3119 primo
1234 3060 1361 3102 eam
1394 3046 1639 3101 incursu
1673 3045 1903 3118 cepitet
1925 3047 2007 3102 fa-

364 3140 479 3198 cile
511 3130 724 3211 adjeCit
753 3135 963 3192 ditioni
992 3139 1411 3191 Romanorum.
1445 3134 1692 3206 Pr0pius
1725 3134 1899 3190 etiam
1915 3135 2011 3190 ad-

363 3233 664 3287 moventes
700 3242 828 3284 sese
859 3226 988 3282 urbi
1023 3224 1210 3282 nostri
1240 3224 1584 3280 suburbana
1623 3227 2006 3294 occuparunt,

355 3322 596 3391 excepta
615 3313 1275 3389 Aphamea,munitione
1291 3311 1482 3369 valido
1505 3313 1785 3369 Italorum
1810 3312 2010 3384 praesi-

357 3410 452 3466 dio
483 3408 743 3465 defensa.
777 3405 957 3461 Erant
973 3407 1170 3461 autem
1206 3400 1551 3458 terraeillius
1574 3400 1851 3473 inquilini
1876 3401 2010 3473 qui-

352 3501 489 3557 dam
523 3514 556 3554 a
582 3496 834 3567 Cbrysea
862 3498 921 3551 et
948 3493 1096 3552 locis
1128 3491 1508 3549 ulterioribus
1553 3491 1794 3562 profecti
1838 3490 2009 3546 liberi

356 3586 625 3645 homines
644 3582 991 3654 etsuijuris,
1011 3579 1492 3653 anticipitiquein
1516 3580 1810 3637 Romanos
1831 3585 2009 3652 atque

354 3676 534 3733 Italos
568 3676 785 3740 favore,
815 3675 876 3728 et
904 3671 977 3727 ad
1010 3670 1325 3728 alterutros
1356 3672 1530 3741 prout
1559 3667 1812 3725 libuerat
1845 3668 2011 3725 incli-

356 3781 499 3824 nare
546 3762 729 3834 soliti,
760 3760 1041 3819 Romanis
1072 3760 1132 3815 in
1162 3759 1327 3833 ipsos
1361 3762 1535 3831 upote
1572 3762 1870 3815 Romanos
1903 3776 2005 3816 na-

351 3854 530 3912 turali
562 3853 804 3911 caritate
831 3850 1357 3925 propendentibus,
1378 3848 1542 3907 Italis
1576 3849 1771 3922 gentis
1793 3849 1906 3906 sibi
1931 3851 2004 3907 ad

348 3945 596 4001 tutelam
612 3943 823 4000 finium
848 3939 1118 4014 perutilis
1136 3939 1420 3997 demereri
1442 3938 1641 3996 studia
1655 3938 2007 3996 conantibus

345 4032 777 4092 consuetudine
806 4028 1147 4088 commercii
1180 4030 1459 4100 utrinque
1489 4028 1814 4100 quaestuosi
1847 4044 2003 4085 com-

347 4124 646 4197 modique.
672 4126 798 4180 Non
852 4121 1009 4178 enim
1041 4119 1190 4177 alios
1248 4117 1547 4174 habebant
1596 4116 1815 4189 quibus
1857 4117 2001 4172 lide-

346 4217 593 4284 rent;et
622 4212 673 4275 si
698 4211 808 4269 hos
842 4208 1201 4282 expellerent
1233 4207 1436 4265 unicos
1468 4205 1796 4262 suburbani
1830 4206 2001 4263 terri-

342 4303 479 4361 torii
512 4301 775 4369 colonos,
800 4300 1043 4356 desertae
1075 4296 1223 4369 ipsis
1257 4295 1613 4366 incultisque
1634 4295 1901 4367 regiones
1924 4294 2003 4351 vi-

345 4396 505 4448 ctum
536 4392 842 4461 negarent.
876 4387 1022 4444 Cum
1054 4401 1192 4456 ergo
1223 4383 1381 4440 inter
1412 4384 1710 4439 Romanos
1740 4388 1797 4439 et
1826 4382 2000 4440 Italos

343 4483 689 4535 neutrarum
747 4478 949 4533 essent
1005 4474 1284 4546 partium,
1327 4470 1745 4529 Thelematarii
1803 4472 1998 4545 (quasi

342 4568 563 4626 diceres
606 4564 943 4635 voluntarii)
992 4564 1375 4633 vocabantur,
1409 4562 1586 4633 quod,
1621 4566 1688 4619 ut
1744 4562 1885 4632 dixi,
1923 4562 1995 4618 ad

2131 1952 2219 2007 καὶ
2247 1950 2387 2007 ἄλλο
2417 1974 2469 2007 τι
2499 1953 2561 2007 τὸ
2593 1951 2799 2009 λυποῦν
2826 1953 2894 2021 ἧν
2928 1951 3078 2025 (οὐδὲ
3113 1954 3215 2029 γὰρ
3270 1954 3471 2017 ἐκεῖνος
3521 1955 3692 2026 δῆλον
3728 1957 3798 2025 ἦν

2132 2048 2305 2098 ποιῶν
2338 2043 2417 2119 ἐφ’
2449 2043 2495 2113 ᾦ
2526 2043 2806 2119 ἐξεχώρει,
2836 2043 3014 2106 αἰτίας
3067 2042 3114 2099 δ’
3147 2045 3445 2102 ἐπλάττετο
3497 2046 3573 2109 ὡς
3632 2069 3797 2103 καταο

2134 2140 2387 2211 φρονοῖτο
2440 2134 2530 2188 καὶ
2589 2134 2664 2196 ὡς
2723 2132 2880 2189 οὐδὲν
2940 2135 3086 2209 παρᾶ
3147 2134 3363 2210 βασιλεῖ
3411 2136 3571 2193 ἀνύοι
3612 2136 3794 2213 λέγων

2137 2227 2266 2299 ὑπὶρ
2297 2229 2403 2280 τῶν
2451 2228 2520 2298 τῇ
2546 2224 2842 2297 Ἐκκλησία
2882 2225 3281 2299 καθηκόντων),
3314 2227 3410 2301 ἅμ’
3438 2228 3603 2283 εἰπὼν
3655 2230 3798 2304 πρὸς

2132 2318 2223 2371 τὸν
2255 2316 2468 2390 κλῆρον
2499 2316 2589 2371 καὶ
2623 2316 2699 2389 ἅμ
2748 2318 2999 2392 ὁρμήσας
3029 2319 3129 2387 τήν
3174 2317 3357 2389 πύλην
3416 2326 3516 2389 τῆς
3572 2319 3791 2382 πόλεως

2132 2408 2362 2471 Νικαίας
2415 2402 2826 2480 καταλαμϐάνει
2875 2411 3033 2482 πεζῇ,
3063 2410 3150 2463 καὶ
3213 2410 3289 2471 ὡς
3349 2409 3467 2485 εἶχε
3510 2411 3604 2466 τὸν
3661 2410 3787 2486 περὶ

2136 2498 2292 2553 αὐτὸν
2353 2494 2527 2574 ὄχλον
2609 2496 3073 2571 ἀποτιναξάμενος
3150 2499 3552 2576 ἀμεταστρεπτὶ
3628 2500 3787 2569 ἵεται,

2139 2589 2359 2662 ὀλίγους
2390 2588 2535 2663 ἔχων
2574 2589 2703 2651 τοὺς
2762 2591 3189 2664 συνεπομένους,
3226 2590 3327 2645 Καί
3366 2611 3474 2646 τινι
3522 2592 3661 2666 πρὸς
3708 2597 3790 2665 τῷ

2132 2680 2302 2755 τείχει
2354 2682 2423 2753 τῇ
2481 2683 2578 2735 τοῦ
2635 2678 2953 2756 ἀγάλματος
3010 2682 3380 2754 προσκαθίσας
3430 2683 3596 2755 μονῇ,
3636 2681 3791 2738 νυκτῖ

2132 2772 2233 2838 τὴν
2290 2770 2513 2845 πορείαν
2569 2771 2833 2842 πιστεύει,
2861 2772 2952 2825 καὶ
3002 2772 3178 2847 φέρων
3228 2771 3416 2827 ἑαυτὸν
3445 2774 3515 2845 τῇ
3543 2776 3643 2828 τοῦ
3676 2775 3790 2831 Hae

2135 2858 2364 2933 σχασίου
2422 2862 2558 2934 μονῇ
2614 2856 2826 2929 δίδωσι,
2891 2863 3033 2934 μονῇ
3079 2860 3214 2934 πρὸς
3272 2860 3510 2935 ἡσυχίαν
3564 2860 3792 2935 εὐθέτῳ»

2130 3053 2361 3106 nostros
2396 3048 2899 3105 medium.Tamen
2933 3049 3283 3106 necessariis
3330 3050 3388 3104 in
3421 3048 3524 3106 illa
3572 3049 3786 3108 vicinia

2130 3139 2474 3195 occursibus
2525 3139 2709 3195 amice
2757 3142 3072 3210 pacateque
3129 3139 3622 3211 defungebantur,
3676 3157 3783 3196 ncc

2133 3228 2415 3285 Romanis
2444 3228 2605 3300 ipsos
2637 3244 2743 3284 nec
2771 3227 2918 3300 ipsis
2965 3228 3261 3285 Romanos
3290 3228 3602 3285 inciviliter
3652 3232 3777 3283 tra-

2132 3318 2431 3374 ctantibus
2462 3322 2564 3375 aut
2590 3316 2710 3374 vim
2772 3316 2953 3374 ullam
2989 3317 3339 3390 injuriamve
3377 3316 3771 3374 efferentibus.

2129 3409 2293 3463 Tunc
2316 3407 2507 3463 visum
2535 3411 2931 3479 opportunum
2954 3407 3294 3478 imperatori
3315 3412 3407 3465 est
3428 3405 3776 3463 transmisso

2126 3496 2503 3568 Hellesponto
2526 3497 2584 3552 in
2611 3513 2799 3568 nuper
2814 3501 3045 3569 captam
3065 3496 3385 3570 Selybriam
3408 3513 3473 3553 se
3493 3496 3780 3565 conferre,

2124 3585 2322 3659 ibique
2364 3603 2433 3643 ex
2466 3586 2796 3658 propinquo
2855 3585 3105 3643 consilia
3151 3602 3354 3659 capere
3407 3584 3787 3658 rationesque

2124 3676 2271 3732 inire
2301 3676 2464 3733 urbis
2516 3676 2831 3748 potiundae.
2869 3676 2982 3731 Sed
3015 3679 3320 3733 revocatus
3349 3676 3421 3732 ab
3453 3692 3523 3732 ea
3554 3676 3779 3748 cogita-

2124 3765 2280 3822 tione
2336 3766 2908 3837 transmissioneque
2949 3769 3137 3823 esteo
3190 3766 3351 3838 quod
3387 3772 3601 3837 praeter
3660 3764 3786 3837 opi-

2124 3856 2359 3912 nionem
2394 3855 2451 3910 in
2486 3854 2747 3911 Ecclesia
2778 3858 2920 3912 tunc
2952 3854 3219 3927 contigit.

2159 4051 2243 4107 15.
2300 4052 2363 4107 Ut
2406 4049 2731 4121 patriarcha
2760 4050 3027 4106 Arsaniae
3069 4049 3463 4121 patriam/tatu
3492 4051 3738 4107 cesserit.

2188 4209 2529 4267 Patriarcha
2556 4209 2851 4282 siquidem
2880 4209 3188 4279 Arsenius,
3213 4210 3335 4267 sive
3357 4213 3640 4283 reputans
3661 4209 3777 4266 sibi

2115 4299 2362 4355 illusum
2397 4299 2721 4357 interversa
2748 4299 3129 4357 eoronatione
3162 4299 3328 4373 pueri
3368 4299 3642 4373 Augusti,
3677 4300 3774 4355 in-

2115 4389 2403 4461 digneque
2426 4389 2619 4446 ferens
2640 4389 2870 4446 haerede
2891 4388 3119 4462 imperii
3144 4392 3480 4461 contempto
3495 4405 3782 4460 paeneque

2115 4478 2173 4534 in
2205 4479 2473 4534 ordinem
2506 4478 2741 4535 redacto
2764 4478 2834 4534 ad
2863 4482 3074 4534 nutum
3099 4478 3279 4534 unius
3302 4476 3610 4550 Palzeologi
3630 4494 3779 4533 cun-

2114 4572 2205 4625 cta
2236 4566 2580 4639 gubernari,
2633 4566 2755 4625 sive
2784 4566 3205 4625 indormivisse
3234 4566 3350 4624 sibi
3402 4567 3680 4623 conscius
3710 4566 3773 4623 in

341 4676 492 4732 quos
519 4658 799 4715 volebant
829 4654 1073 4727 impune
1105 4653 1561 4725 propenderent,
1586 4669 1830 4724 campos
1864 4650 1997 4709 urbi
2027 4640 2072 4705 Ι)
2114 4656 2383 4714 maximis
2420 4660 2477 4713 et
2507 4655 2756 4728 publica:
2786 4656 3003 4713 notitia:
3035 4656 3433 4713 indelebiliter
3453 4655 3773 4729 insculptis

340 4750 569 4806 vicinos
592 4748 854 4804 colentes
870 4745 1126 4817 indeque
1146 4743 1430 4811 viventes,
1460 4757 1566 4799 nec
1590 4741 1808 4799 Latinis
1833 4742 1994 4814 ipsos

346 4857 452 4898 nec
485 4836 768 4897 Romanis
802 4834 1245 4899 inlestantibus,
1291 4832 1446 4906 quod
1479 4848 1684 4889 eorum
1731 4847 1908 4904 opera
1938 4836 1996 4888 et

342 4928 747 4987 benevolentia
776 4926 992 4999 pariter
1018 4923 1253 4995 utrique
1270 4921 1771 4994 indigerent.Nam
1797 4925 1991 4978 utros-

340 5020 430 5077 vis
452 5021 524 5076 ob
566 5021 838 5089 acceptas
867 5013 1121 5087 injurias
1158 5012 1445 5080 odissent,
1496 5010 1727 5067 afﬁcere
1776 5010 1992 5069 damno

341 5113 629 5181 poterant,
663 5105 841 5163 Italos
871 5104 1112 5176 quidem
1145 5101 1468 5159 recedendo
1501 5100 1655 5169 inde,
1678 5106 1732 5156 et
1762 5100 1991 5156 desola-

339 5199 417 5255 tis
446 5196 806 5267 incultisque
863 5191 1290 5266 relinquendis,
1322 5190 1479 5247 unde
1526 5188 1716 5246 victus
1764 5192 1991 5261 partem

340 5287 658 5343 maximam
689 5285 838 5341 111
896 5282 1216 5350 habebant,
1276 5278 1472 5348 terris,
1505 5280 1801 5336 Romanos
1857 5295 1992 5335 vero

342 5375 705 5441 ulciscendo,
736 5372 786 5430 si
818 5371 1211 5440 irritarentur,
1235 5375 1294 5427 et
1322 5385 1503 5426 manu
1534 5374 1764 5425 armata
1794 5384 1992 5440 perse-

341 5465 577 5539 quendo
600 5481 615 5533 ;
639 5463 891 5533 inquam
929 5464 1155 5531 partem
1180 5462 1348 5516 erant
1381 5473 1484 5530 per
1504 5473 1633 5514 sese
1663 5457 1991 5529 proniores,

340 5573 455 5614 usu
485 5558 544 5611 et
572 5554 839 5610 instituto
863 5549 992 5606 vitae
1013 5547 1205 5620 palam
1227 5547 1638 5604 incumbentes
1659 5548 1717 5602 in
1736 5547 1993 5604 favorem

341 5647 620 5703 Italorum
655 5649 713 5703 et
741 5662 774 5701 a
805 5639 1088 5699 Romanis
1102 5638 1507 5695 abhorrentes.
1542 5638 1609 5695 Hi
1643 5642 1989 5710 postequam

338 5741 511 5809 capta
532 5740 621 5792 est
643 5732 925 5807 Selybria,
948 5729 1095 5787 nihil
1119 5728 1245 5799 jam
1268 5727 1565 5785 habebant
1587 5727 1737 5785 inter
1756 5727 1915 5800 ipsos
1933 5732 1990 5785 et

2113 4747 2248 4818 quis
2281 4747 2434 4803 alius
2492 4747 2700 4802 urebat
2730 4744 3000 4803 occultus
3033 4745 3201 4802 dolor
3248 4746 3412 4818 (nam
3443 4745 3769 4818 apparebat

2111 4853 2245 4892 eum
2282 4852 2397 4893 non
2455 4835 2622 4893 fateri
2654 4835 2795 4907 quid
2828 4840 2983 4892 esset
3013 4853 3128 4909 quo
3160 4851 3292 4893 vere
3322 4838 3679 4905 moveretur,
3712 4837 3773 4891 et

2113 4927 2329 4999 tingere
2359 4942 2509 4997 quas
2540 4925 2831 4998 allegabat
2860 4941 3092 4993 causas,
3126 4925 3282 4997 quod
3314 4924 3599 4981 nimirum
3642 4924 3774 4979 ani-

2112 5016 2505 5071 madverteret
2539 5031 2667 5072 sese
2698 5015 3002 5072 contemni
3033 5016 3106 5072 ab
3134 5008 3492 5087 imperatore
3522 5016 3598 5081 et,
3631 5028 3771 5068 cum

2110 5105 2160 5162 ei
2193 5105 2265 5161 de
2320 5105 2499 5162 rebus
2529 5104 2797 5161 Ecclesiae
2828 5104 3188 5176 loqueretur,
3251 5102 3397 5159 nihil
3439 5102 3767 5175 proiicere),

2114 5192 2256 5249 talia
2285 5191 2440 5249 clero
2471 5206 2609 5249 cum
2642 5191 2906 5260 dixisset,
2938 5194 3177 5264 repente
3207 5189 3432 5262 impetu
3472 5192 3640 5260 capto
3673 5204 3775 5258 pe-

2110 5284 2212 5338 des
2246 5282 2315 5338 ad
2347 5285 2579 5353 portam
2616 5281 2778 5338 urbis
2816 5281 3018 5337 Nicaeae
3049 5295 3402 5353 progressus
3425 5282 3537 5347 est,
3567 5276 3771 5347 ibique

2111 5374 2560 5445 persequentem
2589 5371 2774 5427 effuse
2804 5370 3041 5427 turbam
3076 5386 3110 5425 a
3139 5384 3203 5425 se
3233 5367 3526 5441 repellens
3556 5366 3773 5422 irrevo-

2109 5460 2375 5517 cabiliter
2405 5477 2469 5518 se
2497 5461 2558 5516 in
2590 5460 2743 5517 viam
2772 5460 2931 5516 dedit
2949 5458 3103 5514 H2
3128 5457 3331 5529 paucis
3350 5455 3772 5513 comitantibus

2108 5554 2312 5606 etcum
2336 5549 2395 5605 in
2411 5550 2667 5621 quodam
2686 5548 2877 5605 vicino
2894 5547 3188 5604 moenibus
3210 5544 3568 5603 monasterio
3593 5544 3767 5616 Agal-

2108 5639 2286 5697 matis
2318 5644 2518 5697 vocato
2548 5638 2792 5711 paulum
2824 5636 3209 5707 consedisset,
3233 5640 3521 5692 nocturno
3553 5633 3771 5691 itinere

2109 5744 2169 5787 se
2201 5728 2452 5787 contulit
2482 5728 2552 5785 ad
2588 5726 3011 5786 monasterium
3047 5723 3345 5783 Paschasii
3377 5724 3447 5781 ad
3472 5722 3768 5796 tranquil~
