4090 6426
251 404 361 459 549

1307 402 1403 454 DE
1443 398 1817 453 MICHAELE
1855 397 2301 455 PALEOLOGO
2336 401 2471 455 LIB.
2515 406 2584 455 Il.

3569 405 3676 460 550

254 528 401 583 ἔνθεν
469 528 565 599 μὲν
621 523 825 598 ἐχούσῃ
882 525 951 591 τὴ
1008 521 1302 594 θάλασσαν,
1360 520 1503 584 ἔνθεν
1568 518 1613 574 δ’
1658 521 1905 594 ὑπεράνω
1940 523 2167 595 Αρεῦσι
2225 522 2286 576 τὸ
2339 524 2578 597 πραχθὲν
2624 528 2703 595 τῷ
2753 527 3068 601 πατριάρχῃ
3119 530 3391 582 κοινὸῦντι
3463 529 3555 583 καὶ
3612 531 3677 584 τὸ

254 617 485 690 κειμένῃ
539 618 637 669 τοῦ
696 616 949 686 ποταμοῦ
1009 611 1329 687 Δράκοντος,
1389 610 1479 666 καί
1536 609 1617 688 ἐφ’
1675 609 1911 683 ἡσυχίας

260 705 436 761 ἐκεῖσε
466 704 725 773 καθῆστο.
778 701 878 757 Καὶ
911 704 938 755 ὁ
968 702 1063 774 μὲν
1100 699 1245 755 οὕτω
1298 705 1376 772 τῷ
1423 699 1577 771 τόπῳ
1634 698 1915 771 ἐνησυχά-

264 802 372 865 ζων
427 790 645 853 οὐδενὸς
676 796 784 846 τῶν
819 791 1170 862 καθηκόντων
1221 793 1291 858 τῆ
1347 788 1650 864 παριαρχίᾳ
1688 788 1922 859 ἥπτετο,

262 886 424 940 πάντ’
475 882 651 952 ἐάσας,
714 883 887 953 εαυτῷ
945 878 1003 936 δὲ
1058 876 1209 953 μόνῳ
1271 878 1598 955 προσλαλῶν
1658 877 1747 932 καὶ
1781 880 1918 947 Θεῷ.

264 976 334 1033 Οἱ
370 972 427 1028 δὲ
456 976 558 1028 τοῦ
582 969 825 1045 κλήρου,
858 971 949 1025 καὶ
1000 970 1119 1025 ὅσοι
1147 974 1256 1025 τῶν
1288 968 1587 1045 ἀρχιερέων
1620 972 1689 1040 τῇ
1721 967 1924 1035 Νικαίᾳ

265 1061 607 1137 ἐπεδήμουν,
642 1059 812 1117 δεινὸν
845 1062 908 1116 τὸ
951 1055 1161 1133 συμϐὰν
1221 1062 1460 1135 ἡγοῦντο
1507 1060 1596 1115 καὶ
1654 1066 1922 1134 προσεπέ-

266 1152 503 1209 στελλον
537 1150 885 1219 ἱκετεύοντες,
937 1153 1011 1223 μή
1073 1171 1178 1205 που
1234 1149 1324 1204 καὶ
1379 1149 1632 1224 βασιλεὺς
1692 1152 1921 1214 ἀκούσας

266 1244 320 1301 ἐν
350 1242 514 1314 δεινῷ
569 1242 633 1297 τὸ
690 1241 933 1317 πραχθὲν
995 1242 1247 1310 ποιήσοι.
1302 1240 1401 1296 Καὶ
1462 1238 1648 1302 ἄλλως
1713 1240 1923 1297 δίκαιον

271 1334 431 1405 εἶναι,
488 1328 544 1387 εἴ
593 1332 676 1393 τίς
730 1351 837 1385 που
891 1330 980 1384 καὶ
1030 1327 1259 1400 λυποίη,
1311 1330 1482 1384 αὐτοῦ
1512 1352 1617 1385 που
1668 1336 1765 1386 τοῦ
1820 1353 1926 1386 πα·-

268 1421 598 1499 τριαρχείου
628 1421 893 1489 καθῆσθαι
925 1419 1017 1473 καὶ
1066 1439 1130 1492 γε
1178 1417 1427 1493 ἐλέγχειν
1478 1421 1569 1475 τὸν
1621 1422 1739 1475 κατ’
1794 1421 1928 1490 ἐπή-

274 1532 424 1589 ρειαν
481 1508 854 1585 ἐνοχλοῦντα,
912 1509 1353 1586 προσναφέροντα
1409 1511 1495 1564 καὶ
1544 1514 1624 1581 τῷ
1685 1510 1928 1585 βασιλεῖ,

275 1599 402 1657 εἶδ’
432 1599 592 1661 αὖτὸς
644 1600 731 1654 καὶ
779 1598 938 1672 μόνος
983 1596 1065 1669 εἴη
1124 1597 1401 1672 ἐνοχλῶν,
1450 1598 1607 1653 αὐτὸν
1666 1604 1934 1663 νουθετεῖν

276 1692 534 1767 ἐλέγχειν
584 1687 939 1763 παρακαλεῖν,
991 1683 1490 1761 συλλαμϐανόντων
1539 1689 1625 1742 καὶ
1682 1693 1789 1744 τῶν
1838 1689 1935 1762 ἀρ-

277 1782 515 1858 χιερέων
567 1778 800 1833 καθόσυν
836 1777 1099 1851 ἰσχύοιεν.
1134 1778 1209 1834 Τὸ
1242 1775 1292 1851 δ,
1324 1776 1630 1851 ἀναχωρεῖν
1692 1779 1767 1851 μὴ
1799 1797 1934 1853 προ-

2026 612 2282 681 ποιητέον
2332 616 2505 681 ζητεῖ.
2554 615 2686 675 Τοῖς
2742 617 2836 688 μὲν
2888 616 2981 669 οὗν
3034 619 3327 692 προτροπὴ
3370 618 3435 685 ἦν
3477 616 3566 673 ἰπὶ
3613 620 3678 674 τὸ

2030 697 2119 755 διὰ
2166 698 2426 755 πλείστου
2477 703 2681 765 τιθέναι
2757 705 2855 773 τήν
2934 705 3278 780 ἀνεχώρησιν
3346 708 3409 763 τό
3464 728 3525 762 τε
3581 713 3679 763 τοῦ

2029 790 2349 863 πράγματος
2406 789 2568 862 ἄηθες
2624 793 2713 848 καὶ
2767 796 2801 863 ἡ
2850 801 2949 863 τῆς
2997 795 3223 871 εἰρήνης
3285 798 3541 868 συνήθεια
3588 798 3681 852 καὶ

2029 880 2090 933 τὸ
2127 882 2201 949 μή
2236 879 2286 950 ἐξ
2332 880 2554 953 ἑτοίμου
2588 880 2733 952 δόξαι
2791 883 3321 959 ἀποπροσποιεῖσθαι
3380 886 3475 943 τὸν
3529 892 3682 963 πρῶ-

2030 988 2121 1022 τον
2155 968 2245 1023 καὶ
2306 974 2483 1039 ζητεῖν
2545 968 2747 1045 ἕτερον,
2808 974 2914 1046 πρὸ
2972 970 3031 1028 δὲ
3086 974 3293 1030 τούτων
3345 977 3598 1031 ἀπάντων
3649 978 3684 1045 ἡ

2031 1056 2127 1113 τοῦ
2163 1056 2431 1132 βασιλέως
2473 1060 2820 1136 παράκλησις
2850 1062 3108 1139 Μιχαὴλ,
3143 1063 3391 1140 λιπαρῶς
3444 1063 3687 1127 δεδιότος

2038 1149 2115 1220 μὴ
2150 1147 2230 1224 ἐφ’
2261 1148 2410 1220 αὑτῷ
2438 1149 2505 1204 τὰ
2546 1156 2645 1219 τῆς
2707 1150 3110 1226 ἀναχωρήσεως
3167 1154 3381 1227 γένοιτο
3430 1151 3595 1209 atwa
3626 1154 3691 1209 τὸ

2034 1237 2134 1312 γὰρ
2182 1235 2426 1300 συνειδὸς
2486 1238 2714 1314 ἀρρεπὲς
2759 1242 3043 1316 κριτήριον
3086 1242 3150 1309 ἦν
3210 1242 3300 1297 καὶ
3358 1243 3421 1297 τὸ
3481 1240 3688 1297 λυποῦν

2040 1326 2139 1381 όύκ
2168 1326 2374 1399 ἠγνόει,
2407 1324 2505 1383 κᾶν
2557 1327 2765 1391 ἐκεῖνος
2823 1330 2923 1385 οὐκ
2970 1327 3128 1404 ἔλεγε
3178 1336 3446 1408 φανερῶς,
3509 1328 3692 1400 λυπην

2044 1417 2220 1489 μόνην
2304 1418 2489 1492 κωρὴν
2556 1419 2646 1473 καὶ
2722 1422 3124 1496 καταφρόνησιν
3199 1416 3692 1495 προϐαλλόμενος.

2042 1506 2249 1562 Ἐκεῖσε
2277 1511 2404 1581 γοῦν
2432 1513 2538 1564 τῶν
2572 1508 2921 1579 ὁπουδήποτε
2980 1511 3360 1586 συναχθέντων
3422 1513 3696 1587 ἱεραργῶν

2046 1596 2270 1666 ζήτησις
2303 1599 2368 1665 ἦν
2414 1598 2539 1673 περὶ
2596 1599 2804 1654 τούτων
2885 1601 2977 1654 καὶ
3057 1601 3263 1675 σκέψις.
3353 1601 3451 1655 Καὶ
3531 1600 3694 1663 τέλος

2042 1688 2321 1760 πέμπουσι
2351 1689 2477 1751 τοὺς
2510 1692 2633 1766 περί
2684 1693 2775 1746 τὸν
2824 1691 3153 1765 Ἡρακλείας
3208 1693 3449 1763 Νικήταν
3507 1689 3694 1769 (ἔτυγι

2041 1778 2141 1851 γὰρ
2166 1779 2290 1833 τότε
2320 1780 2408 1834 καὶ
2468 1782 2820 1856 πατριάρχης
2872 1783 2939 1854 τῇ
3000 1783 3145 1854 μονῇ
3200 1785 3297 1835 τοῦ
3357 1781 3510 1857 ἁγίου
3569 1792 3698 1837 Διο-

280 1873 469 1949 φανῶς
523 1867 620 1931 τὰς
676 1865 849 1931 αῗτίας
906 1866 1171 1941 λέγοντι,
1239 1867 1316 1939 μὴ
1400 1868 1628 1939 μάταιον
1696 1864 2256 1965 νομισθῆΒμήδους
2312 1870 2681 1943 προσμένων)
2741 1869 3103 1945 ἀγγελοῦντας
3166 1870 3261 1943 μὲν
3339 1872 3477 1947 πρὸς
3536 1871 3701 1926 αὐτὸν

278 1962 344 2016 τὸ
377 1958 713 2035 ἐγχείρημα.
762 1959 862 2013 Ἦν
918 1954 976 2011 δὲ
1030 1954 1134 2032 ἄρα
1163 1957 1251 2011 καὶ
1311 1958 1644 2034 ἀμφοτέροις
1700 1957 1938 2027 ἀνήνυτα

282 2050 353 2104 τὰ
402 2047 769 2123 πραττόμενα,
817 2051 934 2109 τοῖς
964 2047 1013 2101 τ’
1045 2045 1427 2101 ἐπιστέλλουσι
1460 2049 1542 2119 [Ρ.
1574 2049 1666 2117 73]
1720 2046 1810 2101 καὶ
1860 2050 1940 2117 τῷ

282 2140 650 2214 ἡσυχάζοντι,
686 2136 907 2208 δοκήσει
957 2140 1064 2191 τῶν
1103 2137 1197 2209 μὶν
1230 2141 1326 2192 τοῦ
1375 2137 1451 2209 μή
1497 2132 1644 2211 ἔχειν
1693 2137 1940 2205 ἀποσπᾷν

285 2230 491 2285 ἐκεῖθεν
524 2226 750 2298 ἐκεῖνον,
784 2224 879 2281 κᾶν
927 2227 956 2280 ὅ
983 2248 1035 2280 τι
1070 2222 1300 2298 λέγοιεν,
1333 2229 1431 2281 τοῦ
1480 2223 1537 2279 δὲ
1581 2229 1676 2280 τοῦ
1729 2227 1806 2299 μὴ
1857 2226 1944 2280 ἐπὶ

288 2320 488 2395 ῥητοῖς
522 2318 671 2387 ἱστᾷν
703 2318 771 2372 τὰ
819 2322 919 2386 τῆς
958 2316 1366 2389 ἀναχωρήσεως
1414 2313 1583 2386 αἴτια,
1615 2313 1694 2391 ἐφ’
1727 2316 1771 2387 ᾧ
1804 2313 1947 2369 πολ-

287 2408 456 2471 λάκις
484 2407 572 2461 καὶ
605 2405 861 2482 θεραπεία
904 2403 1137 2481 γένοιτο.
1184 2398 1530 2478 Τριϐομένου
1584 2402 1643 2458 δὲ
1694 2408 1789 2459 τοῦ
1829 2425 1951 2460 και-

292 2502 397 2571 ροῦ
428 2498 615 2574 φθάνει
647 2497 734 2551 καὶ
780 2493 833 2557 ἐς
875 2493 1103 2570 βασιλέα
1150 2495 1210 2549 τὸ
1262 2492 1464 2569 δρᾶμα,
1516 2495 1605 2550 καὶ
1660 2494 1796 2571 βαρὺ
1854 2495 1955 2550 αὐ-

292 2588 420 2642 τίκα
452 2584 603 2642 δοκεῖ
642 2586 918 2641 ἀκουσθέν.
976 2584 1077 2642 Καὶ
1124 2586 1181 2647 ὃς
1224 2590 1341 2647 τοῖς
1368 2585 1503 2661 ἀμφ’
1562 2583 1721 2639 αὐτὸν
1766 2584 1956 2659 ἀρχιε-

300 2803 425 2860 lam
457 2803 715 2873 quietem
747 2805 1076 2873 opportune
1106 2800 1310 2869 situm,
1347 2800 1485 2854 hinc
1519 2800 1759 2871 quidem
1817 2800 1968 2856 mari

304 2896 687 2966 praetentum,
712 2890 873 2947 illinc
904 2891 1166 2946 Dracone
1199 2889 1463 2960 ﬂumine,
1490 2890 1558 2944 ad
1586 2889 1755 2959 cujus
1776 2888 1966 2960 ripam

308 2986 719 3039 constructum
742 2984 901 3049 erat;
934 2980 1133 3051 ibique
1156 2980 1212 3034 in
1236 2978 1421 3035 altum
1454 2994 1515 3035 se
1547 2980 1733 3035 otium
1767 2980 1972 3034 condi-

307 3074 420 3141 dit,
455 3070 685 3127 nullam
718 3070 996 3140 deinceps
1026 3085 1325 3140 usurpans
1346 3085 1416 3125 ex
1437 3068 1689 3141 propriis
1719 3068 1969 3140 patriar-

308 3163 431 3218 chae
494 3159 926 3225 functionibus,
967 3160 1067 3214 sed
1115 3159 1343 3215 cunctis
1403 3158 1669 3224 omissis,
1709 3159 1821 3213 sibi
1870 3159 1971 3213 uni

2048 1952 2233 2008 καὶτὰ
2282 1954 2387 2009 ἀπὸ
2435 1959 2533 2020 τῆς
2582 1954 2809 2011 συνόδου
2844 1955 3332 2031 μετακαλουμένης
3390 1958 3554 2014 αὐτὸν
3610 1960 3702 2015 καὶ

2057 2043 2276 2119 βαρεῖαν
2304 2041 2572 2115 δοκούσης
2606 2045 2855 2121 ἡγεῖσθαι
2914 2048 3014 2116 τὴν
3067 2046 3441 2122 ἀναχώρησιν,
3476 2048 3702 2121 ἑτοίμου

2052 2131 2098 2184 τ’
2123 2128 2288 2202 οὔσης
2316 2133 2452 2207 πρὸς
2480 2134 2542 2188 τὸ
2577 2140 2767 2207 μαθεῖν
2816 2132 3064 2198 είπόντος
3116 2135 3183 2189 τὰ
3229 2132 3399 2204 etiam,
3448 2135 3596 2204 πλὴν
3654 2134 3712 2191 δὶ

2056 2221 2146 2275 καὶ
2193 2220 2557 2286 όνειδιοῦντας
2619 2223 2692 2285 ὠς
2751 2224 2814 2279 οὑ
2876 2221 3106 2287 δεόντως
3142 2222 3506 2301 διαπρέξοιτο,
3563 2224 3712 2281 ἀλλὰ

2062 2314 2450 2387 συναρπασθεὶς
2510 2311 2644 2377 ἴσως
2699 2314 2750 2385 ἐξ
2792 2313 2994 2385 ὀδύνης
3041 2316 3104 2371 τὸ
3157 2317 3231 2387 μὴ
3287 2315 3423 2371 κατὰ
3448 2315 3512 2371 τὸ
3570 2316 3715 2378 εἰκὸς

2062 2405 2363 2472 ποιήσειεν,
2396 2403 2462 2472 ἣν
2512 2398 2618 2459 ἔδει
2674 2404 2989 2460 συναχθεῖσι
3050 2402 3255 2474 δηλοῦν
3313 2405 3404 2459 καὶ
3464 2402 3717 2479 διορθοῦν

2066 2492 2245 2563 ἀξιοῦν
2278 2493 2627 2570 πατριάρχην
2650 2494 2774 2549 ὅντα
2818 2494 2907 2550 καὶ
2938 2496 3064 2557 τοὺς
3112 2500 3220 2550 τῶν
3256 2497 3511 2571 Πατέρων
3558 2495 3723 2552 κανό-

2068 2605 2159 2645 νας
2190 2583 2278 2639 διᾶ
2306 2584 2567 2640 πλείστου
2595 2585 2895 2658 τιθέμενον.
2929 2587 3042 2642 ΙΙοῦ
3072 2587 3176 2662 γὰρ
3204 2587 3267 2642 τὸ
3298 2585 3579 2662 ἐλέγχειν,
3612 2591 3720 2642 ποῦ

2078 2799 2305 2856 dierum
2340 2798 2565 2872 aliquot
2595 2801 2783 2872 spatio
2809 2801 3234 2876 desperatoque
3262 2819 3554 2876 regressu,
3588 2818 3723 2877 per-

2079 2889 2265 2945 fertur
2290 2892 2357 2944 ad
2380 2890 2797 2961 imperatorem
2829 2891 2911 2946 rei
2942 2892 3118 2962 fama,
3144 2909 3270 2964 qua:
3303 2893 3493 2966 gravis
3516 2892 3569 2950 ei
3595 2910 3728 2967 pcr-

2082 2977 2444 3051 molestaque
2491 2995 2633 3034 sane
2683 2980 2917 3037 accidit.
2949 2979 3154 3053 Itaque
3202 2983 3251 3039 is
3303 2982 3731 3039 communicato

2084 3069 2239 3139 quod
2273 3067 2538 3124 audierat
2564 3068 2856 3141 episcopis
2888 3069 2988 3141 qui
3021 3070 3167 3126 forte
3199 3072 3535 3144 adfuerunt,
3578 3089 3736 3143 quac-

2084 3157 2249 3213 rebat
2268 3158 2338 3212 ab
2360 3156 2511 3228 ipsis
2536 3157 2675 3229 quid
2701 3158 3033 3215 faciendum
3065 3159 3167 3215 tali
3200 3162 3506 3218 occasione
3537 3178 3739 3218 censo-

315 3253 551 3322 Deoque
575 3248 1013 3320 colloquens.At
1029 3248 1222 3304 clerus
1242 3247 1585 3319 Nicaeensis,
1607 3252 1665 3303 et
1685 3251 1974 3319 quotquot
2004 3289 2047 3357 Ο
2086 3250 2236 3347 ιᾞηὶἶ
2259 3246 2539 3318 Perplexa
2570 3250 2991 3349 eorum-oratio
3021 3249 3151 3321 fuit,
3186 3250 3442 3322 primum
3490 3268 3736 3325 exagge-

312 3339 578 3413 episcopi
608 3339 667 3393 in
699 3354 769 3395 ea
797 3339 941 3393 urbe
989 3341 1118 3392 tum
1170 3337 1329 3409 regia
1382 3338 1754 3409 negotiorum
1794 3353 1973 3393 causa

317 3428 795 3496 diversabantur,
822 3427 988 3494 moti,
1009 3432 1077 3482 ut
1098 3443 1204 3499 par
1219 3431 1362 3494 erat,
1387 3430 1509 3481 tam
1542 3427 1777 3483 insueto
1809 3427 1980 3497 facto,

319 3518 693 3591 scripserunt
724 3517 795 3572 ad
828 3516 995 3572 illum
1030 3516 1329 3588 supplices
1372 3515 1621 3587 litteras,
1653 3521 1887 3572 orantes
1919 3521 1987 3573 ut

321 3607 563 3674 rediret,
587 3610 645 3662 et
675 3614 1057 3678 suggerentes
1081 3607 1200 3661 fore
1222 3610 1289 3660 ut
1310 3606 1631 3677 imperator
1655 3622 1716 3662 re
1740 3605 1845 3662 tali
1881 3623 1988 3662 au-

325 3698 450 3753 dita
478 3697 915 3752 offenderetur:
951 3696 1106 3766 quod
1160 3696 1210 3750 si
1256 3695 1396 3766 quid
1444 3695 1558 3766 ipsi
1605 3712 1806 3751 eorum
1859 3713 1988 3767 quae

327 3787 551 3844 fiebant
579 3785 1191 3858 displiceret,aaquum
1217 3785 1400 3841 fuisse
1430 3785 1600 3841 illum
1635 3786 1989 3842 insidentem

328 3876 543 3933 throno
565 3874 1080 3947 suo,patriarchali
1097 3874 1447 3929 auctoritate
1465 3890 1771 3947 perperam
1794 3879 1989 3931 actum

332 3965 784 4037 reprehendere,
817 3968 876 4020 et
907 3964 957 4020 si
987 3964 1085 4019 cui
1120 3980 1223 4036 per
1251 3980 1311 4019 se
1344 3964 1561 4019 mederi
1610 3981 1725 4020 non
1772 3969 1992 4035 posset,

338 4056 414 4112 ad
448 4055 867 4127 imperatorem
923 4055 1136 4109 referre
1170 4070 1182 4107 :
1219 4053 1360 4125 quin
1394 4053 1521 4125 ipso
1551 4053 1610 4108 in
1642 4054 1998 4126 imperatore

337 4145 388 4201 si
410 4149 570 4201 esset
594 4144 751 4216 quod
785 4148 1175 4213 succenseret,
1199 4147 1464 4200 moneret
1484 4143 1700 4214 ipsum,
1724 4144 1999 4216 objurga-

340 4236 435 4290 ret
464 4233 642 4289 etiam
677 4249 781 4306 pro
810 4236 1100 4304 potestate
1132 4232 1417 4289 divinitus
1468 4237 1726 4304 accepta,
1760 4233 1999 4289 hortan-

337 4325 536 4393 doque
585 4338 653 4378 ac
703 4322 961 4393 rogando
1018 4325 1335 4388 revocaret,
1387 4323 1787 4395 cooperaturis
1830 4323 1889 4378 in
1940 4323 2000 4379 id

341 4415 546 4486 ipsum
598 4430 704 4485 pro
733 4411 891 4467 virili
943 4412 1165 4467 caeteris
1214 4411 1525 4484 episcopis.
1559 4413 1839 4469 Secedere
1868 4429 2002 4468 vero

344 4520 467 4560 non
500 4501 772 4574 allegatis
794 4501 1025 4557 idoneis
1048 4505 1224 4557 tanta:
1242 4501 1519 4557 novitatis
1544 4502 1760 4571 causis,
1783 4502 2008 4581 videret

338 4593 523 4649 etiam
569 4596 746 4663 atque
791 4590 970 4647 etiam
1000 4607 1071 4646 ne
1098 4607 1307 4662 parum
1354 4607 1564 4646 sanum
1594 4591 1780 4650 videri
1813 4592 2008 4648 consi-

2089 3335 2346 3391 rantium
2377 3340 2744 3392 momentum
2774 3336 3211 3395 inusitatissimi
3242 3339 3738 3408 facti,secessisse

2090 3426 2161 3480 de
2192 3424 2385 3481 medio
2416 3429 2656 3496 repente
2686 3426 3011 3499 principem
3045 3444 3347 3484 sacrorum
3381 3429 3545 3486 nulla
3601 3434 3742 3486 nota

2093 3530 2293 3586 causa,
2317 3514 2375 3569 in
2404 3514 2578 3586 plena
2606 3532 2742 3571 cum
2774 3515 3042 3572 Ecclesia:
3065 3521 3189 3574 tum
3222 3517 3551 3591 reipublicae
3575 3536 3740 3592 pace,

2091 3607 2219 3658 tum
2240 3604 2583 3660 addentium
2614 3604 2775 3661 haud
2809 3606 2869 3661 in
2901 3612 3177 3680 promptu
3192 3625 3320 3665 esse
3336 3609 3620 3666 rationem
3642 3612 3745 3665 aut

2094 3693 2218 3748 loco
2251 3694 2522 3750 movendi
2553 3693 2813 3766 primum
2848 3697 3197 3766 antistitem,
3231 3702 3334 3755 aut
3364 3698 3546 3755 alium
3587 3716 3746 3771 quae-

2098 3781 2265 3837 rendi
2287 3782 2389 3852 qui
2412 3782 2461 3837 ei
2488 3782 2877 3842 sufﬁceretur.
2900 3785 3010 3841 Sed
3040 3803 3157 3858 prae
3178 3787 3272 3843 his
3290 3788 3751 3863 omnibusauge-

2098 3871 2201 3925 bat
2230 3874 2435 3925 aestum
2464 3887 2664 3926 eorum
2690 3873 2790 3943 qui
2816 3874 3277 3932 consulcbantur
3297 3878 3367 3933 de
3391 3895 3451 3935 re
3472 3878 3596 3948 tali,
3622 3880 3751 3951 ejus

2101 3959 2201 4030 qui
2224 3958 2568 4016 consulebat
2587 3962 2857 4019 eminens
2877 3979 2944 4019 ex
2963 3963 3126 4020 vultu
3150 3969 3206 4020 et
3228 3966 3446 4023 frustra
3467 3968 3751 4025 dissimu-

2102 4049 2220 4105 lata
2248 4049 2631 4120 perturbatio.
2660 4052 2787 4122 Ipse
2819 4052 3036 4125 quippe
3068 4052 3314 4110 Michael
3342 4057 3481 4112 dum
3511 4059 3758 4130 rogabat

2104 4140 2246 4212 quid
2270 4156 2416 4211 opus
2440 4139 2783 4208 facto,male
2805 4141 3104 4198 metuebat
3124 4160 3197 4199 ne
3217 4143 3448 4200 audiret
3468 4147 3625 4218 quod
3648 4165 3758 4204 sua

2105 4230 2301 4299 (cujus
2320 4228 2739 4285 estinﬂexibile
2771 4230 2831 4286 in
2863 4231 3109 4304 gratiam
3127 4232 3450 4307 judicium)
3470 4234 3761 4308 intusipsi

2107 4318 2496 4390 exprobrabat
2527 4319 2913 4388 conscientia,
2936 4335 3178 4376 causam
3211 4321 3492 4380 nimirum
3525 4325 3761 4383 dedisse

2108 4408 2305 4480 ipsum
2338 4409 2646 4465 secedendi
2678 4409 3044 4482 patriarchae,
3066 4413 3448 4482 quantumvis
3471 4413 3569 4471 ille
3591 4414 3649 4471 id
3674 4417 3763 4472 fa-

2110 4498 2218 4554 teri
2250 4503 2570 4566 recusaret,
2593 4499 2695 4555 sed
2728 4503 2959 4555 mutum
2993 4500 3252 4558 dolorem
3290 4503 3532 4561 obtentu
3564 4506 3762 4563 nescio

2114 4588 2305 4657 cujus,
2354 4588 2424 4643 de
2473 4604 2589 4659 quo
2644 4587 2768 4645 solo
2826 4590 3201 4661 querebatur,
3235 4592 3330 4648 sui
3389 4598 3763 4669 contemptus

344 4682 494 4737 lium
526 4684 743 4753 posset.
769 4680 903 4737 Haec
927 4684 984 4736 et
1003 4681 1134 4752 ejus
1177 4679 1483 4736 sententiae
1518 4679 1632 4736 alia
1664 4681 1849 4737 missa
1881 4698 2009 4753 per-
2040 4663 2086 4729 D
2119 4676 2753 4736 occultaret.Continuo
2774 4695 2909 4752 ergo
2931 4679 3339 4753 episcoporum
3372 4663 3769 4758 undecunque

345 4771 581 4842 lataque
611 4774 772 4839 sunt,
804 4770 1005 4826 labore
1049 4771 1221 4839 juxta
1259 4769 1656 4826 scribentibus
1704 4774 1762 4826 et
1809 4772 1859 4827 ei
1910 4769 2011 4826 cui

345 4860 689 4917 consultum
737 4860 904 4915 ibant
952 4876 1195 4931 prorsus
1252 4858 1467 4914 inutili.
1501 4859 1637 4914 Nam
1687 4877 1791 4916 nec
1839 4860 2009 4916 illum

346 4952 766 5006 abstraxerunt
790 4966 824 5004 a
844 4949 970 5006 suis
994 4948 1261 5019 latebris,
1283 4963 1390 5003 nec
1422 4947 1630 5003 saltem
1666 4965 1830 5021 spem
1862 4950 2009 5017 ipsis

346 5038 723 5111 relinquebat
740 5037 1422 5110 proﬁciendiquidquam
1454 5037 1513 5091 in
1547 5042 1846 5109 posterum
1874 5038 2012 5095 taci-

350 5131 613 5185 turnitas
662 5127 1033 5199 patriarchae,
1065 5126 1372 5182 obﬁrmate
1419 5127 1738 5197 perstantis
1786 5128 1843 5183 in
1890 5145 2007 5184 non

348 5219 653 5291 prodendo
676 5234 824 5290 quas
846 5218 920 5273 ob
943 5233 1154 5273 causas
1176 5215 1552 5283 secessisset;
1574 5233 1703 5288 quae
1726 5216 1775 5272 si
1799 5232 2008 5288 cogno-

349 5312 683 5377 scerentur,
737 5308 892 5363 “3
951 5310 1015 5362 ut
1072 5305 1418 5377 plerumque
1477 5305 1764 5377 contingit
1815 5307 2007 5362 curari

351 5397 737 5470 aegritudines
758 5412 1007 5468 quarum
1041 5396 1203 5468 origo
1236 5412 1350 5450 non
1377 5394 1540 5460 latet,
1562 5394 1700 5450 iniri
1724 5395 2009 5452 nonnulla

353 5488 603 5544 fortasse
634 5486 927 5559 potuisset
947 5484 1113 5541 utilis
1135 5484 1284 5540 ratio
1303 5483 1566 5540 remedii.
1590 5484 1755 5540 Nunc
1776 5484 1837 5539 in
1860 5501 2009 5542 caeca

356 5576 728 5649 ignoratione
777 5590 1125 5631 arcanorum
1158 5573 1316 5630 senis
1343 5588 1650 5644 sensuum,
1684 5573 2010 5645 quamlibet

355 5666 545 5721 multa
575 5666 858 5735 dicerent,
888 5665 1064 5721 verba
1090 5663 1149 5718 in
1181 5662 1415 5719 irritum
1440 5663 1753 5733 jactarent,
1788 5664 1871 5719 uti
1905 5663 2006 5735 qui

348 5755 694 5827 jaculantur
715 5770 892 5827 scopo
914 5771 1029 5811 non
1050 5752 1567 5826 viso.Consumpto
1589 5752 1647 5809 in
1670 5753 1764 5810 his
1786 5754 2004 5811 frustra

2124 4766 2476 4838 conquisitio
2509 4768 2591 4823 ﬁt.
2628 4768 2890 4825 Evocatis
2921 4768 3260 4827 deliberatio
3293 4771 3575 4831 indicitur
3605 4776 3677 4830 de
3708 4792 3769 4835 re

2122 4856 2415 4927 praesenti.
2457 4859 2811 4915 Convenitur
2843 4859 2904 4915 in
2951 4860 3010 4915 id
3040 4861 3279 4917 tandem
3302 4861 3614 4920 utNicetas
3644 4866 3768 4937 epi-

2121 4960 2334 5016 scopus
2359 4945 2643 5003 Heracleae
2667 4946 2998 5004 mitteretur
3020 4950 3091 5004 ad
3114 4950 3505 5022 patriarcham
3529 4951 3691 5025 (nam
3713 4953 3766 5014 is

2120 5036 2260 5089 tunc
2282 5032 2564 5089 diversari
2588 5035 2892 5092 dicebatur
2913 5037 2973 5093 in
2992 5039 3349 5096 monasterio
3370 5041 3423 5097 S.
3444 5040 3767 5117 Diomedis)

2120 5122 2453 5195 perlaturus
2476 5125 2547 5179 ad
2570 5124 2767 5198 ipsum
2785 5128 2957 5200 jussa
2973 5129 3179 5201 synodi
3202 5132 3527 5189 revocantis
3545 5133 3766 5208 ipsum,

2121 5218 2178 5270 et
2210 5212 2440 5285 publice
2472 5216 2704 5271 noxiam
2758 5217 3350 5293 intempestivamque
3388 5223 3657 5294 judicare
3706 5242 3770 5284 se

2118 5304 2308 5375 ipsius
2331 5305 2723 5360 secessionem
2748 5305 3312 5382 declarantis,seque
3335 5316 3594 5383 paratam
3613 5314 3773 5371 exhi-

2118 5394 2312 5452 bentis
2344 5398 2413 5453 ad
2449 5394 2771 5453 audiendas
2804 5410 2874 5450 ex
2896 5394 3023 5468 ipso
3047 5414 3256 5461 causas
3296 5402 3453 5457 114
3484 5403 3612 5475 ejus
3642 5403 3771 5463 ino-

2117 5485 2475 5556 pinatissimi
2534 5500 2639 5541 nec
2686 5486 3010 5557 probabilis
3064 5488 3234 5558 facti;
3285 5489 3523 5549 interim
3574 5500 3768 5555 autem

2117 5575 2588 5649 reprehensurus
2617 5576 2771 5649 quod
2806 5593 3111 5648 perperam
3152 5579 3368 5651 egisset
3398 5582 3497 5639 ille
3528 5585 3769 5656 quidem

2118 5664 2265 5721 forte
2314 5665 2373 5720 in
2428 5668 2827 5720 transversum
2885 5669 3051 5721 actus
3109 5665 3456 5738 aegritudine
3510 5676 3767 5745 quadam

2118 5753 2298 5812 animi
2324 5771 2337 5810 :
2365 5758 2635 5811 caeterum
2666 5754 2853 5826 illam,
2883 5753 3313 5828 qualiscunque
3331 5758 3567 5819 demum
3590 5769 3769 5839 esset,
