4090 6402
350 389 452 443 551

1659 380 1963 440 GEORGII
2002 379 2349 436 PACHYME
2357 383 2467 436 RE

3671 388 3779 442 552

351 512 412 567 τὸ
443 509 797 585 παρακαλεῖν,
824 513 930 563 ποῦ
961 509 1022 563 τὸ
1054 509 1329 579 ἐπιτιμᾷν,
1362 505 1407 561 εἰ
1438 506 1526 560 καὶ
1557 505 1752 559 τούτου
1793 501 2002 571 δεήσειε
2030 505 2086 572 Α
2116 504 2461 558 συνετάττετο
2520 508 2616 559 τοῦ
2674 505 3000 580 Ἡρακλείας
3054 507 3508 581 ὑπαγορεύοντος,
3540 508 3604 563 τὸ
3652 511 3783 564 ἀνά-

348 600 483 663 τέως
514 598 573 654 δέ
602 599 691 654 καὶ
724 600 798 663 ὡς
829 600 1037 663 θέλοιεν
1070 595 1236 652 πάλιν
1276 598 1465 669 μαθεῖν
1484 596 1577 657 τὰς
1607 595 1777 655 αἰτίας
1812 594 1885 654 ὡς
1918 593 2007 646 καὶ

354 690 689 765 θεραπεύειν,
723 689 768 744 εἰ
811 687 1052 759 δύναιτο,
1081 685 1314 761 ἕτοιμοι,
1362 686 1467 742 Καὶ
1516 690 1681 742 ταῦτα
1717 686 1811 758 μὲν
1872 684 2006 751 ἦσαν

352 784 489 855 πρὸς
522 783 747 837 ἐκεῖνον·
794 782 1159 856 προστέτακτο
1218 778 1274 833 δὲ
1331 784 1450 840 τοῖς
1493 776 1897 853 ἀπαγγελοῦσιν
1931 776 2004 837 ὡς

355 871 399 925 εἰ
436 872 530 943 μὶν
564 868 859 945 πραύνοιτο
899 870 988 923 καὶ
1046 866 1335 940 ἐπανήξτιν
1369 868 1692 941 ὑπόσχοιτο,
1726 866 1771 919 εἲ
1798 863 1844 919 δ’
1891 865 2002 931 οὗν,

355 959 480 1014 ἀλλ’
539 958 732 1020 αὐτοὺς
795 958 1108 1032 ἀναγκάζειν
1169 954 1313 1011 δυοῖν
1365 958 1584 1030 θάτερον
1640 954 1910 1021 ἐκτελεῖν,
1969 953 2003 1020 ἢ

355 1047 670 1102 ἐπανελθεῖν
702 1046 866 1101 πάλιν
897 1046 985 1100 καὶ
1026 1046 1089 1099 τά
1145 1052 1245 1115 τῆς
1305 1044 1629 1115 Ἐκκλησίας
1689 1038 2001 1109 ἀναλαϐεῖν,

354 1136 387 1204 ἢ
423 1138 530 1208 μὴν
592 1137 635 1191 εἰ
672 1138 747 1208 μή
804 1134 1088 1210 βούλοιτο,
1140 1132 1349 1189 διδόναι
1409 1129 1670 1189 λίϐελλον
1730 1135 2003 1208 παραιτή-

352 1246 508 1289 σεως⁹
547 1224 689 1299 μηδὲ
714 1229 817 1302 γάρ
848 1227 1014 1281 καλὸν
1052 1228 1187 1280 εἶναι
1233 1227 1329 1293 τὴν
1366 1223 1690 1294 Ἐκκλησίαν
1725 1225 2005 1296 ἀποίμαν-

350 1338 463 1371 τον.
491 1315 701 1378 Ταύτας
735 1316 785 1370 οἱ
816 1315 957 1392 ἀμφὶ
1015 1316 1258 1385 Νικήταν
1310 1312 1591 1387 δεξάμενοι
1640 1317 1732 1375 τάς
1788 1314 2003 1368 ἐπιστο-

352 1405 448 1468 λάς
480 1407 569 1462 ἐπὶ
599 1408 829 1468 Νικαίας
864 1407 1135 1481 ἐχώρουν,
1188 1403 1399 1479 σπουδῇ
1454 1407 1519 1459 τά
1566 1406 2005 1480 προστεταγμένα

350 1496 776 1560 ἐπιτελέσοντες.
828 1500 915 1559 Ὠς
969 1495 1014 1551 δ’
1068 1494 1369 1569 ἐξελθόντες
1432 1496 1727 1567 ἐπέστησαν
1764 1500 1833 1569 τῇ
1885 1496 1935 1550 ἐν

348 1589 579 1660 κατῴκει
642 1592 816 1663 μογῇ,
864 1587 1257 1663 προσελθόντες
1308 1592 1389 1659 τῷ
1446 1589 1763 1663 πατριάρχῃ
1822 1587 2001 1649 καθὼς

356 1679 511 1752 εἶχον
537 1686 637 1748 τῆς
680 1679 786 1734 ἀπὸ
816 1681 916 1746 τῆτ
975 1676 1202 1734 συνόδου
1261 1677 1557 1742 κελεύσεως
1614 1677 1822 1755 ἔλεγον.
1856 1679 1916 1735 Ὁ
1949 1675 2005 1731 δὲ

349 1769 439 1823 τὸν
477 1769 571 1841 μὲν
602 1774 705 1839 τῆς
766 1769 945 1830 αἰτίας
991 1768 1177 1842 καιρὸν
1226 1768 1409 1830 αὐτοῖς
1468 1769 1863 1843 παρῳχηκέναι
1898 1770 2004 1842 φή-

2118 592 2227 661 ξιον
2278 595 2567 667 προστεθὲν
2626 601 2726 664 τῆς
2783 595 3086 670 ἱερωσύνης
3120 598 3194 658 εἷς
3234 598 3296 651 τὸ
3344 605 3448 667 τῆς
3504 601 3783 672 παραιτή-

2114 703 2249 745 σεως
2303 681 2529 757 εὔλογον
2589 683 2836 760 ἠγρίαινέ
2890 706 2945 739 τε
3019 686 3111 741 τὸν
3173 683 3360 761 ἄνδρα,
3412 686 3500 740 καὶ
3558 687 3779 761 ταραχή

2115 774 2203 841 ἧν.
2239 775 2335 829 Καὶ
2365 798 2391 825 ‹‹
2426 775 2493 831 Τί
2522 772 2568 828 δ’
2596 776 2696 829 οὐκ
2727 776 3079 850 ἀρκούμενοι,
3115 800 3142 827 ››
3176 775 3351 851 ἔλεγε,
3392 802 3417 828 ‹‹
3449 781 3516 850 τῇ
3565 776 3623 831 ἐκ
3681 775 3780 831 λό-

2114 884 2225 937 γων
2258 865 2293 932 ἢ
2331 864 2438 935 μὴν
2472 864 2561 917 καὶ
2600 864 2843 937 πράξεως
2896 867 3241 939 παραιτήσει,
3274 868 3363 919 καὶ
3423 866 3625 927 αἰτίαις
3674 864 3780 919 οὐκ

2115 954 2343 1027 ἀγαθαῖς
2399 951 2733 1026 συμπλέκειν
2786 958 2932 1027 ἡμᾶς
2969 955 3263 1030 βούλεσθες
3296 954 3539 1019 Ἐκόντες
3570 953 3776 1026 ἐξιστά-

2116 1046 2250 1113 μεθα
2301 1048 2406 1097 τῶν
2467 1045 2831 1119 πραγμάτων,
2866 1042 3018 1099 οὐδὲν
3070 1048 3204 1118 ἡμῖν
3262 1045 3429 1118 μέλον
3479 1046 3573 1102 κᾶν
3634 1046 3664 1101 ὅ
3721 1067 3775 1100 τι

2110 1134 2351 1208 γένηται.
2412 1159 2439 1185 ››
2494 1134 2651 1192 Οὕτω
2730 1136 2904 1189 τοίνυν
2968 1138 3435 1210 ἀποκρουσθέντες
3496 1132 3776 1212 ἐμϐριθῶς

2112 1223 2601 1296 ἀποπεμπομένου,
2640 1221 2728 1278 διὰ
2784 1224 2996 1298 ταχέων
3055 1226 3117 1279 τὸ
3179 1226 3375 1297 μεταξὺ
3428 1223 3775 1284 διανύσαντες

2110 1314 2247 1387 πρὸς
2298 1315 2389 1367 τὸν
2448 1317 2749 1388 κρατοῦντα
2803 1314 2894 1368 καὶ
2948 1316 3049 1383 τὴν
3092 1312 3317 1369 σύνοδον
3352 1316 3651 1384 ἀπαντῶσι,
3683 1313 3776 1369 καὶ

2110 1401 2524 1476 ἀπαγγέλλουσι
2583 1404 2676 1475 μὲν
2725 1404 2793 1458 τά
2846 1409 2925 1476 τῷ
2981 1404 3298 1479 πατριάρχῃ
3348 1403 3635 1480 λεχθέντα,
3686 1406 3777 1459 τέ-

2112 1491 2211 1554 λος
2267 1490 2323 1547 δὲ
2384 1495 2471 1548 καὶ
2530 1495 2595 1548 τα
2646 1500 2748 1562 τῆς
2809 1496 3217 1569 παρενείροντες
3278 1496 3605 1566 ἀμετάθετον
3674 1496 3775 1562 τὴν

2111 1582 2315 1638 ἐκείνου
2374 1583 2601 1659 γνώμην
2664 1580 3049 1638 διεϐεϐαίουν·
3110 1583 3494 1657 ἀπολήψεσθαι
3566 1583 3623 1638 δὲ
3682 1584 3773 1639 καὶ

2110 1674 2206 1739 τὴν
2273 1678 2460 1747 πεῖραν
2514 1670 2938 1751 ἀσφαλεστέραν,
2991 1673 3043 1727 εἷ’
3093 1694 3255 1728 τινων
3314 1672 3618 1729 σταλέντων
3670 1675 3773 1742 τὴν

2115 1763 2411 1838 βακτηρίαν
2493 1764 2581 1817 καὶ
2667 1764 2728 1817 τὸ
2790 1760 3192 1837 λαμπαδοῦχον
3256 1758 3549 1817 ἀναλαϐεῖν
3610 1764 3771 1823 αὐτὸς

352 1878 470 1928 σας,
515 1860 741 1933 πρέπειν
800 1862 883 1932 [Ρ.
935 1860 1026 1931 74]
1086 1856 1143 1913 δὲ
1174 1862 1301 1932 σιγῇ
1359 1861 1468 1913 τῶν
1521 1857 1857 1933 πραγμάτων
1893 1857 1997 1928 έξί-
2032 1873 2084 1939 Β
2116 1852 2309 1916 εὐθέως
2358 1852 2657 1928 παράσχοι.
2700 1855 2765 1910 "O
2825 1851 2891 1921 δὴ
2950 1852 3038 1907 καὶ
3090 1854 3301 1927 γέγονε,
3360 1853 3449 1907 καὶ
3506 1856 3770 1928 παρεχώ-

351 1947 773 2023 στασθαι(μηὸὶ
816 1950 920 2025 γὰρ
978 1950 1114 2004 εἶναι
1173 1948 1482 2023 θεραπεύειν
1541 1949 1608 2003 τά
1661 1950 2000 2024 ἀνιάτρευτα)

286 2102 289 2109 1
353 2038 484 2102 ὅλος
512 2038 581 2107 ἧν
621 2039 759 2114 πρὸς
804 2039 866 2094 τὸ
913 2044 1313 2114 παραιτεῖσθαι.
1373 2039 1441 2095 Οἱ
1492 2036 1537 2092 δ’
1596 2038 1670 2100 ὡς
1724 2038 1998 2103 πολλάκις

356 2125 753 2203 προϐαλόντες,
779 2130 860 2196 ἐφ’
891 2130 936 2200 ᾧ
962 2136 1060 2198 τῆς
1116 2128 1322 2183 ἐκείνου
1374 2130 1599 2204 γνώμης
1655 2131 2001 2204 κρατήσειαν,

351 2213 402 2270 ἑν
462 2219 746 2293 ἀμηχανίᾳ
800 2222 897 2273 τοῦ
949 2219 1200 2290 πράττειν
1252 2239 1304 2272 τι
1352 2219 1441 2271 καὶ
1496 2218 1673 2272 ἀνύειν
1731 2218 1997 2292 ἐγένοντο,

352 2306 484 2377 ὅπερ
542 2308 693 2380 εἶχον
750 2302 819 2358 δι’
877 2304 1201 2379 ἀπορρήτων
1260 2304 1555 2379 πράττειν,
1627 2304 1714 2359 ἐπὶ
1789 2308 2003 2373 τούτοις

350 2393 651 2472 ἐξέφαινον.
685 2395 783 2450 Καὶ
838 2392 1188 2465 ἐξαιτούντων
1248 2393 1465 2449 ἐκείνων
1523 2394 1846 2470 παραίτησιν
1922 2398 2006 2452 εύ-

351 2487 445 2550 θὺς
488 2490 803 2562 παρῃτεῖτο.
864 2486 953 2547 Ὠς
985 2482 1028 2539 δ’
1057 2483 1167 2539 ἔδει
1225 2486 1604 2549 συντάττεσθαι
1661 2485 1862 2557 τσύτην
1917 2489 2005 2544 καὶ

354 2668 520 2740 prius
552 2667 884 2740 oportuisse
914 2664 1230 2737 significari
1265 2666 1599 2721 convocatis
1630 2667 1701 2722 ad
1736 2667 1792 2722 id
1815 2668 2009 2739 ipsum

350 2757 642 2827 Patribus,
669 2761 725 2812 et
748 2756 1174 2828 perquirendas
1197 2756 1459 2827 ipsorum
1492 2756 1563 2811 de
1593 2757 1852 2812 remedio
1874 2775 2012 2814 sen-

344 2846 587 2919 tentias,
620 2862 687 2902 ac
717 2863 787 2901 ex
817 2862 1021 2902 eorum
1073 2844 1339 2901 consiliis
1390 2846 1761 2901 emendanda
1799 2864 1924 2916 quae
1975 2865 2009 2902 a

349 2942 506 2994 recto
542 2936 926 3005 declinarent,
953 2935 1296 2993 auctoritate
1319 2951 1445 3006 quae
1476 2935 1536 2990 in
1568 2936 1694 3006 ipso
1725 2937 2007 2993 resideret

351 3031 554 3100 utpote
590 3025 949 3098 patriarcha,
980 3042 1152 3095 quem
1187 3025 1417 3079 deceret
1446 3024 1689 3096 plurimi
1719 3026 1908 3082 facere
1940 3044 2006 3083 ac

347 3113 796 3186 religiosissime
827 3114 1137 3170 observare
1166 3128 1421 3167 canones
1452 3112 1714 3182 Patrum,
1758 3118 1816 3169 et
1836 3115 2007 3185 juxta

347 3205 498 3261 scita
526 3221 732 3260 eorum
765 3205 937 3260 modo
970 3220 1235 3276 arguere,
1270 3202 1444 3257 modo
1474 3203 1801 3272 obsecrare,
1828 3206 2001 3260 modo

343 3295 667 3367 increpare,
701 3294 751 3350 si
784 3298 842 3349 et
881 3292 991 3349 hoc
1041 3308 1191 3363 opus
1237 3297 1441 3363 esset;
1493 3292 1744 3364 denique
1793 3292 2001 3350 iterato

346 3386 694 3442 denuntiatu
706 3403 806 3441 rus
829 3384 943 3456 ipsi
968 3382 1117 3439 velle
1135 3383 1376 3439 omnino
1398 3389 1782 3456 congregatos
1802 3385 2001 3441 Patres

343 3476 554 3548 exponi
586 3474 699 3531 sibi
732 3490 943 3530 causas
962 3489 1088 3542 qua:
1110 3470 1276 3526 illum
1303 3472 1373 3526 ad
1398 3472 1783 3528 secedendum
1810 3474 2001 3545 impu-

340 3566 789 3638 lerint,paratos
812 3565 881 3620 ad
901 3564 1297 3620 adhibendum
1319 3580 1497 3635 quam
1521 3564 1999 3621 efﬁcacissimum

344 3659 592 3728 possent
645 3654 973 3711 remedium
1035 3652 1287 3725 cognitis
1346 3651 1539 3709 malis.
1590 3654 1668 3709 Ea
1722 3656 2001 3711 mandata

338 3746 547 3818 synodi
578 3746 650 3801 ad
685 3745 1084 3817 patriarcham
1117 3744 1376 3799 fuerunt.
1411 3745 1771 3816 Imperatum
1802 3751 1996 3802 autem

338 3833 523 3890 misso
546 3838 637 3889 est
662 3838 727 3889 ut
756 3832 872 3890 nisi
904 3833 1328 3905 obsequentem
1360 3850 1423 3888 se
1443 3833 1726 3904 praeberet
1753 3851 1819 3890 ac
1846 3836 1998 3891 redi-

340 3929 466 3979 tum
503 3923 900 3995 polliceretur,
932 3923 1174 3979 omnino
1205 3923 1458 3978 ediceret
1485 3924 1793 3980 decernere
1825 3941 1995 3996 syno-

338 4011 479 4067 dum
505 4018 563 4069 et
586 4013 732 4068 citra
763 4028 998 4068 omnem
1026 4012 1565 4083 tergiversationem
1586 4013 1659 4067 ab
1681 4029 1747 4069 eo
1769 4013 1997 4084 exigere

336 4106 402 4157 ut
433 4101 684 4158 alterum
712 4102 925 4159 horum
959 4102 1136 4157 faciat
1165 4102 1321 4173 quod
1356 4100 1542 4169 malit,
1578 4106 1680 4157 aut
1710 4103 1911 4157 redeat
1941 4106 1998 4157 et

338 4207 546 4247 rursus
597 4191 863 4247 Ecclesiae
916 4206 1120 4247 curam
1172 4194 1391 4259 sumat,
1416 4194 1523 4245 aut
1569 4190 1617 4245 si
1651 4191 1707 4244 id
1742 4195 1994 4259 recuset,

332 4279 431 4333 det
464 4279 729 4336 libellum
762 4280 1047 4336 cessionis
1084 4279 1297 4335 throno
1332 4296 1345 4334 :
1398 4296 1514 4333 non
1567 4279 1724 4334 enim
1775 4280 1995 4335 bonum

336 4385 462 4424 esse
497 4369 750 4442 relinqui
781 4368 1103 4425 Ecclesiam
1153 4368 1281 4423 sine
1331 4373 1586 4439 pastore.
1616 4368 1718 4423 His
1764 4368 1996 4425 Nicetes

341 4457 638 4512 mandatis
661 4461 717 4512 et
736 4456 1003 4528 epistolis
1035 4457 1315 4526 acceptis,
1336 4460 1575 4511 strenue
1608 4456 1996 4514 deiuncturus

340 4545 660 4601 commisso
710 4545 942 4619 negotio
994 4545 1245 4601 Nicmam
1279 4543 1531 4614 advolat,
1558 4550 1616 4601 et
1647 4546 1782 4602 inde
1814 4564 1990 4618 quam

2115 1963 2193 2018 ρει
2227 1940 2547 2015 λαμϐάνειν,
2581 1943 2625 1997 εἰ
2674 1942 2986 2017 βούλοιντο.
3020 1944 3079 2000 Ὀ
3133 1940 3387 2017 βασιλεὺς
3423 1940 3470 1997 δ’
3501 1942 3587 1997 ἐπὶ
3638 1944 3771 1997 τού-

2110 2056 2229 2095 τοις
2291 2035 2474 2090 ούκέτι
2537 2034 2754 2089 ἀνεκτὸν
2811 2033 3116 2108 ἡγούμενος
3167 2033 3476 2106 ἀναμένειν,
3515 2033 3591 2094 εἷς
3646 2035 3769 2088 ἱκα-

2112 2126 2206 2192 νὴν
2265 2123 2564 2201 ἀπολογίαν
2623 2129 2704 2195 τῷ
2759 2123 3074 2199 πατριάρχῃ
3124 2128 3231 2177 τῶν
3289 2122 3769 2196 ἐπιγενησῡμένων

2114 2217 2201 2269 καὶ
2263 2216 2361 2284 τὴν
2412 2218 2539 2291 παρ’
2571 2216 2763 2269 ἑαυτοῦ
2820 2214 3053 2288 λιπαρὰν
3108 2212 3333 2285 νομίσας
3381 2212 3620 2285 ἀξίωσιν,
3672 2214 3773 2269 ἄλ·-

2119 2304 2232 2367 λως
2288 2324 2346 2359 τε
2396 2302 2453 2358 δὲ
2500 2306 2716 2359 καὶτοῦ
2748 2304 2976 2381 Ἐφέσου
3008 2301 3323 2378 Νικηφόρου
3366 2303 3442 2374 μή
3493 2302 3628 2357 κατά
3674 2324 3771 2357 κα-

2115 2397 2270 2456 νόνας
2298 2390 2571 2470 προϐῆναι
2600 2395 2702 2462 τὴν
2735 2391 3078 2469 χειροτονίαν
3133 2391 3341 2447 ἐκείνου
3398 2387 3775 2447 διαϐεϐαιοῦν-

2114 2509 2207 2549 τος
2264 2482 2497 2561 (σπουδὴ
2557 2486 2658 2561 γὰρ
2708 2485 2774 2551 ἦν
2822 2487 2920 2538 τοῦ
2949 2482 3071 2538 τότε
3100 2486 3429 2558 κρατοῦντος
3486 2480 3774 2557 Θεοδώρου

2122 2684 2457 2734 successus,
2492 2665 2540 2721 si
2572 2668 2883 2737 pergerent
2910 2664 3152 2731 instare,
3185 2663 3330 2720 satis
3380 2663 3665 2732 constitit,
3698 2664 3770 2719 ad

2120 2774 2188 2815 ea
2236 2773 2359 2830 quae
2390 2757 2450 2812 in
2478 2755 2710 2812 arcanis
2759 2755 3035 2811 mandata
3081 2761 3376 2826 postremo
3425 2760 3772 2825 acceperant

2119 2849 2273 2905 circa
2293 2847 2586 2918 optionem
2609 2846 2965 2902 offerendam
2984 2845 3360 2902 devenerunt.
3385 2844 3467 2899 Ea
3486 2859 3548 2900 re
3565 2844 3771 2900 audita

2117 2939 2455 3011 patriarcha
2486 2940 2683 2994 statim
2718 2953 2781 2993 se
2812 2937 2938 2993 loco
2969 2952 3277 2993 cessurum
3308 2934 3475 2991 dixit.
3510 2934 3607 2991 Ac'
3631 2936 3771 3007 quia

2118 3028 2388 3085 libellum
2421 3028 2706 3084 cessionis
2736 3027 2993 3083 indicem
3024 3026 3393 3083 conscribere
3440 3026 3768 3098 oportebat,

2116 3135 2292 3189 opera
2312 3117 2371 3173 in
2396 3118 2450 3173 id
2486 3117 2764 3173 continuo
2794 3115 3008 3172 collata
3037 3120 3146 3172 est.
3177 3114 3288 3171 Sed
3321 3132 3456 3171 cum
3492 3127 3767 3187 suggere-

2119 3213 2207 3265 ret
2226 3208 2630 3265 Heracleensis
2659 3208 2874 3263 addere
2904 3205 3301 3279 patriarcham
3335 3207 3559 3273 debere,
3586 3208 3651 3259 ut
3679 3204 3763 3258 vi-

2119 3299 2356 3355 deretur
2385 3297 2597 3353 idonea
2625 3296 2912 3352 cessionis
2952 3312 3152 3367 causa,
3185 3294 3496 3368 indignum
3544 3304 3607 3349 se
3654 3291 3761 3348 tali

2116 3385 2445 3442 sacerdotio
2468 3386 2671 3455 fuisse,
2688 3389 3062 3455 exasperatus
3079 3400 3147 3440 ea
3168 3384 3467 3439 mentione
3485 3380 3767 3437 Arsenius

2113 3475 2377 3531 turbavit
2397 3478 2629 3544 cuncta,
2649 3478 3021 3545 captumque
3042 3474 3466 3545 abrumpcns,«
3487 3475 3763 3543 Nempe,»

2112 3566 2328 3637 inquit,
2363 3588 2391 3615 ‹‹
2420 3564 2583 3619 vobis
2616 3580 2730 3619 non
2755 3563 2979 3618 sufﬁcit
2998 3567 3055 3619 et
3075 3563 3252 3619 verbo
3282 3566 3340 3618 et
3368 3562 3521 3617 facto
3544 3576 3766 3617 renun-

2110 3655 2258 3711 tiare
2290 3670 2383 3709 me
2412 3653 2707 3725 dignitati,
2740 3653 2840 3707 sed
2892 3651 3085 3708 causis
3142 3656 3420 3724 praeterea
3466 3651 3765 3721 probrosis

2109 3745 2414 3817 implicare
2447 3760 2539 3798 me
2570 3742 2834 3815 quaeritis
2856 3742 2883 3797 ?
2919 3742 3181 3799 volentes
3212 3742 3478 3797 cedimus
3509 3740 3764 3796 admini-

2109 3834 2389 3892 stratione
2421 3848 2755 3901 rerum,nec
2786 3848 3067 3888 curamus
3099 3830 3390 3903 quidquid
3420 3830 3561 3886 inde
3589 3846 3759 3885 secu-

2106 3929 2308 3980 turum
2334 3923 2429 3979 sit.
2454 3945 2483 3972 »
2508 3923 2603 3979 Sic
2627 3922 2974 3978 tractatione
3004 3920 3382 3991 indignanter
3403 3918 3653 3991 abrupta
3673 3918 3762 3973 di-

2106 4014 2331 4070 missus
2357 4011 2669 4067 inciviliter
2690 4010 2942 4078 Nicetas,
2968 4024 3321 4080 summaque
3353 4008 3651 4064 celeritate
3673 4024 3763 4064 re-

2107 4119 2351 4159 mensus
2398 4100 2575 4169 viam,
2609 4101 2681 4156 ad
2730 4102 3063 4172 Augustum
3114 4102 3171 4153 et
3219 4099 3508 4170 synodum
3568 4097 3762 4164 rediit,

2107 4191 2426 4261 retulitque
2449 4190 2708 4261 primum
2733 4188 2871 4260 quid
2889 4188 3134 4243 dixisset
3157 4187 3491 4259 patriarcha
3515 4205 3527 4242 :
3552 4186 3767 4242 deinde

2108 4277 2396 4334 cessionis
2428 4275 2731 4347 negotium
2766 4291 2881 4346 quo
2912 4275 2970 4329 in
3004 4275 3155 4329 nodo
3184 4275 3463 4344 stetisset,
3497 4278 3553 4330 et
3582 4290 3765 4345 quam

2106 4367 2327 4422 frustra
2375 4368 2709 4437 speraretur
2762 4364 2910 4419 ﬂecti
2940 4379 3074 4419 eum
3111 4364 3179 4418 ad
3214 4364 3539 4435 quidquam
3559 4378 3765 4418 eorum

2104 4473 2229 4527 quae
2252 4457 2583 4510 recusasset
2604 4469 2777 4525 posse
2799 4453 3019 4508 docuit.
3043 4452 3335 4523 Adjunxit
3366 4456 3587 4508 restare
3607 4451 3765 4506 viam

2107 4545 2301 4600 adhuc
2346 4543 2523 4598 aliam
2575 4542 2941 4614 explorandae
2988 4541 3180 4613 ipsius
3224 4541 3378 4597 circa
3433 4540 3763 4596 cessionem

338 4634 641 4691 celerrime
662 4635 731 4690 ad
757 4634 1183 4691 monasterium
1210 4633 1269 4688 in
1296 4650 1412 4705 quo
1432 4637 1572 4690 tunc
1597 4640 1722 4691 erat
1742 4636 1993 4708 patriar-
2024 4634 2075 4696 D
2107 4636 2432 4703 sententia},
2457 4635 2506 4691 si
2540 4634 2741 4690 missis
2783 4635 2850 4688 ad
2885 4649 3020 4689 eum
3052 4633 3227 4689 certis
3259 4632 3358 4704 qui
3392 4632 3763 4704 pontiﬁcium

340 4722 451 4779 cha
482 4724 824 4796 perveniens
854 4724 1092 4796 exponit
1122 4724 1173 4779 ei
1204 4740 1332 4795 qua:
1368 4724 1629 4796 synodus
1661 4726 1989 4781 mandaret.

340 4813 428 4869 Ad
452 4829 521 4870 ea
541 4812 638 4870 ille
671 4815 996 4887 respondit,
1022 4814 1177 4885 quod
1207 4830 1450 4868 causam
1486 4814 1840 4871 secessionis
1872 4832 1994 4871 sua:

343 4907 689 4975 quaererent,
715 4901 1003 4973 nihiljam
1027 4902 1274 4958 attinere
1300 4901 1585 4957 declarari
1609 4904 1995 4976 eam,quippe

345 4991 516 5062 cujus
547 4994 929 5049 emendandas
970 4996 1207 5063 tempus
1255 4991 1671 5063 praeteriisset;
1727 5010 1833 5049 nec
1881 4993 1995 5049 sibi

344 5079 639 5151 reliquum
672 5081 831 5137 aliud
858 5098 987 5137 esse
1009 5098 1185 5153 quam
1210 5085 1276 5135 ut
1297 5080 1511 5136 tacitus
1534 5098 1568 5136 a
1587 5082 1839 5153 negotiis
1861 5084 1994 5139 abs-

343 5168 549 5225 cedat:
575 5186 692 5226 non
722 5170 875 5226 enim
908 5169 1337 5225 incurabilibus
1366 5168 1635 5224 adhiberi
1666 5172 1993 5227 remedium

344 5274 534 5330 posse.
563 5260 631 5315 Et
662 5261 979 5332 apparebat
1009 5277 1142 5316 eum
1177 5259 1579 5315 inﬁexibiliter
1609 5262 1993 5332 perstiturum

343 5349 403 5403 in
430 5350 672 5405 tacendo
704 5366 939 5406 causam
970 5368 981 5403 :
1008 5352 1151 5406 adeo
1184 5350 1483 5422 praefracte
1505 5351 1664 5407 illam
1688 5353 1998 5409 enuntiare

345 5439 665 5507 recusavit,
701 5445 755 5495 et
787 5439 1071 5511 expiscari
1105 5442 1252 5497 115
1291 5457 1358 5495 ex
1401 5458 1467 5496 co
1515 5440 1733 5511 aliquid
1783 5445 1998 5515 saepius

341 5535 627 5585 conatum
664 5547 898 5602 semper
926 5529 1187 5585 Nicetam
1241 5531 1718 5587 constantissime
1758 5534 1995 5605 repulit.

340 5619 509 5674 Tunc
544 5619 593 5674 is
624 5619 824 5676 habito
856 5618 1101 5675 consilio
1130 5635 1263 5673 eum
1285 5619 1759 5691 suis,postquam
1782 5626 2001 5681 frustra

340 5723 401 5764 se
436 5710 789 5767 contendere
843 5727 946 5766 nec
1007 5726 1169 5781 spem
1218 5708 1466 5780 relinqui
1512 5710 1689 5767 ullam
1740 5713 1999 5771 melioris

2102 4726 2313 4781 lituum
2346 4729 2402 4781 et
2432 4722 2851 4779 candelabrum
2879 4723 2949 4777 ab
2975 4739 3041 4778 eo
3068 4722 3415 4794 reciperent,
3443 4726 3767 4791 utrumque

2102 4815 2407 4885 praeberet.
2440 4813 2731 4868 Successu
2758 4810 3073 4866 consilium
3106 4827 3221 4866 non
3254 4811 3480 4866 caruit:
3514 4809 3767 4880 petenti-

2106 4906 2215 4960 bus
2265 4904 2423 4959 enim
2474 4903 2578 4959 illa
2620 4902 2928 4973 respondit
2975 4901 3331 4971 patriarcha,
3364 4905 3684 4965 sumerent,
3719 4902 3766 4955 si

2104 4996 2352 5050 vellent:
2375 5010 2437 5049 se
2460 4992 2697 5064 quidem
2723 4992 2879 5047 haud
2896 4990 3227 5062 prohibere.
3247 4990 3495 5056 Quidem
3519 4990 3773 5061 impera-

2109 5088 2200 5140 tor
2223 5083 2473 5155 cognitis
2504 5081 2747 5137 nihilad
2783 5081 2873 5137 sui
2906 5081 3344 5137 excusationem
3373 5081 3529 5151 apud
3561 5095 3770 5135 omnes

2105 5179 2161 5230 et
2179 5175 2334 5246 apud
2357 5173 2552 5245 ipsum
2574 5169 3050 5243 patriarcham,si
3074 5170 3212 5242 quid
3239 5170 3288 5227 ei
3310 5169 3509 5226 minus
3530 5173 3766 5241 gratum

2107 5263 2415 5329 accideret,
2448 5262 2707 5334 amplius
2739 5262 3170 5332 expectandum
3222 5264 3403 5327 ratus,
3439 5276 3571 5315 cum
3618 5274 3767 5330 pra:-

2108 5354 2311 5411 sertim
2330 5353 2696 5425 Nicephorus
2715 5352 2927 5423 Ephesi
2960 5352 3275 5422 episcopus
3309 5352 3633 5406 afﬁrmaret
3658 5350 3767 5405 mi-

2110 5445 2266 5500 nime
2306 5444 2455 5497 "6
2488 5443 2832 5498 canonicam
2868 5440 3216 5513 patriarchae
3244 5440 3473 5496 Arsenii
3528 5440 3770 5495 ordina-

2107 5534 2329 5589 tionem
2361 5533 2545 5588 fuisse
2568 5534 2909 5604 (festinante
2932 5532 3146 5602 quippe
3168 5532 3241 5587 ad
3267 5549 3386 5586 suae
3438 5530 3769 5586 coronatio-

2108 5624 2203 5679 nis
2232 5622 2639 5678 caeremoniam
2680 5621 2980 5677 Theodoro
3013 5626 3153 5675 tunc
3186 5621 3559 5693 imperatore,
3593 5623 3651 5675 et
3680 5619 3772 5691 ip-

2111 5730 2244 5771 sum
2286 5714 2744 5785 perurgentibus
2778 5711 3021 5768 Occidui
3051 5710 3258 5768 limitis
3292 5712 3468 5767 rebus
3500 5710 3603 5766 illo
3635 5714 3757 5766 tem
