4090 6458
274 414 382 471 553

1347 417 1442 470 DE
1480 415 1850 470 MICHAELE
1888 413 2336 469 PALJEOIDGO
2372 415 2505 469 LIB.
2549 416 2621 466 II.

3590 414 3694 470 554

277 539 359 614 ἐφ’
434 539 480 610 ᾧ
555 538 930 601 ταινιώσεσθαι
1002 536 1090 592 καὶ
1147 539 1565 612 τεταραγμένοις
1623 542 1739 599 τοῖς
1797 535 2279 607 κατὰΑκλησίας
2356 537 2445 591 καὶ
2517 542 2626 592 τῶν
2704 535 2872 607 αὐτῆς
2930 537 3111 610 νόμων
3172 538 3697 613 καταφρονουμένων

280 627 426 684 δύσιν
488 625 823 682 ἑπεισπεσεῖν
880 625 1206 703 πράγμασι·
1266 629 1392 703 παρ’
1449 627 1516 696 ἦν
1573 627 1750 682 αῗτίαν
1806 628 1934 699 παρ’

282 714 546 790 οὐδεμίαν
610 714 804 788 μεταξὺ
851 713 1046 791 σχεδὸν
1078 718 1312 791 ἡμέραν,
1345 715 1492 770 ἀλλὰ
1522 720 1764 790 συνεχῶς
1797 715 1935 772 ἀπά-

283 826 400 870 σαις
429 805 559 868 τοὺς
597 811 697 874 τῆς
744 803 1044 880 ἱερωσύνης
1109 805 1354 880 βαθμοὺς
1411 803 1648 860 ἐτελεῖτο
1706 807 1933 874 πάντας,

281 896 370 952 καὶ
439 895 582 950 οὕτω
658 895 794 970 πρὸς
871 897 970 964 τήν
1022 896 1246 971 πρώτην
1291 902 1393 964 τῆς
1451 893 1735 970 ἱεραρχίας
1786 895 1931 964 τάξιν

281 981 677 1060 ἆνεϐιϐάζετο),
714 983 802 1039 διὰ
831 989 997 1040 ταῦτα
1030 987 1057 1040 ὁ
1112 985 1364 1061 βασιλεὺς
1417 993 1531 1047 τοῖς
1590 986 1932 1061 ἀρχιερεῦσιν

283 1077 450 1154 ἐφῆκε
477 1076 729 1151 πράττειν
791 1073 820 1128 ὅ
875 1096 927 1128 τι
974 1076 1062 1128 καὶ
1115 1073 1426 1150 βούλοιντο.
1477 1073 1672 1143 Καὶδή
1709 1097 1933 1130 σκεπτο-

287 1169 462 1239 μένων
493 1163 711 1219 ἐκείνων
746 1163 833 1218 ἐπὶ
863 1163 1102 1226 πολλαῖς
1133 1171 1252 1228 ταῖς
1289 1166 1524 1241 ἡμέραις
1566 1163 1720 1220 οὐδὲν
1769 1164 1933 1219 πλέον

284 1255 490 1330 ὑπῆρξε
561 1257 640 1324 τῷ
709 1254 1026 1328 πατριάρχῃ
1093 1259 1281 1317 παθεῖν
1343 1255 1792 1326 ἀνυπομοντ,σίας
1848 1255 1936 1308 καὶ

281 1343 697 1420 καταγνώσεως,
747 1343 820 1404 ὡς
883 1341 994 1411 ἐξὸν
1057 1341 1235 1417 λέγειν
1285 1344 1373 1398 καὶ
1436 1349 1616 1414 ζητεῖν
1649 1342 1934 1419 διόρθωσιν

289 1435 726 1507 μικροψυχοῦντι
760 1430 983 1486 καὶτοῦ
1035 1432 1228 1507 θρόνου
1273 1432 1477 1508 ἑτέροις
1538 1439 1937 1508 παραχωροῦν-

283 1545 359 1581 τι.
418 1521 674 1576 Κάκεῖνοι
738 1521 832 1592 μὲν
897 1520 1108 1583 οὕτως·
1171 1524 1236 1590 ἦν
1300 1519 1357 1576 δὲ
1415 1521 1553 1596 ἄρα,
1611 1524 1685 1584 ὡς
1746 1518 1936 1592 ἔδειξεν

287 1611 530 1686 ὕστερον,
586 1609 650 1664 τὸ
707 1607 1038 1682 ζητούμενον
1077 1611 1153 1682 μή
1189 1610 1271 1664 ὅτι
1301 1631 1360 1684 γε
1393 1607 1631 1684 δυσχερῆ
1660 1612 1941 1686 θεραπείαν

287 1697 670 1776 προσιέμενον,
701 1696 850 1752 ἀλλὰ
891 1701 976 1753 καὶ
1030 1697 1174 1760 ὅλως
1225 1698 1463 1771 ἀνιάτον,
1527 1698 1610 1753 διὸ
1666 1699 1753 1754 καὶ
1790 1698 1942 1769 δίκην

285 1796 386 1858 τῆς
447 1787 672 1861 ἀγνοίας
731 1786 981 1862 ἄντικρυς
1054 1787 1297 1843 ἑκουσίαν
1351 1790 1426 1850 εἷς
1487 1788 1784 1864 ἀπολογίαν
1843 1793 1938 1857 τήν

2044 625 2365 691 ἐκκαίεσθαι.

2049 735 2128 795 ις’.
2188 736 2374 797 Ὅπως
2440 737 2467 788 ὁ
2524 741 2624 803 τῆς
2683 733 2924 812 Ἐφέσου.
2966 737 3286 812 Νικηφόρος
3355 735 3704 809 πατριάρχης

2700 807 3032 877 ἀπεκατέστη
3045 851 3056 863 .

2121 891 2341 969 Συμϐάν
2376 894 2432 950 δὲ
2461 897 2552 951 καί
2584 918 2656 966 τι,
2691 897 2718 950 ’ὀ
2780 893 2843 964 δὴ
2905 897 2994 950 καὶ
3050 895 3142 950 τὸν
3203 894 3331 950 ὅλον
3386 902 3486 966 τῆς
3515 897 3704 970 ἱεραρ-

2047 984 2172 1060 χίας
2248 985 2444 1060 χρόνον
2516 986 2715 1040 ἐκεῖνον
2775 983 3043 1053 ἐπέκνιζεν
3105 983 3395 1058 (ἐψήφιστο
3453 987 3555 1061 γὰρ
3625 986 3703 1046 εἷς

2046 1081 2438 1150 πατριαρχεῖον
2493 1075 2638 1150 παρὰ
2702 1081 2801 1144 τῆς
2864 1073 3088 1128 συνόδου
3147 1073 3232 1128 ἐπὶ
3289 1075 3546 1130 Ἰωάννου
3603 1079 3702 1132 τοῦ

2048 1165 2225 1218 Δούκα
2283 1167 2390 1238 πρὸ
2441 1168 2538 1218 τοῦ
2589 1167 2936 1240 πατριάρχου
2996 1162 3289 1233 Μανουὴλ,
3329 1166 3419 1218 καὶ
3466 1166 3492 1219 ὁ
3547 1167 3705 1240 βασι-

2048 1252 2220 1308 λεύων
2281 1255 2373 1314 τὰς
2428 1256 2644 1329 ψήφους
2694 1256 2931 1329 συνέχει,
2983 1254 3075 1308 τὸν
3109 1254 3275 1322 ζῆλον
3323 1250 3705 1326 δεδιττόμενος

2045 1348 2141 1396 τοῦ
2197 1341 2413 1416 ἀνδρὸς,
2477 1346 2672 1418 φήσας
2707 1365 2731 1394 ν
2796 1346 2895 1397 ’Ἢν
2930 1343 2994 1396 οὗ
3050 1341 3265 1397 δύναταί
3297 1364 3378 1404 τις
3407 1344 3707 1412 ὑποστῆναι

2047 1430 2435 1506 ἁρχιδιάκονον
2488 1429 2635 1500 ὄντα,
2697 1436 2814 1493 πῶς
2875 1431 2933 1486 ἄν
2985 1437 3431 1508 πατριαρχοῦντα
3476 1433 3706 1506 ὑπομεί-

2047 1541 2192 1590 νειε;
2233 1546 2257 1571 ››
2321 1520 2403 1576 διὸ
2455 1520 2520 1590 δὴ
2576 1523 2665 1577 καὶ
2722 1527 2820 1586 τῆς
2851 1523 3080 1596 Ἐφέσου
3111 1521 3517 1597 προχειρισθεὶς
3551 1523 3702 1596 ὅμως

2051 1611 2351 1675 ἀδικεῖσθαι
2413 1613 2556 1685 παρὰ
2615 1610 2884 1688 βασιλέως
2938 1612 3014 1673 εἷς
3071 1614 3169 1680 τήν
3227 1610 3364 1666 ἰδίαν
3405 1613 3572 1684 τιμὴν
3624 1610 3704 1664 δι-

2051 1703 2321 1774 ετείνετο)’
2356 1707 2515 1757 τοῦτο
2574 1700 2638 1772 δὴ
2700 1698 3084 1774 μεσολαϐῆσαν
3131 1702 3303 1756 ἐποίει
3342 1702 3463 1756 τότε
3489 1703 3579 1756 τὸν
3614 1700 3709 1755 άν-

2052 1788 2150 1866 δρα
2233 1795 2512 1862 πειθήνιον
2589 1792 3098 1867 προσκαλούμενον,
3171 1793 3260 1846 καὶ
3310 1793 3408 1860 τὴν
3471 1791 3705 1865 ἐκλογὴν

286 1879 424 1954 πρὸς
457 1877 584 1932 Θεὸν
634 1876 932 1940 ἐπιτιθέναι
961 1873 1218 1933 ἐϐούλετο
1274 1877 1468 1951 ἑαυτῷ,
1517 1880 1592 1951 μὴ
1643 1882 1754 1933 κατ’
1788 1877 1940 1933 ἐλπί-
1977 1882 2301 1974 Βάσμένως
2357 1879 2598 1958 έδέχετο’
2658 1883 2789 1936 εἶναι
2851 1882 2949 1956 γὰρ
3011 1878 3194 1936 ἔκτοτε
3249 1879 3576 1956 τεταγμένον
3633 1880 3709 1942 εἲς

291 1965 385 2028 δας
427 1964 913 2042 προχωρησάντων
975 1969 1058 2039 [Ρ.
1091 1970 1182 2040 75]
1241 1967 1387 2037 αὐτῷ
1441 1973 1550 2022 τῶν
1581 1969 1940 2044 πραγμάτων.

288 2059 519 2113 Ἐκεῖνοι
553 2053 610 2109 δὲ
639 2056 763 2110 τότε
791 2055 913 2129 περῖ
943 2059 1038 2110 τοῦ
1068 2056 1147 2111 τίς
1183 2054 1239 2110 ἂν
1298 2057 1396 2124 τὴν
1456 2056 1780 2126 Ἐκκλησίαν
1811 2061 1945 2112 κατᾶ

290 2146 353 2200 τὸ
387 2143 650 2220 ἐχέγγυον
682 2143 1071 2220 παραλήψαιτο
1128 2145 1194 2199 τά
1251 2144 1436 2200 πολλᾶ
1478 2149 1826 2217 ζητήσαντες,
1859 2149 1947 2202 καὶ

297 2232 514 2308 μᾶλλον
547 2235 598 2290 οἱ
631 2232 933 2304 δοκοῦντες,
997 2237 1070 2289 ὧν
1130 2236 1219 2290 καὶ
1274 2237 1334 2289 τὸ
1393 2235 1588 2291 λοιπὸν
1615 2241 1722 2292 τῶν
1756 2240 1949 2314 ἀρχιε-

298 2327 436 2399 ρέων
469 2325 684 2395 πλῆθος
715 2323 1032 2400 ἐξήρτηντο,
1091 2325 1249 2388 τέλος
1295 2330 1418 2399 μιᾶς
1467 2323 1552 2381 ἒπὶ
1601 2331 1681 2399 τῷ
1731 2329 1951 2405 Ἐφέσου

296 2416 526 2489 γνώμης
559 2414 820 2491 γίνονται,
877 2414 1068 2492 ἀνδρὸς
1117 2412 1384 2478 εὐλαϐοῦς
1439 2417 1528 2472 καὶ
1585 2421 1698 2472 κατ’
1759 2420 1956 2493 ἀρετὴν

298 2501 551 2574 ἐπιδόξου
579 2506 670 2558 καὶ
709 2502 862 2579 λόγῳ
915 2505 1152 2579 μετρίως
1205 2507 1610 2579 κοσμουμένου,
1670 2511 1957 2582 γηρῶντος

299 2590 432 2665 ἤδη,
469 2595 514 2666 ᾧ
549 2591 615 2664 δῆ
647 2593 737 2650 καὶ
797 2600 966 2664 ζῆλος
1024 2595 1091 2664 ἦν
1151 2594 1336 2658 ἱκανὸς
1387 2596 1463 2659 ὡς
1523 2597 1653 2670 ὑπὲρ
1709 2602 1812 2665 τῆς
1843 2598 1959 2650 Ἐκ-

301 2809 443 2865 pore
494 2792 914 2864 turbatis,quo
958 2793 1028 2849 ad
1075 2808 1240 2866 spem
1292 2795 1490 2867 magni
1539 2811 1871 2866 successus,
1908 2796 1956 2850 si

303 2887 543 2939 strenue
601 2891 948 2952 occurreret,
977 2884 1317 2953 vocabatur,
1351 2885 1774 2958 praecipitatam
1827 2887 1955 2956 ejus

293 2973 476 3044 jussu
520 2972 665 3030 adeo
716 2973 898 3030 fuisse
940 2973 1450 3045 inauguratiouem
1487 2974 1854 3046 patriarchae,
1892 2980 1959 3030 ut

301 3063 585 3136 legitimis
618 3064 950 3121 interstitiis
980 3065 1250 3121 ordinum
1285 3081 1398 3122 non
1433 3065 1678 3122 servatis
1736 3067 1955 3139 gradus

303 3169 512 3211 omnes
544 3154 857 3210 sacerdotii
891 3155 1058 3227 quasi
1115 3171 1228 3211 uno
1275 3155 1453 3227 saltu,
1484 3156 1577 3210 vix
1606 3155 1954 3228 interposito

309 3241 557 3300 dieculae
588 3242 762 3300 unius
793 3244 984 3299 medio
1019 3244 1210 3316 spatio
1242 3243 1650 3315 pervolaverit,
1684 3249 1742 3302 et
1771 3245 1854 3301 sic
1888 3247 1957 3301 ad

302 3332 502 3388 throni
535 3332 945 3404 patriarchalis
977 3333 1281 3406 fastigium
1313 3334 1744 3390 transcenderit
1761 3339 1964 3390 contra

305 3421 652 3478 manifestas
668 3421 1002 3494 regularum
1019 3421 1290 3478 Ecclesia
1303 3427 1499 3479 veteru
1511 3439 1564 3480 m
1580 3424 1959 3493 sanctiones),

305 3511 422 3578 his,
446 3510 713 3583 inquam,
731 3511 910 3568 simul
929 3512 1156 3568 cunctis
1183 3512 1750 3584 Palseologusmotus
1782 3514 1964 3570 edixit

306 3597 664 3670 praesulibus
696 3601 1066 3673 congregatis
1098 3617 1160 3656 se
1192 3600 1337 3656 nihil
1369 3602 1603 3657 obstare
1645 3601 1961 3672 quominus

307 3689 463 3760 quod
491 3688 638 3760 ipsis
662 3689 955 3760 Optimum
988 3689 1282 3746 videretur
1303 3687 1360 3744 in
1384 3707 1446 3745 re
1469 3691 1738 3761 praesenti
1771 3691 1964 3746 decer-

305 3781 518 3834 nerent
549 3791 930 3850 agerentque.
966 3779 1131 3835 Tunc
1161 3779 1364 3835 Patres
1412 3779 1635 3852 aliquot
1665 3779 1872 3835 diebus
1903 3781 1962 3834 in

304 3867 664 3938 inquirendo
695 3885 762 3924 ac
795 3869 1170 3926 deliberando
1201 3869 1588 3941 consumptis,
1625 3869 1770 3924 nihil
1805 3868 1961 3925 aliud

307 3959 468 4030 quod
519 3959 657 4016 vitio
703 3962 994 4016 verterent
1052 3959 1396 4031 patriarchae
1452 3963 1796 4032 repererunt
1851 3961 1964 4014 nisi

310 4052 632 4128 quamdam
653 4051 1086 4123 impatientiam
1108 4055 1165 4107 et
1189 4055 1603 4122 praematuram
1620 4051 1968 4122 desperatio-
2007 4079 2016 4088 -

311 4160 449 4202 nem
464 4158 554 4198 em
565 4142 893 4198 sudationis
907 4157 1102 4198 rerum
1132 4157 1282 4213 quas
1305 4143 1689 4214 improbaret;
1715 4158 1899 4212 quaru
1911 4158 1966 4195 m

310 4235 372 4290 in
402 4231 823 4290 correctionem
847 4232 1012 4304 prius
1033 4231 1335 4288 debuisset
1357 4232 1848 4300 incumbere,tum
1867 4247 1969 4302 per

311 4340 377 4380 se
431 4323 682 4395 agendo,
716 4327 842 4378 tum
881 4321 1238 4393 exquirendo
1289 4322 1360 4377 ab
1413 4321 1544 4378 aliis
1595 4324 1651 4377 et
1697 4323 1757 4376 in
1806 4337 1967 4377 com-

312 4430 496 4470 mune
517 4411 901 4482 consulendo,
926 4429 1041 4468 non
1065 4417 1285 4480 autem,
1309 4417 1375 4468 ut
1405 4413 1542 4468 fecit
1572 4411 1969 4484 pusillanimi-

305 4509 431 4561 tate
460 4506 676 4576 victus,
709 4504 959 4574 abjicere
992 4504 1219 4559 clavum
1256 4503 1643 4574 periclitantis
1704 4503 1969 4559 Ecclesiae

309 4600 370 4652 et
391 4595 523 4665 ejus
544 4593 1034 4667 gubernationem
1073 4594 1206 4650 aliis
1239 4595 1456 4650 cedere.
1480 4593 1565 4649 Ita
1593 4593 1714 4648 illis
1737 4594 1972 4650 videba-

2055 1975 2215 2026 τοῦτο
2273 1975 2418 2047 παρὰ
2473 1979 2573 2042 τῆς
2629 1973 2877 2048 χάριτος,
2937 1972 2982 2027 εἷ’
3041 1975 3124 2028 καὶ
3187 1971 3527 2036 κωλυθέντος
3567 1974 3713 2047 παρὰ

2056 2065 2156 2130 τὴν
2217 2061 2466 2136 ῥηθεῖσαν
2526 2052 2721 2134 αἷτίαν,
2779 2063 2967 2131 ἱκανήν
3012 2065 3092 2133 [Ρ.
3153 2065 3242 2135 76]
3291 2083 3350 2137 γε
3403 2063 3561 2116 οὖσαν
3622 2061 3710 2116 καὶ

2056 2151 2258 2220 ταύτην
2314 2150 2525 2222 μᾶλλον
2587 2150 2663 2215 εἷς
2703 2152 2953 2206 σύστασιν
3007 2153 3220 2219 ἑαυτοῦ,
3252 2151 3340 2205 τὸν
3398 2150 3562 2205 αὐτοῦ
3617 2151 3714 2205 τό-

2060 2261 2161 2294 πον
2210 2239 2258 2312 έξ
2312 2239 2548 2316 ἀνάγκης
2597 2239 3091 2314 ἀναπληρώσαντες
3145 2231 3481 2316 εῗσήχθησαν
3513 2236 3711 2313 ςἑτεροι.

2063 2329 2251 2390 Οὕτως
2311 2329 2512 2390 ἐκεῖνος
2573 2350 2673 2398 την
2707 2326 2944 2404 ἐκλογὴν
2993 2327 3172 2392 θεόθεν
3203 2329 3338 2383 κατὰ
3365 2328 3465 2398 τὴν
3508 2326 3716 2384 δικαίαν

2064 2418 2272 2472 ἐκείνου
2329 2417 2503 2492 κρίσιν
2573 2417 3069 2493 ὑπολογισάμενος,
3119 2414 3270 2472 οὐδὲν
3332 2415 3720 2489 ἀναϐαλλόμε-

2065 2527 2175 2576 νος,
2206 2507 2589 2583 ἀναγορεύεται
2617 2509 2987 2582 πατριάρχης.
3047 2507 3146 2564 "Ov
3199 2503 3264 2574 δὴ
3325 2507 3415 2561 καὶ
3473 2505 3523 2560 ἰν
3580 2510 3718 2580 τιμῇ

2073 2597 2293 2672 μεγίστῃ
2345 2597 2372 2651 ὁ
2437 2595 2691 2672 βασιλεὺς
2747 2596 2882 2669 πρὸς
2941 2595 3169 2652 Νίκαιαν
3225 2594 3571 2664 ἀποστείλας,
3633 2595 3723 2650 αὖ·

2069 2799 2289 2852 atteute
2338 2795 2898 2868 circumspexissent
2942 2794 3160 2866 diuque
3201 2794 3556 2867 quaesissent
3586 2794 3720 2865 quis

2069 2883 2334 2956 ipsorum
2375 2884 2670 2941 videretur
2719 2884 2966 2939 idoneus
3015 2884 3085 2938 ad
3135 2883 3398 2956 regimen
3448 2882 3720 2939 Ecclesiae

2067 2974 2516 3046 capessendum,
2551 2972 2806 3044 denique
2838 2989 2953 3029 uno
2987 2987 3277 3030 consensu
3306 2973 3364 3028 iu
3397 2972 3716 3045 Ephesium

2066 3051 2485 3120 convenerunt.
2514 3064 2650 3119 Erat
2669 3063 2719 3119 is
2741 3063 3020 3134 religione
3052 3079 3119 3118 ac
3139 3063 3355 3119 virtute
3387 3062 3547 3118 omni
3577 3078 3717 3118 cou-

2068 3154 2336 3226 spicuus,
2376 3153 2524 3209 satis
2553 3153 2783 3223 doctus,
2808 3153 2936 3223 jam
2969 3153 3186 3217 senior,
3215 3151 3309 3208 cui
3340 3150 3501 3208 zelus
3533 3151 3723 3208 iuerat

2074 3259 2190 3297 non
2241 3242 2576 3309 mediocris,
2611 3242 2754 3298 adeo
2795 3246 2859 3296 ut
2908 3241 3006 3296 ubi
3051 3240 3373 3297 Ecclesium
3417 3245 3516 3297 aut
3562 3241 3722 3313 leges

2075 3333 2204 3404 ejus
2238 3333 2459 3403 despici
2489 3333 2728 3399 videret,
2763 3336 2922 3387 totus
2953 3333 3372 3388 exardesceret.

2074 3442 2261 3497 15.117
2313 3442 2511 3512 Ephesi
2566 3442 2846 3513 episwpus
2903 3439 3234 3510 Nicephorus
3285 3442 3604 3513 patriarcha
3649 3443 3722 3497 sit

2790 3515 2990 3583 factus.

2143 3604 2477 3676 Contigerat
2500 3605 2722 3659 dudum
2759 3604 3066 3675 quiddam,
3089 3604 3241 3658 unde
3264 3603 3313 3659 is
3347 3606 3463 3660 toto
3494 3603 3716 3675 episco-

2073 3698 2242 3765 patus
2294 3694 2382 3749 sui
2431 3699 2690 3766 tempore
2743 3694 2960 3749 doloris
2988 3699 3046 3748 et
3077 3693 3448 3764 querelarum
3481 3710 3721 3750 causam

2071 3783 2288 3840 habere
2311 3786 2546 3854 justum
2578 3784 2692 3840 sibi
2715 3784 3031 3840 videretur.
3055 3787 3284 3840 Vacans
3312 3783 3450 3841 olim
3482 3783 3726 3856 patriar-

2073 3874 2258 3930 chalis
2289 3875 2458 3930 sedes
2489 3875 2784 3930 destinata
2833 3875 2998 3945 prius
3048 3875 3160 3945 ipsi
3217 3891 3415 3946 quam,
3449 3875 3551 3946 qui
3593 3891 3728 3931 mox

2073 3965 2131 4020 in
2156 3981 2283 4020 eam
2303 3964 2610 4031 successit,
2636 3963 2892 4020 Manueli
2913 3965 3125 4032 fuerat,
3150 3965 3308 4020 haud
3329 3964 3510 4021 dubio
3534 3965 3728 4020 favore

2076 4057 2283 4127 synodi
2331 4072 2341 4108 :
2395 4056 2496 4112 sed
2549 4056 2648 4125 qui
2699 4059 2840 4111 tunc
2891 4054 3222 4126 imperabat
3249 4055 3512 4110 Joannes
3545 4059 3728 4110 Ducas

2077 4146 2389 4202 consensui
2415 4145 2652 4200 Patrum
2687 4143 2938 4212 obstitit,
2963 4142 3152 4199 zelum
3184 4143 3291 4197 viri
3320 4143 3726 4214 praefervidum

2079 4241 2370 4293 metuens.
2395 4237 2574 4307 Cujus
2607 4234 2786 4302 enim,
2813 4234 3024 4303 aiebat,
3049 4233 3295 4305 spiritus
3318 4233 3510 4289 adhuc
3535 4233 3726 4289 archi—

2079 4326 2309 4383 diaconi
2359 4326 2507 4381 ferre
2557 4326 2651 4379 vix
2701 4340 3042 4396 possumus,
3071 4323 3120 4378 ei
3155 4323 3290 4394 quis
3321 4338 3598 4395 suprema
3630 4339 3730 4394 pa-

2079 4416 2347 4471 triarchae
2397 4420 2625 4470 armato
2675 4413 3026 4470 auctoritate
3059 4412 3391 4468 resisteret?
3421 4412 3516 4467 Sic
3542 4411 3640 4468 ille
3673 4414 3732 4467 in

2079 4510 2244 4561 tanto
2265 4505 2603 4561 inferiorem
2628 4503 2932 4575 Ephesinae
2957 4504 3266 4558 submotus
3291 4501 3558 4558 Ecclesiae
3579 4502 3735 4558 thro-

2083 4611 2226 4650 num
2252 4611 2357 4650 nec
2381 4594 2669 4666 patienter
2691 4609 2952 4664 unquam
2979 4609 3083 4648 nec
3107 4593 3279 4648 tacite
3302 4591 3598 4647 interverti
3623 4590 3737 4646 sibi

310 4690 434 4740 tur.
467 4689 740 4742 Caeterum
779 4684 1070 4755 posterius
1113 4683 1384 4755 apparuit
1430 4683 1722 4738 insedisse
1770 4684 1966 4738 animo
1997 4667 2047 4731 D
2077 4683 2336 4753 supremi
2359 4681 2599 4738 honoris
2620 4683 2924 4752 iujuriam,
2955 4687 3016 4735 ut
3039 4681 3164 4752 ipse
3196 4679 3418 4752 passim
3443 4680 3735 4750 quiritans

311 4775 664 4846 patriarchae
715 4773 887 4830 altius
929 4773 1166 4841 vulnus,
1217 4776 1276 4828 et
1323 4789 1439 4827 non
1491 4771 1680 4827 solum
1734 4772 1968 4827 difﬁcile

312 4867 669 4934 curatu,sed
704 4865 877 4937 plane
909 4863 1681 4934 insanabile,po-3nitentiam
1705 4863 1972 4918 videlicet

313 4972 512 5011 seram
543 4955 796 5012 toleratae
826 4955 1188 5011 infractionis
1219 4953 1451 5010 foederis
1479 4954 1972 5025 praetermittenda

309 5047 697 5104 coronatione
715 5045 966 5102 heredis
994 5045 1249 5117 imperii,
1276 5047 1448 5116 cujus
1471 5043 1654 5116 culpa:
1678 5048 1798 5100 tam
1823 5061 1976 5100 acer-

311 5139 430 5195 bus
462 5138 634 5194 illum
665 5138 872 5194 urebat
922 5153 1155 5204 sensus,
1185 5153 1341 5192 nunc
1384 5137 1636 5192 maxime
1683 5136 1972 5192 videntem

317 5233 730 5300 quam'eoutra
749 5243 912 5300 spem
937 5228 1102 5300 prius
1125 5231 1464 5300 conceptam
1507 5227 1739 5300 negotia
1777 5243 1975 5282 succe-

318 5318 553 5387 derent,
581 5321 646 5374 ut
668 5333 784 5388 quo
807 5317 986 5372 istius
1012 5316 1283 5372 admissae
1308 5315 1441 5372 licet
1465 5332 1566 5387 per
1587 5315 1976 5388 ignorantiam

323 5406 719 5464 conniventiae
750 5405 973 5463 crimen
1007 5405 1161 5476 apud
1193 5405 1376 5460 Deum
1409 5405 1685 5492 expiaret,
1714 5404 1981 5460 volunta-

319 5494 485 5550 rium
520 5494 630 5551 hoc
662 5491 1154 5550 exauctorationis
1202 5492 1449 5564 propriae
1481 5489 1836 5562 supplicium
1869 5489 1981 5545 sibi

323 5584 487 5642 ultro
520 5583 1013 5642 consciscendum
1050 5583 1360 5654 putaverit.
1394 5583 1557 5638 Tunc
1588 5596 1758 5651 porro
1789 5587 1985 5636 Patres

323 5675 564 5747 synodi,
587 5674 677 5731 vel
709 5671 906 5746 potius
929 5671 1255 5728 eminentes
1276 5672 1430 5729 inter
1451 5671 1631 5743 ipsos,
1647 5686 1714 5726 ex
1736 5685 1988 5741 quorum

327 5764 687 5821 auctoritate
732 5779 798 5818 ac
848 5765 994 5816 nutu
1042 5761 1231 5817 caeteri
1282 5762 1633 5832 pendebant,
1667 5777 1803 5817 cum
1835 5761 1984 5815 117

663 5884 921 5944 ΡΑτιιοῐι.
969 5881 1079 5942 Gn.
1126 5880 1382 5942 CXLIII.

2076 4773 2340 4840 vocabat,
2363 4776 2419 4828 et
2451 4771 2866 4828 contumeliam
2891 4769 3046 4825 tulit.
3074 4774 3152 4824 Ea
3183 4769 3346 4825 illum
3381 4769 3560 4825 animi
3594 4785 3732 4840 prai-

2082 4863 2305 4934 paratio
2337 4861 2565 4917 facilem
2599 4866 2724 4916 tum
2761 4857 3020 4915 reddidit
3050 4859 3119 4914 ad
3155 4857 3533 4913 annuendum
3580 4857 3734 4912 desi-

2084 4952 2260 5007 deriis
2306 4952 2512 5022 synodi
2563 4950 2905 5020 frequentis,
2938 4953 2994 5004 et
3024 4947 3292 5004 electioni
3342 4946 3593 5002 libenter
3640 4963 3738 5002 as-

2085 5041 2459 5099 sentiendum
2493 5057 2633 5105 sure,
2668 5042 2936 5096 constare
2966 5038 3257 5109 siquidem
3288 5035 3403 5108 ipsi
3433 5035 3743 5092 videbatur

2078 5134 2203 5203 jam
2236 5132 2461 5202 pridem
2488 5146 2549 5185 se
2579 5130 2650 5184 ad
2685 5127 3146 5200 patriarchatum
3177 5125 3357 5181 divini
3389 5125 3580 5198 gratia
3611 5126 3740 5197 Spi-

2086 5222 2235 5276 ritus
2267 5221 2536 5286 electum,
2571 5218 2679 5273 etsi
2713 5218 2996 5272 hactenus
3029 5216 3335 5273 exclusum
3370 5215 3745 5286 possessione

2090 5310 2271 5366 debiti
2306 5309 2548 5364 honoris
2581 5305 2962 5376 insuperabili
2997 5305 3304 5362 obstaculo
3331 5305 3607 5361 humanae
3639 5321 3743 5375 po-

2090 5399 2306 5454 tentiae.
2344 5400 2494 5468 Ergo
2544 5396 2643 5451 ille
2694 5394 2843 5450 nihil
2896 5397 3232 5462 cunctatus,
3268 5393 3386 5450 imo
3418 5394 3746 5466 praedicans

2095 5503 2377 5559 apparere
2435 5485 2815 5541 manifestum
2868 5483 2964 5538 Dei
3017 5497 3235 5538 numen
3288 5483 3349 5538 in
3385 5483 3477 5538 sui
3510 5481 3748 5538 restitu-

2093 5577 2274 5645 tione,
2308 5591 2487 5647 seque
2521 5591 2637 5630 non
2669 5572 2930 5628 delatum
2964 5589 3121 5627 nunc
3153 5572 3412 5643 primum
3447 5571 3750 5644 suffragiis

2097 5666 2467 5738 eligentium,
2501 5667 2596 5721 sed
2641 5665 2804 5734 justo
2857 5663 3081 5718 dudum
3110 5660 3335 5734 judicio
3367 5661 3749 5718 Providentia

2101 5757 2210 5814 sibi
2233 5757 2528 5813 decretum
2563 5759 2700 5810 nata
2717 5753 2998 5810 divinitus
3024 5753 3328 5809 occasione
3350 5766 3479 5824 quas
3501 5749 3654 5806 IIS
3680 5751 3751 5806 ad

3362 5872 3438 5931 18
