4090 6434
370 378 477 434 555

1683 377 1980 433 GEORGII
2020 377 2483 433 PACHYMRRB

3686 378 3796 432 556

368 504 463 565 τὸς
495 501 748 576 ἠπείγετο
781 498 918 577 πρὸς
972 503 1070 571 τὴν
1135 503 1442 575 Λάμψακον
1501 500 2021 577 περαιωθησόμενος
2052 513 2105 581 Α
2139 500 2366 577 εισάγεεν
2428 498 2634 563 ἄλλους
2663 506 2781 563 ταῖς
2826 500 3144 572 ἐκκλησίαις
3200 500 3509 570 ἐσκέπτετο,
3542 500 3571 556 ’ὁ
3603 499 3671 570 δὴ
3700 502 3796 557 καὶ

372 592 508 668 πρὸς
563 592 661 659 τὴν
717 590 1000 666 ἀντιπέραν
1062 588 1501 648 Καλλιούπολιν·
1572 589 1877 664 συνεκρότει
1919 590 2023 666 γὰρ

373 680 465 734 καὶ
526 677 780 753 δυνάμεις
839 680 938 734 οὐκ
994 670 1183 754 ὀλίγας
1239 679 1359 734 κατ’
1389 680 1615 736 Ἰταλῶν
1677 678 2025 755 ἐφ’ᾧπροσ-

372 768 595 831 καθίσας
675 773 913 843 πειρῷτο
997 770 1286 845 κρατήσειν
1378 769 1441 823 τὸ
1517 767 1842 843 καταντικρὺ
1924 775 2025 837 τῆς

373 856 701 927 Βυζαντίδος
749 858 1031 934 φρούριον,
1091 859 1155 912 τὸ
1222 858 1364 912 οὕτω
1417 879 1534 919 πως
1589 857 1886 932 λεγόμενον
1920 863 2026 912 Γα-

374 945 563 1001 λατᾶν.

376 1055 457 1122 ιζ’.
517 1053 783 1143 Ὅπωςιὸ
863 1051 1110 1147 Σάρδεων
1179 1054 1273 1145 καὶ
1352 1055 1379 1109 ὃ
1461 1053 1864 1147 Θεὶζσριλονίκης
1938 1053 2025 1109 ἐπὶ

652 1124 866 1187 τούτοις
897 1124 958 1181 οὗ
989 1126 1333 1201 συνεφώνουν
1365 1132 1481 1187 τοῖς
1516 1125 1733 1188 ἄλλοις·

441 1214 580 1270 Τότε
607 1213 785 1268 τοίνυν
820 1215 847 1268 ὁ
898 1212 1150 1289 Σάρδεων
1205 1213 1555 1291 Ἀνδρόνικος
1598 1216 1689 1271 καὶ
1750 1218 1778 1271 ὁ
1827 1223 2027 1271 Θεσσα-

373 1300 601 1373 λονίκης
632 1302 899 1372 Μανουὴλ
934 1304 980 1368 (ὁ
1035 1303 1140 1379 γάρ
1192 1302 1521 1381 Καλοφόρος
1554 1305 1815 1379 Σμύρνης
1846 1304 1891 1359 εἰ
1935 1304 2025 1359 καὶ

368 1396 689 1466 παρῃτεῖτο,
735 1390 863 1445 ἀλλ’
902 1392 995 1446 οὗν
1052 1391 1226 1453 αἰτίας
1271 1393 1456 1469 ἑτέρας
1505 1388 1889 1468 προύϐάλλετο
1935 1390 2027 1447 δο-

368 1480 527 1550 ξάσας
564 1478 752 1542 ἱκανὰς
812 1479 889 1544 εἷς
946 1480 1325 1557 παραίτησιν]’
1389 1483 1445 1535 o't
1496 1479 1552 1536 δέ
1606 1486 1848 1560 φανερῶς
1899 1482 2025 1536 ἀντ-

368 1568 594 1639 έτεινον,
652 1570 741 1623 καὶ
800 1573 883 1641 τῷ
944 1567 1122 1624 δοκεῖν
1181 1572 1276 1643 μὲν
1341 1572 1474 1646 ὑπὲρ
1524 1576 1623 1626 τοῦ
1679 1572 2024 1647 πατριάρχου

363 1661 544 1719 κακῶς
598 1658 971 1733 παροφθέντος
1000 1656 1255 1728 ἐζήλουν,
1295 1663 1374 1732 τῷ
1432 1658 1490 1714 δὲ
1544 1658 1903 1733 κρυπτομένῳ
1934 1660 2023 1714 καὶ

366 1746 499 1820 ὑπὶρ
556 1747 629 1800 ὧν
682 1747 710 1801 ὁ
741 1749 1095 1823 πατριάρχης
1133 1748 1316 1819 ζηλῶν
1374 1749 1447 1811 ὡς
1479 1751 1616 1811 τέως
1651 1749 1749 1803 οὐκ
1779 1749 2021 1803 ἀνυστῶν

2134 587 2348 665 γέγονεν
2400 586 2640 664 ὕστερον.
2702 590 2878 650 Αὐτὸς
2935 586 2994 643 δὲ
3046 592 3153 643 τῶν
3197 586 3385 644 ἄλλων
3444 588 3796 664 έπεπιιρᾶτο,

2133 678 2222 731 καὶ
2255 680 2289 747 ἡ
2349 679 2569 754 ταραχή
2626 675 2815 748 πολλή
2874 679 2965 748 ἦν,
3007 676 3098 732 καὶ
3153 678 3215 732 τὸ
3245 679 3363 732 κατ’
3387 675 3599 733 ἐκείνου
3630 681 3794 733 σκάν-

2136 765 2302 821 δαλον
2336 764 2521 844 ᾔρετο’
2573 765 2721 835 πλὴν
2766 768 2866 842 γὰρ
2919 772 3025 822 τῶν
3059 766 3135 829 εἷς
3194 768 3470 843 ἄρχοντας
3525 766 3794 842 τεταγμέ-

2132 878 2234 910 νων
2266 863 2365 926 τῆς
2393 854 2724 927 Ἐκκλησίας
2758 858 2809 911 οἱ
2859 854 3049 911 λοιποὶ
3091 857 3191 925 τήν
3240 856 3444 911 ἐκείνου
3498 857 3793 911 κοινωνίαν

2136 942 2483 1020 ἄπέστεργον.
2515 947 2708 1017 ’Ὀμως
2765 946 2816 1000 οἱ
2874 947 2968 1019 μὶν
3028 944 3261 1007 ἐχόντως
3317 946 3369 999 οἱ
3420 944 3478 1000 δέ
3506 945 3597 1000 καὶ
3627 944 3791 1000 ἀκόν-

2131 1056 2241 1096 τως
2282 1035 2429 1102 πλὴν
2480 1032 2681 1111 ὀλίγων
2731 1031 3212 1104 καθυπεκλίνοντο,
3263 1032 3690 1108 διασεσεισμένοι
3742 1032 3792 1089 δ’

2135 1121 2284 1187 ὄντες
2359 1124 2455 1186 τὰς
2524 1122 2744 1199 γνώμας
2820 1124 3012 1198 πράξει
3083 1123 3212 1188 τοὺς
3295 1125 3370 1196 μὴ
3425 1125 3786 1197 πειθομένους

2136 1211 2410 1287 ὠχύρουν.
2472 1211 2550 1268 Τὸ
2610 1209 2666 1267 δὲ
2723 1212 2913 1269 λαικὸν
2969 1219 3185 1283 πλῆθος
3252 1212 3343 1267 τὸν
3399 1211 3511 1267 νέον
3553 1214 3790 1285 ποιμένα

2132 1300 2221 1354 καὶ
2302 1301 2421 1355 λίαν
2468 1300 3051 1377 ἀποπροσποιοῦμενοι
3109 1300 3334 1372 ἐζήτουν
3389 1302 3480 1356 τὸν
3539 1304 3788 1377 γνήσιον.

2132 1392 2217 1460 [Ρ.
2274 1390 2363 1462 77]
2415 1389 2566 1443 Οὕτω
2614 1395 2743 1465 γοῦν
2785 1390 3196 1466 τεταραγμένων
3254 1394 3360 1445 τῶν
3430 1391 3786 1467 πραγμάτιον,

2133 1477 2248 1532 ἐπεὶ
2305 1479 2395 1532 καὶ
2450 1479 2542 1534 τὸν
2601 1483 2903 1554 κρατοῦντα
2982 1479 3243 1552 ἐμάνθανε
3316 1478 3502 1554 μάχην
3561 1478 3786 1552 μέλλειν

2134 1573 2446 1643 συγκροτεῖν
2529 1568 2784 1645 μεγίστην
2865 1568 2998 1624 κατᾶ
3078 1568 3342 1645 φρουρίου
3418 1572 3516 1623 τοῦ
3573 1568 3789 1625 Γαλατᾶ

2134 1657 2263 1720 ὥσθ’
2310 1658 2576 1733 αἱρήσειν,
2625 1657 2724 1713 κᾶν
2784 1656 2830 1712 εἶ
2885 1679 2936 1712 τι
2968 1659 3055 1713 καὶ
3109 1660 3275 1713 πάθοι
3309 1656 3533 1733 (ἐκεῖθεν
3565 1659 3664 1733 γάρ
3695 1657 3787 1713 καὶ

2131 1748 2231 1815 τήν
2259 1752 2359 1815 τῆς
2393 1745 2821 1820 μεγαλοπόλεως
2854 1746 3086 1817 ἤλπιζεν
3146 1744 3399 1819 ἅλωσιν),
3433 1745 3624 1822 ὀλίγον
3651 1749 3789 1802 κατὰ

367 1835 666 1911 ὑπεχώρει.
726 1838 785 1893 Ὀ
847 1836 1030 1909 μέντοι
1084 1859 1143 1913 γε
1197 1838 1322 1893 τότε
1369 1838 1788 1914 πατριαρχεύων
1844 1835 2356 1942 Νικη-ΒΝίκαιαν
2416 1834 2730 1909 διαμείνας,
2795 1838 3045 1910 ὁρμήσας
3096 1836 3289 1892 αὐτίκα
3346 1834 3437 1891 καί
3491 1837 3629 1891 κατὰ
3681 1837 3785 1906 τὴν

420 1923 433 1942 ι
579 1925 590 1937 ο
642 1926 656 1942 ,
710 1926 722 1942 .
779 1927 835 1942 ..π
889 1926 900 1942 .
1366 1927 1378 1942 ,
1659 1928 1673 1942 .
1810 1931 1835 1941 η.
2185 1923 2228 1942 η
2524 1925 2537 1942 ς
2675 1925 2687 1941 ι
3007 1927 3019 1942 ς
3155 1929 3183 1940 ..
3289 1923 3345 1942 ιη
3469 1929 3497 1940 ..
3601 1925 3615 1940 ς

366 1923 533 2000 φόρος
571 1925 598 1978 ὁ
631 1926 722 1979 ἀπ’
779 1926 1028 2001 Ἐφέσου.
1084 1927 1555 2002 συῃροτονόμενος
1617 1928 1712 2000 μὲν
1769 1931 1839 2000 τῇ
1896 1948 2022 1981 συν-

367 2014 498 2088 όδῳ,
557 2013 758 2087 πολλῷ
788 2014 845 2071 δὲ
875 2014 1043 2072 πλέον
1075 2019 1166 2071 καὶ
1222 2021 1291 2092 τῇ
1319 2024 1416 2073 τοῦ
1472 2016 1746 2094 βασιλέως
1775 2015 2017 2087 θελήσει,

368 2103 514 2178 έχων
547 2104 636 2159 καὶ
671 2103 844 2160 πολὺν
878 2105 1209 2181 συναχθέντα
1266 2106 1324 2161 ἐκ
1377 2113 1479 2176 τῆς
1536 2105 1761 2184 Ἐφέσου
1817 2107 2016 2182 χρυσὸν

365 2194 642 2270 ἐφίσταται
717 2198 786 2268 τῇ
864 2195 1081 2267 Νικαίᾳ·
1163 2197 1267 2253 Καὶ
1340 2201 1561 2271 πρῶτοο
1624 2197 1721 2268 μὶν
1770 2195 2019 2271 ἐπειρᾶτο

365 2281 642 2347 ποικίλως
668 2287 776 2338 τῶν
825 2285 1169 2359 σχιζομένων
1227 2284 1527 2361 ἀρχιερέων
1589 2283 1671 2363 ἐφ’
1726 2285 1771 2356 ᾦ
1830 2284 2021 2339 συνέλ-

364 2369 507 2433 θοιέν
552 2369 610 2426 τέ
656 2372 708 2425 οἱ
757 2372 846 2426 καὶ
905 2371 1257 2448 εἰρηνεύοιεν,
1313 2373 1404 2428 καὶ
1463 2371 1640 2435 πολὺς
1696 2375 1763 2441 ἦν
1822 2370 2022 2435 αὐτοὺς

363 2459 763 2534 μετερχόμενος
822 2460 1097 2524 ἀπειλαῖς
1159 2460 1286 2517 ἀλλ’
1347 2463 1449 2517 οὐκ
1505 2460 1703 2531 ἔπειθε,
1754 2459 1922 2517 πλέον
1964 2458 2021 2516 δὲ

359 2549 631 2626 παρέθηγε
698 2551 790 2606 τὸν
854 2549 1022 2620 ζῆλον
1094 2550 1346 2624 ἐκείνοις,
1402 2551 1491 2606 καὶ
1548 2550 1859 2627 κατεγέλων
1909 2554 2016 2605 τῶν

364 2640 713 2712 μηνιμάτων.
769 2646 857 2702 Ὡς
917 2637 964 2695 δ’
1021 2642 1124 2696 οὐκ
1182 2639 1359 2706 ἔπειθε
1415 2643 1589 2697 πάντα
1637 2641 1861 2717 πράξας,
1896 2641 2020 2695 ἀντ·

358 2855 419 2911 id
447 2860 697 2928 cogeret,
727 2857 921 2914 locum
954 2858 1237 2931 accipere,
1275 2858 1613 2931 patriarcha
1641 2859 2016 2915 renuntiatus

361 2948 488 3014 est;
523 2961 696 3017 quem
728 2962 864 3001 cum
897 2962 1132 3003 summo
1162 2947 1385 3004 honore
1417 2948 1737 3020 imperator
1764 2949 2014 3005 Nicazam

362 3032 685 3103 dimittens,
713 3033 841 3106 ipse
870 3035 1260 3106 Lampsacum
1304 3037 1633 3107 contendit,
1661 3038 2015 3107 trajecturus

362 3121 499 3178 inde
521 3122 578 3177 in
603 3123 908 3180 adversam
939 3122 1618 3197 Calliopolim.Collectis
1647 3126 1804 3182 enim
1834 3126 2016 3198 copiis

2129 1923 2309 1994 πύλην
2351 1925 2586 2000 γεγονὼς
2635 1925 2725 1980 τὸν
2777 1927 3059 1999 κονιορτὸν
3116 1929 3223 1979 τῶν
3289 1923 3539 2001 βλαυτῶν
3591 1925 3786 1981 ἀποτι-

2128 2013 2422 2087 ναξάμενος
2479 2015 2553 2078 ὡς
2607 2015 2680 2077 εἷς
2738 2014 3032 2090 μαρτύριον
3089 2013 3249 2080 δῆθεν
3306 2013 3489 2087 ἐξῄει,
3547 2014 3639 2068 καὶ
3694 2011 3785 2069 διὰ

2129 2107 2227 2157 τοῦ
2283 2104 2418 2158 κατὰ
2473 2104 2571 2172 τήν
2632 2102 2984 2160 Ἐλενόπολιν
3034 2106 3132 2173 τῆς
3190 2101 3467 2173 θαλάσσης
3526 2104 3782 2179 πορθμοῦ

2130 2192 2264 2268 πρὸς
2323 2191 2523 2247 ἐκεῖνον
2583 2194 2865 2267 ἠπείγετο,
2929 2194 3042 2266 ἅμα
3101 2193 3197 2265 μὲν
3247 2190 3608 2264 ένασμενίζων
3641 2191 3783 2247 έκεῖ-

2130 2282 2217 2335 θεν
2261 2285 2329 2354 τῇ
2389 2280 2448 2336 έκ
2509 2280 2773 2356 βασιλέως
2822 2281 3159 2357 παραμυθίᾳ,
3211 2280 3322 2355 ἅμα
3353 2278 3410 2335 δὲ
3450 2281 3540 2335 καὶ
3575 2279 3784 2356 μεγάλα
3858 2332 3869 2341 ,

2129 2368 2353 2442 ἤλπιζε,
2409 2369 2883 2445 συγκροτουμένην
2948 2371 3136 2446 μάχην
3209 2367 3429 2446 βλέπων
3487 2371 3629 2426 κατὰ
3684 2376 3782 2440 τῆς

2129 2454 2366 2532 πόλεως,
2398 2461 2473 2523 ὡς
2520 2457 2762 2531 ἀλούσης
2817 2459 3011 2515 αὐτίκα
3064 2466 3164 2530 τῆς
3222 2457 3550 2530 Ἑκκλησίας
3584 2453 3782 2529 ἐπιϐη-

2130 2548 2381 2622 σόμενος,
2414 2546 2755 2624 ἀπαλλαγεὶς
2783 2548 3017 2627 Νικαίας
3063 2548 3154 2604 καὶ
3213 2553 3321 2604 τῶν
3384 2547 3515 2604 ἐκεῖ·
3548 2549 3635 2604 Ἐν
3670 2547 3783 2620 ὅσῳ

2131 2636 2188 2693 δὲ
2212 2640 2311 2708 τήν
2356 2637 2552 2711 μεταξὺ
2583 2638 2803 2711 πορείαν
2838 2635 3074 2709 διήνυεν,
3109 2636 3161 2693 έν
3216 2641 3286 2712 τῇ
3348 2632 3639 2714 Σηλυϐρίᾳ
3691 2636 3784 2693 καὶ

2126 2856 2288 2912 bant.
2314 2856 2516 2928 Itaque
2539 2873 2673 2913 cum
2699 2856 2814 2913 alia
2844 2873 2959 2914 non
2993 2857 3395 2929 procederent,
3424 2857 3495 2913 de
3526 2860 3779 2915 transfe-

2126 2945 2324 3000 rendis
2355 2960 2557 3002 eorum
2580 2945 2840 3002 ecclesiis
2860 2946 2921 3001 in
2944 2946 3091 3003 alios
3123 2945 3377 3019 cogitare
3401 2946 3593 3019 erepit,
3619 2949 3777 3020 quod

2124 3038 2182 3090 et
2203 3038 2403 3106 postea
2425 3034 2938 3107 contigit.1nterim
2962 3034 3109 3092 alios
3132 3035 3242 3093 sibi
3258 3035 3584 3109 adjungere
3596 3041 3785 3094 tenta-

2129 3123 2248 3191 bat,
2282 3124 2431 3178 no
2457 3123 2761 3195 multaque
2779 3129 2905 3180 erat
2925 3123 3387 3196 perturbatio,ac
3406 3140 3685 3197 magnum
3710 3127 3781 3183 de

363 3215 423 3269 in
473 3215 649 3272 Italos
698 3232 815 3272 non
866 3216 1071 3288 paucis
1119 3233 1186 3274 eo
1234 3218 1590 3284 condixerat,
1640 3220 1839 3275 animo
1887 3223 2012 3275 ten-
2047 3233 2089 3301 ρ
2128 3211 2258 3285 ipso
2290 3213 2523 3284 publice
2553 3213 2903 3271 scandalum
2934 3218 3127 3270 ortum
3158 3221 3267 3271 est.
3287 3217 3501 3271 Verum
3530 3214 3624 3269 alii
3656 3215 3776 3271 fere

361 3304 553 3359 tandaa
584 3304 988 3378 occupationis
1018 3307 1172 3364 arcis
1210 3323 1278 3364 ex
1308 3307 1552 3364 adverso
1582 3308 1843 3381 Byzantii
1868 3308 2014 3378 sitae,
2072 3346 2077 3350 ε
2127 3301 2405 3373 praesules
2431 3302 2813 3359 ecclesiarum
2869 3304 2997 3375 ejus
3045 3303 3517 3360 communionem
3548 3301 3771 3375 ample-

362 3389 456 3446 cui
489 3390 695 3449 Galata
725 3409 962 3450 nomen.

364 3543 453 3597 17.
504 3543 569 3600 Ut
614 3543 906 3601 Sardensis
956 3553 1009 3601 et
1056 3545 1551 3618 Thessalonicensis
1600 3547 1849 3618 episcopi
1901 3564 2010 3605 non

518 3618 892 3671 consenserint
921 3618 982 3671 in
1010 3616 1463 3687 subroqationem
1486 3616 1853 3691 patriarchaa.

431 3748 600 3804 Tunc
648 3747 830 3820 igitur
885 3748 1197 3807 Sardensis
1252 3751 1627 3809 Andronicus
1675 3756 1733 3808 et
1781 3752 2012 3809 Manuel

361 3835 901 3893 Thessalonicensis
918 3837 1174 3910 episcopi
1196 3837 1391 3910 palam
1410 3840 1788 3897 declararunt
1812 3857 1873 3897 se
1894 3857 2010 3899 non

362 3925 611 3998 probare
640 3943 769 3999 qua:
802 3927 954 3983 facta
981 3928 1234 3998 fuerant,
1282 3934 1667 4002 praetexentes
1697 3930 1910 4004 zelum,
1942 3949 2010 3988 ac

360 4031 477 4087 prae
507 4030 572 4071 se
603 4015 855 4072 ferentes
887 4017 1267 4074 miseratione
1289 4036 1351 4075 se
1384 4022 1599 4077 moveri
1650 4021 2009 4079 exauctorati

359 4120 475 4160 non
492 4104 656 4175 juste
677 4104 1384 4180 patriarchseﬂalopboro
1408 4126 1643 4183 quoque
1662 4110 2009 4185 Smyrnensi

359 4192 713 4266 displicebat
743 4194 960 4251 factum
999 4213 1012 4252 :
1045 4200 1317 4255 caeterum
1351 4197 1450 4254 ille
1481 4198 1652 4271 alias,
1684 4204 1750 4256 ut
1779 4200 1891 4272 ipsi
1923 4201 2008 4256 vi-

356 4282 874 4351 debatur,idoneas
898 4284 1072 4341 istius
1096 4286 1413 4358 suijudicii
1435 4305 1646 4344 causas
1660 4289 2005 4360 obtendens,

356 4386 497 4426 suas
527 4370 641 4426 sibi
665 4373 982 4444 separatim
1007 4390 1097 4429 res
1123 4375 1349 4446 agebat.
1377 4375 1491 4430 Alii
1530 4377 1647 4432 duo
1688 4379 2007 4436 concordes

354 4458 413 4512 in
435 4457 510 4514 iis
540 4476 668 4530 quas
701 4460 874 4516 retuli
908 4461 1142 4533 publice
1173 4462 1519 4535 allegandis,
1537 4464 1697 4522 aliud
1722 4466 2004 4539 quiddam

353 4545 506 4602 clam
529 4548 896 4620 coquebant:
922 4566 1057 4605 nam
1081 4566 1149 4606 ea
1170 4550 1299 4623 ipsa
1323 4567 1571 4623 quorum
1598 4555 2005 4627 desperatione

351 4636 828 4709 corrigendorun
887 4638 1172 4695 Arsenius
1232 4646 1572 4711 recesserat,
1629 4643 2003 4716 impalienter

350 4725 501 4782 ferre
532 4726 914 4798 putabantur.
937 4730 1010 4783 At
1040 4746 1224 4786 novus
1255 4747 1324 4786 ox
1355 4731 1567 4804 Ephesi
1600 4734 1873 4807 episcopo
1898 4753 2002 4808 pa-

348 4814 604 4873 triarcha
657 4816 1044 4890 Nicephorus,
1087 4818 1315 4889 judicio
1371 4822 1579 4893 synodi
1625 4839 1752 4895 qua:
1800 4823 1999 4896 ipsum

349 4902 623 4976 elegerat,
648 4910 707 4962 et
727 4906 915 4963 multo
940 4907 1127 4981 magis
1148 4908 1520 4982 imperatoris
1551 4911 1851 4969 voluntate
1883 4914 2000 4969 fre-

349 4997 467 5063 tus,
525 5010 667 5051 auro
715 4995 893 5052 etiam
952 4996 1262 5054 abundans
1323 4999 1494 5071 cujus
1549 5000 1667 5057 vim
1721 5017 1998 5075 magnam

345 5081 573 5153 Epheso
602 5083 906 5156 extulerat,
938 5085 1192 5142 Nicaeam
1225 5089 1527 5160 pervenit;
1561 5089 1762 5163 ibique
1808 5092 1998 5149 multa

342 5169 500 5226 varie
542 5175 790 5230 conatus
822 5174 893 5229 ad
925 5182 1281 5233 revocandos
1312 5176 1371 5233 in
1403 5179 1779 5236 concordiam
1813 5181 1993 5237 dissi-

341 5259 547 5317 dentes
577 5260 905 5334 episcopos,
924 5264 994 5319 ad
1019 5269 1345 5322 extremum
1378 5267 1650 5324 incubuit
1680 5268 1739 5324 in
1772 5270 1991 5338 minas,

339 5346 620 5403 deterreri
653 5364 753 5404 eos
782 5366 956 5422 posse
973 5352 1420 5412 denuntiatione
1441 5355 1731 5414 malorum
1758 5375 1995 5432 magno-

337 5450 472 5506 pere
530 5453 796 5509 speran.
850 5438 961 5496 Sed
1012 5440 1234 5499 frustra
1280 5443 1338 5498 in
1388 5445 1500 5501 hoc
1540 5446 1780 5519 quidem
1833 5448 1989 5505 fuit:

338 5524 561 5597 quippe
614 5527 699 5583 ira
747 5526 983 5583 illorum
1037 5530 1121 5585 sic
1171 5531 1360 5604 magis
1407 5533 1661 5603 irritata,
1697 5537 1992 5593 obfirmati

338 5612 532 5670 acrius
565 5615 622 5670 in
656 5616 976 5688 proposito,
1010 5618 1188 5674 etiam
1221 5620 1496 5679 adversus
1545 5641 1691 5695 quas
1741 5625 1851 5682 iste
1902 5627 1992 5682 in-

336 5701 600 5759 tentabat
630 5721 832 5777 poenas
854 5721 916 5762 se
939 5705 1062 5762 risu
1094 5711 1549 5782 contemptuque
1571 5728 1808 5770 securos
1840 5715 1989 5771 fero-

2124 3390 2453 3458 ctebantur,
2478 3392 2581 3447 sed
2609 3392 2823 3464 partim
2844 3392 3105 3449 volentes
3128 3393 3343 3465 partim
3366 3392 3772 3465 inviti,paucis

2124 3496 2192 3535 ex
2241 3479 2425 3536 animi
2467 3480 2762 3537 sententia
2792 3481 2850 3537 in
2882 3481 3012 3554 ejus
3070 3486 3267 3554 partes
3323 3482 3778 3551 inclinantibus,

2122 3569 2390 3641 Cumque
2419 3570 2514 3626 isti
2547 3586 2760 3626 arcano
2775 3570 3194 3627 dissentientes
3215 3571 3444 3628 occulta
3461 3572 3783 3629 suastudia

2123 3674 2239 3713 non
2290 3657 2460 3729 plane
2519 3658 2988 3731 dissimularent,
3021 3660 3216 3732 palam
3275 3659 3633 3718 dissidentes
3677 3678 3778 3719 eos

2123 3762 2270 3818 quos
2301 3746 2416 3803 dixi
2448 3747 2890 3805 observataista
2909 3749 3210 3805 fautorum
3230 3748 3543 3822 Nicephori
3566 3750 3786 3807 tituba-

2120 3835 2203 3891 tio
2248 3836 2306 3891 in
2356 3840 2555 3909 empta
2605 3837 2973 3894 discissionis
3024 3837 3349 3911 pertinacia
3378 3838 3677 3896 ﬁrmabat.
3708 3842 3783 3896 At

2119 3924 2333 3981 laicum
2362 3925 2574 3998 vulgus
2598 3927 2977 3983 vehementer
3024 3927 3375 3984 abhorrebat
3405 3943 3439 3983 a
3468 3944 3618 3984 novo
3672 3945 3776 4001 pa-

2120 4019 2295 4083 store,
2317 4018 2692 4087 veteremque
2715 4020 2779 4071 ut
2799 4015 3131 4088 legitimum
3155 4015 3510 4088 requirebat.
3535 4016 3629 4073 Sic
3650 4021 3777 4074 tur-

2120 4103 2274 4160 butis
2305 4104 2504 4176 rebus,
2526 4104 2891 4177 Nicephorus
2922 4106 3168 4162 audiens
3201 4105 3616 4179 imperatorem
3648 4123 3783 4163 ma-

2118 4210 2232 4265 gno
2262 4192 2402 4250 belli
2435 4203 2716 4267 apparatu
2750 4196 3061 4253 imminere
3092 4195 3330 4267 Galatae,
3357 4200 3586 4252 certum
3633 4212 3779 4269 quo-

2115 4287 2206 4344 vis
2226 4287 2482 4360 periculo
2513 4289 2642 4360 ejus
2673 4289 2927 4361 praesidii
2952 4288 3150 4362 potiri,
3172 4304 3531 4362 sperareque
3562 4304 3624 4346 se
3654 4305 3770 4346 non

2117 4376 2311 4434 solum
2333 4379 2461 4449 ejus
2482 4378 2596 4436 voti
2621 4384 2949 4451 compotem
2973 4381 3260 4450 futurum,
3286 4380 3387 4436 sed
3412 4381 3610 4452 ipsum
3634 4395 3780 4451 quo-

2117 4482 2231 4539 que
2281 4482 2559 4540 magnam
2610 4469 2815 4526 urbem
2862 4473 3139 4541 praeterea
3187 4472 3522 4541 capturum,
3555 4485 3771 4541 parum

2114 4554 2313 4611 Nicaeae
2346 4561 2611 4614 moratus
2642 4557 2915 4614 discessit
2945 4558 3100 4630 inde,
3144 4561 3202 4615 et
3244 4558 3317 4614 ad
3363 4560 3593 4631 portam
3624 4556 3768 4614 civi-

2113 4645 2250 4701 tatis
2296 4661 2543 4703 excusso
2597 4645 2893 4703 solearum
2952 4646 3211 4718 pulvere,
3245 4647 3305 4701 in
3358 4645 3771 4703 testimonium

2112 4734 2355 4803 scilicet,
2404 4735 2598 4791 exivit.
2634 4735 2884 4808 Moxque
2931 4750 3035 4806 per
3083 4736 3297 4791 fretum
3347 4733 3773 4806 Helenopoleos

2111 4825 2183 4880 ad
2208 4823 2404 4896 ipsum
2438 4825 2750 4891 ferebatur,
2778 4823 2959 4881 simul
3016 4826 3404 4882 recreandum
3425 4841 3487 4881 se
3519 4825 3598 4880 ibi
3631 4840 3770 4897 spe-

2110 4930 2249 4970 rans
2262 4914 2536 4986 praesenti
2553 4913 3342 4986 consolationeimperatoris
3364 4914 3481 4987 ipsi
3503 4913 3769 4987 prOpitii,

2108 5002 2287 5058 simul
2319 5002 2584 5075 amplum
2607 5002 2722 5059 sibi
2751 5006 2810 5059 et
2830 5003 2903 5059 ad
2928 5002 3185 5060 rationes
3217 5006 3455 5060 caeteras
3486 5006 3770 5076 opportu-

2109 5108 2250 5148 num
2284 5096 2449 5148 ratus
2481 5093 2685 5149 adesse
2715 5090 2833 5148 illic
2875 5107 2940 5148 se
2990 5096 3363 5165 prazsentem,
3396 5108 3533 5149 cum
3565 5091 3770 5148 civitas

2107 5181 2286 5252 regia,
2312 5181 2467 5252 quod
2487 5181 2648 5237 brevi
2672 5181 2933 5237 futurum
2952 5181 3377 5253 augurabatur,
3399 5180 3768 5254 oppugnanti

2106 5285 2261 5324 nunc
2289 5285 2418 5326 eam
2452 5268 2795 5342 imperatori
2823 5269 3210 5326 redderetur:
3235 5269 3323 5327 sic
3353 5270 3509 5327 enim
3545 5271 3667 5326 fore
3699 5272 3768 5326 ut

2103 5358 2229 5430 ipse
2260 5357 2463 5414 statim
2493 5357 2554 5414 in
2586 5357 2748 5414 illam
2778 5357 3084 5431 ingressus
3114 5374 3312 5416 veram
3346 5356 3763 5431 patriarchalis

2102 5446 2192 5503 sui
2242 5446 2440 5502 throni
2493 5446 2722 5519 primus
2783 5445 3221 5519 possessionem
3255 5446 3453 5516 iniret,
3481 5446 3672 5503 Nicaea
3702 5451 3764 5505 et

2104 5536 2335 5592 infensa
2365 5535 2483 5591 illic
2514 5535 2628 5592 sibi
2658 5536 2827 5608 plebe
2852 5534 3048 5592 valere
3076 5535 3358 5610 deinceps
3379 5539 3575 5610 jussa.
3612 5537 3765 5594 Dum

2102 5629 2299 5681 autem
2332 5623 2429 5680 ille
2460 5625 2518 5680 in
2552 5640 2618 5681 eo
2651 5624 2863 5681 itinere
2894 5629 3003 5692 est,
3028 5624 3308 5698 Selybriae
3339 5626 3533 5682 adhuc
3562 5627 3767 5700 Augu-

2101 5719 2229 5771 stus
2252 5713 2857 5786 morabatur,quando
2877 5717 2934 5770 et
2952 5714 3303 5772 Sardensem
3321 5714 3539 5772 ibidem
3556 5715 3769 5774 adesse
