4090 6398
326 376 433 430 557

1401 384 1498 435 DE
1536 379 1910 435 MICHAELE
1948 378 2393 436 PALEOLOGO
2429 381 2562 435 LIB.
2606 385 2678 435 ll.

3642 390 3753 443 558

326 500 505 570 ἔτιῆν
558 503 585 555 6
643 508 878 578 κρατῶν,
938 502 1026 559 ὅτε
1086 499 1278 574 συνέϐη
1338 505 1428 558 καὶ
1486 501 1829 578 Ἀνδρόνικον
1888 505 2061 579 τὸνΑ
2095 500 2142 556 δ’
2173 502 2325 579 ἀφεὶς
2358 503 2663 579 παραυτίκα
2691 503 2968 580 ἐξέρχεται
2998 510 3096 561 τοῦ
3154 509 3277 581 νεὼ,
3338 509 3412 572 ὡς
3474 512 3503 565 6'
3557 534 3607 567 τι
3668 514 3755 577 06-

326 588 580 663 Σάρδεων
640 590 811 646 ἐκεῖσε
885 598 1154 667 παρεῖναι.
1216 601 1371 647 Δτοιν
1438 594 1541 667 γὰρ
1605 592 1980 667 σχιζομένοιν,

322 680 490 734 αὐτοῦ
547 701 604 734 τε
660 681 749 735 καὶ
798 686 896 736 τοῦ
955 683 1350 754 Θεσσαλονίκης
1409 681 1718 755 Μανουὴλ,
1780 682 1983 744 ἐκεῖνος

325 771 424 842 μὲν
457 770 643 824 ἑαυτὸν
678 771 759 831 εἷς
790 768 1000 845 ἐξορίαν
1033 769 1213 826 ἐδίδου
1234 772 1323 826 καὶ
1355 771 1660 847 ἐξωρίζετο.

324 882 418 947 ιη’.
454 878 641 938 Ὅπως
677 879 703 931 6
753 877 1008 954 Σάρδεων
1049 880 1184 954 κατά
1216 881 1315 948 τὴν
1369 875 1683 954 Σηλυ6ρ⁷αν
1738 880 1984 954 μοναχὸς

988 952 1329 1026 ἀπεκείρατο.

393 1039 449 1091 Ὀ
482 1035 539 1092 δὲ
573 1035 823 1111 Σάρδεων
850 1039 1017 1116 σοφόν
1048 1061 1099 1093 τι
1121 1040 1374 1112 οἰόμενος
1406 1038 1682 1115 πράττειν,
1719 1039 1763 1093 εἶ
1795 1041 1869 1112 μὴ
1904 1043 1985 1111 τῷ

322 1126 543 1201 βασιλεῖ
589 1125 922 1202 διαμάχοιτο
980 1131 1077 1183 τοῦ
1123 1129 1624 1205 πατριαρχεύοντος
1680 1128 1981 1206 ἀφιστάμε-

316 1238 428 1283 νος,
477 1211 618 1289 ἔγνω
652 1214 722 1270 δι’
756 1217 934 1287 ἄλλης
961 1215 1089 1273 ὁδοῦ
1123 1218 1375 1282 ὑπελθεῖν
1408 1220 1498 1273 τὸν
1529 1222 1847 1293 κρατοῦντα.
1885 1216 1981 1271 Καὶ

318 1304 412 1373 δή,
445 1304 561 1359 ἐπεὶ
617 1307 644 1359 6
695 1306 787 1378 μὲν
851 1305 1255 1385 Φιλαδελφείας
1315 1308 1644 1368 Ἰωαννίκιος
1690 1306 1827 1361 κατά
1881 1307 1979 1375 τὴν

320 1395 496 1467 μονὴν
523 1398 624 1448 τοῦ
658 1399 917 1471 Σωτῆρος
951 1398 1227 1472 ἱερούργει
1278 1401 1377 1451 τοῦ
1428 1394 1699 1469 βασιλέως
1748 1415 1978 1470 προτρε-

317 1484 588 1555 ψαμένου,
653 1484 681 1537 6
745 1483 801 1538 δὲ
865 1483 1119 1560 βασιλεὺς
1152 1493 1330 1561 παρῆν
1362 1486 1450 1539 καὶ
1497 1486 1524 1539 6
1558 1482 1807 1556 Σάρδεων
1837 1506 1979 1556 συμ-

314 1575 534 1645 παρῆν,
590 1572 913 1643 προσελθὼν
974 1576 1136 1637 αὐτὸς
1196 1581 1275 1647 τῷ
1336 1573 1553 1649 βασιλεῖ
1599 1573 1723 1647 περὶ
1784 1573 1978 1627 ἐαυτοῦ

317 1660 729 1733 ὑπεμίμνησκεν
812 1663 888 1725 ὡς
946 1666 1012 1718 τά
1078 1668 1184 1718 τῶν
1240 1668 1496 1738 μοναχῶν
1556 1661 1979 1735 ἀναληψόμενος

314 1752 435 1807 ταῖς
490 1752 590 1801 τοῦ
650 1747 1055 1823 Φιλαδελφείας
1115 1752 1271 1827 χερσί
1310 1798 1320 1809 .
1381 1752 1479 1805 Καὶ
1541 1751 1598 1811 ὅς
1666 1748 1814 1824 (οὐδὲ
1871 1751 1975 1825 γὰρ

310 1835 499 1910 ἠγνόει
549 1838 610 1891 τὸ
659 1844 760 1905 τῆς
808 1841 1035 1914 γνώμης
1086 1844 1183 1894 τοῦ
1243 1839 1501 1914 λεγοντος
1549 1838 1789 1895 ὕπουλον
1822 1883 1839 1910 ,
1900 1840 1972 1899 ὡς

309 1923 527 1994 ἓξοντός
586 1947 760 1995 ποτε,
820 1928 865 1982 εἰ
900 1931 1108 2004 αἱροῖτο
1142 1977 1157 2001 ,
1218 1929 1485 2005 πρόφασιν
1543 1931 1643 1998 τήν
1701 1932 1798 1982 τοῦ
1857 1927 1978 1985 ἄνα-

309 2036 441 2076 κτος
501 2017 798 2091 παρουσίαν
836 2061 848 2085 ,
920 2019 994 2080 ὡς
1060 2019 1151 2092 βίᾳ
1206 2019 1273 2093 τῇ
1328 2019 1527 2073 ἐκεῖθεν
1587 2013 1854 2079 λαϐόντος
1912 2017 1974 2071 τὸ

308 2109 527 2177 σχῆμα·
593 2102 733 2176 μηδὲ
789 2105 889 2180 γάρ
949 2101 1124 2161 Θέλειν
1189 2106 1247 2161 ἐκ
1304 2108 1717 2182 προαιρέσεως),
1764 2105 1963 2159 ἐκεῖνον

311 2194 411 2265 μὶν
499 2193 588 2247 καὶ
674 2193 724 2247 τί
791 2194 977 2258 παθὼν
1067 2193 1313 2269 διηρώτα
1391 2194 1965 2270 μετασχηματίζεσθαι

313 2279 602 2355 βούλοιτο,
652 2282 741 2337 καὶ
774 2282 851 2345 είς
877 2284 930 2339 τί
985 2284 1202 2358 βλέπων
1243 2286 1334 2340 τὸν
1367 2287 1600 2361 ἡσύχιον
1634 2284 1722 2339 καὶ
1757 2284 1966 2357 ἀπράγ-

307 2390 451 2442 μονα
511 2371 631 2446 βίον
690 2373 923 2445 αἱροῖτο*
987 2371 1143 2444 Πλὴν
1200 2372 1398 2442 οὐδεὶς,
1456 2374 1667 2449 ἔλεγεν,
1713 2374 1739 2426 6
1789 2371 1966 2427 κωλύ-

306 2479 437 2529 σων,
500 2459 546 2514 εἰ
604 2458 748 2515 οὕτω
811 2461 1089 2537 βούλεται.
1149 2463 1387 2519 Ἐκείνου
1429 2460 1486 2517 δὲ
1512 2463 1607 2524 τὰς
1638 2461 1810 2523 αἰτίας
1842 2482 1965 2514 συν-

306 2548 552 2623 είροντος
586 2552 666 2623 [Ρ.
701 2553 791 2624 78]
844 2552 932 2605 καὶ
981 2553 1082 2621 τήν
1133 2557 1228 2606 τοῦ
1270 2553 1675 2625 ὑπονοουμὲνου
1735 2547 1963 2605 σκανδά-

306 2636 412 2692 λου
446 2634 600 2710 δόξαν
636 2635 725 2693 διὰ
754 2638 985 2695 πολλῶν
1036 2640 1405 2717 ἀναιροῦντος,
1452 2643 1479 2695 6
1532 2638 1788 2716 βασιλεὺς
1844 2635 1965 2691 δια-

306 2726 506 2800 κόψας,
559 2725 675 2782 ἐπεὶ
723 2729 811 2783 καὶ
859 2730 926 2783 τὰ
980 2736 1081 2798 τῆς
1136 2730 1477 2805 λειτουργίας
1526 2729 1749 2800 ἤνυστο,
1800 2747 1967 2800 προσ-

304 2815 531 2891 έρχεται
611 2818 707 2890 μὲν
780 2823 857 2890 τῷ
937 2818 1390 2895 λειτουργήσαντι
1448 2819 1536 2874 καὶ
1599 2816 1963 2893 σφραγίζεται,

306 2902 500 2959 λαϐὼν
534 2906 608 2968 εἰς
643 2908 906 2982 άγιασμὸν
939 2909 1027 2963 καὶ
1084 2907 1176 2961 τὼ
1230 2910 1373 2984 ἱερὸν
1433 2906 1673 2982 κλάσμα,
1732 2904 1966 2965 ἐκείνους

307 3123 573 3193 contigit.
604 3123 749 3181 Nam
775 3125 1024 3180 duorum
1052 3125 1391 3181 sehismatis
1416 3130 1721 3181 auctorum
1749 3123 1968 3179 Andro-

306 3215 425 3270 nici
469 3214 778 3270 Sardensis
834 3220 891 3271 et
934 3216 1475 3273 Thessalonicensis
1524 3214 1834 3281 Manuelis,
1870 3213 1966 3268 hic
1997 3257 2040 3324 Ο

304 3305 548 3378 quidem
582 3304 735 3360 ultro
766 3304 1039 3361 exsilium
1072 3306 1185 3361 sibi
1219 3307 1592 3363 consciscens
1622 3310 1784 3360 extra
1814 3304 1963 3359 120

304 3397 459 3450 ﬁnes
492 3402 828 3450 recesserat.

314 3503 403 3556 18.
436 3502 499 3558 Ut
527 3501 827 3557 Sardensis
872 3504 1019 3575 apud
1062 3504 1365 3560 Selebriam
1396 3506 1459 3560 in
1510 3504 1841 3560 monachum
1889 3503 1966 3557 sit

1002 3576 1279 3632 detonsus.

389 3662 706 3718 Sardensis
735 3678 871 3718 vero
902 3664 1199 3735 sapienter
1247 3682 1309 3720 se
1350 3665 1642 3721 facturum
1693 3669 1878 3734 ratus,
1913 3662 1962 3718 si

314 3768 435 3807 non
487 3752 685 3823 palam
745 3758 1102 3824 repugnaret
1158 3754 1522 3827 imperatori,
1568 3752 1961 3825 patriarcham

313 3855 489 3911 quem
521 3838 617 3895 ille
645 3840 919 3911 probaret
948 3841 1243 3911 rejiciens,
1280 3842 1453 3898 aliam
1489 3842 1807 3898 ineundam
1850 3838 1963 3895 sibi

309 3928 604 3983 rationem
647 3928 814 3983 duxit
847 3929 1190 3985 insinuandi
1212 3947 1340 3987 sese
1362 3936 1420 3987 et
1442 3930 1652 3987 callida
1670 3930 1866 4001 ipsum
1885 3926 1965 3983 si-

315 4016 640 4073 mulatione
663 4016 1276 4090 fallendthaquecum
1299 4019 1965 4091 Joanniciusepiscopus

314 4106 735 4178 Philadelphia:
768 4112 973 4179 rogatu
1008 4108 1380 4181 imperatoris
1412 4114 1467 4166 et
1507 4110 1635 4182 ipso
1684 4112 1967 4180 praesente

313 4195 471 4267 apud
506 4196 932 4251 monasterium
965 4196 1283 4256 Salvatoris
1317 4215 1547 4254 sacrum
1581 4199 1814 4266 faceret,
1838 4197 1966 4253 Sar-

310 4282 536 4351 densis,
554 4285 655 4355 qui
675 4289 731 4339 et
752 4284 879 4356 ipse
902 4286 1124 4355 aderat,
1150 4288 1433 4343 accedens
1457 4287 1527 4342 ad
1554 4287 1965 4359 imperatorem

310 4372 597 4429 indicavit
630 4371 743 4444 ipsi
775 4389 905 4429 esse
939 4374 1054 4430 sibi
1089 4374 1147 4431 in
1183 4376 1379 4432 animo
1412 4392 1645 4433 sacrum
1691 4373 1967 4431 monachi

312 4460 583 4515 habitum
611 4459 941 4517 ibisumere
974 4462 1252 4518 manibus
1295 4462 1849 4535 Philadelphiensis.
1876 4462 1964 4516 Ad

315 4565 446 4619 quae
484 4547 805 4620 imperator
846 4567 960 4605 non
1014 4551 1256 4622 ignarus
1287 4556 1484 4607 astuta
1516 4552 1571 4606 id
1623 4551 1738 4606 diei
1770 4554 1827 4607 et
1869 4550 1962 4621 agi

2092 592 2239 647 λοιεν
2294 591 2529 656 ἀπόντος
2589 593 2794 648 ἐκείνου
2850 594 3188 670 πράξοντας.
3243 599 3303 655 Ὀ
3360 596 3416 653 δὲ
3459 600 3549 654 καὶ
3608 600 3752 657 οὕτω

2091 681 2457 756 προσέρχεται
2486 682 2576 736 καὶ
2632 683 2695 737 τὸ
2729 688 2923 758 σχῆμα
2977 682 3218 759 δέχεται,
3280 688 3601 752 Ἀθανάσιος
3632 688 3747 745 ἀντ’

2092 766 2440 843 Ἀνδρονίκου
2472 772 2817 844 ὀνομασθείς.

2093 876 2173 928 ιϐ’.
2233 874 2423 936 Ὀπῶς
2478 873 2684 931 πολλοὶ
2741 880 2850 959 τῶν
2905 877 3378 949 ἐκκλησιαστικῶν
3434 880 3503 937 δι’
3559 882 3751 959 ὀλίγου

2746 951 3092 1020 θνήσκουσιν.

2160 1037 2464 1108 Θαυμάσειε
2520 1033 2565 1089 δ’
2616 1036 2675 1091 ἅν
2724 1058 2806 1099 τις
2853 1039 2941 1093 καὶ
2990 1042 3089 1109 τὴν
3124 1038 3283 1113 δίκην
3312 1042 3455 1099 τότε·
3493 1041 3621 1099 οὐδὲ
3648 1044 3748 1120 γὰρ

2089 1122 2139 1193 ἐξ
2198 1123 2513 1197 αὐτομάτου
2560 1124 2803 1199 γενέσθαι
2869 1129 2959 1183 τὸν
3034 1131 3209 1185 τόσων
3281 1130 3749 1203 ἐκκλησιαστικῶν

2087 1212 2369 1286 ἀρχόντων
2459 1214 2820 1270 ὑποτοπάσειε
2913 1216 3179 1273 θάνατον⁹
3265 1222 3561 1291 θνήσκουσι
3643 1222 3745 1297 γὰρ

2086 1299 2244 1375 ἐγγὺς
2303 1306 2409 1355 τῶν
2471 1300 2597 1357 δέκα
2656 1304 2804 1358 ἐννὲα
2839 1310 3023 1377 μηνῶν
3070 1306 3255 1381 ἄνδρες
3288 1306 3432 1363 πολὺ
3459 1309 3521 1364 τὸ
3548 1311 3746 1383 σεμνὸν

2084 1395 2175 1447 καὶ
2231 1394 2551 1468 ἀξιοπρεπὶς
2606 1393 2851 1469 ἔχοντες.
2915 1400 3028 1473 Ἐφ’
3089 1401 3171 1461 οἷς
3232 1396 3411 1474 ἔλεγεν
3469 1402 3497 1455 6
3545 1398 3746 1476 τοῦναρ

2088 1478 2217 1535 ἰδὼν
2250 1482 2516 1557 πρότερον
2547 1485 2580 1552 ἢ
2616 1486 2792 1539 Θανεῖν
2828 1485 2967 1540 ἐκείν
3013 1489 3092 1548 υς⁹
3126 1515 3188 1535 =
3240 1489 3268 1542 6
3319 1490 3520 1551 Βὲκκος
3571 1486 3618 1543 δ’
3668 1491 3740 1559 ἦν

2086 1571 2241 1632 οὗτος
2297 1571 2571 1642 Ἰωάννης,
2634 1571 2692 1635 ὅς
2735 1573 3020 1648 ἐσύστερον
3077 1577 3167 1630 καὶ
3221 1576 3355 1649 μετὰ
3397 1578 3491 1631 τὸν
3540 1597 3746 1652 χαρτο-

2086 1658 2301 1733 φύλακα
2374 1662 2816 1737 πατριαρχεύσας
2892 1662 3085 1719 πολλά
3156 1665 3391 1721 πέπονϐε
3447 1665 3513 1720 τά
3570 1664 3741 1738 δεινὰ,

2084 1750 2160 1811 ὡς
2192 1750 2218 1803 ὁ
2272 1748 2442 1824 λόγος
2481 1752 2618 1805 κατὰ
2672 1752 2765 1805 τὸν
2820 1752 3011 1827 καιρὸν
3067 1751 3199 1826 ἐρεῖ.
3232 1787 3301 1795 -
3329 1753 3407 1811 Τὸ
3448 1759 3578 1829 γοῦν
3612 1752 3742 1827 ὅναρ

2085 1837 2287 1899 ἐκεῖνος
2345 1836 2474 1893 ἰδὼν
2535 1839 2857 1916 ἐξήγγελλεν
2919 1841 3113 1903 οὕτως.
3177 1840 3367 1913 Ἔδοξε
3394 1845 3495 1919 γὰρ
3528 1842 3741 1919 ἐπ’ἀγ-

2086 1924 2363 2000 χωμάλου
2411 1925 2603 1982 πεδίου
2678 1926 3069 2004 διερχομένους
3131 1930 3406 2006 ἐφίππους
3461 1931 3589 1995 τοὺς
3645 1933 3744 2006 ἄρ-

2088 2033 2313 2087 χοντας,
2346 2013 2563 2083 πολλὴν
2599 2012 2918 2087 ἐξηνυκότας
2971 2014 3119 2087 ὁδὸν,
3175 2018 3311 2073 κατὰ
3378 2017 3575 2092 χεῖλος
3608 2024 3739 2088 στῆ-

2076 2124 2161 2157 ναι
2223 2102 2477 2177 μεγίστου
2534 2103 2624 2158 καὶ
2683 2099 2924 2181 φοϐεροῦ
2980 2111 3238 2180 ποταμοῦ
3286 2106 3735 2183 παραρρέοντος,

2078 2191 2329 2267 ἄρξασθαι
2400 2191 2446 2246 δ’
2522 2194 2758 2256 ἐκείνους
2834 2196 2972 2249 κατά
3043 2196 3142 2265 τήν
3193 2194 3338 2268 τάξιν
3398 2199 3494 2250 τοῦ
3554 2197 3735 2273 σφίσιν

2076 2276 2500 2355 ἀποϐησομὲνου
2566 2282 2799 2336 θανάτου
2875 2287 3041 2359 περᾷν
3122 2288 3339 2357 πρῶτον
3411 2281 3569 2339 τόνδε
3644 2286 3735 2338 καὶ

2078 2366 2324 2442 δεύτερον
2383 2367 2541 2426 τόνδε
2580 2372 2669 2425 καὶ
2710 2370 2900 2449 ἐφεξῆς
2956 2371 3084 2434 τοὺς
3133 2371 3384 2446 λοιπούς,
3445 2371 3573 2427 οὐδὲ
3625 2374 3724 2447 γάρ

2076 2456 2272 2513 σύνδυο
2313 2460 2403 2513 καὶ
2463 2460 2708 2535 σύντρεις
2766 2459 3139 2533 ἐπεραιοῦντο,
3200 2458 3330 2516 ἀλλ’
3387 2463 3464 2524 εἷς
3503 2458 3729 2522 ἕκαστος

2074 2548 2191 2601 καθ’
2219 2547 2398 2604 αὐτόν.
2446 2549 2535 2610 Ὡς
2583 2553 2714 2623 γοῦν
2750 2549 2778 2603 6
2832 2548 3052 2624 βλὲπων
3112 2548 3398 2622 ἱστάμενος
3446 2550 3536 2605 καὶ
3593 2552 3729 2605 θεω-

2076 2640 2183 2709 ρῶν
2268 2635 2647 2707 ἐξεπλήττετο,
2736 2636 3029 2715 ἔμφροντις
3098 2637 3171 2692 ὢν
3250 2638 3502 2701 κάκεῖνος
3577 2639 3728 2701 ὅπως

2075 2728 2531 2799 περαιωθήσεται,
2611 2725 2796 2780 ἀκούει
2874 2733 3058 2804 φωνῆς
3133 2723 3356 2782 ἔκποθεν
3417 2725 3730 2801 διικνουμέ-

2074 2835 2195 2883 νης·
2262 2839 2281 2865 ι
2339 2815 2405 2871 Τί
2464 2814 2765 2892 φροντίζεις
2798 2832 2814 2883 ;
2875 2814 2937 2869 οὐ
2970 2814 3032 2869 σὺ
3059 2820 3147 2869 νῦν
3178 2812 3405 2890 διεϐήσῃ
3443 2816 3538 2871 τὸν
3566 2837 3735 2871 ποτα-

2080 2903 2200 2975 μὸν·
2259 2906 2379 2960 Ἕνι
2428 2904 2529 2979 γὰρ
2577 2905 2764 2977 καιρὸς
2807 2904 2927 2957 καθ’
2968 2902 3025 2958 ὅν
3075 2905 3164 2959 καὶ
3214 2904 3373 2967 αὐτὸς
3414 2903 3463 2978 ἐξ
3499 2905 3732 2982 ἀνάγκης

2081 3120 2439 3191 abrumpens
2471 3120 2808 3192 imperator,
2842 3120 2943 3176 ubi
2975 3120 3160 3178 missa
3184 3126 3422 3194 peracta
3473 3126 3582 3191 est,
3636 3140 3731 3179 ac-

2080 3208 2255 3265 cessit
2286 3210 2355 3264 ad
2380 3209 2798 3277 celebrantem,
2825 3213 2881 3266 et
2901 3227 3031 3267 sese
3048 3227 3219 3267 cruce
3244 3211 3487 3283 signans
3502 3229 3728 3269 sacram

2080 3297 2431 3369 particulam
2459 3299 2568 3355 rite
2598 3299 2877 3371 sumpsit,
2911 3315 3160 3370 moxque
3192 3300 3412 3372 templo
3443 3302 3728 3357 excedens

2073 3387 2235 3459 ipsos
2260 3387 2499 3460 reliquit
2530 3390 2877 3456 facturos,se
2907 3389 3148 3446 absente
3169 3390 3457 3461 quidquid
3490 3389 3728 3446 vellent.

2075 3477 2366 3533 Processit
2399 3477 2785 3533 nihilominus
2816 3477 3125 3534 Sardensis
3158 3479 3229 3534 ad
3261 3478 3649 3548 destinatum,
3671 3483 3729 3535 et

2074 3566 2345 3623 monachi
2360 3566 2628 3623 habitum
2644 3566 3000 3639 sumpsit,ex
3021 3568 3353 3624 Andronico
3366 3568 3729 3625 Athanasius

2073 3659 2338 3711 vocatus.

2074 3762 2163 3816 49.
2211 3762 2275 3818 Ut
2328 3763 2493 3818 mulli
2539 3763 3036 3891 ecclesiasticoi'urn
3093 3766 3244 3821 brevi
3300 3770 3541 3839 tempore
3597 3765 3729 3822 sint.

2791 3852 2909 3891 mor
2936 3854 3019 3891 ιιι.

2791 3852 2995 3892 mortui
3006 3878 3019 3891 .

2148 3922 2295 3978 I21
2328 3921 2567 3978 Miretur
2591 3928 2787 3990 autem
2809 3924 3107 3997 quispiam
3132 3929 3273 3981 tunc
3297 3929 3604 3982 ostensum
3627 3926 3732 3983 Dei

2067 4011 2383 4081 judicium.
2416 4010 2541 4066 Non
2564 4011 2718 4066 enim
2745 4029 2883 4068 casu
2903 4013 3218 4085 contigisse
3239 4017 3327 4069 tot
3347 4014 3526 4069 simul
3544 4014 3731 4070 eccle-

2076 4099 2448 4157 siasticorum
2464 4099 2798 4173 principum
2813 4102 3010 4158 obitus
3026 4119 3051 4157 s
3063 4102 3317 4174 uspieari
3330 4102 3734 4159 verisimiliter

2075 4190 2227 4246 licet.
2262 4190 2478 4246 Mortui
2506 4189 2725 4262 quippe
2759 4195 2899 4246 sunt
2929 4191 3121 4263 spatio
3155 4191 3273 4247 fere
3322 4192 3729 4249 novemdecim

2076 4280 2372 4335 mensium
2403 4280 2512 4335 viri
2546 4280 2895 4336 auctoritate
2917 4280 3321 4353 dignitateque
3337 4297 3571 4337 summa
3595 4297 3732 4338 con-

2078 4368 2289 4440 spicui,
2314 4384 2564 4440 quorum
2590 4368 2787 4425 obitus
2810 4369 3154 4441 prmdixerat
3177 4369 3274 4441 qui
3294 4370 3365 4426 de
3386 4369 3459 4425 iis
3481 4386 3731 4442 pramo-

2077 4458 2238 4515 nitus
2270 4475 2372 4531 per
2401 4458 2697 4514 somnium
2722 4458 2929 4516 fuerat.
2963 4463 3098 4514 Erat
3120 4459 3169 4514 is
3198 4458 3457 4515 Joannes
3488 4459 3729 4527 Veceus,

2076 4547 2174 4618 qui
2209 4552 2434 4619 postea,
2458 4552 2775 4620 postquam
2795 4547 3219 4621 ehartophylax
3244 4548 3454 4616 fuerat,
3480 4547 3735 4622 patriar-

314 4637 560 4705 ratione,
596 4642 660 4693 ut
691 4639 925 4711 deinde,
959 4655 1093 4695 cum
1126 4655 1188 4696 se
1209 4640 1319 4710 ipsi
1362 4641 1525 4696 daret
1555 4640 1965 4712 opportunitas
1996 4624 2042 4690 D
2081 4636 2191 4692 eha
2217 4636 2405 4692 factus
2437 4635 2624 4693 multa
2656 4636 2713 4691 in
2748 4652 2816 4692 ea
2842 4636 3129 4708 dignitate
3159 4637 3363 4709 gravia
3384 4654 3598 4709 passus
3616 4642 3732 4705 est,

315 4729 675 4799 deponenda:
709 4727 901 4798 larvas,
928 4729 1158 4786 causari
1190 4729 1504 4786 Sardensis
1535 4734 1734 4802 posset
1752 4730 1807 4786 vi
1830 4731 1969 4786 ada-

314 4823 477 4874 ctum
496 4835 621 4875 sese
646 4819 888 4876 minime
910 4819 1201 4877 volentem
1225 4821 1295 4876 ab
1311 4820 1665 4892 imperatore
1688 4823 1971 4891 praesente

318 4910 391 4964 ad
422 4914 644 4965 vestem
678 4911 1068 4966 monasticam
1100 4911 1484 4981 induendam,
1510 4909 1781 4982 quaesivit
1810 4926 1877 4965 ex
1904 4926 1970 4966 eo

321 4998 464 5068 quid
514 5014 729 5069 passus
777 4998 993 5070 quidve
1036 5015 1292 5071 sequens
1335 5003 1629 5054 mutatum
1674 4998 1784 5054 iret
1833 5014 1969 5054 cum

319 5084 527 5141 habitu
560 5085 689 5141 vitae
722 5087 971 5143 formam
994 5105 1062 5144 ex
1084 5092 1323 5143 actuosa
1344 5088 1404 5143 in
1427 5085 1806 5158 tranquillam
1831 5090 1975 5143 otio-

316 5191 567 5246 samque
598 5190 659 5231 se
706 5177 1091 5233 transferens.
1146 5176 1454 5243 Caeterum,
1506 5176 1754 5247 addidit,
1800 5192 1972 5233 nemo

314 5263 591 5335 prohibet
615 5264 756 5335 quin
784 5265 963 5321 facias
998 5266 1200 5336 utique
1223 5267 1377 5337 quod
1399 5264 1567 5320 velis.
1593 5265 1694 5320 Hie
1716 5265 1973 5320 Sarden-

315 5354 400 5408 sis
428 5353 501 5408 ad
534 5352 640 5408 hoc
674 5370 735 5409 se
767 5354 987 5410 moveri
1026 5354 1179 5409 dixit
1210 5368 1389 5409 causa
1424 5351 1669 5408 tollendi
1713 5353 1976 5408 scandali

316 5441 849 5514 satisfaciendique
883 5443 1192 5499 offensioni
1245 5443 1567 5499 multorum
1604 5441 1750 5499 {also
1795 5444 1866 5498 de
1914 5458 1978 5499 se

323 5536 1068 5604 persuasorum,tanquam
1096 5547 1275 5604 penes
1298 5532 1492 5603 ipsum
1518 5531 1823 5587 turbarum
1848 5548 1977 5603 quae

321 5624 467 5675 tunc
525 5623 695 5676 erant
756 5621 931 5693 culpa
981 5621 1284 5689 resideret,
1334 5626 1459 5677 tum
1508 5620 1652 5676 alias
1699 5626 1981 5693 prieterea

319 5707 592 5764 nectebat
618 5723 848 5765 causas.
876 5710 1015 5765 Eam
1040 5709 1279 5765 verbose
1299 5712 1629 5766 contextam
1654 5710 1978 5765 orationem

2080 4730 2145 4781 ut
2175 4724 2293 4780 haec
2325 4729 2527 4781 nostra
2558 4725 2807 4782 historia
2832 4742 2941 4781 suo
2990 4725 3117 4782 loco
3166 4726 3391 4781 reddet.
3425 4726 3734 4782 Somnium

2080 4831 2251 4886 porro
2282 4814 2439 4871 istud
2472 4831 2649 4872 suum
2682 4814 2780 4871 ille
2829 4815 3109 4870 narrabat
3152 4813 3212 4869 in
3264 4814 3419 4871 hunc
3467 4815 3734 4885 modum,

2080 4904 2244 4960 aiens
2273 4904 2467 4960 visum
2493 4905 2604 4961 sibi
2628 4904 2824 4960 videre
2848 4903 3144 4977 principes
3172 4903 3555 4960 ecclesiastici
3577 4904 3735 4961 ordi-

2082 4992 2177 5048 nis
2206 4993 2265 5048 in
2297 4994 2467 5065 equis
2499 4993 2841 5051 incedentes
2869 5010 2973 5066 per
3004 5010 3235 5066 aequam
3275 4992 3581 5065 planitiem
3632 4994 3736 5050 lati

2082 5082 2293 5153 campi,
2322 5081 2496 5153 longo
2529 5082 2719 5154 spatio
2750 5084 3014 5139 confecto
3046 5081 3375 5156 pervenisse
3391 5082 3628 5140 tandem
3661 5083 3736 5140 ad

2083 5174 2275 5246 ripam
2306 5171 2549 5227 maximi
2580 5177 2638 5227 et
2657 5176 2898 5244 aspectu
2930 5172 3214 5230 terribilis
3246 5172 3439 5229 amnis
3494 5178 3736 5246 printer-

2083 5261 2344 5330 ﬂuentis,
2406 5276 2581 5332 quem
2631 5260 2833 5316 statim
2875 5261 3142 5332 trajicere
3200 5262 3486 5335 coeperint
3535 5263 3739 5320 eodem

2084 5351 2287 5409 ordine
2320 5366 2436 5422 quo
2469 5354 2609 5406 sunt
2632 5354 2832 5421 postea
2854 5352 3361 5425 mortui,primum
3384 5350 3740 5421 illum,hunc

2086 5441 2436 5510 secundum,
2470 5444 2527 5495 et
2557 5439 2641 5496 sic
2674 5438 2967 5511 reliquos:
3002 5458 3118 5497 non
3151 5442 3307 5498 enim
3340 5443 3457 5498 duo
3488 5448 3592 5499 aut
3622 5447 3743 5499 tres

2086 5530 2290 5599 simul,
2320 5528 2424 5585 sed
2458 5527 2676 5600 singuli
2711 5528 2960 5583 seorsim
2988 5529 3382 5600 trejiciebant.
3431 5531 3504 5588 Ut
3548 5536 3746 5588 autem

2086 5621 2212 5692 ipse
2246 5617 2346 5690 qui
2377 5616 2607 5673 videbat
2658 5616 2891 5673 astabat
2938 5622 3207 5689 stupens,
3250 5619 3543 5677 sollicitus
3594 5637 3747 5692 quo-

2090 5709 2265 5765 modo
2294 5712 2349 5763 et
2396 5705 2521 5778 ipse
2568 5705 2884 5778 trajiceret,
2932 5707 3172 5764 audisse
3221 5724 3421 5765 vocem
3472 5708 3747 5767 alicunde
