4090 6398
319 463 426 522 561

1413 474 1510 526 DE
1548 472 1922 528 MICHAELE
1960 472 2389 531 PALEOLOGO
2427 475 2559 530 LIB.
2603 477 2674 530 II.

3645 475 3751 532 562

318 592 679 667 κροτούμενοι
753 593 1023 671 ὁσημέραι
1095 593 1495 673 διεκαρτέρουν.
1557 595 1737 673 ’Δγὼν
1807 595 1853 652 δ’
1904 598 1971 667 ἦν
2006 604 2060 670 Α
2092 597 2281 676 λογίαν
2313 587 2555 673 εὐπρεπῆ
2586 597 2909 673 καταλείψοι
2956 599 3033 662 ὡς
3086 591 3178 656 καὶ
3209 597 3376 657 πάλιν
3403 601 3521 659 κατ’
3550 601 3752 678 ἀγαθὰς

321 685 683 760 ἀμφοτέροις,
714 691 835 748 τοῖς
871 688 964 760 μὲν
1010 691 1108 743 τοῦ
1162 686 1491 762 κρατοῦντος
1550 691 1694 743 ἑλεῖν
1742 689 1817 750 ὡς
1873 689 1986 762 ἅμα

314 779 400 846 τῷ
458 775 709 852 φρουρίῳ
764 775 864 845 τήν
929 773 1094 831 πόλιν
1144 774 1344 848 ἕξουσι,
1377 783 1492 838 τοῖς
1525 776 1571 832 δ’
1603 779 1849 853 ἀντέχειν
1909 779 1982 839 ὡς

319 863 821 937 συναπολλυμένης
878 865 929 936 ἐξ
982 867 1221 940 ἀνάγκης
1279 870 1358 936 τῷ
1417 868 1664 944 φρουρίῳ
1729 871 1831 932 τῆς
1877 865 1981 922 πό-

315 951 484 1015 λεως.
519 956 776 1024 Κατήντα
824 952 930 1024 δ’ἡ
990 957 1146 1030 μάχη
1200 956 1349 1033 σφίσι
1405 954 1820 1032 διαχρονίζουσι
1879 977 1982 1028 μα-

311 1041 584 1117 χομένοις
625 1047 743 1106 τοῖς
777 1045 872 1116 μὲν
903 1045 1028 1120 περὶ
1083 1046 1175 1099 τὸν
1232 1043 1458 1119 βασιλέα
1509 1045 1584 1108 εἷς
1643 1043 1782 1100 αίδὼ
1843 1067 1980 1120 προ-

314 1139 456 1210 φανῆ
516 1130 613 1186 τοῖ’)
675 1134 749 1205 μή
807 1135 1182 1209 περιγενέσθαι
1230 1135 1496 1212 φρουρίου
1573 1135 1660 1189 ἐπὶ
1718 1140 1976 1190 τοσοῦτον

317 1219 677 1296 μαχομένους
706 1222 865 1277 τόσον
895 1222 1108 1288 πλῆθος
1159 1221 1310 1278 οὐδέν
1373 1226 1570 1296 σεμνὸν
1630 1219 1855 1298 ἔχοντος
1888 1226 1975 1278 καί

316 1331 459 1366 τισιν
513 1309 726 1386 ὀλίγοις
785 1309 1314 1390 διαφυλαττομένου,
1346 1320 1462 1376 τοῖς
1513 1313 1557 1368 δ’
1609 1312 1841 1375 Ἰταλοῖς
1903 1315 1976 1375 εἷς

317 1399 643 1476 φιλοτιμίαν
702 1399 798 1455 τοῦ
856 1403 1051 1466 τόσους
1110 1404 1184 1476 μὴ
1236 1403 1604 1479 περιγενέσθαι
1646 1406 1979 1478 παρασκευά-

313 1513 405 1545 σαι
461 1490 656 1552 αὐτοὺς
712 1491 939 1566 ὀλίγους
1000 1488 1158 1554 ὄντας
1219 1495 1292 1554 ὡς
1351 1491 1492 1565 μηδὲ
1520 1494 1732 1565 τολμᾷν
1764 1494 1974 1565 ἐξιέναι,

315 1584 430 1654 ἅμα
491 1578 547 1634 δέ
599 1581 687 1636 καὶ
733 1586 830 1636 τοῦ
862 1583 1024 1636 αὐτὸν
1064 1582 1293 1657 βασιλέα
1321 1579 1471 1652 δόξαι
1522 1588 1672 1654 νικᾷν
1737 1583 1824 1637 καὶ
1881 1591 1976 1637 πᾶ-

314 1671 543 1738 σαντὴν
571 1670 738 1726 αὐτοῦ
767 1669 993 1744 δύναμιν
1055 1670 1142 1726 ἐπὶ
1202 1673 1365 1726 ταυτὸ
1425 1673 1784 1728 συνελθοῦσαν
1842 1675 1974 1746 ἅμα.

314 1759 456 1814 Τότε
541 1765 667 1835 γοῦν
754 1758 984 1816 πολλῶν
1057 1763 1177 1815 καθ’
1225 1761 1434 1834 ἡμέραν
1490 1761 1549 1816 ἐκ
1602 1765 1698 1815 τοῦ
1753 1760 1974 1836 τείχους

326 1847 695 1924 βαλλομένων
747 1871 803 1904 τε
859 1851 948 1904 καὶ
1000 1849 1306 1905 πιπτόντων
1367 1845 1616 1912 ί¹οϐόλοις
1701 1851 1976 1925 μεγίστοις

325 1939 645 2014 μαγγάνοις,
699 1938 837 1994 ὥστε
904 1940 992 1993 καὶ
1080 1939 1384 2008 οἷ’κτίζοντο
1435 1939 1974 2015 κατειρωνευόμενοι,

315 2029 396 2101 μὴ
432 2025 682 2091 Οέλοντες
716 2027 966 2104 βάλλειν,
1003 2027 1129 2084 ἀλλ’
1163 2031 1512 2100 ἀποπέμπειν
1543 2031 1634 2084 τὸν
1691 2029 1839 2090 ἐντὸς
1881 2035 1977 2083 τοῦ

317 2115 517 2192 βέλους
571 2117 724 2172 ἰόντα
784 2115 873 2171 διὰ
928 2120 1027 2187 τὴν
1089 2117 1386 2193 ἐγγύτητα,
1414 2120 1486 2180 ὡς
1517 2123 1585 2192 τῇ
1633 2119 1867 2192 γυναικὶ,
1905 2120 1977 2179 ὡς

308 2204 525 2282 ἔλεγον,
559 2204 905 2277 διασώζοιτο,
936 2208 1023 2261 καὶ
1076 2209 1188 2279 ἅμα
1241 2209 1434 2285 φήμης
1493 2205 1846 2282 διαχυθείσης
1902 2210 1976 2268 ὡς

309 2295 363 2369 ἐξ
413 2295 732 2365 ἀποστολῆς
785 2295 1089 2367 ἐπέστησαν
1140 2293 1304 2352 ἄλλοι
1355 2297 1608 2352 πλεῖστοι
1665 2298 1754 2352 καὶ
1818 2297 1973 2372 ἰσχυ-

309 2386 424 2462 ροὶ,
460 2386 848 2460 ὑπερπαθήσας
905 2389 1020 2440 οἷον
1079 2383 1166 2440 διά
1224 2407 1282 2441 τε
1323 2387 1386 2441 τὸ
1432 2391 1530 2442 τοῦ
1561 2386 1736 2441 κόπου
1793 2387 1970 2455 κενὸν,

303 2475 399 2528 καὶ
466 2475 599 2548 μετᾶ
653 2477 754 2544 τὴν
806 2480 917 2530 τῶν
965 2476 1240 2530 πεσόντων
1303 2471 1589 2545 ἀποϐολὴν
1649 2475 1694 2530 εἰ
1751 2477 1839 2529 καὶ
1891 2477 1974 2549 γέ-

310 2569 468 2620 λωτα
527 2560 704 2642 ὤφλει
769 2567 844 2638 μή
904 2564 1268 2640 καταπράξας,
1330 2560 1464 2640 ἔγνω
1535 2562 1821 2620 καταλύειν
1880 2565 1970 2618 τὸν

305 2653 585 2728 πόλεμον,
617 2653 763 2725 πλὴν
820 2653 880 2709 οὐ
939 2654 1075 2710 κατᾶ
1136 2656 1427 2725 συνθήκας,
1483 2653 1555 2708 ’ίν’
1615 2656 1787 2726 ἑαυτῷ
1835 2655 1970 2709 ἀπο-

305 2875 428 2927 tur.
461 2873 723 2929 Audacia
757 2877 950 2930 tamen
979 2873 1255 2944 vigebant
1281 2873 1646 2944 quotidianis
1678 2872 1794 2928 alta
1831 2887 1965 2928 suc-

305 2962 577 3018 cessibus
601 2964 1058 3035 oppugnationis
1080 2964 1369 3020 hactenus
1386 2963 1514 3018 sine
1541 2980 1690 3018 noxa
1711 2963 1965 3019 toleratae

305 3051 524 3108 obnixa
557 3052 856 3125 utrimque
917 3054 1112 3110 studia
1169 3054 1463 3123 vincendi,
1524 3070 1627 3124 spe
1687 3055 1968 3123 metuque

306 3141 684 3197 inflammata
706 3143 1042 3212 contrariis,
1069 3142 1444 3215 sperantibus
1462 3141 1729 3198 videlicet
1752 3143 1971 3197 nostris

302 3231 353 3286 si
384 3247 578 3286 arcem
610 3238 1032 3303 expugnarent,
1089 3233 1296 3288 urbem
1359 3233 1559 3288 statim
1618 3231 1967 3298 dedendam,

305 3319 554 3389 Latinis,
590 3323 745 3392 quod
778 3321 889 3378 hoc
942 3323 1139 3395 ipsum
1172 3322 1470 3390 timerent,
1523 3321 1730 3376 ultimo
1762 3323 1971 3377 conatu
2008 3358 2055 3423 D

304 3410 677 3466 certantibus
709 3427 780 3466 ne
800 3411 1015 3467 urbsin
1043 3429 1172 3468 arce
1187 3416 1510 3484 caperetur.
1533 3411 1965 3480 Longissimam

309 3515 451 3556 vero
481 3501 974 3572 perseverantiam
1011 3505 1220 3556 neutra
1241 3518 1306 3556 ex
1340 3506 1505 3572 parte
1527 3499 1757 3555 remissi
1781 3499 1964 3572 praelii

305 3591 367 3644 in
403 3589 760 3661 imperatore
794 3590 1031 3662 quidem
1060 3591 1397 3646 obstinabat
1429 3590 1618 3662 pudor
1639 3607 1754 3645 non
1787 3594 1963 3660 captas

311 3682 483 3733 tanto
505 3694 764 3751 tempore
785 3684 951 3735 atam
979 3679 1181 3734 multis
1217 3683 1338 3735 toto
1361 3680 1585 3750 impetu
1617 3682 1964 3751 Oppugnatas

310 3768 475 3823 haud
505 3766 913 3824 famosissimas
947 3769 1332 3840 ejusdemque
1363 3786 1396 3823 a
1454 3768 1658 3841 paucis
1714 3768 1964 3823 defense

312 3855 688 3924 munitionis,
720 3858 778 3912 in
811 3857 973 3913 Italis
1003 3875 1137 3913 vero
1159 3857 1400 3913 ambitio
1424 3856 1739 3930 gloriaeque
1770 3857 1960 3924 ardor,

307 3945 523 4017 ingens
557 3945 665 4001 sibi
694 3946 872 4002 decus
905 3948 1024 4003 fore
1057 3949 1212 4004 124
1266 3947 1662 4013 cernentibus,
1718 3961 1779 4002 se
1840 3950 1962 4001 tam

307 4051 526 4107 paucos
549 4037 613 4090 ut
633 4034 866 4107 prodire
885 4053 998 4091 non
1019 4037 1325 4103 auderent,
1350 4035 1424 4091 ab
1446 4035 1754 4108 ingruente
1776 4035 1963 4090 unde-

306 4139 542 4195 cunque
573 4121 992 4180 innumerabili
1021 4124 1404 4180 multitudine
1453 4123 1721 4197 superari
1755 4115 1961 4195 nequi-

305 4212 488 4277 visse,
521 4212 862 4268 blandiente
896 4219 1195 4284 praeterea,
1230 4215 1278 4270 si
1309 4215 1379 4269 ad
1413 4218 1736 4271 extremum
1762 4213 1961 4269 invicti

308 4302 617 4371 durarent,
652 4317 754 4374 spe
785 4319 898 4358 non
927 4319 1071 4358 vane
1093 4303 1377 4373 gloriandi
1402 4307 1751 4374 prmsentem
1771 4303 1964 4374 ipsum

306 4396 646 4462 Augustum
679 4408 814 4446 cum
849 4394 1068 4448 coactis
1099 4393 1156 4446 in
1191 4410 1373 4448 unum
1409 4393 1701 4448 universis
1732 4393 1964 4465 imperii

306 4479 536 4534 viribus
558 4481 898 4537 Latinorum
923 4499 1102 4553 parva
1126 4498 1302 4537 manu
1329 4481 1668 4539 debellatos.
1688 4486 1964 4538 Cmterum

308 4570 785 4641 oppugnantium
819 4571 1078 4642 quotidie
1113 4571 1408 4642 plurimis,
1447 4571 1581 4627 telis
1629 4571 1964 4642 ingentibus

309 4657 747 4729 catapultarum
782 4676 846 4714 ex
870 4661 1092 4716 crebris
1116 4660 1269 4714 muri
1294 4661 1526 4715 ﬁssuris
1545 4661 1781 4717 assidue
1801 4663 1964 4732 jacu-

2100 685 2326 751 ἐλπίδας
2356 686 2778 761 ἐπιθησόμενος,

2099 795 2200 850 κα’.
2266 795 2393 869 Περῖ
2469 796 2565 850 τοῦ
2631 799 2824 868 νεκροῦ
2893 800 3001 876 ,τοῦ
3091 796 3370 874 βασιλείου
3428 805 3745 876 Βουλγαρο-

2810 869 3024 924 κτόνου.
3091 869 3101 874 ’
3576 888 3580 892 ”

2169 955 2298 1009 Τότε
2359 952 2415 1010 δέ
2469 976 2607 1017 τινες
2662 961 2769 1011 τῶν
2798 957 3013 1011 οἰκείων
3043 963 3122 1029 τῷ
3161 958 3378 1034 βασιλεῖ
3428 961 3545 1015 κατ’
3574 956 3747 1016 ἄνεσιν

2100 1041 2387 1120 διατριϐῆς
2447 1044 2757 1114 ἐξελθόντες
2808 1045 3126 1117 ἐπέστησαν
3163 1050 3231 1121 τῇ
3262 1048 3402 1106 κατὰ
3427 1049 3520 1104 τὸν
3551 1045 3751 1108 Ἕϐδο-

2102 1155 2200 1206 μον
2233 1139 2329 1189 τοῦ
2363 1133 2626 1210 θεολόγου
2662 1140 2825 1208 μονῇ,
2862 1133 3034 1210 ὄνομα
3070 1136 3259 1210 μόνον,
3290 1139 3352 1193 οὐ
3400 1145 3598 1213 σχῆμα
3647 1162 3754 1196 σω-

2101 1225 2263 1297 ζοόσῃ
2345 1228 2540 1296 μονῆς,
2598 1225 2687 1278 καὶ
2769 1225 2859 1279 τὸν
2945 1225 3114 1280 ἐκεῖσε
3198 1226 3325 1281 ναὸν
3391 1226 3753 1297 εἰσελθόντες,

2096 1313 2433 1387 ἠρειμμένον
2484 1313 2572 1369 καὶ
2621 1319 2811 1368 τοῦτον
2871 1316 2958 1369 καὶ
3020 1315 3094 1377 εἰς
3149 1314 3477 1391 θρεμμάτων
3539 1319 3624 1390 [Ρ.
3659 1321 3750 1392 81]

2096 1401 2324 1460 ἔπαυλιν
2385 1401 2534 1474 ὄντα,
2581 1407 2666 1459 καὶ
2733 1403 2864 1478 τῇδε
2919 1407 3134 1460 κάκεῖσε
3158 1401 3627 1482 περιϐλεπόμενοι
3659 1411 3750 1465 καὶ

2095 1493 2156 1546 τό
2190 1515 2321 1548 ποτε
2369 1497 2466 1547 τοῦ
2522 1498 2652 1547 ναοῦ
2712 1492 2918 1554 κάλλος
2975 1493 3034 1548 ἐκ
3090 1498 3196 1550 τῶν
3231 1495 3505 1570 λειψάνων
3540 1500 3746 1570 θαυμάο

2099 1589 2276 1652 ζοντες
2310 1585 2468 1656 [ἦσαν
2494 1581 2538 1636 δ’
2573 1585 2722 1637 οὗτοι
2757 1585 2808 1637 οἱ
2866 1583 2989 1658 περί
3046 1583 3140 1638 τὸν
3202 1584 3588 1659 Ἰατρόπουλον
3641 1595 3747 1656 Δη-

2101 1675 2333 1747 μήτριον
2384 1671 2470 1726 καὶ
2523 1671 2823 1745 λογοθέτην
2872 1673 2995 1727 τότε
3041 1678 3149 1727 τῶν
3183 1674 3495 1747 οίκειακῶν)
3547 1677 3744 1749 ὁρῶσιν

2098 1760 2294 1834 αἶ’φνης
2372 1763 2507 1815 κατὰ
2578 1763 2778 1836 γωνίαν
2844 1763 3134 1834 ἱστάμενον
3196 1760 3390 1839 ἀνδρὸς
3437 1765 3608 1819 πάλαι
3665 1787 3746 1818 τε·

2097 1856 2331 1913 θνεῶτος
2365 1849 2617 1922 λείψονον
2651 1849 2963 1924 ὁλόκληρον
3024 1850 3114 1905 καὶ
3169 1853 3231 1906 τὸ
3287 1858 3390 1907 πᾶν
3447 1851 3743 1926 ὁλομελὶς,

2095 1942 2299 2013 γυμνὸν
2334 1940 2384 2001 ἐς
2415 1937 2586 2001 πόδας
2644 1939 2702 1993 ἐκ
2758 1938 3018 2016 κεφαλῆς.
3057 1942 3187 2016 Εἶχε
3243 1940 3299 1998 δὲ
3348 1943 3438 1997 καὶ
3498 1943 3585 1997 ἐπί
3627 1945 3745 1997 στό-

2091 2050 2258 2101 ματος
2317 2029 2574 2101 καλάμην
2649 2035 2978 2101 ποιμενικῆς
3057 2031 3342 2106 σύριγγος,
3390 2030 3464 2092 εἷς
3532 2031 3742 2105 χλεύην

2085 2122 2245 2170 τινῶν
2278 2116 2446 2171 ὀὕτω
2491 2121 2836 2188 ποιησάντων
2888 2121 2970 2180 οἷς
3032 2113 3198 2190 ἔμελε
3254 2119 3608 2195 Ορεμμάτων.
3657 2125 3746 2184 Ὡς

2088 2205 2135 2261 δ’
2169 2205 2377 2269 ἰδόντες
2437 2206 2736 2279 ἐθαύμαζον
2801 2209 2896 2280 μὲν
2954 2209 3056 2276 τήν
3088 2208 3185 2262 τοῦ
3215 2207 3476 2282 λειψάνου
3538 2208 3741 2284 ὀλομέ-

2086 2294 2260 2365 λειαν,
2295 2293 2599 2371 διηπόρουν
2675 2293 2730 2350 δὲ
2776 2297 2989 2357 οὗτινος
3035 2295 3096 2350 ἂν
3145 2297 3235 2351 καὶ
3286 2294 3369 2367 εἷή
3417 2300 3446 2353 ὁ
3476 2301 3744 2373 πεπηγὼς

2085 2384 2287 2448 ἐκεῖνος
2321 2386 2408 2438 καὶ
2461 2379 2539 2438 ἔτι
2593 2385 2669 2446 εἲς
2713 2388 2874 2457 σῶμα
2917 2385 3304 2458 συνιστάμενος
3355 2391 3512 2460 χοῦς,
3543 2389 3744 2461 ὁρῶσιν

2081 2473 2139 2528 ἐκ
2191 2472 2378 2544 δεξιῶν
2436 2475 2500 2528 τὸ
2553 2477 2806 2549 κενήριον
2851 2476 2942 2530 καὶ
2992 2474 3080 2529 ἐπ’
3127 2475 3276 2548 αὐοῷ
3326 2478 3739 2552 γεγραμμένους

2083 2564 2306 2638 στίχους
2335 2561 2639 2635 δηλοῦντας
2670 2564 2763 2618 τὸν
2811 2564 3075 2636 κείμενον.
3118 2567 3215 2620 Ἦν
3267 2565 3447 2636 οὗτος,
3481 2566 3556 2629 ὡς
3610 2563 3736 2635 ἐδῆο

2081 2653 2181 2708 λου
2236 2655 2303 2707 τὰ
2351 2652 2669 2726 γράμματα,
2704 2653 2736 2706 ἀ
2767 2651 3251 2728 Βουλγαροκτόνος
3303 2653 3611 2716 Βασίλειος.
3644 2657 3734 2718 Ὠς

2076 2871 2402 2940 constituit,
2437 2871 2537 2927 sed
2569 2870 2718 2926 citra
2773 2873 3217 2928 conventionem
3275 2889 3409 2928 eum
3469 2873 3731 2930 obsessis

2081 2961 2285 3028 ullam,
2302 2961 2358 3015 id
2383 2962 2451 3016 ad
2474 2959 2952 3032 qualemcunque
2974 2960 3286 3017 valiturum
3304 2963 3737 3019 excusationem

2081 3055 2422 3116 autumans,
2453 3049 2619 3120 quasi
2644 3067 2758 3106 non
2779 3054 2896 3105 tam
2920 3051 3216 3106 omitteret
3239 3052 3534 3122 inceptum
3563 3067 3736 3122 quam

2081 3141 2140 3194 in
2163 3144 2396 3211 tempus
2419 3140 2811 3210 opportunius
2827 3139 3106 3208 differret,
3129 3155 3263 3196 cum
3288 3141 3366 3196 rei
3392 3141 3732 3213 prosperius

2081 3229 2374 3284 tentanda
2409 3245 2470 3284 se
2503 3228 2735 3284 offerret
2767 3229 3015 3285 occasio.

2135 3373 2223 3428 21.
2259 3373 2331 3427 De
2360 3370 2622 3428 cadavere
2653 3371 3009 3443 imperatoris
3037 3371 3233 3428 Basilii
3261 3373 3680 3444 Bulgaroctoni.

2142 3503 2425 3569 Tempore
2454 3497 2629 3554 istius
2657 3498 2865 3554 obsidii
2907 3498 3147 3569 quidam
3181 3516 3250 3555 ex
3281 3498 3511 3555 familia
3542 3499 3729 3571 impen

2073 3589 2285 3644 ratoris
2310 3589 2792 3660 circumquaque,
2828 3592 2891 3644 ut
2922 3589 3008 3660 ﬁt,
3042 3592 3353 3660 evagantes
3385 3589 3566 3644 animi
3599 3605 3729 3661 gra-

2071 3678 2153 3732 tia
2182 3677 2544 3733 devenerunt
2572 3677 2631 3731 in
2665 3676 2920 3749 theologi
2949 3678 3394 3750 monasterium,
3425 3678 3484 3733 in
3515 3679 3724 3735 subur-

2071 3766 2169 3821 bio
2202 3765 2291 3820 cui
2315 3782 2525 3820 nomen
2550 3765 2919 3822 Hebdomum
2943 3766 3147 3822 situm.
3171 3767 3486 3838 Supererat
3508 3784 3725 3825 nomen

2073 3855 2264 3910 solum
2300 3855 2660 3922 monasterii,
2695 3855 2882 3911 forma
2912 3856 3040 3926 ejus
3074 3857 3266 3912 omnis
3297 3857 3490 3914 ruinis
3511 3857 3725 3915 deleta.

2075 3943 2166 3999 Illi
2207 3942 2493 4014 templum
2527 3945 2679 4014 quod
2710 3944 2790 3999 ibi
2824 3944 3014 4000 fuerat
3045 3945 3321 4017 ingressi,
3355 3949 3725 4004 destructum

2074 4039 2132 4090 et
2157 4034 2352 4105 ipsum
2385 4032 2511 4088 etin
2537 4032 2834 4090 stabulum
2853 4038 3252 4090 armentorum
3268 4039 3587 4102 mutatum,
3614 4037 3728 4092 huc

2072 4122 2328 4194 illucque
2351 4121 2842 4178 circumferebant
2864 4120 3089 4191 oculos,
3105 4127 3163 4178 et
3180 4123 3502 4180 miserabili
3533 4127 3726 4198 specie

2074 4211 2480 4284 reliquiarum,
2509 4214 2729 4283 quanta
2761 4211 2970 4266 fuisset
2995 4211 3152 4266 illius
3181 4228 3316 4267 cum
3336 4211 3527 4268 adhuc
3545 4217 3729 4269 staret

2075 4302 2215 4357 aedis
2248 4318 2426 4356 sacrae
2459 4299 2856 4372 pulchritudo,
2883 4317 2996 4356 non
3021 4301 3147 4357 sine
3170 4301 3723 4360 admirationci25

2075 4391 2328 4462 quadam
2363 4390 2740 4446 aestimantes.
2775 4395 2913 4447 Erat
2943 4390 3001 4445 in
3034 4391 3128 4446 his
3157 4391 3492 4463 Iatropulus
3523 4392 3728 4450 Deme-

2073 4479 2225 4535 trius
2264 4480 2559 4549 logotbeta
2599 4484 2740 4535 tunc
2797 4481 3279 4536 domesticorum.
3344 4482 3430 4537 Ita
3475 4481 3729 4538 circum-

2077 4570 2484 4639 spectantibus
2525 4573 2767 4640 apparet
2797 4569 3116 4641 improviso
3148 4569 3207 4624 in
3235 4571 3485 4640 quodam
3511 4571 3728 4644 angulo

2079 4664 2243 4714 stans
2273 4657 2379 4711 viri
2401 4657 2541 4712 olim
2578 4659 2792 4714 mortui
2826 4659 3091 4727 cadaver,
3123 4659 3411 4729 integrum
3463 4660 3635 4731 plane
3663 4677 3728 4717 ac

309 4747 590 4816 lantium,
625 4749 993 4816 cadentibus,
1027 4750 1350 4804 addebatur
1375 4749 1694 4804 ludibrium
1730 4752 1964 4814 damno,
1998 4726 2040 4793 C
2081 4747 2364 4802 membris
2384 4748 2506 4802 suis
2532 4749 2803 4802 omnibus
2825 4752 2958 4820 apte
2981 4747 3407 4804 cohaarentibus
3425 4754 3729 4818 constans,

313 4836 485 4893 etiam
518 4837 906 4894 illudentibus
937 4856 1005 4894 ex
1034 4843 1160 4893 tuto
1193 4837 1598 4908 libratoribus,
1624 4843 1679 4893 et
1709 4855 1880 4909 quem
1907 4839 1966 4893 in

311 4931 406 4980 tra
427 4927 656 4997 jactum
693 4945 794 4999 per
826 4927 1160 4983 fenestellas
1182 4928 1517 4997 cernebant,
1545 4943 1612 4981 ex
1637 4929 1967 4998 propinquo

314 5014 737 5085 compellatum
771 5017 995 5072 ironica
1025 5016 1429 5072 misericordia
1460 5017 1664 5071 timere
1716 5017 1968 5071 vetanti-

313 5103 461 5159 bus:
497 5103 652 5158 haud
689 5106 844 5160 enim
878 5121 1006 5161 sese
1038 5106 1235 5176 ipsum
1269 5109 1569 5176 utcunque
1626 5107 1967 5174 contiguum

309 5193 429 5249 telo
465 5193 771 5264 petituros,
797 5211 868 5250 ne
891 5200 1008 5249 tam
1037 5195 1226 5250 bellus
1250 5195 1339 5248 vir
1361 5193 1650 5249 uxorculae
1675 5212 1796 5249 sua:
1816 5197 1971 5265 peri-

313 5289 424 5338 ret.
453 5283 644 5355 Super
673 5285 794 5338 hmc
827 5301 1033 5355 sparsa
1065 5285 1221 5339 fama
1250 5287 1339 5338 est
1371 5300 1504 5338 mox
1549 5283 1725 5338 affore
1752 5301 1784 5338 a
1833 5285 1970 5338 sede

316 5372 536 5427 missas
568 5372 890 5444 apostolica
921 5373 1101 5429 lectas
1132 5373 1473 5442 validasque
1498 5372 1695 5443 copias
1726 5373 1782 5426 in
1809 5373 1968 5428 auxi-

317 5461 465 5514 lium
482 5461 763 5516 obsessis.
785 5461 948 5515 Tunc
970 5461 1206 5515 demum
1223 5461 1544 5532 imperator
1560 5462 1726 5530 quasi
1753 5463 1970 5516 fractus

317 5549 540 5618 animo,
574 5550 725 5621 quod
766 5554 972 5620 praeter
990 5549 1223 5603 irritum
1249 5549 1504 5603 laborem
1530 5555 1586 5604 et
1605 5554 1687 5603 tot
1709 5555 1972 5604 strenuo-

314 5654 448 5692 rum
472 5637 726 5693 militum
749 5641 1039 5708 jacturam
1056 5637 1230 5693 etiam
1255 5643 1626 5693 metueretne
1642 5654 1850 5709 magno
1865 5656 1971 5693 suo

314 5727 531 5798 probro
567 5743 668 5798 per
692 5728 804 5781 vim
833 5728 965 5782 inde
998 5743 1057 5781 re
1108 5727 1322 5782 infecta
1375 5725 1706 5798 pelleretur,
1765 5733 1972 5798 sponte

315 5816 686 5872 obsidionem
767 5816 988 5873 solvere
1066 5823 1121 5870 et
1197 5817 1630 5889 oppugnatione
1690 5815 1973 5872 absistere

2080 4838 2304 4890 nudum
2343 4854 2374 4890 a
2414 4837 2601 4908 capite
2631 4837 2700 4893 ad
2736 4838 2930 4908 pedes.
2963 4837 3226 4894 Habebat
3257 4841 3453 4892 autem
3487 4837 3571 4892 ori
3603 4837 3730 4892 affi-

2078 4943 2208 4981 xam
2233 4942 2477 4981 cannam
2495 4927 2809 4996 pastoritiac
2829 4926 3056 4992 ﬁstulae,
3074 4926 3323 4981 ludibrio
3337 4928 3730 4998 quorumdam

2080 5033 2286 5087 greges
2317 5015 2448 5070 istic
2476 5015 2777 5071 stabulare
2807 5015 3013 5070 solitos
3046 5015 3404 5071 curantium.
3431 5016 3732 5074 Miraban-

2077 5109 2178 5159 tur
2226 5105 2325 5176 qui
2387 5104 2508 5159 hac
2555 5105 2833 5160 videbant
2888 5104 3282 5177 integritatem
3343 5107 3604 5178 corporis
3664 5124 3733 5164 ex

2078 5193 2271 5264 longo,
2305 5196 2369 5247 ut
2407 5193 2744 5264 apparebat,
2777 5193 3050 5248 exanimi.
3101 5194 3488 5266 Ambigebant
3535 5200 3729 5252 autem

2080 5282 2252 5351 cujus
2283 5285 2438 5336 esset
2457 5280 2601 5335 illud
2627 5280 2709 5336 sic
2736 5279 2922 5336 solide
2945 5285 3314 5352 compactum
3335 5287 3392 5338 et
3411 5281 3731 5341 humanam

2082 5371 2273 5426 adhuc
2307 5372 2549 5425 formam
2586 5369 2843 5424 retinens
2874 5371 3139 5426 cadaver.
3173 5373 3433 5427 Cernunt
3455 5390 3487 5428 a
3516 5374 3735 5429 dextris

2081 5459 2416 5530 sepulcrum
2466 5465 2524 5514 et
2579 5459 2898 5530 inscriptas
2955 5459 3066 5530 ipsi
3121 5459 3346 5517 litteras
3403 5461 3734 5518 indicantes

2082 5549 2215 5620 quis
2246 5549 2327 5604 ibi
2352 5546 2658 5618 jacuisset.
2686 5549 2825 5602 Erat
2874 5551 3070 5602 autem
3127 5547 3243 5617 hic,
3296 5555 3469 5621 prout
3526 5549 3732 5607 litteras

2083 5637 2518 5710 significabant,
2552 5636 2802 5692 Basilius
2834 5636 3314 5709 Bulgaroctonus.
3353 5637 3424 5693 Ut
3475 5655 3611 5696 vero
3643 5657 3729 5697 re-

2081 5728 2253 5796 versi,
2288 5727 2426 5799 quid
2461 5726 2766 5795 vidissent,
2792 5725 3133 5798 imperatori
3167 5725 3510 5798 retulerunt,
3557 5729 3732 5786 misc-

2085 5817 2306 5873 ratione
2340 5817 2552 5871 intima
2584 5821 2774 5872 tactus
2807 5815 2923 5882 ille,
2959 5815 3236 5871 continuo
3270 5815 3470 5872 missis
3529 5819 3732 5875 sericis
