4090 6422
353 466 463 524 563

1663 459 1969 517 GEORGII
2006 457 2471 516 ΡΔΟΗΥΠΕΗΒ

3674 458 3785 515 564

355 590 404 648 δ’
433 588 866 665 ὑποπρίψαντες
900 586 1048 665 σφίσι
1103 585 1167 641 τὸ
1214 582 1397 648 θεαθὶν
1456 587 1536 655 τῷ
1589 578 1809 657 βασιλεῖ
1837 599 2007 656 προσ·
2038 581 2095 649 Α
2125 579 2243 654 ρὸν,
2274 577 2335 634 ἐκ
2384 581 2482 648 τῆς
2534 580 2672 636 κατὰ
2701 581 2800 649 τήν
2827 577 2978 636 δύσιν
3008 584 3106 636 τοῦ
3136 581 3556 656 Ξηροποτάμου
3610 588 3787 654 μονῆς

359 676 640 758 ανέφερον,
672 676 963 747 οἰκτίζεται
1023 673 1215 729 αὐτίκα
1255 674 1284 727 6
1318 669 1600 748 βασιλεὺς,
1649 669 1740 725 καὶ
1795 668 2016 743 πέμψας

359 766 562 844 σηρικὰ
601 766 934 843 χρυσόσημα
989 760 1197 833 πὲπλα,
1222 759 1300 820 ἔτι
1346 760 1403 816 δὲ
1457 758 1842 832 ἐξαποστείλας
1889 757 2017 821 τοὺς

355 854 707 931 ὑμνοπόλους
739 853 832 909 σὺν
860 854 963 908 οὐκ
984 850 1200 927 ὀλίγοις
1225 848 1514 926 ἄρχουσιν,
1536 848 1639 905 ὑπὸ
1664 845 1853 922 πολλῇ
1875 850 2013 921 τιμῇ

353 945 445 1002 καὶ
479 942 801 1022 δορυφορίᾳ,
833 938 1087 1016 ψαλμοῖς
1136 938 1227 994 καὶ
1276 937 1496 1011 ὕμνοις,
1527 934 1910 1011 ἀνακομίζεται
1959 934 2011 989 ἐν

356 1036 500 1110 θήκῃ
558 1030 720 1107 τιμίᾳ
773 1031 911 1107 πρὸς
956 1030 1051 1085 τὸν
1098 1027 1342 1084 Γαλατᾶν
1398 1027 1463 1083 τὸ
1520 1025 1801 1101 λείψανον,
1859 1024 2017 1081 κάκεῖ

356 1121 679 1200 προστάττει
735 1125 819 1193 τῷ
873 1117 1100 1196 ἀδεΑφῷ
1147 1112 1604 1192 σεϐαστοκράτορι
1664 1115 1891 1171 ἐνθεῖναι
1944 1118 2013 1189 τῇ

357 1212 586 1292 σφετέρᾳ
638 1212 816 1283 σκηνῇ
864 1209 964 1278 τήν
1020 1209 1217 1279 θήκην,
1253 1203 1490 1269 πέπλοις
1527 1226 1587 1261 τε
1639 1209 1871 1281 χρυσοῖς
1926 1205 2013 1260 ὑπ’

356 1302 650 1375 ἀκοιμήτῳ
680 1298 821 1379 φωτὶ
852 1296 1093 1374 ἐχόμενα
1139 1302 1239 1367 τῆς
1272 1294 1479 1352 ἐκείνου
1519 1300 1812 1372 στρωμνῆς
1863 1294 2016 1358 θέντα

350 1395 519 1466 τιμᾷν
560 1394 678 1451 τοῖς
727 1389 1126 1464 προσήκουσιν,
1169 1381 1274 1447 ἕως
1324 1383 1526 1449 ἐκεῖθεν
1575 1382 2013 1460 ἀναχωρούντων

352 1482 531 1537 αὐτῶν
578 1477 655 1542 είς
690 1470 1003 1553 Σηλυϐρίαν
1043 1474 1276 1547 ἐντίμως
1323 1474 1415 1529 καὶ
1455 1471 1729 1547 λαμπρῶς
1784 1493 2015 1546 μετακο-

359 1569 608 1643 μίσαντες
694 1565 747 1621 ἐν
814 1566 885 1638 τῇ
965 1568 1063 1621 τοῦ
1144 1569 1407 1636 Σωτῆρος
1473 1567 1783 1627 καταθεῖναι
1847 1565 2010 1636 μονῇ.

356 1659 598 1716 Ἐκεῖθεν
654 1654 836 1712 τοίνυν
888 1652 1369 1727 ἑπανακάμπτουσι
1427 1653 1567 1726 πρὸς
1610 1651 1672 1707 τὸ
1724 1650 2016 1730 Νύμφαιον

356 1747 689 1804 καθιστῶντο
719 1744 787 1800 τὰ
829 1743 967 1799 κατά
1019 1741 1190 1814 δόσιν,
1224 1738 1354 1818 ἄχρι
1406 1741 1496 1796 καὶ
1529 1737 1872 1816 Ὀρεστιάδος
1922 1742 2010 1797 καὶ

354 1837 419 1891 τὸ
468 1834 717 1891 ἐπέκεινα
771 1833 1161 1911 προφθασάσης
1203 1837 1304 1901 τῆς
1358 1828 1627 1904 βασιλέως
1681 1832 1873 1909 φήμης
1924 1830 2013 1886 καὶ

350 1920 833 1993 καταστελλούσης
862 1920 926 1977 τὸ
954 1921 1256 1997 ἀνορμοῦν.

350 2032 456 2107 κβζ
506 2031 697 2107 Ὅπως
755 2024 1263 2107 ῥᾷπατριαρχερων
1322 2025 1644 2107 Νικηφόρος
1733 2024 1826 2080 σὺν
1905 2027 2016 2098 ἅμα

631 2097 848 2177 βασιλεῖ
880 2092 1293 2171 καταλαμϐάνει
1315 2097 1378 2152 τὸ
1409 2092 1728 2175 Νύμφαιον.

428 2185 862 2247 Καταλαϐόντων
897 2184 955 2243 δὶ
986 2185 1079 2241 σὺν
1128 2183 1330 2257 πολλῷ
1375 2184 1536 2260 τάχει
1584 2187 1647 2242 τὸ
1705 2187 2014 2262 Νύμφαιον,

356 2283 387 2338 6
418 2277 843 2355 πατριαρχεύων
897 2277 1070 2332 συνὼν
1125 2279 1207 2347 τῷ
1253 2279 1563 2350 κρατοῦντι,
1615 2274 1783 2332 ἐπεὶὸ
1814 2285 2014 2335 Θεσσα-

358 2369 588 2440 λονίκης
642 2366 735 2422 καὶ
794 2366 822 2421 6
870 2368 979 2421 τῶν
1012 2360 1265 2438 Σάρδεων
1323 2368 1445 2425 τοῖς
1492 2360 1776 2435 δοξάζουσι
1837 2367 2013 2445 σφίσιν

356 2459 708 2532 ἀμεταθέτως
765 2450 1097 2529 ἐμμένοντες
1145 2448 1391 2507 ἐκποδὼν
1450 2452 1587 2521 ἦσαν
1638 2452 2014 2530 ἐξωρισμὲνοι,

354 2547 709 2617 ἀντικαθιστᾷ
757 2543 968 2599 τούτων
1041 2542 1257 2616 ἑτέρους
1314 2545 1434 2603 ταῖς
1493 2540 1873 2615 Ἐκκλησίαις,
1924 2545 2015 2600 καὶ

349 2637 443 2692 τὸν
505 2637 600 2709 μὲν
649 2630 916 2704 Κυδώνην
966 2631 1298 2692 Ἰωαννίκιον
1349 2638 1451 2701 τῆς
1507 2636 1618 2689 τῶν
1674 2631 2013 2711 Σωσάνδρων

360 2734 535 2802 μονῆς
583 2727 669 2799 [Ρ.
721 2726 810 2794 82]
866 2722 1168 2799 ἐξάρχοντα
1223 2719 1649 2795 Θεσσαλονίκης,
1695 2723 1787 2778 τὸν
1848 2720 1906 2779 δὲ
1952 2744 2015 2799 γε

350 2814 603 2884 Χαλαζᾶν
658 2807 926 2868 Ἰάκωϐον
1001 2810 1063 2866 ἐκ
1129 2807 1333 2872 δύσεως
1406 2812 1886 2886 προσχωρήσαντα
1938 2809 2018 2884 τῷ

358 2905 646 2978 κρατοῦντι
712 2898 964 2973 Σάρδεων
1027 2895 1430 2955 ἀποδείκνυσιν.
1485 2898 1622 2974 Εἶχε
1673 2895 1730 2954 δὶ
1785 2898 1876 2955 καὶ
1936 2899 2012 2963 εἰς

357 2996 541 3070 ψῆφον
592 2989 851 3065 Σμύρνης
897 2988 989 3044 τὸν
1037 2987 1239 3057 Ἰσαὰκ,
1272 2986 1440 3063 ἄνδρα
1485 2987 1576 3042 καὶ
1638 2987 1796 3043 αὐτὸν
1852 3009 2012 3065 γερα-

367 3132 512 3173 auro
541 3115 783 3172 intextis
803 3114 968 3184 velis,
1002 3113 1345 3171 cantoribus
1390 3129 1627 3186 quoque
1684 3130 1750 3169 ac
1799 3114 2016 3186 princi-

366 3222 508 3279 pum
541 3220 659 3262 non
706 3204 911 3276 paucis
956 3203 1164 3259 eodem
1215 3219 1279 3259 se
1335 3203 1601 3259 conferre
1640 3202 1851 3274 jussis,
1881 3220 2015 3260 eum

357 3296 549 3352 multo
586 3293 810 3351 honore
841 3310 908 3349 ac
940 3291 1237 3360 satellitio,
1270 3291 1520 3364 psalmis
1550 3296 1606 3348 et
1636 3292 1872 3365 hymnis
1893 3310 2017 3365 per-

356 3384 729 3454 sonantibus,
760 3383 820 3438 in
875 3381 1046 3438 theca
1100 3380 1357 3454 pretiosa
1403 3381 1615 3438 deferri
1672 3382 1899 3438 curavit
1955 3382 2013 3438 id

361 3489 576 3548 corpus
608 3472 669 3530 in
699 3475 898 3529 castra
927 3471 998 3528 ad
1026 3470 1313 3539 Galatam,
1347 3474 1404 3528 et
1435 3470 1514 3527 ibi
1546 3470 1711 3527 fratri
1771 3487 1878 3527 suo
1920 3488 2016 3528 ee-

358 3560 752 3621 bastocratori
783 3559 1082 3617 mandavit
1130 3564 1196 3616 ut
1227 3559 1455 3616 thecam
1489 3576 1607 3632 qua
1638 3563 1764 3617 erat
1811 3561 2017 3618 condi—

359 3658 489 3711 tum
520 3651 580 3707 in
614 3648 994 3706 tabernaculo
1028 3665 1135 3706 suo
1166 3651 1424 3705 servaret
1450 3647 1594 3705 velis
1627 3648 1822 3708 aureis
1854 3667 2016 3723 oper-

358 3744 508 3809 tam,
537 3742 596 3796 et
625 3738 854 3795 facibus
882 3738 1104 3794 circum
1153 3741 1327 3795 noctu
1377 3737 1599 3811 diuque
1654 3737 2014 3812 lucentibus,

361 3844 541 3903 prope
573 3843 747 3885 suum
771 3825 961 3900 ipsius
986 3830 1343 3898 stratum,eo
1375 3844 1489 3898 quo
1520 3844 1628 3899 par
1653 3831 1743 3885 est
1768 3828 2011 3891 honore.

361 3917 624 3974 haberet.
655 3916 867 3989 Sicque
896 3915 1014 3973 illic
1045 3915 1175 3985 fuit,
1209 3916 1403 3988 quoad
1435 3916 1611 3973 motis
1636 3915 1772 3973 inde
1802 3920 2014 3976 castris

361 4006 701 4064 recedentes
729 4005 817 4061 illi
847 4004 1170 4079 Selybriam
1221 4004 1526 4063 honoratis
1559 4022 1626 4062 ac
1685 4005 2014 4078 splendidis

359 4095 654 4168 exsequiis
681 4098 1014 4167 portarunt,
1048 4094 1149 4151 ubi
1180 4094 1515 4167 depositum
1547 4098 1639 4151 est
1666 4096 1726 4151 in
1756 4095 2013 4154 Salvato-

359 4185 443 4242 ris
471 4180 851 4241 monasterio.
884 4184 1030 4241 Hinc
1069 4184 1358 4241 ﬂexerunt
1386 4200 1592 4241 versus
1623 4186 2010 4259 Nymphaeum

359 4275 491 4344 iter,
524 4273 654 4330 utili
688 4272 935 4330 consilio
966 4273 1250 4347 pacandis
1272 4278 1498 4331 tractus
1519 4273 1755 4330 Occidui
1789 4276 2012 4332 tumul-

360 4364 525 4420 tibus
552 4379 568 4419 :
596 4379 735 4419 nam
770 4378 1083 4434 progressa
1111 4378 1301 4434 usque
1330 4361 1693 4418 Orestiadem
1742 4369 1800 4420 et
1855 4367 2013 4422 ultra

361 4451 677 4526 propinqui
711 4455 768 4507 et
796 4452 951 4507 I26
983 4451 1153 4523 quasi
1213 4451 1583 4507 adventantis
1640 4452 2014 4525 imperatoris

358 4542 521 4599 fama
546 4538 798 4596 multum
839 4539 1022 4595 valuit
1070 4540 1142 4597 ad
1194 4540 1670 4613 comprimendos
1718 4544 2013 4616 inquietos

360 4635 559 4688 motus
583 4629 820 4686 illarum
851 4630 1146 4702 gentium.

356 4787 446 4840 2'2.
475 4785 539 4843 Ut
566 4783 884 4857 patriarcha
915 4782 1254 4858 Nicephorus
1295 4783 1476 4858 simul
1506 4801 1631 4841 cum
1676 4787 2012 4858 imperatore

855 4854 1070 4912 venerit
1124 4856 1508 4928 Nymphaeum.

430 4990 572 5045 Cum
606 4993 806 5047 autem
840 5005 1056 5061 magna
1084 4986 1378 5045 celeritate
1406 4988 1789 5061 Nymphaeum
1818 5009 2012 5063 pervc-

361 5078 611 5146 nissent,
639 5077 974 5149 patriarcha
1005 5078 1105 5150 qui
1131 5094 1265 5133 cum
1290 5078 1639 5149 imperatore
1664 5078 1841 5135 simul
1864 5086 2008 5150 erat,

357 5167 568 5224 videns
595 5166 1178 5223 Thessalonicensem
1204 5171 1262 5222 et
1297 5168 1641 5224 Sardensem
1671 5168 1728 5222 in
1753 5169 1877 5225 suis
1900 5171 2011 5242 pri-

358 5256 507 5312 vatis
537 5253 834 5311 obtinatos
862 5256 1173 5312 sententiis
1192 5262 1418 5312 amotos
1449 5273 1480 5312 e
1505 5257 1698 5313 medio
1719 5259 2008 5330 exsulare,

358 5343 673 5400 substituit
701 5342 848 5415 ipsis
887 5343 1036 5400 alios
1064 5343 1123 5399 in
1174 5344 1410 5401 illarum
1470 5363 1673 5402 curam
1723 5346 2008 5404 Ecclesia-

357 5449 510 5504 rum,
543 5436 600 5489 et
631 5431 927 5504 Cydonem
957 5433 1193 5503 quidem
1223 5434 1620 5501 Joannicium,
1653 5437 2010 5493 monasterio

357 5521 793 5579 Sosandrorum
826 5524 997 5576 antea
1021 5522 1421 5593 praepositum,
1472 5525 2008 5596 Thessalonicensi,

358 5611 645 5667 Jacobum
676 5624 813 5665 vero
845 5607 1178 5676 Chalazam,
1211 5611 1309 5682 qui
1343 5627 1413 5667 ex
1441 5612 1754 5669 Occidente
1811 5629 2008 5670 acces-

359 5702 524 5754 serat
569 5698 1020 5770 impcratorem,
1068 5699 1345 5756 Sardensi
1415 5703 1657 5774 praeﬁcit
1704 5702 2009 5760 Ecclesiae.

356 5783 631 5855 Elegerat
648 5786 825 5843 etiam
845 5786 903 5843 in
936 5787 1353 5859 Smyrnensem
1376 5789 1715 5863 episcopum
1748 5791 2008 5849 Isaacum

2123 669 2475 744 ὁρμώμενον.
2505 668 2666 726 Ἀλλ’
2697 668 2751 726 ἐν
2781 669 3029 744 τοσούτῳ
3057 678 3160 740 τῆς
3191 670 3400 726 ἐκείνου
3437 670 3786 747 χειροτονίας

2123 758 2309 835 φθάνει
2369 759 2547 815 πεσὼν
2604 758 2681 823 εἷς
2719 759 2878 815 νόσον
2919 761 2949 815 ὁ
2987 759 3362 836 πατριάρχης,
3395 760 3486 815 καὶ
3546 781 3784 836 προτρο-

2122 851 2249 909 παῖς
2285 844 2450 913 ἰδίαις
2473 850 2508 920 ἢ
2544 850 2653 922 μὴν
2680 848 2770 905 καὶ
2801 852 2899 904 τοῦ
2959 848 3416 923 ἐξυπηρετοῦντος
3472 847 3620 923 αὖτῷ
3672 850 3787 922 (καὶ

2120 940 2285 992 τοῦτο
2330 945 2432 1013 γὰρ
2481 934 2693 1014 λέγεται
2728 958 2741 972 ·
2776 937 2982 1001 ἐκεῖνος
3028 940 3130 1015 γὰρ
3174 939 3497 1009 ἠναισθήτει
3547 938 3614 994 τὰ
3672 936 3790 994 λοί-

2122 1035 2246 1089 σθια
2274 1027 2533 1101 πνέω-ἢὸ
2591 1027 2649 1082 ἐκ
2707 1026 3107 1098 Θεσσαλονίκης
3164 1029 3412 1098 Νικήτας
3464 1026 3779 1105 Δυῤῥαχίου

2120 1121 2540 1191 χειροτονεῖται.
2593 1114 2744 1173 Ἀλλ’
2775 1117 2810 1186 ἠ
2861 1115 3023 1192 κυρία
3063 1115 3188 1172 τότε
3216 1120 3313 1170 τοῦ
3372 1117 3605 1180 θανάτου
3665 1116 3779 1195 ἐφί-

2123 1224 2309 1259 σταται
2338 1209 2419 1277 τῷ
2439 1204 2919 1281 πατριαρχεύοντι,
2955 1202 3045 1259 καὶ
3076 1206 3105 1260 6
3138 1203 3199 1260 ὲκ
3227 1207 3325 1274 τῆς
3380 1209 3479 1261 τοῦ
3533 1204 3788 1270 Πέλοπος

2121 1292 2179 1348 ἐκ
2209 1293 2519 1370 πριγκίπων
2573 1293 2820 1369 μοναχὸς
2863 1290 3176 1363 Θεοδόσιος,
3207 1293 3346 1368 ἀνὴρ
3406 1288 3649 1365 εὐλαϐὴς
3694 1295 3787 1351 καὶ

2122 1382 2212 1438 ἐπὶ
2242 1381 2525 1446 πλείστοις
2575 1382 2804 1460 χρόνοις
2843 1382 3108 1456 ἀσκήσας,
3143 1380 3221 1438 ἔτι
3275 1379 3333 1437 δὲ
3376 1383 3467 1438 καὶ
3510 1386 3612 1454 τήν
3658 1406 3788 1440 συν-

2123 1470 2304 1526 ουσίαν
2338 1468 2476 1540 ἡδὺς
2513 1473 2603 1526 καὶ
2634 1472 2847 1548 χαρίεις
2902 1471 2993 1526 καὶ
3052 1469 3311 1533 ποικίλος
3370 1472 3471 1540 τήν
3528 1470 3786 1545 ὁμιλίαν,

2123 1560 2196 1622 ὠς
2247 1560 2413 1633 μόνον
2467 1559 2670 1616 ἐκεῖνον
2732 1558 2920 1615 ἰδόντα
2946 1561 3088 1632 τινά,
3123 1557 3221 1615 κᾶν
3279 1560 3346 1615 τὰ
3398 1558 3628 1636 μέγιστα
3684 1561 3786 1618 λυ-

2120 1655 2307 1721 ποῖτο,
2340 1655 2517 1724 γαρᾶς
2545 1649 2801 1723 ἔμπλεων
2828 1648 3222 1721 ἀπαλλάττειν,
3255 1649 3347 1705 καὶ
3397 1650 3472 1712 ὡς
3533 1649 3589 1705 εὖ
3641 1648 3791 1727 ἔχων

2119 1743 2217 1794 τοῦ
2268 1740 2457 1814 γὲνους
2514 1744 2657 1803 θεῖος
2707 1743 2805 1794 τοῦ
2856 1743 3184 1814 κρατοῦντος
3225 1738 3780 1813 ὀνομαζόμενος,τ’ἰ,ν

2123 1828 2440 1901 οἰκονομίαν
2493 1832 2593 1883 τοῦ
2637 1827 2761 1883 ὅσον
2827 1826 2980 1882 οῧπω
3034 1828 3431 1901 τεθνηξομένου
3483 1829 3631 1903 παρά
3684 1835 3784 1885 τοῦ

2042 1952 2091 2018 Β
2122 1914 2350 1981 ἄνακτος
2382 1915 2750 1992 ἐπιτρέπεται,
2784 1915 2899 1971 ἐπεί
2929 1916 3016 1971 τοί
3045 1937 3109 1992 γε
3136 1917 3227 1971 καὶ
3258 1918 3542 1993 χρήμασιν
3577 1916 3783 1983 ἐπλού-

2125 2026 2204 2060 τει
2265 2004 2324 2061 ἐκ
2368 2013 2468 2076 τῆς
2503 2006 2730 2084 Ἐφέσου
2794 2004 3054 2068 πολλοῖς.
3104 2004 3243 2062 Τότε
3299 2010 3429 2080 γοῦν
3489 2004 3636 2077 νόξαι
3685 2008 3780 2062 τὸν

2126 2093 2371 2167 κείμενον
2403 2092 2621 2169 λέγεται
2649 2095 2741 2150 τὸν
2774 2093 3091 2170 ἐπίτροπον,
3123 2090 3179 2148 εἷ’
3201 2114 3319 2157 πως
3362 2095 3576 2168 αἱροῖτο
3623 2093 3781 2151 ἐπεν-

2129 2181 2351 2254 δυθῆναι
2376 2184 2442 2239 τά
2470 2189 2730 2259 μοναχῶν
2769 2205 2780 2216 ·
2815 2185 2843 2239 ὁ
2877 2181 2935 2239 δὲ
2984 2183 3094 2258 οὐχ
3149 2182 3299 2246 ὅπως
3358 2182 3603 2257 ἐπείσθη,
3635 2183 3784 2241 ἀλλά

2126 2273 2217 2329 καὶ
2270 2275 2481 2349 βαρέως
2533 2276 2634 2344 τὴν
2693 2273 3002 2347 ὑπόμνησιν
3057 2271 3281 2348 ἤνεγκεν
3330 2274 3405 2336 ὡς
3461 2275 3780 2346 τεθνῃξείων

2127 2362 2436 2439 ἀρχιερεύς.
2470 2363 2574 2420 Καὶ
2623 2360 2689 2433 δή
2751 2364 2800 2436 ἐξ
2852 2360 3151 2436 ἀνθρώπων
3211 2363 3509 2439 γεγονότος
3563 2363 3638 2428 ὡς
3690 2364 3786 2419 τά·

2128 2470 2252 2527 χος,
2284 2453 2311 2506 6
2362 2452 2553 2527 νεκρὸς
2608 2452 2814 2508 ἐκείνου
2869 2449 3245 2527 διακομίζεται
3301 2453 3443 2527 πρὸς
3498 2454 3787 2530 τήνἘφε-

2126 2561 2240 2613 σον,
2272 2541 2369 2595 κάν
2400 2544 2469 2614 τῇ
2516 2539 2861 2614 μητροπόλει
2909 2545 2989 2614 τῷ
3036 2541 3194 2619 τάφῳ
3243 2538 3475 2610 δίδοται,
3508 2541 3645 2616 ἀνὴρ
3694 2543 3791 2598 τὸν

2130 2630 2247 2706 βίον
2314 2631 2409 2703 μὲν
2461 2625 2718 2706 φοϐερὸς,
2771 2627 3191 2700 ἀκατάπληκτος
3248 2627 3306 2685 δὲ
3363 2636 3482 2694 τοῖς
3533 2628 3796 2707 ἄρχουσι,

2129 2721 2238 2773 τῶν
2302 2715 2359 2774 δὲ
2408 2738 2469 2794 γε
2527 2713 2774 2795 φοϐερῶν
2830 2719 3166 2794 ὑπερόπτης,
3217 2720 3355 2775 κατά
3413 2718 3611 2796 ἀρετὴν
3668 2743 3795 2776 παι-

2131 2806 2308 2872 διόθεν
2342 2809 2596 2879 συνήθης,
2631 2804 2786 2880 δόξας
2816 2805 2874 2862 δὶ
2901 2807 3026 2863 τότε
3052 2812 3174 2871 τοῖς
3218 2805 3456 2872 πολλοῖς
3515 2809 3797 2886 ἐπαχθὴς,

2129 2896 2191 2952 οὗ
2248 2894 2337 2952 διά
2381 2898 2479 2966 τήν
2544 2898 2826 2970 μετάθεσιν
2871 2897 3030 2953 τόσον
3083 2897 3211 2953 ὅσον
3242 2899 3304 2953 τὸ
3338 2902 3537 2968 ζῶντος
3597 2921 3795 2976 πατριο

2126 2984 2307 3063 ἄρχου
2337 2985 2566 3062 γνησίου
2595 2985 2757 3042 κῦτὸν
2792 2985 3189 3061 μετατίθεσθαι.

2127 3113 2318 3170 virum
2351 3116 2408 3170 et
2434 3113 2630 3186 ipsum
2662 3113 3039 3181 honoratum,
3074 3114 3174 3187 qui
3206 3130 3236 3171 e
3277 3118 3636 3173 monasterio
3676 3118 3790 3174 Xe-

2127 3202 2437 3275 ropotami,
2492 3202 2604 3259 sito
2664 3203 2724 3259 in
2781 3203 3053 3275 partibus
3107 3203 3401 3270 Oceiduis,
3462 3206 3779 3277 prodierat.

2130 3294 2241 3352 Sed
2268 3310 2402 3350 cum
2434 3298 2592 3349 esset
2621 3294 2679 3349 in
2703 3293 3008 3365 procinctu
3041 3294 3114 3352 ad
3146 3293 3303 3351 hunc
3355 3294 3776 3364 ordinandum,

2129 3381 2416 3439 inciditin
2465 3381 2737 3437 morbum
2798 3381 3155 3453 patriarcha,
3215 3384 3385 3454 cujus
3437 3382 3678 3440 consilio
3710 3400 3779 3439 ac

2124 3472 2447 3542 voluntate,
2469 3469 2558 3527 vel
2583 3471 2777 3543 potius
2808 3470 3067 3528 ministri
3094 3473 3224 3544 ejus
3251 3472 3412 3545 (nam
3442 3478 3501 3530 et
3530 3473 3640 3530 hoc
3688 3476 3779 3531 di-

2124 3560 2301 3633 citur)
2315 3561 2579 3632 cumjam
2600 3560 2721 3632 ipse
2736 3560 3048 3617 destitutus
3062 3560 3255 3617 ofﬁcio
3283 3578 3566 3618 sensuum
3586 3570 3789 3636 ageret

2125 3650 2409 3718 animam,
2444 3648 2987 3708 Thessalonicensis
3016 3649 3247 3706 Nicolas
3273 3650 3330 3705 in
3354 3651 3785 3724 Dyrrhachien-

2124 3759 2249 3800 sem
2276 3743 2582 3814 promotus
2613 3743 2702 3796 est
2723 3739 3025 3796 thronum.
3086 3740 3373 3797 Caeterum
3432 3741 3779 3812 patriarchae

2124 3831 2443 3888 constituta
2472 3828 2643 3885 morti
2675 3828 2798 3885 dies
2856 3825 3150 3899 illuxerat,
3209 3832 3266 3884 et
3320 3828 3781 3902 Peloponnesias

2123 3921 2449 3978 monachus
2475 3934 2545 3975 ex
2601 3917 2936 3991 principum
2988 3918 3067 3974 ibi
3099 3917 3536 3975 dominantium
3594 3920 3781 3993 stirpe

2122 4008 2512 4077 Theodosius,
2545 4008 2632 4063 vir
2660 4007 2816 4080 pius,
2849 4006 3070 4080 quique
3100 4007 3495 4081 exlongojam
3517 4011 3783 4081 tempore

2120 4098 2299 4155 vitam
2328 4096 2660 4170 religiosam
2687 4099 3025 4153 exercuerat
3045 4096 3474 4153 consuetudine
3493 4114 3628 4153 vero
3656 4103 3781 4154 tam

2123 4187 2275 4243 comi
2308 4203 2373 4242 ac
2396 4187 2578 4243 faceta
2595 4185 2991 4256 varietateque
3002 4184 3257 4256 jucundi
3279 4186 3567 4243 sermonis
3587 4192 3778 4259 grata,

2125 4281 2188 4332 ut
2208 4275 2401 4348 quivis
2424 4274 2804 4347 quantumvis
2827 4278 3075 4329 mmstus
3098 4290 3164 4330 eo
3195 4273 3317 4330 viso
3349 4274 3710 4333 exhilaratus
3723 4282 3781 4332 et

2128 4366 2396 4439 gaudens
2429 4363 2617 4420 abiret
2648 4367 2926 4436 prazterea
2957 4363 3330 4419 nobilissimo
3360 4380 3590 4435 genere,
3622 4365 3785 4421 itaut

2121 4462 2368 4530 patruus
2384 4453 2753 4526 imperatoris
2769 4455 3251 4510 nominareturad
3264 4455 3671 4512 ministrandis
3690 4456 3788 4514 ho-

2125 4550 2219 4605 nis
2234 4552 2273 4604 l
2286 4549 2380 4605 27
2403 4546 2737 4603 moribundi
2756 4546 3101 4619 patriarcha)
3128 4547 3709 4619 praedivitis,utdictu
3722 4569 3778 4607 ω

2123 4643 2233 4707 est,
2257 4635 2744 4709 pecuniaEpheso
2769 4640 3018 4707 portata,
3045 4635 3395 4707 praepositus
3418 4636 3490 4693 ab
3518 4639 3778 4709 Augusto

2120 4731 2230 4783 est.
2265 4727 2368 4781 llic
2399 4726 2774 4797 languentem
2809 4742 2929 4781 suae
2952 4742 3100 4780 curae
3124 4725 3507 4782 commissum
3531 4730 3782 4786 tentavit

2121 4816 2328 4888 ecquid
2360 4814 2534 4871 vellet
2565 4814 2834 4870 monachi
2866 4820 3083 4871 vestem
3116 4814 3381 4874 induere.
3403 4815 3598 4872 Atille
3628 4818 3777 4874 adeo

2121 4922 2235 4961 non
2269 4908 2360 4960 est
2388 4920 2689 4975 assensus,
2725 4910 2788 4958 ut
2816 4905 2992 4960 etiam
3027 4905 3204 4960 istam
3252 4907 3614 4962 mentionem
3649 4923 3777 4962 mo-

2121 4993 2265 5050 leste
2294 4993 2513 5063 tulerit,
2537 4995 2851 5049 ostendens
2869 4993 3184 5049 seomnino
3206 4995 3352 5049 velle
3383 4994 3777 5068 patriarcham

2123 5083 2294 5139 mori.
2329 5082 2504 5137 Porro
2534 5082 3059 5153 hujus,postquam
3089 5083 3365 5154 migravit
3386 5102 3455 5139 ex
3471 5083 3774 5156 humanis,

2121 5189 2335 5245 corpus
2366 5170 2631 5227 celeriter
2660 5174 3028 5242 deportatum
3081 5171 3378 5243 Ephesum
3441 5172 3561 5229 illic
3617 5175 3774 5246 apud

2122 5261 2636 5332 metropolitanum
2670 5259 2960 5332 templum
2994 5260 3311 5332 sepulturae
3360 5262 3633 5319 traditur.
3674 5262 3780 5319 Vir

2123 5351 2237 5406 fuit
2263 5350 2383 5405 vita
2405 5365 2663 5420 severus,
2698 5349 3032 5419 intrepidus
3078 5348 3137 5403 in
3169 5350 3461 5406 obstando
3494 5350 3779 5422 principi-

2122 5440 2255 5508 bus,
2288 5437 2685 5511 periculorum
2719 5437 3137 5509 minarumque
3158 5443 3548 5509 euntemplor,
3574 5440 3776 5496 virtuti

2121 5546 2154 5584 a
2185 5532 2673 5600 pueroassuetus,
2697 5527 3067 5582 visusautem
3083 5533 3206 5581 tum
3241 5526 3446 5583 multis
3476 5528 3779 5586 instrusus

2120 5618 2178 5674 in
2212 5616 2660 5689 patriarcbalem
2694 5614 2992 5683 thronum,
3029 5632 3142 5671 non
3190 5620 3309 5672 tam
3343 5616 3495 5685 quod
3524 5615 3779 5673 transla-

2122 5714 2215 5762 tus
2245 5721 2314 5761 ex
2343 5704 2637 5775 Ephesina
2667 5702 2824 5771 sede,
2858 5719 3032 5771 quam
3064 5704 3219 5774 quod
3268 5703 3532 5775 legitimo
3581 5703 3775 5761 adhuc

2121 5794 2350 5850 vivente
2376 5791 2708 5865 patriarcha
2736 5789 3061 5848 translatus
3094 5792 3323 5850 fuisset.
