4090 6416
335 441 446 496 565
1409 451 1506 505 DE
1546 451 1919 507 MICHAELE
1957 453 2406 514 PALEOLOGO
2443 459 2577 514 LIB.
2621 460 2691 515 II.
3656 468 3765 522 566

330 574 436 642 κγ⁴.
499 568 688 629 ’Όπως
743 569 770 622 6
835 567 1090 642 βασιλεὺς
1148 571 1250 654 ’τὸν
1326 573 1444 628 νέον
1523 570 1778 646 Ἰωᾶννην
1856 575 1986 630 ἀπε·
2021 579 2072 646 Α
2106 578 2194 632 καὶ
2255 577 2546 653 ἐμελῴδει,
2581 581 2762 639 οὐδενί
2821 582 2869 639 δ’
2926 583 3117 660 ἔθελγε
3171 587 3235 641 τὸ
3284 589 3558 663 παράπαν.
3602 589 3764 648 Ἀλλ’

998 655 1314 754 σκευασατο.
2103 665 2229 721 ὅταν
2285 670 2554 742 μεμυκόσι
2600 671 2844 748 χείλεσιν
2889 655 3328 752 ὑποκοριζομένη
3363 655 3442 732 ’τὸ
3491 680 3614 754 περὶ
3663 681 3763 750 τήν

405 748 461 799 Ὀ
495 744 680 819 μέντοι
713 767 775 822 γε
809 746 1064 822 βασιλεὺς
1097 749 1226 804 ὅσον
1260 752 1377 827 εἶχε
1405 751 1494 807 διὰ
1523 755 1756 830 γνώμης
1777 775 1992 828 κατωρ-

333 834 547 905 θωκὼς,
585 833 821 908 μηδενὸς
857 837 1310 914 ἀντιπράττοντος
1339 842 1420 914 (τὸ
1472 844 1578 919 γαρ
1608 841 1828 898 παιδίον
1878 845 1994 899 κατ’

335 921 526 1000 ὀλίγον
559 925 897 1002 παρέρῥιπτο
939 927 1028 981 καὶ
1077 929 1290 998 ἠσθένει
1337 931 1473 1006 πρὸς
1521 933 1622 999 τήν
1677 934 1879 1008 ἀρχὴν,
1915 934 1988 994 ὡς

331 1012 423 1068 καὶ
455 1014 593 1069 αὐτᾶ
624 1011 689 1084 δὴ
719 1015 786 1068 τα
814 1021 914 1084 τῆς
951 1013 1227 1089 βασιλείας
1279 1015 1535 1091 σύμϐολα
1583 1018 1757 1096 ἄχθος
1809 1023 1986 1098 φέρειν

332 1105 486 1160 κενόν
520 1126 532 1138 υ
564 1104 764 1180 ὥριστο
794 1107 898 1180 γὰρ
943 1107 1032 1161 καὶ
1090 1112 1257 1164 ταῦτα
1316 1106 1660 1186 ἀποϐαλεῖν),
1694 1111 1782 1168 διὰ
1833 1119 1987 1170 τοῦτο

330 1193 384 1248 ἐν
447 1194 762 1270 ἂνακωχαῖς
818 1197 884 1264 ἦν
941 1198 1028 1250 καὶ
1082 1196 1305 1275 ἐτρύφα,
1338 1205 1406 1274 τῇ
1434 1201 1542 1256 τῶν
1572 1208 1843 1276 γυναικῶν
1903 1204 1992 1258 a6-

329 1283 616 1362 ταδέλφων
677 1285 933 1360 θεραπείᾳ
977 1288 1379 1363 θρυπτόμενος,
1435 1293 1520 1352 αἶς
1577 1293 1667 1346 καὶ
1716 1294 1792 1358 εἰς
1835 1295 1988 1350 πάντ’

335 1373 568 1450 ἐχρῆτο,
616 1379 684 1448 τῇ
733 1375 826 1448 μὶν
881 1377 1079 1449 Μάρθα
1132 1378 1208 1439 ὡς
1257 1377 1402 1450 αὐτῷ
1448 1381 1671 1454 φανείσῃ
1701 1384 1834 1437 κατά
1881 1406 1988 1456 μη-

325 1463 457 1538 τέρα
514 1465 604 1518 καὶ
661 1467 779 1519 κατ’
811 1465 956 1520 οἶκον
1019 1468 1099 1538 [Ρ.
1141 1467 1234 1540 83]
1293 1468 1584 1543 ἀναγούσῃ,
1632 1470 1710 1543 τῷ
1762 1471 1988 1546 μεγάλῳ

327 1552 640 1628 δομεστίκῳ
671 1555 746 1617 εἷς
781 1556 1060 1630 ὁμοζυγον
1087 1554 1244 1632 οὔσῃ,
1277 1556 1494 1614 πολλοῦ
1541 1582 1686 1624 τινος
1738 1562 1987 1636 τιμωμέ-

324 1666 406 1715 νῳ
437 1648 516 1716 τῷ
571 1642 786 1719 βασιλεῖ
839 1646 890 1718 (6
931 1643 1261 1720 περίπυστος
1303 1644 1346 1700 δ’
1392 1649 1456 1716 ἦν
1506 1647 1710 1712 ἐκεῖνος
1759 1655 1986 1726 Ταρχα·

323 1734 602 1805 νειώτης),
635 1737 703 1806 τῇ
739 1731 784 1787 δ’
819 1732 1061 1808 Εὐλογίᾳ
1091 1734 1164 1796 ὠς
1215 1736 1303 1789 καὶ
1355 1736 1491 1810 αύτῇ
1545 1736 1729 1802 καλῶς
1783 1739 1986 1816 ἐχούσῃ

318 1828 420 1878 τοῦ
450 1821 620 1892 ἤθους
649 1823 737 1876 καὶ
771 1822 938 1877 πλέον
1044 1822 1220 1895 ἐκείνη
1273 1821 1653 1902 τυρϐαζομένῃ
1705 1831 1838 1902 πρὸς
1887 1832 1984 1906 βα-

2102 754 2265 811 πόλιν
2321 755 2518 832 διεξῄει
2553 761 2637 832 (ἦν
2689 759 2746 816 δὲ
2792 764 2854 818 τὸ
2899 763 3191 837 λεγόμενον
3225 767 3300 826 ὡς
3354 765 3472 841 εὖγε
3526 772 3605 840 τῷ
3656 770 3760 844 βα-

2103 844 2248 900 σιλεῖ
2303 854 2401 917 τῆς
2431 848 2669 922 πόλεως,
2700 851 2790 906 καὶ
2846 853 2919 916 ὡς
2975 853 3111 908 κατὰ
3154 857 3390 929 χρυσέαν
3441 856 3622 928 πύλην
3654 858 3758 912 εἶσ-

2104 933 2280 999 ελθεῖν
2337 935 2559 1009 μέλλοι,
2611 940 2701 994 καὶ
2751 942 2824 1002 ὡς
2867 943 2927 996 τὸ
2978 943 3067 997 καὶ
3112 944 3176 998 τὸ
3225 941 3399 999 ἐκεῖσε
3450 945 3758 1022 μεγαλυνόο

2106 1044 2267 1097 μενος
2345 1023 2718 1101 ἐκτελέσειεν),
2769 1028 2961 1084 αὐτίκα
3016 1031 3232 1093 τούτοις
3290 1031 3469 1108 ὥσπερ
3529 1039 3753 1111 Σειρῆσι

2097 1115 2162 1168 τὸ
2220 1112 2438 1169 παιδίον
2487 1115 2813 1191 θελγόμενον
2863 1121 3141 1194 κατεσίγα,
3190 1119 3281 1175 καί
3323 1143 3440 1185 πως
3491 1123 3754 1194 μαλακῶς

2098 1202 2187 1255 καὶ
2219 1201 2397 1271 ἡδέως
2426 1206 2856 1275 κατεκοιμίζετο.
2889 1207 3072 1270 Οὕτως
3126 1211 3260 1277 ἦσαν
3320 1211 3374 1264 αἱ
3422 1209 3753 1290 αὐτάδελφαι

2097 1295 2176 1362 τῷ
2209 1290 2426 1364 βασιλεῖ
2455 1294 2542 1348 καὶ
2575 1293 2746 1349 πάλαι
2783 1297 2875 1369 μὲν
2911 1297 2988 1358 εἰς
3031 1301 3374 1370 προμήθειαν
3426 1301 3528 1368 τήν
3574 1322 3752 1374 προσ-

2099 1381 2358 1450 ἤκουσαν,
2392 1383 2480 1436 καὶ
2530 1383 2651 1438 τότε
2700 1382 2758 1439 δὲ
2797 1383 3185 1460 πολυωροῦσαί
3234 1409 3291 1442 τε
3337 1388 3427 1442 καὶ
3485 1387 3749 1458 κηδεύου-

2099 1491 2206 1536 σαι,
2253 1470 2340 1545 ὑφ’
2370 1475 2455 1532 αἶς
2499 1471 2856 1548 λιπαρούσαις
2900 1475 2992 1546 μὲν
3046 1475 3233 1530 πολλά
3271 1499 3412 1531 τισιν
3463 1477 3540 1539 είς
3599 1479 3750 1552 εὐερ-

2096 1558 2279 1632 γεσίας
2346 1558 2595 1634 ἔπραττε,
2648 1558 3152 1634 συμϐουλευούσαις
3220 1563 3276 1620 δὲ
3337 1571 3600 1641 προσεῖχε
3658 1569 3746 1621 καὶ

2098 1650 2449 1722 συγκατήνυε.
2512 1649 2732 1725 Λέγεται
2794 1649 2850 1706 δὲ
2917 1652 3006 1707 καὶ
3076 1654 3148 1714 ὡς
3205 1652 3382 1729 βουλῇ
3442 1660 3609 1732 σφῶν,
3659 1658 3746 1710 καὶ

2099 1733 2312 1806 μᾶλλον
2363 1743 2463 1804 τῆς
2524 1737 2793 1813 Εὐλογίας
2840 1740 3061 1811 (θατέρα
3090 1739 3190 1816 γὰρ
3241 1740 3364 1816 περὶ
3422 1741 3748 1796 τὰπλεῖστα

2098 1822 2485 1898 μαλακώτερον
2554 1828 2746 1900 εἶχαν),
2811 1826 3106 1882 ἰδιωτεύειν
3185 1830 3276 1884 τὸν
3337 1831 3590 1899 Ἰωάννην
3665 1831 3747 1885 αἰ-

383 1910 500 1966 λέα.
535 1913 637 1966 οὐκ
669 1910 789 1966 οἶδα
820 1909 877 1966 δὲ
910 1911 954 1966 εἰ
985 1912 1074 1966 καὶ
1108 1914 1168 1966 τὸ
1222 1913 1515 1966 ὑποτείνειν
1568 1914 1793 1966 ἐλπίδας
1840 1938 1981 1966 von-
2019 1953 2059 1966 η
2096 1918 2186 1966 oo?

321 1914 500 1981 σιλέα,
535 1914 637 1967 οὐκ
669 1914 789 1968 οἶδα
820 1914 877 1966 δὲ
910 1914 954 1966 εἰ
985 1914 1074 1966 καὶ
1108 1914 1168 1968 τὸ
1222 1914 1515 1969 ὑποτείνειν
1568 1914 1793 1980 ἐλπίδας
1840 1938 1981 1994 χρη-
2016 1953 2063 2017 Β
2095 1918 2268 1987 ροῖτο.

401 2001 414 2016 1
487 1999 502 2017 9
555 2001 568 2016 ἢ
634 2004 660 2014 υ
847 1999 866 2017 \
979 1996 1015 2017 I‘
1169 2006 1191 2016 ν
1259 2003 1286 2017 Λ
1388 2001 1406 2017 ς
1453 2009 1475 2017 .-
1542 2004 1555 2017 9
1733 2006 1744 2017 ι
1936 2009 1947 2017 ι

323 2001 452 2062 στας
484 1999 571 2055 ἐπὶ
598 2004 664 2072 τῇ
701 1996 1078 2075 μεγαλοπόλει
1121 2006 1204 2073 τῷ
1258 2001 1475 2076 βασι)ιεῖ
1524 2004 1600 2066 ὠς
1650 2006 1852 2076 ταύτην
1900 2009 1986 2060 αἱ-

319 2092 548 2165 ρήσοντι
597 2089 656 2144 ἐκ
699 2089 996 2163 μορσίμου.
1032 2091 1111 2147 Τὸ
1164 2088 1221 2145 δὲ
1268 2093 1564 2166 μόρσιμον,
1619 2096 1750 2166 μεθὸ
1805 2097 1899 2168 μὲν
1948 2100 1982 2166 ἡ

317 2176 488 2240 πόλις
521 2176 692 2246 ἑάλω,
727 2178 905 2248 ἐκείνη
939 2184 1117 2254 τρανῷ
1165 2177 1414 2254 διηγεῖτο
1463 2183 1691 2254 στόματι
1740 2185 1826 2239 κα)
1862 2186 1986 2240 ἀπε⁸

316 2267 566 2340 θαύμαζε
597 2265 851 2344 λέγουσα,
886 2262 993 2322 ἔδει
1029 2265 1086 2323 δὲ
1113 2270 1199 2323 καὶ
1241 2272 1341 2338 τήν
1394 2273 1500 2345 πρὸ
1559 2277 1656 2326 τοῦ
1719 2272 1978 2348 Αέγουσαν

319 2357 556 2433 θέλγειν.
587 2358 657 2412 Τὸ
691 2354 746 2412 δὲ
775 2358 866 2430 ἧν,
899 2359 972 2420 ὡς
1013 2359 1461 2432 κατακοιμίζοιτο
1517 2363 1613 2435 μὶν
1663 2362 1689 2417 6
1726 2362 1977 2439 βασιλεὺς

317 2445 426 2500 ὑπὸ
475 2447 661 2516 τίτθης
729 2446 927 2522 βρέφος
1006 2445 1056 2501 ἐν
1135 2447 1305 2520 Λίκνῳ
1377 2451 1534 2519 ποτὲ,
1589 2450 1864 2512 πολλάκις
1927 2450 1978 2506 δ’

313 2535 569 2611 ήγρίαινέ
623 2557 680 2590 τε
730 2536 820 2590 καὶ
891 2536 1293 2614 ἐκΛαυΘμύριζε
1369 2541 1460 2594 τὸν
1526 2539 1692 2596 ὕπνον
1745 2540 1972 2597 ἀποδιο-

315 2623 742 2697 πομπούμενον,
777 2624 894 2680 ἐπεὶ
927 2623 970 2680 δ’
1004 2626 1210 2696 ἐκείνην
1256 2623 1361 2682 ἔδει
1411 2630 1518 2682 τινὶ
1581 2629 1733 2703 μέλει
1776 2629 1866 2685 διὰ
1915 2631 1976 2685 τὸ

314 2714 602 2791 ἆγριαῖνον
650 2719 960 2790 κατασιγᾷν,
991 2713 1177 2770 πολλὰ
1229 2717 1322 2789 μὲν
1367 2717 1430 2772 ’ἐκ
1474 2717 1707 2790 μελέτης
1766 2725 1974 2794 συνεῖρε

362 2933 455 2988 23.
495 2935 561 2991 ω
584 2935 892 3005 imperator
917 2949 1159 3005 puerum
1178 2936 1444 2991 Joannem
1473 2937 1924 2993 axauctoraverit

389 3023 798 3079 Succedebant
830 3039 1002 3095 porro
1032 3023 1371 3094 imperatori
1392 3026 1692 3098 negotium
1717 3026 1975 3082 trahenti

322 3114 396 3168 ad
431 3127 494 3168 se
526 3111 582 3168 in
604 3112 862 3169 solidum
888 3112 1370 3185 imperii,resque
1404 3115 1638 3171 nemine
1663 3117 1788 3186 jam
1807 3116 1975 3186 quid-

318 3218 500 3275 quam
535 3204 737 3258 contra
761 3200 1034 3258 moliente
1069 3203 1442 3273 procedebat.
1469 3204 1618 3260 Puer
1647 3204 1804 3261 enim
1831 3221 1975 3277 pau-

311 3292 483 3348 latim
531 3291 947 3347 removebatur
1004 3291 1359 3364 principatu,
1424 3310 1529 3349 nec
1585 3294 1704 3364 iam
1752 3293 1866 3350 nisi
1897 3298 1975 3351 te-

315 3397 498 3437 nuem
531 3383 588 3436 et
617 3380 927 3437 evanidam
958 3381 1088 3452 ejus
1122 3382 1378 3452 speciem
1410 3382 1685 3452 habebat,
1719 3383 1975 3456 insignia

310 3469 480 3542 regni
509 3473 753 3542 gestans
771 3468 866 3525 ille
889 3469 1128 3541 quidem
1156 3470 1479 3538 adhuc,sed
1502 3476 1784 3543 tanquam
1809 3472 1984 3527 inane

314 3559 711 3631 pondus;quaa
726 3561 783 3613 et
807 3557 934 3628 ipsa
953 3557 1004 3613 ei
1031 3557 1480 3630 auferendajam
1503 3559 1808 3615 decretum
1837 3563 1980 3614 erat.

314 3648 512 3714 Quare
545 3647 793 3702 Michael
825 3663 1034 3703 securo
1060 3647 1188 3717 jam
1219 3647 1525 3719 liberoque
1576 3648 1774 3705 animo
1827 3666 1889 3704 se
1922 3649 1981 3702 in

317 3737 582 3809 quietem
617 3735 977 3807 deliciasque
1000 3735 1555 3809 relaxabat,prolixo
1580 3737 1637 3792 in
1663 3737 1755 3793 his
1786 3736 1980 3792 indul-

324 3827 610 3898 gentique
641 3825 1001 3881 admittendo
1036 3825 1364 3882 ministerio
1395 3843 1664 3882 sororum
1715 3827 1980 3883 certatim

324 3921 664 3988 Augustum
686 3915 928 3970 fratrem
952 3914 1250 3987 obsequiis
1267 3915 1457 3971 favore
1479 3915 1756 3972 mollibus
1780 3916 1986 3972 mulie-

319 4005 447 4062 ebri
480 4003 765 4061 sdulitate
785 4003 1207 4076 satagentium.
1229 4009 1406 4060 Porro
1438 4003 1536 4059 ille
1566 4021 1981 4076 germanarum

320 4111 499 4167 opera
533 4093 740 4149 nonin
781 4109 923 4148 cura
972 4091 1165 4148 solum
1226 4093 1510 4164 corporis,
1571 4093 1672 4149 sed
1730 4092 1790 4148 in
1851 4094 1982 4151 aliis

324 4200 489 4256 aeque
520 4181 752 4238 cunctis
785 4181 1084 4247 utebatur,
1119 4180 1443 4252 plurimum
1477 4181 1714 4252 utrique
1746 4181 1980 4238 illarum

321 4275 386 4330 in
419 4273 580 4329 omni
613 4287 825 4343 genere
853 4271 1042 4326 ﬁdens
1073 4270 1481 4343 tribuensque,
1526 4271 1818 4326 Martham
1851 4271 1981 4345 qui-

324 4365 461 4419 dem
494 4361 693 4418 studio
727 4359 1059 4431 fiduciaque
1093 4359 1254 4414 ﬁliali
1304 4360 1515 4416 solitus
1570 4361 1864 4432 amplecti,
1916 4378 1983 4416 ex

319 4468 440 4524 quo
472 4451 542 4507 ab
576 4467 644 4506 ea
677 4453 741 4504 ut
764 4453 954 4505 matre
985 4449 1272 4504 educatus
1315 4449 1730 4504 amantissime
1789 4451 1984 4505 fuerat

320 4542 579 4598 habente
605 4539 799 4611 ipsum
831 4555 1032 4594 secum
1067 4538 1128 4593 in
1160 4537 1266 4592 viri
1303 4539 1394 4592 sui
1446 4539 1618 4594 domo
1653 4541 1851 4610 magni
1886 4541 1980 4595 do-

323 4630 660 4699 mestici,ab
691 4628 1046 4700 imperatore
1083 4631 1209 4681 tum
1239 4631 1519 4697 regnante
1551 4627 1738 4683 multo
1764 4629 1819 4682 in
1847 4646 1979 4700 pre-

2095 2070 2192 2127 κδ’.
2229 2073 2307 2130 Τὰ
2356 2076 2490 2129 κατά
2537 2077 2629 2129 τὸν
2681 2075 2940 2155 Χαλυφᾷν
3005 2078 3094 2155 καὶ
3145 2077 3269 2141 τοὺς
3321 2081 3548 2155 Πέρσας,
3598 2082 3747 2143 ὅπως

2584 2147 2862 2222 Τοχάροις
2891 2149 3254 2224 ὑπετάγησαν.

2161 2274 2467 2339 Τηνικαῦτα
2524 2271 2611 2325 καὶ
2670 2276 2778 2326 τῶν
2833 2274 3125 2347 Τοχάρων,
3157 2273 3248 2338 οὓς
3304 2277 3338 2345 ἡ
3395 2278 3549 2344 κοινὴ
3586 2280 3746 2335 Ἀτα-

2091 2359 2244 2431 ρίους
2303 2358 2453 2434 λέγει
2515 2363 2796 2431 συνήθεια,
2829 2359 2984 2432 δίκην
3038 2362 3446 2439 συρῥευσάντων
3505 2365 3745 2441 χειμάρ-

2092 2447 2188 2522 ῥου
2247 2449 2384 2502 κατά
2433 2447 2717 2522 Περσίδος,
2773 2451 2799 2504 6
2847 2452 2941 2522 μὲν
3011 2451 3266 2530 Χαλυφᾶς
3330 2459 3558 2528 χρυσοῖς
3617 2457 3745 2528 παρ’

2089 2536 2303 2590 ἐκείνων
2364 2537 2752 2611 ψωμιζόμενος
2831 2537 3107 2610 ἐτελεύτα,
3167 2541 3233 2594 ού
3315 2539 3528 2614 μᾶλλον
3608 2545 3744 2596 κατὰ

2091 2625 2275 2700 χρείαν
2311 2633 2524 2700 σφαγῆς
2555 2626 2589 2694 ἢ
2632 2629 2769 2682 κατὰ
2821 2627 3056 2702 χλεύην,
3089 2629 3163 2691 ὠς
3222 2629 3334 2700 ἐξὸν
3389 2631 3480 2685 τὸν
3541 2630 3742 2706 χρυσὸν

2087 2716 2294 2789 ἐκχέειν
2346 2715 2432 2769 καὶ
2481 2720 2626 2786 νικᾷν
2688 2717 2779 2771 τὸν
2843 2715 3064 2791 ἐχθρὸν,
3127 2719 3154 2772 ὁ
3213 2716 3258 2772 δ’
3318 2719 3504 2794 ἠγάπα
3571 2718 3737 2775 πλέον

2083 2930 2265 2990 fuisse
2299 2933 2464 2988 illum
2498 2949 2652 3005 saepe
2683 2933 3110 2990 rabiosiuscule
3136 2935 3451 3006 querulum
3467 2936 3732 2991 etsomni
3768 2955 3770 2958 ν

2085 3021 2434 3088 difﬁcilis,se
2465 3038 2598 3078 vero
2629 3023 2851 3078 sororia
2881 3023 3124 3079 caritate
3165 3025 3494 3096 soporando
3532 3026 3740 3081 frater-

2088 3113 2220 3167 culo
2249 3111 2488 3167 dantem
2520 3126 2758 3184 operam
2818 3111 3035 3168 multas
3077 3116 3136 3168 et
3172 3112 3364 3168 varias
3403 3113 3639 3170 solitam
3675 3116 3744 3170 ad

2091 3217 2220 3256 eum
2256 3199 2713 3256 demulcendum
2749 3200 3053 3258 cantillare
3083 3201 3326 3268 manias,
3349 3201 3512 3257 nulla
3543 3219 3745 3260 earum

2095 3294 2337 3360 pacante
2369 3288 2842 3360 inquietudinem
2875 3289 3127 3361 pueruli,
3157 3291 3341 3346 donec
3374 3291 3745 3362 semiapertis

2088 3379 2272 3434 labris
2323 3379 2460 3432 data
2507 3394 2682 3449 opera
2725 3377 3060 3434 balbutiens
3119 3378 3410 3434 modulari
3469 3381 3745 3451 cmpisset

2088 3468 2448 3524 cantilenam
2477 3468 2548 3522 de
2581 3467 2724 3523 urbe
2750 3467 2930 3538 hujus
2951 3467 3071 3522 fere
3093 3467 3347 3524 formam
3373 3470 3532 3541 Euge
3553 3469 3739 3541 impe-

2091 3562 2250 3612 rator
2279 3557 2532 3625 urbis,in
2565 3573 2692 3612 eam
2727 3573 2906 3612 aurea
2935 3556 3230 3613 inveharis
3280 3563 3466 3628 porta,
3527 3575 3741 3631 resque

2091 3646 2197 3701 has
2229 3651 2286 3701 et
2308 3646 2415 3701 has
2439 3645 2614 3702 isthic
2638 3647 2980 3717 magniﬁcas
3005 3645 3174 3716 plane
3205 3647 3490 3718 perﬁcies.
3511 3649 3639 3703 »Ad
3672 3665 3741 3705 ea

2089 3735 2304 3805 quippe
2336 3733 2536 3790 statim
2559 3734 2735 3790 verba
2757 3735 3071 3806 puerulum
3096 3735 3257 3792 velut
3284 3735 3554 3792 Sirenum
3596 3754 3737 3809 quo-

2090 3825 2226 3878 dam
2261 3827 2436 3878 cantu
2469 3823 2780 3879 delinitum
2814 3823 3078 3894 siluisse,
3130 3825 3414 3897 mollique
3456 3842 3522 3881 ac
3575 3827 3742 3882 suavi

2090 3912 2385 3986 quievisse
2416 3912 2835 3968 somno.Tales
2866 3916 2923 3967 et
2952 3912 3034 3968 sic
3065 3911 3125 3968 in
3157 3913 3354 3985 ipsum
3387 3915 3605 3971 affectae
3629 3916 3744 3971 im-

2090 4002 2375 4074 peratoris
2399 4017 2630 4057 sorores
2661 4005 2848 4072 erant;
2881 4018 3010 4072 quae
3040 4006 3098 4058 et
3153 4001 3350 4073 ipsum
3412 4003 3574 4075 olim,
3607 4022 3743 4060 cum

2089 4093 2218 4161 ejus
2249 4090 2502 4146 velmtas
2531 4089 2622 4145 vel
2683 4091 2916 4145 fortuna
2975 4090 3239 4160 ipsarum
3299 4091 3517 4147 auxilio
3581 4094 3744 4165 eguit

2089 4180 2284 4236 studio
2309 4197 2374 4235 ac
2406 4179 2647 4235 caritate
2678 4178 3198 4250 providentissime
3218 4180 3496 4235 fovissent
3517 4186 3744 4238 einunc

2089 4269 2353 4339 ejusdem
2377 4267 2726 4338 imperantis
2749 4267 3046 4322 securitati
3073 4285 3138 4322 ac
3170 4269 3595 4325 conversationi
3617 4286 3743 4341 per-

2087 4357 2244 4428 vigili
2280 4374 2422 4412 cura
2447 4356 2886 4428 prospicerent;
2939 4373 3186 4427 quarum
3233 4357 3742 4414 commendatione

2089 4463 2156 4500 ac
2188 4446 2460 4517 precibus
2494 4445 2680 4501 multa
2709 4445 2767 4500 in
2802 4447 3089 4516 quosdam
3132 4446 3417 4502 beneﬁcia
3471 4447 3740 4518 contulit,

2089 4536 2336 4591 consilia
2392 4552 2526 4590 vero
2582 4552 2783 4591 earum
2839 4538 2894 4589 et
2951 4535 3200 4590 libenter
3247 4535 3474 4591 audivit
3517 4541 3574 4591 et
3626 4536 3743 4608 ple-

2090 4641 2339 4694 rumque
2371 4629 2612 4680 secutus
2642 4629 2751 4694 est,
2786 4623 3010 4679 Dicitur
3051 4623 3228 4679 etiam
3262 4624 3472 4679 harum
3533 4641 3741 4696 sugge-

319 4721 404 4776 tio
434 4719 862 4775 habiti.Fuerat
887 4717 932 4771 is
957 4715 1210 4788 inclytus
1232 4715 1331 4769 ille
1353 4715 1762 4772 Tarchaniota.
1788 4717 1982 4773 Altera
2013 4711 2059 4772 D
2091 4713 2281 4769 stione
2313 4715 2465 4769 ’129
2520 4715 2820 4779 inductus,
2856 4713 3106 4768 maxime
3137 4718 3332 4767 autem
3365 4713 3617 4785 Eulogiae
3653 4715 3735 4785 (in

323 4813 453 4865 erat
482 4811 523 4864 ‘l
536 4808 634 4864 28
649 4823 930 4878 germana
951 4804 1321 4876 imperatoris
1339 4803 1979 4873 Eulogia,suavissimis

322 4903 383 4954 et
414 4899 542 4970 ipsa
566 4893 1346 4965 moribus,frequentiusque
1364 4892 1537 4948 solita
1563 4893 1702 4949 itare
1737 4897 1804 4950 ad
1828 4897 1982 4966 prin-

323 4988 517 5059 cipem
551 4987 784 5042 fratrem
818 5000 1065 5054 seseque
1114 4983 1448 5038 immiscere
1503 4983 1775 5054 negotiis,
1823 4985 1977 5040 haud

321 5076 448 5133 scio
480 5092 555 5131 an
589 5091 704 5130 non
728 5074 778 5128 ei
814 5071 1499 5145 peculiariterjucunda,
1532 5073 1683 5142 quod
1719 5075 1979 5144 augurio

316 5163 434 5237 ipsi
470 5180 748 5235 prospero
783 5159 1289 5232 recuperationem
1325 5177 1554 5231 magnae
1603 5160 1766 5216 urbis
1815 5162 1979 5217 fratri

322 5253 694 5310 omiuaretur
725 5256 790 5306 ut
819 5250 938 5305 fato
967 5249 1246 5304 debitam.
1284 5249 1446 5304 Unde
1488 5253 1683 5304 autem
1735 5251 1793 5305 in
1850 5268 1978 5306 eam

323 5359 494 5413 spem
526 5344 683 5396 esset
711 5339 1002 5412 ingressa,
1028 5338 1111 5392 sic
1146 5337 1266 5402 illa,
1302 5341 1618 5410 postquam
1649 5343 1738 5394 est
1769 5340 1979 5396 deinde

316 5435 493 5503 capta
519 5429 744 5499 civitas,
774 5444 1032 5494 narrare,
1068 5431 1472 5493 consueverat,
1507 5427 1806 5484 admirans
1835 5431 1975 5483 «livi-

318 5537 461 5577 nam
493 5520 553 5575 in
584 5536 651 5575 eo
683 5517 1134 5590 providentiam.
1170 5516 1487 5586 Oportebat
1521 5521 1719 5571 autem
1747 5535 1846 5573 eos
1878 5521 1978 5590 qui

317 5610 433 5666 hoc
467 5608 675 5664 audire
698 5607 911 5678 exipsa
946 5604 1180 5671 vellent,
1213 5604 1460 5659 delinire
1504 5605 1692 5676 ipsam
1728 5607 1893 5678 prius
1923 5615 1979 5664 ct

315 5715 547 5769 rogare.
565 5698 872 5753 Referebat
904 5711 1072 5767 porro
1101 5694 1161 5748 in
1195 5693 1352 5747 hunc
1386 5695 1626 5749 modum
1654 5712 1665 5748 :
1702 5713 1834 5751 cum
1873 5697 1975 5751 im-

315 5791 554 5860 perator
587 5787 779 5843 adhuc
807 5786 1004 5841 intaus
1045 5784 1153 5838 sub
1203 5783 1380 5838 ubere
1427 5784 1649 5852 jaceret
1682 5785 1736 5838 iu
1772 5787 1972 5848 cunis,

2090 4804 2241 4857 hanc
2291 4803 2445 4857 enim
2497 4802 2770 4857 tcneriori
2829 4803 2947 4858 fere
3006 4801 3315 4856 videbatur
3371 4804 3736 4874 propendere

2090 4893 2345 4963 affectu),
2382 4893 2643 4963 redigere
2683 4892 2742 4946 in
2775 4893 3040 4947 ordinem
3067 4899 3118 4945 et
3145 4889 3477 4962 insignibus
3507 4893 3737 4964 imperii

2089 4998 2298 5037 exuere
2327 4981 2610 5036 Joannem
2635 4981 2932 5037 statuisse.

2088 5089 2177 5142 24.
2215 5090 2286 5143 De
2333 5089 2617 5160 (:halypha
2650 5096 2698 5143 ct
2753 5090 2965 5168 Persis,
3017 5097 3076 5143 ut
3131 5087 3384 5144 Tocharis
3434 5088 3548 5142 sint
3606 5090 3742 5143 sub-

2827 5171 2983 5229 jC’L‘lt.

2164 5250 2282 5303 129.
2313 5249 2474 5303 Tune
2505 5248 2803 5312 'l‘oeharis,
2867 5265 3015 5319 quos
3060 5249 3289 5304 Atarios
3334 5249 3545 5321 vulgus
3593 5250 3740 5306 solet

2090 5337 2383 5393 vocarein
2439 5337 2731 5392 Persidem
2766 5337 3048 5392 terrentis
3107 5338 3221 5391 ritu
3276 5338 3735 5411 confluentibus,

2091 5426 2420 5497 Chalyphas
2448 5443 2589 5481 auro
2620 5424 2934 5495 liquefacto
2962 5426 3018 5478 in
3038 5425 3314 5481 osiniuso
3349 5427 3738 5501 interemptus

2091 5517 2163 5571 ab
2195 5515 2312 5570 illis
2341 5519 2572 5579 cst,non
2607 5519 2723 5568 tam
2757 5514 2913 5584 quod
2949 5530 3062 5568 non
3097 5513 3276 5568 alium
3309 5517 3733 5586 expeditiorem

2089 5605 2362 5660 haberent
2388 5605 2516 5673 ejus
2541 5603 2779 5658 tollendi
2798 5603 3245 5674 modum,quam
3266 5603 3322 5658 in
3339 5606 3738 5674 exprobratio-

2087 5695 2304 5749 tionem
2339 5711 2495 5748 carem
2530 5693 2718 5764 ipsius
2747 5692 3130 5763 avaritiae,qui
3165 5710 3296 5746 cum
3329 5693 3494 5748 facile
3517 5697 3738 5764 potuis~

2090 5789 2178 5841 set
2196 5801 2403 5839 aurum
2425 5783 2776 5839 ell'unrlcudo
2800 5781 3002 5838 hostes
3025 5781 3572 5852 vincere,maluerat
3597 5803 3739 5840 auro
