4090 6402
342 446 450 504 567

1659 445 1961 505 GEORGII
1997 447 2459 504 PACHYMERE

3660 442 3772 509 568

348 570 526 630 ἐκεῖνο
581 572 618 642 ἢ
678 569 894 644 ἱσυτὸν,
924 569 1002 634 ὠς
1047 568 1139 626 καὶ
1198 570 1665 647 χρυσοτραγησων
1726 566 1993 645 ἄντικρυς.
2027 572 2084 642 Α
2113 569 2448 646 ἀπορρήτοις
2502 571 2824 646 βασιλικῶν,
2856 570 2948 626 καὶ
2989 571 3056 627 τὰ
3103 573 3219 628 κατ’
3269 571 3464 637 αὐτοὺς
3522 572 3579 630 εῦ
3640 574 3770 632 δια-

352 663 447 735 [Ρ.
481 662 574 735 84]
607 661 707 717 Καὶ
765 661 794 716 ὁ
846 660 940 733 μὶν
996 659 1140 716 οὕτω
1186 661 1304 714 κατ’
1351 657 1551 715 οἰκείαν
1618 657 1792 733 κρίσιν
1848 656 2009 723 δῆθεν

352 751 625 826 ἐπνίγετο,
650 751 719 805 τὰ
776 748 834 805 δὲ
888 756 987 819 τῆς
1043 747 1307 824 Περσίδος
1338 746 1448 818 ἤδη
1491 747 1661 803 ἐνόσει
1708 749 1799 803 καὶ
1830 753 2013 810 κακῶς

354 839 634 917 εἶχεν,’ὦς
670 837 812 912 μηδὶ
836 837 965 914 δίχα
1024 833 1195 917 φόϐου
1253 838 1341 892 καὶ
1405 837 1564 893 αὐτὸν
1625 838 1714 892 τὸν
1772 836 2006 893 σουλτὰν

361 929 619 1000 Ἀζατίην
680 928 883 984 ἐᾶσθαι.
939 925 1352 1003 Κατωρῥώδουν
1427 927 1530 1002 γὰρ
1600 928 1664 982 τὸ
1739 927 1893 992 ἔθνος
1956 928 2008 981 οἱ

349 1019 550 1094 Πέρσαι
600 1017 689 1072 καὶ
750 1016 1119 1090 κατημέλουν,
1173 1020 1459 1087 ζητοῦντες
1519 1018 1640 1080 καθ’
1699 1017 1858 1071 αὐτὸν
1929 1016 2003 1077 ὠς

351 1110 495 1182 εἶχεν
517 1104 742 1168 ἕκαστος
789 1110 886 1160 τοῦ
934 1106 1223 1175 σώζεσθαι.
1254 1106 1354 1159 Καὶ
1412 1106 1548 1161 κατὰ
1601 1108 1701 1174 τὴν
1734 1106 1913 1180 ἀρχὴν
1951 1102 2009 1159 δὲ

346 1198 413 1250 τὰ
440 1202 541 1265 τῆς
575 1193 844 1271 Περσίδος
877 1191 1272 1263 ἐκλυδωνίζετο
1320 1198 1428 1250 τῶν
1480 1199 1766 1268 σατραπῶν
1817 1193 2007 1249 ἐπανι-

347 1287 648 1355 παμένων,
697 1284 835 1340 ὥστε
909 1286 998 1339 καὶ
1078 1281 1174 1339 δύο
1228 1289 1337 1338 τῶν
1417 1290 1747 1358 μεγιστάνων
1809 1283 2009 1340 ἐκεῖθεν

347 1381 751 1451 προσχωρῆσαι
782 1378 860 1446 τῷ
894 1373 1130 1448 βασιλεῖ,
1164 1379 1261 1428 τοῦ
1314 1372 1565 1447 σουλτὰν,
1601 1375 1673 1434 ὡς
1726 1374 2006 1449 βλακικῶς

352 1463 507 1541 διῆγε
536 1464 627 1520 καὶ
657 1465 774 1519 κατ’
809 1460 1034 1533 ἰδιώτην
1080 1463 1404 1533 ἀκόλαστον,
1438 1464 1497 1519 ἐκ
1551 1470 1647 1519 τοῦ
1704 1466 2006 1540 προχείρου

352 1552 730 1628 ὑπεριδόντας.
760 1556 824 1607 Οἱ
884 1551 1173 1609 Βασιλικοὶ
1235 1552 1280 1607 δ’
1313 1555 1463 1608 οὗτοι
1516 1554 1673 1625 ἦσαν,
1709 1553 1898 1628 ἄνδρες
1950 1554 2007 1609 ἐκ

350 1641 546 1699 Ῥόδου
595 1645 691 1716 μὲν
738 1642 989 1706 ἀνέκαθεν
1052 1642 1223 1715 ὄντες,
1256 1643 1316 1698 ἐκ
1363 1642 1666 1716 θυμελικῆς
1719 1643 1763 1697 δ’
1814 1644 2008 1713 ἐπιτη-

353 1729 586 1795 δεύσεως
640 1737 720 1801 τῷ
778 1730 1007 1787 σουλτὰν
1069 1735 1579 1807 προσῳκειωμένοι,
1641 1732 1702 1786 ού
1780 1736 1886 1805 μὴν
1951 1732 2007 1788 δὲ

353 1818 501 1875 ἀλλᾶ
539 1820 629 1875 καὶ
662 1820 735 1881 ὠς
770 1819 825 1873 εὖ
858 1820 1079 1895 ἔχοντες
1130 1826 1225 1875 τοῦ
1268 1828 1483 1898 φρονεῖν
1544 1822 1610 1876 τὰ
1663 1828 1856 1898 πρῶτα
1913 1826 2006 1899 φέ-

2120 659 2355 732 θὲμενοι,
2416 659 2534 733 ὅλῳ
2592 659 2785 737 ῥυτῆρι
2865 662 3001 734 πρὸς
3046 662 3138 717 τὸν
3203 661 3433 739 βασιλέα
3487 669 3766 740 χωροῦσιν

2115 749 2167 803 ἐν
2227 748 2556 822 αὐτομόλων
2616 752 2983 825 σχήματι.¹0
3038 748 3095 806 δὲ
3144 749 3364 828 δέχεταί
3415 774 3476 809 τε
3517 754 3769 829 ἀσμένως

2113 838 2201 893 καὶ
2250 843 2385 911 τιμᾷ
2431 844 2550 902 τοῖς
2600 842 2970 915 προσήκουσι,
3018 840 3115 897 τὸν
3170 842 3266 915 μὶν
3323 840 3764 920 παρακοιμώμε-

2111 949 2202 982 νον
2273 932 2370 982 τοῦ
2446 931 2711 989 κοιτῶνος
2771 928 3249 1002 καταστησάμενος
3304 933 3399 987 τὸν
3453 933 3768 1006 Βασίλειον,

2113 1016 2335 1090 θάτερον
2388 1014 2446 1071 δὲ
2484 1017 2577 1071 τὸν
2627 1016 2922 1073 Βασιλικὸν
2957 1019 3152 1095 ,μέγαν
3186 1019 3571 1098 ἱταιρειάρχην
3631 1024 3773 1078 ἀπο-

2116 1103 2309 1175 δείξας.
2344 1106 2447 1163 Καὶ
2496 1105 2700 1181 ἐχρᾶτο
2752 1106 2969 1169 τούτοις
3021 1107 3216 1180 δεξιοῖς
3272 1109 3326 1173 ἐς
3386 1109 3470 1165 ὅτι
3535 1110 3776 1184 μάλιστα

2115 1196 2191 1257 εἰς
2247 1195 2313 1250 τὰ
2366 1197 2658 1270 πράγματα
2716 1198 3093 1271 φαινομένοις,
3143 1199 3233 1252 καὶ
3289 1201 3324 1269 ἡ
3384 1201 3521 1274 πρὸς
3576 1200 3787 1266 αὐτοὺς

2114 1284 2272 1360 φιλία
2294 1289 2392 1339 τοῦ
2428 1285 2696 1359 βασιλέως
2728 1292 2960 1359 προσῆν.
2996 1288 3063 1343 O't
3096 1284 3154 1343 δὲ
3181 1287 3372 1344 πολλὰ
3413 1290 3509 1363 μὲν
3557 1287 3770 1356 οἷ’κοθεν

2112 1372 2353 1450 ἔχοντες,
2387 1375 2486 1429 οὐκ
2526 1373 2692 1448 ὀλίγα
2750 1374 2807 1429 δὲ
2855 1375 2945 1429 καὶ
3004 1378 3151 1451 παρᾶ
3205 1382 3304 1432 τοῦ
3361 1379 3635 1454 βασιλέως
3694 1380 3771 1443 εἷς

2113 1466 2431 1538 οἰκονομίαν
2491 1461 2772 1534 λαϐόντες,
2831 1472 3039 1530 πιστῶς
3112 1468 3261 1540 μάλα
3330 1470 3420 1524 καὶ
3512 1471 3778 1534 εὐνοϊκῶς

2110 1556 2246 1609 κατὰ
2301 1555 2609 1626 Ῥωμαίους
2700 1557 3307 1630 μετασχηματισθέντες
3392 1560 3767 1636 ὁπηρετοῦντο

2109 1651 2189 1715 τῷ
2224 1643 2441 1718 βασιλεῖ
2473 1663 2484 1674 ·
2521 1642 2674 1699 οὐδὲν
2704 1646 2807 1719 γὰρ
2859 1644 3002 1699 οὕτω
3054 1646 3334 1716 συνίστησι
3391 1648 3488 1710 τὰς
3541 1649 3617 1711 εἷς
3674 1651 3775 1718 τὴν

2116 1732 2390 1795 βασιλείαν
2448 1733 2658 1795 εὐνοίας
2718 1734 2792 1795 ὡς
2825 1736 2859 1803 ἡ
2901 1736 3020 1789 κατ’
3052 1735 3201 1805 ἀξίαν
3256 1736 3420 1812 χάρις
3469 1743 3583 1799 τοῖς
3616 1739 3780 1809 ἂξίως

2112 1823 2423 1893 οἰσομένοις
2501 1824 2550 1893 ἐξ
2622 1821 2848 1894 ἑτοίμου
2930 1824 3355 1897 προτεινομένη.
3411 1825 3543 1881 Τότε
3593 1826 3683 1882 καὶ
3748 1829 3777 1882 ὁ

355 1930 538 1985 ροντες
594 1910 645 1964 ἐν
704 1910 907 1981 ἐκείνῳ,
976 1910 1230 1985 βρύοντες
1290 1910 1345 1965 δὲ
1387 1913 1475 1965 καὶ
1533 1917 1726 1986 χρυσῷ
1781 1910 2002 1981 πολλῷ,
2038 1912 2349 2012 Βσουλτὲιν
2407 1908 2483 1967 ἔτι
2545 1911 2758 1985 μᾶλλον
2808 1918 2916 1967 τῶν
2949 1913 3085 1991 ἀμφ’
3117 1914 3277 1970 αὐτὸν
3338 1914 3781 1991 κραδαινομένων

355 2000 480 2062 ὅσος
522 2000 588 2067 ἧν
641 1999 693 2053 ἐν
746 1999 1030 2071 ἐκπώμασι
1080 2001 1168 2054 καὶ
1223 2003 1349 2062 ὅσος
1412 2002 1867 2075 κατειργασμένος
1928 2005 2002 2063 εἷς

354 2086 672 2164 Χαλυιρικὸν
702 2089 965 2160 νόμισμα.
1001 2089 1079 2144 Τὸ
1114 2086 1170 2142 δὲ
1226 2094 1332 2143 τῶν
1370 2087 1583 2165 βήλων,
1616 2086 1692 2142 ἔτι
1726 2087 1783 2144 δὲ
1836 2089 2001 2145 λίθων

350 2177 442 2230 καὶ
477 2176 771 2252 μαργάρων
823 2174 1084 2250 αὔταρκες
1130 2179 1193 2246 ἦν
1257 2177 1380 2238 τοὺς
1440 2176 1654 2237 εἰδότας
1712 2181 1999 2250 θαυμάσαι.

351 2264 598 2327 Παλαιᾶς
632 2269 762 2337 γοῦν
796 2265 981 2341 φιλίας
1008 2273 1107 2335 τῆς
1158 2266 1294 2341 πρὸς
1344 2266 1437 2321 τὸν
1492 2266 1718 2340 βασιλέα
1753 2270 2007 2338 ὑπομνη-

353 2354 586 2427 σθέντες,
620 2355 808 2408 ἱκανοῦ
840 2351 1132 2415 δοκοῦντος
1181 2356 1330 2431 σφίσι
1389 2357 1478 2409 καὶ
1534 2360 1631 2410 τοῦ
1679 2362 2005 2431 κρατοῦντος

354 2441 411 2497 εὖ
446 2445 574 2516 παρ’
599 2442 813 2499 ἐκείνων
842 2444 1107 2505 παθόντος
1157 2443 1327 2499 πάλαι
1386 2446 1521 2500 κατὰ
1576 2446 1799 2501 τούπιὸν
1859 2446 2003 2501 ἀπο-

355 2531 717 2604 μνημονεύειν
751 2535 850 2601 τὴν
908 2536 1092 2608 χάριν,
1156 2532 1427 2609 βασιλέως
1485 2536 1847 2596 καταστάντος
1916 2538 2004 2588 καὶ

358 2619 681 2693 δυναμένου,
733 2623 798 2675 τὰ
862 2622 1026 2677 πιστὰ
1094 2618 1353 2683 λαϐόντες
1420 2621 1509 2677 διὰ
1566 2624 1907 2701 γραμμάτων
1953 2624 2005 2678 ἐν

349 2858 591 2915 parcere
621 2858 793 2914 quam
840 2842 968 2898 vitze
1001 2859 1068 2897 ac
1111 2841 1289 2898 saluti
1340 2843 1592 2914 propriae
1652 2843 2003 2915 prospicere,

340 2935 482 3003 jure
512 2931 585 2987 ab
613 2930 714 2987 illo
747 2933 902 3003 quod
934 2932 1081 2988 adeo
1112 2931 1341 3002 perdite
1369 2932 1745 2988 deamaverat
1772 2932 2010 2988 metallo

342 3020 636 3092 tragicum
667 3020 889 3077 exitum
920 3024 1147 3076 nactus.
1184 3024 1250 3074 Et
1297 3020 1391 3075 hic
1440 3022 1683 3090 quidem
1732 3022 1792 3076 in
1853 3021 2012 3077 hunc

347 3107 592 3163 modum
625 3111 852 3164 statuta
888 3107 1003 3179 ipsi
1034 3106 1270 3179 proprie
1308 3124 1342 3162 a
1375 3107 1816 3179 divinojudicio
1841 3126 2014 3181 poena

350 3196 676 3253 suﬂocatus
699 3196 929 3253 est.Res
948 3211 1084 3252 vero
1107 3196 1364 3252 Persidis
1391 3196 1647 3268 graviter
1666 3198 2016 3255 laborabant

2117 2005 2227 2073 ἅμα
2264 2004 2356 2074 μὲν
2384 1999 2473 2056 διὰ
2503 2003 2562 2056 τὸ
2594 2003 2752 2077 φανὲν
2783 2007 2890 2057 τῶν
2923 2003 3183 2078 Τοχάρων
3239 2001 3387 2067 ἔθνος
3431 2008 3545 2079 ἅμα
3598 2003 3657 2060 δὲ
3685 2007 3777 2060 καὶ

2117 2089 2270 2145 ἰδίων
2332 2094 2664 2167 πραγμάτων
2725 2091 2899 2162 ἓνεκα,
2929 2093 3018 2147 καὶ
3073 2091 3241 2166 μηδὲν
3287 2090 3433 2169 ἔχων
3493 2096 3521 2149 δ
3579 2116 3633 2149 τι
3687 2096 3780 2150 καὶ

2117 2179 2331 2255 δράσειε
2413 2185 2522 2236 τῶν
2608 2181 2856 2237 ἁπάντων
2925 2180 3383 2257 διεγηγερμένων,
3446 2182 3581 2259 ἔγνω
3663 2186 3776 2257 ἅμα

2114 2272 2318 2343 γυναιξὶ
2373 2272 2462 2324 καὶ
2513 2270 2745 2341 τέκνοις,
2779 2272 2918 2347 πρὸς
2997 2269 3055 2325 δὲ
3130 2273 3219 2326 καὶ
3295 2279 3498 2349 γηραιᾷ
3577 2276 3771 2350 μητρὶ,

2118 2360 2418 2432 Χριστιανῇ
2476 2359 2552 2422 εἷς
2609 2361 2675 2415 τὰ
2736 2360 2971 2432 μάλιστα
3024 2358 3297 2433 οῧσῃ,καὶ
3346 2359 3586 2438 ἀδελφῇ,
3615 2384 3776 2418 κατα-

2120 2449 2335 2524 φεύγειν
2399 2448 2476 2509 είς
2541 2449 2786 2522 βασιλέα,
2849 2451 2922 2511 ὠς
3002 2450 3201 2506 ἐκεῖθεν
3252 2451 3341 2505 καὶ
3402 2451 3584 2526 μόνως
3643 2448 3774 2525 ἕξων

2127 2539 2384 2612 βοήθειαν
2459 2540 2547 2593 καὶ
2632 2541 2767 2594 κατά
2844 2538 3033 2614 καιρὸν
3124 2538 3404 2613 ἐπανήξων
3483 2540 3638 2607 αὖθις
3724 2542 3776 2613 ἐξ

2125 2627 2417 2702 ὑπερτέρας
2482 2630 2669 2703 χειρὸς
2737 2630 2827 2685 καὶ
2906 2630 3116 2705 ἰσχύος.
3167 2633 3255 2700 [Ρ.
3313 2631 3407 2704 85]
3465 2628 3625 2702 Μηδέ
3673 2631 3776 2709 γὰρ

2121 2846 2312 2909 Quare
2334 2831 2477 2905 'cum
2513 2848 2584 2903 ab
2615 2848 2715 2904 illo
2748 2851 2979 2906 arcanis
3011 2851 3177 2922 prius
3209 2856 3493 2909 convento
3548 2852 3779 2909 nuntiis

2124 2936 2314 3008 regias
2345 2936 2496 2993 clam
2528 2937 2785 3009 perlatas
2818 2937 3449 3014 litleras,quibusipsis
3480 2941 3652 3016 plene
3682 2958 3780 2998 ca-

2122 3026 2389 3091 vebatur,
2450 3027 2837 3099 accepissent,
2871 3029 2995 3085 suis
3033 3029 3155 3086 illic
3213 3030 3396 3087 otiose
3448 3035 3782 3089 convasatis

2126 3119 2183 3169 et
2239 3120 2365 3171 tuto
2414 3116 2734 3188 asportatis
2791 3117 2991 3187 rebus,
3053 3135 3291 3176 summa
3352 3118 3649 3176 celeritate
3709 3137 3775 3177 se

2128 3205 2198 3259 ad
2232 3205 2649 3277 imperatorem
2690 3208 2999 3263 conferunt
3057 3210 3249 3281 specie
3305 3208 3767 3280 transfugarum.

352 3284 526 3342 malis
558 3288 616 3377 et
646 3284 926 3358 periculis
959 3286 1193 3377 magnis
1225 3287 1598 3357 urgentibus,
1622 3304 1751 3377 quae
1780 3304 1885 3344 nec
1916 3288 2002 3359 ip-
2040 3309 2084 3377 ρ
2122 3294 2229 3350 Eos
2257 3294 2353 3349 ille
2384 3310 2518 3350 cum
2554 3294 2805 3351 libenter
2826 3313 2893 3352 ac
2924 3298 3308 3369 perbenevole
3366 3296 3605 3370 excepit,
3637 3300 3768 3353 tum

351 3391 484 3432 sum
516 3374 821 3433 sultanum
849 3375 1154 3432 Azatinem
1189 3378 1349 3431 metu
1393 3390 1643 3432 vacuum
1707 3376 2005 3434 sinebant.

352 3465 685 3523 Horrebant
711 3465 871 3521 enim
901 3465 1089 3522 Persae
1121 3464 1496 3521 vehementer
1526 3470 1761 3537 gentem
1820 3466 2007 3534 illam,

354 3558 411 3611 et
438 3554 608 3626 quasi
641 3555 951 3626 desperato
982 3553 1294 3610 resistendi
1328 3570 1603 3611 successu
1636 3555 2009 3629 negligentes

362 3644 424 3698 in
442 3658 757 3699 commune
775 3642 1084 3699 consulere
1106 3642 1390 3715 privatam
1414 3644 1526 3699 sibi
1540 3652 1731 3715 ,prout
1759 3645 2015 3717 quisque

359 3735 613 3803 poterat,
658 3732 976 3788 nundinari
1006 3731 1259 3788 salutem
1306 3731 1453 3789 satis
1483 3732 1800 3803 habebant,
1834 3734 2014 3791 etiam

356 3821 598 3877 aliunde
612 3819 859 3892 imperio
875 3821 1127 3877 Persidis
1142 3823 1861 3896 nutante,insurgentibus
1884 3841 2014 3896 pas-

355 3912 472 3968 sim
502 3913 561 3967 et
583 3926 677 3967 res
709 3909 844 3967 aliis
875 3910 989 3967 alio
1033 3910 1408 3968 trahentibus
1461 3913 1736 3986 satrapis,
1771 3914 1916 3970 adeo
1949 3919 2015 3971 ut

357 4015 428 4057 ex
460 3999 851 4073 optimatibus
882 4001 997 4057 duo
1029 3999 1192 4057 illinc
1223 4003 1293 4059 ad
1325 4001 1740 4075 imperatorem
1767 4004 2011 4060 accede-

355 4092 508 4160 rent,
536 4092 733 4163 spreto
746 4089 984 4147 sultano
1015 4090 1522 4148 uthomineinerti
1549 4093 1790 4149 desidiae
1814 4093 2012 4149 dedito

358 4182 417 4235 et
445 4178 684 4235 omissis
714 4178 1085 4251 principatus
1114 4181 1295 4251 curis,
1327 4184 1611 4253 tanquam
1660 4181 1710 4237 si
1743 4180 2012 4252 privatus

352 4268 652 4340 quispiam
679 4283 862 4340 nepos
887 4268 1378 4337 esset,luxuriose
1408 4286 1476 4325 ac
1507 4269 1740 4345 moliter
1760 4270 2008 4326 vivente.

349 4357 420 4412 Hi
452 4356 691 4412 Basilici
719 4357 1101 4427 vocabantur,
1130 4358 1364 4413 oriundi
1398 4375 1467 4413 ex
1511 4358 1739 4426 Rhodo,
1797 4359 2009 4426 lyrices

354 4444 497 4501 olim
526 4460 594 4501 ac
625 4444 834 4501 ﬁdium
867 4447 1116 4501 artiﬁcio
1165 4447 1230 4501 in
1288 4446 1509 4502 sultani
1560 4449 1814 4519 gratiam
1870 4449 2012 4506 insi-

353 4533 541 4601 nuati,
575 4533 785 4590 deinde
817 4535 969 4605 quod
1003 4534 1250 4591 consilio
1283 4535 1714 4608 prudentiaque
1766 4538 2009 4594 excelle-

355 4626 506 4694 rent,
535 4622 607 4679 ab
640 4638 706 4679 eo
738 4623 796 4678 in
830 4622 1034 4694 primis
1058 4623 1440 4680 familiarium
1473 4625 1833 4694 culti,iidem
1864 4645 2008 4699 prae-

352 4682 563 4769 divites
594 4728 737 4769 auro
769 4682 956 4768 multo
988 4713 1074 4768 vel
1107 4714 1263 4769 130
1319 4714 1376 4769 in
1438 4682 1691 4786 scyphos
1748 4682 2006 4788 vasaque
2038 4682 2086 4745 Ῑ)

352 4802 571 4858 similia
602 4803 877 4870 formato,
908 4803 996 4857 vel
1030 4819 1172 4857 cuso
1207 4806 1265 4859 in
1301 4809 1593 4860 monetam
1626 4810 1761 4877 typo
1794 4805 2003 4880 Chaly-

353 4891 480 4963 phze
511 4891 1121 4964 signatam.Velorum
1141 4909 1672 4965 vero,gemmarum
1698 4901 1757 4950 et
1782 4913 2005 4967 marga-

355 4981 600 5037 ritarum
632 4985 866 5038 tantum
894 4982 956 5038 in
988 4983 1289 5039 recondito
1339 4983 1654 5053 habebant,
1714 4990 2003 5056 quantum

356 5069 407 5124 si
438 5070 531 5125 cui
559 5072 1079 5139 ostenderentjure
1112 5072 1447 5129 miraretur.
1480 5071 1548 5127 Hi
1580 5088 1717 5145 ergo
1748 5074 2003 5145 antiquae

358 5157 647 5212 recordati
681 5158 950 5213 amicitiae
983 5175 1161 5228 quam
1196 5176 1329 5215 cum
1368 5160 1739 5231 imperatore,
1766 5165 2001 5233 quando

354 5244 408 5299 is
438 5244 630 5298 adhuc
662 5245 925 5315 privatus
965 5248 1039 5301 ad
1071 5251 1277 5303 Persas
1337 5249 1512 5321 fugit,
1569 5255 1999 5325 contraxerant,

355 5348 647 5388 memores
677 5334 849 5389 etiam
884 5351 947 5389 se
978 5336 1038 5389 in
1070 5351 1136 5391 eo
1170 5338 1340 5408 signa
1380 5339 1721 5396 observasse
1782 5345 2000 5397 mutuae

353 5422 411 5475 in
445 5420 606 5491 ipsos
638 5420 1078 5490 benevolentiae,
1112 5441 1227 5480 non
1260 5426 1608 5483 dubitarunt
1646 5445 1775 5485 esse
1831 5429 1999 5485 illum

353 5509 657 5565 hominem
675 5509 748 5566 iis
768 5511 1034 5566 moribus
1053 5528 1229 5583 quem
1252 5530 1369 5569 non
1399 5516 1619 5572 frustra
1638 5519 2002 5575 conﬁderent

352 5603 650 5668 acceptam
684 5598 742 5653 in
774 5599 1002 5671 privata
1053 5602 1286 5657 fortuna
1333 5604 1583 5675 gratiam
1635 5607 1693 5661 in
1752 5608 1998 5679 imperio

354 5687 553 5750 etiam,
583 5694 897 5760 postquam
932 5690 1002 5744 ad
1035 5689 1179 5745 illud
1215 5693 1600 5765 ascendisset,
1633 5698 1994 5768 agniturum,

354 5781 412 5830 et
442 5790 558 5847 quo
592 5776 723 5848 plus
749 5778 871 5851 jam
902 5784 1119 5853 posset,
1154 5796 1220 5835 eo
1250 5779 1550 5839 liberalius
1584 5801 1993 5857 reponsurum.

2120 3390 2183 3438 ut
2214 3383 2378 3455 digni
2413 3388 2581 3440 erant
2613 3385 2940 3453 honoravit,
2973 3385 3225 3442 alterum
3277 3387 3515 3458 quidem
3567 3403 3772 3443 eorum

2120 3471 2401 3528 Basilium
2433 3474 2670 3529 nomine
2700 3473 3096 3531 excubitorem
3111 3475 3367 3532 cubiculi
3383 3475 3775 3544 laciens,alte-

2121 3579 2252 3618 rum
2307 3579 2442 3619 vero
2500 3562 2818 3620 Basilicum
2874 3580 3155 3638 magnum
3216 3570 3275 3622 et
3331 3565 3775 3623 hetaeriarcham

2119 3660 2347 3701 ereans.
2381 3645 2787 3717 Expertusque
2817 3661 2952 3701 mox
3000 3661 3099 3702 eos
3131 3647 3203 3703 ad
3261 3647 3463 3704 omnia
3520 3646 3594 3703 ad
3645 3663 3777 3720 quas

2119 3733 2556 3790 adhibebantur
2629 3736 2863 3792 dextros
2917 3739 3094 3809 atque
3163 3737 3512 3807 industrios,
3569 3752 3775 3795 eorum

2119 3840 2297 3895 opera
2326 3824 2659 3895 frequenter
2717 3824 3010 3891 utebatur,
3072 3841 3441 3899 pronamque
3498 3826 3560 3882 in
3605 3826 3769 3899 ipsos

2118 3929 2287 3969 suam
2343 3914 2592 3985 gratiam
2651 3915 2806 3970 haud
2863 3913 3061 3971 dubiis
3119 3914 3458 3972 declarabat
3513 3915 3772 3973 indiciis.

2116 4007 2297 4059 Porro
2327 4003 2413 4058 illi
2444 4004 2635 4061 multa
2665 4022 2733 4062 ex
2755 4021 2818 4062 se
2849 4004 3154 4077 habentes,
3170 4022 3286 4062 non
3302 4022 3491 4079 pauca
3517 4006 3667 4080 ipsis
3696 4007 3771 4062 ab

2116 4093 2468 4165 imperatore
2501 4093 2971 4151 administranda
3026 4094 3348 4152 commissa
3390 4111 3627 4152 summa
3655 4095 3771 4152 ﬁde

2116 4182 2633 4254 benevolentiaque
2664 4187 3013 4254 tractarunt,
3046 4184 3384 4257 gratissime
3400 4200 3521 4242 sem
3533 4201 3633 4258 per
3656 4185 3777 4241 uti-

2117 4272 2463 4344 lissimeque
2495 4273 3025 4330 servientes.Plane
3052 4273 3456 4330 transformati
3479 4274 3541 4331 in
3577 4291 3775 4333 mores

2119 4362 2510 4434 habitumque
2544 4363 2945 4419 Romanorum
2971 4362 3386 4419 fidelissimum
3419 4363 3774 4436 obsequium

2115 4450 2455 4521 imperatori
2488 4452 2890 4522 praestiterunt
2922 4471 2935 4508 :
2972 4452 3115 4507 nihil
3150 4451 3408 4509 enimita
3427 4451 3679 4509 subditis
3710 4453 3774 4509 in

2120 4540 2445 4611 principem
2475 4555 2679 4598 verum
2730 4556 2992 4598 amorem
3017 4542 3432 4613 sinceramque
3478 4541 3655 4598 ﬁdem
3687 4542 3776 4598 in-

2117 4631 2304 4701 spirat
2340 4635 2402 4686 ut
2433 4630 2621 4702 gratia
2649 4631 2875 4687 meritis
2897 4635 3169 4703 prompte
3200 4631 3430 4687 reddita
3459 4635 3518 4688 et
3549 4631 3772 4688 beneﬁ-

2117 4720 2272 4774 cium
2309 4719 2501 4789 dignis
2559 4737 2626 4775 ac
2687 4720 2900 4776 referre
2960 4719 3287 4775 scientibus
3347 4718 3499 4776 ultro
3558 4735 3775 4792 reprae-

2118 4809 2613 4865 sentatum.Tunc
2643 4813 2700 4865 et
2730 4809 3429 4881 sultanus,magisadhuc
3460 4810 3775 4882 magisque

2115 4897 2531 4953 vacillantibus
2591 4898 2691 4969 qui
2742 4898 2900 4954 circa
2948 4898 3146 4970 ipsum
3202 4902 3390 4969 erant,
3452 4897 3629 4955 simul
3697 4899 3774 4955 ob

2116 5003 2247 5043 sese
2315 4991 2709 5043 ostentantem
2779 4987 3033 5044 terribili
3101 4988 3294 5059 specie
3367 4987 3772 5044 Tocharorum

2114 5080 2373 5147 gentem,
2448 5076 2624 5131 simul
2694 5077 2767 5131 ob
2849 5076 3203 5149 peculiarem
3265 5092 3461 5132 rerum
3523 5092 3771 5133 suarum

2115 5166 2263 5220 131
2306 5169 2526 5221 statum
2552 5166 2821 5222 nesciens
2869 5182 2985 5237 quo
3019 5183 3082 5222 se
3108 5170 3355 5223 verteret
3385 5165 3551 5221 cuive
3580 5166 3770 5222 conli-

2114 5255 2536 5325 deret,cunclis
2560 5256 2804 5311 arrectis
2836 5255 2893 5310 in
2928 5272 3061 5326 spes
3117 5260 3385 5312 metusve
3425 5271 3621 5311 rerum
3654 5254 3774 5310 im-

2114 5344 2403 5399 minentiu
2416 5361 2469 5399 m
2487 5360 2591 5400 nec
2606 5344 2749 5400 satis
2767 5346 2994 5417 uspiam
3022 5344 3779 5415 consistentibus,decrevit

2115 5449 2249 5489 cum
2276 5434 2557 5489 uxoribus
2579 5439 2636 5489 et
2667 5433 2802 5490 ﬁliis
2826 5451 3080 5505 cumque
3110 5438 3295 5489 matre
3316 5433 3515 5490 vetula
3545 5432 3775 5506 optima

2112 5522 2466 5590 Christiana,
2521 5528 2803 5595 praeterea
2833 5541 2967 5579 cum
3005 5540 3205 5579 sorore
3237 5524 3307 5579 ad
3352 5522 3771 5596 imperatorem

2116 5613 2448 5684 confugere,
2483 5630 2515 5668 a
2541 5629 2657 5685 quo
2681 5612 2805 5670 solo
2837 5613 2941 5668 tali
2973 5613 3221 5670 articulo
3265 5629 3461 5669 rerum
3522 5629 3769 5670 suarum

2104 5701 2304 5773 juvari
2330 5706 2558 5772 poterat
2578 5706 2635 5757 et
2652 5702 2709 5756 in
2726 5708 3029 5773 posterum
3054 5701 3338 5758 auxilium
3361 5716 3767 5774 sperare,quo,

2112 5793 2160 5847 si
2194 5807 2457 5862 unquam
2493 5791 2802 5847 resedisset
2835 5790 2933 5847 illa
2965 5793 3577 5863 tempestas,tentaret
3606 5791 3768 5847 redi-
