4090 6418
346 450 457 508 569

1422 456 1519 510 DE
1558 456 1931 512 MICHAELE
1968 457 2413 516 PALEOLOGO
2451 461 2583 515 LIB.
2629 466 2701 517 ῙῙ.

3666 463 3775 521 570

343 576 618 631 πιστεύειν
697 572 843 650 ἔχειν
919 576 1090 651 ἑτέρῳ
1141 577 1238 646 τήν
1301 577 1594 651 σωτηρίαν,
1656 576 1767 633 ἐπεὶ
1826 580 1916 634 καὶ
1974 580 2001 634 ὁ
2034 583 2179 651 Αῆν
2238 582 2373 636 κατά
2422 584 2609 657 καιρὸν
2662 582 2846 647 διδοὺς
2876 584 3080 658 ἤλπιζε
3111 588 3256 664 παρᾶ
3285 592 3381 644 τοῦ
3414 582 3774 651 λαϐόντοςτά

344 664 682 741 προρῥηοείς
743 664 945 734 Μελὴκ
992 667 1098 740 πρὸ
1140 665 1358 741 χρόνων
1422 666 1810 739 αὐτομολήσας
1862 670 2010 737 παρὰ

348 753 623 829 βασιλέως
681 755 1012 830 κατείχετο,
1072 756 1130 810 ὃν
1192 753 1258 824 δὴ
1319 756 1406 811 καὶ
1466 756 1625 811 αὐτὸν
1698 757 2009 812 ὑπώπτευεν

343 844 615 917 ὁσημέραι
679 845 756 916 μὴ
819 843 1003 908 λυθεὶς
1060 845 1251 919 ἐπιστῇ
1315 846 1451 916 μετὰ
1503 845 1753 916 πλήθους
1808 846 1899 901 καὶ
1950 846 2011 901 οὐ

342 931 532 994 καλῶς
592 931 739 1008 ἔχειν
797 934 861 988 τὸ
921 932 997 994 εἰς
1059 934 1239 1009 ἀρχῆς
1294 933 1492 1007 κράτος
1522 932 1765 989 ἐντεῦθεν
1799 935 2009 1009 γένοιτό

342 1024 419 1079 οἳ.
503 1023 783 1079 Ἐπίστευε
841 1020 899 1078 δὲ
968 1024 1055 1077 καὶ
1125 1028 1246 1085 ταῖς
1306 1024 1383 1086 εἷς
1447 1023 1674 1098 βασιλέα
1746 1024 2008 1087 παλαιαῖς

340 1110 573 1174 ἐκείναις
616 1112 1045 1190 φιλοφρονήσεσι
1084 1158 1099 1182 ,
1155 1114 1245 1167 καὶ
1309 1112 1521 1189 ἐθάρρει
1580 1115 1765 1181 φανεὶς
1822 1115 2009 1169 ἀνύσαι

343 1203 411 1256 τὰ
469 1204 609 1277 πρὸς
660 1204 858 1275 θυμοῦ⁸
894 1206 1267 1280 Συμφορήσας
1300 1208 1593 1278 τοιγαροῦν
1626 1203 1839 1272 πλῆθος
1872 1224 2010 1280 χρυ-

349 1292 481 1345 σίων
530 1294 593 1346 οὐ
647 1289 845 1366 ῥᾳδίως
894 1292 1221 1367 ἀριθμητὸν,
1270 1293 1481 1348 καὶτὸν
1518 1296 1734 1368 Περσῶν
1766 1293 2007 1349 πλοῦτον

340 1376 805 1456 περιϐαλόμενος,
842 1384 954 1454 ἅμα
1002 1382 1212 1456 γυναιξὶ
1240 1385 1326 1436 καὶ
1380 1382 1613 1451 τέκνοις,
1674 1381 1770 1436 τοῖ’)
1820 1390 2010 1437 Ilicet—

341 1468 463 1532 δίας
494 1476 949 1546 προαγιυγοῦντος
1001 1472 1076 1532 ὡς
1131 1472 1358 1546 βασιλέα
1422 1477 1615 1546 χωρεῖ.
1678 1474 1738 1529 Ὀ
1797 1472 1874 1542 δὲ,
1934 1474 2010 1534 ὡς

342 1560 512 1631 εἰκὸς,
575 1560 820 1631 ἀσμένως
852 1558 1140 1633 δεξάμενος
1196 1562 1297 1615 οὐκ
1341 1562 1484 1634 εἶχεν
1549 1560 1576 1615 ὅ
1620 1565 1675 1615 τί
1737 1564 2007 1636 χρήσαιτο

340 1648 546 1720 τούτῳ,
578 1647 728 1718 πλὴν
764 1648 913 1721 μάλα
967 1649 1520 1726 φιλοφρονησάμενος
1576 1654 1714 1725 πρὸς
1778 1650 2007 1717 ἐκεῖνον,

341 1740 434 1792 καὶ
497 1738 711 1814 οαρῥεῖν
774 1736 960 1801 διδοὺς
1019 1741 1093 1800 ὡς
1159 1739 1296 1793 κατά
1349 1740 1536 1813 καιρὸν
1600 1740 1859 1810 ἐπανήξοι
1918 1741 2004 1794 καὶ

341 1829 447 1895 τὴν
509 1828 688 1902 ἀρχὴν
718 1823 980 1882 ἀναλάϐοι
1011 1827 1175 1883 αἱ)τοῦ
1227 1834 1634 1903 συνεργοῦντος,
1688 1829 1854 1906 ἐφῆκε
1888 1827 2003 1884 δια-

2120 671 2371 743 κρείττω.
2434 672 2510 729 Τὸ
2569 669 2626 726 δὲ
2682 677 2747 742 ἦν
2808 675 2909 749 ἄρα
2968 677 3030 733 οὐ
3090 676 3319 756 σταθερά
3349 699 3430 739 τις
3472 675 3630 739 ἐλπὶς
3659 682 3776 737 τοῖς

2122 763 2305 814 νοοῦσι
2360 760 2671 837 βαθύτερον.
2709 762 2883 820 Ἀλλά
2930 766 3052 822 τότε
3107 768 3197 822 τὸν
3241 767 3429 843 καιρὸν
3461 765 3771 841 Θεραπιύων

2123 849 2151 901 ὁ
2186 848 2441 923 βασιλεὺς
2472 850 2599 913 τοὺς
2633 853 2727 924 μὲν
2776 855 2898 930 περὶ
2951 856 3137 930 αὐτὸν,
3184 857 3273 911 καὶ
3319 855 3533 929 μᾶλλον
3582 860 3773 930 γυναῖ-

2121 957 2217 999 κας
2297 938 2385 991 καὶ
2458 939 2641 1007 τέκνα,
2724 942 2860 996 κατᾶ
2932 946 3261 1019 συντήρησιν
3336 946 3473 1021 πρὸς
3542 944 3769 1000 Νίκαιαν

2122 1025 2347 1098 πέμπειν
2379 1032 2456 1099 τῷ
2492 1030 2584 1101 μὲν
2616 1028 2793 1085 δοκεῖν
2852 1032 2914 1086 τὸ
2965 1034 3200 1110 ἀσφαλὲς
3258 1032 3483 1095 ἐκείνοις
3512 1033 3770 1110 παρέχων

2121 1115 2203 1188 ἐφ’
2260 1116 2305 1188 ᾧ
2353 1119 2428 1188 μὴ
2466 1113 2716 1191 βλαϐεῖεν
2750 1120 3048 1193 ἀφύλακτοι
3080 1121 3252 1185 ὅντες*
3300 1120 3552 1197 οὐδὲγὰρ
3601 1124 3771 1177 καλὸν

2121 1202 2292 1259 ἐδόκει
2334 1211 2801 1283 συνεκστρατεύειν
2852 1215 2928 1282 τῷ
2982 1211 3196 1287 βασιλεῖ
3248 1212 3432 1283 ἀήθεις
3484 1208 3641 1275 ὄντας
3681 1212 3768 1265 καὶ

2118 1301 2217 1363 τῆς
2275 1296 2762 1369 γυναικωνίτιδος·
2821 1301 2884 1354 τὸ
2939 1300 2994 1355 δὲ
3057 1302 3220 1356 πάλιν
3290 1307 3423 1378 σφᾶς
3476 1295 3770 1375 διατρίϐειν

2119 1382 2202 1436 ἐπ’
2234 1384 2504 1454 ἀνατολῆς
2534 1388 2957 1462 ἀναχωροῦντος
2986 1394 3081 1444 τοῦ
3130 1389 3422 1465 βασιλέως,
3461 1390 3537 1462 μὴ
3568 1390 3657 1444 καὶ
3693 1389 3770 1450 είς

2117 1471 2366 1528 κίνδυνον
2423 1473 2655 1550 γένοιτο.
2714 1478 2821 1533 Τὸν
2878 1477 2934 1532 δέ
2982 1500 3045 1553 γε
3102 1477 3333 1534 σουλτάν
3384 1479 3767 1555 συμπεριάγων

2118 1563 2265 1633 αὐτῴ
2325 1564 2415 1617 σὺν
2477 1566 2832 1639 προσηκούσῃ
2882 1571 3020 1641 τιμῇ
3080 1568 3177 1635 τήν
3237 1567 3323 1620 ἐπὶ
3379 1573 3495 1629 τοῖς
3562 1567 3768 1622 ἐκείνου

2118 1653 2424 1721 συνεσκίαζε
2454 1654 2667 1726 πρᾶξιν,
2729 1657 2794 1723 ἢν
2854 1661 2933 1727 τῷ
2993 1658 3086 1728 μὲν
3149 1654 3350 1729 δοκεῖν,
3403 1658 3476 1718 ὡς
3536 1656 3768 1729 εἴρηται,

2120 1742 2248 1815 ὑπὲρ
2308 1740 2603 1819 ἀσφαλείας
2652 1745 2873 1799 ἐκείνων
2929 1746 3280 1821 προσέταττε,
3339 1750 3407 1819 τῇ
3468 1743 3512 1799 δ’
3547 1746 3772 1816 ἀληΟείᾳ

2117 1830 2185 1885 δι’
2231 1832 2445 1886 ἐκείνων
2503 1834 2565 1887 τὸ
2600 1834 2836 1911 ἀσφαλὲς
2887 1834 3126 1909 ἐχόντων
3184 1837 3246 1889 τὸ
3305 1834 3356 1889 ἐν
3391 1832 3621 1912 ἀσφαλεῖ
3679 1836 3768 1888 τὸν

340 1940 456 1991 γειν
490 1916 554 1987 ὣ,
588 1919 639 1972 οἱ
690 1917 915 1987 σύνηθες
946 1917 1012 1986 ἦν
1064 1917 1212 1989 αύτῷ
1244 1918 1386 1973 ο¹ίκοι
1437 1926 1537 1987 τῆς
1590 1917 1845 1992 Περσίδος
1906 1918 1999 1994 ἄρ·
2039 1959 2082 2023 Β
2116 1922 2345 1976 σουλτὰν
2407 1924 2540 1976 εἶναι
2591 1926 2680 1977 καὶ
2734 1925 2808 1995 μὴ
2862 1923 3261 1998 συνισχημένον
3313 1923 3774 2000 πραγματευόμε-

604 2009 702 2023 um.
891 2009 1052 2023 ..κ
1277 2006 2003 2023 ης-ηηκ-
2264 2017 2300 2023 --
2510 2008 3649 2023 ..n....__.

604 2009 763 2064 "005v
820 2009 906 2061 καὶ
970 2010 1202 2079 σέλμασι
1276 2006 1589 2083 βασιλικοῖς
1647 2014 1725 2080 τῷ
1789 2008 2003 2083 βασιλεῖ

338 2094 691 2171 παρεδρίαζε,
741 2093 1127 2174 καὶφοϐεροὺς
1182 2098 1306 2171 περὶ
1366 2097 1525 2151 αὐτὸν
1580 2099 1694 2171 εἶχε
1748 2098 2002 2169 σώματος

341 2188 591 2263 φύλακας
626 2232 640 2257 ,
698 2186 785 2240 καὶ
844 2191 959 2246 τοῖς
1015 2190 1113 2255 τῆς
1190 2186 1370 2261 ἀρχῆς
1438 2183 1741 2258 συμϐόλοις
1796 2186 2004 2263 ἐχρῆτο

342 2270 712 2350 ἐρυθροϐαφὲς
744 2273 968 2329 πέδιλον
1007 2274 1403 2349 ὑποδούμενος.
1462 2276 1535 2329 Τὰ
1588 2278 1752 2330 πιστὰ
1802 2273 1859 2330 δε
1915 2277 2004 2330 καὶ

344 2366 567 2439 πρὸςτὸ
600 2365 655 2420 εὖ
680 2365 899 2438 πράξειν
955 2365 1072 2439 εἶχε
1104 2362 1191 2419 διὰ
1235 2367 1332 2436 τὴν
1384 2365 1434 2437 ἐξ
1495 2365 1756 2440 ὑπογυίου
1820 2368 2003 2441 χάριν,

341 2028 499 2083 χοντι
532 2050 544 2063 .

346 2587 475 2639 tum
508 2581 567 2638 in
601 2582 999 2654 principatum
1033 2580 1243 2636 validis
1269 2582 1543 2637 Romanas
1569 2581 1838 2652 potentiae
1871 2584 2005 2639 sub-

346 2676 524 2732 nixus
547 2674 977 2747 copiis.C.uncta
1000 2674 1158 2729 enim
1185 2672 1686 2745 circumspiciens,
1710 2672 2003 2728 neminem

342 2772 491 2822 tunc
523 2765 853 2837 reperiebat
872 2764 968 2820 cui
996 2768 1149 2820 recte
1171 2763 1538 2821 committere
1560 2763 1811 2819 salutem
1837 2781 2005 2820 suam

345 2861 405 2910 et
428 2856 607 2911 ﬁdere
625 2854 770 2910 satis
794 2858 1013 2925 posset,
1031 2852 1512 2925 quandoquidem
1531 2856 1586 2909 et
1609 2853 1772 2924 prius
1793 2869 2007 2910 memo-

348 2950 517 3001 ratus
566 2944 810 3014 Melecb,
845 2960 979 2999 cum
1029 2943 1323 3014 aliquanto
1375 2946 1547 2998 antea
1593 2942 1720 3014 ipse
1774 2959 2007 3015 quoque

349 3034 791 3106 transfugisset,
834 3033 906 3089 ab
960 3033 1313 3103 imperatore
1363 3032 1762 3099 detinebatur;
1814 3050 1847 3088 a
1894 3049 2007 3103 quo

351 3123 581 3181 scilicet
612 3123 876 3195 quotidie
910 3123 1210 3178 metuebat
1242 3139 1313 3178 ne
1344 3138 1462 3193 qua
1489 3126 1695 3178 nactus
1726 3122 1945 3178 exitum
1979 3139 2009 3177 e

346 3214 620 3270 custodia
644 3228 1025 3269 numerosum
1051 3213 1106 3267 in
1134 3229 1194 3267 se
1221 3213 1463 3267 duceret
1484 3211 1827 3279 exercitum,
1846 3215 1904 3267 et
1925 3210 2009 3266 sic

343 3305 406 3359 in
438 3304 671 3359 irritum
707 3303 1031 3359 reciderent
1059 3319 1193 3374 spes
1217 3305 1605 3373 conatusque,
1631 3318 1780 3372 quos
1811 3301 2004 3355 inten-

344 3395 528 3450 debat
558 3393 615 3448 in
666 3392 980 3448 statuendo
1024 3391 1136 3447 sibi
1191 3392 1600 3461 ﬁrmandoque
1650 3390 2003 3462 principatu.

347 3482 702 3554 Magnopere
723 3485 922 3537 autem
946 3480 1247 3535 nitebatur
1263 3483 1453 3535 vetere
1474 3479 1851 3551 imperatoris
1872 3479 2011 3535 ami-

344 3572 504 3641 citia,
540 3571 774 3643 magnis
820 3570 929 3626 sibi
964 3569 1194 3637 ofﬁciis,
1229 3585 1361 3624 cum
1416 3574 1574 3625 esset
1604 3568 1747 3625 olim
1778 3569 1837 3624 in
1870 3572 2010 3623 Per-

347 3662 501 3729 side,
560 3665 805 3729 testata;
858 3660 1335 3728 conﬁdebatque,
1397 3657 1573 3713 simul
1625 3659 1753 3729 ejus
1809 3672 2009 3713 coram

338 3750 561 3809 aﬁ‘andi
606 3749 953 3821 contigisset
1002 3747 1188 3820 copia,
1223 3764 1284 3803 se
1328 3748 1486 3818 quod
1534 3750 1772 3819 cuperet
1819 3747 1892 3802 ab
1943 3762 2009 3802 eo

336 3842 819 3912 impetraturum.
850 3839 1141 3909 Congesta
1187 3837 1369 3908 igitur
1401 3836 1458 3890 in
1494 3852 1703 3909 capsas
1736 3852 1885 3907 quas
1917 3851 2012 3891 se—

339 3946 478 3987 cum
510 3929 719 3985 extulit
754 3945 1066 3984 aureorum
1115 3926 1497 3982 multitudine
1548 3942 1665 3981 non
1697 3925 1868 3981 facile
1898 3942 2009 3979 nu-

339 4020 633 4089 merabili,
668 4023 725 4076 et
757 4019 1073 4083 ditissimis
1103 4018 1241 4074 luxu
1277 4016 1510 4073 Persico
1541 4015 1804 4072 vestibus
1836 4016 2009 4070 indu-

338 4117 460 4178 tus,
509 4125 646 4166 cum
696 4107 1052 4180 conjugibus
1102 4111 1159 4163 et
1207 4105 1432 4175 liberis,
1479 4105 1714 4161 Pisidiae
1758 4104 2008 4176 praeside

340 4202 489 4257 duce
520 4198 775 4265 itineris,
810 4199 881 4254 ad
915 4196 1332 4269 imperatorem
1365 4211 1428 4251 se
1459 4195 1702 4261 confert,
1733 4193 1832 4264 qui
1865 4209 2001 4250 eum

340 4289 780 4346 humanissime
828 4287 1073 4359 excepit.
1119 4286 1187 4340 Et
1240 4301 1579 4357 quanquam
1633 4301 1747 4340 non
1799 4284 2009 4339 habuit

337 4386 485 4437 tunc
515 4380 573 4434 in
603 4394 719 4450 quo
741 4378 870 4449 ejus
895 4392 1073 4447 opera
1096 4379 1375 4445 uteretur,
1401 4374 1562 4430 omni
1597 4379 1795 4429 tamen
1828 4373 2007 4444 signi-

338 4469 611 4525 ﬁcatione
671 4466 1085 4522 benevolentiae
1137 4464 1481 4520 consolatus
1534 4467 1658 4533 est;
1718 4479 2007 4534 spemque

337 4559 450 4630 ipsi
503 4559 639 4614 fecit
691 4556 1044 4611 auxiliorum
1079 4572 1111 4611 a
1153 4570 1215 4610 se
1262 4552 1912 4609 subministrandorum
1944 4551 2005 4606 in

336 4653 625 4720 tempore,
650 4662 907 4719 quorum
943 4661 1050 4716 ope
1098 4648 1224 4698 tuto
1258 4641 1477 4698 rediret
1508 4642 1565 4695 in
1598 4641 1921 4709 Persidem,
1949 4646 2005 4697 et

2116 2032 2224 2074 νος.
2262 2008 2754 2085 Προκατελάμϐανε
2784 2014 2883 2087 γὰρ
2916 2016 3014 2082 τὴν
3048 2014 3186 2089 πρὸς
3216 2014 3308 2067 τὸν
3339 2017 3445 2068 τῶν
3497 2012 3768 2089 Τοχάρων

2115 2098 2358 2175 ἄρχοντα
2427 2101 2652 2156 Χαλαοῦ
2710 2103 2953 2175 εἰρήνην,
3011 2102 3086 2164 ὡς
3145 2102 3623 2177 ἐνευκαιρήσοντος
3692 2101 3792 2157 ἐν-’

2112 2192 2292 2243 τεῦθεν
2327 2189 2532 2244 ἐκείνου
2558 2196 2675 2252 τοῖς
2706 2198 2805 2260 τῆς
2840 2189 3123 2266 Περσίδος,
3179 2189 3307 2264 μηδ’
3359 2191 3771 2265 ὀνομαζομένου

2113 2283 2209 2332 τοῦ
2269 2277 2501 2333 σουλτάν
2557 2278 2607 2333 ἐν
2666 2280 2858 2354 ταύτῃ.
2912 2280 3011 2335 Καὶ
3076 2277 3165 2333 διὰ
3209 2284 3371 2335 τοῦτο
3420 2282 3643 2353 ἡμερῶν
3690 2279 3769 2357 ἐφ’

2115 2367 2349 2443 ἡμέραις
2403 2363 2747 2443 τριϐομένων
2804 2370 2869 2425 τὰ
2922 2374 3030 2424 τῶν
3109 2373 3327 2445 Περσῶν
3414 2368 3770 2437 ὑπεκλίνοντο

2119 2584 2413 2640 modicum
2439 2600 2553 2656 quo
2584 2601 2742 2640 nunc
2772 2588 2967 2657 egeret
2989 2588 3367 2657 accepturum
3401 2583 3571 2656 plane
3597 2582 3773 2639 conti-

2118 2673 2310 2729 debat.
2338 2674 2475 2729 Erat
2505 2677 2703 2730 autem
2745 2690 2812 2730 ea
2843 2690 2979 2747 spes
3012 2691 3125 2731 non
3159 2690 3585 2746 usquequaque
3617 2677 3773 2729 certa

2118 2762 2504 2835 fundataque,
2551 2764 2775 2835 judicio
2824 2780 3028 2820 eorum
3073 2763 3174 2835 qui
3228 2781 3344 2819 non
3393 2763 3677 2819 haerentes
3709 2763 3769 2817 in

2118 2854 2524 2926 superﬁciaria
2569 2854 2762 2925 specie
2803 2871 2894 2910 res
2924 2852 3162 2925 penitus
3211 2853 3371 2925 ipsas
3421 2852 3771 2923 introspice-

2118 2947 2249 2999 rent
2279 2960 2343 2999 ac
2375 2943 2756 3015 profundiore
2795 2944 3109 3016 prudentia
3141 2943 3563 2999 examinarent.
3594 2947 3769 2999 Caete-

2119 3049 2250 3088 rum
2284 3037 2423 3089 tunc
2456 3033 2695 3106 quidem
2728 3033 3048 3105 imperator
3078 3035 3135 3089 in
3168 3033 3535 3089 occasionem
3570 3032 3773 3087 immi-

2120 3140 2265 3179 nens
2298 3123 2578 3179 familiam
2625 3123 2865 3191 sultani,
2901 3123 3226 3195 praesertim
3262 3138 3471 3179 uxores
3522 3138 3586 3177 ac
3626 3120 3770 3177 libe-

2118 3228 2235 3279 ros,
2266 3211 2515 3267 Nicaeam
2560 3211 2743 3279 misit,
2774 3215 3049 3283 praetextu
3093 3210 3391 3283 plausibili
3426 3210 3769 3267 necessaria:

2121 3300 2476 3367 securitatis,
2512 3304 2577 3356 ut
2609 3301 2667 3356 in
2699 3305 2827 3357 tuto
2870 3300 2951 3357 ibi
2990 3304 3367 3358 servarentur
3397 3317 3539 3355 neve
3570 3301 3772 3371 cujus-

2120 3405 2299 3461 quam
2322 3389 2550 3460 injuriae
2576 3394 2841 3462 paterent
2858 3390 2916 3445 in
2937 3390 3061 3446 loco
3086 3388 3283 3445 minus
3302 3390 3530 3445 munito
3549 3389 3775 3460 deposi-

2118 3480 2675 3549 ti,autmilitantem
2701 3481 3112 3551 imperatorem
3148 3495 3279 3534 cum
3315 3478 3546 3534 sultane
3581 3494 3771 3534 assec-

2115 3574 2312 3625 tantes
2346 3570 2624 3625 itinerum
2651 3570 2882 3625 insueto
2907 3569 3103 3625 labore
3124 3566 3351 3640 parvuli
3375 3567 3769 3639 mulieresque

2116 3664 2484 3729 vexarentur,
2517 3676 2725 3716 rursus
2774 3674 2845 3715 ne
2897 3658 2947 3715 si
2995 3659 3470 3728 relinquerentur
3520 3657 3578 3713 in
3629 3658 3774 3715 urbe

2116 3748 2397 3805 Orientali
2431 3749 2621 3821 magis
2650 3750 2885 3805 admota
2905 3747 3106 3814 limiti,
3131 3764 3265 3804 cum
3294 3748 3366 3803 ab
3389 3764 3457 3803 ea
3478 3746 3780 3819 continge-

2117 3845 2201 3893 ret
2233 3838 2650 3910 imperatorem
2699 3838 3139 3910 expeditionum
3173 3837 3481 3893 occasione
3534 3834 3773 3907 distare,

2116 3944 2233 3984 non
2266 3928 2412 3983 satis
2459 3928 2666 3982 remoti
2699 3932 2898 3983 essent
2928 3927 2999 3982 ab
3033 3925 3194 3982 omni
3244 3925 3585 3982 discrimine
3619 3926 3774 3998 quod

2114 4018 2252 4073 inde
2274 4017 2401 4087 iure
2424 4016 2749 4072 timeretur.
2772 4017 2948 4072 Porro
2972 4016 3276 4072 sultanum
3302 4015 3496 4086 ipsum
3519 4014 3775 4070 circum-

2116 4108 2336 4163 ducens
2368 4122 2563 4161 secum
2597 4120 2951 4176 quocunque
2975 4104 3106 4169 iret,
3131 4122 3197 4160 ac
3220 4102 3525 4174 exquisitis
3551 4102 3773 4175 ubique

2114 4213 2346 4269 semper
2395 4196 2660 4252 afﬁciens
2706 4194 3054 4263 honoribus,
3087 4193 3203 4249 ista
3235 4191 3658 4248 familiaritatis
3707 4209 3773 4249 ac

2114 4285 2447 4342 reverentiae
2479 4285 2670 4357 specie
2714 4283 2771 4339 id
2815 4281 3289 4354 consequebatur
3335 4280 3674 4353 imperator,
3708 4286 3775 4337 ut

2112 4375 2211 4431 ille
2242 4374 2389 4430 nihil
2421 4373 2645 4429 sinistri
2674 4373 2857 4428 latere
2879 4371 3283 4444 suspicaretur
3306 4370 3363 4425 in
3388 4368 3489 4425 illa
3512 4368 3770 4425 ﬁliorum

2113 4468 2169 4519 et
2201 4481 2448 4519 uxorum
2473 4465 2600 4535 ejus
2626 4462 2914 4519 Nicazensi
2946 4460 3247 4529 custodia;
3280 4459 3453 4531 quasi
3486 4459 3545 4513 in
3578 4457 3772 4515 solum

2113 4553 2303 4624 ipsius
2335 4554 2706 4608 commodum
2741 4556 2798 4607 et
2828 4550 3204 4607 securitatem
3239 4550 3368 4620 ejus
3401 4548 3637 4605 familia:
3670 4548 3773 4605 de-

2112 4647 2292 4699 creta.
2327 4642 2547 4698 Revera
2576 4645 2767 4697 tamen
2820 4639 2977 4696 aliud
3014 4639 3317 4710 spectabat
3348 4641 3581 4693 astutus
3612 4637 3772 4708 prin-

336 4716 683 4810 principatu
702 4740 1045 4807 recuperato
1067 4735 1366 4789 ﬂorentem
1396 4731 1473 4785 ibi
1497 4739 1557 4785 ut
1581 4730 1747 4801 prius
1769 4736 1826 4786 et
1849 4736 2005 4785 tran-
2038 4716 2080 4783 C
2122 4750 2281 4803 ccps,
2314 4732 2406 4786 cui
2454 4735 2578 4786 erat
2626 4730 2992 4804 propositum
3025 4726 3434 4783 custodiendis
3464 4733 3620 4781 certo
3656 4726 3769 4781 sibi

336 4827 585 4900 quiilam
620 4826 776 4881 domi
809 4842 931 4881 suae
963 4824 1141 4879 vitam
1178 4823 1235 4877 in
1269 4824 1551 4878 consueta
1582 4820 1871 4892 dignitate
1902 4821 2003 4874 de-

338 4920 521 4989 geret.
546 4918 751 4986 Itaque
784 4914 843 4969 in
873 4911 1252 4985 suggestibus
1278 4908 1455 4981 regiis
1488 4907 1826 4977 imperatori
1850 4908 2003 4962 132

338 5006 584 5072 assedit,
619 5008 676 5059 et
706 5003 973 5058 minaces
1026 5004 1151 5073 ipse
1182 5014 1419 5071 quoque
1467 4997 1621 5052 circa
1651 5010 1712 5051 se
1744 4997 2005 5067 corporis

336 5096 614 5152 custodes
663 5092 894 5159 habuit,
937 5096 993 5146 et
1038 5089 1369 5159 insignibus
1419 5085 1650 5158 imperii
1704 5086 2001 5153 utebatur,

337 5186 552 5241 rubros
586 5184 840 5238 induens
880 5181 1125 5237 calceos.
1162 5183 1293 5234 Haec
1334 5182 1531 5234 autem
1564 5175 1803 5231 honoris
1835 5191 1997 5231 amo-

338 5274 543 5344 risque
593 5274 759 5343 signa
789 5288 905 5327 non
937 5286 1083 5326 vane
1133 5269 1437 5338 ostentari,
1471 5267 1569 5322 sed
1606 5282 1673 5321 ex
1702 5281 1832 5320 vere
1864 5281 2002 5335 pro-

339 5380 523 5436 penso
556 5362 616 5417 in
648 5362 848 5434 ipsum
904 5377 969 5415 ac
1018 5360 1243 5415 sincere
1294 5358 1541 5426 favente,
1574 5371 1823 5427 quaeque
1875 5352 1999 5425 pol-

338 5455 623 5509 liceretur
669 5450 1023 5523 praastituro,
1062 5447 1434 5519 imperatoris
1467 5447 1662 5500 animo
1706 5443 1995 5515 proﬁcisci

337 5541 643 5617 persuasit
692 5541 805 5613 ipsi
837 5539 1069 5595 conscia
1103 5536 1386 5593 memoria
1424 5551 1667 5590 suorum
1719 5534 1777 5588 in
1826 5532 1993 5588 illum

337 5632 712 5696 meritorum,
739 5647 853 5701 quo
888 5633 1144 5701 tempore
1189 5626 1515 5699 supplicem
1548 5639 1683 5678 eum
1716 5622 1995 5679 benevolo

337 5724 645 5793 exceperat
688 5719 969 5791 hospitio,
1004 5718 1173 5789 cujus
1204 5717 1399 5789 gratiae
1432 5715 1615 5769 vicem
1659 5715 1925 5767 mutuam
1960 5729 1992 5768 a

338 5828 457 5867 non
507 5812 869 5877 immemore,
903 5814 959 5864 et
1012 5808 1083 5864 ab
1133 5823 1198 5863 co
1245 5806 1336 5861 cui
1371 5804 1501 5877 plus
1551 5802 1895 5873 contulerat,
1930 5802 1986 5857 id

2118 4826 2173 4876 et
2209 4825 2329 4876 tuto
2366 4822 2483 4876 loco
2516 4831 2633 4875 tam
2677 4820 2827 4875 caris
2879 4818 3112 4873 sultano
3144 4815 3435 4887 capitibus
3466 4814 3771 4870 sultanum

2115 4912 2314 4983 ipsum
2333 4914 2416 4966 tot
2433 4910 2676 4981 pignoru
2690 4926 2743 4963 m
2765 4907 3008 4964 caritate
3023 4905 3193 4978 quasi
3215 4904 3596 4961 constrictum
3614 4903 3768 4974 apud

2115 5017 2176 5056 se
2208 5000 2479 5065 retinere,
2504 5016 2574 5055 ne
2598 5016 2712 5070 quo
2740 4998 2933 5053 subito
2961 4998 3107 5052 forte
3138 4998 3307 5065 capto
3342 4994 3493 5065 fuga:
3522 4992 3770 5049 consilio

2113 5091 2429 5146 recederet.
2456 5090 2579 5153 Quo
2612 5088 2711 5143 ille
2742 5087 3003 5143 faciendo
3031 5085 3443 5141 demerebatur
3471 5082 3769 5137 'l‘ocharo-

2113 5196 2244 5234 rum
2270 5179 2596 5250 principem
2622 5176 2927 5243 Chalaum,
2953 5175 3191 5246 quicum
3225 5172 3402 5230 certis
3424 5172 3550 5243 jam
3576 5171 3776 5227 condi-

2110 5268 2377 5325 tionibus
2398 5269 2467 5323 de
2492 5283 2629 5339 pace
2652 5269 3054 5338 transegerat:
3081 5263 3177 5319 hic
3201 5262 3356 5318 enim
3384 5260 3618 5317 sultano
3643 5276 3773 5331 pro-

2109 5359 2199 5413 cul
2226 5358 2362 5412 alibi
2390 5359 2647 5424 detento,
2671 5364 2723 5412 et
2750 5356 2875 5425 ejus
2908 5354 2979 5410 ob
3012 5352 3292 5409 absentiae
3318 5351 3769 5406 diuturnitatem

2110 5449 2263 5503 I33
2312 5445 2597 5501 memoria
2646 5461 2865 5501 senexm
2918 5443 3283 5499 exolescente
3335 5440 3488 5513 apud
3544 5444 3770 5509 Persas,

2107 5541 2268 5593 tanto
2303 5535 2531 5591 facilius
2589 5533 2935 5603 feliciusque
2969 5533 3258 5588 universa:
3291 5529 3463 5602 potiri
3514 5526 3771 5584 Persidis

2106 5630 2372 5699 poterat,
2433 5629 2608 5696 prout
2666 5623 2862 5696 reipsa
2922 5622 3075 5679 fecit.
3135 5623 3495 5692 lmperatore
3554 5616 3774 5688 quippe

2104 5717 2407 5772 sultanum
2472 5730 2830 5787 suspensum
2892 5713 3110 5784 spebus
3166 5709 3447 5766 inanibus
3502 5710 3769 5783 tenente,

2103 5805 2307 5877 sicque
2329 5804 2486 5859 diem
2513 5821 2577 5859 ex
2611 5803 2701 5860 dic
2728 5803 2993 5859 ducendo
3018 5817 3210 5856 moras
3233 5798 3473 5855 assidue
3498 5799 3768 5853 nectente
