4090 6438
291 454 394 508 571

1611 450 1913 506 GEORGII
1953 451 2419 506 PACHYMERB

3617 449 3727 504 572

300 582 414 639 τοῖς
469 576 766 652 Τοχάροις,
824 577 899 639 ὠς
954 575 1044 630 καί
1072 594 1219 635 τινας
1265 572 1357 635 οὕς
1391 572 1449 626 ἃν
1484 570 1625 626 ε’ίποι
1656 592 1738 632 τις
1769 571 1953 641 σκηνί-
1982 574 2035 642 Α
2066 574 2159 629 κε’.
2202 575 2394 636 ’Όπως
2455 580 2607 649 εἶχον
2669 576 2721 652 oi
2778 575 2935 652 npiv_
2965 571 3209 647 βασιλεῖς
3252 568 3373 644 περῖ
3432 574 3723 647 Τυχάρους

298 687 392 728 τας
423 666 510 720 καὶ
545 669 612 739 τῇ
644 665 898 734 πολιτείᾳ
927 662 1381 737 ἀπηχθημένους,
1417 662 1492 733 μή
1526 658 1783 724 θέλοντας
1816 662 1951 714 ὑπο-

299 754 599 810 τάττεσθαι.
638 756 716 825 [Ρ.
744 756 834 825 86]
867 754 985 807 καθ’
1033 750 1231 811 αὐτοὺς
1292 749 1449 819 εἶναι,
1510 748 1952 822 ἐπειλημμένους

300 848 408 898 τῶν
471 842 752 915 ἡμετέρων
815 840 1220 917 ὀχυρωμάτων,
1278 836 1427 907 πλὴν
1461 839 1548 893 καὶ
1590 838 1680 893 τὸν
1716 837 1955 902 ἐντεῦθεν

305 934 744 1001 ὑποτοπάζοντας
825 927 1096 998 κίνδυνον,
1172 928 1217 983 εἰ
1283 932 1528 1003 φανερῶς
1603 926 1954 997 ἐπιτιθοῖντο,

301 1022 436 1077 κατὰ
488 1022 581 1094 μὲν
632 1022 692 1075 τὸ
740 1020 920 1075 κοινὸν
969 1018 1057 1073 καὶ
1088 1017 1333 1082 καθόλου
1365 1014 1683 1080 ἐνσπόνδους
1717 1019 1848 1071 εἶναι
1877 1018 1956 1088 τῷ

309 1106 546 1182 βασιλεῖ,
607 1108 724 1170 καθ’
768 1107 862 1161 ’ὲνα
906 1103 963 1160 δὲ
1018 1105 1209 1165 νυκτὸς
1245 1103 1534 1177 λοχῶντας
1584 1108 1700 1165 τοῖς
1760 1102 1819 1157 ἐκ
1848 1108 1953 1157 τῶν

304 1194 588 1270 ἡμετέρων
641 1193 925 1268 κλέμμασι
973 1201 1236 1271 χρῆσθαι.
1294 1196 1371 1249 ΗΑ
1425 1191 1491 1260 δὴ
1550 1192 1774 1247 καὶτῶν
1817 1195 1958 1264 ἡμε-

299 1286 467 1359 τέρων
526 1284 575 1355 ἐξ
630 1283 755 1338 ’ίσου
786 1288 921 1359 πρὸς
955 1284 1189 1344 ἐκείνους
1220 1282 1526 1337 ποιούντων
1558 1280 1619 1337 οὐ
1646 1284 1814 1344 πόνος
1867 1282 1957 1350 ἦν.

306 1376 395 1430 Ἐκ
423 1376 624 1435 παντὸς
658 1372 713 1429 δὲ
742 1371 950 1450 τρόπου
990 1374 1051 1427 τὸ
1100 1370 1253 1435 ἔθνος
1291 1376 1399 1426 τῶν
1442 1370 1705 1446 Τοχάρων
1757 1369 1826 1425 δι’
1875 1371 1957 1426 ἐν·

301 1464 454 1526 νοίας
504 1460 648 1538 ἔχων
707 1464 733 1517 ὁ
788 1460 1043 1538 βασιλεὺς
1097 1463 1169 1523 ὡς
1218 1461 1590 1516 ἀνυπόστατον
1651 1462 1749 1529 τήν
1781 1462 1956 1535 ὁρμὴν

301 1556 436 1608 κατᾶ
464 1555 525 1607 τὸ
559 1553 701 1615 εἰκὸς
758 1551 951 1607 δοκοῦν
986 1548 1135 1627 ἔχειν
1184 1550 1327 1626 ἄρτι,
1375 1559 1622 1620 κινῆσαν,
1683 1550 1812 1615 τοὺς
1868 1553 1962 1624 μὲν

305 1645 440 1697 κατᾶ
497 1645 563 1697 τὰ
626 1642 965 1717 ὀχυρώματα
1005 1642 1212 1715 Πέρσας
1245 1641 1336 1696 καὶ
1370 1640 1490 1695 λίαν
1526 1642 1862 1710 ὑπεποιεῖτο,
1889 1642 1961 1702 ὡς

304 1737 551 1807 οριγγοῖς
620 1732 855 1801 ἐλπίζων
925 1734 1161 1806 χρᾶσθαι
1241 1731 1287 1785 εἰ
1344 1726 1675 1806 ἐπιϐρίσειαν
1738 1731 1959 1798 ἐκεῖνοι,

592 1819 636 1841 ἵεν

308 1819 535 1883 ἐκείνοις
589 1819 636 1875 δ’
685 1822 800 1896 εἶχε
858 1818 946 1875 διὰ
1007 1820 1241 1893 μελέτης
1280 1820 1371 1875 καὶ
1426 1819 1612 1881 ἄλλως
1646 1818 1961 1875 σπένδεσθαι

2698 646 3089 719 ἀκουομένους.

2138 754 2336 827 Πρώην
2374 755 2467 826 μὲν
2518 756 2619 829 γὰρ
2671 755 2700 809 ὁ
2750 755 2956 815 Δοόκας
3016 751 3272 822 Ἰωάννης
3326 750 3489 812 κλέος
3551 750 3719 824 μόνον

2065 841 2281 896 ἐκείνων
2312 841 2502 914 ἤκουε,
2532 844 2624 898 καὶ
2671 843 3000 919 κατωχύρου
3054 840 3120 897 τὰ
3150 840 3385 919 φρούρια
3444 840 3576 912 σίτῳ
3626 840 3719 895 καὶ

2067 932 2326 1004 ἅρμασιν,
2379 933 2450 987 ὧν
2505 934 2596 988 τὸν
2661 933 2754 1006 μὶν
2800 934 2890 988 καί
2949 931 3024 992 εἷς
3083 930 3317 1006 χρόνους
3360 928 3718 1005 προσέταττεν

2066 1020 2446 1090 ἀποτίθεσθαι,
2508 1021 2776 1096 βοόλλαις
2822 1016 3177 1096 μολυϐδίναις
3229 1019 3320 1073 τὸν
3369 1017 3555 1074 ἐνόντα
3600 1024 3720 1080 τοῖς

2068 1110 2311 1173 ἐποίκοις
2365 1112 2698 1189 σφραγίζων,
2759 1113 3016 1189 φέροντας
3071 1107 3117 1165 δ’
3174 1107 3365 1179 ἔξωθεν
3426 1107 3727 1163 ἐπιτάττων

2071 1200 2381 1271 σιτίζεσθαι,
2439 1203 2507 1256 τὰ
2556 1199 2613 1256 δὲ
2668 1202 2758 1255 καὶ
2819 1202 3081 1275 ἀναγκαῖα
3139 1198 3296 1253 ἐτίθει
3353 1203 3469 1260 τοῖς
3519 1219 3727 1267 κτησο-

2074 1291 2281 1362 μένοις,
2340 1290 2412 1351 ὡς
2472 1289 2687 1344 ἐκείνων
2748 1296 2851 1344 πᾶν
2910 1291 2971 1343 τὸ
3031 1288 3105 1350 εἷς
3138 1286 3450 1362 περιουσίαν
3485 1286 3542 1340 ὅν
3575 1287 3731 1341 ὑστε-

2073 1384 2201 1455 ρεῖν.
2288 1377 2788 1452 Προικοδοτεῦντας
2856 1378 2959 1453 γὰρ
3048 1377 3183 1450 μετὰ
3256 1378 3356 1445 τήν
3433 1371 3733 1448 σεϐασμίαν

2073 1468 2256 1523 εἷ’κόνα
2282 1468 2349 1522 τὰ
2380 1468 2525 1525 ὅπλα
2554 1469 2882 1543 προσέταττε
2930 1467 3380 1543 καταγράφεσθαι·
3441 1462 3581 1538 μηδὲ
3626 1468 3729 1540 γὰρ

2072 1552 2221 1632 ἔχειν
2257 1555 2454 1612 εἰδέναι
2484 1556 2537 1612 τί
2568 1559 2629 1612 τὸ
2662 1557 2965 1633 ἐξορμῆσαν
2987 1561 3097 1610 τῶν
3120 1559 3266 1625 σφῶν
3290 1554 3518 1632 φωλεῶν
3544 1551 3728 1627 ἔθνος,

2071 1648 2163 1701 καὶ
2198 1648 2413 1710 ὁποίοις
2441 1652 2557 1707 τοῖς
2604 1644 2758 1715 ἤθεσι
2805 1652 3027 1720 χρᾶται,
3081 1642 3178 1698 κᾶν
3231 1644 3526 1715 εἰρηνεύειν
3574 1641 3729 1706 θέλοι

2070 1732 2166 1788 κᾶν
2195 1736 2484 1809 μάχεσθαι.
2506 1736 2671 1789 Τόσον
2695 1735 2761 1802 ἦν
2792 1732 2997 1803 ἄδηλον
3018 1730 3121 1796 ἕως
3137 1732 3261 1787 τότε
3285 1732 3347 1788 τὸ
3370 1730 3541 1792 ἔθνος.
3577 1732 3731 1806 Παρὰ

2070 1822 2307 1885 πολλοῖς
2340 1822 2385 1878 δ’
2416 1823 2673 1899 ἐλέγοντο
2704 1822 3089 1900 κυνοκέφαλοι,
3113 1821 3202 1875 καί
3225 1842 3287 1895 γε
3318 1818 3547 1882 διαίταις
3578 1820 3731 1874 ἀπει-

311 1908 399 1964 Cri
431 1908 650 1981 κήδους,
704 1911 825 1967 Ἐπὶ
883 1914 1141 1965 τοσοῦτον
1198 1910 1301 1985 γὰρ
1362 1904 1591 1986 φοϐερὸν
1647 1907 1821 1964 ἐδόκει
1872 1910 1959 1963 καὶ
1997 1952 2042 2016 Β
2074 1911 2336 1987 ρημέναις
2369 1912 2638 1982 ἠκούοντο
2690 1914 2990 1986 χρώμενοι,
3041 1911 3179 1966 ὥστε
3225 1909 3315 1964 καὶ
3367 1909 3732 1987 ἀνθρωποφα-

373 2000 382 2016 1
625 2000 637 2014 \
730 1998 743 2016 9
823 2000 833 2016 1
1068 1998 1106 2016 f‘
1295 1997 1307 2016 Ἰ
1442 2004 1462 2013 υ
1586 1996 1612 2016 ΩΙ
1816 1999 1828 2015 \
1862 1996 1884 2016 θ’
2137 2006 2160 2016 υ
2224 2000 2236 2016 9
2418 2002 2429 2016 1
2629 2009 2655 2016 Α
2732 1999 2755 2016 ἢ
2784 2002 2795 2016 1
2937 1999 2978 2016 ἢκ
3063 2002 3076 2016 \
3167 1998 3180 2016 9
3284 1999 3298 2016 I
3375 1999 3402 2016 n
3502 1996 3522 2016 λ
3580 1997 3593 2016 Ι

317 2000 480 2071 μόνον
540 2000 678 2074 πρὸς
727 1998 962 2060 ἐκείνους
1011 1998 1257 2070 πόλεμον
1290 1997 1513 2067 ἐννοεῖν,
1575 1996 1713 2052 ὥστε
1742 1999 1831 2052 καὶ
1862 1996 1967 2060 ἓως

314 2089 523 2144 ἐκείνου
600 2088 688 2143 καὶ
763 2087 1008 2161 τοῦνομα
1088 2088 1251 2160 μόνον
1327 2087 1403 2150 εἰς
1464 2082 1631 2164 φόϐον
1716 2090 1965 2162 ἡγεῖσθαι

315 2181 397 2252 [Ρ.
432 2181 523 2251 87]
556 2178 645 2232 καὶ
678 2174 929 2233 δεδιέναι.

321 2414 393 2452 ne
440 2395 655 2451 rediret
686 2396 841 2451 unde
871 2399 1128 2461 venerat,
1162 2409 1254 2450 res
1290 2396 1599 2451 Persarum
1650 2395 1810 2451 omni
1861 2395 1973 2452 alio

319 2486 611 2542 destitutae
655 2485 927 2557 praesidio
976 2485 1211 2540 tandem
1261 2485 1332 2540 ad
1384 2483 1677 2540 Tocharos
1725 2484 1974 2541 inclina-

319 2580 478 2645 runt,
512 2579 631 2631 tam
678 2575 989 2631 universali
1022 2591 1337 2636 consensu,
1374 2579 1439 2629 ut
1468 2574 1711 2645 quidam
1742 2574 1820 2630 ibi
1853 2576 1972 2647 jam

319 2668 493 2720 antea
542 2680 839 2736 segreges,
874 2680 1020 2735 quos
1073 2664 1208 2733 jure
1259 2662 1392 2734 quis
1441 2663 1693 2719 scenitas
1744 2662 1972 2734 dixerit,

319 2771 553 2826 semper
603 2752 761 2810 soliti
803 2770 836 2808 a
880 2752 1295 2809 communibus
1349 2751 1663 2808 abhorrere
1711 2752 1974 2809 consiliis

319 2848 376 2899 et
407 2858 499 2899 res
548 2842 661 2898 sibi
693 2859 833 2899 suas
865 2842 1081 2898 habere
1126 2840 1423 2912 privatim,
1456 2858 1589 2896 cum
1622 2840 1755 2897 aliis
1787 2840 1975 2897 omni-

323 2933 435 2988 bus
493 2935 702 3003 sponte
759 2930 1157 2987 subeuntibus
1208 2930 1523 3003 imperium
1574 2930 1972 2986 Tocharorum

320 3020 406 3075 illi
439 3020 539 3074 uni
572 3019 862 3090 subjicere
894 3036 958 3074 se
1000 3019 1115 3090 ipsi
1148 3023 1508 3086 recusarent,
1543 3019 1725 3075 coacti
1758 3019 1976 3074 fuerint

320 3109 381 3163 in
428 3124 612 3174 arces,
646 3109 715 3162 de
765 3107 982 3179 quibus
1013 3107 1292 3175 diximus,
1327 3107 1513 3162 nostri
1560 3106 1767 3162 limitis
1818 3124 1974 3163 rece-

323 3198 480 3253 dere.
511 3196 619 3252 Ubi
674 3196 819 3252 satis
850 3195 1247 3266 intelligentes
1278 3211 1339 3251 se
1371 3194 1529 3251 haud
1563 3196 1689 3252 sine
1738 3213 1845 3252 suo
1878 3213 1975 3268 pe-

324 3286 509 3342 riculo
540 3285 643 3341 tali
687 3290 947 3356 tempore
998 3284 1188 3356 palam
1241 3285 1376 3339 inde
1422 3285 1826 3341 incursaturos
1862 3286 1973 3341 Ro-

324 3393 527 3431 manas
574 3378 782 3445 terras,
817 3374 1022 3430 callido
1067 3372 1312 3429 consilio
1361 3373 1682 3429 universim
1733 3374 1972 3445 quidem

323 3482 390 3521 ac
430 3466 823 3521 communiter
871 3463 1182 3519 fmderatos
1232 3480 1294 3518 se
1343 3464 1681 3534 imperatori
1738 3465 1972 3534 proﬁte-

322 3555 561 3620 bantur,
612 3553 959 3624 singillatim
1002 3568 1136 3606 vero
1166 3551 1638 3622 grassationibus
1670 3553 1972 3608 nocturnis

323 3660 417 3698 res
469 3645 804 3698 nostrorum
855 3640 1365 3712 depraedabantur,
1410 3639 1470 3694 in
1522 3657 1635 3710 quo
1687 3641 1971 3696 damnum

324 3735 590 3786 nostrum
640 3730 795 3785 haud
838 3745 1121 3800 magnum
1173 3734 1325 3789 erat;
1373 3746 1508 3785 nam
1557 3728 1639 3783 illi
1689 3729 1975 3785 limitanei

324 3825 562 3876 strenue
620 3836 726 3890 par
782 3818 906 3890 pari
964 3818 1282 3874 referentes
1326 3818 1710 3875 clandestinis
1759 3823 1815 3875 et
1862 3820 1975 3891 ipsi

326 3908 551 3981 rapinis
608 3907 822 3963 inﬁdos
880 3907 1148 3979 hospites
1208 3906 1646 3964 ulciscebantur
1700 3911 1757 3964 et
1809 3908 1975 3965 facile

326 3997 547 4053 amissa
578 3997 955 4069 reponebant.
988 3996 1161 4052 Omni
1200 4001 1397 4052 autem
1430 3997 1655 4052 ratione
1685 3997 1796 4052 sibi
1829 4013 1975 4054 con-

323 4086 637 4142 ciliandam
680 4089 966 4142 statuerat
996 4085 1316 4157 imperator
1357 4089 1591 4157 gentem
1643 4086 1973 4141 Tocharum

323 4182 463 4232 tunc
492 4192 637 4231 novo
669 4175 892 4246 impetu
937 4179 995 4230 et
1041 4174 1301 4247 potentia
1332 4174 1691 4231 ineluctabili
1726 4179 1967 4246 motam,

324 4270 389 4321 ut
421 4265 512 4321 cui
547 4264 840 4319 hostiliter
870 4263 1222 4335 irrumpenti
1255 4263 1399 4318 nihil
1437 4268 1632 4334 posset
1663 4263 1968 4335 obsistere,

324 4372 452 4411 eam
485 4355 783 4411 beneficiis
836 4358 1299 4426 prmoccupatam
1327 4355 1400 4408 ab
1431 4354 1663 4409 infestis
1711 4355 1972 4411 consiliis

325 4446 629 4497 averteret.
663 4443 892 4496 Putavit
943 4441 1120 4497 etiam
1164 4441 1482 4511 prudenter
1513 4443 1798 4497 utendum
1849 4444 1971 4512 illo,

324 4547 499 4601 quem
544 4530 883 4595 memoravi,
919 4531 1169 4584 adventu
1224 4546 1531 4601 segregum
1569 4537 1878 4587 Persarum
1914 4532 1972 4587 in

326 4637 487 4675 arces
537 4620 785 4675 Romani
835 4619 1060 4674 limitis.
1110 4621 1177 4673 Et
1226 4619 1333 4673 hos
1382 4619 1536 4674 enim
1590 4621 1974 4679 blandissime

325 4712 587 4766 definivit
644 4711 853 4766 ofﬁciis
926 4710 1383 4781 promissisque,
1444 4711 1666 4767 scilicet
1733 4730 1976 4785 sperans

325 4803 456 4859 istis
512 4820 595 4869 se,
646 4801 812 4873 quasi
864 4818 1003 4873 sepe
1050 4801 1293 4872 objecta,
1342 4802 1549 4857 mediis
1601 4820 1846 4857 usurum
1902 4806 1971 4858 ad

324 4893 635 4947 arcendam
687 4892 1081 4946 Tocharorum
1116 4891 1280 4959 Lvim,
1332 4891 1379 4945 si
1430 4893 1685 4960 quando,
1741 4894 1889 4963 quod
1943 4910 1976 4947 a

326 4986 495 5052 gente
526 4982 802 5036 bellicosa
849 4981 1095 5035 barbara
1127 4980 1317 5034 timeri
1354 4981 1663 5050 prudentia
1703 4982 1970 5051 jubebat,

327 5070 541 5125 bellum
575 5088 705 5125 cum
733 5070 1014 5126 Romanis
1038 5087 1215 5140 quam
1250 5086 1447 5141 pacem
1484 5070 1738 5124 niallent.
1766 5072 1975 5127 Stude-

327 5158 425 5211 bat
455 5163 648 5213 autem
686 5160 1000 5230 imperator
1028 5159 1401 5213 vehementer
1433 5176 1607 5229 quam
1644 5161 1975 5217 arctissima

328 5247 763 5302 necessitudine
790 5248 1025 5303 fmderis
1047 5247 1337 5303 Tocharos
1370 5248 1480 5303 sibi
1506 5248 1816 5315 devincire,
1840 5269 1976 5321 quo-

330 5337 484 5413 niam
520 5336 700 5390 armis
733 5353 867 5390 cum
899 5354 965 5391 ea
995 5340 1167 5407 gente
1190 5338 1497 5393 decernere
1530 5355 1647 5391 rem
1686 5339 1827 5394 adeo
1862 5345 1972 5395 ter-

328 5423 559 5480 ribilem
591 5425 854 5495 putabat,
890 5428 953 5478 ut
998 5441 1067 5479 ne
1111 5426 1463 5495 cogitatione
1494 5427 1733 5498 quidem
1786 5430 1973 5498 prima

325 5518 498 5569 tenus
528 5512 666 5569 belli
699 5530 832 5568 cum
865 5512 936 5567 iis
967 5512 1328 5583 suscipiendi
1368 5517 1727 5571 mentionem
1761 5519 1970 5573 admit-

328 5604 555 5659 tendam
591 5604 849 5657 duceret.
887 5601 1254 5672 Omninoque
1289 5603 1431 5657 adeo
1465 5604 1519 5657 id
1556 5605 1830 5661 horribile
1865 5625 1972 5678 pu-

324 5694 505 5761 tabat,
540 5696 603 5745 ut
636 5692 721 5747 vel
754 5689 876 5746 solo
921 5690 1145 5762 prolato
1178 5690 1419 5745 istorum
1457 5694 1691 5748 nomine
1731 5712 1971 5750 causam

325 5798 385 5835 se
417 5781 635 5836 habere
685 5782 952 5837 idoneam
1002 5781 1240 5835 duceret
1290 5786 1479 5835 metus
1530 5800 1639 5837 non
1694 5782 1884 5854 ignavi
1919 5790 1974 5840 et

2075 2006 2186 2076 γεῖν
2221 2000 2587 2058 ἐπιστεύοντο.
2623 1999 2906 2075 Θεοδώρνυ
2934 1999 2990 2055 δὲ
3017 2002 3115 2069 τὴν
3157 1998 3339 2074 ἀρχὴν
3375 1996 3734 2073 βασιλεύσαν-

2075 2112 2191 2160 τος,
2244 2090 2356 2145 ἐπεὶ
2404 2089 2659 2165 ἐλέγοντο
2706 2088 2795 2145 διὰ
2834 2086 3096 2162 Περσίδος
3140 2088 3275 2162 πρὸς
3325 2086 3529 2141 ἐκεῖνον
3577 2108 3736 2162 πρεσ-

2079 2175 2348 2250 ϐεύεσθαι,
2382 2182 2470 2234 καὶ
2503 2180 2530 2234 ὁ
2564 2178 2727 2256 λόγος
2756 2178 3043 2249 ἀληθινὸς,
3078 2172 3245 2255 φόϐος
3281 2173 3337 2231 δὲ
3367 2176 3456 2231 καὶ
3488 2175 3732 2252 τάραχος

2084 2400 2574 2457 consternationis
2596 2415 2710 2455 non
2747 2395 3223 2470 reprehensibilis
3254 2394 3624 2468 experiunde
3661 2395 3736 2450 fa-

2086 2490 2407 2561 tendaeque.

2083 2599 2241 2653 134
2268 2598 2355 2653 25.
2394 2599 2455 2654 Ut
2485 2613 2544 2652 se
2573 2596 2874 2651 habuerint
2906 2594 3117 2663 priores
3154 2592 3510 2663 imperatores
3539 2590 3735 2645 audita

2614 2670 2767 2739 fama
2807 2665 3192 2723 Tocharorum.

2156 2762 2222 2813 Et
2247 2757 2494 2813 antehac
2520 2757 2758 2829 quidem
2788 2756 3048 2812 Joannes
3070 2753 3281 2819 Ducas,
3308 2751 3510 2808 audita
3541 2750 3736 2807 solum

2084 2849 2321 2905 illorum
2354 2849 2532 2916 fama,
2558 2847 2810 2903 munivit
2837 2862 3000 2902 arces
3026 2845 3321 2899 frumento
3350 2846 3407 2898 et
3427 2841 3631 2898 armis.
3659 2847 3739 2897 Ac

2086 2939 2448 2994 frumentum
2473 2937 2710 3007 quidem
2735 2953 2803 2992 ea
2824 2933 3132 3005 copiaque:
3158 2932 3460 2987 sufﬁceret
3478 2929 3538 2985 in
3562 2946 3738 2985 usum

2084 3044 2258 3098 quam
2292 3025 2624 3097 longissimi
2656 3023 2941 3096 temporis
2973 3020 3205 3089 congeri
3231 3019 3440 3089 jussit,
3462 3018 3737 3089 obsigna-

2086 3116 2253 3187 rique
2284 3114 2520 3186 singula
2550 3114 2760 3170 horrea
2792 3111 2971 3168 bullis
3017 3109 3310 3182 plumbeis
3341 3107 3740 3163 indicantibus

2084 3209 2368 3276 quantum
2400 3205 2457 3259 in
2493 3218 2728 3276 quoque
2754 3201 3059 3257 conditum
3091 3201 3438 3254 servaretur.
3463 3200 3651 3265 Atque
3676 3199 3741 3249 ut

2087 3295 2308 3353 certius
2354 3294 2402 3350 is
2435 3308 2719 3349 numerus
2761 3294 3079 3359 constaret,
3127 3289 3478 3360 praeceperat
3505 3301 3603 3340 eos
3635 3284 3736 3355 qui

2088 3386 2145 3441 id
2170 3384 2530 3439 frumentum
2555 3379 3005 3452 comportabant
3032 3394 3146 3432 non
3179 3377 3317 3431 inde
3337 3376 3408 3430 ad
3438 3374 3737 3447 proprium

2081 3475 2303 3530 victum
2327 3487 2579 3538 sumere,
2598 3472 2699 3527 sed
2722 3469 2870 3542 ipsis
2892 3468 3129 3524 aliunde
3152 3465 3740 3537 subministrari,quo

2082 3563 2341 3632 interim,
2392 3562 2533 3617 dum
2594 3560 2645 3616 ei
2705 3556 3069 3615 convectioni
3130 3556 3426 3612 navabant
3477 3570 3739 3626 operam,

2082 3658 2476 3711 vescerentur.
2522 3658 2837 3708 Armorum
2894 3666 3028 3706 vero
3083 3648 3513 3704 redundantem
3561 3647 3739 3702 etiam

2085 3760 2398 3801 numerum
2434 3741 2827 3799 necessarium
2861 3739 3128 3812 putabat,
3151 3737 3270 3794 tale
3299 3737 3357 3792 id
3396 3753 3523 3793 esse
3553 3752 3742 3808 genus

2085 3849 2282 3889 rerum
2316 3836 2603 3899 statuens,
2637 3831 2809 3901 cujus
2840 3844 3147 3900 nunquam
3181 3825 3403 3883 atfatim
3438 3825 3744 3881 utentibus

2085 3922 2183 3991 sit,
2209 3922 2426 3993 quippe
2446 3936 2695 3993 quorum
2719 3918 2897 3976 etiam
2921 3919 3063 3973 dum
3096 3914 3551 3971 innumerabilis
3582 3915 3743 3970 vide-

2084 4013 2259 4068 batur
2306 4010 2545 4066 alﬂuere
2592 4009 2783 4079 copia,
2818 4023 2971 4078 saepe
3022 4007 3080 4061 in
3134 4004 3442 4061 occasione
3494 4003 3744 4075 penuria

2084 4100 2396 4156 sentiatur.
2426 4100 2612 4164 Quare
2644 4095 2778 4153 illos
2810 4095 3026 4167 quibus
3054 4093 3438 4149 incumbebat
3457 4109 3525 4149 ex
3551 4092 3746 4149 ofﬁcio

2090 4189 2273 4261 gratis
2305 4189 2570 4260 quaedam
2604 4186 2980 4258 suppeditare
3004 4183 3295 4239 militibus
3320 4183 3504 4253 jussit
3522 4182 3747 4238 adscri-

2090 4279 2225 4335 bere
2255 4276 2533 4348 catalogis
2584 4275 3090 4347 suggerendarum
3121 4288 3152 4327 e
3184 4273 3325 4329 ﬁsco
3359 4287 3578 4338 rerum,
3613 4275 3747 4342 post

2085 4384 2312 4424 sacram
2365 4367 2615 4431 iconem,
2650 4380 2815 4419 arma
2867 4363 3154 4433 cujusque
3202 4360 3435 4432 generis
3467 4364 3525 4415 et
3572 4376 3741 4415 usus.

2086 4456 2264 4511 Istius
2294 4460 2414 4509 tam
2441 4462 2721 4509 accuratze
2747 4450 3100 4523 provisionis
3129 4449 3405 4521 prudenti
3429 4448 3563 4504 huic
3588 4448 3747 4520 prin-

2085 4545 2197 4615 cipi
2228 4560 2467 4598 causam
2496 4542 2742 4613 praabuit
2764 4557 2966 4594 rumor
2988 4538 3189 4611 procul
3218 4538 3454 4594 auditus
3479 4538 3747 4609 parantis

2086 4650 2394 4704 erumpere
2432 4632 2625 4704 gentis
2674 4631 2936 4685 barbara:
2990 4643 3317 4682 numerosas
3356 4627 3745 4697 vehementis,

2087 4723 2261 4778 etiam
2288 4739 2419 4777 cum
2446 4722 2708 4776 nondum
2739 4718 3167 4788 intelligeretur
3185 4716 3324 4787 quid
3352 4721 3530 4782 esset,
3554 4733 3743 4787 quan-

2086 4818 2209 4866 tum
2246 4815 2574 4882 posset,cur
2592 4809 2717 4864 suis
2741 4808 3006 4863 latibulis
3029 4806 3462 4876 exiret,quibus
3484 4810 3747 4861 uteretur

2087 4900 2371 4966 moribus,
2398 4914 2718 4969 pacemque
2752 4915 2823 4950 an
2858 4895 3079 4950 bellum
3108 4899 3500 4964 prmoptatura
3520 4893 3743 4949 videre-

2086 4994 2201 5043 tur.
2226 4990 2367 5044 Tam
2402 4987 2572 5057 vulgo
2603 4986 2759 5041 enim
2790 4984 3161 5040 increbuerat
3195 5000 3326 5037 cum
3362 4983 3600 5038 horrore
3631 4986 3744 5037 ter-

2086 5094 2332 5148 roreque
2364 5078 2434 5133 ad
2466 5076 2865 5131 Tocharorum
2922 5074 3278 5128 mentionem
3314 5072 3483 5143 quasi
3533 5073 3739 5143 panico

2088 5168 2260 5223 istius
2303 5167 2570 5235 ejusdem
2613 5181 2761 5219 caeca
2795 5162 3061 5235 quaedam
3095 5161 3385 5232 ignoratio
3418 5161 3643 5233 populi,
3677 5166 3742 5216 ut

2084 5273 2183 5311 eos
2217 5255 2479 5326 plerique
2528 5253 2757 5307 caninis
2790 5252 3082 5306 deformes
3132 5250 3425 5321 capitibus
3458 5251 3737 5316 dicerent,

2086 5343 2429 5414 passimque
2460 5343 2765 5397 audiretur
2785 5342 2855 5395 de
2884 5338 3126 5395 immani
3153 5356 3354 5393 eorum
3387 5356 3595 5411 genere
3625 5342 3740 5395 vic-

2084 5437 2201 5497 tus,
2236 5448 2300 5486 ac
2332 5432 2710 5486 crederentur
2756 5427 3036 5483 humanis
3086 5427 3366 5483 carnibus
3417 5429 3737 5499 ingluviem

2085 5518 2336 5589 explere.
2361 5521 2504 5573 Cum
2529 5533 2662 5572 vero
2689 5516 2759 5571 ad
2780 5514 3148 5570 Theodorum
3172 5512 3232 5567 in
3266 5514 3510 5586 imperio
3534 5531 3739 5570 recen-

2083 5611 2201 5661 tem
2237 5606 2571 5660 dicerentur
2600 5592 2643 5658 ii’
2684 5622 2752 5659 ex
2782 5602 3020 5658 Perside
3070 5601 3296 5671 legatos
3347 5603 3576 5659 mittere
3607 5608 3739 5673 (nec

2085 5696 2239 5750 fama
2284 5693 2716 5762 mentiebatur),
2750 5708 3033 5763 magnum
3068 5690 3153 5745 illi
3183 5707 3251 5749 ea
3283 5708 3375 5747 res
3425 5698 3645 5748 metum
3679 5698 3737 5749 ct

2086 5784 2582 5856 perturbationem
2612 5782 2889 5838 admovit.
2909 5782 3173 5836 Decrevit
3197 5784 3389 5837 tamen
3418 5781 3736 5854 imperator
