4090 6462
366 480 480 535 573

1448 476 1542 527 DE
1581 473 1956 530 MICHAELE
1993 472 2440 529 PALBOLOGO
2476 474 2611 528 LIB.
2652 477 2724 528 II.

3688 476 3797 531 574

365 606 461 674 ἦν,
498 605 681 677 Ἔγνω
735 597 781 654 δ’
811 600 963 672 ὅμως
1017 599 1044 652 ὁ
1083 595 1336 672 βασιλεὺς
1391 597 1455 652 τὸ
1523 590 1752 672 φοϐερὸν
1813 592 2024 650 πλασά-
2054 595 2107 663 Α
2136 593 2206 648 Τὸ
2258 590 2314 648 δέ
2363 616 2426 668 γε
2473 602 2572 664 τῆς
2621 596 2906 671 γερουσίας
2959 597 3048 651 καὶ
3103 596 3227 652 ὅσον
3274 600 3338 666 ἦν
3368 602 3476 652 τῶν
3510 596 3562 653 ἐν
3593 599 3678 671 [Ρ.
3706 602 3795 675 88]

371 713 532 768 μενος
623 688 856 750 ἐκείνους
941 687 1423 752 κατασοφίσασθαι.
1488 686 1581 739 Καὶ
1653 689 1869 759 πρῶτον
1935 685 2027 757 μὲν

373 775 821 859 προαπὲστελλεν
884 776 959 839 ὡς
1010 774 1168 844 δῆθεν
1199 773 1563 852 ἀγγελοῦντας
1623 773 1712 828 ἐπὶ
1771 770 2032 849 Περσίδος

371 872 449 933 ὡς
505 870 589 925 ἐπ’
620 866 818 928 αὐτοὺς
866 866 1261 941 εὐτρεπίζοιτο,
1292 865 1383 918 καὶ
1442 866 1495 919 οἱ
1549 861 2029 939 ταχυδρομοῦντες

370 959 707 1032 ἐπέμποντο.
743 955 952 1019 Μισθὸς
1013 952 1058 1009 δ’
1116 955 1182 1022 ἦν
1239 959 1357 1018 τοῖς
1414 950 1707 1028 ἀγγελοῦσι
1763 949 2030 1019 ταῦτα,εἷ

369 1045 735 1106 κινδυνεύοιεν
814 1044 1149 1116 ἐνιστάμενοι
1232 1043 1319 1096 καὶ
1396 1043 1496 1110 τὴν
1583 1045 1690 1095 τῶν
1745 1039 2030 1112 Ῥωμαίων

369 1139 552 1214 ἀρχὴν
603 1135 971 1190 ἀνυπόστατον
1017 1137 1177 1187 πᾶσιν
1226 1131 1633 1205 ὁμολογοῦντες
1690 1124 1883 1199 ἔΟνεσι,
1937 1127 2032 1183 δα-

366 1228 512 1302 ψιλῆ
569 1227 783 1284 τέκνοις
843 1222 1121 1298 σφετέροις
1181 1221 1271 1275 καὶ
1317 1220 1520 1295 γυναιξὶ
1566 1219 1865 1292 σιτηρέσια.
1901 1219 2031 1274 Εἶτα

367 1315 428 1372 δὲ
456 1321 574 1378 τοῖς
625 1307 882 1390 πρέσϐεσι
932 1308 1362 1386 προσελαύνουσι
1416 1309 1637 1381 πέμψας
1694 1307 1819 1367 τοὺς
1871 1307 2027 1361 ὑπαν-

365 1408 639 1476 τήσοντας
700 1403 773 1463 ὠς
825 1398 982 1470 δῆθεν
1033 1400 1122 1453 καὶ
1173 1398 1319 1473 σφίσι
1364 1398 1458 1459 τὰς
1511 1393 1669 1458 ὁδοὺς
1731 1394 2026 1469 ὁδηγῆσαι,

368 1493 439 1550 δι’
473 1493 555 1548 ὅτι
607 1490 906 1566 δυσχώρων
965 1486 1280 1558 ἐξεπίτηδες
1329 1488 1513 1542 τόπων
1569 1484 1805 1546 ἐκείνους
1859 1480 2031 1538 διαϐι-

372 1580 558 1652 ϐάζειν
609 1581 962 1655 προσέταττε,
997 1575 1090 1631 κᾶν
1149 1597 1232 1639 τις
1284 1575 1596 1630 ἀποκναίων
1647 1573 1872 1649 ἐρωτῴη
1930 1574 2028 1641 τήν

369 1669 713 1746 δυσχωρίαν,
745 1666 889 1722 οὕτω
948 1671 1119 1721 πᾶσαν
1183 1661 1329 1738 ἔχειν
1390 1667 1488 1732 τὴν
1569 1669 1670 1732 τῆς
1727 1660 2028 1736 Ῥωμαίδος

362 1769 469 1837 γῆν
519 1759 930 1831 ἀποκρίνεσθαι,
966 1755 1040 1816 ὠς
1101 1753 1337 1826 ἑτοίμως
1387 1752 1628 1827 ἐχόντων
1666 1757 1744 1822 τῷ
1779 1753 1854 1824 μὴ
1889 1748 2028 1804 είδέ-

367 1872 457 1906 ναι
515 1846 809 1903 πιστεύειν.
866 1845 1016 1902 Ἐπεὶ
1073 1841 1130 1898 δὲ
1177 1843 1265 1898 καὶ
1332 1843 1470 1917 πρὸς
1548 1840 1775 1916 βασιλέα
1843 1839 2030 1895 πολλὰ

2139 680 2286 737 τὲλει
2316 684 2406 738 καὶ
2438 688 2516 756 τῷ
2554 683 2773 759 βασιλεῖ
2820 683 2961 760 πρός
3013 684 3268 760 α’ίματος,
3301 686 3500 750 πάντας
3547 689 3683 762 πρὸς
3737 691 3799 743 τὸ

2146 771 2565 848 μεγαλειότερον
2619 773 3041 848 ἐσκευασμένους
3109 778 3196 832 καὶ
3255 776 3483 839 στολαῖς
3549 777 3636 832 καὶ
3687 799 3798 852 γεν-

2140 861 2274 933 ναίῳ
2319 868 2418 931 τῆς
2467 866 2657 938 ψυχῆς
2707 867 3116 937 παραστήματι,
3160 867 3234 927 ὡς
3284 866 3476 921 αὐτίκα
3521 867 3615 921 τὸν
3660 869 3796 922 κατά

2140 947 2311 1013 πόδας
2371 949 2730 1022 λαπάξοντας,
2762 950 3036 1016 πολλάκις
3085 952 3322 1016 διιόντας
3372 955 3423 1026 ἐξ
3476 954 3694 1031 ἀφανῶν
3741 955 3793 1018 ἐς

2139 1042 2301 1095 ταυτὸ
2363 1040 2710 1114 ξυμπίπτειν,
2745 1041 2818 1103 ὠς
2873 1041 3000 1104 τοὺς
3059 1041 3259 1104 αὐτοὺς
3341 1045 3434 1116 μὲν
3497 1044 3626 1100 εἶναι
3678 1051 3796 1107 ταῖς

2140 1127 2446 1200 ἀληθείαις,
2480 1127 2656 1185 δοκεῖν
2691 1127 2736 1184 δ’
2768 1128 2972 1193 ἄλλους
3005 1131 3094 1186 καὶ
3130 1129 3338 1194 ἄλλους
3391 1132 3482 1187 καὶ
3519 1133 3796 1205 μηδέποτε

2139 1218 2264 1280 τοὺς
2344 1218 2564 1289 αὐτοὺς,
2620 1219 2822 1295 τρόπον
2905 1217 3256 1275 δακτυλιδίου
3334 1220 3633 1295 σφενδόνην
3716 1225 3792 1295 μή

2141 1305 2391 1382 ἔχοντος,
2424 1305 2488 1376 ἤν
2522 1329 2605 1370 τις
2632 1307 2892 1383 βούλοιτο
2926 1308 3006 1364 ἐπ’
3040 1309 3244 1364 ἐκείνου
3298 1311 3361 1365 τὸ
3405 1311 3669 1384 πρότερον
3701 1313 3789 1366 καὶ

2138 1398 2200 1451 τὸ
2250 1396 2468 1472 ὕστερον
2523 1399 2766 1473 θεωρεῖν,
2794 1398 2870 1461 ὠς
2913 1397 2974 1453 τὸ
3025 1397 3153 1453 αὐτὸ
3201 1400 3294 1471 μὶν
3329 1397 3603 1464 πολλᾶκις
3648 1399 3790 1474 λαμ-

2140 1481 2438 1559 ϐανόμενον
2496 1488 2657 1557 εἶναι,
2719 1485 2897 1542 δοκεῖν
2951 1486 2996 1542 δ’
3054 1484 3238 1560 ἕτερον
3311 1488 3382 1562 τῇ
3450 1486 3768 1565 μεταλλαγῇ

2138 1575 2309 1632 Αὐτὸν
2349 1573 2404 1630 δὲ
2439 1575 2737 1650 βασιλικῶς
2795 1575 3143 1650 ἐσταλμένον,
3184 1577 3353 1649 μηδὲν
3387 1579 3493 1632 τῶν
3544 1573 3790 1656 φοϐερῶν

2138 1661 2485 1732 ἐλλείποντα,
2514 1663 2624 1719 ἄνω
2656 1686 2762 1720 που
2801 1667 3069 1734 καθῆσθαι
3119 1663 3328 1736 σπᾶοην
3380 1665 3612 1741 φέροντα
3667 1672 3788 1729 ταῖς

2138 1753 2320 1829 χερσὶ,
2372 1751 2570 1828 βήλοις
2616 1775 2675 1808 τε
2722 1750 3050 1808 πολυτελέσι
3103 1749 3642 1829 περικεκλεισμένον,
3699 1754 3793 1811 ἅλ-

2140 1840 2254 1897 λων
2299 1842 2386 1896 καὶ
2441 1843 2619 1897 αὐτῶν
2668 1839 2915 1921 φοϐερῶν
2968 1839 3423 1918 περιισταμένων,
3455 1845 3655 1899 ἱκανῶν
3709 1841 3793 1899 ὅν-

362 1939 690 1998 πονὲσαντες
769 1935 1192 2010 παραγένοιντος
1276 1930 1476 2000 τηνίκα
1549 1931 1640 1984 καὶ
1715 1927 1839 1984 ἄλλ’
1900 1928 2029 1984 ἅττα
2061 1949 2107 2016 Β
2137 1953 2244 1987 των
2277 1931 2365 1986 καὶ
2397 1930 2606 1986 τούτων
2638 1931 2978 2002 καταπλῆξαι
3009 1934 3100 1988 τὸν
3158 1934 3370 2007 ὁρῶντα
3398 1935 3516 1988 καθ’
3542 1932 3788 1996 ἑαυτοὺς.

367 2023 580 2106 φοϐερὰ
611 2023 824 2080 ὑπενόει
859 2023 932 2086 ὠς
982 2019 1172 2077 αὐτίκα
1215 2019 1305 2074 καὶ
1355 2019 1416 2075 ἐκ
1460 2026 1560 2088 τῆς
1590 2020 1712 2082 θέας
1743 2013 2022 2096 φοϐήσων.

361 2118 658 2172 Ἐπέταττε
716 2113 820 2190 γὰρ
877 2113 975 2172 τὰς
1031 2108 1288 2182 δυνάμεις
1353 2109 1403 2163 ἐν
1468 2107 1649 2180 ταυτῷ
1727 2107 2024 2179 συνελθεῖν;

363 2207 458 2262 καὶ
493 2201 850 2264 ὁπλισθέντας
897 2201 1035 2256 κατὰ
1086 2201 1328 2277 φρήτρας
1377 2197 1464 2252 καὶ
1519 2195 1665 2274 φῦλα
1707 2197 1797 2251 καὶ
1827 2197 2024 2268 τάξεις,

359 2296 416 2351 ἐν
475 2298 670 2354 ποσοῖς
727 2311 838 2346 τισι
891 2310 998 2344 των
1059 2286 1202 2343 ὁδῶν
1271 2286 1631 2359 διαστήμασιν
1708 2286 2026 2358 ἱσταμένους

359 2383 780 2462 καταφράκτους
814 2375 1045 2452 σιδήρῳ,
1079 2371 1247 2454 φόϐον
1281 2377 1420 2430 κατὰ
1467 2373 1690 2437 παιδιὰς
1751 2374 2022 2448 ἐμποιεῖν.

361 2573 742 2633 dissimulata
793 2570 1104 2627 formidine
1157 2569 1313 2641 ipsos
1364 2568 1584 2623 fallere.
1638 2569 1714 2622 Ac
1768 2568 2026 2639 primum

364 2665 531 2722 misit
573 2668 761 2718 certos
795 2660 1066 2716 homines
1099 2659 1200 2730 qui
1233 2658 1577 2713 nuntiarent
1622 2657 1681 2712 in
1729 2657 2028 2713 Persidem

366 2757 770 2812 Romanorum
803 2750 1216 2822 imperatorem
1249 2763 1593 2819 comparare
1633 2748 1782 2803 I35
1822 2749 1919 2802 sed
1958 2748 2028 2801 ad

371 2842 731 2901 movendum
752 2839 810 2893 in
834 2855 935 2894 eos
954 2837 1186 2893 infestis
1210 2835 1417 2908 signis.
1445 2835 1513 2890 Hi
1547 2834 1646 2890 alii
1681 2851 1858 2906 super
1882 2834 2029 2890 alios

365 2932 526 2988 varie
560 2929 947 2986 mittebantur
973 2943 1151 2998 quam
1171 2924 1561 2994 velocissime,
1580 2941 1714 2978 cum
1735 2923 2030 2978 mandatis

376 3033 736 3092 magnopere
750 3014 1064 3072 extollendi
1085 3012 1329 3069 Romani
1355 3011 1587 3083 imperii
1614 3010 2033 3083 potentiam,ut

375 3109 652 3166 resistere
676 3104 839 3160 nulla
863 3103 1132 3176 quamvis
1163 3103 1281 3157 tera
1303 3105 1360 3157 et
1381 3117 1699 3156 numerosa
1730 3117 1874 3172 gens
1896 3117 2030 3171 pos-

371 3199 473 3265 sit,
508 3199 568 3251 in
590 3211 775 3266 eaque
795 3191 1184 3249 afﬁrmatione
1211 3207 1386 3262 quam
1408 3189 1820 3245 efﬁcacissime
1843 3188 2029 3243 incul-

371 3281 923 3347 candainsistendi,
970 3281 1160 3352 quoad
1205 3279 1381 3334 ﬁdem
1428 3279 1705 3334 facerent.
1740 3278 1921 3349 Cujus
1947 3276 2027 3332 rei

369 3374 634 3448 periculo
669 3391 739 3428 ne
772 3373 1224 3437 deterr‘érentur,
1252 3369 1551 3441 provisum
1576 3372 1702 3423 erat
1733 3367 2028 3439 magnitu-

371 3467 510 3521 dine
535 3463 834 3538 promissaa
852 3457 1918 3529 mercedis.Constituebanturquippe
1940 3458 2029 3512 his

372 3555 473 3628 qui
506 3555 683 3610 istam
717 3568 954 3626 Operam
989 3549 1321 3622 reipublicae
1358 3549 1657 3606 navabant
1691 3546 1890 3619 ampla
1939 3549 2033 3602 de-

372 3661 582 3701 mensa
611 3646 664 3699 et
697 3640 930 3714 publico
959 3643 1016 3697 et
1036 3642 1200 3694 stata:
1225 3641 1623 3709 perpetuoque
1646 3637 1942 3691 duraturae
1972 3635 2030 3690 in

374 3735 661 3791 alimenta
693 3732 1030 3805 pensiones,
1065 3728 1283 3800 quibus
1316 3729 1363 3783 si
1397 3726 1536 3797 quid
1573 3725 1943 3790 humanitus,
1968 3730 2034 3780 ut

373 3827 435 3881 in
464 3823 794 3896 periculoso
823 3820 1172 3889 ministerio,
1218 3818 1338 3890 pati
1371 3815 1740 3888 contingeret
1787 3831 1885 3870 eos
1932 3816 2031 3887 qui

378 3914 740 3978 meruerant,
774 3925 982 3964 uxores
1034 3907 1297 3978 ipsorum
1341 3903 1630 3975 liberique
1676 3903 2030 3958 fruerentur.

381 3998 540 4054 Alios
567 3997 742 4053 etiam
767 3992 1082 4051 destinavit
1115 3993 1174 4047 in
1215 4008 1533 4049 occursum
1564 3990 1896 4063 legatorum
1930 3992 2032 4062 qui

379 4089 778 4144 monstrarent
808 4086 920 4140 iter
973 4101 984 4137 :
1037 4084 1138 4138 sed
1185 4081 1278 4137 his
1324 4082 1600 4155 praecepit
1625 4084 1687 4137 ut
1719 4097 1817 4137 eos
1850 4082 1920 4136 de
1949 4082 2034 4137 in-

377 4177 610 4235 dustria
641 4195 742 4250 per
773 4175 897 4231 loca
932 4174 1184 4230 maxime
1208 4190 1411 4244 aspera
1433 4172 1706 4244 inviaque
1729 4173 2032 4245 ducerent,

377 4271 728 4324 excusantes
751 4265 856 4322 soli
888 4269 1156 4320 naturam
1181 4266 1236 4318 et
1255 4261 1662 4317 difﬁcultatem
1687 4261 2033 4322 situs.inde-

381 4375 498 4431 que
527 4361 760 4428 captata
793 4354 1097 4411 occasione
1129 4354 1614 4409 commendantes
1647 4352 1804 4408 istud
1837 4353 2032 4424 ipsum

380 4447 529 4520 ipsis
549 4445 830 4502 cxibitum
868 4443 1127 4499 ofﬁcium
1163 4446 1440 4512 tanquam
1485 4441 2033 4514 videlicetimpera-

378 4544 472 4594 tor
503 4537 703 4592 audito
744 4533 980 4590 illorum
1013 4533 1287 4598 adventu,
1321 4535 1377 4586 et
1407 4533 1679 4587 conscius
1699 4532 2034 4602 asperitatis

380 4627 680 4693 itinerum,
707 4622 894 4678 multa
916 4621 1274 4692 benignitate
1301 4621 1502 4676 obvios
1526 4622 1632 4675 ded
1646 4626 1872 4675 uctores
1892 4621 2033 4674 via:-

385 4731 499 4787 quc
524 4713 748 4769 indices
770 4710 1014 4766 miserit.
1035 4711 1552 4780 Admonueratque
1576 4715 1640 4762 ut
1662 4709 1708 4763 si
1730 4708 1863 4778 quis
1884 4709 2031 4764 forte
2065 4693 2111 4754 D

382 4807 707 4877 legatorum
735 4802 884 4857 inter
901 4816 1051 4872 aegre
1078 4799 1413 4869 superanda
1439 4798 1761 4870 prazcipitia
1800 4799 2036 4869 rupium

379 4902 437 4950 et
469 4894 731 4949 saltuum
757 4890 1030 4963 perplexa
1050 4891 1311 4944 offensus
1331 4892 1796 4960 percontaretur,
1832 4888 2035 4958 ecquis

380 4984 469 5040 vel
521 4983 691 5053 longo
737 4980 988 5037 circuitu
1041 4979 1221 5050 qumri
1274 4983 1469 5051 posset
1497 4978 1635 5032 alibi
1671 4980 2035 5032 commodior

380 5074 1037 5141 transitus,constantes
1060 5073 1501 5140 concordesque
1518 5072 2036 5124 asseverarentnu-

381 5160 931 5236 squamquidquam
963 5157 1331 5214 tolerabilius
1363 5158 1720 5228 sperandum
1769 5173 1781 5211 :
1816 5156 2034 5227 ubique

379 5253 539 5310 enim
592 5249 868 5307 similiter
893 5251 1246 5320 praeruptam
1301 5247 1767 5318 impeditamquc
1816 5251 2030 5302 terram

378 5344 710 5398 Romanam
768 5355 914 5400 esse,
981 5336 1088 5392 hoc
1142 5337 1437 5407 siquidem
1493 5336 1660 5392 facile
1709 5336 2032 5391 credituros

377 5431 658 5488 audacter
686 5425 980 5498 indigenis
1013 5424 1446 5479 afﬁrmantibus
1487 5441 1726 5496 peregre
1750 5423 2032 5495 appulsos

382 5521 667 5580 barbaros
687 5519 760 5573 ob
788 5515 1180 5571 necessariam
1201 5515 1624 5585 ignorationem
1649 5520 1770 5568 tam
1795 5514 2030 5585 longin-

375 5627 508 5680 quae.
546 5605 824 5678 regionis.
850 5605 1331 5673 Quandocumque
1371 5609 1565 5658 autem
1616 5609 1745 5674 post
1778 5603 2030 5658 multum

382 5698 642 5768 denique
672 5695 930 5750 laborem
961 5692 1032 5748 ad
1075 5692 1487 5762 imperatorem
1514 5693 1903 5764 pervenirent,
1937 5709 2032 5746 ex.

378 5788 738 5858 cogitaverat
800 5781 1037 5836 modum
1095 5781 1427 5851 objectandi
1487 5782 1571 5836 eis
1623 5782 1740 5837 illic
1794 5798 2031 5838 scenam

2141 2021 2282 2075 οὕτω
2307 2025 2482 2075 ποιεῖν
2518 2021 2878 2095 χρηματίζειν
2939 2026 3055 2083 τοῖς
3113 2017 3389 2095 πρέσϐεσι,
3425 2023 3631 2097 μακρὰν
3695 2023 3788 2096 μὲν

2139 2107 2472 2183 ἱσταμένοις,
2513 2109 2636 2164 ὅσον
2700 2109 2928 2179 εἰκάζειν
2977 2111 3068 2165 τὸν
3125 2106 3353 2186 βασιλέα
3401 2111 3492 2165 καὶ
3542 2112 3670 2184 ὁρᾷν
3722 2113 3791 2167 τὰ

2140 2197 2412 2273 δρώμενα,
2443 2198 2691 2275 ἐξαίφνης
2747 2197 2794 2253 δ’
2844 2198 2896 2269 ἐξ
2941 2196 3150 2270 ἀδήλου
3197 2204 3304 2255 τῶν
3354 2201 3789 2275 παραπετασμά-

2137 2307 2244 2342 των
2306 2282 2726 2362 διανοιχθέντων
2779 2286 2952 2350 οὕτως
3013 2287 3314 2364 ἐγγενέσθαι
3374 2288 3520 2363 σφίσι
3568 2284 3789 2362 βλέπειν

2136 2378 2227 2431 τὸν
2293 2374 2518 2451 βασιλέα
2568 2375 2655 2431 ἐπὶ
2712 2381 2809 2431 τοῦ
2869 2379 3066 2452 Θρύνου
3127 2375 3276 2450 μάλα
3335 2373 3791 2452 σοϐαρευόμενον,

2140 2569 2312 2640 plane
2350 2569 2692 2638 terriﬁcam,
2747 2584 2996 2640 quaeque
3043 2569 3206 2641 ipsos
3255 2569 3581 2640 quamlibet
3637 2571 3791 2626 feros

2143 2658 2330 2730 primo
2355 2662 2590 2728 aspectu
2617 2657 2974 2727 percelleret.
2998 2662 3355 2730 Praeceperat
3377 2658 3532 2713 enim
3573 2659 3791 2714 exerci-

2139 2750 2264 2801 tum
2291 2746 2597 2803 convenire
2620 2746 2988 2815 universum,
3022 2763 3345 2818 omnesque
3371 2747 3584 2803 milites
3607 2765 3793 2804 arma-

2141 2841 2234 2892 tos
2273 2852 2376 2908 per
2416 2836 2772 2907 manipulos,
2815 2836 3110 2905 cohortes,
3141 2837 3427 2909 legiones,
3463 2837 3706 2894 structis
3737 2843 3792 2893 et

2144 2925 2390 2997 digestis
2421 2925 2747 2992 ordinibus,
2773 2927 2842 2981 ad
2863 2930 3020 2982 certa
3048 2927 3276 2982 viarum
3321 2925 3630 2982 intervalla
3668 2932 3788 2983 sta-

2141 3015 2403 3071 tionibus
2436 3015 2764 3087 descriptis,
2807 3033 3088 3088 apparere
3115 3017 3523 3088 cataphractos
3546 3021 3604 3072 et
3633 3021 3789 3072 totos

2144 3105 2403 3177 rigentes
2427 3106 2599 3174 ferro,
2635 3106 2879 3177 insuper
2897 3105 3152 3162 monitus
3184 3111 3251 3161 ut
3277 3110 3462 3162 artem
3513 3107 3796 3162 adderent

2146 3195 2398 3266 negotio,
2429 3195 2841 3265 eﬁ'crandaque
2882 3194 3015 3250 daia
3044 3211 3222 3266 opera
3254 3195 3632 3251 contumacia
3650 3212 3792 3266 qua-

2141 3283 2272 3338 dam
2296 3283 2413 3339 oris
2445 3300 2510 3338 ac
2541 3283 2992 3355 superciliorum
3026 3284 3200 3338 minis
3233 3284 3403 3354 quasi
3445 3299 3548 3355 per
3578 3282 3787 3338 ludum

2145 3373 2524 3430 formidinem
2554 3377 2853 3446 augerent.
2870 3374 3180 3429 Senatores
3208 3390 3441 3446 quoque
3459 3381 3697 3429 cunctos
3725 3390 3790 3429 ac

2141 3466 2433 3533 quotquot
2456 3465 2490 3517 1
2507 3463 2608 3518 86
2632 3464 2690 3517 in
2719 3462 3012 3534 praecipua
3035 3462 3324 3535 dignitate
3357 3466 3525 3517 erant
3545 3477 3788 3533 praeser-

2143 3553 2248 3609 tim
2274 3552 2614 3624 imperatori
2639 3552 2949 3624 sanguinis
2972 3552 3288 3624 principes,
3323 3553 3580 3623 jusserat
3611 3568 3788 3623 quam

2146 3641 2456 3712 magniﬁce
2483 3657 2548 3697 ac
2579 3640 3016 3713 speciosissime
3044 3642 3289 3697 vestitos
3322 3641 3631 3713 perculiari
3655 3657 3796 3696 cura

2145 3731 2518 3800 majestatem
2553 3746 2618 3785 ac
2634 3730 2849 3786 fastum
2871 3731 3165 3799 affectare,
3189 3731 3306 3786 imo
3330 3731 3593 3786 trucibus
3607 3729 3792 3785 oculis

2142 3819 2426 3890 vultuque
2447 3818 2598 3874 irato
2624 3820 2779 3875 feros
2811 3819 3058 3891 spiritus
3083 3837 3199 3892 prae
3223 3837 3286 3876 se
3312 3820 3460 3875 ferre
3480 3820 3640 3875 velut
3661 3836 3794 3875 mox

2145 3908 2474 3964 obtrituros
2541 3925 2958 3980 quemcunque
2987 3913 3418 3976 occurrentem,
3452 3908 3655 3980 sicque
3713 3908 3797 3963 ire

2147 3997 3012 4068 redirequesaepius,ostentare
3042 4012 3103 4052 se
3121 4013 3447 4068 rursusque
3474 3997 3790 4064 occultare,

2144 4087 2468 4160 statimque
2499 4087 2690 4143 denuo
2729 4085 2972 4158 intrare,
2997 4091 3063 4142 ut
3084 4087 3183 4142 alii
3207 4087 3423 4158 aliique
3455 4089 3794 4144 viderentur

2143 4183 2201 4235 et
2224 4194 2506 4233 numerus
2527 4179 2584 4232 in
2614 4177 2871 4249 speciem
2896 4181 3202 4233 cresceret.
3237 4177 3400 4232 Sicut
3421 4177 3575 4233 enim
3601 4193 3788 4232 annu-

2147 4272 2267 4323 lum
2303 4267 2436 4340 pala
2459 4272 2750 4324 carentem
2774 4267 2872 4338 qui
2893 4267 3149 4322 secundo
3169 4266 3330 4322 videt
3349 4265 3513 4322 facile
3540 4265 3792 4321 alterum

2145 4357 2351 4425 credit,
2385 4355 2602 4426 quippe
2645 4373 2756 4409 non
2792 4355 3102 4410 habentem
3137 4371 3251 4425 quo
3283 4353 3657 4409 discernatur
3689 4357 3792 4408 aut

2146 4446 2303 4500 unde
2350 4445 2581 4514 judicet
2647 4448 2941 4514 spectator
2972 4443 3243 4498 eumdem
3296 4459 3478 4497 unum
3539 4443 3796 4498 secundo

2145 4536 2388 4590 tertiove
2420 4534 2598 4603 sumi,
2633 4550 2815 4605 quare
2849 4533 2930 4587 illi
2958 4533 3124 4588 facile
3155 4534 3546 4605 persuadetur
3577 4533 3795 4588 multos

2144 4642 2272 4682 esse
2306 4626 2478 4695 plane
2521 4624 2744 4679 similes
2787 4624 2901 4678 sibi
2949 4625 3354 4691 succedentes,
3405 4623 3488 4678 ita
3536 4640 3790 4695 pronum

2143 4717 2267 4770 erat
2287 4716 2515 4768 exteros
2546 4711 2863 4766 intrantem
2900 4711 2956 4765 in
2992 4710 3187 4766 aulam
3233 4712 3688 4781 oll'erentemque
3731 4727 3792 4766 se

2144 4802 2394 4858 subinde
2440 4805 2770 4856 senatorem
2821 4805 2924 4854 aut
2973 4799 3299 4870 principem
3350 4801 3626 4854 eumdem
3686 4817 3790 4870 pro

2142 4889 2386 4945 diversis
2420 4902 2671 4942 sumere.
2707 4887 2881 4942 Porro
2929 4885 3057 4957 ipse
3105 4886 3498 4956 imperatoriis
3531 4886 3794 4942 vestibus

2144 4979 2395 5035 maxime
2429 4977 2699 5048 angustis
2731 4975 3216 5048 splendidissime
3246 4979 3492 5032 ornatus
3519 4975 3794 5047 prazcclso

2143 5068 2407 5124 residens
2439 5067 2606 5136 solio,
2641 5066 2948 5121 minaciter
2979 5065 3249 5136 supinus,
3278 5065 3442 5120 vultu
3495 5082 3563 5122 ac
3607 5069 3793 5122 fronte

2142 5174 2426 5213 terrorem
2455 5156 2844 5228 spirantibus,
2876 5171 3076 5210 ensem
3129 5154 3465 5210 districtum
3495 5173 3675 5212 manu
3709 5155 3790 5210 vi-

2143 5249 2319 5303 brans
2352 5247 2569 5302 latebat
2591 5249 2745 5302 intra
2771 5250 2999 5317 septum
3025 5244 3165 5300 velis
3190 5245 3450 5318 undique
3491 5247 3794 5318 pretiosis-

2143 5338 2311 5393 simis
2333 5338 2612 5408 oppansis
2637 5337 2923 5400 clausum,
2945 5353 3057 5390 non
3092 5337 3288 5391 statim
3310 5341 3667 5409 conspicuus
3691 5339 3792 5392 ad-

2145 5426 2452 5481 mittendis
2475 5426 2530 5480 in
2549 5426 2766 5488 aulam,
2786 5444 2910 5497 quae
2935 5424 3065 5480 aliis
3089 5425 3245 5480 varie
3267 5427 3460 5482 cincta
3499 5427 3792 5482 terriculis

2146 5516 2296 5570 haud
2325 5516 2505 5570 dubia
2531 5516 2842 5571 formidine
2877 5517 3184 5586 perfusura
3209 5517 3792 5590 eratquantumlibet

2145 5611 2517 5662 constantem
2575 5605 2976 5676 audacemque
3021 5612 3430 5676 spectatorem.
3467 5608 3795 5664 Traductos

2150 5715 2250 5766 per
2275 5696 2446 5750 istam
2473 5699 2760 5749 terrorum
2791 5711 3064 5765 pompam
3094 5695 3146 5748 in
3175 5696 3300 5767 ipso
3329 5702 3646 5768 conspectu
3680 5697 3790 5753 veli

2145 5786 2424 5841 thronum
2459 5785 2682 5857 regium
2734 5784 2986 5856 tegentis
3036 5803 3200 5841 mora
3234 5786 3602 5860 longiuscule
3642 5789 3792 5845 dcti-
