4090 6416
333 437 445 498 575

1645 437 1950 496 GEORGII
1986 439 2450 495 PACHYMERB

3643 439 3753 496 576

335 563 496 639 ὀλίγα
523 583 581 618 τε
607 561 777 619 εἰπεῖν
805 561 894 618 καὶ
946 561 1170 617 ἀκοῦσαι
1232 559 1743 637 μεταξυλογούντων
1796 567 1983 635 τινῶν,
2017 563 2067 630 Α
2099 561 2234 616 σέτα
2263 558 2524 632 λαϐόντα,
2555 561 2882 637 προσέταττε
2926 562 3017 618 τὸν
3051 561 3300 636 πόλεμον
3345 561 3483 637 πρὸς
3543 561 3748 620 ἐκεῖνον

333 651 542 732 φοϐερὰ
589 651 647 710 δὲ
693 653 782 708 καὶ
831 657 999 709 ταῦτα
1047 651 1333 721 δοκοῦντα,
1367 655 1442 715 ὡς
1496 654 1660 725 μόνον
1715 652 1984 728 λεγόμενα

332 743 700 816 καταπλῆξαι.
759 744 856 797 Καὶ
919 743 1091 804 οὕτως
1148 741 1233 796 ἐπ’
1289 742 1477 816 ὀλίγον
1539 742 1986 817 ἀφοσιωσάμενον

331 834 425 889 τὸν
496 833 911 908 χρηματισμὸν,
965 832 1280 904 ἀποπέμπει
1333 827 1422 886 διὰ
1477 836 1584 886 τῶν
1654 831 1831 886 αὐτῶν
1893 832 1982 886 καὶ

333 923 500 978 πάλιν
561 920 887 998 δυσχωριῶν
945 926 1061 984 τοῖς
1119 918 1347 995 ὁδηγοῖς
1407 922 1867 996 έπαναγομένους.
1904 923 1985 978 Τὰ

331 1020 465 1090 γοῦν
513 1014 752 1090 πρότερα
795 1015 946 1068 ταῦτ’
998 1017 1152 1083 ἦσαν,
1198 1013 1287 1068 καὶ
1347 1013 1488 1067 οὕτω
1560 1011 1804 1076 δεδιότας
1866 1015 1983 1084 Euv-

331 1099 537 1158 έϐαινεν
588 1098 900 1181 ἀντιφοϐεῖν
950 1101 1008 1156 έν.
1057 1099 1319 1164 συνέσεως
1355 1120 1366 1133 ·
1401 1102 1523 1157 τότε
1550 1100 1595 1155 δ’
1627 1101 1854 1174 ὁμαλῶς
1893 1104 1983 1156 καὶ

325 1194 508 1262 ἠπίως
538 1194 674 1247 πάνυ
705 1192 1028 1268 ἐπεχείρουν
1059 1187 1444 1265 πρεσϐεύεσθαι
1483 1193 1576 1264 μέν
1609 1191 1691 1246 ἐπ’
1725 1191 1984 1262 ἐκείνους,

328 1282 528 1346 ἐκεῖθεν
563 1280 620 1336 δὲ
648 1277 902 1356 πρέσϐεις
937 1278 1209 1356 δέχεσθαι,
1237 1282 1312 1342 ὡς
1333 1279 1525 1336 αὐτίκα
1555 1282 1641 1335 καὶ
1676 1284 1809 1336 κατά
1838 1279 1981 1350 κήδη

330 1369 644 1426 σπένδεσθαι
682 1369 928 1444 μελετᾷν.

331 1486 430 1543 κς’.
466 1479 593 1553 Περὶ
648 1482 784 1553 τῶν-
806 1479 959 1553 κατὰ-
990 1477 1138 1532 δύσιν
1176 1477 1306 1553 ’.καὶ
1358 1477 1506 1540 ὅπως
1559 1484 1766 1553 Καῖσαρ
1819 1499 1986 1552 προσ-

725 1545 915 1606 έϐαλεν
945 1550 1004 1606 ἐκ
1033 1549 1276 1624 παρόδου
1304 1556 1370 1624 τῇ
1397 1551 1579 1606 πόλει.

397 1639 558 1697 Οὕτω
616 1638 675 1695 δὲ
721 1645 830 1694 τῶν
880 1647 983 1709 τῆς
1031 1638 1304 1709 ἀνατολῆς
1341 1645 1520 1714 μερῶν
1569 1642 1980 1713 κρατυνομένων

323 1733 410 1784 καὶ
464 1732 584 1785 κατ’
613 1729 841 1793 ἐλπίδας
893 1731 1113 1804 ἀγαθὰς,
1161 1729 1446 1797 ὅντων,τέι
1487 1733 1622 1785 κατὰ
1685 1729 1833 1785 δύσιν
1892 1732 1982 1785 καὶ

324 1819 476 1881 αὖθις
509 1819 827 1892 ἐκύμαινον.
862 1823 922 1878 Ὀ
950 1822 1052 1896 γὰρ
1086 1818 1354 1890 δεσπότης
1395 1821 1628 1895 Μιχαὴλ
1662 1823 1743 1893 [Ρ.
1776 1823 1866 1891 89ί
1905 1822 1978 1892 μὴ

2094 651 2336 728 ἐκφέρειν
2373 673 2385 684 ·
2420 652 2535 708 ἐπεὶ
2569 651 2625 708 δὲ
2654 654 2741 708 καὶ
2778 655 2829 708 οἱ
2863 654 2968 708 ἀπὸ
3015 659 3116 722 τῆς
3164 651 3462 723 Σικελικῆς
3514 653 3755 730 ῥηγικῆς

2097 741 2336 812 ἐξουσίας
2368 741 2555 798 πολλᾶ
2585 747 2692 797 τῶν
2721 742 3009 820 Ἱλλυριῶν
3059 744 3149 798 καὶ
3197 750 3298 812 τῆς
3341 744 3464 808 νέας
3495 744 3758 820 Ἠπείρου

2095 833 2667 908 προσεσφετερίσαντο,
2711 835 2916 905 πέμπει
2963 833 3179 888 κάκεῖσε
3226 831 3354 896 τοὺς
3406 834 3754 907 ἀντιταξομέ-

2094 943 2236 983 νους.
2255 924 2357 978 Καὶ
2389 921 2454 990 δὴ
2477 930 2558 996 τῷ
2580 923 2806 998 Καίσαρι
2843 924 3068 997 Ἀλεξίῳ
3099 925 3159 979 τὸ
3185 926 3450 988 Σκυθικὸν
3475 923 3756 1000 παραδοὺς

2095 1014 2188 1066 σὺν
2223 1012 2284 1066 ού
2314 1012 2551 1075 πολλοῖς
2586 1013 2781 1077 ἄλλοις
2811 1018 3030 1090 πρῶτον
3063 1015 3199 1090 πρὸς
3245 1014 3458 1088 Θρᾴκην
3511 1013 3756 1088 ἐξώρμα,

2092 1105 2160 1156 τα
2208 1104 2345 1156 κατά
2391 1104 2490 1170 τὴν
2521 1101 2841 1179 Ὀρεστιάδα
2892 1102 3078 1166 καλῶς
3128 1105 3203 1166 ὡς
3247 1105 3363 1178 εἶχε
3423 1101 3754 1178 διαθησόμε-

2093 1213 2208 1266 νον,
2261 1193 2312 1246 έν
2373 1191 2608 1267 δευτέρῳ
2662 1195 2884 1248 κάκεῖνα
2940 1195 3243 1264 τιθέμενος.
3302 1195 3380 1250 Τὸ
3421 1193 3522 1269 γὰρ
3572 1194 3752 1251 Βουλ-

2095 1285 2321 1358 γαρικὸν
2363 1284 2460 1337 οὐκ
2504 1282 2699 1352 ἤθελεν
2761 1286 3013 1358 ἠρεμεῖν,
3062 1283 3152 1338 καὶ
3216 1281 3428 1355 μᾶλλον
3490 1285 3607 1338 κατ’
3661 1279 3754 1359 ἕχ-

2095 1376 2224 1449 θραν
2264 1373 2353 1427 καὶ
2410 1379 2566 1445 μῖσος
2617 1374 2676 1427 τὸ
2727 1375 2863 1441 πρὸς
2919 1371 3168 1446 βασιλέα,
3201 1379 3303 1441 τῆς
3353 1375 3580 1448 πρώτης
3633 1379 3744 1428 τῶν

2097 1465 2402 1536 θυγατέρων
2462 1467 2557 1516 τοῦ
2618 1462 2854 1537 Λάσκαρι
2937 1460 3222 1537 Θεοδώρου
3303 1463 3392 1517 καὶ
3475 1461 3746 1537 βασιλέως

2095 1555 2334 1627 Εἱργςνης
2364 1554 2456 1607 τὸν
2508 1552 2736 1626 σύζυγον
2782 1558 3217 1618 Κώνσταντῖνον,
3251 1553 3308 1607 ’ὸν
3371 1554 3461 1606 καὶ
3518 1550 3749 1628 βασιλέα

2094 1644 2430 1719 Βουλγάρων
2479 1645 2506 1698 6
2558 1643 2722 1717 λόγος
2772 1639 3001 1712 ἐδείκνυ,
3055 1642 3203 1714 μάλα
3252 1644 3470 1718 Θερμῶς
3528 1642 3749 1718 ἐξοτρυ-

2092 1734 2292 1804 νούσης
2343 1739 2545 1788 κακοῦν
2617 1735 2716 1802 τὴν
2787 1734 2995 1808 χώραν,
3046 1733 3334 1786 ἀντίποινα
3387 1729 3548 1802 δῆθεν
3603 1733 3675 1785 ῶν
3721 1733 3749 1785 6

2091 1821 2326 1895 ἀδελφὸς
2377 1824 2636 1891 Ἰωάννης
2688 1820 2915 1896 ἔπασχε.
2968 1825 3062 1893 Τῷ
3108 1825 3234 1895 γοῦν
3293 1823 3516 1894 Καίσαρι
3575 1842 3745 1896 προσ-

328 1910 571 1986 εύχερῶς
619 1910 795 1984 φέρων
847 1910 1206 1983 στερούμενος
1258 1916 1366 1965 τῶν
1419 1911 1693 1986 φρουρίων
1739 1911 1828 1964 καὶ
1877 1917 1976 1978 τῆς
2013 1937 2058 2000 Β
2089 1910 2416 1987 τεταγμένον
2477 1913 2542 1980 ἦν
2603 1913 2736 1984 πρὸς
2793 1910 3062 1986 βασιλέως
3137 1910 3406 1966 ἐπιστάντι
3469 1917 3586 1972 τοῖς
3645 1917 3748 1980 τῆς

330 2000 518 2075 χώρας
569 1997 1013 2072 ἀπεληλαμένος,
1046 2001 1107 2069 ἣν
1169 2002 1198 2053 6
1237 2001 1382 2060 θεῖος
1432 1999 1596 2055 αὐτοῦ
1649 2000 1739 2054 καὶ
1798 1999 1979 2073 πατὴρ

330 2091 359 2142 6
417 2087 721 2164 Θεόδωρος,
781 2090 840 2151 ’ὸς
918 2089 1007 2144 καὶ
1094 2087 1386 2164 βασιλικῆς
1443 2087 1792 2164 ἀναρῥῆσεως
1849 2089 1984 2142 κατά

331 2175 483 2232 δύσιν
531 2180 743 2250 ἠξιώθη
793 2178 891 2232 τοῦ
923 2176 1202 2252 Ἀρχιδῶν
1253 2178 1645 2239 ταινιώσαντος
1693 2172 1982 2248 Ἰακώϐου,

327 2264 521 2341 ἱδρῶσι
571 2265 853 2322 πλείστοις
904 2267 995 2320 καὶ
1043 2268 1219 2340 σπάθῃ
1281 2265 1546 2329 ἐκσπάσας
1589 2271 1697 2322 τῶν
1751 2266 1979 2322 Ἰταλῶν

324 2362 442 2418 τοῖς
493 2353 654 2418 ἰδίοις
709 2359 1174 2430 προσεποιήσατο,
1204 2357 1411 2411 τούτων
1475 2359 1549 2428 μὴ
1604 2359 1780 2434 φέρων
1816 2358 1980 2413 ὁΜι-

323 2446 480 2522 χαήλ
534 2445 894 2520 στερούμενος
981 2442 1320 2518 ἀνελάμϐανέ
1400 2467 1459 2501 τε
1533 2447 1628 2508 τὰς
1696 2448 1834 2521 πρὸς
1888 2450 1978 2503 τὸν

335 2535 568 2612 βασιλέα
608 2537 905 2606 συνθήκας,
931 2536 1022 2589 καὶ
1070 2536 1137 2589 τὰ
1192 2535 1331 2590 κατὰ
1359 2532 1507 2590 δύσιν
1542 2537 1981 2609 ὑποποιούμενος

329 2625 576 2702 εὐχερῶς
624 2625 766 2700 πρὸς
817 2623 1003 2679 ἑαυτὸν
1055 2622 1144 2678 διὰ
1181 2625 1244 2679 τὸ
1273 2625 1362 2679 καὶ
1393 2623 1580 2688 ἄλλως
1607 2631 1714 2681 τῶν
1749 2625 1979 2682 δυτικῶν

329 2713 645 2788 εύρίπιστον
689 2711 898 2776 ἔπειθεν
951 2711 1265 2768 ἀποκλίνειν
1313 2713 1486 2775 αὖθις.
1521 2713 1621 2768 Διὰ
1665 2718 1831 2770 ταῦτα
1887 2716 1979 2770 τὸν

333 2805 430 2876 μὶν
485 2800 752 2872 δεσπότην
805 2803 832 2855 6
869 2800 1124 2876 βασιλεὺς
1153 2801 1436 2875 Ἰωάννην,
1469 2800 1678 2876 σπουδῇ
1723 2803 1790 2858 τὰ
1831 2826 1980 2880 φωσ-

326 3025 457 3082 nuit
482 3042 494 3080 :
519 3028 643 3080 tum
669 3040 998 3096 suspensus
1021 3021 1420 3094 expectatione
1455 3023 1712 3079 sollicita
1743 3027 1979 3095 repente

326 3113 527 3169 aulaeis
549 3112 808 3181 undique
834 3111 1093 3166 reductis
1119 3115 1375 3182 angusta
1396 3110 1497 3165 illa
1521 3115 1576 3167 et
1607 3113 1878 3180 verenda,
1908 3113 1978 3168 de

327 3219 444 3273 qua
473 3201 613 3267 dixi,
648 3201 961 3271 majestate
996 3198 1277 3271 perculit;
1305 3200 1510 3270 jussos
1543 3200 1753 3257 dehinc
1786 3201 1978 3258 dicere

327 3309 454 3365 qum
485 3291 699 3346 vellent
728 3289 1118 3361 contemptim
1177 3287 1336 3344 aliud
1376 3307 1551 3360 agens
1585 3290 1826 3358 audivit,
1853 3291 1977 3346 cui-

325 3383 461 3437 dam
492 3380 816 3436 identidem
850 3377 1071 3451 aliquid
1101 3379 1162 3434 in
1197 3395 1398 3434 aurem
1429 3378 1828 3436 insusurranti
1851 3397 1976 3452 par-

325 3477 442 3527 tem
489 3469 834 3526 attentionis
865 3468 1270 3524 commodans.
1305 3467 1413 3523 Ubi
1447 3474 1814 3540 perorarunt,
1843 3486 1976 3541 per-

321 3577 510 3634 pauca
538 3575 723 3632 eaque
755 3557 1008 3613 minacia
1026 3556 1350 3628 respondit.
1378 3561 1464 3613 Ita
1485 3557 1765 3614 dimissos
1787 3559 1976 3631 impe-

323 3653 414 3706 rat
435 3653 596 3704 extra
635 3647 889 3703 limitem
918 3663 1020 3718 per
1040 3647 1272 3702 easdem
1322 3647 1699 3718 confragosas
1736 3649 1884 3703 137
1923 3653 1978 3704 et

325 3742 648 3812 praeruptas
680 3735 805 3792 vias
837 3735 993 3790 duci.
1029 3735 1091 3790 In
1127 3739 1282 3790 hunc
1315 3736 1558 3793 modum
1591 3739 1731 3793 tunc
1763 3737 1862 3793 ille
1885 3755 1978 3793 su-

327 3829 589 3899 spectam
615 3823 1009 3897 arrogantiam
1036 3824 1228 3896 gentis
1251 3825 1514 3880 barbarae
1535 3825 1812 3895 simulata
1836 3843 1977 3898 pru-

328 3917 535 3972 denter
568 3913 845 3987 superbia
865 3914 1176 3970 retundere
1201 3915 1435 3987 sategit,
1460 3914 1590 3970 utili
1633 3920 1760 3971 tum
1788 3916 1978 3971 consi-

327 4005 427 4062 lio.
459 4004 571 4063 Sed
604 4004 765 4061 aliud
822 4007 1028 4060 secuta
1075 4009 1211 4077 post
1258 4007 1527 4076 tempore
1560 4010 1976 4077 poposcerunt.

329 4095 516 4160 Quare
547 4111 661 4150 non
696 4093 893 4149 minus
919 4093 1216 4166 sapienter
1239 4093 1340 4165 qui
1366 4099 1566 4164 postea
1589 4093 1978 4166 imperarunt,

327 4184 615 4240 Tocharos
632 4182 1368 4256 etexceperuntvenientes
1391 4183 1713 4238 humanius
1729 4187 1783 4238 et
1808 4182 1976 4239 vicis-

332 4274 441 4330 sim
466 4272 807 4329 honorificis
831 4272 1221 4342 legationibus
1244 4275 1665 4341 convenerunt,
1699 4271 1857 4327 omni
1881 4288 1980 4328 eos

330 4366 551 4420 ratione
588 4362 699 4419 sibi
732 4361 1044 4417 consiliare
1068 4365 1403 4431 satagentes
1435 4365 1492 4414 et
1544 4361 1757 4416 foedere
1801 4377 1977 4432 quam

330 4453 662 4509 arctissimo
693 4451 1070 4522 conjungere.

328 4553 400 4608 26
455 4553 530 4609 De
586 4553 747 4608 rebus
797 4549 1112 4676 Occidisti”!
1135 4557 1190 4604 et
1239 4553 1299 4675 uti
1334 4549 1528 4605 Caesar
1560 4549 1736 4604 obiter
1787 4551 1980 4606 urbem

1019 4637 1082 4676 en
1117 4636 1263 4676 aven
1299 4661 1311 4674 .

1019 4636 1311 4678 enraveru.

2094 2002 2307 2074 Θρᾴκης
2360 2001 2540 2074 μέρεσι
2590 2002 2677 2054 καὶ
2729 2003 2797 2070 τῇ
2839 1998 2997 2055 πόλει
3043 2007 3343 2075 προσσχεῖν
3376 1999 3435 2055 έκ
3478 1998 3746 2074 παρόδου,

2093 2089 2180 2145 καὶ
2213 2090 2476 2144 ἐπισεῖσαι
2526 2089 2621 2162 μὶν
2677 2089 3007 2144 ἀπειλοῦντα
3045 2091 3106 2144 τὸ
3160 2090 3311 2163 ξίφος
3339 2095 3455 2151 τοῖς
3485 2087 3746 2161 Ἰταλοῖς,

2099 2182 2174 2252 μὴ
2237 2181 2342 2252 μὴν
2401 2177 2457 2233 δὲ
2512 2179 2600 2233 καὶ
2660 2181 2864 2246 ὁτιοῦν,
2893 2181 3146 2255 πράττειν
3179 2195 3192 2209 ·
3249 2180 3317 2234 οὐ
3374 2179 3476 2255 γὰρ
3539 2181 3746 2241 ἱκανῶς

2094 2271 2210 2345 εἶχε
2257 2274 2363 2324 τῶν
2417 2270 2852 2342 στρατευμάτων.
2903 2271 2991 2330 Ὠς
3046 2273 3172 2344 γοῦν
3237 2269 3336 2336 τὴν
3411 2267 3663 2326 Καλλίου
3714 2270 3744 2323 ὁ

2094 2365 2302 2435 Καῖσαρ
2381 2359 2707 2434 περαιωθεὶς
2773 2354 3090 2430 κατέλαϐεν,
3150 2354 3293 2432 ἔγνω
3382 2361 3650 2434 πρότερον
3709 2359 3746 2427 ἢ

2091 2455 2208 2510 τοῖς
2240 2449 2532 2520 κατωτέρω
2563 2452 2885 2522 προσσχεῖν,
2917 2447 3054 2502 κατᾶ
3109 2443 3423 2519 Σηλυϐρίαν
3474 2447 3746 2520 γενέσθαι,

2091 2539 2181 2594 καὶ
2213 2541 2279 2610 τῇ
2313 2536 2476 2592 πόλει
2508 2535 2567 2591 ἐκ
2590 2540 2698 2591 τῶν
2751 2533 2982 2591 δυτικῶν
3037 2539 3218 2612 μερῶν
3252 2538 3337 2609 [Ρ.
3371 2539 3463 2608 90]
3513 2556 3747 2609 προσεγ-

2090 2636 2245 2704 γίσας
2290 2623 2456 2700 (μηδέ
2507 2627 2608 2700 γὰρ
2661 2625 2794 2680 εἶναι
2844 2623 3113 2698 κωλύμην
3165 2625 3413 2681 ἀπάντων
3473 2623 3580 2680 τῶν
3631 2625 3746 2680 ἐκεῖ

2090 2719 2170 2789 τῷ
2230 2715 2445 2792 βασιλεῖ
2518 2715 2986 2790 ὑποτεταγμένων)
3048 2719 3409 2771 κατοπτεῦσαι
3487 2716 3580 2788 μὲν
3653 2715 3745 2771 καὶ

2089 2806 2293 2877 ταύτην
2326 2807 2401 2869 ὡς
2431 2805 2545 2879 εἶχε
2590 2805 2713 2859 τότε
2760 2805 2847 2859 καὶ
2905 2810 3096 2878 μαθεῖν
3144 2806 3209 2859 τὰ
3257 2808 3365 2859 τῶν
3414 2803 3566 2868 ἐντὸς
3624 2809 3743 2876 πῶς

2090 3026 2392 3097 despotam
2427 3026 2707 3080 Joannem
2735 3024 2972 3094 jussum
3007 3022 3206 3079 statim
3242 3023 3564 3079 exercitum
3595 3023 3742 3079 edu-

2090 3131 2219 3170 cere
2250 3115 2319 3170 ad
2342 3111 2682 3168 Michaelem
2708 3111 2859 3168 bello
2893 3113 3225 3184 urgendum
3250 3112 3434 3167 misit.
3461 3112 3740 3168 Praeterea

2088 3203 2365 3277 quoniam
2391 3203 2583 3258 missae
2606 3203 2786 3273 copiae
2819 3219 2852 3256 a
2883 3218 3014 3272 rege
3056 3201 3264 3256 Siciliae
3307 3200 3488 3256 multa
3521 3199 3734 3271 Illyrici

2094 3298 2149 3348 et
2196 3309 2352 3348 novae
2410 3291 2568 3362 Epiri
2625 3291 2749 3346 loca
2803 3289 2915 3345 sibi
2967 3290 3363 3360 subjeeerant,
3415 3287 3729 3344 destinavit

2093 3383 2270 3437 etiam
2303 3381 2441 3436 illuc
2475 3380 2576 3451 qui
2610 3379 2754 3450 ipsis
2786 3379 3154 3436 obstiterant.
3189 3378 3456 3439 Alexium
3489 3378 3733 3448 insuper

2095 3475 2405 3540 Casarem,
2466 3468 2698 3543 Scythis
2755 3473 2812 3524 et
2870 3467 3255 3524 auxiliaribus
3297 3484 3432 3524 cum
3465 3467 3593 3524 aliis
3623 3483 3744 3523 non

2101 3561 2304 3616 multis
2329 3559 2511 3632 cepiis
2544 3558 2794 3626 traditis,
2821 3558 3078 3630 primum
3111 3557 3172 3612 in
3201 3557 3508 3614 Thraciam
3539 3557 3744 3612 immi—

2090 3650 2188 3720 sit,
2219 3666 2354 3705 cum
2387 3648 2683 3704 mandatis
2717 3651 2780 3703 ut
2811 3646 3145 3719 invigilaret
3171 3645 3459 3703 Orestiadi
3483 3647 3732 3718 ejusque

2088 3740 2388 3797 securitati
2440 3755 2612 3810 quam
2641 3738 2795 3794 138
2830 3741 3029 3811 posset
3081 3736 3301 3810 optime
3351 3736 3735 3808 prospiceret.

2091 3831 2153 3884 In
2180 3846 2295 3902 quo
2325 3833 2526 3884 tamen
2563 3827 2722 3883 aliud
2773 3827 3062 3899 praecipue
3120 3825 3442 3898 spectabat.
3496 3825 3747 3881 Videbat

2089 3919 2246 3975 enim
2278 3917 2559 3988 Bulgaros
2590 3916 2648 3971 in
2679 3919 2964 3988 apparatu
3004 3931 3134 3971 esse
3185 3930 3467 3972 novarum
3517 3931 3738 3985 rerum,

2087 4009 2252 4064 Irene
2269 4005 2537 4062 videlicet
2559 4004 2848 4061 Theodori
2873 4004 3161 4076 Lasearis,
3185 4003 3287 4076 qui
3319 4019 3509 4076 nuper
3551 4005 3736 4075 impe-

2089 4100 2335 4164 raverat,
2363 4095 2482 4150 ﬁlia
2499 4094 2902 4162 Constantino,
2929 4110 3102 4166 quem
3131 4109 3325 4165 regem
3348 4093 3737 4165 Bulgarorum

2089 4188 2310 4242 factum
2339 4185 2612 4256 superius
2645 4184 2926 4252 diximus,
2951 4187 3156 4256 nupta,
3187 4183 3378 4241 virum
3411 4182 3739 4256 instigante

2091 4278 2151 4332 in
2186 4274 2574 4348 Palteologum
2610 4291 2765 4329 nunc
2810 4273 3221 4345 imperantem,
3256 4276 3312 4328 et
3340 4274 3612 4329 ardenter
3643 4289 3741 4328 ur-

2089 4370 2262 4439 gente
2295 4366 2364 4420 ad
2399 4364 2848 4436 irrumpendum
2883 4363 2941 4417 in
2974 4368 3161 4419 terras
3180 4362 3422 4418 ditionis
3446 4363 3594 4434 ejus,
3622 4361 3746 4418 sic-

2091 4472 2204 4527 que
2236 4454 2616 4526 repetendam
2668 4452 2953 4508 ultionem
3011 4452 3240 4522 injuriae
3295 4469 3473 4523 quam
3509 4451 3581 4507 ab
3610 4449 3743 4523 ipso

2091 4545 2421 4617 patiebatur
2459 4543 2715 4599 Joannes
2771 4542 2945 4597 frater
2975 4541 3242 4613 ejusdem
3297 4544 3490 4597 Irenes
3534 4544 3743 4596 contra

2091 4636 2178 4690 fas
2209 4639 2265 4690 et
2297 4638 2466 4706 pacta
2497 4633 2769 4688 redactus
2789 4631 2846 4686 in
2874 4631 3546 4686 ordinem.Mandaverat
3568 4647 3742 4702 porro

401 4725 494 4782 Sic
536 4721 922 4781 Orientalium
949 4720 1384 4794 provinciarum
1426 4724 1585 4776 statu
1607 4738 1725 4792 qua
1751 4738 1891 4793 pace
1917 4722 1975 4776 in
2013 4707 2055 4771 D
2087 4723 2407 4795 imperator
2427 4722 2639 4779 Caesari
2668 4726 2888 4786 ut,cum
2917 4720 3208 4791 attigisset
3231 4724 3424 4792 partes
3444 4718 3730 4785 Thraciae,

331 4831 592 4888 praesens
649 4830 766 4885 qua
825 4828 928 4884 spe
973 4811 1127 4866 bona
1157 4811 1216 4865 in
1249 4813 1546 4882 posterum
1605 4810 1856 4876 ﬁrmato,
1893 4828 1986 4867 res

331 4904 723 4962 Occiduorum
747 4906 1041 4957 tractuum
1066 4900 1347 4956 ﬂuctuare
1367 4900 1557 4956 denuo
1575 4916 1818 4972 coepere.
1837 4901 1983 4956 Nam

335 4992 582 5048 Michael
613 4992 858 5062 despota
888 4990 1090 5061 iniquo
1141 4989 1339 5043 animo
1376 4989 1565 5043 ferens
1599 4989 1887 5060 privatum
1924 5007 1986 5044 se

347 5079 582 5134 arcibus
604 5084 660 5133 et
691 5078 1000 5148 expulsum
1029 5077 1284 5150 regione,
1311 5093 1484 5148 quam
1511 5085 1760 5148 patruus
1781 5080 1908 5149 ejus
1931 5083 1986 5133 et

336 5167 853 5239 paterTheodorus
874 5167 992 5236 (qui
1019 5166 1194 5220 etiam
1213 5165 1573 5222 acclamatus
1595 5165 1652 5220 in
1674 5166 1984 5222 Occidente

333 5259 653 5327 imperator
676 5256 1208 5320 fuerat,coronante
1230 5253 1425 5325 ipsum
1463 5255 1681 5310 Jacobo
1706 5255 1982 5328 episcopo

332 5344 702 5415 Achridensi)
739 5343 923 5398 multo
967 5345 1181 5398 sudore
1225 5349 1442 5398 armata
1481 5361 1656 5399 manu
1690 5351 1978 5400 extortam

333 5433 496 5490 Italis
531 5449 650 5487 suae
682 5430 887 5485 dilioni
921 5433 1234 5502 adjecerat,
1273 5432 1383 5499 his,
1415 5433 1675 5503 inquam,
1724 5451 1784 5489 se
1843 5452 1981 5506 spo—

332 5523 544 5578 liatum
565 5519 813 5576 Michael
839 5536 951 5574 non
975 5523 1164 5575 ferens
1191 5523 1474 5576 revocavit
1504 5540 1631 5594 qua:
1657 5522 1830 5594 paulo
1847 5531 1981 5579 ante

334 5610 674 5684 imperatori
722 5609 1090 5681 promiserat,
1121 5613 1175 5663 et
1207 5609 1492 5665 Occiduas
1533 5617 1738 5683 gentes
1771 5629 1979 5668 rursus

332 5703 402 5757 ad
437 5716 501 5755 se
531 5698 760 5754 trahere
795 5714 1114 5769 aggressus
1149 5696 1313 5751 facile
1338 5699 1405 5752 ad
1449 5700 1832 5756 defectionem
1868 5703 1974 5756 im-

329 5789 479 5862 pulit
531 5786 684 5844 leves
743 5803 808 5845 ae
870 5786 1068 5843 faciles
1125 5785 1392 5861 populos.
1427 5787 1510 5842 Ob
1543 5803 1606 5844 ea
1661 5789 1979 5862 imperator

2100 4809 2226 4865 urbi
2262 4827 2328 4864 ex
2373 4809 2702 4881 propinquo
2737 4807 3084 4874 minaretur,
3120 4806 3385 4862 obiterid
3421 4807 3658 4878 quidem
3693 4812 3751 4862 et

2095 4899 2359 4954 tentandi
2393 4897 2587 4969 potius
2622 4897 3000 4967 terrendique
3030 4894 3202 4951 Italos
3231 4895 3423 4968 gratia
3450 4911 3624 4967 quam
3645 4912 3744 4950 ex-

2097 4986 2399 5060 pugnandi
2433 5003 2536 5058 spe
2572 5004 2584 5040 :
2619 5003 2733 5041 non
2768 4986 2922 5040 enim
2975 4985 3228 5040 habebat
3260 4985 3537 5041 idoneum
3568 4989 3747 5040 tantae

2095 5078 2174 5132 rei
2209 5080 2558 5148 apparatum
2621 5079 2723 5129 aut
2780 5075 3125 5129 exercitum.
3165 5073 3234 5129 Ut
3270 5073 3451 5146 igitur
3495 5076 3743 5146 trajccto

2095 5169 2285 5223 Czesar
2311 5167 2454 5221 freto
2476 5163 2844 5236 Calliopolim
2888 5163 3094 5229 tenuit,
3120 5164 3377 5218 decrevit
3394 5163 3741 5236 priusquam

2093 5255 2337 5312 inferius
2367 5256 2768 5321 descenderet,
2805 5253 3076 5309 accedere
3107 5251 3429 5324 Selybriam
3469 5257 3527 5308 et
3548 5254 3684 5309 inde
3712 5271 3746 5310 a

2094 5345 2361 5416 partibus
2392 5343 2664 5399 Occiduis
2699 5359 2877 5414 prope
2909 5358 2968 5396 se
3001 5342 3312 5398 admovere
3335 5343 3743 5399 Constantino-

2094 5435 2208 5506 poli
2241 5433 2411 5504 (nihil
2434 5433 2590 5488 enim
2623 5435 2748 5487 erat
2770 5431 2920 5502 quod
2950 5431 3002 5486 id
3038 5434 3276 5497 vetaret,
3307 5431 3538 5487 cunctis
3556 5432 3626 5487 ab
3651 5431 3746 5489 illa

2091 5527 2253 5595 parte
2285 5521 2624 5594 imperatori
2681 5520 3009 5590 subjectis),
3060 5522 3116 5574 et
3148 5519 3232 5574 sic
3289 5537 3318 5575 e
3366 5519 3557 5576 vicino
3609 5538 3745 5576 con-

2091 5611 2359 5684 templari
2381 5629 2494 5684 quo
2519 5617 2658 5666 tunc
2677 5609 2794 5664 illic
2814 5614 2967 5665 statu
2994 5625 3085 5665 res
3110 5613 3305 5665 essent
3326 5609 3745 5682 explorareque

2089 5703 2328 5757 Latinos
2389 5703 2592 5756 urbem
2645 5703 2933 5764 tenentes,
2969 5699 3108 5769 quid
3173 5698 3353 5752 animi
3413 5703 3470 5753 et
3525 5699 3740 5755 virium

2092 5792 2391 5860 haberent,
2418 5789 2779 5847 voluntarios
2815 5804 3071 5860 quoque,
3104 5788 3173 5843 de
3207 5789 3426 5859 quibus
3457 5788 3742 5858 diximus,
