4090 6402
324 388 434 444 577
481 438 484 440 ν

1399 396 1492 448 DE
1538 396 1904 451 MICHAELE
1946 393 2387 453 PALIEOLOGO
2427 399 2560 452 LIB.
2604 400 2674 453 II.

3639 399 3746 456 578

326 512 533 590 ἔχοιεν,
570 514 699 570 ἰδεῖν
735 513 791 572 δὲ
821 517 910 571 καὶ
955 517 1084 579 τοὺς
1139 517 1602 596 θεληματαρίους,
1663 519 1754 582 οὕς
1805 520 1893 574 καὶ
1953 522 1980 575 6
2010 525 2064 592 Α
2093 518 2253 590 πειδὴ
2290 523 2317 575 6
2364 521 2582 596 ἀνεψιὸς
2629 522 2833 578 ἐκείνου
2877 522 3120 596 Ἀλέξιος
3175 523 3416 580 ἐπέκειτο
3474 522 3746 603 προσϐια-

325 604 490 680 λόγος
521 605 847 681 προέγραψε,
905 607 995 661 καὶ
1057 605 1324 681 ὁμιλῆσαι
1384 607 1450 664 τά
1481 610 1532 663 οἱ
1565 605 1826 664 δοκοῦντα
1857 610 1980 686 περὶ

323 700 428 764 τῆς
457 689 702 757 πόλεως.
744 693 948 759 Έλθπν
1010 696 1099 752 οὖν
1130 697 1217 751 καὶ
1267 703 1541 769 σκηνήσοις
1575 698 1625 753 ἐν
1658 704 1775 760 τοῖς
1825 719 1982 773 περι-

326 781 547 845 πολίοις
631 781 1030 859 προσεκαλεῖτο
1114 784 1391 866 κρυφηδὸν
1477 792 1604 852 τοὺς
1687 786 1983 850 δοκοῦντας

324 871 544 928 ἐκείνων
582 918 596 945 ,
655 873 744 928 καί
797 895 860 950 γε
917 875 1265 931 κατεπίστευε
1325 878 1475 955 σφίσι
1527 878 1591 932 τὰ
1643 879 1780 932 κατᾶ
1834 882 1982 951 νοῦν,

327 961 622 1018 ὑποτείνων
682 963 954 1026 κάκείνοις
1015 963 1242 1028 ἐλπίδας
1278 1011 1294 1034 ,
1368 967 1424 1020 εἷ’·
1467 973 1770 1044 συνεργοῖεν
1805 1011 1820 1036 ,
1893 967 1987 1029 τὰς

327 1051 569 1125 μείζους.
630 1057 748 1109 Τῶν
786 1049 842 1108 δὲ
872 1055 1058 1130 καιρὸν
1117 1051 1262 1130 ἔχειν
1293 1055 1554 1111 εἰπόντων
1597 1057 1672 1118 ὡς
1721 1056 1987 1132 ἐγκαίρως

323 1139 741 1216 ἐπιθησομένων
800 1143 884 1216 (τὸ
943 1144 1047 1220 γὰρ
1094 1149 1202 1199 τῶν
1261 1147 1488 1201 Ἰταλῶν
1550 1144 1807 1220 πλώϊμον
1857 1145 1980 1200 ὅσον

324 1231 391 1299 ἦν
424 1230 476 1285 ἐν
530 1236 598 1306 τῇ
630 1230 791 1286 πόλει
824 1231 912 1286 ἐπὶ
945 1233 1276 1310 Δαφνουσίας
1311 1235 1384 1298 ὡς
1416 1235 1627 1290 ἀλῶσνν
1669 1237 1769 1305 τὴν
1819 1242 1985 1306 νῆσον

326 1326 556 1398 χωρεῖν,
615 1321 703 1375 καί
764 1323 815 1396 γ’
884 1320 969 1376 ἐπὶ
1026 1322 1308 1385 πλείσταις
1365 1325 1601 1399 ἡμέραις
1647 1326 1985 1401 προσταλαι-

323 1412 623 1486 πωρεῖσθαι
681 1412 1018 1484 καθήμενον,
1079 1407 1254 1489 ὄχλον
1289 1411 1335 1466 δ’
1361 1410 1546 1476 ἄλλως
1604 1415 1732 1468 εἶναι
1763 1414 1824 1468 τὸ
1851 1414 1987 1468 κατὰ

321 1501 490 1555 πόλιν
543 1499 632 1555 καὶ
683 1499 946 1574 πολέμων
991 1501 1326 1575 ἀπείρατον),
1384 1504 1534 1557 ταῦτ’
1583 1502 1844 1557 εἷπόντων
1895 1505 1982 1557 καὶ

322 1592 389 1646 τὰ
447 1590 614 1644 πιστά
673 1587 934 1645 διδόντων
999 1591 1071 1653 ὡς
1149 1594 1570 1667 συνεργήσουσιν
1633 1595 1982 1668 (ὁμονοήσειν

319 1681 426 1756 γὰρ
485 1679 632 1756 σφίσι
691 1680 782 1734 καὶ
851 1678 967 1744 .ους
1025 1680 1255 1743 λοιποὺς
1312 1679 1398 1736 ἐπὶ
1458 1685 1664 1756 τοῦτο),
1715 1683 1742 1736 ὁ
1778 1687 1982 1756 Καῖσαρ

324 1769 538 1838 αὐτίκα,
570 1768 659 1824 ὅτε
694 1771 786 1841 μὲν
819 1770 956 1844 πρὸς
983 1769 1110 1833 τοὺς
1163 1771 1254 1824 ἀπ’
1285 1769 1500 1826 ἐκείνων
1553 1770 1749 1846 λόγους
1796 1769 1984 1827 ἀπεῖδε

2097 615 2222 678 ζων,
2285 609 2375 665 καί
2406 631 2487 672 τις
2515 616 2623 666 τῶν
2656 610 3078 689 Οεληματαρίων
3108 616 3516 690 Κουτριῖζακης
3546 615 3745 670 τούπί-

2093 698 2231 770 κλην
2269 699 2402 774 μετὰ
2455 701 2683 778 θαρρους
2715 700 2863 765 ὅπως
2914 703 3188 778 πραχθείη
3243 701 3414 776 Λέγων
3471 704 3534 759 τὸ
3586 703 3740 780 ἔργον

2099 791 2355 868 ὑφίστατο
2385 793 2466 866 (τὸ
2496 795 2597 869 γὰρ
2631 793 2960 870 εἱμαρμένον
2995 791 3229 872 ἄφυκτον
3261 792 3441 870 ὥσπερ
3474 795 3748 871 ἐμψύχοις

2098 879 2239 935 οὕτω
2269 882 2356 936 καὶ
2389 881 2659 956 πόλεσιν),
2692 881 2979 960 ἀναθαρρεῖ
3005 904 3063 937 τε
3093 885 3367 956 κάκεῖνος,
3397 886 3485 939 καὶ
3516 884 3654 962 πρὸς
3685 887 3747 941 τὸ

2097 975 2360 1044 κρατῆσαι
2414 971 2688 1045 μετέωρος
2747 973 2835 1040 ἦν.
2892 973 3054 1036 ’Ὁθεν
3109 971 3199 1026 καὶ
3244 977 3351 1027 τῶν
3385 971 3584 1029 ἄλλων
3647 996 3749 1048 μα-

2099 1055 2301 1111 Οόντων
2357 1079 2416 1113 τε
2472 1061 2561 1113 καὶ
2630 1062 3104 1136 συμφωνησάντων
3175 1060 3412 1135 ἑτοίμως
3482 1084 3745 1136 συγκατα-

2097 1147 2292 1221 πρᾶξαί
2325 1148 2380 1201 οἱ
2408 1147 2499 1202 τὸν
2532 1148 2728 1226 λόχον,
2762 1149 2918 1211 αὐτὸς
2977 1150 3070 1223 μὶν
3131 1148 3333 1206 ἄλλοτε
3383 1152 3478 1225 μὲν
3528 1152 3744 1227 περιῄει

2097 1237 2307 1291 καὶτὸν
2355 1237 2519 1292 τόπον
2571 1239 2644 1300 ὡς
2696 1237 2839 1300 εἷ’κὸς
2889 1240 3296 1313 κατεσκέπτετο,
3353 1239 3478 1295 τότε
3535 1238 3592 1294 δῖε
3648 1242 3745 1309 τήν

2102 1325 2331 1399 ὑποψίαν
2385 1322 2889 1404 διαφυλαττόμενος
2940 1325 3184 1383 ἐκποδὼν
3219 1327 3314 1401 ὥν,
3345 1334 3462 1392 τοῖς
3511 1325 3752 1384 ὑποϐαλ-

2097 1412 2355 1488 λομένοις
2388 1415 2702 1491 προσέχων,
2738 1416 2792 1470 εὖ
2826 1414 2985 1478 εἷ’δὼς
3021 1416 3130 1472 τῶν
3179 1417 3360 1472 τόπων
3402 1418 3610 1492 συνῄει,
3657 1418 3747 1473 καὶ

2096 1503 2524 1578 προσεσκέπτετο
2575 1504 2722 1566 ὅπως
2772 1502 2964 1581 ἄριστα
3010 1507 3222 1580 γένοιτο
3267 1507 3356 1562 καὶ
3409 1508 3542 1579 μετά
3581 1529 3748 1562 σπου-

2097 1589 2194 1662 δῆς
2225 1594 2285 1648 τὸ
2321 1593 2702 1667 μελετώμενον
2736 1594 2907 1672 σφίσι,
2941 1597 3016 1668 μή
3049 1615 3167 1656 πως
3199 1596 3284 1650 καὶ
3312 1593 3745 1668 ἀντιλλαξάντων

2093 1687 2258 1736 τινῶν
2287 1683 2348 1738 τὸ
2382 1683 2432 1738 ἐν
2461 1688 2685 1758 κρυπτῷ
2712 1685 3013 1762 φωραθείη.
3176 1682 3178 1684 ’

2296 1777 2374 1841 κζ’
2401 1774 2590 1835 Ὅπως
2625 1771 2772 1828 ἐάλω
2805 1777 2837 1843 ἡ
2883 1773 3047 1838 πόλις
3077 1779 3194 1838 τοῖς
3222 1775 3539 1850 Ῥωμαίοις.

324 1861 417 1914 καὶ
450 1860 549 1928 τήν
600 1859 910 1935 προθυμίαν
942 1859 1084 1935 ἐώρα
1135 1860 1208 1924 ὡς
1257 1860 1491 1934 ἑτοίμως
1538 1860 1779 1936 ἐχόντων
1813 1882 1979 1937 προσ·
2017 1903 2060 1966 Β
2167 1865 2246 1932 [Ρ.
2280 1864 2369 1935 91]
2430 1863 2516 1924 Ὠς
2563 1867 2688 1938 γοῦν
2731 1859 2857 1934 ἔστη
2890 1863 2952 1917 τὸ
3003 1868 3106 1918 πᾶν
3139 1869 3239 1934 τῆς
3295 1863 3526 1938 βουλῆς,
3570 1865 3659 1920 καὶ
3690 1917 3692 1921 .
3721 1866 3748 1920 6

329 1945 358 1966 Ω
445 1961 461 1966 -
500 1953 524 1965 σε
611 1947 657 1966 ἦ-
687 1950 695 1964 ν
717 1949 728 1966 Ι
755 1949 767 1966 (
897 1950 911 1966 ς
1133 1945 1161 1966 ρ
1202 1948 1220 1966 ‘
1252 1952 1263 1966 \
1369 1949 1394 1966 ον
1490 1949 1529 1966 ιν
1657 1953 1667 1966 ο
1808 1953 1818 1966 I
1920 1959 1948 1966 ρ..
2227 1952 2238 1966 I
2353 1951 2366 1966 ‘
2425 1952 2434 1966 I
2804 1953 2815 1966 ι
2949 1953 2961 1966 ε
3106 1953 3120 1966 \
3214 1951 3229 1966 Ω
3306 1948 3335 1966 Ω
3414 1951 3433 1966 κ
3464 1955 3476 1966 ι
3706 1954 3716 1966 ι

327 1945 576 2020 ϐοηθεῖν,
608 1947 822 2026 ἐθάρρει
852 1950 948 2018 τὴν
984 1945 1329 2023 προσϐολὴν,
1365 1949 1454 2005 ὅτε
1487 1949 1542 2005 δὲ
1573 1953 1710 2027 πρὸς
1768 1953 1830 2006 τὸ
1881 1959 1979 2022 τῆς

326 2037 698 2114 ἐγχειρήσεως
744 2035 1000 2114 δυσχερὲς
1055 2038 1206 2102 αὖθις
1240 2034 1513 2096 ἀπέϐλεπε
1566 2042 1652 2095 καὶ
1701 2041 1763 2096 τὸ
1804 2038 1981 2096 κινδυ-

325 2125 498 2190 νῶδες
551 2131 647 2182 τοῦ
677 2126 1015 2202 πράγματος,
1077 2128 1124 2183 εἴ
1183 2127 1324 2185 οὕτω
1387 2131 1501 2203 μετ’
1535 2128 1740 2206 ὀλίγων
1787 2130 1876 2185 καὶ
1924 2131 1983 2186 ἐκ

330 2215 608 2292 παρέργου
661 2215 822 2271 πόλιν
873 2216 1152 2290 τοιαύτην,
1197 2220 1258 2289 ἣν
1314 2219 1402 2274 καὶ
1461 2218 1669 2275 πολλαὶ
1729 2217 1984 2292 δυνάμεις

328 2306 439 2380 οὐχ
489 2306 631 2363 ἑλεῖν
663 2303 1034 2379 ἠδυνήθησαν,
1086 2309 1246 2373 αὐτὸς
1297 2307 1348 2363 ἐν
1402 2310 1590 2386 ἀκαρεῖ
1642 2312 1983 2386 παραστήσε-

326 2417 442 2466 ται,
493 2395 755 2452 κατώκνει
803 2397 895 2452 καὶ
945 2391 1298 2455 ἀνεϐάλλετο.
1345 2400 1533 2471 Ὅμως
1587 2400 1677 2453 mi
1716 2399 1841 2462 τοὺς
1887 2397 1982 2456 λό-

319 2506 457 2559 γους
506 2479 798 2559 λαμϐὁένων
852 2485 904 2541 ἐν
956 2491 1125 2558 κοινῷ
1175 2487 1236 2541 τὸ
1285 2489 1552 2561 πρακτέον
1604 2487 1790 2552 ἐτίθει.
1839 2489 1981 2553 Κάν-

317 2708 540 2778 videre,
563 2722 854 2780 agereque
877 2721 1012 2762 cum
1035 2705 1152 2762 illis
1176 2723 1303 2779 quae
1335 2711 1667 2780 opportuna
1697 2709 1975 2764 videban-

317 2801 420 2852 tur
461 2796 532 2851 ad
571 2811 736 2868 spem
785 2796 948 2852 urbis
996 2795 1312 2867 aliquando
1363 2798 1798 2869 recuperanda.
1832 2797 1974 2852 Cum

319 2886 510 2958 igitur
538 2885 885 2942 accessisset
915 2889 972 2942 et
1002 2886 1059 2941 in
1091 2886 1238 2958 ipsis
1269 2886 1570 2942 suburbiis
1599 2887 1978 2944 tabernacula

320 2974 568 3042 ﬁxisset,
620 2972 769 3029 clam
819 2975 1043 3030 vocavit
1092 2974 1416 3046 praecipuos
1466 2991 1688 3046 eorum,
1732 2980 1788 3032 et
1837 2974 1979 3046 ipsis

321 3063 689 3119 confidenter
719 3063 859 3134 quid
894 3063 952 3118 in
985 3064 1182 3120 animo
1217 3064 1456 3120 haberet
1500 3065 1750 3137 aperuit,
1785 3069 1978 3121 osten-

322 3158 458 3208 tans
481 3151 565 3207 eis
591 3168 726 3224 spes
762 3151 1001 3208 maximi
1037 3153 1375 3224 proventuri
1407 3152 1550 3224 ipsis
1582 3153 1898 3220 commodi,
1933 3154 1983 3210 si

2092 1952 2278 2025 καιρὸς
2349 1951 2596 2006 ἐτάττετο
2665 1953 2857 2015 νυκτὸς
2902 1953 3003 2028 γὰρ
3061 1953 3159 2022 τὴν
3211 1948 3517 2024 ἐπιϐουλὴν
3570 1954 3748 2008 συνοί-

2097 2061 2204 2094 σειν
2237 2039 2326 2095 καὶ
2359 2039 2418 2095 ἐκ
2458 2044 2555 2095 τοῦ
2587 2038 2861 2118 αἰφνιδίου
2897 2041 2972 2115 μὴ
3004 2039 3434 2116 προσδοκώντων
3482 2037 3747 2118 ἔγνωσαν.

2095 2130 2380 2192 Κάκείνοις
2434 2131 2527 2203 μὲν
2582 2127 2748 2205 μέλον
2798 2131 2863 2199 ἦν
2927 2125 3400 2202 ἐπαναϐεϐηκότας
3445 2132 3509 2186 τὸ
3555 2137 3747 2207 τεῖχος

2096 2216 2184 2273 διὰ
2234 2217 2518 2294 κλιμάκων
2570 2219 2812 2298 ἀψοφητὶ
2860 2221 2987 2284 τοὺς
3038 2217 3326 2298 φυλαττειν
3376 2241 3434 2276 τε
3479 2219 3743 2296 τεταγμέ-

2092 2331 2216 2372 νους
2244 2309 2626 2385 καταῤῥιπτεῖν
2658 2307 2859 2365 ἄνωθεν
2907 2310 2995 2365 καὶ
3037 2311 3136 2380 τήν
3186 2316 3286 2380 τῆς
3329 2317 3513 2384 πηγῆς
3561 2307 3743 2381 πύλην

2093 2398 2328 2475 ἀνοίγειν
2387 2402 2592 2475 σφῆνας
2651 2393 3029 2472 ἐμϐαλόντας,
3091 2400 3183 2454 τὸν
3245 2400 3305 2454 ἐκ
3352 2399 3519 2456 λίθων
3565 2399 3744 2473 μόνων

2091 2487 2549 2564 προσαρμόζοντα
2593 2489 2762 2562 ταύτῃ
2809 2493 3006 2564 τοῖχον
3063 2487 3496 2566 κατερηριιρότας
3549 2487 3744 2561 πρότε-

2092 2707 2495 2774 Providentiae,
2528 2725 2643 2764 non
2685 2710 2880 2764 solum
2909 2707 2969 2763 in
2995 2707 3236 2764 interitu
3286 2711 3388 2764 aut
3439 2707 3553 2763 alio
3603 2724 3743 2765 casu

2089 2795 2457 2868 singulorum
2491 2796 2828 2864 viventium,
2883 2797 2984 2854 sed
3016 2797 3190 2852 etiam
3223 2797 3282 2852 in
3317 2795 3746 2853 mutationibus

2088 2885 2458 2958 fortunisque
2489 2886 2834 2958 civitatum),
2857 2887 3093 2943 tandem
3117 2890 3174 2942 et
3195 2885 3321 2958 ipse
3352 2886 3642 2942 adductus
3671 2887 3743 2942 ad

2091 2975 2430 3031 audendum
2464 2979 2572 3044 est,
2607 2979 2664 3030 et
2694 2975 2845 3032 nihil
2884 2976 3013 3048 jam
3063 2974 3225 3030 aliud
3277 2975 3393 3030 nisi
3440 2975 3743 3031 victoriam

2092 3065 2356 3136 cogitans
2391 3070 2547 3122 totus
2568 3065 2626 3120 in
2651 3065 2951 3137 negotium
2984 3064 3270 3120 incubuit.
3298 3065 3500 3138 Itaque
3521 3065 3745 3121 caeteris

2093 3153 2367 3210 similiter
2417 3171 2518 3226 per
2559 3153 2878 3210 exercitum
2927 3156 3156 3210 cunctis
3188 3152 3532 3222 consilium,
3566 3154 3744 3209 simul

320 3241 585 3298 conferre
607 3256 844 3313 Operam
867 3239 1334 3306 vellent.Quibus
1349 3242 1807 3299 admonentibus
1832 3260 1975 3298 nun-
2009 3245 2052 3312 C
2091 3243 2795 3316 cognoverunt,impense
2826 3243 3236 3316 probantibus,
3270 3242 3746 3315 expedientibus-

321 3347 499 3403 quam
522 3332 1000 3404 opportuniorem
1021 3348 1198 3403 quam
1221 3349 1375 3388 nunc
1399 3337 1556 3390 esset
1585 3334 1778 3390 offerri
1808 3351 1982 3406 posse

318 3419 693 3477 occasionem
728 3421 1023 3493 capiendae
1059 3421 1244 3492 urbis,
1280 3423 1558 3493 quoniam
1590 3429 1880 3495 quantum
1921 3425 1980 3480 in

320 3527 390 3566 ea
421 3509 584 3581 prius
615 3511 768 3567 139
801 3509 1096 3567 navalium
1125 3512 1426 3583 copiarum
1478 3511 1604 3568 ltali
1652 3512 1983 3569 habuerant

319 3603 513 3656 totum
535 3598 968 3672 aberat,procul
991 3600 1126 3655 inde
1139 3605 1492 3673 occupatum
1507 3600 1567 3657 in
1582 3603 1982 3675 oppugnanda

317 3689 519 3744 insula
548 3687 915 3760 Daphnusia,
950 3704 1127 3760 quam
1164 3690 1367 3745 multis
1393 3691 1518 3760 jam
1551 3690 1760 3746 diebus
1792 3691 1982 3746 multa

319 3795 432 3836 sua
461 3794 726 3835 aerumna
757 3777 1092 3835 obsiderent
1124 3779 1458 3851 (superesse
1488 3780 1896 3836 tantummodo
1920 3780 1980 3834 in

321 3869 469 3925 urbe
489 3865 702 3940 vulgus
724 3865 1008 3940 imbelle),
1032 3867 1124 3922 his
1149 3867 1243 3924 ille
1268 3867 1508 3936 auditis,
1531 3871 1588 3924 et
1608 3872 1846 3940 accepta
1868 3868 1980 3924 fide

321 3961 740 4030 cooperaturos
777 3973 876 4029 pro
898 3955 1051 4012 virili
1084 3957 1153 4012 ad
1189 3957 1678 4030 expugnationem
1710 3958 1979 4015 volunta-

321 4047 446 4103 rios
471 4046 924 4117 (consentientes
956 4046 1113 4102 enim
1145 4047 1260 4102 sibi
1285 4052 1525 4103 cateros
1555 4045 1852 4103 habebant
1879 4047 1979 4118 qui

318 4135 764 4208 loquebantur),
789 4152 903 4192 non
938 4135 1310 4193 mediocriter
1341 4135 1635 4192 animatus
1659 4136 1730 4192 ad
1754 4137 1980 4193 auden-

323 4227 466 4282 dum
495 4228 586 4282 est
637 4240 650 4280 :
702 4224 956 4281 faciebat
1008 4225 1229 4298 quippe
1278 4226 1527 4283 istorum
1560 4229 1616 4281 et
1645 4226 1980 4298 signiﬁcata

320 4313 516 4370 verbis
547 4317 606 4371 et
630 4313 926 4372 declarata
955 4314 1116 4371 vultu
1151 4314 1457 4388 signisque
1489 4314 1713 4371 caeteris
1771 4315 1977 4372 alacri-

320 4408 437 4474 tas,
461 4404 1021 4476 procinctorumquc
1065 4405 1138 4461 ad
1185 4405 1772 4477 strenuejuvandum
1807 4406 1980 4461 ardor

319 4493 615 4560 eminens,
677 4497 742 4548 ut
797 4509 913 4550 non
972 4509 1401 4566 usquequaque
1469 4494 1850 4551 temerarium
1917 4494 1976 4549 id

318 4587 576 4655 coeptum
597 4583 910 4639 videretur.
937 4582 1068 4639 Mox
1097 4587 1293 4638 tamen
1321 4599 1454 4639 cum
1476 4584 1546 4638 ad
1571 4583 1975 4641 difﬁcultatem

319 4673 540 4746 negotii
556 4677 814 4730 mentem
837 4674 1442 4744 adverteret,cumque
1464 4677 1760 4745 reputaret
1773 4691 1972 4731 secum

321 4763 530 4836 quanti
563 4762 808 4836 periculi
839 4761 1024 4818 aleam
1053 4763 1295 4834 jaceret,
1330 4763 1380 4818 si
1430 4779 1562 4818 cum
1595 4766 1714 4818 tam
1747 4766 1972 4835 paucis,

321 4852 511 4909 obiter
540 4856 596 4908 et
622 4852 866 4909 consilio
899 4851 1044 4908 citra
1074 4852 1343 4924 praeviam
1399 4850 1879 4908 deliberationem
1915 4853 1971 4907 in

320 4957 502 4998 arena
554 4944 744 5013 capto,
791 4941 995 4996 urbem
1047 4945 1273 4997 tantam
1324 4940 1761 5014 aggrederetur,
1795 4959 1972 5014 quam

317 5029 497 5103 paulo
521 5035 658 5087 ante
677 5030 957 5087 universa;
980 5031 1130 5086 vires
1155 5029 1386 5102 imperii
1409 5031 1626 5086 frustra
1647 5047 1976 5104 oppugnas-

319 5124 474 5187 sent,
508 5119 918 5189 cunctabatur,
944 5124 999 5176 et
1033 5120 1413 5191 quaerendum
1447 5119 1701 5192 amplius
1732 5121 1977 5193 putabat

318 5210 465 5282 quid
518 5209 619 5266 tali
667 5209 974 5266 occasione
1024 5213 1179 5265 esset
1234 5211 1550 5281 agendum.
1584 5213 1727 5265 Cum
1779 5214 1974 5266 autem

313 5299 542 5356 vocatis
575 5316 754 5371 super
783 5316 849 5355 ea
882 5315 944 5356 re
991 5300 1051 5354 in
1103 5299 1420 5355 concilium
1457 5298 1707 5355 ducibus
1738 5300 1974 5356 Alexius

315 5389 449 5460 ejus
498 5387 786 5460 patruelis
832 5389 904 5444 ad
953 5388 1423 5460 persuadendam
1478 5390 1974 5460 oppugnationem

313 5477 695 5534 vehementer
751 5477 1139 5546 incumberet,
1173 5481 1228 5532 et
1258 5477 1497 5548 quidam
1533 5494 1601 5533 ex
1630 5477 1976 5535 voluntariis

316 5571 711 5639 cognomento
731 5565 1102 5622 Cutritzaces
1137 5566 1457 5623 fortissime
1490 5567 1547 5622 in
1575 5583 1705 5623 eam
1738 5572 1976 5624 senten-

315 5658 465 5713 tiam
507 5656 754 5729 loquens
804 5655 997 5727 operis
1046 5655 1222 5712 etiam
1274 5672 1617 5712 successum
1650 5657 1708 5712 in
1742 5674 1804 5713 se
1835 5657 1976 5713 reci-

315 5751 482 5822 peret
515 5744 890 5818 (inevitabilis
931 5745 1205 5802 efficacia:
1234 5745 1506 5803 videlicet
1555 5752 1697 5803 sunt
1744 5748 1975 5804 decreta

2011 4630 2060 4693 D

2101 3349 2215 3404 que
2244 3350 2348 3404 pro
2376 3349 2438 3388 se
2469 3349 2703 3405 quoque
2734 3332 3023 3404 impetum
3069 3333 3141 3388 ad
3175 3347 3409 3388 omnem
3441 3331 3562 3387 sive
3595 3331 3741 3388 insi-

2090 3422 2290 3477 diandi
2349 3423 2469 3478 sive
2525 3421 2787 3477 irruendi
2843 3421 3238 3478 necessariam
3301 3436 3561 3492 operam,
3616 3419 3744 3492 ipse

2088 3512 2244 3566 140
2276 3511 2512 3582 quidem
2554 3510 2854 3566 interdum
2905 3509 3193 3565 circuibat
3237 3508 3500 3564 lustrans
3549 3515 3745 3580 explo-

2089 3616 2362 3672 ransque,
2395 3603 2461 3656 ut
2491 3616 2596 3672 par
2625 3603 2770 3666 erat,
2805 3603 3040 3668 cuneta,
3073 3597 3394 3654 identidem
3428 3599 3648 3659 autem,
3673 3614 3746 3653 ne

2089 3689 2491 3760 suspicionem
2543 3687 2770 3746 Latinis
2819 3689 3026 3744 urbem
3075 3687 3418 3744 tenentibus
3465 3691 3745 3754 moveret,

2089 3778 2368 3835 recedens
2397 3793 2824 3849 removensque
2873 3794 2936 3836 se
2975 3795 3008 3832 a
3039 3780 3376 3850 conSpectu,
3409 3791 3644 3849 semper
3673 3776 3748 3833 iis

2088 3883 2220 3937 quae
2247 3867 2719 3939 suggerebantur
2753 3867 3092 3922 attendens:
3121 3865 3244 3922 ibat
3272 3866 3428 3922 enim
3462 3882 3583 3922 una
3614 3882 3745 3922 cum

2087 3956 2217 4028 ipso
2251 3957 2406 4012 idem
2459 3953 2556 4012 ille
2604 3955 2960 4012 Cutritzaces
3008 3954 3409 4027 peritissimus
3457 3954 3744 4022 locorum,

2088 4045 2306 4118 pariter
2336 4048 2548 4100 cuncta
2577 4043 3086 4117 circumspiciens.
3119 4043 3516 4100 Providebant
3546 4050 3743 4100 autem

2089 4135 2261 4191 ambo
2294 4132 2472 4190 simul
2505 4136 2568 4188 ut
2594 4148 2773 4205 quam
2821 4130 3041 4203 optime
3089 4147 3392 4204 quamque
3439 4130 3744 4188 celerrime

2088 4224 2243 4297 quod
2277 4222 2715 4279 meditabantur
2736 4220 2900 4277 fieret
2926 4235 2938 4275 :
2967 4219 3298 4292 periculum
3331 4220 3492 4276 enim
3525 4225 3651 4276 erat
3680 4221 3741 4276 in

2089 4331 2273 4384 mora,
2297 4328 2368 4368 ne
2391 4310 2612 4383 aliquid
2647 4309 2917 4366 alicunde
2949 4307 3270 4365 sentientes
3301 4309 3576 4365 custodes
3600 4326 3743 4365 mce-

2089 4403 2252 4458 nium
2274 4401 2738 4459 vociferarentur
2758 4405 2814 4455 et
2835 4399 2990 4473 quod
3026 4397 3174 4454 clam
3207 4398 3529 4470 parabatur
3549 4397 3742 4471 palam

2089 4493 2422 4564 proderent.

2409 4639 2498 4694 27.
2537 4638 2598 4694 Ut
2625 4637 2756 4692 urb:
2784 4643 2940 4708 capta
2967 4634 3040 4690 sit
3071 4649 3106 4689 α
3135 4636 3414 4691 Romanis.

2159 4765 2232 4820 Ut
2261 4764 2442 4838 igitur
2472 4765 2540 4820 de
2578 4762 2856 4819 omnibus
2884 4760 3157 4818 convenit
3187 4776 3312 4832 quas
3344 4758 3742 4817 conducibilia

2087 4855 2158 4909 ad
2183 4869 2526 4910 successum
2550 4851 2765 4925 negotii
2790 4855 2930 4907 sunt
2951 4849 3164 4921 visa,et
3184 4848 3575 4905 constitutum
3598 4852 3742 4905 tem-

2086 4960 2198 5016 pus
2243 4948 2332 4999 est
2382 4943 2583 5014 (noctu
2633 4941 2788 4998 enim
2823 4949 2874 4996 et
2902 4955 2971 4994 ex
3003 4938 3319 5012 improviso
3368 4937 3747 5011 supervenire

2087 5033 2332 5089 minime
2363 5032 2744 5106 opinantibus
2776 5031 3200 5102 decreverant),
3225 5030 3350 5086 suis
3373 5028 3595 5101 quique
3618 5045 3746 5100 par-

2086 5122 2246 5179 tibus
2299 5127 2538 5178 strenue
2588 5118 2980 5192 defungendis
3014 5119 3223 5175 intenti
3251 5119 3636 5191 expectabant
3666 5118 3744 5175 si-

2087 5229 2290 5284 gnum.
2308 5211 2453 5268 Aliis
2477 5210 2634 5267 enim
2658 5225 2800 5266 cura
2821 5209 3176 5264 demandata
3197 5212 3286 5264 est
3308 5208 3741 5266 conscendendi

2088 5302 2215 5356 sine
2246 5301 2495 5373 strepitu
2528 5299 2701 5356 scalis
2731 5297 2988 5354 admotis
3021 5313 3212 5366 muro,
3246 5313 3430 5369 eoque
3464 5301 3740 5370 superato

2088 5407 2236 5463 quos
2267 5390 2347 5445 ibi
2381 5390 2654 5446 custodes
2706 5387 3034 5460 reperirent
3081 5401 3335 5460 superne
3382 5391 3547 5443 extra
3595 5387 3742 5458 deji-

2088 5480 2303 5549 ciendi,
2335 5496 2401 5536 ac
2433 5482 2664 5552 portam
2713 5477 2870 5534 cuia
2903 5477 3060 5532 fonte
3113 5492 3325 5532 nomen
3378 5479 3467 5532 est
3515 5476 3744 5548 patefa-

2087 5569 2298 5641 ciendi,
2322 5569 2526 5624 cuneis
2555 5566 2848 5639 impactis,
2883 5565 2985 5621 ubi
3017 5565 3332 5621 obductam
3367 5565 3515 5622 ostio
3549 5579 3740 5620 mace-

2085 5659 2233 5714 riam
2258 5659 2425 5731 prius
2452 5658 2794 5714 diruissent.
2812 5653 3026 5712 Cesari
3050 5669 3182 5710 vero
3207 5660 3570 5711 rescrvalum
3593 5653 3744 5711 exci-

2085 5751 2237 5804 tatos
2269 5763 2371 5821 per
2400 5754 2630 5804 noctem
2655 5751 2712 5803 ct
2735 5762 2983 5819 prensos
3015 5748 3254 5817 paratos
3277 5759 3478 5801 secum
3512 5743 3746 5801 trahere
