4112 6398
357 342 464 396 579

1672 331 1974 387 GEORGII
2012 331 2476 385 PACHYMERE

3668 329 3777 384 580

357 489 450 542 pov
485 513 500 538 ,
558 470 638 537 τῷ
696 461 752 518 δὲ.
809 459 1038 536 Καίσαρι
1095 459 1221 521 τοὺς
1283 457 1616 531 στρατιώτας
1673 452 1762 508 διὰ
1816 453 2006 513 νυκτὸς
2039 493 2088 559 Α
2120 459 2238 515 τοῖς
2292 453 2441 516 ἐντὸς
2471 455 2569 521 τὴν
2604 449 2930 524 ἐπιϐουλήν,
2962 457 3118 519 Ὃθεν
3169 454 3259 510 καὶ
3293 452 3496 510 συνέδει
3533 452 3780 516 διδόντος

363 558 372 559 κ
455 554 467 559 -
542 554 551 559 .
773 551 788 559 ι
870 549 881 559 ι
1085 549 1098 559 ι
1144 542 1270 559 οικς
1495 545 1507 559 \
1666 544 1679 559 ι
1780 545 1792 559 I
1876 541 1888 559 9
2127 541 2138 556 Ἵ
2219 541 2230 559 1
2456 544 2467 559 ς
2535 539 2558 559 ν
2810 545 2822 559 ο
2946 544 2959 559 \
3328 545 3337 559 1
3585 555 3599 559 -
3640 548 3662 558 ο
3755 541 3780 559 νο

358 541 723 634 ἐφελκόμενον
770 549 1005 624 ἑτοίμως
1058 542 1367 603 εἷσϐάλλειν
1421 545 1510 600 καὶ
1553 544 1689 598 κατὰ
1734 545 1832 611 τὴν
1865 541 2012 595 ἀνοι-

357 632 574 700 λθεῖσαν
629 642 810 709 πύλην
871 639 1240 713 εἷσέρχεσθαι.
1304 633 1478 698 Εὐθὺς
1539 639 1638 702 τῆς
1699 632 2011 707 ὡρισμένης

355 733 548 795 νυκτὸς
606 730 900 800 ἐπιστάσης
949 729 999 782 οἱ
1063 727 1157 798 μὲν
1213 725 1349 793 ἦσαν
1404 724 1540 798 πρὸς
1598 719 1862 796 τοῦργῳ,
1923 719 2011 774 καὶ

353 823 521 878 τόπον
582 819 792 885 εὔθετον
864 815 1264 892 στοχασάμενοι
1345 813 1518 868 ἐκεῖσε
1577 819 1854 887 προσῆγον
1911 812 2009 878 τὴν

357 911 623 984 κλίμακα,
678 907 1029 986 εὑφυλάκτως
1076 905 1139 958 τὸ
1199 902 1413 974 σύμπαν
1469 899 1711 974 ἔχοντες,
1766 901 1840 971 μή
1898 920 2014 961 πιυς

355 1007 472 1062 τοῖς
527 998 723 1077 φύλαξι
752 984 1068 1073 φωραθεῖεν
1117 993 1206 1047 καὶ
1237 993 1336 1060 τὴν
1391 993 1557 1066 θήραν
1604 984 2010 1057 ἀνασοϐήσωσε,

363 1087 574 1163 μᾶλλον
636 1089 729 1160 μὲν
784 1090 874 1140 οὖν
927 1085 1014 1138 καὶ
1074 1083 1328 1157 μέγιστος
1381 1079 1566 1140 αὐτοῖς
1615 1076 1859 1138 κίνδυνος
1891 1077 2009 1131 ἐπι-

359 1182 480 1252 στῇ,
511 1177 559 1232 εἷ’
589 1175 762 1248 ἀλῷεν
799 1169 1273 1232 ἐπιϐουλεύοντες.
1313 1172 1519 1242 Καῖσαρ
1573 1166 1628 1222 δὲ
1675 1175 1775 1236 τῆς
1820 1166 2012 1230 νυκτὸς

357 1266 568 1335 ἐκείνης
597 1267 658 1320 τὸ
692 1263 953 1327 Σκυθικὸν
1007 1261 1098 1315 καὶ
1149 1259 1272 1313 ὅσον
1320 1259 1386 1325 ἦν
1439 1255 1580 1311 ἄλλο
1622 1253 1806 1311 λαϐὼν
1854 1255 2010 1324 ἠπεί-

356 1377 481 1430 γετο
541 1355 677 1430 πρὸς
735 1354 834 1421 τήν
894 1349 1097 1418 πόλιν,
1158 1349 1247 1403 καὶ
1306 1346 1421 1400 ἐπεὶ
1489 1346 1752 1420 πρότερον
1813 1347 1846 1414 ἢ
1916 1348 2013 1398 τοῦ

359 1444 616 1520 πράττειν
675 1442 916 1502 ἐκείνους
973 1438 1205 1513 ἔφθασαν
1265 1435 1353 1490 καὶ
1415 1439 1449 1504 ἡ
1503 1435 1592 1507 νὺξ
1625 1435 1851 1509 ἀργοῦσι
1909 1455 2015 1487 πα-

357 1534 596 1609 ρώγετο,
646 1527 912 1591 περιδεῶς
964 1528 1079 1602 εἶχε
1106 1527 1242 1601 πρὸς
1286 1527 1384 1593 τήν
1415 1523 1606 1600 ἀργίαν
1655 1523 1744 1577 καὶ
1795 1523 2014 1577 ἀντεπι-

356 1619 564 1691 ϐουλήν
626 1621 938 1676 ὑπώτευεν.
1013 1614 1169 1673 Ἀλλ’
1232 1617 1259 1669 ὁ
1315 1615 1722 1686 Κουτριτζάκης
1773 1611 2012 1684 ἀνελάμ-

357 1708 482 1766 ϐανέ
523 1730 582 1764 τε
631 1716 731 1779 τῆς
785 1705 992 1768 δειλίας
1052 1703 1255 1758 ἐκεῖνον
1305 1703 1393 1757 καὶ
1454 1702 1694 1770 ἐλπίζειν
1740 1701 2013 1776 εὐθαρσῶς

356 1804 619 1876 παρεῖχεν
670 1798 742 1859 ὡς
791 1795 1006 1851 ἐκείνων
1056 1815 1107 1848 τι
1158 1793 1503 1868 πραττόντων
1550 1790 1720 1854 ἐντός.
1781 1789 1852 1844 Οὐ
1906 1791 2012 1862 μὴν

361 1887 402 1905 ’.\\

354 1978 648 2049 ὑπενόησεν
725 1976 909 2051 ἀργεῖν
970 1974 1202 2034 ἐκείνους
1259 1971 1344 2047 ἐφ’
1416 1971 1460 2041 ᾧ
1518 1970 1854 2040 κατερείπειν
1913 1970 2005 2023 τὸν

352 2067 440 2121 ἐπὶ
495 2071 564 2140 τῇ
621 2063 772 2139 πύλῃ
831 2070 930 2132 τῆς
989 2068 1172 2136 πηγῆς
1225 2059 1285 2115 ἐκ
1336 2059 1503 2114 λίθων
1538 2058 1716 2133 ξηρῶν
1747 2057 2010 2131 ἐπιτειχιο

354 2156 533 2228 σμόν;
593 2154 714 2218 ὅθεν
759 2153 851 2208 καὶ
903 2152 1160 2230 ἐμφανεῖς
1208 2145 1599 2223 προεξεδέχετο
1649 2148 1775 2209 τοὺς
1829 2145 2008 2201 κινδύ-

350 2267 500 2314 νους,
549 2243 639 2298 καὶ
673 2240 844 2312 δῆλος
875 2240 934 2306 ἦν
968 2238 1290 2314 χλευασθεῖς
1338 2235 1543 2294 ἀλύων.
1590 2237 1651 2292 Ὁ
1701 2236 1803 2310 γὰρ
1851 2247 2006 2309 θερα-

351 2333 534 2388 πεύειν
583 2330 925 2404 ἠλπισμένος
973 2323 1268 2389 ἐπίϐουλος
1323 2326 1692 2394 ὑπωπτεύετο,
1743 2326 1830 2379 καὶ
1885 2346 2008 2378 συν-

352 2420 491 2476 δέειν
549 2419 838 2493 ἐδοκίμαζε
893 2418 984 2474 τὸν
1063 2409 1513 2488 ἀναλαμϐάνοντα
1584 2413 1658 2475 ὡς
1729 2409 2008 2466 συνειδότα

351 2639 590 2707 milites,
618 2651 764 2706 quos
791 2638 1117 2707 opportune
1147 2631 1492 2688 immitteret
1513 2639 1564 2686 et
1599 2648 1702 2703 per
1733 2634 1996 2703 apertum

349 2727 564 2785 ostium
588 2742 723 2782 cum
747 2725 894 2796 ipsis
917 2725 1288 2794 irrumperet.
1315 2721 1520 2777 Statim
1541 2736 1677 2793 ergo
1701 2725 1769 2774 ut
1799 2719 2001 2774 condi-

348 2823 441 2873 cta
489 2833 604 2874 nox
661 2815 873 2881 adfuit,
907 2812 992 2868 illi
1028 2813 1266 2884 quidem
1315 2811 1373 2865 in
1426 2826 1598 2881 opere
1658 2809 1999 2881 praescripto

344 2908 754 2972 versabantur,
788 2903 938 2958 clam
971 2900 1146 2957 scalis
1176 2900 1386 2956 erectis
1419 2899 1628 2954 idoneo
1659 2915 1724 2953 ac
1757 2897 2002 2953 solerter

347 2994 572 3051 delecto
610 2993 760 3059 loco,
793 2990 1124 3046 cautionem
1177 2989 1525 3044 adhibentes
1573 3002 1894 3057 summam,
1927 3003 1999 3042 ne

347 3084 694 3141 custodibus
725 3081 1010 3137 indicium
1044 3079 1137 3135 sui
1160 3081 1388 3149 darent,
1422 3085 1480 3134 et
1510 3095 1686 3149 quam
1716 3081 1995 3133 venatum

348 3175 513 3229 ibant
542 3171 795 3244 prazdam
830 3169 1076 3241 strepitu
1113 3169 1521 3240 intempestivo
1555 3171 1840 3223 terrerent
1861 3185 2000 3238 prae-

349 3265 578 3318 mature
598 3261 1032 3329 moverentque.
1058 3257 1135 3312 Ad
1163 3273 1339 3329 quam
1367 3256 1735 3312 sedulitatem
1759 3256 1996 3312 cavendi

347 3351 750 3408 excitabantur
799 3346 1208 3419 magnitudine
1243 3346 1461 3418 proprii
1497 3345 1763 3417 periculi,
1799 3344 2000 3416 utique

344 3439 558 3510 quibus
589 3443 750 3494 certa
781 3436 1067 3508 pernicies
1091 3435 1490 3507 impendebat,
1516 3435 1564 3489 si
1589 3434 2000 3505 interciperen-

344 3535 440 3585 tur
463 3531 523 3585 in
551 3528 681 3601 ipsa
696 3527 996 3582 molitione
1017 3524 1286 3579 insidiosi
1311 3523 1594 3579 assultus.
1619 3525 1810 3579 Caesar
1829 3539 2000 3594 porro

345 3636 449 3690 per
478 3634 606 3674 eam
641 3620 871 3672 noctem
905 3613 1164 3685 sumptis
1196 3629 1398 3669 secum
1431 3611 1663 3684 Scythis
1685 3617 1741 3667 et
1771 3612 1998 3667 cunctis

346 3706 478 3763 aliis
509 3705 695 3778 copiis
727 3706 874 3758 141
913 3701 1233 3758 festinabat
1262 3700 1469 3756 urbem
1500 3717 1725 3756 versus.
1759 3701 1827 3755 Et
1855 3717 1996 3772 quo-

345 3797 503 3851 niam
535 3796 606 3849 ad
636 3792 908 3848 viciniam
946 3794 1122 3863 portae
1155 3805 1284 3845 cum
1347 3790 1470 3845 suis
1519 3789 1686 3861 prius
1736 3791 2001 3861 pervenit

343 3901 522 3958 quam
556 3882 652 3939 alii
688 3882 1071 3954 perfecissent
1102 3879 1160 3934 id
1194 3879 1349 3950 quod
1383 3879 1640 3935 facturos
1670 3879 1831 3951 ipsos
1861 3896 1999 3934 con-

341 3977 602 4040 venerat,
623 3976 680 4028 et
703 3987 814 4027 nox
837 3969 982 4043 ipsis
1006 3968 1380 4024 cessantibus
1406 3967 1623 4035 abibat,
1654 3967 1805 4023 male
1827 3968 2001 4039 cmpit

343 4067 604 4119 metuere
625 4077 698 4116 ne
717 4061 886 4132 cujus
904 4057 1105 4129 magni
1147 4057 1287 4113 mali
1313 4061 1414 4113 aut
1434 4073 1613 4112 causa
1636 4061 1736 4112 aut
1758 4057 2000 4112 etfectus

344 4157 500 4211 esset
528 4153 642 4208 ista
671 4149 940 4208 cessatio.
975 4147 1312 4205 Contrarias
1361 4147 1634 4203 videlicet
1664 4146 1914 4202 insidias
1945 4151 2002 4202 et

341 4241 657 4313 ancipitem
690 4238 1084 4312 proditionem
1119 4235 1513 4308 suspectabat.
1537 4234 1752 4289 Verum
1780 4234 1998 4291 Cutrit-

345 4347 510 4385 zaces
533 4329 842 4384 revocabat
863 4343 998 4382 eum
1022 4326 1093 4381 ab
1118 4323 1218 4380 illo
1243 4327 1401 4379 metu
1434 4327 1724 4394 quantum
1751 4327 1996 4395 poterat,

341 4424 398 4474 et
429 4435 594 4490 spem
626 4418 912 4488 optimam
946 4419 1012 4469 ut
1040 4413 1376 4484 conciperet
1433 4412 1658 4482 orabat,
1693 4412 2000 4469 afﬁrmans

340 4508 560 4580 aliquid
585 4506 826 4563 omnino
849 4506 1036 4561 facere
1058 4504 1220 4558 intus
1236 4520 1333 4558 eos
1349 4503 1449 4575 qui
1467 4519 1703 4558 murum
1723 4520 1999 4560 conscen-

358 1866 445 1943 δὲ.
489 1889 580 1943 καὶ
659 1886 896 1960 ὑποψίας
964 1886 990 1938 ὁ
1053 1889 1255 1957 Καῖσαρ
1316 1881 1538 1957 ὑφίετο·
1596 1885 1701 1935 ποῦ
1759 1880 1863 1956 γὰρ
1921 1880 2007 1933 καὶ
2047 1866 2088 1930 Β

2124 541 2327 596 ἐκείνου
2385 544 2470 596 καὶ
2533 539 2753 616 ἕτοιμον
2810 544 2996 598 ἑαυτὸν
3057 545 3442 619 παρεχομένου
3500 548 3689 608 παθεῖν
3749 541 3780 596 ὅ

2121 652 2171 684 τι
2239 630 2520 706 βούλοιτο,
2586 630 2633 685 εἷ·
2687 630 2886 686 ἐκεῖνοι
2946 627 3378 688 ἐπιϐουλεύοιεν.
3439 632 3776 707 Συγκατῄνει

2125 717 2178 764 ἲὶ
2277 725 2298 735 υ
2380 719 2410 775 λ
2565 720 2582 750 1
2685 742 2705 754 ‘
2824 722 2837 739 \
2896 723 2908 738 ο
2964 723 2975 743 ν
3073 723 3084 740 ο
3262 721 3275 740 Ἰ
3433 721 3517 741 ..Ι
3724 722 3735 736 ⁸

2131 753 2180 773 η
2208 741 2328 781 τοις
2419 741 2703 794 εγομενοιι,
2748 742 2838 774 και
2889 743 2916 775 ο
2978 719 3209 792 Αλεξιος
3259 734 3629 798 επιθαρρυνων
3685 743 3778 775 τον

2125 815 2267 872 θεῖον
2312 810 2401 863 καὶ
2458 811 2520 863 τὸ
2581 807 2700 870 δέος
2760 806 3223 886 άποκρουόμενοξ.
3285 811 3387 867 Καὶ
3442 812 3470 866 ὁ
3525 811 3619 883 μὶν
3653 811 3777 884 περῖ

2121 899 2220 966 τὴν
2294 899 2466 970 μονὴν
2525 906 2623 968 τῆς
2698 905 2877 974 πογῆς
2939 901 3335 976 προσεκάθητο,
3395 900 3487 954 τὸν
3551 899 3777 972 στρατὸν

2122 988 2368 1063 κατέχων
2416 993 2543 1062 σιγῇ
2592 990 2679 1042 καὶ
2735 991 3006 1064 μετέωρος
3060 989 3132 1044 ὥν
3194 991 3329 1065 πρὸς
3377 991 3439 1044 τὸ
3489 985 3776 1062 σύμϐολον

2125 1079 2207 1150 (τὸ
2241 1076 2287 1133 δ’
2317 1078 2378 1144 ἦν
2417 1081 2450 1147 ἡ
2504 1084 2610 1132 τῶν
2676 1079 2944 1152 βασιλέων
2993 1079 3235 1156 εὐφημία
3284 1079 3372 1134 ἐπὶ
3419 1084 3516 1134 τού
3558 1079 3780 1153 τείχους

2131 1167 2608 1242 ὑψηλοφωνεῖσθαι
2672 1166 2998 1240 μέλλουσα)⁶
3056 1173 3146 1238 [Ρ.
3188 1169 3280 1239 92]
3340 1169 3390 1222 οἱ
3445 1165 3502 1223 δὲ
3545 1167 3778 1240 ἡσύχως

2125 1257 2243 1319 καθ’
2284 1255 2376 1310 ἕνα
2445 1252 2810 1319 ὑπαναϐάντες
2878 1257 2972 1318 τας
3039 1255 3318 1330 κλίμακας
3380 1256 3776 1330 προσπαίουσιν

2124 1344 2278 1406 εὐθὺς
2334 1350 2450 1407 τοῖς
2511 1352 2770 1422 φρουροῖς
2829 1346 3226 1419 κοιμωμένοις,
3265 1343 3494 1408 Ἰταλοῖς
3523 1367 3585 1420 γε
3634 1343 3776 1412 οὖσι,

2122 1435 2211 1488 καί
2298 1455 2418 1510 σφιν
2507 1437 2558 1488 οἱ
2648 1434 2887 1497 ἐπιόντες
2956 1431 3083 1510 ὄναρ
3162 1435 3456 1505 ἐπέστησαν
3519 1429 3774 1509 φοϐερόν·

2124 1523 2403 1598 εὐθὺς-γάρ
2452 1523 2578 1587 τοὺς
2625 1526 2719 1597 μὲν
2777 1523 2907 1597 μηδ’
2954 1524 3312 1597 αἰσθομένους
3374 1521 3618 1579 ἐκποδὼν
3678 1545 3775 1578 κα-

2122 1612 2414 1687 τασχόντες
2491 1612 2801 1689 ἐρῥίπτουν,
2886 1617 3208 1691 σφάττοντες
3282 1615 3570 1688 πρότεροδι
3644 1613 3772 1676 τοὺς

2124 1701 2178 1756 δὲ
2248 1702 2336 1756 καὶ
2412 1710 2513 1772 τῆς
2588 1711 2836 1778 ταραχῆς
2905 1702 3188 1766 ἐπαΐοντας
3247 1705 3336 1757 καὶ
3401 1704 3538 1777 πρὸς
3596 1705 3770 1780 φυγήν

2120 1792 2489 1864 τρεπομένους
2571 1793 2857 1868 φθάνοντες
2945 1794 3338 1861 κατεσπάθιζον
3375 1837 3388 1862 ,
3477 1793 3552 1856 ὡς

2120 1879 2354 1954 ἄγγελον
2412 1885 2518 1934 τῶν
2577 1879 2873 1954 δρωμένων
2935 1879 3350 1957 ὑπολελεῖφθαι,
3415 1883 3550 1936 ὅπου
3579 1903 3637 1956 γε
3683 1883 3775 1936 καὶ

2118 1970 2208 2022 τὸν
2264 1968 2369 2023 ἀπὸ
2427 1974 2523 2023 τοῦ
2584 1969 2935 2032 κωλύσοντος
2990 1966 3158 2044 φόϐον
3218 1971 3405 2025 ἐνίκων
3460 1972 3512 2024 αἱ
3571 1973 3774 2044 προθυ-

2124 2057 2261 2129 μίαι,
2320 2059 2408 2111 καὶ
2441 2055 2604 2127 δῆλοι
2631 2059 2789 2128 ἦσαν,
2849 2061 2910 2127 ἢν
2943 2080 3023 2120 τις
3054 2059 3358 2130 ἀντισταίη,
3408 2059 3775 2133 μαχούμενοι.

2121 2143 2406 2210 Ἐλθόντες
2457 2145 2515 2201 δὲ
2561 2147 2698 2221 πρὸς
2736 2149 2835 2217 τὴν
2894 2151 2996 2218 τῆς
3040 2155 3226 2222 πηγῆς
3273 2147 3454 2217 πύλην
3515 2149 3605 2203 καὶ
3652 2149 3778 2203 ταύ·

3643 1791 3775 1865 μηδ’

2121 2257 2219 2303 την
2275 2235 2770 2311 ἀναπεφραγμένην
2831 2237 3076 2312 εὑρόντες
3128 2237 3306 2301 λίθοις
3352 2237 3634 2293 κατέσπων
3687 2241 3774 2293 εὑ-

2121 2324 2278 2396 θέως,
2337 2327 2440 2379 κάκ
2492 2327 2658 2398 μέσου
2716 2331 3002 2388 ποιοῦντες
3058 2325 3189 2390 τοὺς
3233 2325 3423 2388 λίθους
3481 2325 3660 2382 δίοδον
3704 2331 3774 2401 τῇ

2118 2419 2342 2487 στρατιᾷ
2369 2414 2670 2487 ἡτοίμαζον
2733 2415 2968 2490 εὐμαρῆ,
3029 2416 3140 2471 εἶτα
3195 2413 3251 2470 δὲ
3307 2417 3396 2470 καὶ
3431 2415 3596 2494 σφησὶ
3631 2414 3773 2491 χαλ-

2115 2630 2308 2686 fallaci
2339 2648 2608 2689 sermone
2640 2638 3076 2705 promoventem
3109 2634 3157 2689 ei
3193 2638 3533 2705 suspectum
3560 2634 3769 2690 redde-

2115 2724 2219 2775 ret.
2246 2723 2434 2786 Quare
2467 2723 2674 2778 statuit
2705 2740 2838 2779 eum
2865 2723 3041 2779 veluti
3077 2724 3383 2779 conscium
3416 2723 3770 2780 insidiarum

2113 2810 2514 2883 constringere
2570 2813 3143 2884 custodiendamque
3175 2813 3301 2868 suis
3333 2813 3493 2882 dare,
3527 2815 3679 2885 quod
3713 2816 3772 2869 et

2112 2898 2248 2954 fecit
2269 2899 2498 2956 volente
2529 2902 2654 2972 ipso
2677 2919 2742 2957 ac
2776 2918 2837 2958 se
2859 2906 3130 2974 paratum
3156 2901 3466 2958 exhibente
3494 2903 3566 2957 ad
3596 2903 3769 2973 quid-

2109 2987 2194 3042 vis
2227 2988 2501 3060 supplicii
2535 2991 2936 3060 subeundum,
2971 2991 3019 3047 si
3051 2989 3378 3062 quidquam
3411 2991 3765 3048 insidiarum

2109 3077 2180 3130 ab
2211 3077 2285 3132 iis
2316 3079 2415 3148 qui
2435 3080 2561 3151 jam
2595 3081 2801 3135 urbem
2837 3080 3199 3136 intraverant
3225 3084 3567 3136 strueretur.
3594 3084 3763 3136 (Iom-

2112 3166 2396 3238 probabat
2426 3185 2552 3240 quas
2581 3187 2614 3224 a
2638 3171 2966 3226 Cutritzace
2999 3169 3246 3225 ﬁdenter
3265 3186 3334 3225 ea
3355 3170 3648 3225 occasione
3671 3170 3760 3224 di-

2111 3256 2396 3311 cebantur
2415 3257 2670 3328 Alexius,
2695 3259 3050 3314 confirmans
3074 3259 3352 3314 similiter
3371 3262 3664 3329 patruum,
3697 3261 3754 3312 et

2111 3349 2175 3400 ut
2197 3349 2419 3401 metum
2455 3347 2768 3419 deponeret
2799 3348 3140 3404 adhortans.
3167 3348 3317 3420 Ergo
3335 3347 3432 3404 ille
3454 3347 3604 3403 circa
3625 3363 3750 3402 mo-

2111 3434 2430 3490 nasterium
2465 3437 2532 3490 ad
2587 3436 2807 3492 fontem
2841 3438 3020 3493 situm
3053 3437 3415 3510 quiescebat,
3447 3438 3759 3493 continens

2110 3523 2430 3579 exercitum
2463 3524 2718 3590 silentio,
2738 3531 2795 3582 et
2819 3527 3082 3582 intentus
3114 3527 3477 3582 observando
3502 3526 3666 3598 signo
3690 3528 3762 3582 de

2111 3628 2226 3682 quo
2258 3618 2627 3669 convenerat.
2675 3616 2812 3670 Erat
2863 3620 3060 3672 autem
3091 3615 3148 3670 id
3181 3615 3543 3682 acclamatio,
3573 3615 3767 3687 qualis

2111 3700 2236 3756 fieri
2267 3701 2723 3774 imperatoribus
2755 3704 2925 3772 solet,
2950 3721 3130 3776 supra
3164 3721 3404 3760 murum
3435 3705 3597 3760 edita
3628 3721 3771 3761 voce

2110 3789 2342 3846 sublata
2359 3796 2416 3846 et
2436 3791 2551 3847 late
2584 3792 2964 3865 intelligibili.
2994 3793 3079 3848 llli
3101 3810 3272 3865 porro
3299 3792 3618 3864 tranquille
3651 3810 3773 3849 ma-

2109 3895 2344 3952 gnaque
2371 3883 2520 3938 142
2543 3882 2765 3938 vitandi
2789 3883 3074 3955 strepitus
3099 3881 3611 3955 cura,singillatim
3630 3899 3770 3939 con-

2111 3969 2333 4024 scensis
2361 3971 2556 4041 scalis,
2578 3972 3094 4028 oﬂ‘enduntstatim
3109 3973 3384 4027 custodes
3408 3972 3769 4029 dormientes

2111 4057 2261 4128 (Itali
2287 4058 2344 4113 hi
2369 4063 2558 4128 erant)
2597 4067 2654 4116 et
2704 4061 2966 4117 terribile
2997 4061 3116 4118 illis
3147 4060 3449 4117 somnium
3482 4065 3712 4132 portant
3751 4079 3766 4117 :

2110 4163 2176 4202 su
2189 4147 2305 4202 bito
2336 4149 2491 4203 enim
2517 4165 2615 4204 eos
2639 4167 2745 4205 nec
2769 4151 3089 4206 sentientes
3123 4149 3449 4220 corripiunt
3474 4166 3538 4205 ac
3562 4151 3764 4206 detur-

2110 4235 2254 4290 bant
2277 4237 2879 4310 deorsum,jugulatos
2899 4238 3293 4309 prius.Socios
3317 4255 3450 4294 vero
3473 4238 3763 4310 quosdam

2109 4323 2398 4396 ipsorum,
2429 4327 2526 4398 qui
2561 4327 2825 4382 tumultu
2873 4328 3044 4382 exciti
3095 4328 3296 4400 fugam
3349 4325 3764 4399 expediebant,

2109 4421 2582 4487 praeoccupantes
2613 4417 2933 4472 concidunt
2964 4416 3474 4488 gladiis,utnemo
3499 4431 3772 4487 superes-

2109 4507 2198 4557 set
2229 4505 2330 4575 qui
2362 4507 2658 4562 nuntiaret
2689 4523 2817 4578 quae
2846 4507 3223 4578 gerebantur.
3250 4506 3471 4578 Nempe
3497 4507 3620 4577 jam
3647 4521 3767 4561 me-

341 4599 571 4654 derant.
599 4596 714 4652 Nec
743 4599 941 4651 tamen
973 4592 1144 4649 illum
1178 4593 1427 4649 audiens
1452 4609 1485 4649 a
1511 4593 1849 4664 suspicione
1867 4610 1999 4650 con-
2029 4585 2076 4650 D
2109 4599 2260 4660 tum,
2283 4611 2398 4666 quo
2430 4596 2646 4650 moenia
2677 4597 2884 4652 timide
2915 4596 3239 4652 subeuntes
3265 4599 3773 4663 :cstuaverant,ne

341 4687 683 4759 quiescebat
713 4686 946 4741 Czesar:
981 4681 1348 4740 comminisci
1394 4683 1549 4738 enim
1608 4699 1724 4738 non
1777 4688 2004 4754 poterat

342 4775 442 4832 ubi
465 4781 522 4832 et
544 4775 928 4848 quamobrem
977 4777 1099 4828 tam
1144 4772 1244 4826 diu
1300 4771 1678 4839 feriarentur,
1707 4788 1812 4827 nee
1845 4774 2002 4845 quod

339 4864 538 4921 statim
573 4865 828 4920 facturos
861 4861 1320 4934 spoponderant,
1353 4859 1546 4915 adhuc
1607 4860 2003 4932 dissipassent

339 4970 576 5009 murum
591 4952 948 5009 subitarium
964 4949 1305 5022 elapidibus
1321 4953 1542 5006 temere
1567 4951 1863 5022 congestis
1876 4950 2001 5006 sine

341 5047 629 5098 cmmento
654 5045 807 5098 retro
836 5043 1065 5113 portam
1097 5037 1272 5094 fontis
1297 5040 1722 5103 erectum.Quae
1748 5039 2001 5097 maxime

342 5147 436 5186 res
466 5129 982 5201 inquietissimum
1007 5127 1092 5182 illi
1111 5131 1400 5182 terrorem
1426 5127 1778 5183 admovebat
1798 5129 2000 5200 magni

342 5237 374 5274 a
397 5235 529 5274 mox
551 5219 848 5289 erupturis
869 5217 1142 5272 hostibus
1160 5214 1427 5288 periculi.
1453 5215 1827 5286 ltaquevultu
1845 5217 1996 5273 haud

341 5306 760 5364 dissimulabat
779 5321 1083 5360 maerorem
1102 5304 1271 5376 quasi
1296 5321 1437 5360 serae
1462 5303 1997 5377 poanitentia,quod

343 5396 512 5453 illudi
537 5395 653 5452 sibi
679 5411 746 5450 ac
769 5394 970 5450 fucum
997 5392 1118 5448 ﬁeri
1143 5409 1323 5464 seque
1353 5410 1420 5448 ac
1452 5393 1770 5450 exercitum
1794 5395 1999 5453 fraude

340 5486 398 5540 in
424 5483 676 5540 insidias
700 5481 854 5538 trahi
877 5497 1091 5552 passus
1114 5484 1485 5545 csset.Quem
1511 5481 1594 5536 illi
1619 5499 1874 5539 errorem
1895 5486 1994 5555 qui

336 5575 569 5630 demere
591 5571 947 5629 consolando
970 5569 1475 5638 conabatur,adeo
1501 5588 1706 5642 parum
1738 5574 1998 5645 proficie-

337 5664 456 5729 bat,
480 5668 547 5718 ut
577 5678 704 5718 sese
737 5660 931 5733 potius
963 5657 1154 5729 ipsum
1188 5662 1472 5730 tanquam
1506 5659 1624 5714 doli
1653 5678 1995 5721 successum

2115 4701 2231 4757 qua
2249 4685 2306 4739 vi
2336 4685 2555 4755 majore
2579 4686 2650 4740 ab
2673 4685 2904 4758 incepto
2937 4685 3412 4758 prohiberentur,
3439 4701 3594 4740 nunc
3609 4685 3773 4740 deni-

2115 4791 2229 4847 que
2288 4774 2584 4831 alacritate
2629 4775 2962 4830 animorum
3008 4792 3074 4831 ac
3123 4774 3462 4831 fortitudine
3517 4790 3770 4831 sucessu

2113 4868 2284 4919 aucta
2329 4864 2591 4920 vicerant
2639 4865 3177 4935 exstinxerantque,
3211 4864 3503 4936 planeque
3544 4880 3658 4936 prce
3702 4881 3768 4919 se

2113 4953 2379 5009 ferebant
2400 4969 2462 5010 se
2484 4954 2770 5025 quemvis,
2797 4953 2898 5024 qui
2917 4954 3335 5009 adversaturus
3368 4969 3430 5008 se
3460 4952 3764 5024 objiceret,

2111 5043 2294 5099 armis
2325 5043 2478 5098 ultro
2512 5042 2730 5098 adoriri
2777 5059 2892 5099 non
2940 5043 3335 5099 dubitaturos.
3361 5041 3658 5113 Progressi
3688 5041 3764 5096 ad

2111 5135 2339 5202 portam
2367 5131 2567 5203 fontis,
2601 5135 2658 5187 et
2689 5131 2841 5187 hanc
2892 5133 3148 5188 maceria
3196 5135 3351 5188 retro
3396 5131 3760 5187 obstructam

2111 5220 2486 5291 reperientes,
2511 5219 2757 5276 diruunt
2772 5237 2901 5276 eam
2926 5221 3124 5276 statim
3142 5219 3456 5276 abstractis
3480 5218 3769 5289 disjectis-

2110 5325 2224 5380 que
2254 5307 2554 5380 lapidibus
2587 5309 2798 5381 raptim
2833 5309 3130 5381 congestis
3181 5326 3246 5364 ac
3294 5313 3512 5363 temere
3562 5324 3770 5378 supcr-

2110 5397 2596 5469 structis,quibus
2619 5399 3293 5471 constabat,ingressum
3318 5397 3621 5469 irrupturo
3636 5413 3774 5452 mox

2108 5486 2388 5543 exercitui
2417 5487 2604 5543 latum
2638 5493 2693 5544 et
2724 5488 3078 5544 inoffensum
3113 5505 3180 5543 ea
3211 5504 3388 5559 opera
3418 5487 3766 5559 pandentes.

2112 5576 2326 5632 Deinde
2359 5581 2555 5632 autem
2591 5578 2795 5633 cuneis
2825 5576 3006 5634 aeneis
3037 5577 3308 5633 cardines
3335 5576 3636 5632 valvarum
3669 5576 3768 5630 dc-

2107 5664 2416 5722 molientes
2450 5665 2959 5723 revellunt.Flortc
2991 5682 3249 5739 praesens
3281 5665 3473 5722 adfuit
3504 5665 3613 5721 hoc
3644 5663 3766 5720 illis
