4112 6408
334 345 438 400 581

1399 349 1496 402 DE
1534 349 1906 404 MICHAELE
1945 345 2390 403 PALEOLOGO
2425 349 2562 402 LIB.
2603 351 2674 402 II.

3654 353 3763 408 582

339 466 487 529 κξοις
543 466 672 529 τοὺς
721 470 940 543 θαιροὺς
993 474 1100 524 τῶν
1153 470 1341 525 πυλῶν
1395 471 1777 546 ἐκκρούσαντες
1833 475 2084 542 κατα-Α
2116 466 2300 531 λακὼς
2359 471 2444 524 καὶ
2503 468 2660 532 εἰδὼς
2707 469 2773 525 τὶ
2827 473 2934 524 τῶν
2982 469 3240 526 ἀλώσεων
3269 469 3532 547 δυσχερῆ,
3567 472 3760 540 δεδιὼς

340 561 541 612 σπῶσι.
601 557 704 612 Καὶ
773 557 954 625 εὐθὺς,
1015 554 1178 633 ἔτυχε
1247 559 1350 634 γὰρ
1429 561 1615 637 παρὼν
1677 559 1848 614 ἐκεῖσε
1903 558 1992 612 καὶ

337 651 446 701 τῶν
508 645 822 720 ἱερωμένων
887 649 916 702 ὁ
975 654 1242 723 Λακερᾶς,
1289 648 1350 704 ἐκ
1405 654 1514 704 τῶν
1572 647 1992 722 θεληματαρίων

341 733 418 789 ὢν
463 734 551 789 καὶ
606 735 766 798 αὐτὸς
813 737 899 790 καὶ
966 742 1235 812 συνεργῶν
1291 735 1582 814 ἀνδρικῶς,
1646 731 1994 792 ὑπαναϐαίνει

338 824 402 878 τὸ
433 829 620 900 τεῖχος
654 823 868 897 σύναιμα
901 820 1170 898 Γλαϐάτῳ
1198 824 1306 880 τινὶ
1351 827 1440 880 καὶ
1493 826 1712 888 λοιποῖς
1769 823 1992 900 ἑτέροις.

342 911 488 970 Οὐδὲ
541 913 640 987 γὰρ
701 910 777 968 ἔτι
839 913 1071 986 ἐτόλμα,
1101 915 1194 969 καὶ
1253 917 1288 985 ἢ
1350 917 1503 993 φωνή
1569 909 1992 978 συναπεσϐέσθαι

335 1007 417 1074 τῷ
468 999 573 1057 δέει
632 1001 792 1077 ἐγγὺς
851 1001 1202 1072 ἐκινδύνευεν,
1240 1005 1378 1058 ὅπου
1435 1025 1494 1081 γε
1551 1003 1642 1058 καὶ
1699 1005 1761 1058 τὸ
1808 1007 1996 1078 τεῖχος

341 1088 520 1145 δοκεῖν
578 1091 606 1144 ὁ
664 1085 834 1168 φόϐος
891 1089 1071 1146 ἐδίδου
1129 1089 1492 1167 κραδαίνεθαι,
1553 1094 1627 1156 ὡς
1685 1093 1774 1147 καὶ
1831 1113 1994 1147 καταο

341 1181 561 1234 πίπτειν
613 1180 705 1234 τὸν
770 1179 905 1256 μέγα
960 1183 1279 1257 φωνήσοντα
1334 1183 1433 1251 τήν
1487 1186 1598 1237 τῶν
1654 1183 1994 1258 κρατούντων

343 1270 642 1342 εὐφημίαν.
674 1271 867 1342 ’Όμως
898 1270 1418 1346 παρακρατούμενος
1463 1276 1581 1334 τοῖς
1629 1271 1834 1346 ἑτέροις
1873 1292 1997 1347 τρε-

346 1356 523 1432 μούσῃ
586 1360 741 1435 φωνῇ
797 1358 900 1426 τὴν
959 1357 1250 1432 βασιλικὴν
1315 1360 1672 1433 ὑπεσήμαινε,
1727 1360 1818 1414 καὶ
1873 1381 1996 1414 συν-

347 1448 524 1520 ήχουν
557 1448 609 1500 οἱ
640 1447 789 1501 κάτω
817 1451 934 1509 τοῖς
964 1445 1097 1512 ἅνω,
1131 1448 1220 1502 καὶ
1270 1450 1304 1517 ἡ
1358 1449 1512 1525 φωνὴ
1563 1446 1786 1524 διῄρετο
1835 1451 1999 1504 καθό-

343 1556 434 1590 σον
467 1536 534 1605 ἦν
587 1534 946 1612 ὑψηλότερον.
979 1536 1112 1591 Τότε
1166 1537 1256 1592 καὶ
1315 1540 1366 1592 οἱ
1425 1537 1564 1614 ἀμφὶ
1621 1539 1711 1592 τὸν
1761 1539 1998 1613 Καίσαρα

340 1625 439 1691 τήν
505 1624 686 1700 φωνὴν
749 1621 1175 1698 καραδοκοῦντες
1235 1625 1558 1687 ἀκούσαντες
1591 1623 1869 1696 ἐκπηδῶσι
1901 1629 1996 1681 τοῦ

347 1713 548 1787 λόχου,
577 1711 665 1766 καὶ
701 1714 811 1783 ἅμα
841 1714 1000 1788 τάχει
1035 1713 1252 1788 ἀπτέρῳ
1309 1713 1396 1768 ἐπὶ
1451 1721 1553 1783 τῆς
1611 1712 1793 1784 πύλης
1849 1714 1994 1790 ἐχώ-

345 1822 496 1876 ρουν,
549 1801 640 1856 καὶ
693 1797 1208 1876 προκαταλςιϐόντες
1272 1801 1575 1878 εἷσχέονται
1647 1801 1992 1876 παμπληθεῖ.

343 1893 465 1946 ’Έτι
516 1887 562 1944 δ’
609 1890 697 1944 ὑπ’
728 1889 916 1965 αὐγαῖς
962 1895 1080 1954 ταῖς
1127 1892 1371 1965 πρώταις
1428 1895 1529 1957 τῆς
1570 1893 1782 1967 ἡμέρας
1833 1889 2000 1962 οῦσης

344 1979 598 2054 ἐξαίφνης
639 1980 740 2048 τήν
777 1980 964 2053 χώραν
991 1979 1244 2044 κατέθεον
1275 1982 1364 2035 καὶ
1408 1980 1671 2056 ἐπόρθουν
1725 1983 1786 2035 τὸ
1838 2002 2006 2054 προσ-

343 2069 514 2143 τυχὸν
551 2065 927 2130 σκυλεύοντες.
961 2070 1031 2123 Τὸ
1065 2066 1121 2124 δέ
1151 2091 1213 2144 γε
1256 2071 1523 2125 Σκυθικὸν
1582 2070 1876 2135 εὐσυνέτως
1928 2073 2004 2144 μὴ

351 2154 778 2230 σκεδαννύμενον
833 2159 1015 2233 εἶργον
1061 2161 1123 2213 τὸ
1167 2158 1596 2234 προσγινόμενον
1657 2159 1716 2215 ἐκ
1761 2167 1860 2229 τῆς
1901 2160 2007 2214 πό-

353 2243 494 2309 λεως
527 2244 767 2316 πλῆθος,
801 2244 854 2301 εἷ’
878 2268 984 2301 που
1017 2249 1262 2302 συσταῖέν
1307 2268 1448 2309 τινες
1507 2247 1886 2320 μαθησείοντες
1943 2249 2006 2304 τὸ

351 2335 644 2411 γινόμενον
693 2333 977 2408 πλάσματι
1021 2335 1124 2410 γὰρ
1168 2338 1231 2391 τὸ
1279 2337 1520 2413 πραχθὲν
1575 2337 1730 2410 ἐῴκει
1774 2337 2007 2413 λεγόμε-

351 2445 469 2480 νον.
503 2425 562 2480 Ὀ
599 2424 781 2498 μέντοι
827 2445 890 2499 γε
945 2428 1152 2499 Καῖσαρ
1195 2426 1496 2502 στρατείαις
1524 2425 1798 2489 πολλακις
1859 2427 2011 2503 ἐσχοο

345 2643 658 2717 agentibus
681 2645 954 2700 sacerdos
978 2644 1218 2716 quidam
1238 2646 1472 2702 nomine
1496 2650 1760 2716 Laceras,
1786 2663 1814 2704 ρ
1833 2651 2004 2720 gente

345 2737 401 2788 et
432 2733 558 2805 ipse
585 2731 1047 2789 voluntariorum
1071 2749 1085 2799 ;
1120 2733 1220 2805 qui
1244 2734 1342 2790 ubi
1368 2735 1438 2790 ad
1464 2740 1645 2808 portae
1667 2735 2002 2793 demolitio-

347 2837 480 2877 nem
511 2821 759 2878 viriliter
786 2825 1131 2894 cooperatus
1162 2822 1309 2895 ipsis
1344 2829 1519 2895 esset,
1577 2842 1818 2881 murum
1861 2841 1999 2898 con;

344 2910 576 2966 scendit
607 2926 740 2965 cum
766 2911 1021 2982 quodam
1052 2911 1296 2967 Glabato
1325 2913 1562 2968 nomine
1589 2917 1646 2969 et
1703 2913 1834 2969 aliis
1866 2914 2000 2970 reli-

346 3000 496 3071 quis.
526 3001 637 3055 Sed
671 3003 858 3055 terror
889 3015 1022 3056 cum
1053 3003 1251 3056 tantus
1302 3002 1731 3058 constrinxerat
1788 3008 1850 3058 ut
1909 3004 2000 3059 vix

348 3089 622 3161 expedire
648 3092 848 3160 posset
876 3104 1110 3157 vocem;
1147 3105 1474 3168 parumque
1505 3091 1705 3148 aberat
1761 3093 1902 3164 quin
1934 3110 1999 3149 ea

345 3175 408 3233 in
443 3177 714 3235 faucibus
755 3181 914 3233 metu
945 3179 1230 3234 exstincta
1260 3180 1539 3236 condicta
1557 3182 2003 3239 acclamationis

347 3269 588 3339 signum
625 3269 794 3326 edere
824 3269 1130 3340 nequiret:
1167 3287 1302 3326 nam
1335 3271 1512 3327 etiam
1546 3289 1776 3342 murus,
1837 3278 2002 3345 post-

347 3374 526 3430 quam
559 3358 619 3412 in
651 3373 786 3413 eum
818 3357 1101 3420 ascendit.
1134 3363 1382 3414 tremere
1411 3359 1524 3432 ipsi
1550 3361 2002 3433 utiqueturbato

345 3448 651 3504 videbatur
669 3451 725 3504 et
745 3451 906 3504 totus
927 3448 1177 3504 concuti.
1202 3449 1389 3514 Quare
1413 3457 1779 3522 opportunus
1797 3452 1847 3508 ei
1872 3469 2004 3508 con-

345 3537 638 3592 firmando
669 3535 781 3591 fuit
809 3535 1126 3592 comitatus
1155 3535 1427 3605 aliorum,
1452 3539 1552 3608 qui
1578 3539 1787 3596 misere
1807 3539 2002 3596 formi-

345 3628 584 3683 dantem
621 3642 713 3696 ne,
745 3624 926 3682 simul
956 3641 1156 3682 vocem
1187 3626 1479 3682 attolleret
1510 3627 1570 3682 in
1622 3629 1999 3685 constitutam

345 3716 829 3773 acclamationem
857 3718 1280 3788 Augustorum,
1315 3717 1386 3770 de
1419 3733 1588 3773 muro
1621 3718 1821 3774 statim
1854 3736 1999 3790 prae-

344 3821 481 3876 ceps
506 3805 756 3872 caderet,
777 3802 862 3858 sic
887 3801 1403 3858 adhortationibus
1428 3805 1689 3876 undique
1707 3805 2000 3862 instantes

348 3893 712 3960 animarunt,
737 3891 936 3963 sicque
969 3890 1360 3963 amplexando
1390 3893 1760 3965 tenendoque
1789 3911 1824 3950 a
1852 3911 2000 3950 vano

348 3983 609 4055 periculo
641 3979 849 4037 ruendi
879 3997 948 4036 ex
970 3979 1090 4036 alto
1113 3997 1386 4036 securum
1416 3981 1678 4037 fecerunt
1699 3987 1763 4038 ut
1801 3990 2004 4039 conari

346 4072 587 4128 tandem
621 4071 883 4138 auderet,
918 4086 984 4125 ac
1013 4073 1296 4125 tremente
1321 4071 1555 4141 quidem
1591 4071 2004 4129 intermortua-

349 4177 464 4232 que
494 4176 656 4230 voce,
690 4159 1014 4221 solemnem
1039 4157 1353 4214 formulam
1379 4159 1527 4216 bene
1570 4163 1847 4233 precandi
1879 4166 2002 4217 Au-

347 4251 540 4324 gustis
562 4254 862 4322 utcunque
885 4248 1311 4321 pronuntiaret.
1331 4249 1778 4321 Responderunt
1799 4252 2002 4309 statim

347 4341 448 4411 qui
474 4339 626 4394 143
652 4338 804 4394 infra
833 4354 1070 4393 murum
1102 4341 1287 4406 erant,
1319 4343 1375 4394 et
1403 4356 1601 4396 vocem
1627 4357 1880 4413 superne
1903 4358 2003 4398 ac-

348 4433 581 4502 ceptam
617 4427 1007 4500 multiplicem
1037 4427 1339 4483 robustius
1375 4429 1845 4500 frequentarunt,
1874 4448 2002 4503 qua:

347 4519 462 4576 late
485 4519 609 4590 jam
635 4517 904 4590 clareque
938 4517 1138 4573 audita
1169 4517 1270 4572 ubi
1300 4518 1585 4574 Caesarem
1619 4536 1754 4575 cum
1787 4521 1910 4577 suis
1943 4522 1999 4576 id

2109 557 2296 632 οχολῇ
2344 555 2706 635 προσέϐαλεν,
2759 556 2863 621 ἕως
2916 565 3018 629 τῆς
3087 561 3300 636 ἡμέρας
3376 562 3760 639 ὑπαυγασάσης

2102 647 2288 702 τέλεον
2342 650 2504 721 μάθοι
2553 651 2652 719 τήν
2685 647 2837 710 ἐντὸς
2875 647 3104 722 δύναμιν
3138 645 3540 726 ἀκριϐέστερον.
3573 659 3760 710 Μετα·

2106 730 2378 808 λαμϐάνει
2405 734 2462 791 δὲ
2491 739 2590 806 τὴν
2625 735 2832 792 δειλίαν
2864 737 3065 806 ταύτην
3116 734 3299 814 ἕτερος
3349 735 3608 815 θόρυϐος,
3639 743 3760 796 ἱκα-

2105 830 2210 880 νῶν
2248 825 2471 880 Ἰταλῶν
2507 827 2777 904 φανέντων
2810 825 2861 880 ἐν
2891 824 3090 888 ὅπλοις
3135 826 3224 881 καὶ
3273 828 3520 903 ἱσχυρῶς
3570 852 3760 906 φαινοο

2110 911 2282 986 μένων
2343 913 2492 989 ἔχειν
2569 915 2812 988 ἀμύνειν.
2868 915 3058 991 Ἐγγὺς
3116 914 3162 970 δ’
3220 913 3396 971 ἐλθεῖν
3463 917 3767 973 ἐκινδύνευε

2107 1000 2196 1058 διὰ
2240 1008 2407 1059 ταῦτα
2461 1002 2629 1059 πάλιν
2677 1005 2972 1079 τραπέσθαι
3017 1025 3075 1058 τε
3122 1004 3212 1060 καὶ
3257 1006 3358 1075 τὴν
3402 1007 3592 1082 πρᾶξιν
3634 1008 3763 1064 ἀνα-

2106 1086 2365 1155 ϐαλέσθαι
2400 1110 2412 1124 ’
2449 1089 2574 1147 οὐδὲ
2621 1092 2725 1170 γὰρ
2771 1093 2848 1156 εἷς
2901 1098 3087 1167 μάχην
3139 1093 3191 1149 οἷ
3234 1092 3566 1159 εἰσελθόντες
3618 1097 3765 1167 ἀξιό-

2106 1201 2256 1256 χρεῳ
2285 1181 2598 1256 ἐνομίζοντό
2630 1183 2703 1253 οἱ,
2739 1181 2904 1256 μόλις
2937 1181 3013 1244 εἲς
3062 1187 3251 1259 πεῖραν
3302 1185 3391 1238 καὶ
3440 1183 3613 1262 λόχον
3668 1186 3764 1261 ἀρ-

2105 1272 2375 1333 κέσοντες.
2409 1273 2489 1344 [Ρ.
2527 1274 2619 1345 93]
2665 1271 2844 1327 Ἀλλὰ
2891 1272 3260 1331 προστίθενται
3313 1271 3534 1338 τούτοις
3576 1273 3666 1330 καὶ
3711 1276 3763 1329 οἱ

2105 1356 2527 1432 θεληματάριοι,
2559 1362 2651 1414 καὶ
2683 1358 2870 1423 ἄλλως
2921 1362 3015 1433 μὲν
3061 1360 3354 1437 θαῤῥαλέοι
3406 1358 3576 1432 ὅντες,
3611 1363 3766 1436 ὅμως

2107 1443 2615 1502 δὲκ“ὁ““”
2709 1449 2774 1504 δλ
2907 1447 3026 1504 ·ί’“
3235 1451 3247 1470 ’
3433 1451 3447 1470 ‘
3622 1452 3635 1470 “

2245 1469 2295 1502 αι
2393 1469 2516 1524 περι
2548 1471 2656 1504 των
2783 1471 2855 1504 ων
2908 1467 3158 1513 κνουνος
3187 1471 3310 1505 τοτε
3359 1472 3450 1505 και
3500 1473 3644 1526 παρα
3700 1453 3765 1508 τὸ

2107 1534 2251 1597 εἰκὸς
2285 1542 2418 1614 σφᾶς
2465 1536 2639 1592 ἐποίει
2692 1535 3056 1612 ἀνδρίζεσθαι,
3091 1539 3164 1600 ὡς
3222 1540 3297 1611 μὴ
3344 1539 3766 1614 περιεσομένους

2110 1626 2168 1678 ἂν
2215 1630 2462 1698 κρατοῖεν
2524 1626 2824 1684 οἱἸταλοί.
2856 1631 2943 1700 Τῷ
2997 1648 3082 1682 τοι
3134 1627 3224 1681 καὶ
3272 1629 3622 1692 συσταθέντες
3673 1629 3764 1684 καὶ

2109 1713 2331 1776 ἑαυτοὺς
2392 1715 2715 1790 ἀρτύναντες
2766 1717 3016 1792 ἀντεῖχον
3066 1716 3156 1770 καὶ
3205 1723 3493 1792 περιῆσαν,
3545 1717 3767 1792 ὀλίγους

2113 1803 2204 1875 μὲν
2261 1800 2657 1877 ἀποϐαλόντες,
2697 1804 2887 1861 ἐνίκων
2941 1803 2999 1860 δὲ
3046 1805 3138 1862 καὶ
3189 1811 3644 1882 κατετροποῦντο,
3677 1810 3768 1862 καὶ

2108 1896 2250 1946 νῶτα
2324 1891 2566 1955 διδόντας
2636 1899 2716 1967 τῷ
2774 1894 2849 1956 εἷς
2907 1895 3080 1972 φυγήν
3147 1896 3444 1971 τραπέσθαι
3506 1893 3765 1952 ὑποδῦναι

2116 1981 2308 2044 σκότος
2365 1981 2604 2052 ἐποίουν,
2636 1981 2761 2046 ἔνθα
2816 1982 2878 2039 ἂν
2936 1983 3025 2038 καὶ
3079 1989 3322 2048 σωθεῖεν.
3356 1984 3496 2041 Τότε
3543 2005 3766 2062 τοιγαρ-

2116 2076 2207 2126 οῦν
2255 2072 2317 2125 τὸ
2369 2073 2463 2144 μὲν
2513 2073 2776 2127 Σκυθικὸν
2827 2069 3022 2143 ἀνέδην
3069 2078 3190 2135 ταῖς
3249 2072 3593 2129 σκυλεύσεσιν
3640 2075 3769 2130 ἐπε-

2118 2158 2410 2229 όάλοντος,
2440 2161 2530 2215 καὶ
2561 2160 2864 2232 ἀποθήκαις
2895 2165 3003 2216 τῶν
3049 2159 3335 2238 χρειωδῶν
3373 2163 3766 2238 προσπαίοντες

2117 2249 2471 2328 ἐνεφοροῦντο
2518 2254 2626 2305 τῶν
2676 2250 3001 2326 ἀναγκαίων.
3034 2253 3228 2322 ’Όμως
3262 2247 3319 2304 δέ
3368 2271 3430 2324 γε
3459 2251 3549 2306 καὶ
3599 2251 3766 2308 πάλιν

2115 2339 2254 2416 ἀμφὶ
2287 2339 2377 2392 τὸν
2409 2338 2654 2413 Καίσαρα
2686 2334 3037 2414 συνελὲγοντο
3063 2345 3162 2409 τῆς
3203 2339 3415 2414 ἡμέρας
3465 2339 3766 2411 πολλάκις,

2118 2428 2206 2483 καὶ
2235 2427 2735 2504 περιτειχιζόμενοι
2765 2432 2958 2483 τοῦτον
2993 2427 3291 2508 ἐφρούρουν
3331 2449 3390 2482 τε
3429 2431 3517 2485 καὶ
3567 2429 3764 2506 ἐφρου-

2113 2649 2622 2720 oppugnationum
2647 2649 2943 2720 periculis,
2977 2649 3232 2722 indeque
3253 2651 3534 2721 reputans
3583 2666 3763 2722 quam

2113 2736 2189 2792 sit
2218 2752 2432 2810 anceps
2463 2742 2520 2793 et
2549 2737 2849 2794 erroribus
2876 2737 3224 2810 perniciosis
3253 2737 3508 2794 obnoxia
3538 2753 3633 2795 res
3663 2755 3762 2795 ex-

2111 2826 2396 2898 gugnatio
2429 2825 2688 2897 urbium,
2705 2825 2956 2898 sapienti
2973 2827 3424 2883 cunctabundus
3441 2830 3597 2882 metu
3616 2843 3760 2882 non-

2113 2914 2226 2968 nisi
2257 2920 2426 2970 caute
2455 2931 2521 2970 ac
2571 2915 2936 2986 pedetentim
2983 2915 3358 2986 procedebat,
3417 2918 3765 2987 exspectans

2110 3002 2251 3057 dum
2301 3002 2501 3058 adulta
2542 3004 2668 3074 jam
2705 3003 2797 3060 die
2846 3004 3015 3074 plene
3065 3019 3132 3059 ac
3183 3006 3340 3058 certo
3391 3007 3768 3075 cognosceret

2109 3096 2392 3163 quantum
2418 3093 2578 3149 intus
2609 3097 2765 3150 esset
2794 3093 3118 3166 cepiarum.
3153 3092 3337 3156 Quam
3369 3093 3498 3164 ejus
3523 3109 3762 3166 progre-

2118 3181 2316 3237 diendi
2342 3182 2711 3239 timiditatem
2737 3183 2890 3238 alius
2905 3183 3183 3238 continuo
3205 3181 3497 3238 tumultus
3514 3182 3761 3255 excepit.

2118 3269 2280 3326 Italis
2308 3270 2578 3327 videlicet
2604 3276 2696 3328 sat
2722 3289 2936 3344 magno
2967 3287 3212 3327 numero
3242 3270 3664 3342 apparentibus
3703 3271 3762 3325 in

2113 3359 2294 3415 armis
2326 3377 2391 3415 ea
2423 3361 2616 3432 specie
2666 3365 2729 3417 ut
2759 3359 3077 3417 fortissime
3122 3359 3459 3415 viderentur
3485 3375 3589 3431 pro
3622 3360 3766 3416 urbe

2112 3447 2414 3504 liberanda
2444 3451 2783 3523 pugnaturi.
2819 3450 2886 3505 Hi
2917 3467 3050 3506 cum
3084 3465 3146 3506 se
3186 3447 3587 3504 admovissent
3628 3465 3764 3521 pro-

2115 3538 2247 3610 pius
2277 3539 2484 3594 Caesari
2515 3557 2723 3612 parum
2746 3539 2936 3597 abfuit
2963 3541 3106 3611 quin
3138 3538 3238 3594 ille
3281 3537 3540 3609 receptui
3585 3555 3762 3595 cane-

2115 3630 2204 3681 ret
2222 3643 2486 3704 opusque
2517 3627 3231 3701 relinqueretinceptum:
3287 3643 3403 3682 non
3458 3627 3614 3682 enim
3647 3627 3762 3698 ipsi

2113 3715 2480 3772 videbantur.
2515 3734 2660 3790 quos
2690 3719 2749 3773 in
2783 3719 2989 3774 urbem
3040 3717 3376 3787 induxerat,
3435 3715 3762 3772 resistendo

2114 3821 2306 3875 pares,
2336 3805 2550 3877 quippe
2579 3823 2728 3879 quos
2754 3807 2846 3862 vix
2871 3808 2942 3863 ad
2964 3807 3312 3863 tentandum
3337 3821 3406 3861 ex
3424 3804 3658 3862 insidiis
3681 3805 3767 3861 in-

2113 3891 2334 3948 sultum
2358 3894 2628 3951 sufﬁcere
2651 3895 2916 3968 putabat.
2937 3895 3153 3951 Verum
3176 3895 3248 3950 iis
3279 3909 3341 3949 se
3367 3894 3768 3966 adjunxerunt

2111 3981 2422 4038 voluntarii
2452 3983 2633 4040 fortes
2659 3983 2920 4056 alioquin
2949 3988 3008 4040 et
3028 3983 3177 4039 bello
3210 3983 3365 4051 boni,
3401 3987 3540 4038 tunc
3567 3988 3763 4039 autem

2112 4072 2453 4129 audaciores
2485 4073 2621 4129 facti
2655 4073 3006 4129 certitudine
3036 4071 3433 4144 impendentis
3486 4072 3632 4143 ipsis
3664 4088 3764 4127 ex-

2112 4161 2287 4217 tremi
2321 4162 2596 4234 periculi,
2628 4165 2782 4218 144
2813 4162 2864 4218 si
2897 4179 2991 4218 res
3022 4177 3088 4217 eo
3117 4159 3226 4216 loci
3251 4160 3504 4216 deducta
3532 4160 3766 4217 omitte-

2113 4254 2312 4307 retur:
2349 4267 2538 4323 neque
2568 4253 2725 4308 enim
2751 4254 2876 4308 erat
2905 4251 3152 4306 dubium
3184 4249 3349 4321 quin,
3392 4248 3442 4304 si
3489 4265 3554 4305 eo
3612 4249 3765 4321 peri-

2113 4339 2244 4395 culo
2275 4339 2603 4397 incolumes
2636 4341 2766 4397 Itali
2797 4341 3279 4412 defungerentur,
3328 4342 3566 4410 gentem
3623 4337 3769 4392 sibi-

2113 4429 2446 4499 obnoxiam,
2480 4447 2608 4503 quae
2641 4431 2803 4503 ipsos
2834 4434 2991 4486 esset
3053 4429 3294 4502 perdere
3351 4431 3581 4494 conata,
3641 4427 3767 4499 pari

2112 4519 2396 4589 exigenda
2427 4523 2546 4575 tam
2579 4520 2731 4576 acris
2750 4519 2975 4592 injuriae
2996 4518 3254 4575 vindicta
3277 4516 3542 4574 funditus
3567 4517 3766 4589 perde~

349 4609 549 4680 ipsum
583 4611 986 4678 exspectantes
1013 4607 1346 4673 admonuit,
1371 4607 1652 4664 exsiliunt
1681 4625 1748 4664 ex
1769 4609 2004 4666 insidiis
2036 4604 2084 4666 D
2115 4612 2262 4663 rent.
2287 4613 2575 4666 Coeuntes
2600 4610 3005 4682 igiturmagno
3024 4606 3766 4676 numeroinstruentesque

349 4702 407 4753 et
435 4696 657 4753 volucri
689 4695 980 4752 celeritate
1003 4698 1240 4750 ruentes
1271 4694 1342 4749 ad
1376 4699 1601 4766 portam
1636 4713 1737 4767 per
1757 4715 1885 4754 earn
1910 4716 2005 4756 oc-

351 4793 626 4859 cupatam
649 4785 816 4842 densi
835 4786 1113 4842 subeunt.
1137 4788 1292 4838 Hora
1314 4787 1439 4838 erat
1455 4783 1869 4843 dilucescentis
1893 4789 2010 4860 pri-

353 4875 586 4931 mulum
621 4874 1000 4947 diei,quando
1024 4872 1274 4945 ingressi
1294 4873 1500 4928 urbem
1524 4873 1741 4932 milites
1760 4877 2008 4934 Caesaris

351 4965 656 5021 incursare
676 4963 975 5036 regionem
1000 4962 1259 5036 primum
1284 4961 1512 5018 obviam
1536 4979 1601 5018 ac
1623 4963 1872 5036 diripere
1894 4983 2005 5022 cm-

351 5057 589 5126 perunt,
623 5052 944 5125 spoliantes
977 5055 1267 5124 quotquot
1297 5057 1689 5108 occurrerent.
1739 5056 1810 5110 At
1864 5056 2005 5129 Scy-

347 5143 524 5200 thicae
545 5143 744 5214 copiae,
769 5142 1048 5215 prudenti
1070 5157 1212 5197 sane
1225 5141 1488 5208 consilio,
1507 5141 1843 5200 militariter
1856 5145 2008 5201 ordi-

349 5239 502 5292 natae
525 5235 923 5307 perstiterunt,
947 5235 1360 5290 submoventes
1379 5232 1720 5291 afﬂuentem
1739 5237 2008 5309 ereliqua

347 5323 495 5380 urbe
527 5321 992 5389 multitudinem,
1020 5321 1209 5378 sicubi
1237 5325 1514 5377 coeuntes
1546 5321 1790 5393 quidam
1812 5326 2004 5381 consi-

347 5415 574 5467 sterent
594 5411 792 5482 cupidi
841 5409 1232 5484 cognoscendi
1283 5409 1426 5481 quid
1487 5414 1825 5482 gereretur:
1887 5430 2004 5471 non

345 5500 505 5557 enim
538 5500 713 5556 ﬁdem
749 5499 1042 5556 faciebant
1072 5499 1173 5571 qui
1221 5515 1344 5554 rem
1386 5502 1450 5554 ut
1481 5503 1607 5555 erat
1663 5503 2002 5559 narrabant.

346 5598 632 5648 Caeterum
664 5590 858 5648 Caesar
879 5590 1053 5663 longo
1085 5606 1194 5646 usu
1245 5606 1441 5645 rerum
1471 5589 1814 5648 bellicarum
1870 5596 2002 5651 edo-

350 5687 507 5753 ctus,
541 5695 813 5753 sazpequc
845 5696 909 5736 ac
941 5679 1040 5734 diu
1072 5683 1340 5737 versatus
1363 5678 1422 5734 in
1455 5679 1896 5751 expeditionum
1950 5689 2009 5741 et

2117 4714 2246 4754 sese
2276 4698 2335 4754 in
2359 4700 2542 4755 aciem
2561 4700 2793 4772 egregie
2818 4699 3202 4765 restiterumt,
3222 4697 3575 4766 tandemque
3598 4712 3664 4750 su
3674 4711 3770 4765 pe-

2118 4787 2324 4852 riores,
2339 4787 2543 4859 paucis
2562 4805 2801 4844 suorum
2819 4787 3078 4858 amissis,
3092 4786 3354 4841 vicerunt
3373 4785 3771 4855 fuderuntque

2116 4877 2341 4943 hostes,
2363 4881 2420 4932 et
2434 4881 2597 4950 tergo
2617 4881 2837 4934 vertere
2859 4875 3266 4949 compulsosin
3288 4873 3535 4930 latibula
3555 4872 3768 4943 cuique

2117 4969 2256 5021 nota
2287 4965 2721 5038 compulerunt,
2755 4967 2855 5022 ubi
2881 4966 3256 5024 tenebrarum
3287 4963 3569 5020 beneﬁcio
3588 4962 3770 5018 vitam

2117 5059 2440 5112 servarent.
2481 5055 2642 5112 Tunc
2668 5056 2907 5111 demum
2959 5071 3162 5112 secure
3193 5070 3257 5110 ac
3288 5053 3483 5126 palam
3543 5051 3770 5124 Scythae

2116 5145 2502 5216 congerendis
2529 5161 2598 5200 ex
2619 5145 2785 5200 hoste
2817 5145 3030 5217 praedis
3052 5143 3376 5216 spoliisque
3399 5158 3634 5216 operam
3666 5141 3770 5196 de-

2117 5232 2349 5302 derunt,
2368 5238 2426 5289 et
2445 5233 2504 5289 in
2527 5233 2840 5304 apothecas
2863 5249 3058 5289 rerum
3092 5233 3163 5289 ad
3183 5233 3401 5288 victum
3425 5236 3767 5304 paratarum

2114 5321 2484 5378 incurrentes
2517 5321 2894 5393 expleverunt
2924 5338 2985 5378 se
3006 5321 3136 5378 cibo
3157 5325 3440 5394 potuque,
3464 5319 3548 5376 sic
3571 5323 3769 5375 tamen

2116 5413 2181 5466 ut
2211 5428 2418 5467 rursus
2449 5409 2604 5466 circa
2635 5412 2918 5467 Caesarem
2956 5427 3018 5466 se
3049 5410 3306 5466 subinde
3352 5413 3774 5481 congregarent

2116 5500 2431 5573 ipsumque
2461 5499 2767 5568 vallarent,
2799 5516 2865 5555 ac
2887 5499 3147 5556 vicissim
3182 5499 3253 5555 ab
3283 5498 3414 5570 ipso
3466 5497 3773 5569 copiisque

2117 5607 2266 5662 quas
2297 5591 2547 5646 ducebat
2578 5593 3040 5662 protegerentur,
3073 5605 3139 5644 ac
3171 5590 3257 5645 sic
3281 5604 3509 5657 omnes,
3557 5585 3608 5642 si
3666 5587 3768 5658 qui

2116 5683 2187 5739 de
2219 5698 2365 5738 novo
2395 5679 2865 5737 adversariorum
2911 5683 3284 5753 apparerent,
3342 5694 3440 5734 eos
3499 5676 3773 5736 alacriter
