4112 6400
326 345 434 404 583

1639 332 1941 392 eaoaou
1979 314 2455 389 Heumann

3644 333 3747 390 584

330 474 542 547 ροῦντο,
576 471 670 540 ὡς,
704 465 758 523 εἷ’
780 486 921 528 τινες
957 467 1188 541 φανεῖεν.
1222 457 1603 521 εἴσϐαλοῦντες
1659 459 1976 533 προθύμως.
2009 467 2062 533 Α
2094 457 2374 533 σφετέραις
2427 453 2631 530 γυναιξὶ
2711 454 2800 506 καὶ
2883 452 3095 514 τέκνοις
3181 451 3699 529 κατοῤῥωδήσαντες
3733 476 3746 492 ⁸

329 544 391 619 Ὅ
448 559 507 615 δέ
552 579 612 633 γε
667 554 922 632 βασιλεὺς
966 551 1185 607 ἐκείνων
1241 554 1268 606 ὁ
1314 548 1665 618 ΒαΛδουῖνος,
1699 544 1986 622 ἐκπλαγεὶς

331 653 448 705 οἷον
489 646 723 709 ἀκούσας
774 645 864 700 καὶ
922 648 1028 697 τῶν
1080 645 1287 719 φρενῶν
1334 637 1435 711 ἔξω
1486 639 1799 713 γενόμενος,
1832 634 1988 691 οὐδὲν

333 738 461 795 ἀλλ’
490 738 525 807 ἢ
558 737 697 813 πρὸς
726 740 806 807 τῷ
837 738 1029 811 φυγεῖν
1061 732 1147 800 ἧν.
1182 731 1280 785 Καὶ
1314 727 1379 797 δὴ
1415 725 1734 784 καταλιπὼν
1776 727 1843 781 τά
1879 731 1985 780 τῶν

330 828 662 903 Βλαχερνῶν
697 822 965 897 ἀνάκτορα
1012 822 1085 882 ὡς
1134 819 1194 875 οὐ
1246 816 1472 883 δυνατῆς
1528 816 1796 886 δοκούσης
1850 814 1989 888 ἀμύ-

328 938 439 972 νειν
498 920 600 981 τῆς
656 920 781 989 γῆς,
834 909 1026 986 δρόμῳ
1085 914 1262 984 χωρεῖ
1311 907 1579 980 (ἐπίστευε
1623 907 1727 981 γὰρ
1775 909 1844 978 τῇ
1898 916 1990 968 θα-

330 1006 504 1079 λάσσῃ
534 1002 725 1077 πλέον)
759 1003 897 1075 πρὸς
937 1000 1000 1055 τὸ
1036 1001 1171 1072 μέγα
1215 995 1504 1065 παλάτιον,
1547 995 1636 1051 καί
1694 996 1768 1057 ὡς
1820 996 1988 1069 εἶχεν,

328 1096 484 1171 ἀφεὶς
536 1094 629 1167 μὶν
681 1089 1019 1164 καλύπτραν,
1055 1088 1211 1167 ἀφεὶς
1260 1085 1317 1141 δὲ
1367 1088 1455 1141 καὶ
1508 1085 1745 1155 σπάθην,
1776 1084 1845 1139 τά
1892 1090 1991 1152 τῆς

330 1184 494 1239 αὐτοῦ
530 1180 810 1257 βασιλείας
848 1174 1127 1252 σύμϐολα,
1160 1178 1254 1247 νη³ι
1303 1171 1540 1237 καταϐὰς
1593 1174 1832 1230 πιστεύει
1891 1174 1989 1241 τὴν

333 1271 626 1347 σωτηρίαν.
661 1273 775 1340 Τῆς
825 1268 1035 1343 ἡμέρας
1087 1264 1145 1321 δὲ
1194 1264 1397 1336 ταύτης
1446 1266 1500 1319 οἱ
1531 1271 1631 1334 τῆς
1679 1265 1990 1336 Ῥωμαϊκῆς

331 1360 640 1422 ἐπιστάντες
682 1358 963 1436 φάλαγγος
1004 1356 1083 1434 ἐφ’
1116 1356 1265 1428 ᾧπερ
1315 1355 1562 1428 εὑρήσειν
1614 1356 1703 1408 καὶ
1751 1354 1991 1425 καθέξειν

328 1452 419 1506 τὸν
461 1448 838 1525 βασιλεύοντα,
870 1454 971 1516 τῆς
1011 1452 1191 1521 φυγῆς
1237 1444 1484 1519 ἐχρῶντο
1537 1438 1867 1516 συμϐόλοις,
1901 1444 1990 1496 καὶ

332 1538 671 1615 ἀπεθαρῥουν
722 1534 893 1591 πλέον
943 1536 1187 1592 ἐντεῦθεν
1242 1531 1511 1605 δραπέτου
1558 1532 1846 1607 γεγονότος
1894 1536 1992 1586 τοῦ

331 1629 420 1684 ἐπὶ
471 1633 549 1701 τῷ
599 1626 890 1703 φυλάσσειν
942 1625 1296 1697 τεταγμένου,
1328 1624 1426 1691 τὴν
1478 1620 1534 1677 δέ
1583 1642 1645 1696 γε
1675 1620 1987 1696 καλύπτραν

331 1720 423 1774 καὶ
480 1717 542 1772 τὸ
592 1718 740 1794 ξίφος
786 1710 1149 1775 ἀναλαϐόντες
1199 1712 1458 1788 ἀπαρχὴν
1523 1711 1764 1787 αὐτάρκη
1824 1715 1993 1764 ταῦτα

332 1812 439 1861 τῶν
473 1806 608 1862 κατά
658 1805 823 1859 πόλιν
874 1803 1131 1881 λαφύρων
1182 1802 1272 1857 καὶ
1324 1802 1635 1877 ἀκροθίνιον
1681 1799 1984 1855 ἐποιοῦντο.

332 1898 434 1955 Καὶ
486 1897 598 1969 ἅμα
648 1899 877 1969 σημεῖον
1024 1866 1144 1956 τοῖς
1190 1891 1272 1946 ἐπ’
1317 1890 1509 1962 ἐκείνῳ
1570 1889 1862 1965 θαρροῦσιν
1915 1890 1989 1953 ὡς
2020 1866 2065 1931 Β

333 1984 491 2041 οὐδὲν
540 1984 739 2040 ἐκεῖθεν
797 1984 1179 2059 ἀγαπήσαντος
1237 1980 1455 2057 φεύγειν
1502 1979 1705 2054 ἔχοιεν.
1737 1978 1888 2034 Ἐπεὶ
1940 1976 1985 2031 δ’

333 2071 596 2130 ἔκπυστον
630 2072 838 2149 ἐγένετο
868 2076 933 2126 τῦ
964 2071 1231 2147 πραχθὲν,
1263 2069 1439 2123 αὐτῶν
1488 2088 1548 2143 γε
1590 2067 1680 2121 καὶ
1728 2064 1804 2122 ἔτι
1857 2087 1989 2120 κατ-

334 2164 660 2239 επτηχότων
710 2162 801 2217 καὶ
857 2163 933 2234 μὴ
979 2160 1231 2234 καθαρῶς
1279 2158 1643 2213 πιστευόντων
1722 2152 1867 2230 ἔχειν
1926 2156 1992 2209 τὰ

334 2254 388 2308 ἐν
453 2252 612 2327 χερσὶ
679 2250 1053 2326 κρατούμενα,
1103 2248 1404 2324 ἀφικνεῖται
1490 2246 1704 2319 ταχέως
1755 2244 1843 2299 καὶ
1902 2242 1991 2298 ἐπὶ

330 2341 460 2403 τοὺς
491 2342 613 2417 περὶ
646 2342 745 2409 τὴν
781 2336 1115 2414 Δαφνουσίαν
1164 2339 1322 2413 φήμη
1372 2356 1429 2409 γε
1480 2339 1611 2389 οὖσα
1648 2336 1735 2389 καὶ
1788 2333 1919 2397 Θεὸς
1955 2335 1989 2401 ἡ

332 2434 517 2508 φήμη,
551 2430 641 2485 καὶ
703 2429 798 2502 ἅμ’
854 2426 1092 2497 ἤκουσαν
1145 2425 1656 2503 διαπεφωνήκεσαν,
1690 2423 1814 2499 περὶ
1873 2427 1991 2483 ταῖς

331 2650 723 2705 adorirentur.
742 2649 1028 2704 Cisterum
1046 2647 1365 2718 imperator
1386 2644 1727 2700 Latinorum
1752 2642 1887 2699 Bald
1900 2642 1957 2699 ui

330 2756 444 2795 nus
475 2741 888 2795 consternatus
919 2736 1122 2793 audito
1154 2734 1319 2791 urbis
1350 2738 1530 2805 captae
1554 2750 1717 2800 casu,
1740 2737 1797 2789 et
1821 2748 1983 2787 men-

328 2829 409 2886 tis
436 2828 627 2900 impos
659 2827 869 2896 factus,
898 2824 1047 2881 nihil
1076 2825 1189 2880 nisi
1215 2826 1414 2896 fugam
1475 2824 1896 2879 meditabatur:
1932 2829 1986 2877 et

328 2917 531 2974 relicta
558 2916 720 2987 regia
766 2914 1244 2981 Blachernarum,
1300 2912 1563 2984 nihilque
1610 2912 1681 2967 ad
1733 2911 1984 2967 salutem

334 3008 459 3077 spei
490 3005 748 3076 amplius
777 3005 835 3060 in
868 3008 1025 3059 terra
1055 3002 1439 3067 constituens,
1473 3017 1649 3057 cursu
1683 3001 1987 3056 contendit

334 3098 407 3152 ad
434 3110 716 3167 magnum
744 3093 1026 3167 palatium
1047 3108 1060 3146 :
1081 3090 1230 3147 mari
1252 3091 1406 3147 enim
1431 3091 1563 3162 plus
1590 3091 1900 3159 ﬁdebat,et
1925 3094 1988 3144 ut

2096 548 2292 618 ’Όμως
2353 544 2617 619 έτάχυναν
2678 541 2959 612 ἐπιστῆναι
3018 544 3105 598 καὶ
3166 544 3243 607 ὡς
3297 545 3446 620 εἶχον
3490 546 3738 621 ἀμῦναι·

2096 636 2217 709 περὶ
2272 635 2374 709 γάρ
2431 635 2722 707 τριάκοντα
2760 633 2851 688 καὶ
2900 634 3058 707 πρὸς,
3095 634 3264 710 λόγος
3313 635 3451 715 ἔχει,
3514 646 3749 718 μακραῖς

2102 725 2255 778 ναυσὶ
2313 722 2571 797 μονήρέσί
2625 743 2684 777 τε
2728 722 2815 777 καὶ
2872 726 3118 799 τριήρεσι
3199 726 3335 781 κατὰ
3416 732 3751 807 Δαφνουσίας

2107 814 2433 889 χρήσασθαι.
2486 812 2713 874 Ταύταις
2784 812 3012 875 ἀπάσαις
3085 817 3550 890 ταχυναυτούσαις
3594 822 3751 890 ἠπεί-

2096 922 2258 975 γοντο
2308 902 2444 977 πρὸς
2503 903 2603 969 τὴν
2653 900 2841 971 πόλιν,
2893 904 3002 975 ἅμα
3054 902 3378 979 θαρροῦντες
3433 908 3522 961 καὶ
3567 914 3646 981 τῷ
3698 910 3755 965 ἐκ

2101 990 2354 1053 Σικελίας
2386 992 2623 1064 μεγίστῳ
2651 988 2838 1062 πλοίῳ
2869 989 3116 1052 πολλοὺς
3163 986 3350 1066 ἔχοντι
3399 995 3527 1061 τοὺς
3569 994 3757 1053 ἐπιϐἀο

2096 1100 2214 1148 τας,
2261 1079 2336 1141 ὡς
2399 1080 2489 1134 καὶ
2538 1080 2735 1141 αὐτοὺς
2802 1080 3120 1153 συναμύνειν
3179 1088 3259 1155 τῷ
3306 1084 3445 1160 γένει
3496 1088 3582 1141 καὶ
3634 1094 3751 1149 τοῖς

2098 1170 2339 1225 ἐπιοῦσιν
2400 1170 2570 1243 ὁμόσε
2628 1177 2854 1246 χωρεῖν.
2915 1169 3019 1227 Καὶ
3071 1173 3123 1225 οἱ
3171 1173 3265 1245 μὲν
3316 1173 3404 1229 ἐπὶ
3472 1178 3750 1241 τοιαύταις

2098 1257 2313 1314 ἐλπίσιν
2338 1259 2656 1335 ἠπείγοντο,
2684 1262 2767 1333 [Ρ.
2788 1262 2878 1333 94]
2922 1262 2949 1314 ὁ
2999 1258 3054 1315 δὲ
3088 1266 3289 1338 Καῖσαρ
3320 1266 3754 1341 προαισθόμενος

2097 1348 2305 1403 τούτων
2336 1350 2433 1417 τήν
2466 1344 2659 1423 ἔφοδον
2703 1348 2831 1413 τοὺς
2882 1350 3288 1423 Ῥωμαΐζοντας
3333 1354 3750 1429 προσκαλεῖται,

2100 1438 2152 1491 οἳ
2183 1439 2271 1492 καὶ
2304 1438 2377 1500 ὠς
2410 1440 2677 1510 Ῥωμαῖοι
2711 1438 2922 1501 ἐνόντες
2955 1436 3172 1502 ἄκοντές
3204 1462 3262 1495 τε
3294 1446 3599 1519 συνήργουν
3632 1453 3750 1509 τοῖς

2098 1530 2413 1603 ἡμετέροις.
2447 1529 2547 1584 Ἦν
2582 1527 2673 1583 οὖν
2705 1528 2828 1582 τότε
2859 1529 3061 1591 οἰκεῖος
3091 1532 3169 1601 τῷ
3228 1530 3547 1606 Βαλδουίνῳ
3597 1537 3749 1611 θερά-

2097 1638 2214 1671 πων
2258 1619 2285 1671 ὁ
2341 1616 2526 1687 Φύλαξ
2584 1616 2875 1691 λεγόμενος
2930 1620 3210 1691 Ἰωάννης,
3245 1621 3380 1697 ἀνὴρ
3441 1624 3603 1697 βαθὺς
3663 1627 3749 1681 καὶ

2097 1711 2194 1761 τοῦ
2244 1713 2460 1783 φρονεῖν
2512 1706 2567 1761 εὖ
2616 1708 2767 1776 ἥκων
2820 1709 2895 1769 είς
2925 1709 2987 1763 τὸ
3016 1709 3333 1784 ἀκρότατον,
3368 1712 3429 1773 ’ὀς
3477 1715 3565 1768 καὶ
3621 1716 3750 1790 βου-

2102 1796 2205 1865 λήν
2257 1797 2452 1871 εἰσάγει
2502 1799 2622 1852 τότε
2675 1798 2822 1869 μάλα
2871 1799 3083 1870 καιρίαν
3130 1800 3218 1853 καὶ
3261 1803 3341 1872 τῷ
3384 1808 3559 1877 καιρῷ
3590 1804 3754 1879 πρόσ-

2098 1908 2287 1964 φορον,
2321 1890 2382 1955 ἣν
2414 1886 2508 1941 κᾶν
2544 1887 2719 1950 ἄλλος
2750 1886 2976 1963 εἶ’σάγειν
3030 1889 3320 1959 ἀπώκνησε
3372 1892 3505 1967 πρὸς
3551 1894 3612 1947 τὸ
3658 1899 3751 1948 τοῦ

2097 1979 2421 2051 πράγματος
2451 1976 2703 2052 ὀΛέθριον
2767 1972 3109 2052 ἀποϐλέψας.
3145 1975 3323 2040 Εἰδὼς
3364 1982 3463 2055 γάρ
3516 1979 3752 2044 ἐκείνους

2104 2067 2453 2141 μαχομένους
2484 2065 2534 2136 ἐξ
2568 2064 2803 2142 ἀνᾶγκης
2844 2068 2931 2121 καὶ
2969 2068 3100 2142 ὑπὲρ
3133 2065 3359 2141 δύναμιν
3410 2070 3541 2146 ὑπέρ
3571 2093 3629 2126 τε
3658 2095 3753 2147 γυ-

2099 2158 2298 2208 ναικῶν
2330 2154 2420 2208 καὶ
2452 2154 2691 2224 γνησίων
2726 2152 2890 2209 οἷ’κων
2922 2176 2979 2208 τε
3010 2154 3098 2209 καὶ
3150 2156 3461 2231 περιουσίας
3516 2157 3751 2229 ἁπάσης,

2100 2244 2189 2297 καὶ
2248 2244 2372 2305 συὸς
2431 2245 2633 2318 τρόπον
2676 2242 3167 2314 ἐπιτεθησομένους
3221 2245 3352 2318 ὑπὲρ
3398 2246 3570 2302 αὐτῶν
3615 2248 3755 2304 ὥστε

2100 2334 2135 2402 ἢ
2162 2333 2543 2407 περιγενέσθαι
2574 2336 2609 2403 ἢ
2646 2334 2753 2405 μὴν
2793 2338 2972 2388 πεσεῖν
3027 2334 3291 2401 εὐκλεῶς,
3328 2332 3610 2402 εὐϐούλως
3655 2360 3749 2410 με·

2108 2421 2246 2495 ρίζει
2295 2422 2393 2490 τήν
2438 2422 2655 2497 χρείαν,
2693 2424 2783 2477 καὶ
2833 2427 2939 2499 πῦρ
2990 2424 3083 2497 μὶν
3118 2419 3378 2497 ἐμϐαλεῖν
3417 2426 3754 2500 ὑποτίθεται,

2098 2642 2383 2713 fractique
2414 2642 2630 2699 animis
2661 2647 2802 2698 sunt
2836 2643 3074 2699 horrore
3096 2644 3458 2702 discriminis
3482 2650 3753 2717 extremi,

2096 2732 2154 2786 in
2188 2747 2303 2803 quo
2332 2732 2553 2787 versari
2585 2732 2888 2788 carissima
2920 2732 3169 2805 pignora
3191 2733 3512 2792 liberorum
3547 2740 3753 2809 conju-

2095 2836 2354 2893 gumque
2376 2822 2731 2878 sentiebant.
2765 2822 2953 2887 Quare
2986 2838 3191 2879 omnes
3226 2840 3339 2880 uno
3365 2825 3589 2897 impetu
3635 2829 3751 2883 sol-

2093 2916 2260 2981 vunt,
2294 2926 2596 2967 occurrere
2619 2912 2688 2966 ad
2722 2912 3123 2967 defensionem
3158 2912 3567 2972 autultionem
3592 2917 3754 2973 festi-

2097 3004 2326 3057 nantes.
2360 3002 2544 3056 Aiunt
2569 3000 2817 3057 classem
2854 3002 3197 3058 Latinorum
3230 3004 3302 3059 ad
3348 3003 3751 3076 Daphnusiam

2098 3088 2279 3145 fuisse
2306 3090 2540 3145 navium
2558 3088 2863 3163 longarum
2881 3090 3369 3163 circitertriginta
3393 3093 3749 3151 uniremium

329 3190 473 3254 erat,
495 3185 716 3241 amisso
740 3183 950 3255 capitis
970 3182 1229 3255 tegmine
1257 3182 1600 3254 abjectoque
1621 3181 1986 3253 ense,ipsius
2019 3183 2060 3251 C
2100 3181 2200 3233 aut
2229 3178 2579 3234 triremium.
2615 3178 2837 3242 Quibus
2872 3179 3098 3235 cunctis
3129 3184 3248 3236 toto
3281 3180 3494 3253 impetu
3523 3183 3592 3237 ad
3650 3200 3749 3237 ur—

329 3274 667 3347 insignibus
698 3272 950 3346 imperii.
979 3272 1109 3327 navi
1142 3272 1356 3342 raptim
1382 3287 1713 3327 conscensa:
1735 3270 1986 3325 salutem

329 3364 596 3421 credidit.
617 3365 699 3420 Ea
721 3380 892 3435 porro
917 3362 1010 3418 die
1033 3363 1212 3417 duces
1238 3361 1518 3416 Romanae
1532 3360 1987 3433 phalangis,quo

331 3454 586 3510 militum
621 3453 818 3509 studia
839 3452 1217 3507 incenderent
1248 3452 1319 3505 ad
1370 3450 1845 3521 investigandum
1891 3465 1987 3503 ca-

329 3544 733 3615 piendumque
756 3542 1095 3597 Latinorum
1116 3540 1554 3611 imperatorem,
1580 3539 1773 3611 palam
1798 3542 1988 3594 osten-

329 3637 530 3689 tarunt
551 3630 782 3702 imperii
813 3631 945 3701 ejus
976 3628 1256 3701 insignia,
1288 3645 1417 3700 quas
1444 3629 1599 3699 quod
1633 3628 1690 3683 in
1724 3628 1985 3685 hostium

330 3738 541 3777 manus
564 3720 866 3776 venissent
888 3718 1115 3790 judicio
1146 3722 1317 3774 erant
1338 3718 1563 3789 fugisse
1596 3718 1817 3790 ipsum.
1853 3717 1988 3781 Quae

328 3826 422 3867 res
454 3809 630 3867 etiam
662 3808 894 3865 valebat
924 3810 995 3864 ad
1026 3809 1332 3880 augendos
1366 3808 1515 3863 145
1551 3806 1830 3864 Romanis
1858 3808 1985 3863 ani-

332 3916 483 3968 mos,
516 3899 721 3971 utique
752 3897 853 3969 qui
885 3898 1151 3954 viderent
1182 3897 1319 3953 inde
1351 3914 1466 3953 non
1520 3897 1762 3953 difficile
1810 3912 1984 3967 nego-

328 3990 481 4046 tium
513 3991 734 4045 restare
764 3985 1129 4043 absolvendas
1148 3986 1599 4059 expugnationis
1623 3986 1786 4042 urbis
1807 4001 1983 4057 quam

330 4076 381 4132 is
410 4076 505 4133 cui
537 4075 772 4149 proprie
801 4074 1179 4131 incumbebat
1200 4089 1267 4130 ex
1289 4074 1481 4131 ofﬁcio
1506 4072 1656 4129 tueri
1682 4088 1747 4129 ac
1768 4088 1986 4143 propu-

323 4181 504 4237 gnare
538 4166 893 4221 deseruerat.
928 4164 1187 4235 Tegmen
1220 4178 1358 4235 ergo
1388 4162 1618 4234 regium
1664 4160 1875 4232 capitis
1929 4166 1988 4215 et

324 4270 523 4311 ensem
547 4253 923 4325 imperatoris
938 4252 1217 4324 fugientis
1240 4255 1527 4323 tanquam
1544 4250 1837 4322 primitias
1860 4267 1988 4322 spo-

328 4346 542 4401 liorum
576 4343 740 4399 urbis
771 4346 951 4413 captaa
980 4346 1037 4396 et
1065 4342 1323 4397 votivum
1349 4339 1667 4395 anathema
1689 4356 1989 4396 consecra-

326 4437 468 4490 runt
482 4431 677 4504 palam
710 4431 1131 4502 appendentes,
1166 4429 1224 4483 id
1254 4444 1491 4500 quoque
1522 4429 1895 4484 consecuturi
1924 4434 1989 4485 ut

328 4524 442 4580 isto
475 4521 809 4595 spectaculo
841 4518 1058 4574 fiducia
1089 4519 1284 4575 omnis
1324 4518 1660 4589 Byzantinis
1691 4523 1985 4574 excutere-

330 4621 444 4684 tur,
478 4612 525 4667 si
552 4626 731 4683 quam
752 4609 811 4664 in
835 4609 1178 4664 Latinorum
1204 4608 1415 4680 opibus
1438 4612 1721 4680 tanquam
1755 4609 1981 4664 idoneis

330 4704 401 4759 ad
436 4703 596 4774 ipsos
624 4699 1024 4755 defendendos
1056 4696 1447 4753 collocassent
1476 4713 1488 4750 :
1547 4696 1646 4768 qui
1707 4698 1861 4752 enim
1916 4698 1986 4751 ab

338 4792 556 4863 iisjam
587 4789 703 4845 tale
734 4803 971 4861 sperare
999 4790 1239 4859 possent
1270 4802 1401 4842 cum
1433 4802 1634 4841 eorum
1662 4786 1986 4857 principem

335 4896 499 4953 spem
533 4897 651 4935 suas
682 4878 874 4950 ipsius
906 4876 1120 4932 salutis
1151 4877 1306 4931 ultro
1336 4876 1394 4929 in
1426 4876 1564 4947 fuga
1614 4876 1989 4931 constituisse

328 4974 634 5026 cernerent
660 4968 687 5022 ‘I
717 4966 947 5022 Accidit
977 4970 1172 5020 autem
1205 4981 1273 5020 ea
1296 4981 1389 5019 res
1446 4969 1567 5019 tam
1627 4964 1798 5034 mira,
1855 4981 1986 5019 cum

328 5058 564 5128 vulgata
597 5061 707 5126 est,
738 5059 803 5110 ut
831 5054 943 5125 ipsi
978 5053 1219 5110 Romani
1244 5053 1490 5107 victores
1513 5052 1991 5124 inopinatissima

329 5161 639 5201 successus
662 5144 915 5198 novitate
934 5142 1247 5214 stupefacti
1270 5141 1361 5196 vix
1384 5141 1635 5212 propriis
1660 5141 1842 5197 oculis
1866 5159 1986 5198 crc-

330 5237 556 5301 derent,
583 5249 648 5287 ac
671 5249 733 5288 se
757 5249 884 5303 quis
905 5232 1182 5287 manibus
1206 5232 1483 5287 tenebant
1504 5246 1652 5302 aegre
1674 5233 1987 5302 persuade-

327 5328 533 5381 rentur
563 5323 885 5395 possidere.
924 5322 1249 5378 Pervolavit
1301 5327 1496 5377 autem
1553 5321 1856 5379 celerrime
1913 5325 1985 5379 ad

329 5415 567 5471 Latinos
589 5410 986 5484 Daphnusiam
1008 5416 1415 5482 Oppugnantes
1433 5413 1613 5483 captaa
1630 5412 1793 5468 urbis
1808 5414 1985 5482 fama,

327 5518 459 5559 vere
490 5502 669 5569 fama,
700 5500 808 5555 hoc
840 5503 931 5554 est
962 5499 1229 5554 divinum
1261 5514 1368 5555 nec
1424 5500 1683 5556 humano
1726 5501 1985 5558 delatum

333 5592 663 5648 ministerio
687 5588 959 5662 judicum
993 5604 1124 5643 cum
1158 5588 1349 5643 adhuc
1380 5606 1474 5644 res
1505 5590 1667 5645 fieret
1716 5591 1985 5664 divulge-

332 5686 458 5737 tum
492 5680 715 5754 procul.
742 5678 832 5734 Illi
858 5676 1034 5734 simul
1057 5676 1392 5747 audierunt,
1420 5677 1594 5733 simul
1624 5682 1981 5737 consternati

2098 3268 2225 3323 bem
2262 3268 2617 3337 ferebantur,
2656 3268 2899 3324 fidentes
2931 3269 3103 3324 etiam
3123 3271 3386 3326 oneraria
3407 3287 3529 3342 quae
3553 3272 3748 3327 aderat

2096 3374 2162 3412 ex
2179 3358 2377 3413 Sicilia
2393 3357 2667 3427 maxima,
2696 3358 2965 3429 plurimis
2989 3364 3203 3415 onusta
3232 3361 3585 3429 vectoribus,
3610 3378 3752 3433 quo-

2096 3464 2227 3501 rum
2262 3447 2529 3501 auxiliari
2561 3463 2737 3518 opera
2768 3464 2870 3518 pro
2904 3450 3337 3505 necessitudine
3358 3451 3593 3522 generis
3618 3468 3757 3506 usu-

2097 3553 2192 3592 ros
2225 3551 2285 3591 se
2321 3553 2433 3591 non
2470 3537 2823 3592 dubitabant
2854 3536 2913 3591 in
2946 3538 3167 3610 praelio,
3228 3539 3276 3594 si
3328 3540 3763 3595 decernendum

2096 3626 2263 3681 foret.
2305 3626 2402 3681 llis
2424 3626 2509 3679 illi
2538 3626 2755 3698 spebus
2780 3626 3023 3682 animati
3051 3628 3460 3699 procedebant.
3488 3630 3767 3686 AtCazsar

2096 3715 2376 3769 infestum
2412 3732 2614 3770 eorum
2646 3717 2959 3771 adventum
3022 3718 3401 3787 praesentiens
3460 3719 3756 3774 Romanos

2097 3804 2195 3874 qui
2230 3804 2339 3860 sub
2376 3804 2537 3860 Italis
2569 3805 2627 3859 in
2661 3805 2805 3860 urbe
2836 3806 3222 3861 constiterant
3252 3811 3551 3878 convocat,
3572 3811 3629 3863 et
3650 3809 3754 3863 ad-

2097 3894 2351 3949 monitos
2374 3894 2618 3966 originis
2642 3895 2901 3950 volentes
2921 3894 3189 3951 nolentes
3215 3895 3413 3968 adegit
3432 3896 3503 3952 ad
3529 3904 3755 3953 nostras

2098 3999 2202 4054 pro
2232 3983 2384 4038 virili
2411 3984 2704 4054 juvandas
2738 3989 2951 4055 partes.
2989 3984 3143 4040 146
3166 3985 3295 4041 Erat
3326 3990 3470 4041 tunc
3502 3986 3756 4042 familia-

2098 4073 2180 4128 ris
2210 4072 2480 4129 Balduini
2516 4072 2787 4129 minister
2831 4074 3090 4131 Joannes
3145 4074 3354 4147 Phylax
3384 4075 3501 4131 sive
3560 4079 3762 4131 custos

2097 4164 2313 4229 dictus,
2348 4162 2625 4235 profundi
2668 4163 2761 4218 vir
2818 4164 3060 4235 ingenii,
3117 4165 3470 4236 solertiaque
3519 4182 3759 4221 summa

2098 4253 2402 4323 praeditus.
2428 4253 2482 4307 Is
2505 4252 2818 4309 consilium
2844 4253 3548 4326 suggessitopportunum
3574 4259 3629 4310 et
3650 4254 3756 4310 tali

2099 4358 2293 4397 rerum
2328 4342 2574 4398 articulo
2606 4342 3011 4410 utilissimum,
3046 4344 3334 4412 ejusmodi
3369 4348 3559 4399 tamen
3598 4345 3753 4415 quod

2101 4447 2271 4486 nemo
2307 4432 2458 4487 alius
2490 4437 2727 4504 prOpter
2756 4433 2885 4503 ejus
2937 4432 3333 4504 perniciosam
3393 4433 3754 4489 atrocitatem

2098 4520 2481 4576 sustinuisset
2507 4537 2847 4591 proponere.
2886 4522 3275 4579 Considerans
3307 4523 3462 4578 enim
3511 4539 3609 4579 eos
3654 4524 3759 4594 qui

2096 4627 2164 4665 cx
2196 4608 2541 4680 Daphnusia
2572 4610 2865 4681 desperati
2914 4626 3109 4666 serum
3162 4611 3292 4666 urbi
3346 4613 3473 4682 jam
3514 4612 3758 4684 perdita:

2100 4699 2380 4755 auxilium
2416 4699 2703 4769 ferebant,
2736 4700 2973 4755 caritate
3006 4700 3207 4771 utique
3231 4701 3549 4757 liberorum
3583 4718 3648 4757 ac
3670 4700 3758 4756 la-

2100 4790 2273 4854 rium,
2310 4788 2530 4843 ultimae
2562 4790 2770 4845 adactu
2799 4790 3163 4845 necessitatis
3186 4805 3367 4861 supra
3388 4791 3560 4859 vires,
3587 4808 3757 4863 apro-

2100 4894 2232 4932 rum
2267 4878 2455 4933 instar
2486 4879 2638 4933 intra
2669 4894 2866 4934 casses
2901 4880 3121 4935 frustra
3153 4880 3572 4951 frendentium,
3606 4881 3757 4936 fero-

2102 4968 2189 5022 cia
2221 4966 2368 5022 nihil
2401 4967 2513 5024 nisi
2547 4970 2603 5023 in
2637 4968 2821 5023 cladis
2855 4967 3158 5024 cumulum
3192 4985 3325 5024 cum
3352 4969 3530 5025 exitio
3562 4969 3756 5041 gentis

2101 5058 2430 5127 profectura
2460 5062 2849 5129 pugnaturos,
2884 5058 3101 5131 quippe
3132 5058 3495 5114 irrevocabili
3523 5064 3758 5114 ruentes

2099 5146 2397 5217 proposito
2426 5152 2527 5203 aut
2555 5148 2847 5217 vincendi,
2882 5150 3033 5219 quod
3069 5149 3192 5204 ﬁeri
3228 5165 3340 5203 non
3392 5152 3611 5221 posset,
3656 5155 3762 5203 aut

2099 5236 2416 5291 honorifice
2443 5238 2687 5291 cadendi
2717 5238 2955 5304 ;videns
2984 5238 3109 5308 hoc,
3137 5237 3403 5309 inquam,
3426 5242 3482 5295 et
3503 5237 3759 5310 sapienti

2098 5326 2341 5382 consilio
2377 5327 2695 5382 decernens
2739 5328 3089 5384 necessariis
3146 5328 3376 5383 afflictae
3436 5327 3759 5400 improvisa

2098 5414 2261 5471 clade
2285 5415 2621 5487 reipublicae
2644 5417 2853 5473 usibus
2879 5417 3010 5473 illas
3033 5416 3314 5488 reliquias
3338 5432 3591 5487 servare,
3612 5416 3756 5472 sub-

2087 5505 2416 5574 jiciendum
2448 5522 2549 5576 per
2574 5506 2777 5562 urbem
2816 5506 3005 5578 ignem
3038 5506 3312 5563 domibus
3340 5506 3545 5562 suasit.
3572 5506 3755 5577 Cujus

2096 5594 2253 5650 mira;
2282 5595 2700 5665 propositionis
2734 5596 2990 5651 rationes
3022 5596 3181 5650 hunc
3215 5595 3330 5650 fere
3390 5595 3449 5650 in
3512 5596 3753 5650 modum

2095 5684 2492 5739 subducebat:
2520 5684 2784 5741 Flamma
2814 5684 2869 5740 in
2910 5684 3061 5741 aedes
3092 5685 3302 5757 injecta
3335 5689 3758 5742 consumetso-
