4112 6404
328 389 438 446 585

1393 389 1482 442 DE
1521 386 1888 442 MICHAELE
1932 383 2375 441 PALEOLOGO
2413 386 2546 440 LIB.
2587 389 2660 439 II.

3644 397 3752 455 [86

333 515 409 577 ὡς
458 511 809 586 καυσομένων
867 512 959 567 καὶ
1019 511 1181 568 οἷ’κων
1230 514 1321 568 καὶ
1367 514 1627 589 περιττῆς
1675 509 1765 565 καὶ
1810 509 1990 585 ἀρχή·
2020 510 2074 576 Α
2106 508 2446 581 παρεκάλουν
2492 509 2619 572 τοὺς
2666 507 2768 581 ἕξω
2816 513 3121 585 θεωμένους
3168 512 3235 569 τὰ
3283 512 3559 590 δρώμενα.
3611 522 3753 579 Τότε

332 627 463 660 στου
494 604 653 675 ὕλης,
686 607 961 679 γυναικῶν
991 601 1049 658 δὲ
1094 603 1185 659 καὶ
1234 600 1443 659 παίδων
1490 601 1541 672 ἐξ
1588 602 1823 677 ἀνάγκης
1872 596 1988 653 δια-

333 694 727 773 φυλαξομένων
760 698 840 766 τῷ
871 691 1185 769 ἐκδραμεῖν,
1236 688 1347 749 ἔστι
1394 691 1439 748 δ’
1492 691 1553 747 οῦ
1596 691 1687 746 καὶ
1721 684 1989 765 φυλαξόν-

330 806 441 839 των
497 784 587 858 καί
642 805 763 839 τινα
818 790 918 853 τῆς
975 784 1214 858 καθαρᾶς
1263 783 1353 837 καὶ
1408 783 1484 845 εἷς
1536 779 1776 836 πλοῦτον
1823 776 1987 848 ὕλης,

334 855 578 935 ἐκείνους
608 870 655 928 δ’
704 871 762 927 ἐκ
808 876 955 942 νηῶν
988 855 1203 934 ἰδόντας
1236 872 1367 947 πυρὶ
1405 869 1730 945 μέν’,οἷ¹κους
1780 868 1988 941 ἀμαθυ-

331 963 625 1037 νομένους,
684 967 944 1037 γυναῖκας
998 959 1056 1016 δὲ
1103 962 1191 1016 καὶ
1237 960 1433 1023 παῖδας
1470 961 1565 1024 τὰς
1595 965 1787 1034 χεῖρας
1818 955 1987 1011 ἐκτεί-

330 1072 523 1113 νοντας
583 1052 660 1115 εἰς
713 1048 1027 1123 ἀντίληψιν,
1083 1055 1190 1104 τῶν
1256 1051 1348 1123 μὲν
1386 1046 1655 1125 ὑπεριδεῖν
1689 1047 1764 1109 ὠς
1800 1044 1989 1119 μηκέτ’

890 1138 930 1163 δ’

330 1139 529 1213 ὅντων,
590 1142 827 1203 ἐκείνους
886 1138 930 1196 δ’
992 1140 1234 1211 ἐκζητεῖν
1292 1142 1383 1196 καὶ
1429 1141 1639 1210 σώζειν,
1699 1139 1786 1194 καὶ
1845 1136 1988 1191 οὕτω

330 1230 494 1309 χάριν
525 1231 654 1296 τοῦς
684 1229 931 1293 διδόντας
974 1230 1175 1286 τιθέναι
1206 1236 1323 1293 τοῖς
1374 1231 1710 1300 ἐκζητοῦσιν,
1762 1228 1988 1301 ἀγαπω-

330 1346 412 1379 σιν
446 1324 492 1379 εἰ
526 1323 678 1378 αὐτοὶ
733 1323 822 1376 καὶ
852 1327 1103 1396 γυναῖκες
1153 1321 1241 1375 καὶ
1289 1322 1452 1376 τέκνα
1509 1322 1793 1388 σώζοιντο.
1837 1320 1986 1375 Εἶναι

326 1417 431 1491 γὰρ
465 1413 514 1486 ἐξ
567 1415 790 1485 ἑτοίμου
837 1411 1053 1472 τούτοις
1102 1412 1316 1472 καὶτὰς
1346 1412 1594 1485 τριήρεις
1655 1406 1987 1480 ὑποδεξομέο

324 1525 423 1566 νας
452 1504 515 1557 τὸ
544 1500 784 1573 πλῆθος,
845 1500 941 1555 κᾶν
996 1498 1166 1555 ἄλλοι
1199 1498 1433 1568 Θέλοιεν,
1486 1499 1577 1553 καὶ
1630 1498 1814 1559 αὐτοῖς
1850 1495 1986 1572 ἐφιέ-

326 1612 435 1650 ναι·
470 1594 631 1661 ἱκανή
663 1593 764 1667 γὰρ
794 1594 829 1661 ἡ
882 1591 933 1645 ἐν
988 1590 1245 1654 Σικελίας
1290 1594 1418 1651 ναῦς
1469 1587 1664 1650 αὐτοὺς
1716 1585 1987 1662 ὑποδέχε-

330 1696 475 1748 σθαι.
510 1682 668 1740 Οῦτω
697 1688 797 1750 τῆς
836 1678 1044 1755 βουλῆς
1078 1679 1336 1755 ῥηθείσης
1384 1678 1471 1733 καὶ
1506 1678 1708 1751 ἀγαθῆς
1734 1675 1984 1746 δοξάσης,

327 1772 417 1828 καὶ
455 1769 669 1844 μᾶλλον
700 1770 944 1844 ἀντέχειν
983 1769 1060 1841 μὴ
1114 1766 1302 1843 ἔχουσι
1336 1766 1425 1821 διὰ
1473 1768 1571 1835 τήν
1621 1771 1726 1821 τῶν
1775 1763 1983 1840 ἀνδρῶν

2853 600 3014 620 ναν

2100 596 2184 688 δὴ,
2217 599 2305 654 καὶ
2355 599 2407 654 ἐν
2460 600 2745 676 ἀμηχανίᾳ
2785 607 2882 657 τοῦ
2915 600 3043 678 δρᾷν
3072 626 3125 659 τι
3152 604 3437 681 γενόμενοι
3472 608 3599 683 (εἷίςε
3646 612 3750 688 γὰρ

2098 687 2324 757 ἀνύοιεν,
2387 690 2447 743 οὐ
2501 692 2683 753 καλῶς
2740 687 2886 767 ἔχειν
2950 692 3151 756 αὐτοὺς
3210 700 3625 775 γυμνωθέντας,
3659 687 3749 757 καὶ

2098 774 2211 852 ἅμα
2266 776 2515 833 κινδύνου
2567 786 2687 841 τοῖς
2744 783 3021 858 σφετέροις
3072 783 3420 859 ἐπικειμένου
3455 806 3467 820 ·
3530 774 3637 845 εἷίτε
3695 789 3753 846 δὲ

2094 868 2185 921 καὶ
2250 869 2325 941 μὴ
2374 874 2587 941 νικῷεν,
2644 869 2849 933 τελέως
2889 871 3075 935 αὐταῖς
3131 875 3338 948 γυναιξὶ
3397 878 3486 932 καὶ
3538 879 3749 946 τέκνοις

2098 954 2336 1029 ὀλέσθαι)
2370 960 2505 1033 πρὸς
2561 959 2763 1013 ἱκεσίαν
2813 959 3126 1035 τρέπονται,
3185 963 3275 1017 καὶ
3331 967 3459 1031 τοὺς
3512 968 3748 1034 οἰκείους

2100 1044 2247 1118 μάλα
2279 1052 2493 1122 θερμῶς
2542 1048 2892 1121 ἐξαιτοῦνται,
2935 1050 2979 1104 εί
3033 1053 3125 1123 μὲν
3184 1053 3501 1128 βούλονται,
3534 1057 3746 1133 σύναμα

2094 1135 2182 1189 καὶ
2212 1142 2328 1197 τοῖς
2361 1142 2606 1210 περιοῦσι
2657 1140 2991 1215 πράγμασιν,
3045 1141 3088 1194 εἰ
3122 1139 3168 1196 δ’
3216 1141 3333 1212 οὖν,
3380 1145 3506 1201 ἀλλ’
3545 1145 3744 1224 αὔταρ-

2094 1246 2181 1286 κες
2232 1227 2365 1279 εἶναι
2412 1226 2632 1291 τούτοις
2685 1229 2746 1282 τὸ
2792 1232 2899 1291 σῶς
2944 1225 3242 1286 ἀπολαϐεῖν
3290 1232 3419 1296 τοὺς
3464 1237 3742 1312 γνησίους.

2094 1314 2225 1369 Τότε
2249 1316 2431 1370 τοίνυν
2485 1314 2631 1371 δεινά
2660 1338 2717 1371 τε
2760 1317 2849 1371 καὶ
2895 1318 3123 1393 σχέτλια
3179 1319 3485 1396 ἐτελοῦντο,
3520 1326 3747 1402 μέγιστα

2096 1404 2168 1456 ῶν
2204 1400 2322 1477 ὄψει
2355 1404 2443 1458 καὶ
2495 1405 2637 1479 ἀκοῇ
2688 1406 3021 1481 παρειλήφει
3066 1430 3147 1471 τις
3200 1413 3279 1483 [Ρ.
3332 1414 3445 1487 95]·
3496 1400 3745 1489 γυναῖκες

2096 1493 2199 1569 γὰρ
2233 1489 2544 1567 ἀνύϐριστοι
2576 1497 2664 1549 καὶ
2718 1497 2976 1571 παρθένοι
3012 1499 3095 1574 ὑφ’
3128 1499 3202 1554 ἑνὶ
3246 1506 3465 1575 χιτῶνι,
3517 1501 3749 1582 διερρω-

2096 1582 2216 1657 γότι
2247 1583 2336 1637 καὶ
2362 1585 2559 1657 τούτῳ,
2591 1590 2707 1647 τοῖς
2748 1590 2976 1660 τυχοῦσι
3025 1588 3543 1663 περιστελλόμεναι,
3593 1594 3749 1665 νηλί-

2095 1694 2218 1734 ποις
2250 1672 2404 1727 ποσὶν
2441 1674 2542 1727 ὑπὸ
2575 1672 2802 1729 πολλῶν
2837 1671 3020 1749 ὄψεσιν
3052 1675 3264 1751 ἀτίμως
3309 1680 3446 1754 πρὸς
3493 1682 3619 1744 τοὺς
3668 1684 3751 1739 οἷ-

2094 1761 2274 1823 κείους
2324 1761 2548 1835 ἐξέθεον.
2604 1764 2702 1819 Καὶ
2765 1762 2915 1826 δίκας
2964 1764 3195 1821 ἐτίννυον
3244 1765 3495 1846 ἄντικρυς
3548 1771 3749 1828 Ἰταλοί

328 1860 649 1936 ὀλιγότητα,
706 1864 813 1935 πῦρ
874 1859 1175 1935 ὑιράπτουσι
1225 1856 1530 1932 παραυτίκα
1578 1857 1717 1910 ὅπου
1771 1853 1984 1928 μᾶλλον
2020 1890 2063 1954 Β
2096 1849 2167 1904 ὦν
2228 1851 2421 1905 ἐκεῖνοί
2467 1873 2599 1907 ποτε
2648 1854 2783 1927 πρὸς
2832 1854 3142 1926 Ῥωμαίους
3194 1856 3433 1915 ἐποίουν.
3493 1865 3642 1933 Ἀμα
3692 1861 3750 1918 δὲ

365 1953 383 1954 η
596 1949 605 1954 .
763 1948 770 1954 .
1043 1950 1089 1954 __
1165 1944 1215 1954 ...
1358 1947 1367 1954 .
1524 1944 1534 1954 .
1822 1942 1832 1954 .
1944 1940 1969 1954 .,
2170 1939 2182 1954 ς
2252 1938 2265 1954 ς
2394 1936 2414 1954 κ
2496 1939 2508 1954 ς
2595 1939 2642 1954 η.
2867 1939 2949 1954 ,ς
3078 1947 3103 1954 _
3313 1945 3468 1954 ,λη

328 1953 473 2007 οἴκοι
522 1949 612 2005 καὶ
670 1948 983 2024 πράγματα.
1042 1950 1103 1999 Ὃ
1161 1944 1226 2014 δὴ
1282 1947 1371 2000 καί
1404 1942 1878 2018 νεμόμενον,τοῦς
1910 1940 1986 1997 οἷ’-

325 2061 455 2102 κους
506 2035 742 2094 ἐσπόδει.
799 2037 1034 2106 Ἐξέθεον
1088 2032 1135 2089 δ’
1166 2036 1217 2089 οἱ
1252 2034 1303 2089 ἐν
1345 2032 1518 2097 οἷ’κοις
1548 2027 1983 2107 τεθορυϐημένοι

328 2129 604 2197 μελισσῶν
663 2126 864 2201 τρόπον
924 2124 1341 2197 καπνιζομένων
1376 2166 1390 2190 ,
1446 2122 1532 2177 κατ
1594 2121 1721 2185 τοῦς
1778 2120 1982 2195 λόφους

320 2226 423 2288 τῆς
450 2217 667 2277 πόλεως
714 2209 1231 2287 καταλαμϐάνοντες
1260 2213 1461 2287 γυμνοὶ
1520 2212 1594 2273 ὠς
1656 2211 1826 2285 εἶχον,
1872 2212 1985 2281 ἅμα

324 2305 383 2362 δὲ
427 2306 516 2362 καὶ
567 2302 835 2380 περιδεεῖς
881 2305 1004 2378 περὶ
1043 2310 1143 2372 τῆς
1175 2307 1322 2377 σφῶν
1379 2300 1675 2376 σωτηρίας,
1727 2298 1982 2373 δακρύοις

324 2510 454 2565 lum
482 2505 789 2563 materiam
821 2503 1160 2577 migraturis
1185 2500 1765 2569 inutilem,hostibus
1788 2499 1982 2571 profu-

321 2604 519 2653 turam
527 2600 609 2666 ,et
626 2610 907 2667 personas
924 2592 1135 2649 avellet
1150 2590 1374 2647 salubri
1389 2591 1741 2646 necessitate
1758 2605 1791 2642 a
1808 2586 1978 2642 noxio

320 2702 483 2742 nunc
504 2682 809 2754 complexu
838 2682 1137 2753 penatium
1164 2680 1221 2734 in
1247 2679 1465 2750 quibus
1488 2682 1635 2733 natae
1658 2682 1977 2748 sunt,quos

324 2774 443 2831 nisi
476 2772 973 2843 deserant,prasda
999 2770 1268 2826 hostibus
1291 2774 1484 2824 erunt.
1513 2768 1626 2825 Nec
1646 2782 1854 2821 uxores
1876 2782 1973 2820 so-

322 2863 449 2919 lum
484 2861 773 2934 liberique
806 2864 1140 2916 nostrorum
1173 2859 1256 2914 sic
1286 2858 1431 2913 salvi
1464 2856 1733 2922 fient,sed
1765 2854 1975 2926 pretio-

324 2953 588 3019 sissima,
625 2955 689 3004 ut
719 2950 805 3019 fit,
837 2948 1207 3004 conditarum
1240 2948 1395 3001 domi
1430 2962 1625 3000 rerum
1656 2961 1855 3000 secum
1881 2961 1974 2999 as-

330 3041 677 3114 portabunt.
710 3039 1003 3094 Classiarii
1044 3053 1213 3108 porro
1247 3036 1432 3092 nostri
1465 3035 1578 3090 huc
1611 3033 1840 3105 appulsi
1873 3033 1971 3088 ubi

319 3149 393 3187 ex
423 3130 672 3185 navibus
702 3133 942 3183 cernent
967 3128 1240 3181 ardentes
1263 3125 1503 3196 quidem
1527 3122 1974 3192 domus,conju-

325 3236 431 3291 ges
462 3234 593 3274 vero
625 3233 691 3272 ac
725 3216 879 3271 ﬁlios
913 3232 1126 3270 manus
1156 3231 1185 3270 e
1218 3215 1413 3269 littore
1445 3213 1754 3268 tendentes
1801 3213 1971 3267 obse-

319 3315 675 3378 crantesque
709 3310 771 3360 ut
805 3321 866 3360 se
897 3305 956 3359 in
989 3310 1184 3359 tutum
1218 3302 1522 3373 recipiant,
1556 3305 1706 3357 tecta
1731 3301 1970 3372 quidem

316 3403 383 3453 ut
404 3400 532 3468 jam
567 3396 796 3468 perdita
817 3390 1466 3465 negligent,charavero
1489 3392 1680 3462 capita
1712 3389 1968 3462 periculo

314 3487 649 3543 subducere
679 3484 1060 3550 contendent;
1094 3485 1151 3537 et
1172 3482 1256 3536 sic
1281 3480 1476 3536 ablata
1507 3481 1565 3535 in
1590 3479 1967 3535 manifestum

310 3576 555 3631 exitium
586 3573 792 3629 ruendi
826 3570 1411 3641 causa,temerarium
1436 3571 1732 3641 deponent
1755 3586 1968 3640 propo-

311 3666 499 3721 situm
548 3662 851 3735 pugnandi
911 3662 1038 3717 sine
1068 3676 1171 3731 spe
1202 3676 1335 3713 cum
1371 3659 1540 3714 hoste
1573 3658 1884 3730 potentiori
1912 3663 1968 3713 et

314 3758 474 3809 certo
505 3752 783 3817 νὶοιοιιὶω,
816 3751 960 3806 satis
993 3751 1281 3804 habentes
1312 3748 1692 3803 dulcissimos
1724 3747 1967 3803 affectus

313 3843 776 3899 domesticarum
813 3839 1319 3895 necessitudinum
1353 3855 1385 3891 a
1418 3835 1967 3907 flamma.gladio,ct

312 3933 595 3989 servitute
624 3929 820 3985 hostili
853 3933 1082 4000 ereptos
1115 3927 1304 3982 salvos
1334 3942 1534 3982 secum
1558 3924 1702 3997 ipsis
1753 3925 1968 3996 pariter

306 4020 714 4076 incolumibus
752 4022 808 4073 et
830 4023 989 4074 tutos
1011 4017 1070 4071 in
1094 4015 1343 4071 navibus
1368 4016 1601 4071 habere.
1626 4015 1836 4069 Adfore
1862 4032 1963 4069 au-

312 4116 433 4165 tem
466 4108 736 4163 triremes
761 4111 819 4161 et
846 4106 1083 4176 capacia
1114 4103 1437 4176 quantaevis
1472 4103 1872 4158 multitudinis
1900 4121 1969 4158 ea

312 4197 625 4255 occasione
657 4212 982 4251 accursuras
1007 4194 1414 4265 navigia,141
1444 4192 1767 4265 praesertim
1793 4192 1970 4247 maxi-

317 4304 485 4344 mum
517 4302 702 4341 unum
736 4302 766 4339 e
797 4284 1017 4350 Sicilia,
1049 4283 1241 4339 solum
1275 4283 1419 4338 satis
1452 4281 1715 4353 amplum
1738 4282 1968 4337 cunctis

318 4377 437 4432 fere
459 4374 560 4445 qui
588 4378 753 4430 terrae
778 4372 1034 4445 pericula
1058 4372 1203 4427 mari
1228 4372 1428 4443 fugere
1449 4370 1663 4425 vellent
1686 4370 1970 4442 recipien-

317 4468 433 4521 dis.
463 4465 543 4519 Ea
571 4467 830 4519 Joannes
861 4477 994 4516 cum
1026 4460 1667 4532 exposuisset,suadere
1695 4460 1856 4515 utilia
1883 4464 1971 4515 est

326 4556 514 4623 visus,
537 4569 605 4609 ea
636 4551 886 4607 maxime
906 4550 1130 4605 ratione
1157 4552 1403 4603 cunctos
1436 4548 1495 4602 in
1527 4564 1836 4603 assensum
1870 4566 1968 4604 ne-

2096 1938 2275 1992 καὶτὸ
2315 1936 2548 1993 παλαιὸν
2594 1939 2807 1995 θέσπιον
2842 1939 3193 2017 ἐπληροῦτο,
3232 1968 3259 1995 ‹‹
3312 1945 3558 2017 Ἀλέξιος
3586 1947 3745 2005 Ἀλε-

2097 2026 2363 2101 ξόπουλος
2407 2027 2495 2081 καὶ
2545 2028 2630 2082 ἐπὶ
2677 2028 2893 2092 τούτοις
2953 2033 3378 2107 Κουτριτζάκης,
3430 2060 3457 2089 ››
3510 2043 3747 2112 ’Έφθασε

2094 2118 2193 2192 γὰρ
2253 2118 2340 2171 καὶ
2404 2118 2508 2191 πρὸ
2564 2122 2661 2171 τοῦ
2713 2123 2879 2173 ταῦτα
2925 2121 3170 2195 γενέσθαι
3222 2124 3249 2177 ὁ
3299 2126 3744 2200 συγγραψάμενος

2096 2205 2309 2260 ἀκούειν
2360 2208 2507 2281 παρᾶ
2547 2208 2750 2283 πατρὸς
2796 2208 3127 2281 ὁμιλοῦντος
3180 2210 3337 2285 ἄλλῳ
3372 2213 3462 2267 καὶ
3494 2215 3587 2269 τὸν
3616 2220 3748 2269 τοῦ-

2093 2317 2182 2351 τον
2236 2295 2401 2371 λόγον
2452 2294 2739 2373 λέγοντος.
2790 2304 2877 2361 Ὡς
2916 2299 3016 2375 γὰρ
3065 2300 3290 2356 πολῖται
3351 2297 3497 2369 ὅντες
3549 2303 3750 2362 ἐκεῖνοι

2093 2498 2298 2571 procul
2326 2502 2487 2555 extra
2518 2498 2791 2554 videbant
2821 2500 3082 2557 vicissim
3112 2502 3373 2559 intentos
3422 2503 3480 2559 in
3512 2521 3581 2560 ea
3618 2522 3747 2577 quas

2092 2588 2319 2657 fierent,
2346 2604 2482 2642 cum
2512 2587 2788 2659 lacrymis
2819 2594 3056 2646 orantes
3110 2596 3174 2646 ut
3222 2598 3637 2650 succurrerent
3684 2596 3745 2651 in

2088 2684 2342 2733 extremo
2375 2676 2713 2733 discrimine
2744 2678 3080 2734 miserrima
3118 2680 3483 2752 patientibus
3529 2686 3587 2738 et
3620 2699 3741 2740 me-

2085 2766 2389 2821 tuentibus
2410 2766 2625 2837 pejora.
2652 2766 2777 2821 Tali
2800 2768 3134 2839 spectaculo
3159 2770 3477 2826 reducibus
3500 2789 3529 2827 c
3549 2772 3743 2843 Daph-

2087 2855 2281 2911 musia
2300 2855 2519 2910 Latinis
2543 2856 3087 2926 objecto,steterunt
3109 2858 3167 2912 hi
3194 2859 3628 2931 aliquantulum
3651 2862 3737 2915 in-

2083 2945 2224 3000 certi
2282 2949 2339 2999 et
2398 2944 2843 3000 deliberabundi
2902 2947 3043 3017 quid
3105 2955 3362 3019 agerent.
3420 2953 3528 3019 An,
3563 2955 3739 3021 prout

2082 3035 2475 3102 decreverant,
2510 3036 2950 3107 exsccnderent,
2984 3041 3040 3091 et
3061 3036 3259 3093 hostes
3289 3038 3738 3095 invaderent?At

2084 3122 2484 3177 inconsultum
2508 3123 2817 3178 videbatur
2845 3124 3004 3196 ipsos
3030 3126 3240 3193 nudos,
3277 3132 3340 3182 ut
3363 3132 3735 3200 erant,appa-

2083 3220 2208 3267 ratu
2243 3213 2538 3268 terrestris
2572 3212 2730 3283 belli,
2764 3230 2867 3285 pro
2903 3215 3045 3270 focis
3076 3220 3134 3270 et
3165 3232 3225 3270 re
3248 3216 3547 3285 familiari,
3601 3219 3734 3289 qui-

2079 3301 2190 3356 bus
2223 3317 2284 3357 se
2304 3303 2431 3373 jam
2464 3301 2742 3373 spoliatos
2774 3302 3094 3374 populante
3119 3310 3330 3361 cuncta
3355 3306 3624 3362 incendio
3652 3307 3735 3362 vi-

2079 3392 2314 3461 debant,
2348 3407 2497 3446 casco
2530 3392 2750 3463 impetu
2784 3393 3143 3449 decertatum
3179 3411 3368 3463 ruere,
3404 3412 3539 3450 cum
3572 3401 3736 3453 certa

2078 3480 2333 3552 pernicie
2357 3498 2471 3536 non
2493 3482 2584 3535 sui
2611 3480 2801 3537 solum
2826 3482 3225 3553 ipsorum,sed
3250 3485 3377 3555 conj
3391 3502 3570 3557 ugum
3592 3502 3736 3558 pra:-

2076 3575 2234 3625 terea
2261 3575 2316 3625 ct
2347 3570 2688 3636 liberorum,
2718 3571 2828 3626 nisi
2860 3572 3156 3629 vincerent
3180 3575 3358 3645 (quod
3384 3575 3608 3645 sperari
3639 3575 3733 3631 vix

2076 3660 2344 3729 poterat),
2378 3675 2511 3714 cum
2544 3660 2692 3731 ipsis
2720 3659 2877 3715 haud
2931 3662 3110 3717 dubie
3140 3664 3556 3733 periturorum.
3594 3664 3728 3720 Haec

2075 3753 2415 3819 reputantes
2446 3749 2635 3804 satius
2668 3756 2954 3821 putarunt
2997 3754 3350 3809 descendere
3378 3754 3448 3809 ad
3500 3771 3723 3827 preces,

2074 3836 2489 3907 supplicesque
2519 3838 2809 3894 instanter
2840 3841 3137 3910 petierunt
3168 3847 3231 3897 ut
3264 3843 3375 3899 sibi
3410 3844 3723 3901 necessarii

2074 3924 2495 4003 domesticique
2531 3928 2929 3995 redderentur,
2964 3930 3011 3984 si
3045 3930 3285 4000 quidem
3318 3930 3554 3998 vellent,
3584 3949 3720 3987 cum

2074 4031 2137 4069 ea
2170 4031 2296 4085 quae
2326 4021 2661 4085 superesset
2693 4017 2967 4072 familiari
3000 4019 3339 4090 suppectili,
3372 4023 3461 4075 sin
3497 4022 3719 4090 minus,

2072 4103 2159 4158 vel
2194 4104 2317 4159 sola
2349 4102 2719 4160 restitutione
2750 4106 3065 4161 cbarorum
3098 4109 3357 4178 capitum
3410 4114 3721 4166 contentos

2076 4191 2337 4246 abituros
2369 4208 2503 4245 cum
2538 4191 2611 4245 iis
2642 4192 2817 4246 nudis
2848 4191 3003 4261 licet,
3028 4197 3087 4247 at
3109 4192 3510 4249 incolumibus
3534 4199 3591 4250 et
3612 4194 3725 4250 sal-

2074 4281 2357 4336 vis.Tunc
2376 4296 2509 4335 vero
2523 4281 2786 4353 graviora
2801 4281 3215 4354 acerbioraque
3228 4283 3521 4355 contigere
3544 4302 3722 4356 quam

2076 4370 2394 4441 quisquam
2412 4386 2673 4440 unquam
2687 4370 2816 4425 visu
2835 4370 3161 4443 audituque
3184 4373 3726 4444 perceperit.Hone-

2077 4464 2179 4513 sta:
2196 4458 2469 4513 mulieres
2484 4476 2549 4513 ac
2572 4459 2826 4531 virgines
2851 4460 3101 4515 indusiis
3124 4462 3297 4517 modo
3324 4467 3425 4518 aut
3446 4463 3728 4520 tuniculis

2078 4549 2230 4603 male
2262 4553 2425 4603 tectae
2457 4548 2731 4621 singulis,
2764 4549 2955 4621 iisque
2988 4551 3139 4605 148
3192 4552 3471 4621 pertusis,
3494 4553 3730 4624 quales-

332 4642 575 4699 cessarii
610 4639 835 4697 consilii
862 4637 1315 4707 trahente,quod
1351 4637 1496 4691 satis
1518 4641 1743 4708 pateret
1773 4653 1842 4692 ne
1874 4654 1969 4692 ex-
2002 4623 2048 4687 D
2081 4654 2313 4701 cunque
2346 4639 2541 4708 fugam
2591 4638 3037 4710 expedientibus
3086 4641 3287 4711 prima":
3328 4623 3725 4711 occurrerant,

321 4732 534 4805 positis
566 4732 805 4803 quidem
840 4732 899 4783 in
934 4734 1149 4783 terram
1186 4726 1496 4780 navalibus
1527 4726 1709 4796 copiis
1731 4743 1865 4781 eum
1909 4744 1971 4781 se

234 4828 241 4839 '
318 4836 638 4877 numerum
673 4817 980 4874 habituros
1014 4815 1272 4869 militum
1306 4831 1421 4885 quo
1456 4814 1625 4885 plane
1648 4830 1796 4885 opus
1818 4820 1972 4870 esset

320 4911 394 4966 ad
428 4910 633 4965 urbem
667 4909 727 4963 in
758 4907 864 4962 tali
896 4903 1240 4960 discrimine
1289 4904 1568 4958 tuendam
1619 4908 1676 4957 et
1723 4904 1973 4959 victores

317 5000 460 5055 inde
492 4998 815 5070 pellendos.
853 4996 1040 5068 Igitur
1070 5011 1187 5066 qua
1220 4992 1707 5064 frequentissimae
1747 4994 1971 5049 conter-

315 5089 683 5159 tiesimasque
715 5087 866 5141 uades
898 5088 1066 5140 erant
1095 5085 1291 5155 ignem
1320 5082 1521 5137 statim
1550 5082 1846 5154 injiciunt,
1872 5082 1973 5153 qui

318 5182 624 5233 momento
655 5175 713 5230 in
748 5174 1057 5230 materiam
1089 5176 1415 5244 grassatus,
1451 5177 1507 5227 et
1536 5172 1705 5227 obvia
1728 5189 1975 5243 quaeque

316 5266 489 5322 avide
514 5269 782 5336 correpta
805 5266 1102 5318 momento
1128 5262 1395 5332 redigens
1417 5259 1475 5314 in
1501 5260 1775 5328 cinerem,
1802 5278 1973 5332 quem

322 5373 428 5427 par
459 5360 549 5411 est
580 5355 815 5410 credere
846 5351 1170 5406 tumultum
1204 5368 1269 5405 ac
1301 5350 1753 5421 trepidationem
1806 5350 1974 5405 habi-

316 5445 585 5499 tantibus
617 5442 852 5512 objecit.
892 5440 1210 5495 Prodibant
1240 5456 1412 5511 apum
1468 5439 1653 5493 instar
1703 5440 1864 5494 fumo
1910 5455 1977 5493 ex

322 5534 508 5589 alveis
522 5532 761 5604 pulsaru
774 5549 825 5585 m
838 5530 918 5599 ,in
933 5529 1183 5585 editiora
1206 5528 1369 5583 urbis
1389 5533 1805 5583 concurrentes
1829 5528 1974 5595 loca,

320 5622 468 5678 nudi
502 5626 604 5676 aut
633 5636 698 5676 eo
731 5619 937 5675 habitu
967 5619 1024 5673 in
1048 5634 1163 5689 quo
1193 5635 1293 5673 eos
1338 5618 1586 5672 flammae
1636 5622 1823 5672 terror
1876 5636 1976 5689 op-

321 5714 642 5781 presserat,
664 5713 1003 5775 trementes,
1036 5706 1190 5761 anxii
1223 5707 1293 5761 de
1325 5704 1559 5778 prepria
1592 5704 1802 5774 salute,
1832 5722 1979 5778 quos

651 5828 913 5889 ΡΑτειοι..
959 5825 1069 5886 Gn.
1116 5822 1371 5885 CXLIII.

2084 4726 2258 4781 nudis
2292 4728 2679 4798 pedibus,sub
2698 4727 2885 4782 oculis
2910 4726 3250 4795 multorum,
3270 4731 3339 4783 ad
3367 4730 3729 4801 propinquos

2082 4815 2585 4887 ignominiOSsimu
2608 4817 3023 4873 cursabant.Et
3046 4834 3245 4887 poenas
3269 4818 3509 4873 omnino
3532 4836 3730 4890 aequas

2084 4905 2213 4960 itali
2250 4905 2538 4960 dederunt
2566 4921 2770 4959 earum
2804 4905 3164 4974 injuriarum
3193 4907 3410 4978 quibus
3442 4907 3579 4963 olim
3613 4909 3731 4964 Ro-

2084 5011 2291 5049 manos
2322 4994 2654 5049 affecerant.
2686 4994 2875 5049 Simul
2907 4994 3085 5049 etiam
3116 4996 3294 5049 veteri
3345 4996 3581 5053 oraculo
3626 5014 3735 5053 sua

2085 5084 2230 5138 ﬁdes
2281 5082 2566 5141 constitit.
2617 5083 2758 5154 Ejus
2796 5084 2917 5139 haec
2949 5089 3116 5139 erant
3140 5086 3314 5139 verba
3347 5102 3359 5141 :
3393 5084 3733 5154 «Alexius,»

2082 5172 2439 5241 Alexopulus
2470 5178 2527 5227 et
2554 5190 2731 5243 super
2753 5173 2861 5227 bos
2883 5174 3294 5230 Cutritzaces.»
3333 5176 3393 5230 Id
3426 5191 3528 5247 ego
3556 5175 3737 5247 hnjus

2084 5262 2348 5317 historia:
2380 5262 2971 5333 scriptor,antequam
3000 5265 3139 5318 urbs
3162 5266 3739 5335 caperetur,memini

2087 5368 2181 5406 me
2212 5350 2415 5406 audire
2447 5368 2515 5405 ex
2548 5356 2707 5420 patre
2742 5367 2870 5406 meo
2902 5369 3035 5406 cum
3082 5352 3195 5408 alio
3249 5355 3503 5424 quodam
3538 5356 3609 5410 de
3647 5356 3739 5411 his

2087 5446 2295 5511 agente
2319 5445 2374 5494 et
2402 5439 2744 5494 vaticinium
2784 5441 3049 5495 nondum
3085 5448 3295 5497 eventu
3321 5447 3616 5514 patratum
3653 5461 3739 5499 re-

2089 5530 2327 5586 citante.
2376 5533 2520 5584 Cum
2570 5530 2723 5584 enim
2785 5531 2959 5585 ambo
2994 5530 3077 5586 illi
3110 5531 3741 5603 Constantinopolitani

2090 5620 2244 5674 cives
2296 5625 2497 5674 essent
2547 5626 2603 5674 et
2635 5619 2872 5676 exulare
2902 5626 3270 5692 cogerentur,
3302 5622 3529 5693 patriae,
3563 5626 3626 5677 ut
3656 5623 3741 5691 ﬁt,

2093 5708 2383 5764 desiderio
2413 5708 2752 5780 prophetias
2784 5711 3222 5777 scrutabantur,
3256 5711 3304 5766 si
3339 5728 3465 5782 quae
3506 5728 3745 5784 recupe-

3354 5830 3429 5887 i9
