  <div class='ocr_page' id='page_1' title='image "/cluster/home/n/w/nwhite01/storage/ocr_20150623/143:no.1/coo.31924054870484/301.png"; bbox 0 0 4112 6404; ppageno 0'>
   <div class='ocr_carea' id='block_1_1' title="bbox 347 399 457 454">
    <p class='ocr_par' dir='ltr' id='par_1_1' title="bbox 347 399 457 454">
     <span class='ocr_line' id='line_1_1' title="bbox 347 399 457 454; baseline 0 0"><span class='ocrx_word' id='word_1_1' title='bbox 347 399 457 454; x_wconf 77' lang='lat'>587</span> 
     </span>
    </p>
   </div>
   <div class='ocr_carea' id='block_1_2' title="bbox 1661 385 2476 480">
    <p class='ocr_par' dir='ltr' id='par_1_2' title="bbox 1661 385 2476 480">
     <span class='ocr_line' id='line_1_2' title="bbox 1661 385 2476 480; baseline -0.005 -34"><span class='ocrx_word' id='word_1_2' title='bbox 1661 388 1966 480; x_wconf 57' lang='lat' dir='ltr'>GEORgill</span> <span class='ocrx_word' id='word_1_3' title='bbox 2006 385 2476 442; x_wconf 71' lang='lat' dir='ltr'>PACHYMERE</span> 
     </span>
    </p>
   </div>
   <div class='ocr_carea' id='block_1_3' title="bbox 3680 391 3790 446">
    <p class='ocr_par' dir='ltr' id='par_1_3' title="bbox 3680 391 3790 446">
     <span class='ocr_line' id='line_1_3' title="bbox 3680 391 3790 446; baseline 0.018 -2"><span class='ocrx_word' id='word_1_4' title='bbox 3680 391 3790 446; x_wconf 90' lang='lat'>588</span> 
     </span>
    </p>
   </div>
   <div class='ocr_carea' id='block_1_4' title="bbox 350 501 3788 589">
    <p class='ocr_par' dir='ltr' id='par_1_4' title="bbox 350 501 3788 589">
     <span class='ocr_line' id='line_1_4' title="bbox 350 501 3788 589; baseline -0.001 -17"><span class='ocrx_word' id='word_1_5' title='bbox 350 522 418 575; x_wconf 73' lang='grc' dir='ltr'>τὰ</span> <span class='ocrx_word' id='word_1_6' title='bbox 447 519 589 576; x_wconf 77' lang='grc' dir='ltr'>οἷ’κοι</span> <span class='ocrx_word' id='word_1_7' title='bbox 620 518 852 589; x_wconf 75' lang='grc' dir='ltr'>ἐζήτουν</span> <span class='ocrx_word' id='word_1_8' title='bbox 903 517 995 573; x_wconf 87' lang='grc' dir='ltr'>καὶ</span> <span class='ocrx_word' id='word_1_9' title='bbox 1052 515 1108 572; x_wconf 74' lang='grc' dir='ltr'>εἷ’</span> <span class='ocrx_word' id='word_1_10' title='bbox 1151 526 1279 580; x_wconf 86' lang='grc' dir='ltr'>ποθι</span> <span class='ocrx_word' id='word_1_11' title='bbox 1339 511 1543 576; x_wconf 71' lang='grc' dir='ltr'>ἅλωσις</span> <span class='ocrx_word' id='word_1_12' title='bbox 1601 519 1702 580; x_wconf 81' lang='grc' dir='ltr'>τῆς</span> <span class='ocrx_word' id='word_1_13' title='bbox 1751 505 2094 583; x_wconf 74' lang='grc' dir='ltr'>πατρίδοςΑ</span> <span class='ocrx_word' id='word_1_14' title='bbox 2131 526 2322 579; x_wconf 87' lang='grc' dir='ltr'>μονος,</span> <span class='ocrx_word' id='word_1_15' title='bbox 2379 501 2541 582; x_wconf 80' lang='grc' dir='ltr'>ἔτυχε</span> <span class='ocrx_word' id='word_1_16' title='bbox 2594 503 2642 561; x_wconf 83' lang='grc' dir='ltr'>δ’</span> <span class='ocrx_word' id='word_1_17' title='bbox 2701 506 2874 563; x_wconf 75' lang='grc' dir='ltr'>ἰκεῖσε</span> <span class='ocrx_word' id='word_1_18' title='bbox 2914 507 3004 563; x_wconf 79' lang='grc' dir='ltr'>καὶ</span> <span class='ocrx_word' id='word_1_19' title='bbox 3057 509 3085 565; x_wconf 99' lang='lat'>6</span> <span class='ocrx_word' id='word_1_20' title='bbox 3116 510 3280 572; x_wconf 86' lang='grc' dir='ltr'>κακὸς</span> <span class='ocrx_word' id='word_1_21' title='bbox 3323 511 3680 587; x_wconf 84' lang='grc' dir='ltr'>Σεναχηρεὶμ</span> <span class='ocrx_word' id='word_1_22' title='bbox 3735 512 3788 570; x_wconf 74' lang='grc' dir='ltr'>ἒν</span> 
     </span>
    </p>
   </div>
   <div class='ocr_carea' id='block_1_5' title="bbox 355 597 2011 682">
    <p class='ocr_par' dir='ltr' id='par_1_5' title="bbox 355 597 2011 682">
     <span class='ocr_line' id='line_1_5' title="bbox 355 597 2011 682; baseline -0.01 -17"><span class='ocrx_word' id='word_1_23' title='bbox 355 605 599 682; x_wconf 74' lang='grc' dir='ltr'>συμϐαίη</span> <span class='ocrx_word' id='word_1_24' title='bbox 661 607 922 663; x_wconf 71' lang='grc' dir='ltr'>έσιιόπουν</span> <span class='ocrx_word' id='word_1_25' title='bbox 978 605 1079 660; x_wconf 85' lang='grc' dir='ltr'>ὑπὸ</span> <span class='ocrx_word' id='word_1_26' title='bbox 1111 605 1250 679; x_wconf 76' lang='grc' dir='ltr'>φωτὶ</span> <span class='ocrx_word' id='word_1_27' title='bbox 1300 604 1487 665; x_wconf 85' lang='grc' dir='ltr'>νυκτὸς</span> <span class='ocrx_word' id='word_1_28' title='bbox 1520 603 1608 676; x_wconf 75' lang='grc' dir='ltr'>(ἦν</span> <span class='ocrx_word' id='word_1_29' title='bbox 1643 599 1689 655; x_wconf 83' lang='grc' dir='ltr'>δ’</span> <span class='ocrx_word' id='word_1_30' title='bbox 1725 597 1835 673; x_wconf 79' lang='grc' dir='ltr'>ἐγὼ</span> <span class='ocrx_word' id='word_1_31' title='bbox 1868 598 1896 652; x_wconf 90' lang='lat'>6</span> <span class='ocrx_word' id='word_1_32' title='bbox 1920 597 2011 650; x_wconf 88' lang='grc' dir='ltr'>τὸν</span> 
     </span>
    </p>
   </div>
   <div class='ocr_carea' id='block_1_6' title="bbox 356 685 2020 772">
    <p class='ocr_par' dir='ltr' id='par_1_6' title="bbox 356 685 2020 772">
     <span class='ocr_line' id='line_1_6' title="bbox 356 685 2020 772; baseline -0.009 -19"><span class='ocrx_word' id='word_1_33' title='bbox 356 698 527 770; x_wconf 86' lang='grc' dir='ltr'>κηρὸν</span> <span class='ocrx_word' id='word_1_34' title='bbox 584 698 830 772; x_wconf 75' lang='grc' dir='ltr'>κατέχων</span> <span class='ocrx_word' id='word_1_35' title='bbox 891 697 979 750; x_wconf 86' lang='grc' dir='ltr'>καὶ</span> <span class='ocrx_word' id='word_1_36' title='bbox 1037 693 1240 767; x_wconf 73' lang='grc' dir='ltr'>φαίνων</span> <span class='ocrx_word' id='word_1_37' title='bbox 1301 691 1556 762; x_wconf 81' lang='grc' dir='ltr'>ἐκείνοις)</span> <span class='ocrx_word' id='word_1_38' title='bbox 1589 734 1605 762; x_wconf 89' lang='grc'>,</span> <span class='ocrx_word' id='word_1_39' title='bbox 1660 693 1824 744; x_wconf 76' lang='grc' dir='ltr'>τοῦτο</span> <span class='ocrx_word' id='word_1_40' title='bbox 1872 685 2020 758; x_wconf 79' lang='grc' dir='ltr'>ξυνέ-</span> 
     </span>
    </p>
   </div>
   <div class='ocr_carea' id='block_1_7' title="bbox 359 773 2014 860">
    <p class='ocr_par' dir='ltr' id='par_1_7' title="bbox 359 773 2014 860">
     <span class='ocr_line' id='line_1_7' title="bbox 359 773 2014 860; baseline -0.008 -18"><span class='ocrx_word' id='word_1_41' title='bbox 359 783 511 841; x_wconf 72' lang='grc' dir='ltr'>δαινε</span> <span class='ocrx_word' id='word_1_42' title='bbox 561 784 808 860; x_wconf 73' lang='grc' dir='ltr'>λέγεσθαι</span> <span class='ocrx_word' id='word_1_43' title='bbox 872 785 1000 858; x_wconf 83' lang='grc' dir='ltr'>παρ’</span> <span class='ocrx_word' id='word_1_44' title='bbox 1054 781 1270 836; x_wconf 81' lang='grc' dir='ltr'>ἐκείνων</span> <span class='ocrx_word' id='word_1_45' title='bbox 1327 781 1400 842; x_wconf 83' lang='grc' dir='ltr'>ὡς</span> <span class='ocrx_word' id='word_1_46' title='bbox 1459 776 1683 834; x_wconf 77' lang='grc' dir='ltr'>εἰδότων</span> <span class='ocrx_word' id='word_1_47' title='bbox 1713 776 1786 838; x_wconf 89' lang='grc' dir='ltr'>ὠς</span> <span class='ocrx_word' id='word_1_48' title='bbox 1846 773 2014 830; x_wconf 80' lang='grc' dir='ltr'>εἰδόσι</span> 
     </span>
    </p>
   </div>
   <div class='ocr_carea' id='block_1_8' title="bbox 358 866 2016 952">
    <p class='ocr_par' dir='ltr' id='par_1_8' title="bbox 358 866 2016 952">
     <span class='ocr_line' id='line_1_8' title="bbox 358 866 2016 952; baseline -0.008 -21"><span class='ocrx_word' id='word_1_49' title='bbox 358 878 505 952; x_wconf 83' lang='grc' dir='ltr'>τάχα</span> <span class='ocrx_word' id='word_1_50' title='bbox 535 876 729 938; x_wconf 77' lang='grc' dir='ltr'>ὁπόθεν</span> <span class='ocrx_word' id='word_1_51' title='bbox 763 873 942 944; x_wconf 80' lang='grc' dir='ltr'>ἁλῴη·</span> <span class='ocrx_word' id='word_1_52' title='bbox 995 871 1082 926; x_wconf 79' lang='grc' dir='ltr'>ἐπὶ</span> <span class='ocrx_word' id='word_1_53' title='bbox 1127 871 1228 945; x_wconf 73' lang='grc' dir='ltr'>γὰρ</span> <span class='ocrx_word' id='word_1_54' title='bbox 1260 871 1628 944; x_wconf 70' lang='grc' dir='ltr'>γενησομένου</span> <span class='ocrx_word' id='word_1_55' title='bbox 1675 867 1822 928; x_wconf 88' lang='grc' dir='ltr'>τινὸς</span> <span class='ocrx_word' id='word_1_56' title='bbox 1859 866 2016 952; x_wconf 50' lang='grc' dir='ltr'>βασι-ξ</span> 
     </span>
    </p>
   </div>
   <div class='ocr_carea' id='block_1_9' title="bbox 362 951 2018 1034">
    <p class='ocr_par' dir='ltr' id='par_1_9' title="bbox 362 951 2018 1034">
     <span class='ocr_line' id='line_1_9' title="bbox 362 951 2018 1034; baseline -0.008 -12"><span class='ocrx_word' id='word_1_57' title='bbox 362 951 503 1028; x_wconf 83' lang='grc' dir='ltr'>λέως</span> <span class='ocrx_word' id='word_1_58' title='bbox 556 963 803 1034; x_wconf 80' lang='grc' dir='ltr'>Ἀλεξίου</span> <span class='ocrx_word' id='word_1_59' title='bbox 858 961 1116 1016; x_wconf 82' lang='grc' dir='ltr'>ὑπενόουν</span> <span class='ocrx_word' id='word_1_60' title='bbox 1159 961 1257 1029; x_wconf 71' lang='grc' dir='ltr'>τὴν</span> <span class='ocrx_word' id='word_1_61' title='bbox 1286 966 1384 1025; x_wconf 83' lang='grc' dir='ltr'>τῆς</span> <span class='ocrx_word' id='word_1_62' title='bbox 1414 956 1631 1019; x_wconf 89' lang='grc' dir='ltr'>πόλεως</span> <span class='ocrx_word' id='word_1_63' title='bbox 1662 953 1893 1022; x_wconf 79' lang='grc' dir='ltr'>ἅλωσιν,</span> <span class='ocrx_word' id='word_1_64' title='bbox 1925 951 2018 1008; x_wconf 87' lang='grc' dir='ltr'>καί</span> 
     </span>
    </p>
   </div>
   <div class='ocr_carea' id='block_1_10' title="bbox 356 1043 2017 1124">
    <p class='ocr_par' dir='ltr' id='par_1_10' title="bbox 356 1043 2017 1124">
     <span class='ocr_line' id='line_1_10' title="bbox 356 1043 2017 1124; baseline -0.008 -14"><span class='ocrx_word' id='word_1_65' title='bbox 356 1076 520 1110; x_wconf 87' lang='grc' dir='ltr'>τινων</span> <span class='ocrx_word' id='word_1_66' title='bbox 554 1051 761 1122; x_wconf 74' lang='grc' dir='ltr'>ἄλλων,</span> <span class='ocrx_word' id='word_1_67' title='bbox 794 1050 887 1113; x_wconf 76' lang='grc' dir='ltr'>οὕς</span> <span class='ocrx_word' id='word_1_68' title='bbox 921 1047 1098 1124; x_wconf 79' lang='grc' dir='ltr'>ἔλεγεν</span> <span class='ocrx_word' id='word_1_69' title='bbox 1133 1049 1160 1102; x_wconf 91' lang='grc' dir='ltr'>ὁ</span> <span class='ocrx_word' id='word_1_70' title='bbox 1204 1048 1482 1122; x_wconf 78' lang='grc' dir='ltr'>χρησμός.</span> <span class='ocrx_word' id='word_1_71' title='bbox 1519 1049 1689 1102; x_wconf 83' lang='grc' dir='ltr'>Ἦσαν</span> <span class='ocrx_word' id='word_1_72' title='bbox 1726 1043 1771 1100; x_wconf 84' lang='grc' dir='ltr'>δ’</span> <span class='ocrx_word' id='word_1_73' title='bbox 1805 1043 1954 1099; x_wconf 72' lang='grc' dir='ltr'>οὗτοι</span> <span class='ocrx_word' id='word_1_74' title='bbox 1989 1043 2017 1097; x_wconf 89' lang='lat'>6</span> 
     </span>
    </p>
   </div>
   <div class='ocr_carea' id='block_1_11' title="bbox 356 1132 2020 1217">
    <p class='ocr_par' dir='ltr' id='par_1_11' title="bbox 356 1132 2020 1217">
     <span class='ocr_line' id='line_1_11' title="bbox 356 1132 2020 1217; baseline -0.01 -16"><span class='ocrx_word' id='word_1_75' title='bbox 356 1147 564 1217; x_wconf 87' lang='grc' dir='ltr'>Καῖσαρ</span> <span class='ocrx_word' id='word_1_76' title='bbox 599 1140 838 1210; x_wconf 81' lang='grc' dir='ltr'>Ἀλέξιος</span> <span class='ocrx_word' id='word_1_77' title='bbox 871 1140 1145 1213; x_wconf 72' lang='grc' dir='ltr'>ἄντικρυς,</span> <span class='ocrx_word' id='word_1_78' title='bbox 1178 1139 1206 1192; x_wconf 85' lang='grc' dir='ltr'><strong>ὁ</strong></span> <span class='ocrx_word' id='word_1_79' title='bbox 1255 1137 1474 1210; x_wconf 81' lang='grc' dir='ltr'>ἀνεψιὸς</span> <span class='ocrx_word' id='word_1_80' title='bbox 1526 1136 1732 1190; x_wconf 74' lang='grc' dir='ltr'>ἐκείνου</span> <span class='ocrx_word' id='word_1_81' title='bbox 1777 1132 2020 1204; x_wconf 80' lang='grc' dir='ltr'>Ἀλέξιος</span> 
     </span>
    </p>
   </div>
   <div class='ocr_carea' id='block_1_12' title="bbox 352 1223 2018 1302">
    <p class='ocr_par' dir='ltr' id='par_1_12' title="bbox 352 1223 2018 1302">
     <span class='ocr_line' id='line_1_12' title="bbox 352 1223 2018 1302; baseline -0.007 -14"><span class='ocrx_word' id='word_1_82' title='bbox 352 1233 422 1288; x_wconf 80' lang='grc' dir='ltr'>τὰ</span> <span class='ocrx_word' id='word_1_83' title='bbox 449 1230 634 1288; x_wconf 88' lang='grc' dir='ltr'>πολλά</span> <span class='ocrx_word' id='word_1_84' title='bbox 665 1225 1152 1302; x_wconf 75' lang='grc' dir='ltr'>συμϐαλλόμενος,</span> <span class='ocrx_word' id='word_1_85' title='bbox 1182 1227 1270 1281; x_wconf 87' lang='grc' dir='ltr'>καὶ</span> <span class='ocrx_word' id='word_1_86' title='bbox 1305 1228 1333 1280; x_wconf 88' lang='grc' dir='ltr'>ὁ</span> <span class='ocrx_word' id='word_1_87' title='bbox 1388 1223 1564 1280; x_wconf 93' lang='grc' dir='ltr'>δοκῶν</span> <span class='ocrx_word' id='word_1_88' title='bbox 1607 1229 1713 1278; x_wconf 89' lang='grc' dir='ltr'>τῶν</span> <span class='ocrx_word' id='word_1_89' title='bbox 1769 1223 2018 1294; x_wconf 75' lang='grc' dir='ltr'>θέλημα-</span> 
     </span>
    </p>
   </div>
   <div class='ocr_carea' id='block_1_13' title="bbox 351 1313 2021 1396">
    <p class='ocr_par' dir='ltr' id='par_1_13' title="bbox 351 1313 2021 1396">
     <span class='ocr_line' id='line_1_13' title="bbox 351 1313 2021 1396; baseline -0.007 -20"><span class='ocrx_word' id='word_1_90' title='bbox 351 1324 553 1396; x_wconf 89' lang='grc' dir='ltr'>ταρίων</span> <span class='ocrx_word' id='word_1_91' title='bbox 602 1317 1044 1395; x_wconf 80' lang='grc' dir='ltr'>Κουτριτζάκης,</span> <span class='ocrx_word' id='word_1_92' title='bbox 1113 1315 1173 1378; x_wconf 81' lang='grc' dir='ltr'>ὅς</span> <span class='ocrx_word' id='word_1_93' title='bbox 1228 1315 1319 1370; x_wconf 84' lang='grc' dir='ltr'>καὶ</span> <span class='ocrx_word' id='word_1_94' title='bbox 1368 1316 1468 1383; x_wconf 75' lang='grc' dir='ltr'>τήν</span> <span class='ocrx_word' id='word_1_95' title='bbox 1533 1313 1741 1388; x_wconf 73' lang='grc' dir='ltr'>βουλὴν</span> <span class='ocrx_word' id='word_1_96' title='bbox 1803 1317 2021 1388; x_wconf 87' lang='grc' dir='ltr'>πρῶτος</span> 
     </span>
    </p>
   </div>
   <div class='ocr_carea' id='block_1_14' title="bbox 355 1406 1122 1483">
    <p class='ocr_par' dir='ltr' id='par_1_14' title="bbox 355 1406 1122 1483">
     <span class='ocr_line' id='line_1_14' title="bbox 355 1406 1122 1483; baseline -0.004 -18"><span class='ocrx_word' id='word_1_97' title='bbox 355 1411 694 1483; x_wconf 74' lang='grc' dir='ltr'>ὑπεσήμαινε</span> <span class='ocrx_word' id='word_1_98' title='bbox 721 1415 819 1477; x_wconf 84' lang='grc' dir='ltr'>τῆς</span> <span class='ocrx_word' id='word_1_99' title='bbox 844 1406 1122 1467; x_wconf 73' lang='grc' dir='ltr'>ἁλώσεως.</span> 
     </span>
    </p>
   </div>
   <div class='ocr_carea' id='block_1_15' title="bbox 353 1521 2017 1609">
    <p class='ocr_par' dir='ltr' id='par_1_15' title="bbox 353 1521 2017 1609">
     <span class='ocr_line' id='line_1_15' title="bbox 353 1521 2017 1609; baseline -0.007 -19"><span class='ocrx_word' id='word_1_100' title='bbox 353 1535 460 1605; x_wconf 84' lang='grc' dir='ltr'>κη’.</span> <span class='ocrx_word' id='word_1_101' title='bbox 495 1533 627 1609; x_wconf 84' lang='grc' dir='ltr'>Περῖ</span> <span class='ocrx_word' id='word_1_102' title='bbox 656 1533 773 1609; x_wconf 40' lang='grc' dir='ltr'>τοῦ-</span> <span class='ocrx_word' id='word_1_103' title='bbox 793 1532 1258 1609; x_wconf 49' lang='grc' dir='ltr'>Ιίρωτασηκρῆτις</span> <span class='ocrx_word' id='word_1_104' title='bbox 1308 1521 1706 1609; x_wconf 43' lang='grc' dir='ltr'>Σενν-αχηρεῖὗ,</span> <span class='ocrx_word' id='word_1_105' title='bbox 1740 1525 1792 1580; x_wconf 89' lang='grc' dir='ltr'>τί</span> <span class='ocrx_word' id='word_1_106' title='bbox 1824 1524 2017 1602; x_wconf 78' lang='grc' dir='ltr'>ἔπραξε</span> 
     </span>
    </p>
   </div>
   <div class='ocr_carea' id='block_1_16' title="bbox 751 1599 1619 1672">
    <p class='ocr_par' dir='ltr' id='par_1_16' title="bbox 751 1599 1619 1672">
     <span class='ocr_line' id='line_1_16' title="bbox 751 1599 1619 1672; baseline -0.003 -14"><span class='ocrx_word' id='word_1_107' title='bbox 751 1599 968 1672; x_wconf 53' lang='grc' dir='ltr'>διάξτήν</span> <span class='ocrx_word' id='word_1_108' title='bbox 1002 1599 1110 1672; x_wconf 73' lang='grc' dir='ltr'>τῆς</span> <span class='ocrx_word' id='word_1_109' title='bbox 1141 1601 1357 1663; x_wconf 84' lang='grc' dir='ltr'>πόλεως</span> <span class='ocrx_word' id='word_1_110' title='bbox 1391 1599 1619 1655; x_wconf 75' lang='grc' dir='ltr'>ἅλωσιν.</span> 
     </span>
    </p>
   </div>
   <div class='ocr_carea' id='block_1_17' title="bbox 430 1703 2016 1783">
    <p class='ocr_par' dir='ltr' id='par_1_17' title="bbox 430 1703 2016 1783">
     <span class='ocr_line' id='line_1_17' title="bbox 430 1703 2016 1783; baseline -0.006 -16"><span class='ocrx_word' id='word_1_111' title='bbox 430 1710 610 1767; x_wconf 85' lang='grc' dir='ltr'>Ἀλλά</span> <span class='ocrx_word' id='word_1_112' title='bbox 663 1715 831 1766; x_wconf 79' lang='grc' dir='ltr'>ταῦτα</span> <span class='ocrx_word' id='word_1_113' title='bbox 882 1711 976 1783; x_wconf 73' lang='grc' dir='ltr'>μὲν</span> <span class='ocrx_word' id='word_1_114' title='bbox 1023 1707 1164 1763; x_wconf 65' lang='grc' dir='ltr'>οὕτω</span> <span class='ocrx_word' id='word_1_115' title='bbox 1211 1708 1346 1762; x_wconf 83' lang='grc' dir='ltr'>κατά</span> <span class='ocrx_word' id='word_1_116' title='bbox 1374 1709 1476 1777; x_wconf 78' lang='grc' dir='ltr'>τήν</span> <span class='ocrx_word' id='word_1_117' title='bbox 1515 1703 1681 1761; x_wconf 88' lang='grc' dir='ltr'>πόλιν</span> <span class='ocrx_word' id='word_1_118' title='bbox 1731 1705 2016 1780; x_wconf 84' lang='grc' dir='ltr'>έπραχθη-</span> 
     </span>
    </p>
   </div>
   <div class='ocr_carea' id='block_1_18' title="bbox 360 1796 2013 1874">
    <p class='ocr_par' dir='ltr' id='par_1_18' title="bbox 360 1796 2013 1874">
     <span class='ocr_line' id='line_1_18' title="bbox 360 1796 2013 1874; baseline -0.006 -17"><span class='ocrx_word' id='word_1_119' title='bbox 360 1823 477 1858; x_wconf 87' lang='grc' dir='ltr'>σαν.</span> <span class='ocrx_word' id='word_1_120' title='bbox 539 1801 688 1857; x_wconf 85' lang='grc' dir='ltr'>Ἑπεί</span> <span class='ocrx_word' id='word_1_121' title='bbox 747 1797 792 1854; x_wconf 84' lang='grc' dir='ltr'>δ’</span> <span class='ocrx_word' id='word_1_122' title='bbox 851 1797 1023 1874; x_wconf 75' lang='grc' dir='ltr'>ἐχρῆν</span> <span class='ocrx_word' id='word_1_123' title='bbox 1076 1798 1360 1874; x_wconf 77' lang='grc' dir='ltr'>πανταχοῦ</span> <span class='ocrx_word' id='word_1_124' title='bbox 1418 1796 1843 1871; x_wconf 75' lang='grc' dir='ltr'>φημίζεσθαιτά</span> <span class='ocrx_word' id='word_1_125' title='bbox 1873 1814 2013 1868; x_wconf 86' lang='grc' dir='ltr'>πρα-</span> 
     </span>
    </p>
   </div>
   <div class='ocr_carea' id='block_1_19' title="bbox 358 1885 2093 1967">
    <p class='ocr_par' dir='ltr' id='par_1_19' title="bbox 358 1885 2093 1967">
     <span class='ocr_line' id='line_1_19' title="bbox 358 1885 2093 1967; baseline -0.005 -22"><span class='ocrx_word' id='word_1_126' title='bbox 358 1893 579 1967; x_wconf 84' lang='grc' dir='ltr'>χθέντα,</span> <span class='ocrx_word' id='word_1_127' title='bbox 632 1889 722 1944; x_wconf 76' lang='grc' dir='ltr'>καὶ</span> <span class='ocrx_word' id='word_1_128' title='bbox 781 1887 996 1962; x_wconf 73' lang='grc' dir='ltr'>μᾶλλον</span> <span class='ocrx_word' id='word_1_129' title='bbox 1057 1888 1180 1942; x_wconf 84' lang='grc' dir='ltr'>ὅσον</span> <span class='ocrx_word' id='word_1_130' title='bbox 1239 1888 1300 1942; x_wconf 87' lang='grc' dir='ltr'>τὸ</span> <span class='ocrx_word' id='word_1_131' title='bbox 1359 1887 1804 1959; x_wconf 80' lang='grc' dir='ltr'>θαυμασιώτερον</span> <span class='ocrx_word' id='word_1_132' title='bbox 1840 1885 2013 1958; x_wconf 74' lang='grc' dir='ltr'>εἶχον,</span> <span class='ocrx_word' id='word_1_133' title='bbox 2049 1902 2093 1967; x_wconf 80' lang='grc' dir='ltr'><strong>Β</strong></span> 
     </span>
    </p>
   </div>
   <div class='ocr_carea' id='block_1_20' title="bbox 359 1973 2008 2051">
    <p class='ocr_par' dir='ltr' id='par_1_20' title="bbox 359 1973 2008 2051">
     <span class='ocr_line' id='line_1_20' title="bbox 359 1973 2008 2051; baseline -0.006 -16"><span class='ocrx_word' id='word_1_134' title='bbox 359 1981 432 2042; x_wconf 85' lang='grc' dir='ltr'>ὡς</span> <span class='ocrx_word' id='word_1_135' title='bbox 491 1979 549 2034; x_wconf 84' lang='grc' dir='ltr'>ἐκ</span> <span class='ocrx_word' id='word_1_136' title='bbox 599 1976 844 2051; x_wconf 78' lang='grc' dir='ltr'>παρόδου</span> <span class='ocrx_word' id='word_1_137' title='bbox 891 1977 1098 2032; x_wconf 85' lang='grc' dir='ltr'>ἀλῶναι</span> <span class='ocrx_word' id='word_1_138' title='bbox 1155 1975 1414 2046; x_wconf 74' lang='grc' dir='ltr'>τοιαύτην</span> <span class='ocrx_word' id='word_1_139' title='bbox 1471 1973 1634 2029; x_wconf 92' lang='grc' dir='ltr'>πόλιν</span> <span class='ocrx_word' id='word_1_140' title='bbox 1693 1978 1810 2034; x_wconf 82' lang='grc' dir='ltr'>τοῖς</span> <span class='ocrx_word' id='word_1_141' title='bbox 1841 1993 1899 2046; x_wconf 91' lang='grc' dir='ltr'>γε</span> <span class='ocrx_word' id='word_1_142' title='bbox 1932 1974 2008 2046; x_wconf 75' lang='grc' dir='ltr'>μή</span> 
     </span>
    </p>
   </div>
   <div class='ocr_carea' id='block_1_21' title="bbox 357 2064 2012 2144">
    <p class='ocr_par' dir='ltr' id='par_1_21' title="bbox 357 2064 2012 2144">
     <span class='ocr_line' id='line_1_21' title="bbox 357 2064 2012 2144; baseline -0.005 -20"><span class='ocrx_word' id='word_1_143' title='bbox 357 2069 446 2124; x_wconf 81' lang='grc' dir='ltr'>ἐπὶ</span> <span class='ocrx_word' id='word_1_144' title='bbox 501 2068 681 2141; x_wconf 80' lang='grc' dir='ltr'>τούτῳ</span> <span class='ocrx_word' id='word_1_145' title='bbox 733 2069 832 2136; x_wconf 82' lang='grc' dir='ltr'>τήν</span> <span class='ocrx_word' id='word_1_146' title='bbox 886 2067 1064 2143; x_wconf 73' lang='grc' dir='ltr'>ἀρχὴν</span> <span class='ocrx_word' id='word_1_147' title='bbox 1115 2065 1460 2144; x_wconf 69' lang='grc' dir='ltr'>ἀφιγμένοις,</span> <span class='ocrx_word' id='word_1_148' title='bbox 1507 2064 1648 2126; x_wconf 73' lang='grc' dir='ltr'>τινὲς</span> <span class='ocrx_word' id='word_1_149' title='bbox 1703 2067 1810 2117; x_wconf 92' lang='grc' dir='ltr'>τῶν</span> <span class='ocrx_word' id='word_1_150' title='bbox 1839 2083 2012 2137; x_wconf 84' lang='grc' dir='ltr'>ταχυς</span> 
     </span>
    </p>
   </div>
   <div class='ocr_carea' id='block_1_22' title="bbox 358 2153 2011 2232">
    <p class='ocr_par' dir='ltr' id='par_1_22' title="bbox 358 2153 2011 2232">
     <span class='ocr_line' id='line_1_22' title="bbox 358 2153 2011 2232; baseline -0.01 -17"><span class='ocrx_word' id='word_1_151' title='bbox 358 2155 711 2232; x_wconf 73' lang='grc' dir='ltr'>δρομούντων</span> <span class='ocrx_word' id='word_1_152' title='bbox 788 2156 876 2211; x_wconf 82' lang='grc' dir='ltr'>ἐπὶ</span> <span class='ocrx_word' id='word_1_153' title='bbox 953 2155 1284 2230; x_wconf 83' lang='grc' dir='ltr'>συγχαρείας</span> <span class='ocrx_word' id='word_1_154' title='bbox 1336 2153 1482 2208; x_wconf 76' lang='grc' dir='ltr'>ἔθεον</span> <span class='ocrx_word' id='word_1_155' title='bbox 1542 2156 1828 2226; x_wconf 71' lang='grc' dir='ltr'>πανταχοῦ</span> <span class='ocrx_word' id='word_1_156' title='bbox 1885 2158 2011 2225; x_wconf 67' lang='grc' dir='ltr'>γῆς,</span> 
     </span>
    </p>
   </div>
   <div class='ocr_carea' id='block_1_23' title="bbox 357 2239 2012 2322">
    <p class='ocr_par' dir='ltr' id='par_1_23' title="bbox 357 2239 2012 2322">
     <span class='ocr_line' id='line_1_23' title="bbox 357 2239 2012 2322; baseline -0.007 -18"><span class='ocrx_word' id='word_1_157' title='bbox 357 2247 432 2310; x_wconf 80' lang='grc' dir='ltr'>ὡς</span> <span class='ocrx_word' id='word_1_158' title='bbox 489 2244 645 2319; x_wconf 82' lang='grc' dir='ltr'>ἁλῴη</span> <span class='ocrx_word' id='word_1_159' title='bbox 677 2245 1036 2322; x_wconf 76' lang='grc' dir='ltr'>ἀγγελοῦντες</span> <span class='ocrx_word' id='word_1_160' title='bbox 1083 2245 1145 2299; x_wconf 86' lang='grc' dir='ltr'>τὸ</span> <span class='ocrx_word' id='word_1_161' title='bbox 1200 2244 1334 2320; x_wconf 88' lang='grc' dir='ltr'>μέγα</span> <span class='ocrx_word' id='word_1_162' title='bbox 1365 2243 1516 2312; x_wconf 82' lang='grc' dir='ltr'>ἄστυ,</span> <span class='ocrx_word' id='word_1_163' title='bbox 1563 2240 1776 2316; x_wconf 76' lang='grc' dir='ltr'>ἡμέρας</span> <span class='ocrx_word' id='word_1_164' title='bbox 1819 2239 2012 2310; x_wconf 81' lang='grc' dir='ltr'>ἐπισή-</span> 
     </span>
    </p>
   </div>
   <div class='ocr_carea' id='block_1_24' title="bbox 361 2328 2011 2413">
    <p class='ocr_par' dir='ltr' id='par_1_24' title="bbox 361 2328 2011 2413">
     <span class='ocr_line' id='line_1_24' title="bbox 361 2328 2011 2413; baseline -0.005 -23"><span class='ocrx_word' id='word_1_165' title='bbox 361 2356 488 2407; x_wconf 90' lang='grc' dir='ltr'>μου,</span> <span class='ocrx_word' id='word_1_166' title='bbox 565 2335 643 2413; x_wconf 68' lang='grc' dir='ltr'>ἐφ’</span> <span class='ocrx_word' id='word_1_167' title='bbox 725 2333 887 2410; x_wconf 85' lang='grc' dir='ltr'>έορτῇ</span> <span class='ocrx_word' id='word_1_168' title='bbox 959 2335 1059 2402; x_wconf 70' lang='grc' dir='ltr'>τῆς</span> <span class='ocrx_word' id='word_1_169' title='bbox 1119 2335 1469 2406; x_wconf 74' lang='grc' dir='ltr'>Θεομήτορος</span> <span class='ocrx_word' id='word_1_170' title='bbox 1548 2337 1776 2401; x_wconf 51' lang='grc' dir='ltr'>’ίΑννης,</span> <span class='ocrx_word' id='word_1_171' title='bbox 1841 2328 2011 2402; x_wconf 78' lang='grc' dir='ltr'>μηνὸς</span> 
     </span>
    </p>
   </div>
   <div class='ocr_carea' id='block_1_25' title="bbox 357 2417 2010 2499">
    <p class='ocr_par' dir='ltr' id='par_1_25' title="bbox 357 2417 2010 2499">
     <span class='ocr_line' id='line_1_25' title="bbox 357 2417 2010 2499; baseline -0.006 -18"><span class='ocrx_word' id='word_1_172' title='bbox 357 2427 838 2499; x_wconf 76' lang='grc' dir='ltr'>Ἀνθεστηριῶνος,</span> <span class='ocrx_word' id='word_1_173' title='bbox 893 2423 1096 2477; x_wconf 83' lang='grc' dir='ltr'>ἀκονιτὶ</span> <span class='ocrx_word' id='word_1_174' title='bbox 1129 2420 1327 2497; x_wconf 84' lang='grc' dir='ltr'>σχεδὸν</span> <span class='ocrx_word' id='word_1_175' title='bbox 1375 2420 1464 2475; x_wconf 84' lang='grc' dir='ltr'>καὶ</span> <span class='ocrx_word' id='word_1_176' title='bbox 1515 2421 1591 2482; x_wconf 86' lang='grc' dir='ltr'>ὡς</span> <span class='ocrx_word' id='word_1_177' title='bbox 1643 2419 1740 2474; x_wconf 85' lang='grc' dir='ltr'>ούκ</span> <span class='ocrx_word' id='word_1_178' title='bbox 1769 2417 2010 2488; x_wconf 73' lang='grc' dir='ltr'>’ἤλπισάν</span> 
     </span>
    </p>
   </div>
   <div class='ocr_carea' id='block_1_26' title="bbox 353 2507 2008 2585">
    <p class='ocr_par' dir='ltr' id='par_1_26' title="bbox 353 2507 2008 2585">
     <span class='ocr_line' id='line_1_26' title="bbox 353 2507 2008 2585; baseline -0.004 -17"><span class='ocrx_word' id='word_1_179' title='bbox 353 2535 485 2570; x_wconf 82' lang='grc' dir='ltr'>ποτε</span> <span class='ocrx_word' id='word_1_180' title='bbox 516 2515 568 2568; x_wconf 82' lang='lat' dir='ltr'>o&#39;t</span> <span class='ocrx_word' id='word_1_181' title='bbox 601 2512 846 2575; x_wconf 76' lang='grc' dir='ltr'>ἁλόντες.</span> <span class='ocrx_word' id='word_1_182' title='bbox 884 2517 1091 2585; x_wconf 83' lang='grc' dir='ltr'>Σημεῖν</span> <span class='ocrx_word' id='word_1_183' title='bbox 1128 2508 1174 2566; x_wconf 88' lang='grc' dir='ltr'>δ’</span> <span class='ocrx_word' id='word_1_184' title='bbox 1215 2509 1477 2582; x_wconf 76' lang='grc' dir='ltr'>ἀληθείας</span> <span class='ocrx_word' id='word_1_185' title='bbox 1531 2514 1639 2564; x_wconf 90' lang='grc' dir='ltr'>τῶν</span> <span class='ocrx_word' id='word_1_186' title='bbox 1687 2507 2008 2583; x_wconf 85' lang='grc' dir='ltr'>λεγομένων</span> 
     </span>
    </p>
   </div>
   <div class='ocr_carea' id='block_1_27' title="bbox 357 2598 2008 2680">
    <p class='ocr_par' dir='ltr' id='par_1_27' title="bbox 357 2598 2008 2680">
     <span class='ocr_line' id='line_1_27' title="bbox 357 2598 2008 2680; baseline -0.003 -22"><span class='ocrx_word' id='word_1_187' title='bbox 357 2603 584 2665; x_wconf 81' lang='grc' dir='ltr'>ἐκείνοις</span> <span class='ocrx_word' id='word_1_188' title='bbox 635 2605 700 2674; x_wconf 78' lang='grc' dir='ltr'>ἦν</span> <span class='ocrx_word' id='word_1_189' title='bbox 752 2598 1103 2680; x_wconf 63' lang='grc' dir='ltr'>κογκοϐαφὴς</span> <span class='ocrx_word' id='word_1_190' title='bbox 1155 2600 1380 2676; x_wconf 78' lang='grc' dir='ltr'>σάρισσα</span> <span class='ocrx_word' id='word_1_191' title='bbox 1425 2598 1766 2671; x_wconf 86' lang='grc' dir='ltr'>δεικνυμένη.</span> <span class='ocrx_word' id='word_1_192' title='bbox 1801 2600 1882 2672; x_wconf 87' lang='grc' dir='ltr'>[Ρ.</span> <span class='ocrx_word' id='word_1_193' title='bbox 1917 2600 2008 2670; x_wconf 83' lang='grc'>96]</span> 
     </span>
    </p>
   </div>
   <div class='ocr_carea' id='block_1_28' title="bbox 355 2685 2009 2766">
    <p class='ocr_par' dir='ltr' id='par_1_28' title="bbox 355 2685 2009 2766">
     <span class='ocr_line' id='line_1_28' title="bbox 355 2685 2009 2766; baseline -0.005 -17"><span class='ocrx_word' id='word_1_194' title='bbox 355 2693 506 2749; x_wconf 82' lang='grc' dir='ltr'>Ἐπεὶ</span> <span class='ocrx_word' id='word_1_195' title='bbox 567 2690 624 2748; x_wconf 69' lang='grc' dir='ltr'>δὲ</span> <span class='ocrx_word' id='word_1_196' title='bbox 679 2691 767 2748; x_wconf 79' lang='grc' dir='ltr'>καὶ</span> <span class='ocrx_word' id='word_1_197' title='bbox 829 2693 905 2754; x_wconf 74' lang='grc' dir='ltr'>εἲς</span> <span class='ocrx_word' id='word_1_198' title='bbox 964 2687 1334 2763; x_wconf 80' lang='grc' dir='ltr'>Νικομήδειαν</span> <span class='ocrx_word' id='word_1_199' title='bbox 1391 2685 1655 2766; x_wconf 66' lang='grc' dir='ltr'>ἔφθασαν,</span> <span class='ocrx_word' id='word_1_200' title='bbox 1707 2687 2009 2757; x_wconf 83' lang='grc' dir='ltr'>ἐνεστώσης</span> 
     </span>
    </p>
   </div>
   <div class='ocr_carea' id='block_1_29' title="bbox 353 2774 2008 2858">
    <p class='ocr_par' dir='ltr' id='par_1_29' title="bbox 353 2774 2008 2858">
     <span class='ocr_line' id='line_1_29' title="bbox 353 2774 2008 2858; baseline -0.005 -19"><span class='ocrx_word' id='word_1_201' title='bbox 353 2784 452 2853; x_wconf 81' lang='grc' dir='ltr'>τῆς</span> <span class='ocrx_word' id='word_1_202' title='bbox 485 2781 842 2858; x_wconf 76' lang='grc' dir='ltr'>πανηγύρεως</span> <span class='ocrx_word' id='word_1_203' title='bbox 873 2785 969 2836; x_wconf 71' lang='grc' dir='ltr'>τοῦ</span> <span class='ocrx_word' id='word_1_204' title='bbox 1001 2780 1053 2835; x_wconf 85' lang='grc' dir='ltr'>έν</span> <span class='ocrx_word' id='word_1_205' title='bbox 1108 2780 1337 2854; x_wconf 75' lang='grc' dir='ltr'>μάρτυσι</span> <span class='ocrx_word' id='word_1_206' title='bbox 1393 2779 1650 2852; x_wconf 89' lang='grc' dir='ltr'>μεγίστου</span> <span class='ocrx_word' id='word_1_207' title='bbox 1695 2774 2008 2847; x_wconf 75' lang='grc' dir='ltr'>Ηαντελεή-</span> 
     </span>
    </p>
   </div>
   <div class='ocr_carea' id='block_1_30' title="bbox 354 2942 2008 3018">
    <p class='ocr_par' dir='ltr' id='par_1_30' title="bbox 354 2942 2008 3018">
     <span class='ocr_line' id='line_1_30' title="bbox 354 2942 2008 3018; baseline -0.007 -11"><span class='ocrx_word' id='word_1_208' title='bbox 354 2949 644 3007; x_wconf 82' lang='lat' dir='ltr'>rationem</span> <span class='ocrx_word' id='word_1_209' title='bbox 675 2948 840 3003; x_wconf 87' lang='lat' dir='ltr'>urbis</span> <span class='ocrx_word' id='word_1_210' title='bbox 891 2945 1063 3018; x_wconf 67' lang='lat' dir='ltr'>regia:</span> <span class='ocrx_word' id='word_1_211' title='bbox 1106 2945 1544 3018; x_wconf 80' lang='lat' dir='ltr'>promitterent.</span> <span class='ocrx_word' id='word_1_212' title='bbox 1604 2942 2008 2998; x_wconf 88' lang='lat' dir='ltr'>Versabantur</span> 
     </span>
    </p>
   </div>
   <div class='ocr_carea' id='block_1_31' title="bbox 352 3030 2004 3106">
    <p class='ocr_par' dir='ltr' id='par_1_31' title="bbox 352 3030 2004 3106">
     <span class='ocr_line' id='line_1_31' title="bbox 352 3030 2004 3106; baseline -0.007 -11"><span class='ocrx_word' id='word_1_213' title='bbox 352 3043 549 3095; x_wconf 88' lang='lat' dir='ltr'>autem</span> <span class='ocrx_word' id='word_1_214' title='bbox 583 3037 641 3091; x_wconf 92' lang='lat' dir='ltr'>in</span> <span class='ocrx_word' id='word_1_215' title='bbox 673 3052 742 3092; x_wconf 88' lang='lat' dir='ltr'>ea</span> <span class='ocrx_word' id='word_1_216' title='bbox 770 3033 1204 3106; x_wconf 81' lang='lat' dir='ltr'>conquisitione</span> <span class='ocrx_word' id='word_1_217' title='bbox 1237 3049 1338 3105; x_wconf 88' lang='lat' dir='ltr'>per</span> <span class='ocrx_word' id='word_1_218' title='bbox 1368 3036 1722 3099; x_wconf 87' lang='lat' dir='ltr'>noctem,me</span> <span class='ocrx_word' id='word_1_219' title='bbox 1746 3030 2004 3102; x_wconf 92' lang='lat' dir='ltr'>ipso,qui</span> 
     </span>
    </p>
   </div>
   <div class='ocr_carea' id='block_1_32' title="bbox 351 3119 2001 3194">
    <p class='ocr_par' dir='ltr' id='par_1_32' title="bbox 351 3119 2001 3194">
     <span class='ocr_line' id='line_1_32' title="bbox 351 3119 2001 3194; baseline -0.005 -12"><span class='ocrx_word' id='word_1_220' title='bbox 351 3127 473 3182; x_wconf 70' lang='lat' dir='ltr'>hmo</span> <span class='ocrx_word' id='word_1_221' title='bbox 521 3125 740 3194; x_wconf 88' lang='lat' dir='ltr'>scribo,</span> <span class='ocrx_word' id='word_1_222' title='bbox 797 3125 979 3179; x_wconf 82' lang='lat' dir='ltr'>facem</span> <span class='ocrx_word' id='word_1_223' title='bbox 1017 3122 1162 3194; x_wconf 82' lang='lat' dir='ltr'>ipsis</span> <span class='ocrx_word' id='word_1_224' title='bbox 1194 3136 1444 3189; x_wconf 90' lang='lat' dir='ltr'>eeream,</span> <span class='ocrx_word' id='word_1_225' title='bbox 1490 3119 1560 3174; x_wconf 89' lang='lat' dir='ltr'>ad</span> <span class='ocrx_word' id='word_1_226' title='bbox 1599 3121 1771 3190; x_wconf 83' lang='lat' dir='ltr'>cujus</span> <span class='ocrx_word' id='word_1_227' title='bbox 1803 3119 2001 3173; x_wconf 89' lang='lat' dir='ltr'>lumen</span> 
     </span>
    </p>
   </div>
   <div class='ocr_carea' id='block_1_33' title="bbox 349 3208 2002 3284">
    <p class='ocr_par' dir='ltr' id='par_1_33' title="bbox 349 3208 2002 3284">
     <span class='ocr_line' id='line_1_33' title="bbox 349 3208 2002 3284; baseline -0.007 -12"><span class='ocrx_word' id='word_1_228' title='bbox 349 3215 764 3280; x_wconf 72' lang='lat' dir='ltr'>lucubrabant,</span> <span class='ocrx_word' id='word_1_229' title='bbox 802 3212 1202 3284; x_wconf 69' lang='lat' dir='ltr'>praetendente</span> <span class='ocrx_word' id='word_1_230' title='bbox 1232 3226 1298 3264; x_wconf 89' lang='lat' dir='ltr'>ac</span> <span class='ocrx_word' id='word_1_231' title='bbox 1325 3209 1412 3264; x_wconf 89' lang='lat' dir='ltr'>sic</span> <span class='ocrx_word' id='word_1_232' title='bbox 1440 3226 1470 3263; x_wconf 90' lang='lat' dir='ltr'>e</span> <span class='ocrx_word' id='word_1_233' title='bbox 1511 3208 1845 3280; x_wconf 90' lang='lat' dir='ltr'>propinquo</span> <span class='ocrx_word' id='word_1_234' title='bbox 1896 3224 2002 3262; x_wconf 81' lang='lat' dir='ltr'>au-</span> 
     </span>
    </p>
   </div>
   <div class='ocr_carea' id='block_1_34' title="bbox 2125 595 3790 674">
    <p class='ocr_par' dir='ltr' id='par_1_34' title="bbox 2125 595 3790 674">
     <span class='ocr_line' id='line_1_34' title="bbox 2125 595 3790 674; baseline 0.005 -25"><span class='ocrx_word' id='word_1_235' title='bbox 2125 603 2586 671; x_wconf 83' lang='grc' dir='ltr'>πρωτασηκρῆτις</span> <span class='ocrx_word' id='word_1_236' title='bbox 2672 595 2909 674; x_wconf 75' lang='grc' dir='ltr'>ὀφφικίῳ</span> <span class='ocrx_word' id='word_1_237' title='bbox 3017 598 3464 674; x_wconf 84' lang='grc' dir='ltr'>μεγαλυνόμενον</span> <span class='ocrx_word' id='word_1_238' title='bbox 3549 602 3640 656; x_wconf 87' lang='grc' dir='ltr'>καὶ</span> <span class='ocrx_word' id='word_1_239' title='bbox 3725 602 3790 658; x_wconf 85' lang='grc' dir='ltr'>τὸ</span> 
     </span>
    </p>
   </div>
   <div class='ocr_carea' id='block_1_35' title="bbox 2128 682 3792 762">
    <p class='ocr_par' dir='ltr' id='par_1_35' title="bbox 2128 682 3792 762">
     <span class='ocr_line' id='line_1_35' title="bbox 2128 682 3792 762; baseline 0.005 -25"><span class='ocrx_word' id='word_1_240' title='bbox 2128 684 2501 761; x_wconf 76' lang='grc' dir='ltr'>φημιζόμενον</span> <span class='ocrx_word' id='word_1_241' title='bbox 2547 682 2768 754; x_wconf 55' lang='grc' dir='ltr'>ἤκουσε</span> <span class='ocrx_word' id='word_1_242' title='bbox 2820 691 3038 762; x_wconf 83' lang='grc' dir='ltr'>πρῶτον</span> <span class='ocrx_word' id='word_1_243' title='bbox 3095 687 3188 760; x_wconf 73' lang='grc' dir='ltr'>μὲν</span> <span class='ocrx_word' id='word_1_244' title='bbox 3242 685 3518 758; x_wconf 73' lang='grc' dir='ltr'>διηπίστει</span> <span class='ocrx_word' id='word_1_245' title='bbox 3567 689 3657 745; x_wconf 85' lang='grc' dir='ltr'>καὶ</span> <span class='ocrx_word' id='word_1_246' title='bbox 3713 691 3792 755; x_wconf 82' lang='grc' dir='ltr'>ὡς</span> 
     </span>
    </p>
   </div>
   <div class='ocr_carea' id='block_1_36' title="bbox 2126 771 3790 848">
    <p class='ocr_par' dir='ltr' id='par_1_36' title="bbox 2126 771 3790 848">
     <span class='ocr_line' id='line_1_36' title="bbox 2126 771 3790 848; baseline 0.005 -21"><span class='ocrx_word' id='word_1_247' title='bbox 2126 771 2355 845; x_wconf 77' lang='grc' dir='ltr'>πλάσμα</span> <span class='ocrx_word' id='word_1_248' title='bbox 2401 773 2494 828; x_wconf 86' lang='grc' dir='ltr'>τὸν</span> <span class='ocrx_word' id='word_1_249' title='bbox 2542 773 2708 848; x_wconf 87' lang='grc' dir='ltr'>λόγον</span> <span class='ocrx_word' id='word_1_250' title='bbox 2760 773 3099 848; x_wconf 87' lang='grc' dir='ltr'>ἀπέπεμπεν,</span> <span class='ocrx_word' id='word_1_251' title='bbox 3133 776 3210 838; x_wconf 83' lang='grc' dir='ltr'>ὡς</span> <span class='ocrx_word' id='word_1_252' title='bbox 3243 773 3288 831; x_wconf 88' lang='grc' dir='ltr'>δ’</span> <span class='ocrx_word' id='word_1_253' title='bbox 3321 776 3550 848; x_wconf 73' lang='grc' dir='ltr'>ἐξελθὼν</span> <span class='ocrx_word' id='word_1_254' title='bbox 3585 776 3790 848; x_wconf 73' lang='grc' dir='ltr'>ἤκουσε</span> 
     </span>
    </p>
   </div>
   <div class='ocr_carea' id='block_1_37' title="bbox 2126 862 3786 946">
    <p class='ocr_par' dir='ltr' id='par_1_37' title="bbox 2126 862 3786 946">
     <span class='ocr_line' id='line_1_37' title="bbox 2126 862 3786 946; baseline 0.004 -28"><span class='ocrx_word' id='word_1_255' title='bbox 2126 864 2214 918; x_wconf 78' lang='grc' dir='ltr'>καὶ</span> <span class='ocrx_word' id='word_1_256' title='bbox 2290 862 2561 918; x_wconf 72' lang='grc' dir='ltr'>ἐπίστευεν</span> <span class='ocrx_word' id='word_1_257' title='bbox 2597 906 2613 935; x_wconf 90' lang='grc'>,</span> <span class='ocrx_word' id='word_1_258' title='bbox 2691 862 2946 920; x_wconf 64' lang='grc' dir='ltr'>εἴσελθὼν</span> <span class='ocrx_word' id='word_1_259' title='bbox 3023 866 3136 938; x_wconf 80' lang='grc' dir='ltr'>ἅμα</span> <span class='ocrx_word' id='word_1_260' title='bbox 3187 866 3278 920; x_wconf 87' lang='grc' dir='ltr'>καὶ</span> <span class='ocrx_word' id='word_1_261' title='bbox 3334 871 3441 922; x_wconf 88' lang='grc' dir='ltr'>τῶν</span> <span class='ocrx_word' id='word_1_262' title='bbox 3511 869 3786 946; x_wconf 56' lang='grc' dir='ltr'>σψετέρων</span> 
     </span>
    </p>
   </div>
   <div class='ocr_carea' id='block_1_38' title="bbox 2128 950 3789 1029">
    <p class='ocr_par' dir='ltr' id='par_1_38' title="bbox 2128 950 3789 1029">
     <span class='ocr_line' id='line_1_38' title="bbox 2128 950 3789 1029; baseline 0.002 -23"><span class='ocrx_word' id='word_1_263' title='bbox 2128 951 2349 1028; x_wconf 84' lang='grc' dir='ltr'>γενείων</span> <span class='ocrx_word' id='word_1_264' title='bbox 2399 951 2557 1026; x_wconf 74' lang='grc' dir='ltr'>ἀπρὶξ</span> <span class='ocrx_word' id='word_1_265' title='bbox 2607 958 2725 1014; x_wconf 83' lang='grc' dir='ltr'>ταίς</span> <span class='ocrx_word' id='word_1_266' title='bbox 2777 953 2934 1029; x_wconf 84' lang='grc' dir='ltr'>χερσὶ</span> <span class='ocrx_word' id='word_1_267' title='bbox 2983 950 3338 1028; x_wconf 80' lang='grc' dir='ltr'>δραξάμενος,</span> <span class='ocrx_word' id='word_1_268' title='bbox 3405 977 3426 1006; x_wconf 80' lang='grc' dir='ltr'>ι</span> <span class='ocrx_word' id='word_1_269' title='bbox 3470 957 3535 1012; x_wconf 82' lang='grc' dir='ltr'><strong><em>Ὠ</em></strong></span> <span class='ocrx_word' id='word_1_270' title='bbox 3583 961 3724 1027; x_wconf 84' lang='grc' dir='ltr'>οἷον,</span> <span class='ocrx_word' id='word_1_271' title='bbox 3759 981 3789 1010; x_wconf 84' lang='grc'>››</span> 
     </span>
    </p>
   </div>
   <div class='ocr_carea' id='block_1_39' title="bbox 2129 1041 3789 1120">
    <p class='ocr_par' dir='ltr' id='par_1_39' title="bbox 2129 1041 3789 1120">
     <span class='ocr_line' id='line_1_39' title="bbox 2129 1041 3789 1120; baseline 0.004 -24"><span class='ocrx_word' id='word_1_272' title='bbox 2129 1042 2295 1110; x_wconf 70' lang='grc' dir='ltr'>εἶπεν,</span> <span class='ocrx_word' id='word_1_273' title='bbox 2357 1064 2383 1096; x_wconf 76' lang='grc' dir='ltr'>α</span> <span class='ocrx_word' id='word_1_274' title='bbox 2437 1041 2637 1095; x_wconf 82' lang='grc' dir='ltr'>ἀκούω.</span> <span class='ocrx_word' id='word_1_275' title='bbox 2691 1045 2861 1096; x_wconf 80' lang='grc' dir='ltr'>Τοῦτο</span> <span class='ocrx_word' id='word_1_276' title='bbox 2917 1047 3035 1104; x_wconf 86' lang='grc' dir='ltr'>ταῖς</span> <span class='ocrx_word' id='word_1_277' title='bbox 3092 1044 3389 1120; x_wconf 78' lang='grc' dir='ltr'>ἡμετέραις</span> <span class='ocrx_word' id='word_1_278' title='bbox 3445 1045 3789 1119; x_wconf 86' lang='grc' dir='ltr'>έταμιεύετο,</span> 
     </span>
    </p>
   </div>
   <div class='ocr_carea' id='block_1_40' title="bbox 2126 1129 3788 1208">
    <p class='ocr_par' dir='ltr' id='par_1_40' title="bbox 2126 1129 3788 1208">
     <span class='ocr_line' id='line_1_40' title="bbox 2126 1129 3788 1208; baseline 0.005 -24"><span class='ocrx_word' id='word_1_279' title='bbox 2126 1130 2177 1185; x_wconf 91' lang='grc' dir='ltr'>τί</span> <span class='ocrx_word' id='word_1_280' title='bbox 2233 1151 2295 1205; x_wconf 88' lang='grc' dir='ltr'>γε</span> <span class='ocrx_word' id='word_1_281' title='bbox 2346 1129 2681 1206; x_wconf 78' lang='grc' dir='ltr'>ἁμαρτοῦσιν</span> <span class='ocrx_word' id='word_1_282' title='bbox 2735 1131 2811 1195; x_wconf 83' lang='grc' dir='ltr'>ὡς</span> <span class='ocrx_word' id='word_1_283' title='bbox 2868 1130 3056 1205; x_wconf 80' lang='grc' dir='ltr'>έπιζῇν</span> <span class='ocrx_word' id='word_1_284' title='bbox 3117 1132 3207 1188; x_wconf 84' lang='grc' dir='ltr'>καὶ</span> <span class='ocrx_word' id='word_1_285' title='bbox 3272 1131 3493 1208; x_wconf 88' lang='grc' dir='ltr'>βλέπειν</span> <span class='ocrx_word' id='word_1_286' title='bbox 3549 1140 3788 1192; x_wconf 81' lang='grc' dir='ltr'>τοσαῦτα</span> 
     </span>
    </p>
   </div>
   <div class='ocr_carea' id='block_1_41' title="bbox 2129 1217 3784 1294">
    <p class='ocr_par' dir='ltr' id='par_1_41' title="bbox 2129 1217 3784 1294">
     <span class='ocr_line' id='line_1_41' title="bbox 2129 1217 3784 1294; baseline 0.004 -20"><span class='ocrx_word' id='word_1_287' title='bbox 2129 1217 2324 1289; x_wconf 73' lang='grc' dir='ltr'>δεινάς</span> <span class='ocrx_word' id='word_1_288' title='bbox 2384 1223 2480 1274; x_wconf 76' lang='grc' dir='ltr'>τοῦ</span> <span class='ocrx_word' id='word_1_289' title='bbox 2537 1218 2737 1274; x_wconf 83' lang='grc' dir='ltr'>λοιποῦ</span> <span class='ocrx_word' id='word_1_290' title='bbox 2797 1221 2963 1276; x_wconf 86' lang='grc' dir='ltr'>καλόν</span> <span class='ocrx_word' id='word_1_291' title='bbox 3019 1243 3102 1284; x_wconf 91' lang='grc' dir='ltr'>τις</span> <span class='ocrx_word' id='word_1_292' title='bbox 3161 1223 3237 1294; x_wconf 79' lang='grc' dir='ltr'>μὴ</span> <span class='ocrx_word' id='word_1_293' title='bbox 3297 1222 3606 1294; x_wconf 78' lang='grc' dir='ltr'>ἐλπιζέτω,</span> <span class='ocrx_word' id='word_1_294' title='bbox 3668 1224 3784 1281; x_wconf 82' lang='grc' dir='ltr'>ἐπεὶ</span> 
     </span>
    </p>
   </div>
   <div class='ocr_carea' id='block_1_42' title="bbox 2125 1308 3791 1382">
    <p class='ocr_par' dir='ltr' id='par_1_42' title="bbox 2125 1308 3791 1382">
     <span class='ocr_line' id='line_1_42' title="bbox 2125 1308 3791 1382; baseline 0.005 -20"><span class='ocrx_word' id='word_1_295' title='bbox 2125 1310 2388 1382; x_wconf 83' lang='grc' dir='ltr'>Ῥωμαῖοι</span> <span class='ocrx_word' id='word_1_296' title='bbox 2444 1309 2535 1362; x_wconf 83' lang='grc' dir='ltr'>καὶ</span> <span class='ocrx_word' id='word_1_297' title='bbox 2592 1308 2743 1372; x_wconf 76' lang='grc' dir='ltr'>αὖθις</span> <span class='ocrx_word' id='word_1_298' title='bbox 2800 1314 3032 1365; x_wconf 73' lang='grc' dir='ltr'>πατοῦσι</span> <span class='ocrx_word' id='word_1_299' title='bbox 3101 1313 3200 1380; x_wconf 75' lang='grc' dir='ltr'>τὴν</span> <span class='ocrx_word' id='word_1_300' title='bbox 3256 1311 3418 1368; x_wconf 90' lang='grc' dir='ltr'>πόλιν</span> <span class='ocrx_word' id='word_1_301' title='bbox 3455 1331 3468 1344; x_wconf 87' lang='lat'><strong><em>°</em></strong></span> <span class='ocrx_word' id='word_1_302' title='bbox 3541 1337 3570 1365; x_wconf 86' lang='lat'>»</span> <span class='ocrx_word' id='word_1_303' title='bbox 3625 1315 3791 1372; x_wconf 81' lang='grc' dir='ltr'>Ταῦτ’</span> 
     </span>
    </p>
   </div>
   <div class='ocr_carea' id='block_1_43' title="bbox 2127 1395 3792 1476">
    <p class='ocr_par' dir='ltr' id='par_1_43' title="bbox 2127 1395 3792 1476">
     <span class='ocr_line' id='line_1_43' title="bbox 2127 1395 3792 1476; baseline 0.003 -23"><span class='ocrx_word' id='word_1_304' title='bbox 2127 1395 2310 1470; x_wconf 77' lang='grc' dir='ltr'>ἔλεγεν</span> <span class='ocrx_word' id='word_1_305' title='bbox 2368 1395 2594 1468; x_wconf 80' lang='grc' dir='ltr'>ἐκεῖνος,</span> <span class='ocrx_word' id='word_1_306' title='bbox 2651 1399 2743 1453; x_wconf 79' lang='grc' dir='ltr'>καὶ</span> <span class='ocrx_word' id='word_1_307' title='bbox 2803 1396 2974 1468; x_wconf 81' lang='grc' dir='ltr'>δῆλος</span> <span class='ocrx_word' id='word_1_308' title='bbox 3032 1399 3099 1468; x_wconf 78' lang='grc' dir='ltr'>ἦν</span> <span class='ocrx_word' id='word_1_309' title='bbox 3135 1397 3512 1476; x_wconf 80' lang='grc' dir='ltr'>δυσχεραίνων</span> <span class='ocrx_word' id='word_1_310' title='bbox 3545 1404 3614 1457; x_wconf 80' lang='grc' dir='ltr'>τά</span> <span class='ocrx_word' id='word_1_311' title='bbox 3642 1402 3792 1476; x_wconf 86' lang='grc' dir='ltr'>παρά</span> 
     </span>
    </p>
   </div>
   <div class='ocr_carea' id='block_1_44' title="bbox 2126 1485 3790 1563">
    <p class='ocr_par' dir='ltr' id='par_1_44' title="bbox 2126 1485 3790 1563">
     <span class='ocr_line' id='line_1_44' title="bbox 2126 1485 3790 1563; baseline 0.004 -23"><span class='ocrx_word' id='word_1_312' title='bbox 2126 1485 2363 1549; x_wconf 82' lang='grc' dir='ltr'>πολλοῖς</span> <span class='ocrx_word' id='word_1_313' title='bbox 2397 1487 2802 1561; x_wconf 84' lang='grc' dir='ltr'>θαυμαζόμενα.</span> <span class='ocrx_word' id='word_1_314' title='bbox 2835 1491 3010 1544; x_wconf 77' lang='grc' dir='ltr'>’Ὀπου</span> <span class='ocrx_word' id='word_1_315' title='bbox 3042 1487 3100 1544; x_wconf 63' lang='grc' dir='ltr'>δὲ</span> <span class='ocrx_word' id='word_1_316' title='bbox 3143 1493 3483 1562; x_wconf 74' lang='grc' dir='ltr'>κατήντησαν</span> <span class='ocrx_word' id='word_1_317' title='bbox 3536 1496 3726 1563; x_wconf 80' lang='grc' dir='ltr'>ταῦτα,</span> <span class='ocrx_word' id='word_1_318' title='bbox 3760 1493 3790 1548; x_wconf 91' lang='lat'>6</span> 
     </span>
    </p>
   </div>
   <div class='ocr_carea' id='block_1_45' title="bbox 2125 1573 2816 1653">
    <p class='ocr_par' dir='ltr' id='par_1_45' title="bbox 2125 1573 2816 1653">
     <span class='ocr_line' id='line_1_45' title="bbox 2125 1573 2816 1653; baseline 0.006 -23"><span class='ocrx_word' id='word_1_319' title='bbox 2125 1573 2292 1650; x_wconf 86' lang='grc' dir='ltr'>λόγος</span> <span class='ocrx_word' id='word_1_320' title='bbox 2322 1576 2458 1632; x_wconf 88' lang='grc' dir='ltr'>κατά</span> <span class='ocrx_word' id='word_1_321' title='bbox 2483 1575 2650 1632; x_wconf 86' lang='grc' dir='ltr'>τόπον</span> <span class='ocrx_word' id='word_1_322' title='bbox 2683 1577 2816 1653; x_wconf 86' lang='grc' dir='ltr'>έρεῖ.</span> 
     </span>
    </p>
   </div>
   <div class='ocr_carea' id='block_1_46' title="bbox 2123 1699 3786 1778">
    <p class='ocr_par' dir='ltr' id='par_1_46' title="bbox 2123 1699 3786 1778">
     <span class='ocr_line' id='line_1_46' title="bbox 2123 1699 3786 1778; baseline 0.003 -22"><span class='ocrx_word' id='word_1_323' title='bbox 2123 1702 2224 1765; x_wconf 87' lang='grc' dir='ltr'>κθ’.</span> <span class='ocrx_word' id='word_1_324' title='bbox 2285 1703 2476 1765; x_wconf 88' lang='grc' dir='ltr'>’Όπως</span> <span class='ocrx_word' id='word_1_325' title='bbox 2531 1699 2796 1771; x_wconf 75' lang='grc' dir='ltr'>ἤκουσται</span> <span class='ocrx_word' id='word_1_326' title='bbox 3015 1701 3234 1778; x_wconf 85' lang='grc' dir='ltr'>βασιλεῖ</span> <span class='ocrx_word' id='word_1_327' title='bbox 3302 1707 3337 1774; x_wconf 79' lang='grc' dir='ltr'>ἡ</span> <span class='ocrx_word' id='word_1_328' title='bbox 3411 1711 3510 1775; x_wconf 84' lang='grc' dir='ltr'>τῆς</span> <span class='ocrx_word' id='word_1_329' title='bbox 3565 1703 3786 1770; x_wconf 86' lang='grc' dir='ltr'>πόλεως</span> 
     </span>
    </p>
   </div>
   <div class='ocr_carea' id='block_1_47' title="bbox 2836 1773 3062 1840">
    <p class='ocr_par' dir='ltr' id='par_1_47' title="bbox 2836 1773 3062 1840">
     <span class='ocr_line' id='line_1_47' title="bbox 2836 1773 3062 1840; baseline 0.018 -12"><span class='ocrx_word' id='word_1_330' title='bbox 2836 1773 3062 1840; x_wconf 74' lang='grc' dir='ltr'>ἅλωσις.</span> 
     </span>
    </p>
   </div>
   <div class='ocr_carea' id='block_1_48' title="bbox 2197 1878 3786 1959">
    <p class='ocr_par' dir='ltr' id='par_1_48' title="bbox 2197 1878 3786 1959">
     <span class='ocr_line' id='line_1_48' title="bbox 2197 1878 3786 1959; baseline 0.001 -21"><span class='ocrx_word' id='word_1_331' title='bbox 2197 1884 2281 1953; x_wconf 87' lang='grc' dir='ltr'>[Ρ.</span> <span class='ocrx_word' id='word_1_332' title='bbox 2313 1883 2406 1954; x_wconf 89' lang='grc'>97]</span> <span class='ocrx_word' id='word_1_333' title='bbox 2438 1879 2577 1938; x_wconf 85' lang='grc' dir='ltr'>Τότε</span> <span class='ocrx_word' id='word_1_334' title='bbox 2625 1878 2832 1936; x_wconf 73' lang='grc' dir='ltr'>πολλοί</span> <span class='ocrx_word' id='word_1_335' title='bbox 2877 1881 2967 1936; x_wconf 84' lang='grc' dir='ltr'>καὶ</span> <span class='ocrx_word' id='word_1_336' title='bbox 3026 1882 3163 1956; x_wconf 89' lang='grc' dir='ltr'>πρὸς</span> <span class='ocrx_word' id='word_1_337' title='bbox 3211 1884 3439 1958; x_wconf 74' lang='grc' dir='ltr'>βασιλέα</span> <span class='ocrx_word' id='word_1_338' title='bbox 3484 1884 3786 1959; x_wconf 79' lang='grc' dir='ltr'>ἠπείγοντο</span> 
     </span>
    </p>
   </div>
   <div class='ocr_carea' id='block_1_49' title="bbox 2126 1965 3783 2051">
    <p class='ocr_par' dir='ltr' id='par_1_49' title="bbox 2126 1965 3783 2051">
     <span class='ocr_line' id='line_1_49' title="bbox 2126 1965 3783 2051; baseline 0.002 -27"><span class='ocrx_word' id='word_1_339' title='bbox 2126 1971 2261 2024; x_wconf 84' lang='grc' dir='ltr'>κατά</span> <span class='ocrx_word' id='word_1_340' title='bbox 2308 1969 2369 2024; x_wconf 81' lang='grc' dir='ltr'>τὸ</span> <span class='ocrx_word' id='word_1_341' title='bbox 2419 1969 2711 2047; x_wconf 66' lang='grc' dir='ltr'>Νύμφαιον</span> <span class='ocrx_word' id='word_1_342' title='bbox 2764 1965 3129 2046; x_wconf 73' lang='grc' dir='ltr'>διατρίϐοντα,</span> <span class='ocrx_word' id='word_1_343' title='bbox 3180 1973 3266 2026; x_wconf 82' lang='grc' dir='ltr'>καὶ</span> <span class='ocrx_word' id='word_1_344' title='bbox 3311 1970 3783 2051; x_wconf 74' lang='grc' dir='ltr'>ἀντεφιλονείκουν</span> 
     </span>
    </p>
   </div>
   <div class='ocr_carea' id='block_1_50' title="bbox 2127 2058 3790 2139">
    <p class='ocr_par' dir='ltr' id='par_1_50' title="bbox 2127 2058 3790 2139">
     <span class='ocr_line' id='line_1_50' title="bbox 2127 2058 3790 2139; baseline 0.002 -24"><span class='ocrx_word' id='word_1_345' title='bbox 2127 2058 2427 2130; x_wconf 76' lang='grc' dir='ltr'>ἀλλήλοις,</span> <span class='ocrx_word' id='word_1_346' title='bbox 2489 2060 2636 2122; x_wconf 82' lang='grc' dir='ltr'>ὅστις</span> <span class='ocrx_word' id='word_1_347' title='bbox 2694 2061 2752 2114; x_wconf 76' lang='grc' dir='ltr'>ἃν</span> <span class='ocrx_word' id='word_1_348' title='bbox 2812 2062 3127 2136; x_wconf 75' lang='grc' dir='ltr'>προφθάσας</span> <span class='ocrx_word' id='word_1_349' title='bbox 3175 2062 3400 2137; x_wconf 80' lang='grc' dir='ltr'>κηρύξοι</span> <span class='ocrx_word' id='word_1_350' title='bbox 3449 2065 3516 2117; x_wconf 69' lang='grc' dir='ltr'>τὰ</span> <span class='ocrx_word' id='word_1_351' title='bbox 3565 2063 3790 2139; x_wconf 77' lang='grc' dir='ltr'>εὐαγγέ-</span> 
     </span>
    </p>
   </div>
   <div class='ocr_carea' id='block_1_51' title="bbox 2129 2147 3785 2229">
    <p class='ocr_par' dir='ltr' id='par_1_51' title="bbox 2129 2147 3785 2229">
     <span class='ocr_line' id='line_1_51' title="bbox 2129 2147 3785 2229; baseline 0.001 -23"><span class='ocrx_word' id='word_1_352' title='bbox 2129 2151 2242 2207; x_wconf 90' lang='grc' dir='ltr'>λια.</span> <span class='ocrx_word' id='word_1_353' title='bbox 2278 2149 2582 2228; x_wconf 69' lang='grc' dir='ltr'>Προφθάνει</span> <span class='ocrx_word' id='word_1_354' title='bbox 2615 2147 2671 2205; x_wconf 87' lang='grc' dir='ltr'>δέ</span> <span class='ocrx_word' id='word_1_355' title='bbox 2701 2172 2784 2214; x_wconf 87' lang='grc' dir='ltr'>τις</span> <span class='ocrx_word' id='word_1_356' title='bbox 2834 2151 2970 2205; x_wconf 82' lang='grc' dir='ltr'>κατά</span> <span class='ocrx_word' id='word_1_357' title='bbox 3018 2149 3285 2220; x_wconf 71' lang='grc' dir='ltr'>σπουδήν,</span> <span class='ocrx_word' id='word_1_358' title='bbox 3341 2149 3483 2226; x_wconf 77' lang='grc' dir='ltr'>μηδὲ</span> <span class='ocrx_word' id='word_1_359' title='bbox 3511 2154 3659 2229; x_wconf 83' lang='grc' dir='ltr'>παρά</span> <span class='ocrx_word' id='word_1_360' title='bbox 3686 2158 3785 2208; x_wconf 79' lang='grc' dir='ltr'>τοῦ</span> 
     </span>
    </p>
   </div>
   <div class='ocr_carea' id='block_1_52' title="bbox 2127 2235 3786 2315">
    <p class='ocr_par' dir='ltr' id='par_1_52' title="bbox 2127 2235 3786 2315">
     <span class='ocr_line' id='line_1_52' title="bbox 2127 2235 3786 2315; baseline 0.004 -23"><span class='ocrx_word' id='word_1_361' title='bbox 2127 2238 2392 2314; x_wconf 81' lang='grc' dir='ltr'>Καίσαρος</span> <span class='ocrx_word' id='word_1_362' title='bbox 2449 2241 2748 2314; x_wconf 79' lang='grc' dir='ltr'>γράμματα</span> <span class='ocrx_word' id='word_1_363' title='bbox 2801 2235 3204 2313; x_wconf 82' lang='grc' dir='ltr'>κομιζόμενος.</span> <span class='ocrx_word' id='word_1_364' title='bbox 3256 2241 3354 2295; x_wconf 75' lang='grc' dir='ltr'>Καὶ</span> <span class='ocrx_word' id='word_1_365' title='bbox 3407 2241 3522 2296; x_wconf 83' lang='grc' dir='ltr'>ἐπεὶ</span> <span class='ocrx_word' id='word_1_366' title='bbox 3575 2241 3786 2315; x_wconf 83' lang='grc' dir='ltr'>μηδένα</span> 
     </span>
    </p>
   </div>
   <div class='ocr_carea' id='block_1_53' title="bbox 2125 2325 3786 2404">
    <p class='ocr_par' dir='ltr' id='par_1_53' title="bbox 2125 2325 3786 2404">
     <span class='ocr_line' id='line_1_53' title="bbox 2125 2325 3786 2404; baseline 0.002 -22"><span class='ocrx_word' id='word_1_367' title='bbox 2125 2325 2233 2382; x_wconf 78' lang='grc' dir='ltr'>ἔδει</span> <span class='ocrx_word' id='word_1_368' title='bbox 2281 2327 2494 2383; x_wconf 84' lang='grc' dir='ltr'>ἀκούειν</span> <span class='ocrx_word' id='word_1_369' title='bbox 2544 2336 2645 2397; x_wconf 78' lang='grc' dir='ltr'>τῆς</span> <span class='ocrx_word' id='word_1_370' title='bbox 2699 2326 2953 2404; x_wconf 88' lang='grc' dir='ltr'>ἀγγελίας</span> <span class='ocrx_word' id='word_1_371' title='bbox 3015 2329 3121 2403; x_wconf 83' lang='grc' dir='ltr'>πρό</span> <span class='ocrx_word' id='word_1_372' title='bbox 3167 2351 3229 2404; x_wconf 88' lang='grc' dir='ltr'>γε</span> <span class='ocrx_word' id='word_1_373' title='bbox 3281 2329 3548 2404; x_wconf 87' lang='grc' dir='ltr'>βασιλέως</span> <span class='ocrx_word' id='word_1_374' title='bbox 3595 2331 3786 2403; x_wconf 77' lang='grc' dir='ltr'>αὐτοῦ,</span> 
     </span>
    </p>
   </div>
   <div class='ocr_carea' id='block_1_54' title="bbox 2123 2416 3784 2494">
    <p class='ocr_par' dir='ltr' id='par_1_54' title="bbox 2123 2416 3784 2494">
     <span class='ocr_line' id='line_1_54' title="bbox 2123 2416 3784 2494; baseline 0.002 -22"><span class='ocrx_word' id='word_1_375' title='bbox 2123 2417 2326 2479; x_wconf 82' lang='grc' dir='ltr'>ἐκεῖνος</span> <span class='ocrx_word' id='word_1_376' title='bbox 2357 2419 2431 2490; x_wconf 80' lang='grc' dir='ltr'>μὴ</span> <span class='ocrx_word' id='word_1_377' title='bbox 2465 2417 2579 2479; x_wconf 81' lang='grc' dir='ltr'>οἷός</span> <span class='ocrx_word' id='word_1_378' title='bbox 2610 2439 2668 2472; x_wconf 91' lang='grc' dir='ltr'>τε</span> <span class='ocrx_word' id='word_1_379' title='bbox 2699 2416 2770 2472; x_wconf 80' lang='grc' dir='ltr'>ὢν</span> <span class='ocrx_word' id='word_1_380' title='bbox 2802 2425 2904 2488; x_wconf 82' lang='grc' dir='ltr'>τῆς</span> <span class='ocrx_word' id='word_1_381' title='bbox 2928 2420 3063 2493; x_wconf 86' lang='grc' dir='ltr'>πρὸς</span> <span class='ocrx_word' id='word_1_382' title='bbox 3091 2419 3182 2473; x_wconf 63' lang='grc' dir='ltr'>τὸν</span> <span class='ocrx_word' id='word_1_383' title='bbox 3235 2418 3463 2492; x_wconf 87' lang='grc' dir='ltr'>βασιλέα</span> <span class='ocrx_word' id='word_1_384' title='bbox 3506 2416 3784 2494; x_wconf 82' lang='grc' dir='ltr'>προσόδου</span> 
     </span>
    </p>
   </div>
   <div class='ocr_carea' id='block_1_55' title="bbox 2121 2505 3785 2587">
    <p class='ocr_par' dir='ltr' id='par_1_55' title="bbox 2121 2505 3785 2587">
     <span class='ocr_line' id='line_1_55' title="bbox 2121 2505 3785 2587; baseline 0.002 -25"><span class='ocrx_word' id='word_1_385' title='bbox 2121 2509 2434 2583; x_wconf 77' lang='grc' dir='ltr'>τυγχάνειν,</span> <span class='ocrx_word' id='word_1_386' title='bbox 2491 2506 2744 2562; x_wconf 81' lang='grc' dir='ltr'>ἀπελθὼν</span> <span class='ocrx_word' id='word_1_387' title='bbox 2793 2505 3131 2583; x_wconf 87' lang='grc' dir='ltr'>ἀπαγγέλλει</span> <span class='ocrx_word' id='word_1_388' title='bbox 3179 2510 3248 2579; x_wconf 73' lang='grc' dir='ltr'>τῇ</span> <span class='ocrx_word' id='word_1_389' title='bbox 3289 2507 3500 2587; x_wconf 77' lang='grc' dir='ltr'>ἀδελφῇ</span> <span class='ocrx_word' id='word_1_390' title='bbox 3531 2515 3632 2564; x_wconf 81' lang='grc' dir='ltr'>τοῦ</span> <span class='ocrx_word' id='word_1_391' title='bbox 3685 2511 3785 2586; x_wconf 90' lang='grc' dir='ltr'>βα-</span> 
     </span>
    </p>
   </div>
   <div class='ocr_carea' id='block_1_56' title="bbox 2122 2595 3782 2673">
    <p class='ocr_par' dir='ltr' id='par_1_56' title="bbox 2122 2595 3782 2673">
     <span class='ocr_line' id='line_1_56' title="bbox 2122 2595 3782 2673; baseline 0.005 -23"><span class='ocrx_word' id='word_1_392' title='bbox 2122 2595 2322 2658; x_wconf 90' lang='grc' dir='ltr'>σιλέως</span> <span class='ocrx_word' id='word_1_393' title='bbox 2383 2596 2630 2670; x_wconf 79' lang='grc' dir='ltr'>Εὐλογίᾳ</span> <span class='ocrx_word' id='word_1_394' title='bbox 2688 2597 2761 2658; x_wconf 85' lang='grc' dir='ltr'>ὡς</span> <span class='ocrx_word' id='word_1_395' title='bbox 2817 2595 2974 2669; x_wconf 80' lang='grc' dir='ltr'>ἁλῴη</span> <span class='ocrx_word' id='word_1_396' title='bbox 3035 2602 3288 2673; x_wconf 81' lang='grc' dir='ltr'>καθαρῶς</span> <span class='ocrx_word' id='word_1_397' title='bbox 3345 2600 3407 2653; x_wconf 88' lang='grc' dir='ltr'>τὸ</span> <span class='ocrx_word' id='word_1_398' title='bbox 3465 2601 3782 2669; x_wconf 79' lang='grc' dir='ltr'>Βυζάντιον.</span> 
     </span>
    </p>
   </div>
   <div class='ocr_carea' id='block_1_57' title="bbox 2122 2683 3779 2762">
    <p class='ocr_par' dir='ltr' id='par_1_57' title="bbox 2122 2683 3779 2762">
     <span class='ocr_line' id='line_1_57' title="bbox 2122 2683 3779 2762; baseline 0.003 -22"><span class='ocrx_word' id='word_1_399' title='bbox 2122 2686 2333 2756; x_wconf 87' lang='grc' dir='ltr'>Ἐκείνη</span> <span class='ocrx_word' id='word_1_400' title='bbox 2395 2683 2442 2740; x_wconf 88' lang='grc' dir='ltr'>δ’</span> <span class='ocrx_word' id='word_1_401' title='bbox 2500 2685 2655 2750; x_wconf 77' lang='grc' dir='ltr'>εὐθὺς</span> <span class='ocrx_word' id='word_1_402' title='bbox 2707 2687 2800 2740; x_wconf 86' lang='grc' dir='ltr'>τὸν</span> <span class='ocrx_word' id='word_1_403' title='bbox 2860 2685 3027 2762; x_wconf 89' lang='grc' dir='ltr'>λόγον</span> <span class='ocrx_word' id='word_1_404' title='bbox 3086 2683 3350 2760; x_wconf 80' lang='grc' dir='ltr'>δεξαμένη</span> <span class='ocrx_word' id='word_1_405' title='bbox 3387 2730 3402 2757; x_wconf 94' lang='grc'>,</span> <span class='ocrx_word' id='word_1_406' title='bbox 3459 2685 3626 2753; x_wconf 70' lang='grc' dir='ltr'>ἕωθεν</span> <span class='ocrx_word' id='word_1_407' title='bbox 3685 2689 3779 2745; x_wconf 85' lang='grc' dir='ltr'>καὶ</span> 
     </span>
    </p>
   </div>
   <div class='ocr_carea' id='block_1_58' title="bbox 2121 2773 3781 2855">
    <p class='ocr_par' dir='ltr' id='par_1_58' title="bbox 2121 2773 3781 2855">
     <span class='ocr_line' id='line_1_58' title="bbox 2121 2773 3781 2855; baseline 0.004 -26"><span class='ocrx_word' id='word_1_408' title='bbox 2121 2774 2266 2848; x_wconf 83' lang='grc' dir='ltr'>παρά</span> <span class='ocrx_word' id='word_1_409' title='bbox 2315 2775 2378 2830; x_wconf 87' lang='grc' dir='ltr'>τὸ</span> <span class='ocrx_word' id='word_1_410' title='bbox 2439 2773 2664 2845; x_wconf 84' lang='grc' dir='ltr'>σύνηθες</span> <span class='ocrx_word' id='word_1_411' title='bbox 2721 2773 2955 2838; x_wconf 80' lang='grc' dir='ltr'>έΛθοῦσα</span> <span class='ocrx_word' id='word_1_412' title='bbox 3011 2775 3150 2851; x_wconf 86' lang='grc' dir='ltr'>πρὸς</span> <span class='ocrx_word' id='word_1_413' title='bbox 3205 2776 3273 2831; x_wconf 76' lang='grc' dir='ltr'>τὰ</span> <span class='ocrx_word' id='word_1_414' title='bbox 3324 2776 3599 2855; x_wconf 84' lang='grc' dir='ltr'>ἀνάκτορα</span> <span class='ocrx_word' id='word_1_415' title='bbox 3656 2778 3781 2854; x_wconf 74' lang='grc' dir='ltr'>ἐφι-</span> 
     </span>
    </p>
   </div>
   <div class='ocr_carea' id='block_1_59' title="bbox 2118 2938 3772 3015">
    <p class='ocr_par' dir='ltr' id='par_1_59' title="bbox 2118 2938 3772 3015">
     <span class='ocr_line' id='line_1_59' title="bbox 2118 2938 3772 3015; baseline 0.004 -21"><span class='ocrx_word' id='word_1_416' title='bbox 2118 2938 2350 2994; x_wconf 89' lang='lat' dir='ltr'>nissent</span> <span class='ocrx_word' id='word_1_417' title='bbox 2372 2955 2488 3010; x_wconf 91' lang='lat' dir='ltr'>quo</span> <span class='ocrx_word' id='word_1_418' title='bbox 2520 2941 2613 2995; x_wconf 89' lang='lat' dir='ltr'>die</span> <span class='ocrx_word' id='word_1_419' title='bbox 2646 2940 2724 2995; x_wconf 87' lang='lat' dir='ltr'>ibi</span> <span class='ocrx_word' id='word_1_420' title='bbox 2757 2940 3168 2997; x_wconf 80' lang='lat' dir='ltr'>celebrabatur</span> <span class='ocrx_word' id='word_1_421' title='bbox 3198 2943 3513 3015; x_wconf 85' lang='lat' dir='ltr'>panegyris</span> <span class='ocrx_word' id='word_1_422' title='bbox 3543 2944 3772 3001; x_wconf 85' lang='lat' dir='ltr'>S.Pan~</span> 
     </span>
    </p>
   </div>
   <div class='ocr_carea' id='block_1_60' title="bbox 2115 3027 3775 3101">
    <p class='ocr_par' dir='ltr' id='par_1_60' title="bbox 2115 3027 3775 3101">
     <span class='ocr_line' id='line_1_60' title="bbox 2115 3027 3775 3101; baseline 0.005 -19"><span class='ocrx_word' id='word_1_423' title='bbox 2115 3028 2459 3083; x_wconf 89' lang='lat' dir='ltr'>teleemonis</span> <span class='ocrx_word' id='word_1_424' title='bbox 2493 3027 2551 3082; x_wconf 90' lang='lat' dir='ltr'>in</span> <span class='ocrx_word' id='word_1_425' title='bbox 2603 3029 2966 3101; x_wconf 85' lang='lat' dir='ltr'>martyribus</span> <span class='ocrx_word' id='word_1_426' title='bbox 3019 3029 3281 3096; x_wconf 84' lang='lat' dir='ltr'>maximi,</span> <span class='ocrx_word' id='word_1_427' title='bbox 3332 3031 3445 3086; x_wconf 85' lang='lat' dir='ltr'>fuit</span> <span class='ocrx_word' id='word_1_428' title='bbox 3492 3032 3570 3088; x_wconf 89' lang='lat' dir='ltr'>ibi</span> <span class='ocrx_word' id='word_1_429' title='bbox 3627 3034 3775 3090; x_wconf 77' lang='lat' dir='ltr'>forte</span> 
     </span>
    </p>
   </div>
   <div class='ocr_carea' id='block_1_61' title="bbox 2117 3116 3771 3191">
    <p class='ocr_par' dir='ltr' id='par_1_61' title="bbox 2117 3116 3771 3191">
     <span class='ocr_line' id='line_1_61' title="bbox 2117 3116 3771 3191; baseline 0.005 -20"><span class='ocrx_word' id='word_1_430' title='bbox 2117 3117 2307 3172; x_wconf 89' lang='lat' dir='ltr'>malus</span> <span class='ocrx_word' id='word_1_431' title='bbox 2333 3116 2428 3172; x_wconf 88' lang='lat' dir='ltr'>ille</span> <span class='ocrx_word' id='word_1_432' title='bbox 2459 3119 2858 3173; x_wconf 90' lang='lat' dir='ltr'>Sennachcrib</span> <span class='ocrx_word' id='word_1_433' title='bbox 2890 3119 2949 3173; x_wconf 90' lang='lat' dir='ltr'>in</span> <span class='ocrx_word' id='word_1_434' title='bbox 2987 3119 3196 3191; x_wconf 81' lang='lat' dir='ltr'>primis</span> <span class='ocrx_word' id='word_1_435' title='bbox 3223 3137 3256 3174; x_wconf 91' lang='lat' dir='ltr'>a</span> <span class='ocrx_word' id='word_1_436' title='bbox 3289 3121 3528 3177; x_wconf 74' lang='lat' dir='ltr'>secretis</span> <span class='ocrx_word' id='word_1_437' title='bbox 3576 3123 3771 3180; x_wconf 82' lang='lat' dir='ltr'>ofﬁcio</span> 
     </span>
    </p>
   </div>
   <div class='ocr_carea' id='block_1_62' title="bbox 2118 3207 3760 3280">
    <p class='ocr_par' dir='ltr' id='par_1_62' title="bbox 2118 3207 3760 3280">
     <span class='ocr_line' id='line_1_62' title="bbox 2118 3207 3760 3280; baseline 0.004 -20"><span class='ocrx_word' id='word_1_438' title='bbox 2118 3207 2421 3276; x_wconf 86' lang='lat' dir='ltr'>magniﬁce</span> <span class='ocrx_word' id='word_1_439' title='bbox 2453 3224 2514 3262; x_wconf 89' lang='lat' dir='ltr'>se</span> <span class='ocrx_word' id='word_1_440' title='bbox 2536 3207 2793 3277; x_wconf 86' lang='lat' dir='ltr'>jactans.</span> <span class='ocrx_word' id='word_1_441' title='bbox 2828 3210 2883 3263; x_wconf 87' lang='lat' dir='ltr'>Is</span> <span class='ocrx_word' id='word_1_442' title='bbox 2903 3208 3102 3264; x_wconf 91' lang='lat' dir='ltr'>audito</span> <span class='ocrx_word' id='word_1_443' title='bbox 3129 3208 3619 3280; x_wconf 88' lang='lat' dir='ltr'>nuntio,primum</span> <span class='ocrx_word' id='word_1_444' title='bbox 3644 3227 3760 3266; x_wconf 90' lang='lat' dir='ltr'>non</span> 
     </span>
    </p>
   </div>
   <div class='ocr_carea' id='block_1_63' title="bbox 351 3269 3759 3375">
    <p class='ocr_par' dir='ltr' id='par_1_63' title="bbox 351 3269 3759 3375">
     <span class='ocr_line' id='line_1_63' title="bbox 351 3269 3759 3375; baseline -0.002 -15"><span class='ocrx_word' id='word_1_445' title='bbox 351 3269 706 3375; x_wconf 66' lang='lat' dir='ltr'>qua:</span> <span class='ocrx_word' id='word_1_446' title='bbox 752 3269 904 3357; x_wconf 66' lang='lat' dir='ltr'>initer</span> <span class='ocrx_word' id='word_1_447' title='bbox 946 3317 1075 3357; x_wconf 90' lang='lat' dir='ltr'>sese</span> <span class='ocrx_word' id='word_1_448' title='bbox 1121 3269 1527 3372; x_wconf 59' lang='lat' dir='ltr'>loquerentur:</span> <span class='ocrx_word' id='word_1_449' title='bbox 1577 3269 2003 3369; x_wconf 75' lang='lat' dir='ltr'>Signiﬁcabant</span> <span class='ocrx_word' id='word_1_450' title='bbox 2035 3269 2076 3334; x_wconf 66' lang='grc' dir='ltr'><strong>Ο</strong></span> <span class='ocrx_word' id='word_1_451' title='bbox 2118 3269 2367 3352; x_wconf 76' lang='lat' dir='ltr'>credidit</span> <span class='ocrx_word' id='word_1_452' title='bbox 2396 3301 2453 3351; x_wconf 88' lang='lat' dir='ltr'>et</span> <span class='ocrx_word' id='word_1_453' title='bbox 2480 3269 2764 3367; x_wconf 67' lang='lat' dir='ltr'>tanquam</span> <span class='ocrx_word' id='word_1_454' title='bbox 2822 3298 3170 3370; x_wconf 89' lang='lat' dir='ltr'>ﬁgmentum</span> <span class='ocrx_word' id='word_1_455' title='bbox 3206 3269 3425 3368; x_wconf 79' lang='lat' dir='ltr'>reiecit.</span> <span class='ocrx_word' id='word_1_456' title='bbox 3462 3297 3531 3353; x_wconf 91' lang='lat' dir='ltr'>Ut</span> <span class='ocrx_word' id='word_1_457' title='bbox 3561 3303 3759 3354; x_wconf 86' lang='lat' dir='ltr'>autem</span> 
     </span>
    </p>
   </div>
   <div class='ocr_carea' id='block_1_64' title="bbox 354 3385 2015 3464">
    <p class='ocr_par' dir='ltr' id='par_1_64' title="bbox 354 3385 2015 3464">
     <span class='ocr_line' id='line_1_64' title="bbox 354 3385 2015 3464; baseline -0.007 -13"><span class='ocrx_word' id='word_1_458' title='bbox 354 3400 572 3458; x_wconf 89' lang='lat' dir='ltr'>autem,</span> <span class='ocrx_word' id='word_1_459' title='bbox 606 3397 894 3464; x_wconf 90' lang='lat' dir='ltr'>quantum</span> <span class='ocrx_word' id='word_1_460' title='bbox 927 3390 1220 3456; x_wconf 88' lang='lat' dir='ltr'>recordor,</span> <span class='ocrx_word' id='word_1_461' title='bbox 1254 3391 1623 3458; x_wconf 90' lang='lat' dir='ltr'>compertum</span> <span class='ocrx_word' id='word_1_462' title='bbox 1657 3386 1868 3451; x_wconf 82' lang='lat' dir='ltr'>sibi,ex</span> <span class='ocrx_word' id='word_1_463' title='bbox 1903 3385 2015 3440; x_wconf 86' lang='lat' dir='ltr'>isto</span> 
     </span>
    </p>
   </div>
   <div class='ocr_carea' id='block_1_65' title="bbox 353 3474 2014 3550">
    <p class='ocr_par' dir='ltr' id='par_1_65' title="bbox 353 3474 2014 3550">
     <span class='ocr_line' id='line_1_65' title="bbox 353 3474 2014 3550; baseline -0.005 -13"><span class='ocrx_word' id='word_1_464' title='bbox 353 3481 626 3538; x_wconf 88' lang='lat' dir='ltr'>videlicet</span> <span class='ocrx_word' id='word_1_465' title='bbox 654 3478 1303 3550; x_wconf 86' lang='lat' dir='ltr'>vaticinio,capiendam</span> <span class='ocrx_word' id='word_1_466' title='bbox 1332 3476 1652 3547; x_wconf 81' lang='lat' dir='ltr'>aliquando</span> <span class='ocrx_word' id='word_1_467' title='bbox 1678 3474 2014 3530; x_wconf 90' lang='lat' dir='ltr'>Constanti-</span> 
     </span>
    </p>
   </div>
   <div class='ocr_carea' id='block_1_66' title="bbox 361 3564 2014 3642">
    <p class='ocr_par' dir='ltr' id='par_1_66' title="bbox 361 3564 2014 3642">
     <span class='ocr_line' id='line_1_66' title="bbox 361 3564 2014 3642; baseline -0.005 -16"><span class='ocrx_word' id='word_1_468' title='bbox 361 3570 624 3642; x_wconf 88' lang='lat' dir='ltr'>nopolim</span> <span class='ocrx_word' id='word_1_469' title='bbox 676 3569 778 3625; x_wconf 84' lang='lat' dir='ltr'>sed</span> <span class='ocrx_word' id='word_1_470' title='bbox 804 3569 860 3624; x_wconf 89' lang='lat' dir='ltr'>id</span> <span class='ocrx_word' id='word_1_471' title='bbox 895 3567 1226 3622; x_wconf 82' lang='lat' dir='ltr'>faciendum</span> <span class='ocrx_word' id='word_1_472' title='bbox 1258 3564 1654 3636; x_wconf 79' lang='lat' dir='ltr'>opinabantur</span> <span class='ocrx_word' id='word_1_473' title='bbox 1677 3580 1712 3618; x_wconf 89' lang='lat' dir='ltr'>a</span> <span class='ocrx_word' id='word_1_474' title='bbox 1759 3564 2014 3634; x_wconf 83' lang='lat' dir='ltr'>quodam</span> 
     </span>
    </p>
   </div>
   <div class='ocr_carea' id='block_1_67' title="bbox 358 3651 2015 3729">
    <p class='ocr_par' dir='ltr' id='par_1_67' title="bbox 358 3651 2015 3729">
     <span class='ocr_line' id='line_1_67' title="bbox 358 3651 2015 3729; baseline -0.004 -15"><span class='ocrx_word' id='word_1_475' title='bbox 358 3659 570 3715; x_wconf 89' lang='lat' dir='ltr'>deinde</span> <span class='ocrx_word' id='word_1_476' title='bbox 603 3661 917 3729; x_wconf 89' lang='lat' dir='ltr'>regnaturo</span> <span class='ocrx_word' id='word_1_477' title='bbox 951 3655 1322 3726; x_wconf 82' lang='lat' dir='ltr'>imperatore,</span> <span class='ocrx_word' id='word_1_478' title='bbox 1359 3652 1593 3708; x_wconf 90' lang='lat' dir='ltr'>nomine</span> <span class='ocrx_word' id='word_1_479' title='bbox 1624 3651 2015 3723; x_wconf 85' lang='lat' dir='ltr'>Alexio,adju-</span> 
     </span>
    </p>
   </div>
   <div class='ocr_carea' id='block_1_68' title="bbox 361 3740 2010 3815">
    <p class='ocr_par' dir='ltr' id='par_1_68' title="bbox 361 3740 2010 3815">
     <span class='ocr_line' id='line_1_68' title="bbox 361 3740 2010 3815; baseline -0.004 -13"><span class='ocrx_word' id='word_1_480' title='bbox 361 3746 636 3802; x_wconf 90' lang='lat' dir='ltr'>vantibus</span> <span class='ocrx_word' id='word_1_481' title='bbox 693 3745 811 3800; x_wconf 88' lang='lat' dir='ltr'>illis</span> <span class='ocrx_word' id='word_1_482' title='bbox 842 3743 975 3800; x_wconf 88' lang='lat' dir='ltr'>aliis</span> <span class='ocrx_word' id='word_1_483' title='bbox 1009 3747 1140 3815; x_wconf 91' lang='lat' dir='ltr'>post</span> <span class='ocrx_word' id='word_1_484' title='bbox 1168 3759 1302 3798; x_wconf 82' lang='lat' dir='ltr'>eum</span> <span class='ocrx_word' id='word_1_485' title='bbox 1337 3742 1395 3796; x_wconf 91' lang='lat' dir='ltr'>in</span> <span class='ocrx_word' id='word_1_486' title='bbox 1428 3740 1662 3797; x_wconf 89' lang='lat' dir='ltr'>oraculo</span> <span class='ocrx_word' id='word_1_487' title='bbox 1694 3743 2010 3813; x_wconf 87' lang='lat' dir='ltr'>expressis.</span> 
     </span>
    </p>
   </div>
   <div class='ocr_carea' id='block_1_69' title="bbox 361 3831 2010 3903">
    <p class='ocr_par' dir='ltr' id='par_1_69' title="bbox 361 3831 2010 3903">
     <span class='ocr_line' id='line_1_69' title="bbox 361 3831 2010 3903; baseline -0.005 -10"><span class='ocrx_word' id='word_1_488' title='bbox 361 3838 643 3893; x_wconf 64' lang='lat' dir='ltr'>Caeterum</span> <span class='ocrx_word' id='word_1_489' title='bbox 666 3838 906 3890; x_wconf 84' lang='lat' dir='ltr'>eventus</span> <span class='ocrx_word' id='word_1_490' title='bbox 921 3832 1117 3888; x_wconf 86' lang='lat' dir='ltr'>docuit</span> <span class='ocrx_word' id='word_1_491' title='bbox 1140 3848 1254 3887; x_wconf 89' lang='lat' dir='ltr'>non</span> <span class='ocrx_word' id='word_1_492' title='bbox 1280 3831 1694 3903; x_wconf 86' lang='lat' dir='ltr'>imperatorem</span> <span class='ocrx_word' id='word_1_493' title='bbox 1719 3847 2010 3902; x_wconf 84' lang='lat' dir='ltr'>expugna-</span> 
     </span>
    </p>
   </div>
   <div class='ocr_carea' id='block_1_70' title="bbox 359 3919 2009 3990">
    <p class='ocr_par' dir='ltr' id='par_1_70' title="bbox 359 3919 2009 3990">
     <span class='ocr_line' id='line_1_70' title="bbox 359 3919 2009 3990; baseline -0.004 -8"><span class='ocrx_word' id='word_1_494' title='bbox 359 3931 546 3982; x_wconf 89' lang='lat' dir='ltr'>torem</span> <span class='ocrx_word' id='word_1_495' title='bbox 581 3924 872 3990; x_wconf 89' lang='lat' dir='ltr'>urbis,sed</span> <span class='ocrx_word' id='word_1_496' title='bbox 898 3923 1178 3978; x_wconf 69' lang='lat' dir='ltr'>Caesarem</span> <span class='ocrx_word' id='word_1_497' title='bbox 1212 3919 1474 3976; x_wconf 78' lang='lat' dir='ltr'>Alexium</span> <span class='ocrx_word' id='word_1_498' title='bbox 1507 3919 2009 3988; x_wconf 81' lang='lat' dir='ltr'>futurum;Alexo-</span> 
     </span>
    </p>
   </div>
   <div class='ocr_carea' id='block_1_71' title="bbox 358 4009 2006 4088">
    <p class='ocr_par' dir='ltr' id='par_1_71' title="bbox 358 4009 2006 4088">
     <span class='ocr_line' id='line_1_71' title="bbox 358 4009 2006 4088; baseline -0.005 -17"><span class='ocrx_word' id='word_1_499' title='bbox 358 4014 694 4088; x_wconf 89' lang='lat' dir='ltr'>puliautem</span> <span class='ocrx_word' id='word_1_500' title='bbox 714 4011 947 4068; x_wconf 89' lang='lat' dir='ltr'>nomine</span> <span class='ocrx_word' id='word_1_501' title='bbox 975 4011 1294 4066; x_wconf 88' lang='lat' dir='ltr'>indicatum</span> <span class='ocrx_word' id='word_1_502' title='bbox 1315 4011 1392 4065; x_wconf 90' lang='lat' dir='ltr'>ibi</span> <span class='ocrx_word' id='word_1_503' title='bbox 1411 4009 2006 4080; x_wconf 80' lang='lat' dir='ltr'>Alexiumjuniorem,</span> 
     </span>
    </p>
   </div>
   <div class='ocr_carea' id='block_1_72' title="bbox 355 4098 2006 4177">
    <p class='ocr_par' dir='ltr' id='par_1_72' title="bbox 355 4098 2006 4177">
     <span class='ocr_line' id='line_1_72' title="bbox 355 4098 2006 4177; baseline -0.004 -17"><span class='ocrx_word' id='word_1_504' title='bbox 355 4104 570 4177; x_wconf 89' lang='lat' dir='ltr'>prioris</span> <span class='ocrx_word' id='word_1_505' title='bbox 602 4101 1056 4174; x_wconf 87' lang='lat' dir='ltr'>patruelcm,qui</span> <span class='ocrx_word' id='word_1_506' title='bbox 1093 4099 1344 4154; x_wconf 88' lang='lat' dir='ltr'>multum</span> <span class='ocrx_word' id='word_1_507' title='bbox 1379 4100 1450 4154; x_wconf 88' lang='lat' dir='ltr'>ad</span> <span class='ocrx_word' id='word_1_508' title='bbox 1483 4098 1634 4154; x_wconf 90' lang='lat' dir='ltr'>hanc</span> <span class='ocrx_word' id='word_1_509' title='bbox 1656 4115 1776 4154; x_wconf 90' lang='lat' dir='ltr'>rem</span> <span class='ocrx_word' id='word_1_510' title='bbox 1798 4104 2006 4154; x_wconf 90' lang='lat' dir='ltr'>coutu-</span> 
     </span>
    </p>
   </div>
   <div class='ocr_carea' id='block_1_73' title="bbox 357 4188 2010 4260">
    <p class='ocr_par' dir='ltr' id='par_1_73' title="bbox 357 4188 2010 4260">
     <span class='ocr_line' id='line_1_73' title="bbox 357 4188 2010 4260; baseline -0.004 -12"><span class='ocrx_word' id='word_1_511' title='bbox 357 4195 442 4260; x_wconf 89' lang='lat' dir='ltr'>lit,</span> <span class='ocrx_word' id='word_1_512' title='bbox 480 4193 564 4248; x_wconf 92' lang='lat' dir='ltr'>uti</span> <span class='ocrx_word' id='word_1_513' title='bbox 597 4197 653 4248; x_wconf 93' lang='lat' dir='ltr'>et</span> <span class='ocrx_word' id='word_1_514' title='bbox 682 4189 835 4246; x_wconf 90' lang='lat' dir='ltr'>inter</span> <span class='ocrx_word' id='word_1_515' title='bbox 866 4189 1226 4245; x_wconf 86' lang='lat' dir='ltr'>voluntarios</span> <span class='ocrx_word' id='word_1_516' title='bbox 1257 4188 1690 4243; x_wconf 86' lang='lat' dir='ltr'>existimatione</span> <span class='ocrx_word' id='word_1_517' title='bbox 1721 4195 1777 4242; x_wconf 88' lang='lat' dir='ltr'>et</span> <span class='ocrx_word' id='word_1_518' title='bbox 1806 4192 2010 4243; x_wconf 89' lang='lat' dir='ltr'>aucto-</span> 
     </span>
    </p>
   </div>
   <div class='ocr_carea' id='block_1_74' title="bbox 352 4276 2005 4352">
    <p class='ocr_par' dir='ltr' id='par_1_74' title="bbox 352 4276 2005 4352">
     <span class='ocr_line' id='line_1_74' title="bbox 352 4276 2005 4352; baseline -0.004 -15"><span class='ocrx_word' id='word_1_519' title='bbox 352 4282 523 4338; x_wconf 87' lang='lat' dir='ltr'>ritate</span> <span class='ocrx_word' id='word_1_520' title='bbox 553 4285 840 4352; x_wconf 74' lang='lat' dir='ltr'>praestans</span> <span class='ocrx_word' id='word_1_521' title='bbox 871 4278 1236 4334; x_wconf 87' lang='lat' dir='ltr'>Cutritzaces</span> <span class='ocrx_word' id='word_1_522' title='bbox 1269 4278 1497 4348; x_wconf 87' lang='lat' dir='ltr'>primus</span> <span class='ocrx_word' id='word_1_523' title='bbox 1529 4280 1733 4331; x_wconf 84' lang='lat' dir='ltr'>auctor</span> <span class='ocrx_word' id='word_1_524' title='bbox 1774 4276 2005 4332; x_wconf 87' lang='lat' dir='ltr'>consilii</span> 
     </span>
    </p>
   </div>
   <div class='ocr_carea' id='block_1_75' title="bbox 351 4365 1832 4440">
    <p class='ocr_par' dir='ltr' id='par_1_75' title="bbox 351 4365 1832 4440">
     <span class='ocr_line' id='line_1_75' title="bbox 351 4365 1832 4440; baseline -0.005 -14"><span class='ocrx_word' id='word_1_525' title='bbox 351 4372 424 4426; x_wconf 90' lang='lat' dir='ltr'>de</span> <span class='ocrx_word' id='word_1_526' title='bbox 454 4370 617 4425; x_wconf 89' lang='lat' dir='ltr'>urbis</span> <span class='ocrx_word' id='word_1_527' title='bbox 649 4367 1080 4440; x_wconf 78' lang='lat' dir='ltr'>expugnatione</span> <span class='ocrx_word' id='word_1_528' title='bbox 1110 4365 1211 4421; x_wconf 88' lang='lat' dir='ltr'>tali</span> <span class='ocrx_word' id='word_1_529' title='bbox 1237 4370 1500 4436; x_wconf 86' lang='lat' dir='ltr'>tempore</span> <span class='ocrx_word' id='word_1_530' title='bbox 1533 4365 1832 4420; x_wconf 87' lang='lat' dir='ltr'>tentanda.</span> 
     </span>
    </p>
   </div>
   <div class='ocr_carea' id='block_1_76' title="bbox 347 4482 2002 4559">
    <p class='ocr_par' dir='ltr' id='par_1_76' title="bbox 347 4482 2002 4559">
     <span class='ocr_line' id='line_1_76' title="bbox 347 4482 2002 4559; baseline -0.001 -18"><span class='ocrx_word' id='word_1_531' title='bbox 347 4488 436 4541; x_wconf 87' lang='lat'>23.</span> <span class='ocrx_word' id='word_1_532' title='bbox 471 4488 545 4543; x_wconf 81' lang='lat' dir='ltr'>De</span> <span class='ocrx_word' id='word_1_533' title='bbox 571 4490 755 4559; x_wconf 83' lang='lat' dir='ltr'>primo</span> <span class='ocrx_word' id='word_1_534' title='bbox 786 4484 1111 4559; x_wconf 67' lang='lat' dir='ltr'>asccreleris</span> <span class='ocrx_word' id='word_1_535' title='bbox 1141 4482 1531 4559; x_wconf 78' lang='lat' dir='ltr'>Sennacherib,</span> <span class='ocrx_word' id='word_1_536' title='bbox 1562 4482 1693 4553; x_wconf 77' lang='lat' dir='ltr'>quid</span> <span class='ocrx_word' id='word_1_537' title='bbox 1736 4483 1784 4538; x_wconf 81' lang='lat' dir='ltr'>is</span> <span class='ocrx_word' id='word_1_538' title='bbox 1833 4485 2002 4554; x_wconf 79' lang='lat' dir='ltr'>egerit</span> 
     </span>
    </p>
   </div>
   <div class='ocr_carea' id='block_1_77' title="bbox 763 4556 1578 4626">
    <p class='ocr_par' dir='ltr' id='par_1_77' title="bbox 763 4556 1578 4626">
     <span class='ocr_line' id='line_1_77' title="bbox 763 4556 1578 4626; baseline -0.006 -14"><span class='ocrx_word' id='word_1_539' title='bbox 763 4557 951 4613; x_wconf 81' lang='lat' dir='ltr'>audito</span> <span class='ocrx_word' id='word_1_540' title='bbox 982 4556 1139 4611; x_wconf 78' lang='lat' dir='ltr'>urbis</span> <span class='ocrx_word' id='word_1_541' title='bbox 1164 4556 1578 4626; x_wconf 71' lang='lat' dir='ltr'>captaenuntio.</span> 
     </span>
    </p>
   </div>
   <div class='ocr_carea' id='block_1_78' title="bbox 2121 3384 3768 3458">
    <p class='ocr_par' dir='ltr' id='par_1_78' title="bbox 2121 3384 3768 3458">
     <span class='ocr_line' id='line_1_78' title="bbox 2121 3384 3768 3458; baseline 0.002 -19"><span class='ocrx_word' id='word_1_542' title='bbox 2121 3384 2233 3439; x_wconf 89' lang='lat' dir='ltr'>alio</span> <span class='ocrx_word' id='word_1_543' title='bbox 2285 3385 2526 3440; x_wconf 87' lang='lat' dir='ltr'>abeunti</span> <span class='ocrx_word' id='word_1_544' title='bbox 2584 3385 2848 3457; x_wconf 88' lang='lat' dir='ltr'>undique</span> <span class='ocrx_word' id='word_1_545' title='bbox 2906 3393 3291 3442; x_wconf 84' lang='lat' dir='ltr'>occurrerunt</span> <span class='ocrx_word' id='word_1_546' title='bbox 3323 3391 3409 3442; x_wconf 89' lang='lat' dir='ltr'>tot</span> <span class='ocrx_word' id='word_1_547' title='bbox 3437 3388 3556 3442; x_wconf 89' lang='lat' dir='ltr'>veri</span> <span class='ocrx_word' id='word_1_548' title='bbox 3589 3403 3768 3458; x_wconf 87' lang='lat' dir='ltr'>argu-</span> 
     </span>
    </p>
   </div>
   <div class='ocr_carea' id='block_1_79' title="bbox 2121 3473 3768 3547">
    <p class='ocr_par' dir='ltr' id='par_1_79' title="bbox 2121 3473 3768 3547">
     <span class='ocr_line' id='line_1_79' title="bbox 2121 3473 3768 3547; baseline 0.003 -19"><span class='ocrx_word' id='word_1_549' title='bbox 2121 3479 2321 3528; x_wconf 87' lang='lat' dir='ltr'>menta</span> <span class='ocrx_word' id='word_1_550' title='bbox 2394 3489 2520 3545; x_wconf 81' lang='lat' dir='ltr'>quae</span> <span class='ocrx_word' id='word_1_551' title='bbox 2599 3473 2771 3544; x_wconf 89' lang='lat' dir='ltr'>plane</span> <span class='ocrx_word' id='word_1_552' title='bbox 2846 3491 2966 3531; x_wconf 88' lang='lat' dir='ltr'>rem</span> <span class='ocrx_word' id='word_1_553' title='bbox 3028 3477 3471 3547; x_wconf 89' lang='lat' dir='ltr'>persuaderent,</span> <span class='ocrx_word' id='word_1_554' title='bbox 3522 3477 3768 3534; x_wconf 87' lang='lat' dir='ltr'>domum</span> 
     </span>
    </p>
   </div>
   <div class='ocr_carea' id='block_1_80' title="bbox 2123 3563 3773 3637">
    <p class='ocr_par' dir='ltr' id='par_1_80' title="bbox 2123 3563 3773 3637">
     <span class='ocr_line' id='line_1_80' title="bbox 2123 3563 3773 3637; baseline 0.004 -21"><span class='ocrx_word' id='word_1_555' title='bbox 2123 3567 2370 3618; x_wconf 75' lang='lat' dir='ltr'>moestus</span> <span class='ocrx_word' id='word_1_556' title='bbox 2402 3563 2754 3635; x_wconf 88' lang='lat' dir='ltr'>ingreditur,</span> <span class='ocrx_word' id='word_1_557' title='bbox 2789 3564 2941 3636; x_wconf 90' lang='lat' dir='ltr'>pilos</span> <span class='ocrx_word' id='word_1_558' title='bbox 2971 3580 3252 3634; x_wconf 80' lang='lat' dir='ltr'>genarum</span> <span class='ocrx_word' id='word_1_559' title='bbox 3288 3570 3540 3637; x_wconf 87' lang='lat' dir='ltr'>utraque</span> <span class='ocrx_word' id='word_1_560' title='bbox 3590 3583 3773 3623; x_wconf 87' lang='lat' dir='ltr'>manu</span> 
     </span>
    </p>
   </div>
   <div class='ocr_carea' id='block_1_81' title="bbox 2118 3651 3775 3725">
    <p class='ocr_par' dir='ltr' id='par_1_81' title="bbox 2118 3651 3775 3725">
     <span class='ocr_line' id='line_1_81' title="bbox 2118 3651 3775 3725; baseline 0.004 -18"><span class='ocrx_word' id='word_1_561' title='bbox 2118 3651 2360 3722; x_wconf 82' lang='lat' dir='ltr'>vellens,</span> <span class='ocrx_word' id='word_1_562' title='bbox 2393 3656 2470 3720; x_wconf 88' lang='lat' dir='ltr'>et,</span> <span class='ocrx_word' id='word_1_563' title='bbox 2503 3676 2529 3703; x_wconf 89' lang='grc'><em>‹‹</em></span> <span class='ocrx_word' id='word_1_564' title='bbox 2565 3653 2735 3722; x_wconf 87' lang='lat' dir='ltr'>Quid,</span> <span class='ocrx_word' id='word_1_565' title='bbox 2786 3653 3085 3725; x_wconf 85' lang='lat' dir='ltr'>inquiens,</span> <span class='ocrx_word' id='word_1_566' title='bbox 3122 3655 3348 3712; x_wconf 85' lang='lat' dir='ltr'>audio?</span> <span class='ocrx_word' id='word_1_567' title='bbox 3401 3661 3524 3712; x_wconf 87' lang='lat' dir='ltr'>Hoc</span> <span class='ocrx_word' id='word_1_568' title='bbox 3555 3656 3775 3714; x_wconf 89' lang='lat' dir='ltr'>nostris</span> 
     </span>
    </p>
   </div>
   <div class='ocr_carea' id='block_1_82' title="bbox 2120 3741 3772 3818">
    <p class='ocr_par' dir='ltr' id='par_1_82' title="bbox 2120 3741 3772 3818">
     <span class='ocr_line' id='line_1_82' title="bbox 2120 3741 3772 3818; baseline 0.005 -23"><span class='ocrx_word' id='word_1_569' title='bbox 2120 3741 2328 3797; x_wconf 89' lang='lat' dir='ltr'>diebus</span> <span class='ocrx_word' id='word_1_570' title='bbox 2359 3743 2740 3798; x_wconf 85' lang='lat' dir='ltr'>servabatur!</span> <span class='ocrx_word' id='word_1_571' title='bbox 2777 3743 2919 3813; x_wconf 91' lang='lat' dir='ltr'>quid</span> <span class='ocrx_word' id='word_1_572' title='bbox 2953 3743 3326 3814; x_wconf 88' lang='lat' dir='ltr'>peccavimus</span> <span class='ocrx_word' id='word_1_573' title='bbox 3377 3751 3444 3801; x_wconf 91' lang='lat' dir='ltr'>ut</span> <span class='ocrx_word' id='word_1_574' title='bbox 3485 3746 3607 3802; x_wconf 88' lang='lat' dir='ltr'>vita</span> <span class='ocrx_word' id='word_1_575' title='bbox 3637 3763 3772 3818; x_wconf 88' lang='lat' dir='ltr'>pro-</span> 
     </span>
    </p>
   </div>
   <div class='ocr_carea' id='block_1_83' title="bbox 2117 3831 3770 3892">
    <p class='ocr_par' dir='ltr' id='par_1_83' title="bbox 2117 3831 3770 3892">
     <span class='ocr_line' id='line_1_83' title="bbox 2117 3831 3770 3892; baseline 0.004 -6"><span class='ocrx_word' id='word_1_576' title='bbox 2117 3831 2468 3887; x_wconf 87' lang='lat' dir='ltr'>duceremus</span> <span class='ocrx_word' id='word_1_577' title='bbox 2499 3832 2558 3886; x_wconf 92' lang='lat' dir='ltr'>in</span> <span class='ocrx_word' id='word_1_578' title='bbox 2599 3831 2752 3886; x_wconf 90' lang='lat' dir='ltr'>hanc</span> <span class='ocrx_word' id='word_1_579' title='bbox 2784 3832 2988 3887; x_wconf 89' lang='lat' dir='ltr'>horam</span> <span class='ocrx_word' id='word_1_580' title='bbox 3022 3837 3080 3888; x_wconf 92' lang='lat' dir='ltr'>et</span> <span class='ocrx_word' id='word_1_581' title='bbox 3110 3838 3229 3888; x_wconf 89' lang='lat' dir='ltr'>tam</span> <span class='ocrx_word' id='word_1_582' title='bbox 3282 3836 3493 3891; x_wconf 89' lang='lat' dir='ltr'>acerba</span> <span class='ocrx_word' id='word_1_583' title='bbox 3541 3837 3770 3892; x_wconf 90' lang='lat' dir='ltr'>videre-</span> 
     </span>
    </p>
   </div>
   <div class='ocr_carea' id='block_1_84' title="bbox 2117 3920 3759 3995">
    <p class='ocr_par' dir='ltr' id='par_1_84' title="bbox 2117 3920 3759 3995">
     <span class='ocr_line' id='line_1_84' title="bbox 2117 3920 3759 3995; baseline 0.005 -21"><span class='ocrx_word' id='word_1_584' title='bbox 2117 3920 2308 3975; x_wconf 85' lang='lat' dir='ltr'>mus?</span> <span class='ocrx_word' id='word_1_585' title='bbox 2365 3921 2436 3976; x_wconf 86' lang='lat' dir='ltr'>de</span> <span class='ocrx_word' id='word_1_586' title='bbox 2495 3925 2701 3976; x_wconf 69' lang='lat' dir='ltr'>caitero</span> <span class='ocrx_word' id='word_1_587' title='bbox 2760 3921 2906 3977; x_wconf 87' lang='lat' dir='ltr'>nihil</span> <span class='ocrx_word' id='word_1_588' title='bbox 2957 3923 3095 3978; x_wconf 91' lang='lat' dir='ltr'>boni</span> <span class='ocrx_word' id='word_1_589' title='bbox 3157 3929 3448 3995; x_wconf 85' lang='lat' dir='ltr'>speretur,</span> <span class='ocrx_word' id='word_1_590' title='bbox 3477 3926 3759 3982; x_wconf 86' lang='lat' dir='ltr'>Romanis</span> 
     </span>
    </p>
   </div>
   <div class='ocr_carea' id='block_1_85' title="bbox 2113 4009 3767 4086">
    <p class='ocr_par' dir='ltr' id='par_1_85' title="bbox 2113 4009 3767 4086">
     <span class='ocr_line' id='line_1_85' title="bbox 2113 4009 3767 4086; baseline 0.004 -22"><span class='ocrx_word' id='word_1_591' title='bbox 2113 4009 2327 4065; x_wconf 89' lang='lat' dir='ltr'>iterum</span> <span class='ocrx_word' id='word_1_592' title='bbox 2377 4010 2583 4065; x_wconf 88' lang='lat' dir='ltr'>urbem</span> <span class='ocrx_word' id='word_1_593' title='bbox 2634 4011 3019 4066; x_wconf 89' lang='lat' dir='ltr'>calcantibus.</span> <span class='ocrx_word' id='word_1_594' title='bbox 3057 4034 3083 4061; x_wconf 85' lang='lat'>»</span> <span class='ocrx_word' id='word_1_595' title='bbox 3136 4013 3230 4068; x_wconf 87' lang='lat' dir='ltr'>Sic</span> <span class='ocrx_word' id='word_1_596' title='bbox 3261 4021 3346 4068; x_wconf 88' lang='lat' dir='ltr'>est</span> <span class='ocrx_word' id='word_1_597' title='bbox 3379 4013 3613 4072; x_wconf 87' lang='lat' dir='ltr'>locutus</span> <span class='ocrx_word' id='word_1_598' title='bbox 3644 4015 3767 4086; x_wconf 88' lang='lat' dir='ltr'>ille,</span> 
     </span>
    </p>
   </div>
   <div class='ocr_carea' id='block_1_86' title="bbox 2113 4099 3764 4176">
    <p class='ocr_par' dir='ltr' id='par_1_86' title="bbox 2113 4099 3764 4176">
     <span class='ocr_line' id='line_1_86' title="bbox 2113 4099 3764 4176; baseline 0.004 -23"><span class='ocrx_word' id='word_1_599' title='bbox 2113 4115 2230 4154; x_wconf 91' lang='lat' dir='ltr'>non</span> <span class='ocrx_word' id='word_1_600' title='bbox 2279 4099 2666 4155; x_wconf 87' lang='lat' dir='ltr'>dissimulans</span> <span class='ocrx_word' id='word_1_601' title='bbox 2714 4115 2777 4156; x_wconf 83' lang='lat' dir='ltr'>se</span> <span class='ocrx_word' id='word_1_602' title='bbox 2808 4101 3224 4158; x_wconf 89' lang='lat' dir='ltr'>molestissime</span> <span class='ocrx_word' id='word_1_603' title='bbox 3255 4103 3406 4158; x_wconf 82' lang='lat' dir='ltr'>ferre</span> <span class='ocrx_word' id='word_1_604' title='bbox 3457 4105 3512 4158; x_wconf 88' lang='lat' dir='ltr'>id</span> <span class='ocrx_word' id='word_1_605' title='bbox 3565 4104 3764 4176; x_wconf 90' lang='lat' dir='ltr'>ipsum</span> 
     </span>
    </p>
   </div>
   <div class='ocr_carea' id='block_1_87' title="bbox 2111 4189 3762 4265">
    <p class='ocr_par' dir='ltr' id='par_1_87' title="bbox 2111 4189 3762 4265">
     <span class='ocr_line' id='line_1_87' title="bbox 2111 4189 3762 4265; baseline 0.003 -22"><span class='ocrx_word' id='word_1_606' title='bbox 2111 4189 2266 4260; x_wconf 90' lang='lat' dir='ltr'>quod</span> <span class='ocrx_word' id='word_1_607' title='bbox 2297 4189 2516 4260; x_wconf 87' lang='lat' dir='ltr'>passim</span> <span class='ocrx_word' id='word_1_608' title='bbox 2553 4189 2806 4260; x_wconf 71' lang='lat' dir='ltr'>populus</span> <span class='ocrx_word' id='word_1_609' title='bbox 2837 4191 3144 4247; x_wconf 88' lang='lat' dir='ltr'>admirans</span> <span class='ocrx_word' id='word_1_610' title='bbox 3174 4192 3762 4265; x_wconf 70' lang='lat' dir='ltr'>gratulansquepraa-</span> 
     </span>
    </p>
   </div>
   <div class='ocr_carea' id='block_1_88' title="bbox 2109 4277 3768 4350">
    <p class='ocr_par' dir='ltr' id='par_1_88' title="bbox 2109 4277 3768 4350">
     <span class='ocr_line' id='line_1_88' title="bbox 2109 4277 3768 4350; baseline 0.004 -18"><span class='ocrx_word' id='word_1_611' title='bbox 2109 4277 2362 4332; x_wconf 82' lang='lat' dir='ltr'>dicabat.</span> <span class='ocrx_word' id='word_1_612' title='bbox 2413 4279 2560 4344; x_wconf 85' lang='lat' dir='ltr'>Quid</span> <span class='ocrx_word' id='word_1_613' title='bbox 2595 4294 2663 4333; x_wconf 82' lang='lat' dir='ltr'>ex</span> <span class='ocrx_word' id='word_1_614' title='bbox 2693 4278 2786 4333; x_wconf 91' lang='lat' dir='ltr'>his</span> <span class='ocrx_word' id='word_1_615' title='bbox 2819 4279 3033 4335; x_wconf 89' lang='lat' dir='ltr'>deinde</span> <span class='ocrx_word' id='word_1_616' title='bbox 3063 4285 3334 4336; x_wconf 88' lang='lat' dir='ltr'>secutum</span> <span class='ocrx_word' id='word_1_617' title='bbox 3371 4281 3468 4350; x_wconf 89' lang='lat' dir='ltr'>sit,</span> <span class='ocrx_word' id='word_1_618' title='bbox 3516 4281 3768 4339; x_wconf 87' lang='lat' dir='ltr'>historia</span> 
     </span>
    </p>
   </div>
   <div class='ocr_carea' id='block_1_89' title="bbox 2109 4367 2962 4424">
    <p class='ocr_par' dir='ltr' id='par_1_89' title="bbox 2109 4367 2962 4424">
     <span class='ocr_line' id='line_1_89' title="bbox 2109 4367 2962 4424; baseline 0.001 -3"><span class='ocrx_word' id='word_1_619' title='bbox 2109 4373 2309 4422; x_wconf 88' lang='lat' dir='ltr'>nostra</span> <span class='ocrx_word' id='word_1_620' title='bbox 2342 4367 2400 4421; x_wconf 90' lang='lat' dir='ltr'>in</span> <span class='ocrx_word' id='word_1_621' title='bbox 2433 4367 2558 4422; x_wconf 92' lang='lat' dir='ltr'>loco</span> <span class='ocrx_word' id='word_1_622' title='bbox 2594 4368 2962 4424; x_wconf 87' lang='lat' dir='ltr'>memorabit.</span> 
     </span>
    </p>
   </div>
   <div class='ocr_carea' id='block_1_90' title="bbox 2157 4520 3707 4596">
    <p class='ocr_par' dir='ltr' id='par_1_90' title="bbox 2157 4520 3707 4596">
     <span class='ocr_line' id='line_1_90' title="bbox 2157 4520 3707 4596; baseline 0.003 -21"><span class='ocrx_word' id='word_1_623' title='bbox 2157 4523 2251 4578; x_wconf 82' lang='lat'>29.</span> <span class='ocrx_word' id='word_1_624' title='bbox 2285 4523 2347 4580; x_wconf 84' lang='lat' dir='ltr'>Ut</span> <span class='ocrx_word' id='word_1_625' title='bbox 2371 4520 2573 4578; x_wconf 77' lang='lat' dir='ltr'>audita</span> <span class='ocrx_word' id='word_1_626' title='bbox 2601 4523 2673 4577; x_wconf 77' lang='lat' dir='ltr'>sit</span> <span class='ocrx_word' id='word_1_627' title='bbox 2702 4522 2770 4577; x_wconf 90' lang='lat' dir='ltr'>ab</span> <span class='ocrx_word' id='word_1_628' title='bbox 2800 4521 3138 4592; x_wconf 72' lang='lat' dir='ltr'>imperatore</span> <span class='ocrx_word' id='word_1_629' title='bbox 3166 4524 3320 4579; x_wconf 76' lang='lat' dir='ltr'>urbis</span> <span class='ocrx_word' id='word_1_630' title='bbox 3351 4525 3707 4596; x_wconf 73' lang='lat' dir='ltr'>expugnatio.</span> 
     </span>
    </p>
   </div>
   <div class='ocr_carea' id='block_1_91' title="bbox 417 4638 3762 4730">
    <p class='ocr_par' dir='ltr' id='par_1_91' title="bbox 417 4638 3762 4730">
     <span class='ocr_line' id='line_1_91' title="bbox 417 4638 3762 4730; baseline -0 -16"><span class='ocrx_word' id='word_1_631' title='bbox 417 4663 498 4714; x_wconf 87' lang='lat' dir='ltr'>Ac</span> <span class='ocrx_word' id='word_1_632' title='bbox 559 4656 860 4729; x_wconf 86' lang='lat' dir='ltr'>negotium</span> <span class='ocrx_word' id='word_1_633' title='bbox 921 4655 1161 4726; x_wconf 89' lang='lat' dir='ltr'>quidem</span> <span class='ocrx_word' id='word_1_634' title='bbox 1216 4653 1678 4725; x_wconf 89' lang='lat' dir='ltr'>recuperationis</span> <span class='ocrx_word' id='word_1_635' title='bbox 1735 4653 1993 4710; x_wconf 87' lang='lat' dir='ltr'>civitatis</span> <span class='ocrx_word' id='word_1_636' title='bbox 2025 4638 2074 4702; x_wconf 82' lang='grc' dir='ltr'>Ῐ)</span> <span class='ocrx_word' id='word_1_637' title='bbox 2177 4655 2320 4710; x_wconf 83' lang='grc' dir='ltr'>Μυιὶ</span> <span class='ocrx_word' id='word_1_638' title='bbox 2363 4659 2505 4710; x_wconf 87' lang='lat' dir='ltr'>tunc</span> <span class='ocrx_word' id='word_1_639' title='bbox 2554 4653 2797 4711; x_wconf 89' lang='lat' dir='ltr'>incitato</span> <span class='ocrx_word' id='word_1_640' title='bbox 2847 4673 3023 4712; x_wconf 93' lang='lat' dir='ltr'>cursu</span> <span class='ocrx_word' id='word_1_641' title='bbox 3057 4657 3129 4712; x_wconf 88' lang='lat' dir='ltr'>ad</span> <span class='ocrx_word' id='word_1_642' title='bbox 3164 4657 3578 4730; x_wconf 87' lang='lat' dir='ltr'>imperatorem</span> <span class='ocrx_word' id='word_1_643' title='bbox 3613 4659 3762 4713; x_wconf 84' lang='lat' dir='ltr'>fere-</span> 
     </span>
    </p>
   </div>
   <div class='ocr_carea' id='block_1_92' title="bbox 345 4743 1988 4820">
    <p class='ocr_par' dir='ltr' id='par_1_92' title="bbox 345 4743 1988 4820">
     <span class='ocr_line' id='line_1_92' title="bbox 345 4743 1988 4820; baseline -0.002 -16"><span class='ocrx_word' id='word_1_644' title='bbox 345 4749 516 4820; x_wconf 72' lang='lat' dir='ltr'>regize</span> <span class='ocrx_word' id='word_1_645' title='bbox 567 4751 932 4803; x_wconf 90' lang='lat' dir='ltr'>transactum</span> <span class='ocrx_word' id='word_1_646' title='bbox 1000 4744 1108 4798; x_wconf 89' lang='lat' dir='ltr'>hoc</span> <span class='ocrx_word' id='word_1_647' title='bbox 1159 4744 1332 4798; x_wconf 91' lang='lat' dir='ltr'>modo</span> <span class='ocrx_word' id='word_1_648' title='bbox 1390 4747 1499 4798; x_wconf 89' lang='lat' dir='ltr'>est.</span> <span class='ocrx_word' id='word_1_649' title='bbox 1542 4743 1826 4807; x_wconf 86' lang='lat' dir='ltr'>Quoniam</span> <span class='ocrx_word' id='word_1_650' title='bbox 1856 4761 1988 4801; x_wconf 86' lang='lat' dir='ltr'>vero</span> 
     </span>
    </p>
   </div>
   <div class='ocr_carea' id='block_1_93' title="bbox 339 4833 1987 4906">
    <p class='ocr_par' dir='ltr' id='par_1_93' title="bbox 339 4833 1987 4906">
     <span class='ocr_line' id='line_1_93' title="bbox 339 4833 1987 4906; baseline -0.002 -14"><span class='ocrx_word' id='word_1_651' title='bbox 339 4837 721 4894; x_wconf 83' lang='lat' dir='ltr'>conveniebat</span> <span class='ocrx_word' id='word_1_652' title='bbox 753 4833 1045 4906; x_wconf 85' lang='lat' dir='ltr'>divulgari</span> <span class='ocrx_word' id='word_1_653' title='bbox 1080 4833 1217 4888; x_wconf 85' lang='lat' dir='ltr'>facti</span> <span class='ocrx_word' id='word_1_654' title='bbox 1250 4834 1467 4886; x_wconf 84' lang='lat' dir='ltr'>famam</span> <span class='ocrx_word' id='word_1_655' title='bbox 1495 4848 1561 4886; x_wconf 91' lang='lat' dir='ltr'>eo</span> <span class='ocrx_word' id='word_1_656' title='bbox 1593 4835 1838 4888; x_wconf 86' lang='lat' dir='ltr'>celerius</span> <span class='ocrx_word' id='word_1_657' title='bbox 1871 4850 1987 4904; x_wconf 90' lang='lat' dir='ltr'>quo</span> 
     </span>
    </p>
   </div>
   <div class='ocr_carea' id='block_1_94' title="bbox 339 4920 1988 4989">
    <p class='ocr_par' dir='ltr' id='par_1_94' title="bbox 339 4920 1988 4989">
     <span class='ocr_line' id='line_1_94' title="bbox 339 4920 1988 4989; baseline 0 -9"><span class='ocrx_word' id='word_1_658' title='bbox 339 4925 662 4981; x_wconf 90' lang='lat' dir='ltr'>mirabilior</span> <span class='ocrx_word' id='word_1_659' title='bbox 694 4941 785 4979; x_wconf 90' lang='lat' dir='ltr'>res</span> <span class='ocrx_word' id='word_1_660' title='bbox 819 4928 964 4989; x_wconf 89' lang='lat' dir='ltr'>erat,</span> <span class='ocrx_word' id='word_1_661' title='bbox 1015 4921 1202 4978; x_wconf 86' lang='lat' dir='ltr'>obiter</span> <span class='ocrx_word' id='word_1_662' title='bbox 1232 4927 1287 4976; x_wconf 90' lang='lat' dir='ltr'>et</span> <span class='ocrx_word' id='word_1_663' title='bbox 1332 4923 1404 4976; x_wconf 88' lang='lat' dir='ltr'>ab</span> <span class='ocrx_word' id='word_1_664' title='bbox 1455 4920 1735 4976; x_wconf 84' lang='lat' dir='ltr'>aliorsum</span> <span class='ocrx_word' id='word_1_665' title='bbox 1786 4923 1988 4980; x_wconf 88' lang='lat' dir='ltr'>missis</span> 
     </span>
    </p>
   </div>
   <div class='ocr_carea' id='block_1_95' title="bbox 335 5009 1984 5085">
    <p class='ocr_par' dir='ltr' id='par_1_95' title="bbox 335 5009 1984 5085">
     <span class='ocr_line' id='line_1_95' title="bbox 335 5009 1984 5085; baseline -0.001 -17"><span class='ocrx_word' id='word_1_666' title='bbox 335 5015 659 5085; x_wconf 86' lang='lat' dir='ltr'>expugnari</span> <span class='ocrx_word' id='word_1_667' title='bbox 694 5018 914 5069; x_wconf 85' lang='lat' dir='ltr'>tantam</span> <span class='ocrx_word' id='word_1_668' title='bbox 945 5013 1093 5067; x_wconf 74' lang='lat'>149</span> <span class='ocrx_word' id='word_1_669' title='bbox 1125 5009 1603 5081; x_wconf 88' lang='lat' dir='ltr'>urbem,quidam</span> <span class='ocrx_word' id='word_1_670' title='bbox 1628 5010 1984 5067; x_wconf 88' lang='lat' dir='ltr'>velocissimi</span> 
     </span>
    </p>
   </div>
   <div class='ocr_carea' id='block_1_96' title="bbox 333 5099 1986 5174">
    <p class='ocr_par' dir='ltr' id='par_1_96' title="bbox 333 5099 1986 5174">
     <span class='ocr_line' id='line_1_96' title="bbox 333 5099 1986 5174; baseline 0 -18"><span class='ocrx_word' id='word_1_671' title='bbox 333 5119 603 5159; x_wconf 88' lang='lat' dir='ltr'>cursores</span> <span class='ocrx_word' id='word_1_672' title='bbox 621 5108 795 5156; x_wconf 63' lang='lat' dir='ltr'>tanta:</span> <span class='ocrx_word' id='word_1_673' title='bbox 809 5100 1225 5174; x_wconf 89' lang='lat' dir='ltr'>gratulationis</span> <span class='ocrx_word' id='word_1_674' title='bbox 1243 5100 1432 5154; x_wconf 88' lang='lat' dir='ltr'>nuntii</span> <span class='ocrx_word' id='word_1_675' title='bbox 1456 5099 1866 5154; x_wconf 90' lang='lat' dir='ltr'>discurrerunt</span> <span class='ocrx_word' id='word_1_676' title='bbox 1885 5118 1986 5172; x_wconf 92' lang='lat' dir='ltr'>per</span> 
     </span>
    </p>
   </div>
   <div class='ocr_carea' id='block_1_97' title="bbox 332 5187 1979 5260">
    <p class='ocr_par' dir='ltr' id='par_1_97' title="bbox 332 5187 1979 5260">
     <span class='ocr_line' id='line_1_97' title="bbox 332 5187 1979 5260; baseline -0.001 -14"><span class='ocrx_word' id='word_1_677' title='bbox 332 5207 568 5246; x_wconf 89' lang='lat' dir='ltr'>omnem</span> <span class='ocrx_word' id='word_1_678' title='bbox 602 5191 716 5245; x_wconf 88' lang='lat' dir='ltr'>late</span> <span class='ocrx_word' id='word_1_679' title='bbox 748 5196 986 5254; x_wconf 89' lang='lat' dir='ltr'>terram,</span> <span class='ocrx_word' id='word_1_680' title='bbox 1023 5189 1242 5260; x_wconf 91' lang='lat' dir='ltr'>ubique</span> <span class='ocrx_word' id='word_1_681' title='bbox 1277 5187 1715 5259; x_wconf 87' lang='lat' dir='ltr'>promulgantes</span> <span class='ocrx_word' id='word_1_682' title='bbox 1749 5196 1979 5259; x_wconf 87' lang='lat' dir='ltr'>captam</span> 
     </span>
    </p>
   </div>
   <div class='ocr_carea' id='block_1_98' title="bbox 332 5277 1980 5348">
    <p class='ocr_par' dir='ltr' id='par_1_98' title="bbox 332 5277 1980 5348">
     <span class='ocr_line' id='line_1_98' title="bbox 332 5277 1980 5348; baseline -0.001 -13"><span class='ocrx_word' id='word_1_683' title='bbox 332 5280 518 5335; x_wconf 77' lang='lat' dir='ltr'>fuisse</span> <span class='ocrx_word' id='word_1_684' title='bbox 551 5295 826 5348; x_wconf 85' lang='lat' dir='ltr'>magnam</span> <span class='ocrx_word' id='word_1_685' title='bbox 858 5279 1057 5332; x_wconf 91' lang='lat' dir='ltr'>urbem</span> <span class='ocrx_word' id='word_1_686' title='bbox 1091 5279 1182 5332; x_wconf 87' lang='lat' dir='ltr'>die</span> <span class='ocrx_word' id='word_1_687' title='bbox 1215 5277 1457 5347; x_wconf 82' lang='lat' dir='ltr'>insigni,</span> <span class='ocrx_word' id='word_1_688' title='bbox 1493 5293 1660 5332; x_wconf 86' lang='lat' dir='ltr'>sacra</span> <span class='ocrx_word' id='word_1_689' title='bbox 1711 5277 1766 5332; x_wconf 89' lang='lat' dir='ltr'>S.</span> <span class='ocrx_word' id='word_1_690' title='bbox 1799 5281 1980 5334; x_wconf 79' lang='lat' dir='ltr'>Annae</span> 
     </span>
    </p>
   </div>
   <div class='ocr_carea' id='block_1_99' title="bbox 327 5365 1980 5440">
    <p class='ocr_par' dir='ltr' id='par_1_99' title="bbox 327 5365 1980 5440">
     <span class='ocr_line' id='line_1_99' title="bbox 327 5365 1980 5440; baseline -0.001 -16"><span class='ocrx_word' id='word_1_691' title='bbox 327 5369 586 5440; x_wconf 71' lang='lat' dir='ltr'>Deiparze</span> <span class='ocrx_word' id='word_1_692' title='bbox 618 5367 875 5438; x_wconf 88' lang='lat' dir='ltr'>Virginis</span> <span class='ocrx_word' id='word_1_693' title='bbox 912 5367 1107 5434; x_wconf 88' lang='lat' dir='ltr'>matri,</span> <span class='ocrx_word' id='word_1_694' title='bbox 1143 5383 1342 5421; x_wconf 90' lang='lat' dir='ltr'>mense</span> <span class='ocrx_word' id='word_1_695' title='bbox 1364 5365 1538 5434; x_wconf 74' lang='lat' dir='ltr'>Julia,</span> <span class='ocrx_word' id='word_1_696' title='bbox 1566 5365 1737 5421; x_wconf 84' lang='lat' dir='ltr'>facile</span> <span class='ocrx_word' id='word_1_697' title='bbox 1773 5385 1840 5422; x_wconf 82' lang='lat' dir='ltr'>ac</span> <span class='ocrx_word' id='word_1_698' title='bbox 1867 5369 1980 5424; x_wconf 75' lang='lat' dir='ltr'>fere</span> 
     </span>
    </p>
   </div>
   <div class='ocr_carea' id='block_1_100' title="bbox 324 5456 1977 5527">
    <p class='ocr_par' dir='ltr' id='par_1_100' title="bbox 324 5456 1977 5527">
     <span class='ocr_line' id='line_1_100' title="bbox 324 5456 1977 5527; baseline 0.001 -15"><span class='ocrx_word' id='word_1_699' title='bbox 324 5459 450 5513; x_wconf 90' lang='lat' dir='ltr'>sine</span> <span class='ocrx_word' id='word_1_700' title='bbox 483 5456 826 5522; x_wconf 86' lang='lat' dir='ltr'>certamine,</span> <span class='ocrx_word' id='word_1_701' title='bbox 855 5472 972 5526; x_wconf 90' lang='lat' dir='ltr'>quo</span> <span class='ocrx_word' id='word_1_702' title='bbox 1007 5456 1178 5510; x_wconf 90' lang='lat' dir='ltr'>modo</span> <span class='ocrx_word' id='word_1_703' title='bbox 1214 5473 1282 5509; x_wconf 90' lang='lat' dir='ltr'>ne</span> <span class='ocrx_word' id='word_1_704' title='bbox 1316 5456 1428 5526; x_wconf 88' lang='lat' dir='ltr'>ipsi</span> <span class='ocrx_word' id='word_1_705' title='bbox 1463 5456 1704 5526; x_wconf 85' lang='lat' dir='ltr'>quidem</span> <span class='ocrx_word' id='word_1_706' title='bbox 1739 5457 1835 5527; x_wconf 90' lang='lat' dir='ltr'>qui</span> <span class='ocrx_word' id='word_1_707' title='bbox 1882 5476 1977 5513; x_wconf 86' lang='lat' dir='ltr'>ce-</span> 
     </span>
    </p>
   </div>
   <div class='ocr_carea' id='block_1_101' title="bbox 323 5543 1980 5616">
    <p class='ocr_par' dir='ltr' id='par_1_101' title="bbox 323 5543 1980 5616">
     <span class='ocr_line' id='line_1_101' title="bbox 323 5543 1980 5616; baseline 0.001 -15"><span class='ocrx_word' id='word_1_708' title='bbox 323 5553 530 5616; x_wconf 88' lang='lat' dir='ltr'>perant</span> <span class='ocrx_word' id='word_1_709' title='bbox 559 5560 824 5615; x_wconf 81' lang='lat' dir='ltr'>unquam</span> <span class='ocrx_word' id='word_1_710' title='bbox 850 5549 1187 5613; x_wconf 89' lang='lat' dir='ltr'>sperassent</span> <span class='ocrx_word' id='word_1_711' title='bbox 1211 5545 1339 5614; x_wconf 88' lang='lat' dir='ltr'>capi</span> <span class='ocrx_word' id='word_1_712' title='bbox 1370 5562 1560 5614; x_wconf 90' lang='lat' dir='ltr'>posse.</span> <span class='ocrx_word' id='word_1_713' title='bbox 1589 5543 1980 5602; x_wconf 81' lang='lat' dir='ltr'>Ostentabant</span> 
     </span>
    </p>
   </div>
   <div class='ocr_carea' id='block_1_102' title="bbox 317 5633 1972 5703">
    <p class='ocr_par' dir='ltr' id='par_1_102' title="bbox 317 5633 1972 5703">
     <span class='ocr_line' id='line_1_102' title="bbox 317 5633 1972 5703; baseline 0.001 -13"><span class='ocrx_word' id='word_1_714' title='bbox 317 5642 511 5690; x_wconf 89' lang='lat' dir='ltr'>autem</span> <span class='ocrx_word' id='word_1_715' title='bbox 548 5636 605 5688; x_wconf 91' lang='lat' dir='ltr'>in</span> <span class='ocrx_word' id='word_1_716' title='bbox 642 5635 872 5703; x_wconf 72' lang='lat' dir='ltr'>signum</span> <span class='ocrx_word' id='word_1_717' title='bbox 929 5633 1190 5686; x_wconf 86' lang='lat' dir='ltr'>veritatis</span> <span class='ocrx_word' id='word_1_718' title='bbox 1239 5633 1519 5688; x_wconf 65' lang='lat' dir='ltr'>nuntiatae</span> <span class='ocrx_word' id='word_1_719' title='bbox 1566 5634 1644 5688; x_wconf 91' lang='lat' dir='ltr'>rei</span> <span class='ocrx_word' id='word_1_720' title='bbox 1693 5635 1972 5691; x_wconf 84' lang='lat' dir='ltr'>sarissam</span> 
     </span>
    </p>
   </div>
   <div class='ocr_carea' id='block_1_103' title="bbox 315 5719 1973 5792">
    <p class='ocr_par' dir='ltr' id='par_1_103' title="bbox 315 5719 1973 5792">
     <span class='ocr_line' id='line_1_103' title="bbox 315 5719 1973 5792; baseline 0 -15"><span class='ocrx_word' id='word_1_721' title='bbox 315 5740 488 5778; x_wconf 92' lang='lat' dir='ltr'>cocco</span> <span class='ocrx_word' id='word_1_722' title='bbox 519 5724 788 5778; x_wconf 86' lang='lat' dir='ltr'>tinctam.</span> <span class='ocrx_word' id='word_1_723' title='bbox 819 5721 1037 5776; x_wconf 85' lang='lat' dir='ltr'>llorum</span> <span class='ocrx_word' id='word_1_724' title='bbox 1069 5719 1249 5792; x_wconf 85' lang='lat' dir='ltr'>aliqui</span> <span class='ocrx_word' id='word_1_725' title='bbox 1283 5721 1686 5776; x_wconf 86' lang='lat' dir='ltr'>Nicomediam</span> <span class='ocrx_word' id='word_1_726' title='bbox 1719 5739 1853 5777; x_wconf 90' lang='lat' dir='ltr'>cum</span> <span class='ocrx_word' id='word_1_727' title='bbox 1882 5741 1973 5779; x_wconf 87' lang='lat' dir='ltr'>ve-</span> 
     </span>
    </p>
   </div>
   <div class='ocr_carea' id='block_1_104' title="bbox 2099 4744 3758 4818">
    <p class='ocr_par' dir='ltr' id='par_1_104' title="bbox 2099 4744 3758 4818">
     <span class='ocr_line' id='line_1_104' title="bbox 2099 4744 3758 4818; baseline 0.001 -17"><span class='ocrx_word' id='word_1_728' title='bbox 2099 4747 2314 4802; x_wconf 89' lang='lat' dir='ltr'>bantur</span> <span class='ocrx_word' id='word_1_729' title='bbox 2371 4744 2674 4815; x_wconf 65' lang='lat' dir='ltr'>Nympbzei</span> <span class='ocrx_word' id='word_1_730' title='bbox 2746 4750 2887 4801; x_wconf 89' lang='lat' dir='ltr'>tunc</span> <span class='ocrx_word' id='word_1_731' title='bbox 2947 4752 3381 4818; x_wconf 87' lang='lat' dir='ltr'>comorantem,</span> <span class='ocrx_word' id='word_1_732' title='bbox 3439 4749 3758 4804; x_wconf 85' lang='lat' dir='ltr'>contende-</span> 
     </span>
    </p>
   </div>
   <div class='ocr_carea' id='block_1_105' title="bbox 2099 4834 3755 4909">
    <p class='ocr_par' dir='ltr' id='par_1_105' title="bbox 2099 4834 3755 4909">
     <span class='ocr_line' id='line_1_105' title="bbox 2099 4834 3755 4909; baseline 0.002 -19"><span class='ocrx_word' id='word_1_733' title='bbox 2099 4836 2358 4906; x_wconf 88' lang='lat' dir='ltr'>bantque</span> <span class='ocrx_word' id='word_1_734' title='bbox 2389 4834 2548 4889; x_wconf 90' lang='lat' dir='ltr'>omni</span> <span class='ocrx_word' id='word_1_735' title='bbox 2580 4839 2788 4890; x_wconf 88' lang='lat' dir='ltr'>conatu</span> <span class='ocrx_word' id='word_1_736' title='bbox 2812 4852 2874 4890; x_wconf 90' lang='lat' dir='ltr'>se</span> <span class='ocrx_word' id='word_1_737' title='bbox 2899 4841 3104 4891; x_wconf 90' lang='lat' dir='ltr'>mutuo</span> <span class='ocrx_word' id='word_1_738' title='bbox 3134 4838 3755 4909; x_wconf 64' lang='lat' dir='ltr'>praevertere,gratiam</span> 
     </span>
    </p>
   </div>
   <div class='ocr_carea' id='block_1_106' title="bbox 2098 4923 3758 4999">
    <p class='ocr_par' dir='ltr' id='par_1_106' title="bbox 2098 4923 3758 4999">
     <span class='ocr_line' id='line_1_106' title="bbox 2098 4923 3758 4999; baseline 0.004 -21"><span class='ocrx_word' id='word_1_739' title='bbox 2098 4925 2355 4996; x_wconf 92' lang='lat' dir='ltr'>primum</span> <span class='ocrx_word' id='word_1_740' title='bbox 2402 4923 2562 4979; x_wconf 88' lang='lat' dir='ltr'>allati</span> <span class='ocrx_word' id='word_1_741' title='bbox 2622 4930 2742 4979; x_wconf 86' lang='lat' dir='ltr'>tam</span> <span class='ocrx_word' id='word_1_742' title='bbox 2803 4925 2986 4992; x_wconf 87' lang='lat' dir='ltr'>optati</span> <span class='ocrx_word' id='word_1_743' title='bbox 3048 4927 3240 4981; x_wconf 87' lang='lat' dir='ltr'>nuntii</span> <span class='ocrx_word' id='word_1_744' title='bbox 3272 4944 3376 4998; x_wconf 89' lang='lat' dir='ltr'>pro</span> <span class='ocrx_word' id='word_1_745' title='bbox 3409 4943 3470 4983; x_wconf 90' lang='lat' dir='ltr'>se</span> <span class='ocrx_word' id='word_1_746' title='bbox 3502 4927 3758 4999; x_wconf 87' lang='lat' dir='ltr'>quisque</span> 
     </span>
    </p>
   </div>
   <div class='ocr_carea' id='block_1_107' title="bbox 2097 5013 3754 5072">
    <p class='ocr_par' dir='ltr' id='par_1_107' title="bbox 2097 5013 3754 5072">
     <span class='ocr_line' id='line_1_107' title="bbox 2097 5013 3754 5072; baseline 0.002 -3"><span class='ocrx_word' id='word_1_747' title='bbox 2097 5015 2457 5070; x_wconf 73' lang='lat' dir='ltr'>aiiectantes.</span> <span class='ocrx_word' id='word_1_748' title='bbox 2493 5013 2830 5069; x_wconf 66' lang='lat' dir='ltr'>Prevolavit</span> <span class='ocrx_word' id='word_1_749' title='bbox 2860 5015 3015 5071; x_wconf 72' lang='lat'>150</span> <span class='ocrx_word' id='word_1_750' title='bbox 3045 5031 3112 5070; x_wconf 91' lang='lat' dir='ltr'>eo</span> <span class='ocrx_word' id='word_1_751' title='bbox 3139 5021 3272 5070; x_wconf 88' lang='lat' dir='ltr'>ante</span> <span class='ocrx_word' id='word_1_752' title='bbox 3307 5033 3513 5072; x_wconf 88' lang='lat' dir='ltr'>omnes</span> <span class='ocrx_word' id='word_1_753' title='bbox 3544 5015 3754 5072; x_wconf 86' lang='lat' dir='ltr'>celeri-</span> 
     </span>
    </p>
   </div>
   <div class='ocr_carea' id='block_1_108' title="bbox 2094 5103 3751 5174">
    <p class='ocr_par' dir='ltr' id='par_1_108' title="bbox 2094 5103 3751 5174">
     <span class='ocr_line' id='line_1_108' title="bbox 2094 5103 3751 5174; baseline 0.003 -18"><span class='ocrx_word' id='word_1_754' title='bbox 2094 5108 2212 5157; x_wconf 87' lang='lat' dir='ltr'>tate</span> <span class='ocrx_word' id='word_1_755' title='bbox 2263 5119 2406 5157; x_wconf 91' lang='lat' dir='ltr'>usus</span> <span class='ocrx_word' id='word_1_756' title='bbox 2457 5118 2694 5158; x_wconf 91' lang='lat' dir='ltr'>summa</span> <span class='ocrx_word' id='word_1_757' title='bbox 2725 5103 2991 5174; x_wconf 86' lang='lat' dir='ltr'>quidam;</span> <span class='ocrx_word' id='word_1_758' title='bbox 3025 5105 3125 5174; x_wconf 91' lang='lat' dir='ltr'>qui</span> <span class='ocrx_word' id='word_1_759' title='bbox 3157 5121 3293 5159; x_wconf 92' lang='lat' dir='ltr'>cum</span> <span class='ocrx_word' id='word_1_760' title='bbox 3327 5122 3360 5161; x_wconf 88' lang='lat' dir='ltr'>a</span> <span class='ocrx_word' id='word_1_761' title='bbox 3389 5109 3617 5162; x_wconf 67' lang='lat' dir='ltr'>Caesare</span> <span class='ocrx_word' id='word_1_762' title='bbox 3648 5105 3751 5161; x_wconf 89' lang='lat' dir='ltr'>lit-</span> 
     </span>
    </p>
   </div>
   <div class='ocr_carea' id='block_1_109' title="bbox 2091 5191 3748 5267">
    <p class='ocr_par' dir='ltr' id='par_1_109' title="bbox 2091 5191 3748 5267">
     <span class='ocr_line' id='line_1_109' title="bbox 2091 5191 3748 5267; baseline 0.003 -20"><span class='ocrx_word' id='word_1_763' title='bbox 2091 5198 2247 5247; x_wconf 89' lang='lat' dir='ltr'>teras</span> <span class='ocrx_word' id='word_1_764' title='bbox 2301 5208 2416 5246; x_wconf 73' lang='lat' dir='ltr'>nen</span> <span class='ocrx_word' id='word_1_765' title='bbox 2477 5191 2672 5260; x_wconf 87' lang='lat' dir='ltr'>ferret,</span> <span class='ocrx_word' id='word_1_766' title='bbox 2733 5197 2788 5247; x_wconf 88' lang='lat' dir='ltr'>et</span> <span class='ocrx_word' id='word_1_767' title='bbox 2846 5194 2989 5247; x_wconf 82' lang='lat' dir='ltr'>satis</span> <span class='ocrx_word' id='word_1_768' title='bbox 3041 5193 3397 5267; x_wconf 88' lang='lat' dir='ltr'>intelligeret</span> <span class='ocrx_word' id='word_1_769' title='bbox 3446 5195 3748 5252; x_wconf 87' lang='lat' dir='ltr'>neminem</span> 
     </span>
    </p>
   </div>
   <div class='ocr_carea' id='block_1_110' title="bbox 2093 5281 3747 5356">
    <p class='ocr_par' dir='ltr' id='par_1_110' title="bbox 2093 5281 3747 5356">
     <span class='ocr_line' id='line_1_110' title="bbox 2093 5281 3747 5356; baseline 0.003 -21"><span class='ocrx_word' id='word_1_770' title='bbox 2093 5282 2258 5352; x_wconf 90' lang='lat' dir='ltr'>prius</span> <span class='ocrx_word' id='word_1_771' title='bbox 2307 5286 2425 5335; x_wconf 87' lang='lat' dir='ltr'>tam</span> <span class='ocrx_word' id='word_1_772' title='bbox 2463 5282 2654 5336; x_wconf 82' lang='lat' dir='ltr'>fausto</span> <span class='ocrx_word' id='word_1_773' title='bbox 2687 5281 2896 5336; x_wconf 90' lang='lat' dir='ltr'>nuntio</span> <span class='ocrx_word' id='word_1_774' title='bbox 2951 5282 3238 5354; x_wconf 87' lang='lat' dir='ltr'>impertiri</span> <span class='ocrx_word' id='word_1_775' title='bbox 3268 5295 3532 5354; x_wconf 78' lang='lat' dir='ltr'>oportere</span> <span class='ocrx_word' id='word_1_776' title='bbox 3565 5301 3747 5356; x_wconf 88' lang='lat' dir='ltr'>quam</span> 
     </span>
    </p>
   </div>
   <div class='ocr_carea' id='block_1_111' title="bbox 2091 5369 3754 5441">
    <p class='ocr_par' dir='ltr' id='par_1_111' title="bbox 2091 5369 3754 5441">
     <span class='ocr_line' id='line_1_111' title="bbox 2091 5369 3754 5441; baseline 0.004 -17"><span class='ocrx_word' id='word_1_777' title='bbox 2091 5371 2501 5440; x_wconf 81' lang='lat' dir='ltr'>imperatorem</span> <span class='ocrx_word' id='word_1_778' title='bbox 2535 5369 2756 5440; x_wconf 90' lang='lat' dir='ltr'>ipsum,</span> <span class='ocrx_word' id='word_1_779' title='bbox 2789 5371 2859 5424; x_wconf 89' lang='lat' dir='ltr'>ad</span> <span class='ocrx_word' id='word_1_780' title='bbox 2894 5387 3070 5441; x_wconf 91' lang='lat' dir='ltr'>quem</span> <span class='ocrx_word' id='word_1_781' title='bbox 3103 5377 3299 5427; x_wconf 89' lang='lat' dir='ltr'>tamen</span> <span class='ocrx_word' id='word_1_782' title='bbox 3329 5375 3611 5428; x_wconf 88' lang='lat' dir='ltr'>utstatim</span> <span class='ocrx_word' id='word_1_783' title='bbox 3643 5376 3754 5431; x_wconf 83' lang='lat' dir='ltr'>ad-</span> 
     </span>
    </p>
   </div>
   <div class='ocr_carea' id='block_1_112' title="bbox 2092 5459 3748 5534">
    <p class='ocr_par' dir='ltr' id='par_1_112' title="bbox 2092 5459 3748 5534">
     <span class='ocr_line' id='line_1_112' title="bbox 2092 5459 3748 5534; baseline 0.004 -22"><span class='ocrx_word' id='word_1_784' title='bbox 2092 5460 2424 5513; x_wconf 85' lang='lat' dir='ltr'>mitteretur</span> <span class='ocrx_word' id='word_1_785' title='bbox 2481 5476 2596 5514; x_wconf 88' lang='lat' dir='ltr'>non</span> <span class='ocrx_word' id='word_1_786' title='bbox 2661 5463 2886 5529; x_wconf 88' lang='lat' dir='ltr'>poterat</span> <span class='ocrx_word' id='word_1_787' title='bbox 2944 5459 3282 5530; x_wconf 89' lang='lat' dir='ltr'>impetrare,</span> <span class='ocrx_word' id='word_1_788' title='bbox 3318 5479 3577 5518; x_wconf 89' lang='lat' dir='ltr'>sororem</span> <span class='ocrx_word' id='word_1_789' title='bbox 3611 5465 3748 5534; x_wconf 87' lang='lat' dir='ltr'>ejus</span> 
     </span>
    </p>
   </div>
   <div class='ocr_carea' id='block_1_113' title="bbox 2089 5545 3747 5622">
    <p class='ocr_par' dir='ltr' id='par_1_113' title="bbox 2089 5545 3747 5622">
     <span class='ocr_line' id='line_1_113' title="bbox 2089 5545 3747 5622; baseline 0.004 -20"><span class='ocrx_word' id='word_1_790' title='bbox 2089 5548 2210 5602; x_wconf 80' lang='lat' dir='ltr'>adit</span> <span class='ocrx_word' id='word_1_791' title='bbox 2243 5545 2566 5617; x_wconf 79' lang='lat' dir='ltr'>Eulogium,</span> <span class='ocrx_word' id='word_1_792' title='bbox 2600 5547 2769 5618; x_wconf 88' lang='lat' dir='ltr'>eique</span> <span class='ocrx_word' id='word_1_793' title='bbox 2797 5548 2967 5618; x_wconf 87' lang='lat' dir='ltr'>plane</span> <span class='ocrx_word' id='word_1_794' title='bbox 2998 5554 3236 5620; x_wconf 88' lang='lat' dir='ltr'>captum</span> <span class='ocrx_word' id='word_1_795' title='bbox 3269 5551 3614 5622; x_wconf 82' lang='lat' dir='ltr'>Byzantium</span> <span class='ocrx_word' id='word_1_796' title='bbox 3651 5571 3747 5608; x_wconf 88' lang='lat' dir='ltr'>as-</span> 
     </span>
    </p>
   </div>
   <div class='ocr_carea' id='block_1_114' title="bbox 2085 5636 3745 5700">
    <p class='ocr_par' dir='ltr' id='par_1_114' title="bbox 2085 5636 3745 5700">
     <span class='ocr_line' id='line_1_114' title="bbox 2085 5636 3745 5700; baseline 0.004 -8"><span class='ocrx_word' id='word_1_797' title='bbox 2085 5636 2560 5693; x_wconf 85' lang='lat' dir='ltr'>severantissime</span> <span class='ocrx_word' id='word_1_798' title='bbox 2592 5639 2866 5694; x_wconf 76' lang='lat' dir='ltr'>affirmat.</span> <span class='ocrx_word' id='word_1_799' title='bbox 2902 5639 3032 5694; x_wconf 71' lang='lat' dir='ltr'>Haec</span> <span class='ocrx_word' id='word_1_800' title='bbox 3071 5640 3271 5694; x_wconf 87' lang='lat' dir='ltr'>statim</span> <span class='ocrx_word' id='word_1_801' title='bbox 3305 5642 3379 5697; x_wconf 90' lang='lat' dir='ltr'>ab</span> <span class='ocrx_word' id='word_1_802' title='bbox 3413 5641 3520 5697; x_wconf 89' lang='lat' dir='ltr'>hoc</span> <span class='ocrx_word' id='word_1_803' title='bbox 3541 5643 3745 5700; x_wconf 90' lang='lat' dir='ltr'>audito</span> 
     </span>
    </p>
   </div>
   <div class='ocr_carea' id='block_1_115' title="bbox 2087 5727 3740 5804">
    <p class='ocr_par' dir='ltr' id='par_1_115' title="bbox 2087 5727 3740 5804">
     <span class='ocr_line' id='line_1_115' title="bbox 2087 5727 3740 5804; baseline 0.005 -24"><span class='ocrx_word' id='word_1_804' title='bbox 2087 5742 2320 5781; x_wconf 90' lang='lat' dir='ltr'>summo</span> <span class='ocrx_word' id='word_1_805' title='bbox 2354 5742 2526 5782; x_wconf 88' lang='lat' dir='ltr'>mane</span> <span class='ocrx_word' id='word_1_806' title='bbox 2559 5736 2765 5797; x_wconf 68' lang='lat' dir='ltr'>praeter</span> <span class='ocrx_word' id='word_1_807' title='bbox 2792 5727 3034 5784; x_wconf 87' lang='lat' dir='ltr'>solitum</span> <span class='ocrx_word' id='word_1_808' title='bbox 3070 5729 3292 5801; x_wconf 89' lang='lat' dir='ltr'>regiam</span> <span class='ocrx_word' id='word_1_809' title='bbox 3329 5731 3599 5804; x_wconf 86' lang='lat' dir='ltr'>ingressa</span> <span class='ocrx_word' id='word_1_810' title='bbox 3645 5749 3740 5788; x_wconf 81' lang='lat' dir='ltr'>re-</span> 
     </span>
    </p>
   </div>
  </div>
