4112 6436
364 419 470 475 589

1437 420 1526 472 DE
1566 418 1936 474 MICUAELE
1973 416 2418 472 PALEOLOGO
2455 420 2590 472 LIB.
2634 421 2707 473 II.

3675 427 3782 485 590

361 564 550 600 σταται
584 544 840 598 ὑπνοῦντι
894 546 975 615 τῷ
1036 540 1268 618 βασιλεῖ.
1301 541 1372 595 Τὸ
1409 538 1536 618 γοῦν
1568 538 1863 610 διυπ-θίζειν
1896 539 2012 612 ἅμα
2045 544 2099 610 Α
2125 542 2205 610 τῷ
2263 535 2384 606 ἤθει
2439 538 2684 618 ἐμφανὴς
2741 542 2807 610 ἦν
2838 540 2904 598 τὰ
2932 545 3052 609 καθ’
3083 543 3288 616 ἠδοιὴν
3321 546 3539 621 ἐροῦσα,
3574 549 3636 605 οὗ
3671 553 3780 625 μὴν

361 634 452 689 καὶ
483 632 660 708 λέγειν
693 631 954 703 τοιαύτην
989 629 1244 707 ἀγγελίαν
1292 629 1391 685 οὔκ
1438 627 1749 704 ἐδοκίμαζε,
1783 631 1857 702 μή
1893 650 2010 692 πως

361 722 451 778 καὶ
481 721 645 776 πάθοι
675 742 726 776 τι
778 720 1030 798 ἐξαίφνης
1078 719 1167 776 καὶ
1223 721 1369 794 ποιρά
1398 717 1728 795 προσδοκίαν
1786 717 2020 779 ἀκούσας

365 813 478 884 ἅμα
525 814 604 882 τῷ
651 810 744 865 τὸν
795 808 961 864 ὕπνον
1011 807 1332 876 διολισθεῖν,
1368 807 1532 886 σοφόν
1563 829 1614 862 τι
1645 807 1734 862 καὶ
1768 806 1828 862 οὗ
1885 807 2021 862 κατὰ

365 905 626 975 γυναῖκας
659 902 917 954 ποιοῦσα.
951 902 1060 956 Τοῦ
1090 898 1193 974 γὰρ
1227 897 1470 974 ἐμφύτου
1523 896 1829 967 πνεύματος
1889 896 2023 970 μετά

366 991 468 1059 τὴν
498 990 705 1065 τροφήν
754 987 878 1063 περὶ
925 989 1024 1058 τὴν
1075 988 1236 1062 πέψιν
1271 986 1692 1061 ἀσχολουμένου
1741 987 1829 1041 καὶ
1876 985 2023 1048 ἐντὸς

369 1073 710 1138 εἰσδύνοντος
761 1073 968 1151 ἀνάγκη
1020 1075 1115 1137 τὰς
1165 1075 1440 1146 αἰσθήσεις
1487 1073 1523 1144 ἢ
1557 1075 1739 1150 ἀργεῖν
1792 1074 2022 1129 ὑπνούν-

368 1187 475 1223 των
527 1168 561 1238 ἧ
614 1167 821 1220 ἀτονεῖν
870 1164 1312 1242 γρηγορούντων,
1371 1166 1446 1237 μή
1508 1165 1686 1242 σφίσιν
1743 1163 2020 1219 ἐπιπολά-

374 1262 584 1326 ζοντος,
643 1255 755 1309 εἶτα
800 1252 896 1310 κᾶν
953 1276 1005 1310 τι
1057 1253 1182 1329 περὶ
1237 1253 1304 1309 τὰ
1361 1253 1592 1323 αἴσθητὰ
1648 1249 1888 1326 συμϐαίη
1944 1257 2019 1327 μή

371 1346 732 1406 καταστάντος
809 1345 947 1399 κατὰ
1011 1343 1200 1420 χώραν
1262 1343 1618 1417 [ὑπνούντωνῖ
1678 1343 1767 1398 καὶ
1822 1365 1873 1398 τι
1931 1345 2022 1398 καὶ

370 1436 508 1511 πρὸς
539 1433 832 1508 ἀντίληψιν
889 1428 1352 1507 προσϐιάζωνται,
1408 1432 1454 1487 εἷ
1517 1433 1610 1505 μὲν
1667 1432 1874 1506 ὁμαλὸν
1933 1432 2023 1487 καὶ

369 1532 477 1582 τῶν
553 1526 800 1596 συνήθων
878 1522 988 1579 ἐστὶ
1063 1524 1124 1578 τὸ
1198 1519 1766 1596 ἀντιλαμϐανόμενον,
1829 1521 2026 1602 αἶ’φνης

374 1615 707 1676 ἀκούσαντας
737 1612 1307 1688 κατερῥᾳθυμημένως
1365 1612 1679 1688 προσέσθαι,
1712 1613 1758 1667 εἰ
1808 1611 1853 1668 δ’
1897 1616 2028 1681 ἀτη-

371 1708 462 1782 ρὸν
514 1704 702 1765 ἄλλως
753 1707 787 1775 ἢ
834 1701 1150 1777 τοῦμπαλιν
1203 1705 1394 1778 χαρίεν
1443 1705 1530 1758 καὶ
1577 1708 1684 1758 τῶν
1717 1703 2023 1774 ἀσυνήθων,

373 1799 450 1872 μή
499 1797 700 1857 ἱκανῶς
751 1792 828 1849 ἔτι
877 1794 1012 1868 πρὸς
1053 1791 1344 1867 ἀντίληψιν
1399 1791 1632 1868 ἐχούσας
1680 1788 2025 1868 θορυϐεῖσθαι

370 1887 461 1941 καὶ
516 1888 585 1958 τῇ
661 1887 816 1958 ψυχῇ
876 1882 1070 1944 εὐθέως
1125 1877 1565 1957 τεθορυϐημένας
1617 1882 2025 1956 προσπαιούσας
2057 1916 2105 1981 Β

370 1971 632 2044 ἔκπληξιν
683 1973 1102 2048 ἀπεργάζεσθαι.
1153 1971 1288 2028 Τότε
1329 1970 1508 2025 τοίνυ)
1555 1971 1730 2040 ἐκείνη
1777 1978 1877 2041 τῆς
1925 1976 2026 2026 τοῦ

375 2064 644 2141 βασιλέως
692 2060 987 2140 ἀσφαλείας
1011 2061 1120 2136 οὐχ
1146 2062 1307 2131 ἦττον
1341 2060 1376 2130 ἢ
1427 2066 1523 2116 τοῦ
1552 2062 1618 2116 τα
1665 2061 1802 2131 ἡδέα
1850 2062 2026 2140 λέγειν

371 2154 676 2229 προύνόει,
733 2153 824 2206 καὶ
881 2153 998 2206 κατ’
1055 2149 1244 2227 ὀλίγον
1303 2153 1600 2227 γρηγορσιν
1663 2149 2022 2226 ἀνελάμϐανε.

371 2246 494 2301 Τῶν
556 2243 657 2319 γὰρ
704 2244 800 2296 τοῦ
856 2237 1029 2302 ποδὸς
1087 2237 1368 2295 δακτύλων
1423 2241 1514 2295 τὸν
1574 2240 1825 2315 μέγιστον
1859 2263 2027 2297 κατα-

373 2336 585 2408 σχοῦσα
647 2329 878 2404 μετρίως
936 2328 1115 2397 ἐπίεζε
1171 2334 1288 2392 τοῖς
1347 2326 1638 2392 δακτύλοις
1678 2329 1753 2394 ὠς
1801 2331 2027 2403 ὁμαλῶς

374 2419 735 2478 διυπνίσουσα
768 2463 782 2487 ,
842 2416 928 2474 καί
983 2416 1228 2486 διύπνιζε
1284 2417 1624 2494 παραυτίκα.
1685 2419 1782 2474 Καὶ
1845 2422 1902 2480 ὃς
1956 2425 2025 2495 τῇ

377 2514 602 2586 μοναχῇ
667 2506 858 2564 ἐνιδὼν
938 2506 1227 2582 ἱσταμένη,
1278 2506 1308 2562 ὅ
1382 2529 1434 2561 τι
1496 2510 1740 2564 παθοῦσα
1802 2511 2026 2586 πράττει

369 2603 599 2656 τοιαῦτα
656 2598 1058 2653 διεπυνθάνετο.
1101 2597 1164 2652 Ἡ
1215 2593 1272 2650 δὶ
1316 2596 1515 2672 γέλωτι
1553 2597 1647 2670 μὲν
1675 2598 1763 2652 καὶ
1792 2606 2027 2675 χαροπῷ

373 2800 527 2873 perit
572 2797 962 2854 dormientem
1010 2796 1429 2868 imperatorem
1457 2813 1480 2860 ;
1527 2800 1584 2852 et
1608 2797 1667 2852 in
1699 2801 1863 2854 tanta
1893 2798 2030 2856 licet

372 2896 495 2945 tam
547 2889 810 2960 expetitae
844 2887 924 2941 rei
948 2885 1062 2942 cito
1092 2886 1420 2942 indicandae
1472 2887 1771 2958 prurigine
1820 2889 2029 2945 mulie-

375 2980 541 3033 brem
592 2975 978 3048 cupiditatem
1028 2974 1319 3044 sapientia
1371 2974 1576 3044 majori
1627 2974 1686 3028 in
1739 2979 2026 3046 potestate

376 3066 611 3135 habuit,
658 3065 960 3120 moderata
991 3064 1127 3132 sibi,
1157 3081 1230 3119 ne
1285 3064 1448 3118 fratri
1479 3081 1510 3120 e
1543 3081 1750 3120 somno
1783 3065 2026 3121 excitato

375 3160 603 3213 tantam
654 3153 851 3209 subito
898 3152 1163 3208 laetitiam
1211 3153 1506 3223 objiceret,
1542 3169 1660 3224 qua
1707 3154 2026 3224 periclitari

2125 624 2171 682 δ’
2203 624 2262 681 ἐκ
2289 632 2388 682 τοῦ
2420 629 2726 703 παραυτίκα
2757 631 2823 686 τὰ
2869 635 3006 687 κατὰ
3049 639 3174 690 νοῦν
3211 634 3531 712 ἐξήγγελλε»
3585 624 3781 716 μέχρις

2124 714 2184 770 ἂν
2243 719 2536 788 κατασταίη
2584 719 2718 775 κατᾶ
2776 723 2838 776 τὸ
2889 721 3036 783 εἷ’κὸς
3083 725 3145 778 τὸ
3201 731 3461 801 φρονοῦν.
3523 714 3784 785 Ἑπεὶηδὲ

2125 805 2413 861 καθίστατο
2470 809 2554 862 καὶ
2616 810 2764 871 αὖθις
2817 809 3006 882 ἤρώτα
3067 818 3256 885 μαθεῖν
3319 813 3662 890 γλιχόμενος
3718 821 3782 875 τδ

2127 892 2376 964 ἣδυνοῦν,
2411 897 2484 958 ὡς
2514 897 2748 969 ὑπενόει,
2805 899 2930 955 τότε
2979 903 3287 974 προσετίθει
3345 905 3411 960 τὰ
3469 907 3782 985 εὐαγγέλια,

2129 985 2201 1046 ὡς
2231 983 2266 1053 ἢ
2315 1007 2372 1040 τε
2405 981 2566 1048 πόλις
2614 987 2770 1060 ἀλῲη
2822 989 2850 1044 ὃ
2883 1011 2940 1043 τε
2982 992 3188 1066 Καῖσαρ
3226 993 3358 1066 μετὰ
3385 1000 3480 1050 τοῦ
3515 981 3785 1062 Σκυθικοῧ

2127 1073 2271 1134 ἐντὸς
2318 1074 2508 1146 ἀνέδην
2563 1073 2765 1152 διάγοι,
2802 1081 2885 1149 [Ρ.
2917 1081 3006 1153 98]
3061 1081 3151 1135 καὶ
3187 1083 3258 1145 ὡς
3294 1083 3583 1160 εὐαγγέλια
3641 1086 3786 1142 ἐκεῖ·

2130 1161 2214 1214 θεν
2273 1163 2525 1236 ἥκοντος,
2587 1164 2674 1220 ἐπὶ
2728 1167 2943 1229 τούτοις
3020 1169 3447 1246 ἰσχυριζομένου
3498 1176 3565 1231 τὶ
3620 1175 3787 1250 μάλι-

2129 1279 2226 1315 στα
2311 1257 2384 1318 ὡς
2472 1255 2583 1310 ἐκεῖ
2657 1260 3044 1331 πραττομένων
3113 1262 3409 1336 παρόντος.
3494 1266 3644 1321 Ἐπεὶ
3729 1265 3786 1323 δὲ

2129 1349 2219 1405 καὶ
2277 1347 2318 1400 εἷ
2382 1343 2716 1416 ἀποσταλείη
2796 1347 2941 1422 παρᾶ
2994 1354 3090 1403 τοῦ
3151 1352 3423 1421 Καίσαρος
3479 1355 3639 1418 οὗτος
3694 1357 3786 1410 ἄν·

2131 1434 2488 1503 επυνθοὶνετο,
2647 1431 2704 1488 δὲ
2764 1435 2862 1490 οὐκ
2915 1435 3110 1493 εἰδέναι
3175 1440 3268 1512 μὲν
3323 1438 3574 1518 ἔφασκεν,
3633 1445 3787 1519 ὅμως

2129 1528 2290 1583 αὐτὸν
2374 1524 2618 1598 παρόντα
2689 1526 2929 1600 αὐτάρκη
3018 1527 3148 1582 εἶναι
3221 1529 3646 1605 ἀποκρινεῖσθαι.
3725 1537 3785 1592 Ὁ

2135 1617 2317 1690 μέντοι
2376 1634 2435 1689 γε
2497 1610 2752 1685 βασιλεὺς
2814 1614 3012 1669 ἐννοῶν
3075 1618 3169 1688 μὲν
3197 1620 3382 1674 καὶτὸ
3410 1625 3506 1675 τοῦ
3535 1622 3786 1698 πρᾶγμα.

2129 1727 2221 1767 τος
2256 1703 2399 1774 ξένον
2428 1700 2517 1756 καὶ
2561 1699 2626 1770 δὴ
2678 1703 2769 1756 καὶ
2826 1703 2900 1766 ὡς
2957 1705 3055 1759 οὒκ
3113 1707 3447 1764 ἀποστέλλοι
3500 1711 3527 1765 ὁ
3587 1718 3787 1788 Καῖσαρ

2132 1793 2220 1849 ἐπὶ
2291 1790 2536 1858 τούτοις,
2617 1789 2814 1847 ἐννοῶν
2893 1791 2951 1848 δὲ
3007 1796 3096 1849 καὶ
3156 1797 3220 1851 τὸ
3276 1802 3382 1852 τῶν
3441 1799 3788 1878 ἐφεπομένων

2133 1881 2350 1950 πλῆθος
2399 1881 2474 1943 ὡς
2517 1875 2745 1935 ἔλαττον
2800 1881 2860 1936 ὃν
2891 1883 2925 1951 ἢ
2959 1887 3126 1938 ταῦτα
3158 1887 3436 1959 πράττειν,
3480 1875 3575 1944 καὶ
3625 1891 3698 1951 ὡς
3744 1890 3790 1945 εἱ

2141 1969 2470 2050 βουληθείη,
2501 1968 2605 2024 οὐκ
2636 1967 2693 2023 ἂν
2727 1967 2998 2042 ἠδυνήθη,
3051 1969 3165 2026 οὐδ’
3210 1972 3357 2035 ὅλως
3404 1981 3523 2041 τοῖς
3559 1979 3794 2054 λεγομέ-

2135 2085 2270 2130 νοις,
2323 2060 2510 2116 ἑαυτὸν
2540 2057 2742 2117 ἐδίδου.
2792 2062 2866 2114 Τά
2908 2058 2963 2114 δὲ
2994 2061 3172 2136 χλεύη
3206 2066 3295 2118 καὶ
3325 2065 3491 2121 πάλιν
3523 2069 3675 2142 εἶναι,
3712 2071 3788 2144 μὴ

2135 2154 2227 2210 καὶ
2285 2147 2577 2225 ἀϐέλτερος
2624 2148 2708 2221 εἷή
2771 2152 2798 2204 ὁ
2855 2156 3022 2206 ταῦτα
3080 2155 3561 2230 συσκευαζόμενος.
3616 2160 3791 2224 Αὐτὸς

2137 2247 2226 2301 οὖν
2279 2241 2420 2320 ἔγνω
2466 2243 2690 2304 καθίσας
2745 2239 3005 2317 διερωτᾷν
3037 2245 3128 2299 τὸν
3178 2245 3401 2316 ἥκοντα,
3455 2248 3520 2303 οὐ
3567 2255 3645 2324 τῷ
3673 2258 3791 2314 τοῖς

2139 2334 2538 2411 ῥηθησομένοις
2589 2331 2638 2405 ἐξ
2693 2331 2918 2406 ἑτοίμου
2973 2335 3254 2404 θήσεσθαι,
3302 2341 3382 2410 τῷ
3437 2335 3496 2392 δὲ
3542 2339 3786 2411 νομίζειν

2137 2424 2339 2480 ἐκεῖνον
2412 2421 2487 2484 είς
2562 2416 2732 2498 φόϐον
2810 2421 3144 2479 καταστάντα
3227 2426 3507 2500 βασιλικὸν
3571 2427 3792 2500 τάληθῆ

2138 2513 2331 2584 λέξειν,
2355 2512 2589 2582 τάληθὲς
2609 2511 2845 2580 ἐλπίζων
2871 2512 3150 2568 πυθέσθαι·
3185 2515 3458 2590 Εΐστςγετο
3485 2519 3667 2574 τοίνυν
3693 2523 3792 2575 τοῦ

2143 2601 2410 2678 βασιλέως
2453 2601 2873 2676 προστάξαντος,
2923 2600 3012 2657 καί
3067 2602 3422 2679 ἐρωτώμενος
3472 2605 3647 2683 ἔλεγε,
3699 2610 3792 2664 καὶ

2138 2800 2456 2866 admiraos,
2502 2798 2825 2855 satin’sana
2853 2803 2910 2856 et
2951 2817 3238 2872 quorsum
3282 2803 3363 2859 ibi
3391 2808 3548 2861 esset
3577 2806 3794 2878 quidve

2139 2898 2350 2960 ageret.
2395 2887 2500 2942 Illa
2543 2887 2718 2942 hilari
2772 2887 3038 2944 arridens
3081 2889 3246 2946 vultu
3298 2891 3446 2948 satis
3494 2893 3624 2965 ipsa
3674 2895 3793 2951 oris

2138 2979 2466 3034 renidentia
2505 2977 2872 3032 monstrabat
2915 2995 3205 3049 prosperae
3257 2996 3318 3036 se
3351 2983 3431 3038 rei
3459 2983 3666 3038 adesse
3697 2983 3792 3038 in-

2138 3069 2350 3124 dicem.
2373 3067 2644 3123 Nondum
2665 3071 2860 3122 tamen
2886 3067 3028 3139 quid
3054 3069 3584 3143 afferretexposuit,
3604 3072 3792 3129 otium

2139 3159 2402 3228 praebens
2452 3156 2726 3212 sensibus
2773 3155 3108 3211 excutiendi
3156 3160 3408 3229 torporis
3451 3160 3791 3232 vigorisque

375 3244 646 3302 valetudo
678 3246 808 3313 ejus
837 3246 1054 3313 posset,
1087 3241 1330 3297 extremi
1360 3242 1557 3314 gaudii
1581 3243 2029 3300 vehementissi-
2058 3232 2103 3297 C
2145 3243 2502 3301 resumendi.
2534 3244 2680 3298 Tum
2713 3244 2812 3299 ubi
2845 3243 2987 3300 satis
3017 3245 3193 3314 spatii
3223 3247 3426 3302 datum
3461 3251 3792 3318 naturaeju-

379 3351 545 3390 mum
575 3351 644 3390 ex
672 3332 976 3403 inopinato
1009 3332 1326 3403 appulsam
1347 3331 1448 3386 tali
1475 3331 1724 3388 articulo
1747 3333 1902 3388 haud
1939 3334 2026 3389 in-

381 3425 552 3482 noxie
584 3421 852 3480 fortassis
892 3427 1202 3492 excepturo
1236 3422 1582 3477 semisomni
1631 3439 1892 3494 corpore,
1945 3423 2029 3478 εἰη

379 3515 622 3586 quidem
674 3511 928 3568 naturali
961 3512 1176 3582 spiritu
1228 3516 1359 3583 post
1389 3511 1584 3566 cibum
1634 3516 1936 3584 sumptum
1971 3512 2028 3566 in

377 3607 508 3676 ejus
554 3601 932 3658 concoctione
978 3605 1286 3672 occupato,
1317 3605 1375 3656 et
1422 3601 1584 3656 intus
1617 3618 1684 3656 ea
1711 3618 1890 3657 causa
1937 3618 2030 3656 re-

375 3696 587 3763 tracto,
638 3707 879 3747 necesse
930 3695 1018 3746 est
1059 3705 1271 3745 sensus
1320 3694 1421 3744 aut
1471 3691 1640 3760 plane
1669 3689 1841 3745 otiari
1895 3692 2029 3746 dor-

378 3782 716 3852 mientium,
747 3784 849 3835 aut
881 3795 1084 3834 recens
1115 3777 1501 3834 excitatorum
1533 3777 1830 3849 languere,
1863 3779 2034 3850 copia

372 3870 646 3927 videlicet
692 3868 1035 3941 spirituum,
1085 3884 1339 3938 quorum
1386 3867 1604 3922 affluxu
1637 3866 1855 3939 vigent,
1890 3872 2032 3923 tunc

379 3960 576 4015 adhuc
624 3958 764 4014 alibi
812 3959 1065 4013 detenta.
1099 3957 1290 4020 Quare
1321 3956 1392 4026 si,
1427 3957 1581 4028 quod
1631 3956 1688 4010 in
1738 3966 2032 4013 momento

375 4067 495 4122 quo
529 4048 664 4120 quis
712 4047 1136 4119 expergiscitur
1169 4051 1360 4102 movet
1389 4062 1651 4112 sensum,
1703 4045 1831 4102 lene
1861 4047 2034 4102 fuerit

377 4145 438 4196 et
468 4137 734 4207 solitum,
780 4137 1136 4209 percipietur
1165 4137 1292 4191 sine
1322 4153 1495 4202 noxa,
1530 4136 1808 4191 mediocri
1844 4140 2030 4191 atten-

377 4231 557 4295 tione,
590 4232 648 4282 et
679 4227 872 4298 qualis
912 4231 1004 4282 est
1049 4225 1512 4281 ludibundorum
1545 4231 1602 4280 et
1649 4225 1809 4281 aliud
1853 4242 2033 4295 agen-

377 4319 552 4385 tium,
587 4319 656 4374 ad
710 4318 768 4372 id
802 4316 1155 4372 sufficiente.
1212 4317 1386 4372 Porro
1437 4317 1504 4372 ad
1541 4315 1692 4371 hanc
1742 4316 1888 4371 satis
1943 4316 2031 4370 in-

380 4411 607 4463 structa
630 4407 898 4472 facultas,
923 4410 1012 4460 est
1043 4409 1342 4476 utcunque
1367 4404 1520 4460 intro
1555 4405 2034 4460 adhucteneatur

383 4514 518 4570 pars
553 4498 744 4567 major
775 4495 1115 4566 spirituum.
1161 4495 1264 4549 Sin
1290 4509 1427 4550 vero
1457 4493 1824 4566 inepinatum
1858 4487 2034 4565 quid-

2138 3334 2432 3391 dicavitad
2455 3333 2873 3389 restituendam
2897 3333 2955 3387 in
2971 3337 3190 3389 statum
3215 3340 3676 3394 consentaneum
3699 3338 3790 3394 in-

2139 3423 2435 3493 telligendi
2469 3422 2829 3491 facultatem,
2861 3422 3070 3493 cupide
3095 3424 3384 3496 ﬂagitanti
3417 3430 3681 3499 Augusto
3713 3445 3785 3484 ne

2137 3513 2361 3569 diutius
2400 3516 2618 3568 taceret
2646 3512 2801 3583 quod
2851 3511 3022 3567 dulce
3052 3512 3254 3569 auditu
3305 3515 3653 3572 nuntiatura
3680 3532 3780 3574 ve-

2141 3603 2347 3668 uisset,
2378 3602 2613 3656 tandem
2647 3601 2918 3673 exposuit
2959 3607 3192 3674 captam
3244 3604 3429 3660 teneri
3481 3606 3685 3663 urbem
3733 3611 3793 3663 et

2137 3692 2424 3748 Caesarem
2461 3691 2617 3745 intra
2664 3707 2794 3745 eam
2842 3707 3046 3748 secure
3078 3709 3214 3748 cum
3258 3694 3550 3766 Scythicis
3599 3697 3789 3769 copiis

2139 3783 2366 3851 degere.
2430 3779 2488 3834 ld
2537 3783 2692 3835 certo
2750 3779 2887 3834 sciri
2947 3797 3016 3835 ex
3065 3781 3296 3838 oculato
3349 3787 3500 3840 teste
3557 3784 3794 3842 homine

2139 3870 2275 3927 inde
2306 3885 2542 3925 summa
2573 3867 2868 3924 celeritate
2892 3870 3166 3940 profecto,
3201 3874 3794 3944 constantissimeque

2140 3961 2473 4016 afﬁrmante
2522 3973 2652 4012 sese
2717 3957 3059 4014 interfuisse
3112 3960 3254 4014 dum
3289 3977 3380 4016 res
3411 3968 3708 4032 gereretur
3736 3968 3794 4020 et

2139 4053 2366 4120 gestam
2380 4045 2618 4100 vidisse.
2640 4046 3038 4115 Interrogante
3052 4063 3184 4102 vero
3200 4048 3554 4121 imperatore
3577 4052 3788 4125 ecquid

2140 4138 2236 4192 ille
2269 4136 2488 4190 missus
2521 4151 2554 4188 a
2583 4133 2808 4188 Caesare
2839 4133 3115 4204 venisset,
3153 4136 3254 4191 illa
3285 4153 3346 4193 se
3379 4139 3605 4195 nescire
3638 4141 3789 4196 dixit

2141 4231 2416 4282 caeterum
2465 4224 2674 4278 adesse
2723 4222 3020 4278 hominem
3070 4229 3128 4279 et
3190 4225 3540 4299 interrogari
3592 4244 3787 4300 posse,

2139 4316 2359 4388 quippe
2409 4314 2684 4368 idoneum
2728 4312 3038 4367 reddenda
3093 4315 3186 4369 sui
3238 4316 3471 4374 rationi.
3524 4318 3789 4374 Prudens

2140 4407 2461 4476 imperator
2490 4405 2772 4474 reputans
2823 4418 3000 4473 quam
3035 4419 3184 4460 nova
3215 4414 3269 4460 et
3309 4405 3614 4478 inopinata
3648 4425 3790 4463 nar-

2141 4499 2371 4551 raretur
2400 4510 2514 4560 res,
2548 4493 2620 4547 de
2651 4509 2768 4562 qua
2790 4492 3036 4548 nuntius
3067 4511 3102 4549 a
3129 4493 3370 4562 Caesare,
3403 4496 3506 4569 qui
3539 4498 3794 4570 gessisse

379 4588 515 4643 dam
545 4591 602 4641 et
635 4601 918 4656 magnum
970 4583 1304 4653 objiciatur,
1341 4585 1398 4638 in
1435 4583 1726 4639 utrumvis
1756 4583 1898 4639 mali
1929 4587 2032 4639 aut
2060 4593 2108 4655 [)
2139 4584 2463 4648 dicebatur,
2496 4580 2696 4637 nullus
2755 4586 3078 4652 appareret,
3115 4600 3340 4640 memor
3377 4585 3551 4642 etiam
3587 4587 3794 4658 pauci-

380 4675 543 4744 boni,
577 4675 796 4731 doloris
825 4678 930 4730 aut
957 4672 1158 4745 gaudii
1208 4679 1538 4728 extremum
1570 4673 1876 4739 excedens,
1909 4677 2033 4727 tur-

384 4767 486 4821 bat
516 4764 782 4820 animum
815 4762 1246 4825 vehementius,
1281 4767 1338 4816 et
1367 4777 1502 4816 eum
1532 4761 1748 4832 raptim
1781 4761 2033 4817 incitans

381 4855 455 4912 ad
487 4853 804 4926 exigendas
835 4869 865 4908 e
887 4851 1184 4917 sensibus,
1215 4856 1382 4918 tunc,
1411 4856 1474 4904 ut
1496 4850 1715 4905 dictum
1742 4856 1833 4906 est
1863 4851 2035 4922 spiri-

381 4949 553 5000 tuum
585 4941 852 4998 absentia
883 4941 1230 5008 debilitatis,
1263 4957 1427 4996 acres
1458 4940 1846 5010 operationes,
1879 4939 2040 4996 laedit

381 5051 485 5090 eos
541 5038 602 5088 et
656 5030 1060 5087 valetudinem
1093 5029 1443 5101 corrumpit,
1486 5029 1634 5086 151
1673 5045 1914 5100 corpore
1945 5030 2036 5083 in-

386 5123 624 5179 terdum
662 5121 722 5174 in
773 5119 1100 5191 deliquium
1136 5123 1193 5175 et
1236 5124 1571 5190 symptoma
1621 5119 1911 5174 sonticum
1947 5136 2036 5174 re-

385 5213 579 5267 dacto.
609 5209 738 5264 Haec
768 5210 1065 5280 sapienter
1095 5213 1235 5263 tunc
1268 5214 1547 5279 reputans
1574 5207 1817 5278 Eulogia
1843 5207 2042 5262 instil-

383 5300 509 5356 lare
547 5298 834 5371 gaudium
869 5315 1044 5369 quam
1094 5298 1522 5369 superfundere
1567 5297 1733 5352 fratri
1785 5296 2036 5363 maluit;

385 5408 492 5446 nec
521 5387 800 5444 nuntium
836 5387 1246 5443 felicissimum
1300 5385 1412 5441 nisi
1448 5386 1788 5456 praeparatis
1817 5385 2039 5440 idoneae

387 5476 801 5551 suspensionis
820 5494 981 5532 mora
1003 5476 1459 5548 expergiscentis
1477 5477 1720 5530 auribus
1745 5476 2043 5530 commisit

389 5570 653 5625 Primum
688 5566 955 5622 vellicato
989 5566 1156 5638 pedis
1187 5565 1434 5621 articulo
1477 5565 1688 5636 majori
1720 5565 1893 5636 sopiti
1931 5567 2043 5620 fra~

386 5659 498 5716 tris
529 5673 802 5714 somnum
827 5659 1105 5711 excussit.
1128 5659 1392 5727 Cumque
1417 5655 1466 5710 is
1487 5654 1672 5710 oculis
1697 5656 1916 5726 apertis
1951 5672 2046 5710 so-

389 5749 510 5805 lam
541 5763 608 5804 eo
631 5745 758 5803 loco
790 5763 857 5803 ac
887 5751 1154 5817 tempore
1185 5761 1448 5802 sororem
1480 5743 1744 5813 vidisset,
1780 5743 2047 5816 quaesivit

2144 4673 2284 4729 tatis
2315 4672 2610 4742 copiarum
2637 4685 2768 4726 cum
2827 4687 3039 4726 caesare
3089 4674 3478 4742 profecturum
3523 4675 3658 4731 talis
3730 4679 3797 4731 ut

2143 4768 2366 4818 tantam
2419 4761 2624 4815 urbem
2657 4775 2979 4830 occupasse
3020 4761 3192 4817 etiam
3229 4763 3382 4817 ultro
3434 4763 3562 4819 sine
3606 4768 3798 4819 certa-

2149 4854 2302 4908 mine
2351 4854 2638 4921 apertam,
2705 4848 2790 4904 vel
2839 4848 2886 4904 si
2932 4850 3257 4908 voluissent
3307 4853 3580 4922 maxime,
3635 4853 3794 4908 haud

2149 4941 2411 5013 potuisse
2439 4939 2794 5004 viderentur,
2821 4938 3104 4996 sustinuit
3134 4957 3448 4997 accensum
3482 4958 3588 4997 nec
3614 4942 3793 4998 fidem

2149 5029 2417 5086 adhibuit
2448 5027 2677 5090 nuntio,
2701 5027 2855 5082 152
2883 5029 3216 5100 suspicatus
3239 5029 3382 5102 quin
3413 5031 3591 5086 etiam
3624 5030 3796 5086 illudi

2150 5120 2261 5176 sibi
2303 5119 2374 5172 ab
2405 5116 2643 5170 homine
2665 5115 2913 5170 fortasse
2936 5117 3182 5172 nimium
3208 5119 3464 5190 simplici
3493 5124 3595 5175 aut
3622 5119 3797 5191 plano

2153 5208 2249 5280 qui
2279 5207 2398 5261 haec
2421 5209 2615 5260 astute
2647 5209 2749 5258 aut
2780 5203 2956 5258 stulte
2996 5207 3362 5264 confinxerit.
3396 5209 3659 5265 Decrevit
3683 5209 3800 5281 igi-

2151 5304 2212 5352 tu
2245 5297 2372 5373 ipse
2407 5310 2508 5366 per
2539 5293 2725 5348 otium
2755 5308 2888 5347 cum
2929 5291 3313 5366 interrogare,
3359 5314 3602 5367 sperans
3631 5299 3800 5372 agni-

2152 5392 2353 5440 turum
2404 5399 2475 5438 ex
2526 5382 2654 5452 ejus
2687 5382 2985 5452 responsis
3033 5383 3175 5454 quid
3219 5385 3278 5439 in
3313 5402 3372 5441 re
3421 5392 3615 5444 esset:
3667 5404 3804 5442 nam

2157 5480 2317 5531 metu
2352 5472 2660 5545 praesentis
2694 5472 3022 5542 majestatis
3061 5472 3529 5542 simulationem,
3554 5477 3601 5532 si
3627 5493 3805 5547 quam

2157 5563 2550 5628 adhibuisset,
2602 5559 2717 5631 ipsi
2779 5561 3214 5626 excutiendam,
3267 5565 3685 5636 fassurumque
3742 5584 3812 5623 ex

2157 5671 2292 5710 vero
2342 5655 2573 5708 cuncta.
2626 5651 2790 5705 Tunc
2838 5651 3020 5723 igitur
3054 5652 3124 5707 ad
3176 5653 3594 5723 imperatorem
3634 5656 3809 5721 jussu

2157 5743 2347 5817 ipsius
2369 5741 2748 5797 introductus
2769 5757 2976 5798 cursor
3001 5748 3109 5811 est,
3142 5745 3198 5797 et
3228 5743 3298 5797 ab
3321 5758 3388 5798 eo
3409 5743 3810 5817 interrogatus
