4112 6418
309 416 411 469 591

1625 408 1929 464 GEORGII
1969 402 2434 459 PACHYMERE

3641 399 3752 456 592

313 538 387 598 ὡς
420 533 531 590 ἴδοι
561 531 996 598 ἐπιτελεσθεῖσαν
1045 535 1145 602 τήν
1197 529 1402 586 ἅλωσιν
1451 525 1726 586 ἐϐεϐαίου.
1787 528 1969 603 Λέγων
2002 527 2057 594 Α
2085 521 2325 585 ἐκείνους
2377 520 2682 597 γράμματα
2727 522 2960 594 πέμπων
3016 519 3296 577 συνεκάλει
3353 523 3556 584 πάντας
3608 522 3748 598 πρὸς

316 624 406 681 οὖν
469 627 588 690 καθ’
644 622 866 680 ἕκαστον
927 622 1166 685 πολλοῖς
1226 623 1322 694 μὲν
1379 621 1718 696 ἐνειργὰζετο
1764 618 1970 683 πίστιν,

313 724 442 773 πᾶσι
491 715 549 771 δὲ
595 715 957 785 κατάπληξιν.
990 716 1051 771 Ὁ
1105 713 1291 786 μέντοι
1347 710 1603 787 βασιλεὺς
1653 709 1799 783 παρὰ
1840 707 1973 768 τοὺς

313 805 562 868 πολλοὺς
611 803 787 860 δοκεῖν
838 802 1009 868 θέλων
1043 801 1264 874 εἰδέναι,
1318 803 1408 856 καὶ
1443 799 1657 875 μᾶλλον
1691 800 1778 855 ἐπὶ
1807 819 1974 873 στρα-

313 899 508 969 τείαις,
560 897 649 952 καὶ
709 899 820 970 ἅμα
867 893 1078 968 ψευδῶν
1130 896 1225 967 μὲν
1285 890 1455 949 ὄντων
1500 898 1608 948 τῶν
1655 893 1971 968 λεγομένων

321 989 396 1062 μὴ
457 990 803 1064 ξυναρπαγῆς
859 981 1118 1060 ἔγκλημα
1171 988 1350 1060 φέρειν
1383 1032 1397 1054 ,
1459 983 1736 1054 ἀληθινῶν
1799 980 1857 1037 δὲ
1911 981 1974 1037 τὸ

322 1079 455 1152 μετά
505 1076 773 1142 δοκούσης
817 1073 1113 1152 ἀσφαλείας
1164 1080 1270 1129 τῶν
1329 1075 1403 1136 ὡς
1439 1074 1597 1129 αὐτὸν
1631 1073 1972 1150 ἀναφερομέ-

315 1190 416 1223 νων
475 1165 798 1242 κερδαίνειν,
855 1167 1186 1241 προσέταττε
1235 1163 1601 1242 φυλάττεσθαι
1661 1161 1968 1236 δεδεμένον.

318 1257 471 1329 ΙΙλήν
529 1257 750 1331 ἅσμενοι
782 1257 918 1326 ἦσαν
977 1257 1231 1323 ἅπαντες,
1289 1255 1335 1310 εἲ
1391 1254 1735 1310 πιστεύοιντο
1771 1253 1974 1309 Ἰταλοὶ

317 1349 460 1404 οὕτω
516 1356 616 1417 τῆς
670 1347 888 1410 πόλεως
945 1347 1328 1419 ἐξωθούμενοι.
1389 1348 1478 1410 Ὠς
1536 1343 1593 1399 δὲ
1649 1343 1744 1410 τῆς
1805 1343 1974 1414 αὐτῆς

315 1439 526 1514 ¹ἡμέρας
558 1437 782 1498 πλείους
822 1437 874 1491 o't
923 1435 1266 1508 πεμπόμενοι
1316 1435 1453 1510 πρὸς
1504 1433 1772 1508 Καίσαρος
1813 1435 1974 1502 ἦσαν,

315 1529 405 1584 καὶ
467 1527 554 1584 ἐπὶ
611 1527 890 1588 τούτοιςὸ
938 1528 1037 1594 τὴν
1083 1523 1400 1600 καλύπτραν
1459 1523 1547 1579 καὶ
1607 1525 1704 1592 τὴν
1762 1524 1971 1593 σπάθην

314 1622 412 1672 τοῦ
471 1614 808 1672 Βαλδουΐνου
840 1617 914 1677 ὡς
964 1610 1180 1690 βέϐαιον
1239 1614 1483 1687 κομίζων
1516 1615 1838 1687 τεκμήριον,
1874 1615 1973 1690 βα·-

319 1707 398 1763 σι)
419 1713 466 1763 εἳ
498 1706 554 1762 δέ
583 1707 674 1762 καὶ
703 1708 770 1762 τὰ
799 1706 1096 1782 γράμματα
1147 1705 1296 1766 ὅπως
1356 1702 1435 1774 εἴη
1499 1707 1534 1774 ἡ
1590 1703 1752 1766 πόλις
1800 1725 1975 1759 συνει-

317 1797 578 1871 λημμένη
611 1794 836 1866 ἐδήλου,
870 1796 1048 1850 οὐκέτι
1080 1790 1392 1872 ἀμφίϐολος
1423 1795 1514 1864 ἦν,
1551 1791 1676 1849 ἀλλ’
1708 1793 1969 1849 ἐπίστευε.

2081 610 2430 688 εὐγαριστίαν
2456 614 2554 666 τοῦ
2583 609 2916 687 κρείττονος.

2250 725 2317 784 λ’.
2352 724 2684 804 Δημηγορία
2713 723 2986 804 βασιτέως
3020 724 3108 781 ἐπὶ
3137 729 3206 801 τῇ
3239 724 3442 782 ἁλώσει
3475 732 3574 797 τῆς

2798 798 3036 860 πόλεως.

2153 899 2236 970 [Ρ.
2285 899 2378 969 99]
2427 921 2455 948 ‹‹
2487 893 2706 968 Οἴδατε,
2741 919 2769 947 ››
2829 893 3007 970 λέγων
3069 895 3209 970 πρὸς
3267 894 3397 958 τοὺς
3447 897 3745 972 παρόντας,

2085 1009 2111 1040 ι
2171 983 2359 1062 ἄνδρες
2416 985 2694 1060 βασιλείας
2755 985 2988 1054 ὑπήκοοι
3042 983 3476 1058 τῆςῬωμαίων,
3537 986 3654 1039 ὅσοι
3686 1007 3748 1040 τε

2087 1078 2404 1148 μεγιστᾶνες
2456 1075 2548 1128 καί
2618 1075 2755 1145 ἡμῖν
2816 1073 2952 1147 πρὸς
3011 1071 3239 1146 α’ίματος
3307 1072 3398 1128 καὶ
3471 1071 3587 1128 ὅσοι
3645 1077 3745 1129 τοῖ’)

2081 1162 2352 1232 πλήθους,
2412 1160 2564 1223 ὅπως
2596 1159 2767 1216 πάλαι
2797 1165 2895 1215 τοῦ
2937 1160 3094 1216 Θείου
3146 1162 3468 1234 μηνίσαντος
3519 1161 3745 1234 ἀνέμοις

2083 1251 2338 1322 ἐξώσταις
2372 1251 2484 1305 οῖον
2515 1256 2633 1313 τοῖς
2679 1249 2919 1312 Ἰταλοῖς
2969 1250 3275 1323 ἐξώσθησαν
3331 1258 3432 1320 τῆς
3481 1250 3742 1324 πατρίδος

2082 1342 2134 1394 οἱ
2193 1339 2451 1416 ἡμέτεροι
2511 1339 2797 1416 πρόγονοι,
2858 1339 2950 1394 καὶ
3009 1341 3084 1404 ὡς
3141 1340 3221 1402 εἷς
3282 1341 3464 1395 στενὸν
3523 1341 3592 1395 τὰ
3637 1347 3740 1411 τῆς

2083 1429 2299 1485 ἐκείνων
2356 1430 2537 1505 ἀρχῆς
2594 1431 3000 1500 κατηντήκεσαν
3042 1472 3054 1488 .
3122 1429 3220 1486 Καὶ
3280 1434 3465 1506 παρεῶ
3520 1429 3588 1485 τὰ
3638 1431 3742 1485 πά-

2083 1518 2196 1583 λαι,
2258 1519 2347 1573 ὅτε
2402 1522 2436 1588 ἡ
2492 1519 2600 1574 τῶν
2655 1519 2946 1591 Ῥωμαίων
2993 1520 3141 1594 ἀρχὴ
3197 1519 3334 1594 πρὸς
3388 1515 3462 1574 ἕω
3507 1520 3599 1593 μὲν
3635 1520 3740 1574 Εὐ-

2083 1609 2257 1683 φράτῃ
2309 1609 2399 1663 καὶ
2448 1605 2678 1682 Τίγριδι,
2728 1608 2865 1683 πρὸς
2913 1605 3062 1662 δύσιν
3113 1606 3171 1662 δὲ
3220 1607 3446 1680 Σικελίᾳ
3490 1608 3580 1663 καὶ
3620 1614 3739 1672 τοῖς

2081 1697 2269 1773 πρόσω
2315 1696 2554 1761 Πουλίας
2585 1697 2832 1773 ὡρίζετο,
2864 1696 3134 1762 Αἰθίοπας
3182 1695 3227 1752 δ’
3275 1697 3391 1773 εἶχε
3416 1698 3554 1772 πρὸς
3583 1695 3741 1754 νὸτον

2079 1786 2168 1840 καὶ
2223 1787 2358 1862 πρὸς
2419 1785 2630 1862 Βορῥᾶν
2685 1785 2752 1840 τὰ
2809 1785 3147 1862 προσάρκτια
3181 1831 3193 1842 .
3248 1786 3486 1863 Ἀφίημι
3537 1791 3740 1844 ταῦτα.

322 1885 420 1940 Καὶ
477 1882 758 1939 ἀντεδίδου
815 1883 909 1956 μὲν
967 1887 1076 1938 τῶν
1131 1881 1311 1959 λόγων
1339 1882 1406 1938 τὰ
1439 1883 1630 1954 μείζω,
1660 1883 1750 1936 τὸν
1786 1883 1974 1954 μέντοι
2007 1893 2052 1955 Β
2086 1875 2240 1933 Ἀλλ’
2303 1873 2486 1931 οἷ’δατε
2532 1876 2750 1938 πάντως
2802 1875 3090 1938 ἀκούοντες
3141 1875 3215 1938 ὡς
3271 1875 3474 1946 ταύτης
3523 1875 3589 1945 δὴ
3639 1885 3740 1944 τῆς

316 1996 377 2051 γε
424 1972 680 2049 πρύτανιν
726 1972 935 2027 τούτων
981 1971 1072 2026 καὶ
1121 1970 1373 2048 παροχέα
1421 1971 1494 2032 ὡς
1526 1968 1750 2025 δυνατὸν
1780 1969 1973 2043 ἐμεγάο

320 2062 496 2117 λυνενο
549 2058 677 2116 οὐδὲ
718 2062 818 2136 γὰρ
873 2059 1066 2134 μικρὸν
1116 2058 1294 2121 οὕτως
1345 2055 1482 2127 ᾤετο
1511 2061 1580 2131 τῇ
1614 2056 1820 2111 ἐκείνου
1872 2058 1973 2132 βα⁴

320 2150 500 2221 σιλείᾳ
531 2151 891 2225 προστεθῆναι
919 2151 1168 2202 τοιοῦτον
1200 2147 1554 2222 κατόρθωμα.
1610 2146 1705 2200 Καὶ
1757 2143 1821 2214 δὴ
1879 2167 1977 2218 με-

320 2239 512 2315 γίστης
567 2239 762 2313 ἑορτῆς
819 2237 960 2312 ἄγων
1021 2236 1233 2310 ἡμέραν
1280 2234 1516 2304 ἐκείνην,
1569 2233 1973 2311 μετημφιάζετο

319 2329 414 2401 μὲν
466 2327 602 2404 πρὸς
645 2327 706 2381 τὸ
759 2325 1199 2401 μεγαλειότερον,
1237 2323 1516 2380 συνεκάλει
1550 2321 1608 2378 δέ
1644 2323 1772 2386 τοὺς
1806 2335 1975 2393 συνη-

316 2417 606 2490 σομένους,
653 2415 743 2470 καὶ
787 2413 983 2476 αὐτοὺς
1031 2415 1105 2476 ὡς
1162 2413 1307 2475 εῗκὸς
1367 2410 1790 2485 ἐστολισμένους
1849 2435 1974 2467 ποι-

315 2505 520 2578 κίλοις,
579 2505 668 2560 καὶ
731 2503 879 2577 σφίσι
939 2501 1276 2577 δημηγορῶν
1339 2500 1622 2573 συνήδετο,
1661 2500 1802 2576 μηδέ
1848 2501 1976 2565 τοὺς

315 2595 507 2671 πὸῥρω
565 2592 754 2655 κενοὺς
809 2591 989 2668 ἀφιεὶς
1034 2591 1288 2663 ἡδονῆς,
1349 2591 1497 2647 ἀλλά
1553 2613 1614 2668 γε
1689 2591 1779 2647 καὶ
1836 2593 1974 2667 πρὸς

321 2796 660 2850 constanter
708 2790 1062 2847 asseveravit
1111 2795 1440 2863 spectatum
1472 2808 1506 2847 a
1536 2807 1598 2847 se
1642 2806 1838 2846 coram
1872 2807 1978 2846 ne-

320 2884 542 2956 gotium
577 2881 906 2937 confectum
943 2885 1122 2948 captaa
1156 2881 1342 2950 urbis,
1373 2879 1555 2937 simul
1586 2880 1842 2934 referens
1868 2879 1976 2934 mi-

327 2975 522 3029 nutim
575 2976 746 3044 prout
793 2970 1150 3042 contigerint
1192 2971 1448 3042 singula,
1492 2971 1697 3026 multis
1737 2971 1975 3042 quidem

327 3064 503 3117 {idem
530 3061 686 3125 fecit,
711 3060 940 3114 cunctis
963 3059 1412 3114 admirationem
1448 3076 1513 3114 ac
1536 3065 1838 3131 stuporem
1859 3077 1980 3114 mo-

327 3152 427 3205 vit.
463 3157 535 3206 At
565 3151 907 3220 imperator,
943 3149 1042 3219 qui
1073 3148 1384 3204 affectabat
1420 3149 1603 3204 videri
1638 3148 1771 3219 plus
1800 3165 1976 3220 quam

328 3241 539 3312 vulgus
557 3255 761 3310 sapere
787 3238 842 3292 in
870 3237 1096 3292 caeteris
1116 3242 1240 3292 tum
1260 3237 1318 3291 in
1345 3237 1700 3292 militaribus
1726 3238 1978 3310 negotiis

2087 1965 2363 2036 θαλάσσης
2423 1965 2573 2027 ἐντὸς
2621 1967 2758 2040 πρὸς
2807 1961 3035 2040 ἤπειρον
3097 1965 3158 2020 οὐ
3218 1963 3366 2020 δυοῖν
3426 1966 3515 2020 καὶ
3573 1971 3744 2042 τριῶν

2085 2058 2334 2131 ἡμερῶν,
2367 2054 2492 2109 ἀλλ’
2534 2051 2676 2110 ἔστιν
2719 2055 2857 2108 ὅπου
2887 2055 2977 2108 καὶ
3009 2051 3136 2109 δέκα
3187 2055 3273 2109 καὶ
3326 2053 3532 2110 τούτων
3565 2054 3738 2111 πλέον

2084 2145 2255 2199 τόπου
2287 2142 2562 2216 διάστημα
2595 2145 2740 2219 παρά
2785 2149 2893 2198 τῶν
2922 2144 3206 2218 ἡμετέρων
3260 2145 3386 2200 τότε
3431 2145 3739 2221 κατείχετο,

2085 2235 2266 2308 χωρὶς
2317 2233 2537 2287 ἀπασῶν
2596 2236 2820 2303 νήσων,
2878 2234 2969 2288 καὶ
3025 2237 3132 2288 τῶν
3195 2233 3501 2308 μεγίστων.
3562 2232 3742 2290 ’Λλλά

2087 2327 2220 2378 Θεοῦ
2274 2323 2552 2389 θέλοντος,
2610 2324 2645 2392 ἢ
2708 2322 2921 2394 μᾶλλον
2972 2327 3439 2398 παρα-χωροῦντος
3485 2325 3602 2378 κατ’
3634 2323 3742 2379 εἷ’σ-

2085 2415 2278 2487 πραξιν
2344 2416 2452 2466 τῶν
2532 2411 2607 2473 εἷς
2689 2411 2890 2466 ἐκεῖνον
2965 2411 3498 2484 πλημμελημάτων,
3573 2412 3740 2484 αὐτῆς

2087 2501 2282 2557 ὡσανεί
2317 2521 2467 2562 τινος
2514 2499 2741 2575 καρδίας
2799 2508 2899 2569 τῆς
2945 2499 3210 2575 πατρίδος
3260 2501 3540 2572 παθούσης
3590 2523 3743 2557 συνε-

2087 2591 2430 2667 νεκρώθησαν
2465 2589 2658 2659 πάντα,
2692 2588 2781 2645 καὶ
2813 2591 2881 2645 τὰ
2915 2591 3011 2664 μὲν
3063 2589 3266 2646 Ἰταλοὶ
3313 2592 3380 2646 τὰ
3409 2589 3466 2646 δὲ
3513 2591 3736 2668 Πέρσαι,

2088 2787 2693 2858 magniﬁcentissimis
2715 2787 2979 2846 vestibus
3010 2789 3080 2842 ad
3103 2804 3372 2860 proceres
3403 2789 3741 2847 celebrandi

2087 2894 2267 2933 causa
2310 2876 2644 2933 communis
2675 2877 2872 2950 gaudii
2923 2878 2996 2932 ad
3029 2894 3092 2932 se
3120 2881 3378 2948 vocatos,
3429 2877 3739 2951 splendido

2086 2972 2144 3022 et
2181 2966 2342 3037 ipsos
2372 2967 2651 3038 varioque
2695 2965 2959 3038 insignes
3003 2971 3236 3037 ornatu,
3290 2967 3737 3039 gratulatoriam

2087 3056 2410 3111 orationem
2443 3056 2667 3112 habuit.
2704 3061 2784 3111 Ac
2817 3072 2888 3110 ne
2919 3056 3192 3112 absentes
3221 3057 3460 3127 quidem
3492 3059 3617 3129 ejus
3647 3076 3744 3115 vo-

2087 3145 2333 3217 luptatis
2364 3151 2628 3216 expertes
2650 3162 2884 3216 passus,
2909 3145 3144 3216 scriptis
3174 3149 3232 3201 et
3248 3162 3483 3218 quoquo
3505 3163 3733 3203 versum

2089 3235 2287 3290 missis
2337 3235 2602 3306 ejusdem
2653 3251 2785 3288 cum
2847 3235 3111 3290 oratione
3163 3235 3466 3291 sententiae
3521 3236 3732 3291 litteris

327 3330 601 3397 maxime,
634 3327 811 3383 simul
843 3327 1129 3397 cogitans,
1161 3326 1208 3382 si
1245 3327 1389 3382 forte
1419 3327 1490 3381 ad
1522 3331 1843 3382 extremum
1865 3327 1973 3382 fal-
2003 3327 2054 3392 Ο
2092 3328 2336 3379 cunctos
2367 3324 2439 3378 ad
2469 3325 2727 3395 agendas
2759 3323 2874 3379 Deo
2905 3324 3126 3395 gratias
3160 3323 3499 3395 publiceque
3530 3323 3732 3378 laetan-

327 3436 456 3475 sum
503 3419 563 3472 id
601 3416 1140 3488 deprehenderetur
1167 3415 1479 3482 indicium,
1532 3416 1868 3472 subiturum
1921 3435 1983 3473 se

325 3514 526 3564 notam
561 3506 704 3562 levis
737 3505 1129 3571 credulitatis,
1159 3521 1263 3560 nec
1286 3505 1650 3575 deprehenso
1679 3507 1981 3562 mendacio

323 3599 598 3654 decorum
628 3595 739 3649 sibi
770 3595 889 3650 fore
929 3593 1286 3664 impunitam
1309 3594 1612 3650 dimisisse
1639 3595 1983 3666 impostoris

327 3685 632 3743 audaciam
659 3700 673 3751 ;
708 3683 797 3738 sin
823 3683 1037 3738 veritas
1059 3682 1348 3737 dictorum
1381 3683 1510 3754 ejus
1536 3688 1800 3756 tempore
1828 3689 1984 3757 pate-

329 3781 418 3831 ret
446 3779 504 3829 et
532 3789 822 3828 consensu
853 3771 1102 3827 aliorum
1137 3773 1270 3826 inde
1303 3789 1437 3827 mox
1467 3774 1855 3830 affuturorum
1881 3777 1978 3830 fir-

333 3867 614 3932 maretur,
667 3860 811 3916 nihil
852 3860 932 3915 illi
972 3860 1161 3916 fraudi
1212 3862 1330 3916 fore
1376 3879 1600 3917 moram
1653 3869 1835 3919 cautas
1877 3882 1980 3920 su-

331 3949 614 4021 spicionis
647 3950 879 4004 brevem
914 3951 1412 4020 (repraesentanda
1444 3951 1661 4023 quippe
1700 3952 1813 4024 ipsi
1844 3970 1977 4009 eum

331 4042 446 4095 ﬁde
477 4039 716 4111 praemia
744 4039 942 4094 debita
971 4038 1267 4094 velocitati
1299 4055 1415 4112 qua
1447 4041 1825 4111 praevenisset
1851 4058 1980 4096 om-

328 4145 433 4185 nes
465 4131 524 4184 in
575 4129 870 4183 efferendo
914 4135 1034 4182 tam
1081 4127 1210 4183 laeto
1261 4128 1510 4199 nuntio),
1553 4130 1737 4200 jussit
1783 4130 1978 4186 homi-

324 4235 458 4274 nem
493 4216 1083 4273 vinctum‘custodiri.
1108 4217 1326 4272 Tamen
1350 4218 1463 4273 isto
1485 4219 1635 4289 ipso,
1659 4221 1976 4291 cujusque.

322 4309 480 4364 modi
511 4309 754 4362 tandem
791 4306 958 4374 l‘oret,
991 4306 1211 4361 indicio
1254 4307 1377 4376 jam
1411 4311 1536 4361 tum
1575 4323 1780 4364 omnes
1813 4311 1977 4365 laeta-

320 4398 572 4465 bantur;
624 4395 1158 4466 praecipiebantque
1210 4396 1488 4468 praesagis
1519 4396 1733 4452 animis
1763 4399 1974 4454 trium-

317 4483 490 4554 phale
518 4483 800 4554 gaudium
832 4499 948 4552 quo
995 4482 1385 4552 perfundendi
1418 4488 1634 4552 essent,
1671 4485 1770 4539 ubi
1804 4485 1973 4556 plane

315 4573 683 4629 constitisset
732 4571 814 4625 sic
881 4570 1157 4641 expulsos
1207 4572 1349 4625 urbe
1397 4571 1596 4628 Italos.
1649 4573 1720 4628 Ut
1771 4578 1968 4630 autem

2093 3414 2233 3468 dum
2268 3412 2616 3468 adhortatus
2647 3417 2756 3469 est.

2164 3556 2252 3611 30.
2289 3557 2484 3612 Concio
2533 3557 2891 3628 imperatoris
2929 3573 3094 3628 super
3121 3556 3530 3628 expugnatione
3567 3557 3744 3612 urbis.

2164 3703 2191 3733 ‹‹
2225 3681 2450 3748 Nostis,
2485 3702 2512 3729 »
2545 3680 2824 3752 inquiens
2855 3682 2922 3736 ad
2961 3685 3300 3753 praesentes,
3341 3680 3450 3736 viri
3482 3685 3746 3738 Romano

2090 3770 2338 3842 imperio
2368 3771 2614 3838 subditi,
2661 3770 2883 3843 quique
2914 3770 3228 3840 optimates
3278 3770 3572 3843 nobisque
3600 3787 3742 3826 ron-

2089 3859 2485 3932 sanguinitate
2507 3860 2723 3930 juncti,
2754 3864 3080 3931 caateraque
3112 3859 3431 3915 multitudo
3463 3859 3579 3914 huc
3609 3860 3747 3916 ade-

2089 3951 2218 4017 stis,
2247 3949 2456 4013 nostis,
2505 3948 2773 4020 inquam,
2805 3953 2870 4002 ut
2901 3948 3040 4004 olim
3074 3954 3191 4005 Deo
3238 3948 3411 4018 irato,
3445 3950 3516 4005 ab
3552 3948 3744 4016 Italis,

2086 4039 2247 4095 velut
2293 4039 2486 4094 ventis
2531 4039 2890 4109 quibusdam
2959 4038 3426 4108 vehementibus,
3488 4039 3744 4107 majores

2088 4127 2274 4185 nostri
2303 4127 2530 4200 expulsi
2565 4128 2757 4200 patria
2789 4127 3007 4182 fuerint
3031 4133 3090 4182 et
3118 4129 3179 4182 in
3203 4133 3427 4182 arctum
3461 4134 3746 4184 contrusa

2088 4219 2232 4273 ditio
2265 4233 2488 4272 eorum.
2514 4219 2592 4272 Ac
2623 4223 2819 4272 vetera
2868 4222 3146 4288 praetereo
3188 4216 3311 4284 illa,
3343 4217 3581 4289 quando
3625 4219 3742 4271 Ro-

2087 4325 2330 4364 manum
2363 4308 2678 4378 imperium
2713 4308 2784 4362 ab
2817 4313 2949 4363 ortu
3000 4308 3236 4378 quidem
3270 4307 3627 4378 Euphratem
3669 4323 3740 4361 ac

2082 4400 2306 4470 Tigrim
2339 4398 2559 4454 limites
2604 4397 2833 4468 habuit,
2867 4399 2938 4453 ab
2970 4415 3181 4454 occasu
3215 4413 3350 4454 vero
3391 4396 3649 4452 Siciliam
3682 4401 3746 4452 et

2084 4489 2192 4544 hac
2249 4488 2586 4543 ulteriorem
2629 4487 2921 4558 Apuliam,
2978 4487 3036 4542 in
3091 4487 3396 4543 meridiem
3450 4487 3742 4559 processit

2083 4594 2271 4648 usque
2295 4578 2365 4632 ad
2396 4577 2720 4648 Ethiopas,
2752 4593 2952 4634 versus
2975 4577 3435 4649 septentrionem
3460 4592 3646 4647 usque
3670 4577 3745 4631 ad

315 4664 518 4718 eodem
571 4662 666 4716 die
712 4659 881 4714 multi
927 4660 1288 4714 advenerunt
1333 4661 1499 4716 missi
1532 4678 1564 4716 a
1613 4662 1859 4730 Caesare,
1911 4669 1969 4719 et
1999 4693 2045 4756 Β
2081 4669 2348 4722 admotas
2379 4666 2512 4737 polo
2546 4667 2834 4739 regiones.
2883 4666 3102 4723 Omitto
3135 4665 3258 4732 illa,
3290 4670 3521 4721 tantum
3556 4664 3750 4720 obiter

313 4770 492 4825 super
541 4753 644 4808 bos
675 4751 777 4823 qui
828 4755 1063 4821 tegmen
1115 4751 1321 4821 capitis
1367 4767 1566 4805 ensem
1602 4753 1660 4806 in
1711 4753 1969 4808 certissi-

315 4859 478 4897 mum
513 4847 756 4913 recepta:
799 4839 963 4895 urbis
995 4844 1410 4910 argumentum
1445 4841 1786 4911 imperatori
1829 4859 1963 4898 cum

316 4931 593 4986 laureatis
622 4929 870 4985 Caesaris
900 4929 1109 4984 litteris
1141 4929 1392 4994 afferret,
1427 4929 1598 5000 plane
1631 4930 1974 4987 afﬁrmanti-

316 5021 426 5074 bus
459 5023 750 5090 receptam
783 5019 987 5072 urbem
1021 5017 1284 5072 Romano
1316 5017 1586 5089 praesidio
1609 5019 1814 5088 teneri,
1849 5038 1964 5076 non

309 5109 570 5180 amplius
621 5109 914 5162 dubitavit
966 5109 1120 5164 153
1180 5107 1516 5180 imperator,
1577 5111 1676 5164 sed
1724 5111 1963 5167 omnino

302 5200 429 5269 jam
464 5213 782 5267 persuasus
833 5196 1005 5267 plura
1035 5202 1089 5252 et
1123 5198 1352 5267 majora
1401 5214 1576 5268 quam
1613 5199 1962 5269 promiserat

308 5292 398 5343 est
430 5286 618 5357 primo
653 5286 858 5340 nuntio
892 5285 1164 5357 largitus.
1201 5294 1281 5341 Ac
1313 5288 1520 5343 ducem
1554 5287 1793 5358 quidem
1823 5291 1960 5347 facti

305 5381 726 5445 auctoremque
765 5391 1078 5430 successus
1110 5377 1315 5445 gratiis
1347 5380 1404 5432 et
1449 5377 1727 5432 laudibus
1777 5396 1955 5450 quam

304 5464 500 5536 potuit
531 5462 921 5534 amplissimis
948 5469 1292 5532 prosecutus
1324 5471 1448 5520 est:
1483 5483 1597 5521 non
1630 5467 1785 5522 enim
1805 5467 1955 5522 exis-

302 5554 556 5608 timabat
606 5567 848 5621 parvum
885 5557 1300 5606 ornamentum
1350 5554 1598 5625 imperio
1648 5572 1754 5611 suo
1786 5558 1956 5612 addi-

298 5646 430 5696 tum
483 5639 742 5696 facinore
779 5644 896 5694 tam
932 5639 1167 5693 illustri.
1217 5640 1420 5712 Itaque
1449 5643 1608 5698 diem
1641 5643 1810 5699 illum
1844 5647 1958 5701 fes-

297 5747 422 5810 tum
454 5729 573 5799 rgit
596 5728 968 5784 solemnitate
994 5744 1266 5784 summa:
1295 5731 1514 5802 quippe
1546 5734 1804 5804 sumptis
1834 5734 1961 5805 ipse

2080 4771 2415 4811 memorans
2474 4772 2602 4826 quae
2661 4756 2836 4811 fando
2895 4756 3098 4812 audita
3155 4755 3532 4826 cognovistis,
3585 4755 3747 4810 intra

2078 4846 2223 4900 illud
2257 4862 2418 4900 mare
2440 4862 2647 4900 versus
2669 4845 3066 4901 continentem
3095 4862 3209 4900 non
3240 4844 3430 4900 solum
3455 4848 3743 4915 quantum

2081 4934 2246 4990 bidui
2279 4940 2380 4989 aut
2409 4935 2591 4990 tridui
2625 4951 2802 4990 cursu
2837 4934 3066 4990 emeliri
3098 4935 3356 5006 spatium
3388 4937 3600 5006 potest,
3636 4935 3742 4988 sed

2082 5027 2369 5094 quantum
2419 5023 2618 5078 decem
2671 5027 2728 5077 et
2776 5039 2842 5078 eo
2893 5023 3028 5094 plus
3076 5023 3306 5090 diebus,
3359 5023 3419 5077 in
3472 5027 3742 5078 nostrum

2078 5112 2264 5167 fuisse
2297 5116 2608 5184 potestate,
2665 5119 2875 5183 praeter
2903 5130 3110 5168 omnes
3143 5112 3394 5179 insulas,
3431 5112 3489 5167 in
3524 5111 3744 5184 quibus

2082 5202 2352 5272 quaedam
2420 5203 2577 5259 154
2627 5207 2769 5258 sunt
2819 5202 3222 5274 amplissimae.
3271 5205 3560 5258 Caeterum
3625 5200 3746 5257 Deo

2077 5290 2328 5358 volente,
2364 5296 2466 5346 aut
2498 5292 2692 5362 potius
2739 5291 3122 5362 permittente
3152 5292 3211 5346 in
3252 5290 3537 5346 ultionem
3573 5291 3737 5361 inju-

2076 5379 2298 5434 riarum
2332 5380 2445 5451 ipsi
2498 5381 2806 5449 factarum,
2860 5381 3158 5453 eumipsa
3211 5397 3406 5436 rerum
3467 5379 3743 5451 principe

2077 5473 2278 5524 nostra
2329 5469 2540 5539 patria,
2573 5469 2738 5525 velut
2784 5471 2958 5525 corde
2997 5470 3253 5541 imperii,
3307 5470 3470 5524 clade
3521 5468 3736 5524 ultima

2075 5573 2380 5630 oppressa,
2407 5563 2620 5614 cuncta
2645 5560 2861 5631 pariter
2885 5559 3219 5631 reipublicae
3251 5559 3518 5614 membra
3544 5558 3747 5613 lethali

2075 5646 2246 5717 quasi
2299 5649 2504 5703 morbo
2537 5647 2951 5720 elanguerunt,
3012 5650 3154 5704 dum
3209 5664 3412 5704 eorum
3473 5647 3743 5719 quaadam

2071 5734 2224 5802 Itali,
2249 5734 2362 5792 alia
2387 5739 2597 5808 Persis,
2624 5737 2887 5809 Bulgari,
2909 5738 3153 5794 Triballi
3172 5743 3512 5808 caeteraaque
3533 5753 3741 5792 omnes
