4112 6414
409 430 515 485 593

1479 435 1575 486 ΒΕ
1617 433 1986 487 MICHAELE
2025 430 2470 487 PALIEOLOGO
2508 436 2639 487 LIB.
2682 438 2751 487 Il.
3726 434 3832 488 594

411 552 721 629 Βούλγαροί
751 555 925 609 τεκαὶ
976 549 1288 631 Τριϐαλλοὶ
1336 556 1426 610 καὶ
1458 556 1654 619 πάντες
1683 552 1847 610 ἄλλοι
1894 552 2074 625 διεμε-
2104 559 2156 625 Α
2193 553 2361 625 μὲνην
2406 554 2815 632 ἐγκαταλείπειν
2868 558 2946 620 εἷς
3012 562 3203 633 χεῖρας
3248 557 3463 613 πίπτειν
3511 563 3618 613 τῶν
3669 558 3835 613 πολε-

411 644 659 717 ρίσαντο,
697 642 809 699 ἔστι
840 640 887 697 δ’
918 642 950 697 ἆ
979 645 1071 698 καὶ
1124 645 1391 713 Ῥωμαῖοι
1439 648 1508 717 τῇ
1557 643 1807 719 βασιλείᾳ
1836 644 2069 711 ὑπήκοοι

407 732 798 809 νοσφισάμενοι
847 734 963 787 καθ’
1012 733 1210 796 αὑτοὸς
1252 732 1388 801 ἦσαν
1436 730 1809 801 δεσπόζοντες.
1872 732 1954 788 Τά
2013 729 2071 785 δὲ

406 822 459 895 γ’
498 819 741 897 ἡμέτερα
799 820 1001 892 Νικαίᾳ
1041 820 1132 876 καὶ
1183 820 1402 895 Προύσῃ
1453 822 1542 875 καὶ
1589 821 1743 894 τρίτῃ
1786 817 2069 875 Φιλαδελ-

404 910 528 986 φείᾳ
557 909 649 964 καὶ
694 915 813 972 τοῖς
865 910 1019 985 πέριξ
1066 907 1501 985 διεγνωρίζοντο.
1547 910 1623 964 Τὰ
1656 911 1752 983 μὲν
1787 907 1877 964 οὖν
1923 907 2068 963 ἄλλα

402 1004 522 1063 πῶς
580 1001 669 1055 καὶ
736 1002 888 1062 αὖθις
951 1000 1389 1069 ἀνεζωώθησαν,
1449 1000 1537 1055 καί
1594 1020 1656 1075 γε
1697 999 2066 1068 ἀναζωοῦνται

402 1090 547 1147 κατά
580 1090 775 1164 μικρὸν
821 1087 1104 1151 ἐλεοῦντος
1155 1088 1321 1145 πάλιν
1368 1094 1469 1144 τοῦ
1515 1089 1694 1158 Θείου,
1730 1088 1782 1144 τί
1829 1089 1941 1163 χρή
1974 1088 2064 1143 καὶ

401 1178 582 1253 λέγειν
615 1197 628 1235 :
662 1178 811 1248 πλὴν
861 1176 987 1234 ἀλλ’
1037 1176 1189 1233 οὐδὲν
1239 1177 1447 1233 τούτων
1499 1180 1565 1247 ἦν
1610 1176 1869 1256 ἀσφαλῶς
1916 1173 2061 1252 ἔχειν

401 1266 707 1338 λειπούσης
752 1274 857 1336 τῆς
904 1264 1209 1342 βασιλίδος.
1265 1273 1432 1322 Heio:
1476 1269 1579 1343 γὰρ
1628 1270 1765 1340 ἡμῖν
1796 1266 1857 1321 οὗ
1890 1287 2063 1341 προσ-

398 1358 616 1435 κρούων
673 1354 995 1429 ὠνείδισεν,
1050 1354 1104 1410 εἷ’
1155 1377 1260 1411 που
1329 1358 1416 1411 καὶ
1491 1350 2061 1432 διεπρεσϐευσοὶμεοα,

399 1449 474 1510 ὡς
537 1448 760 1504 ἀπόλισι
818 1449 905 1503 καὶ
968 1447 1159 1524 πόῤῥω
1215 1452 1313 1502 τοῦ
1374 1447 1656 1523 βασιλείου
1705 1448 1897 1522 Θρόνου
1945 1447 2061 1501 κατ’

397 1537 638 1612 ἀνάγκην
698 1535 1027 1612 διάγουσιν;
1082 1539 1167 1610 [Ρ.
1227 1540 1349 1609 100]
1421 1534 1644 1611 ἅστρασι
1711 1536 1891 1592 τοίνυν
1958 1537 2057 1603 τήν

395 1623 632 1702 πατρίδα
672 1623 831 1696 διαση
847 1628 1212 1698 μαινομένους
1262 1631 1442 1696 ζητεῖν
1471 1627 1537 1680 τὰ
1567 1625 1761 1695 λοιπὰ,
1804 1625 1896 1680 καὶ
1928 1625 2054 1679 ἀνα-

393 1713 679 1778 καλεῖσθαι
711 1715 858 1788 παρὰ
886 1719 993 1769 τῶν
1034 1716 1417 1788 κατεχόντων,
1455 1711 1584 1786 μηδ’
1614 1717 1751 1768 εἷναι
1778 1735 1878 1781 την
1912 1713 2057 1787 ἀγω-

393 1804 496 1876 γὴν
519 1799 765 1876 εὔλογον.
818 1802 918 1857 Καὶ
970 1800 1060 1855 διὰ
1106 1806 1268 1856 τοῦτο
1322 1801 1412 1856 καὶ
1462 1806 1569 1856 τῶν
1624 1800 1731 1875 πρὸ
1758 1803 1921 1872 ἡμῶν
1958 1801 2057 1875 βα-

2184 643 2349 714 μίων.
2404 648 2477 699 Τὸ
2535 646 2635 722 γὰρ
2685 646 2870 702 πολλά
2912 646 3001 702 καὶ
3056 647 3293 723 ξμεγάλα
3340 649 3833 723 πραγματευσαμέ-

2177 752 2303 793 νους
2356 735 2478 807 περὶ
2534 734 2742 805 αὐτῆς,
2794 737 2883 790 καὶ
2937 734 3024 791 διὰ
3079 737 3355 791 τοσούτων
3432 736 3829 808 περαιωθέντας

2182 817 2374 875 δεινῶν
2412 866 2426 891 ,
2489 821 2659 895 μηδὲν
2718 824 2947 895 ἐξανύειν
3007 824 3465 887 πολλαπλασίους
3513 822 3669 887 ὄντας
3725 831 3833 880 τῶν

2184 908 2588 981 ἐνοικούντων,
2641 912 2952 977 δεικνύντος
3020 920 3154 972 Θεοῦ
3196 918 3260 983 ἦν
3308 916 3383 978 ὡς
3422 910 3575 991 ἔργον
3628 915 3833 971 ἐκείνου

2181 999 2270 1052 καὶ
2328 1000 2498 1072 μόνου
2546 1002 2595 1075 ἐξ
2647 1003 2834 1066 ἐλέους
2883 1001 3029 1059 ἔσται
3062 1005 3126 1060 τὸ
3171 1003 3377 1074 δοῦναι,
3411 1006 3473 1060 οὗ
3524 1003 3589 1074 δὴ
3634 1008 3722 1061 καὶ
3770 1008 3832 1061 τὸ

2187 1083 2374 1143 λαϐεῖν
2426 1089 2765 1152 ἐπιστεύετο.
2818 1096 3055 1172 Ἔφθασε
3104 1094 3277 1150 τοίνυν
3328 1098 3362 1163 ἡ
3406 1102 3508 1165 τῆς
3557 1094 3836 1171 εὐσπλαγ-

2175 1177 2331 1251 χνίας
2371 1181 2553 1253 κυρία,
2581 1181 2671 1236 καὶ
2724 1180 2887 1252 ξένον,
2939 1186 3100 1255 ἡμῶν
3140 1183 3541 1259 βασιλευόντων
3592 1189 3698 1238 τῶν
3744 1184 3831 1246 τίς

2174 1264 2231 1318 ἄν
2284 1264 2429 1321 εἴποι
2477 1270 2674 1343 ἀγαθὸν
2724 1269 2988 1346 ἐχόντων.
3039 1274 3143 1327 Καὶ
3201 1270 3266 1341 δὴ
3319 1274 3666 1348 εὐχαριστεῖν
3712 1272 3823 1328 ἐστι

2171 1351 2375 1410 δίκαιον
2432 1354 2812 1424 ἀπολαϐόντας
2860 1363 2959 1431 τήν
3006 1360 3266 1436 πατρίδα,
3314 1362 3403 1416 καί
3451 1383 3513 1437 γε
3556 1361 3823 1433 ἐλπίζειν,

2167 1441 2349 1518 ὥσπερ
2446 1450 2857 1520 καταπεσούσης
2951 1450 3152 1521 ταύτης
3246 1450 3675 1527 συγκατέπιπτον
3756 1454 3823 1507 τὰ

2169 1530 2370 1604 λοιπά,
2428 1534 2601 1598 οὕτως
2661 1539 3061 1611 ἀνακληθείσης
3116 1541 3288 1609 αὐτῆς
3338 1540 3437 1595 οὐκ
3484 1535 3626 1595 ἔστιν
3673 1542 3824 1604 ὅπως

2168 1621 2268 1676 οὐκ
2356 1624 2831 1696 ἀνακληθήσεσθαι
2926 1634 3113 1700 ταῦτα,
3199 1631 3260 1683 Ἡ
3334 1629 3434 1705 γὰρ
3497 1629 3817 1703 παλίμπους

2165 1714 2546 1786 περιστήσεται
2598 1712 2746 1787 δίκη,
2791 1718 2881 1772 καὶ
2939 1717 3167 1773 πολλῶν
3227 1719 3351 1793 πρὶν
3399 1717 3815 1794 φρυαττομὲνων

2165 1800 2389 1877 αὐχένες
2437 1802 2554 1876 (σὺν
2609 1810 2727 1877 Θεῷ
2772 1805 3034 1881 εἰρήσθω)
3076 1806 3645 1879 καθυποκλιθγςσονται
3677 1808 3814 1881 πρὸς

396 1892 598 1947 σιλέων
647 1889 836 1945 πολλᾶ
881 1891 1247 1960 πονεσοὶντων,
1302 1892 1403 1945 οὐκ
1453 1889 1614 1966 ὀλίγα
1661 1888 1718 1944 δὲ
1764 1889 1853 1944 καὶ
1893 1892 2053 1961 ἡμῶν
2087 1929 2133 1991 Β
2163 1890 2226 1943 τὸ
2269 1891 2671 1966 ταπεινότερον.
2724 1895 2789 1951 Εἴ
2841 1898 2936 1967 μὲν
2988 1897 3078 1952 οὗν
3132 1898 3184 1951 οἱ
3231 1898 3458 1972 πατέρες
3500 1900 3659 1970 ἡμῶν
3716 1899 3817 1952 οὐκ

394 1979 665 2056 πρότριτα
715 1980 999 2043 παθόντων
1073 1978 1226 2036 οὐδὲν
1296 1980 1528 2051 ἠνύσθη.
1580 1981 1656 2038 Τὸ
1700 1978 1923 2056 γὰρκαὶ
1956 2001 2057 2057 φυ-

393 2068 742 2143 λαττομένης
811 2067 1028 2132 πόλεως
1096 2070 1171 2131 εἷς
1227 2070 1380 2124 κενὸν
1442 2070 1730 2145 ἀγρυπνεῖν
1764 2113 1779 2137 ,
1834 2067 1925 2123 καὶ
1975 2068 2052 2131 εἷς

389 2163 582 2234 χεῖρας
625 2159 887 2232 κειμένης
923 2159 1073 2223 αὖθις
1126 2158 1369 2234 γενέσθαι
1413 2157 1491 2219 εἰς
1544 2179 1719 2231 ματην
1757 2157 1884 2219 τοὺς
1927 2178 2049 2211 πει-

386 2248 668 2321 ρωμὲνους
706 2252 911 2315 πονεῖν,
964 2252 1097 2302 Θεοῦ
1146 2246 1257 2301 ἐστι
1314 2247 1572 2319 μαλιστα,
1624 2250 1777 2316 Θεοῦ,
1828 2248 1885 2307 ὅς
1935 2243 2047 2300 οἶδε

302 2373 308 2377 ι
379 2338 471 2391 καὶ
520 2339 620 2407 τὴν
677 2336 753 2400 είς
790 2335 1041 2392 κίνδυνον
1085 2338 1458 2410 νομιζομένην
1506 2342 1716 2401 κεῖσθαι
1749 2336 2041 2415 φυλάττειν

374 2423 693 2505 ἀφύλακτον
733 2427 920 2496 οὖσαν,
951 2428 1040 2481 καὶ
1070 2427 1168 2496 τὴν
1206 2426 1457 2502 ἰσχυροῖς
1500 2427 1755 2490 ὁπλίταις
1790 2425 2031 2503 ὠχυρω-

385 2633 593 2703 gentes
623 2629 889 2686 barbarie
921 2629 1077 2685 inter
1111 2644 1240 2686 sese
1270 2629 1650 2702 partirentur.
1686 2631 1949 2687 Fuerunt
1985 2633 2043 2685 et

402 2717 694 2775 nonnulla
746 2735 875 2790 qua:
924 2719 1036 2791 ipsi
1088 2719 1351 2775 Romano
1409 2718 1677 2791 imperio,
1728 2720 1821 2774 cui
1880 2722 2047 2775 erant

390 2808 637 2876 subditi,
675 2807 922 2865 rebelles
953 2807 1159 2865 avulsa
1198 2813 1256 2864 et
1283 2808 1527 2864 seorsim
1559 2812 1747 2863 tracta
1784 2808 2045 2864 domino-

392 2913 527 2953 rum
587 2898 826 2954 nomine
885 2903 1172 2953 tenerent.
1233 2897 1455 2952 Nostras
1500 2914 1634 2952 vero
1691 2915 1784 2952 res
1827 2899 2041 2966 Nicaea,

388 2985 606 3041 Prursa
639 2986 927 3057 tertiaque
961 2985 1371 3055 Philadelphia
1399 3002 1533 3040 cum
1565 2986 1738 3041 terris
1770 2986 2043 3057 adjacen-

394 3073 558 3130 tibus
590 3075 1040 3131 deﬁniebantur.
1074 3076 1145 3130 Et
1176 3074 1287 3130 alia
1322 3074 1557 3146 quidem
1595 3083 1658 3129 ut
1697 3092 1902 3130 rursus
1955 3092 2045 3131 re-

391 3163 644 3219 vixerint
664 3164 823 3237 (nam
849 3163 1135 3236 paulatim
1161 3163 1275 3220 Deo
1302 3164 1617 3220 miserante
1648 3163 2042 3236 revaluerunt)

385 3253 530 3325 quid
591 3253 805 3309 attinet
860 3252 1096 3309 dicere?
1126 3269 1328 3308 verum
1362 3269 1431 3307 ne
1479 3252 1598 3308 hinc
1649 3253 1889 3325 quidem
1952 3253 2040 3308 vel

380 3346 611 3397 servata
657 3341 746 3397 vel
797 3347 1139 3413 recuperata
1183 3358 1389 3397 secura
1421 3342 1590 3398 nobis
1621 3347 1678 3397 et
1717 3351 1873 3397 certa
1902 3360 2031 3398 esse

377 3433 669 3502 poterant,
694 3431 954 3501 quandiu
977 3430 1243 3502 principe
1268 3430 1411 3486 urbe
1430 3432 2026 3497 carebamus.0uotus

377 3520 537 3576 enim
570 3520 823 3592 quisque
849 3522 1076 3593 legatos
1116 3524 1369 3591 nostros,
1402 3522 1452 3576 si
1484 3537 1634 3592 quos
1692 3538 1887 3577 rerum
1942 3539 2030 3578 re-

382 3610 772 3683 petendarum
806 3628 987 3667 causa
1037 3610 1442 3677 mittebamus,
1477 3628 1591 3666 non
1647 3612 1850 3668 irrisos
1896 3630 2029 3668 con-

378 3699 529 3755 vicio
562 3699 883 3772 repellebat
913 3704 1197 3772 tanquam
1240 3699 1312 3753 ab
1343 3699 1646 3755 exsulibus
1678 3700 1893 3756 missos
1927 3719 2032 3773 pa-

378 3786 492 3843 tria
515 3788 720 3859 ejectis
751 3792 807 3843 et
864 3787 1067 3860 procul
1100 3787 1334 3857 imperii
1380 3789 1517 3842 sede
1561 3789 1889 3845 necessario
1933 3791 2031 3844 de-

381 3877 691 3948 gentibus?
713 3878 902 3942 Quare
926 3876 1059 3932 illos
1091 3876 1561 3947 quidemesticos
1580 3876 2033 3946 lares,hostibus

381 3965 668 4035 insessos,
702 3964 1010 4037 designare
1034 3964 1132 4019 ubi
1156 3964 1394 4019 tandem
1420 3968 1619 4019 essent
1647 3966 1883 4022 nonnisi
1905 3983 2035 4039 geo-

385 4053 668 4125 graphico
700 4054 863 4110 radio
885 4070 955 4111 ex
984 4053 1209 4109 ratione
1254 4057 1549 4108 astrorum
1589 4054 1807 4124 quibus
1838 4061 2037 4112 essent

380 4143 676 4215 suppositi
712 4143 988 4211 valerent,
1023 4143 1415 4214 incongruum
1439 4143 1875 4215 absurdumque
1906 4163 2034 4202 esse

378 4231 609 4303 reliqua
657 4237 818 4289 tanto
854 4232 1055 4288 minus
1088 4232 1383 4304 praecipua
1439 4233 1669 4302 imperii
1701 4235 1964 4290 membra
2003 4253 2037 4291 a

377 4321 781 4378 detinentibus
813 4321 1283 4393 resposcere.Qui
1309 4322 1561 4376 maxime
1580 4323 1880 4391 nodusjne
1903 4328 2036 4381 ante

380 4427 489 4466 nos
521 4410 944 4483 imperantium
974 4410 1211 4467 multiet
1243 4409 1686 4483 megnilabores
1708 4413 2035 4485 quidquam

379 4499 699 4556 admodum
718 4501 1067 4572 proficerent
1088 4500 1336 4567 obstitit,
1360 4500 1516 4555 idem
1541 4506 1771 4557 nostros
1802 4519 2037 4575 quoque

381 4605 500 4645 non
533 4606 752 4659 paucos
785 4607 889 4661 pro
922 4593 1138 4645 nostra
1172 4589 1467 4644 facultatis
1498 4590 1737 4646 modulo
1761 4592 1853 4647 his
1886 4598 2037 4648 retro

381 4678 596 4734 diebus
629 4683 889 4735 tcntatos
950 4681 1199 4734 conatus
1249 4694 1448 4733 cassos
1494 4680 1701 4734 effectu
1760 4680 2036 4737 reddidit.

2168 1976 2307 2033 εἶδον
2356 1982 2418 2035 τὸ
2469 1986 2565 2036 τοῦ
2615 1988 2749 2038 Θεοῦ
2808 1982 2983 2055 ἔλεος,
3034 1985 3160 2041 ἀλλ’
3208 1988 3343 2059 ἡμῖν
3389 1984 3518 2042 ἰδεῖν
3571 1987 3814 2063 γέγονεν,

2166 2069 2307 2132 υἱοῖς
2360 2069 2574 2126 ἐκείνων
2631 2093 2690 2145 γε
2747 2071 2914 2131 οὖσιν.
2980 2075 3041 2129 οὐ
3101 2075 3203 2150 γὰρ
3262 2075 3609 2152 προσώποις,
3673 2075 3819 2131 ἀλλὰ

2162 2159 2368 2231 γένεσιν
2424 2159 2477 2223 ἐς
2529 2162 2595 2214 τα
2655 2161 2894 2234 μάλιστα
2941 2165 3032 2217 καὶ
3080 2165 3178 2232 τὴν
3228 2162 3528 2240 εὐεργεσίαν
3578 2164 3669 2219 καὶ
3716 2166 3816 2234 τήν

2155 2246 2426 2320 τιμωρίαν
2490 2253 2586 2303 τοῦ
2645 2255 2779 2305 Θεοῦ
2846 2251 3123 2328 γενέσθαι.
3200 2254 3360 2307 Τοῦτ’
3411 2251 3663 2329 ἐπράχθη
3724 2254 3814 2307 καὶ

2157 2334 2245 2390 ἐπὶ
2292 2340 2401 2390 τῶν
2450 2337 2639 2395 πάλαι.
2698 2341 2803 2396 Καὶ
2850 2346 2967 2406 τοῖς
3023 2344 3287 2417 πατράσιν
3349 2340 3814 2417 ἐπαγγειλάμενος

2152 2426 2251 2494 τήν
2305 2424 2514 2501 ἀγαθὴν
2563 2435 2666 2503 γῆν
2718 2429 2927 2501 ἐκείνην
2976 2432 3075 2500 τήν
3118 2429 3289 2487 πάλαι
3340 2430 3808 2507 προχγγελοεῖσαν

2152 2628 2265 2684 bus
2301 2629 2447 2687 freto
2499 2631 2883 2690 validissimis
2914 2641 2968 2689 et
3015 2636 3281 2691 omnium
3320 2636 3449 2706 ejus
3479 2636 3805 2692 incolarum

2153 2717 2452 2789 ingentem
2487 2719 2625 2775 licet
2655 2722 3101 2778 multitudinem
3135 2740 3381 2780 numero
3415 2723 3587 2796 longe
3629 2743 3806 2797 supe-

2152 2807 2425 2864 rentibus
2471 2815 2883 2883 oppugnantes
2934 2812 3118 2884 copiis
3167 2830 3228 2869 re
3270 2814 3490 2870 infecta
3537 2816 3806 2871 recedere

2152 2910 2515 2967 cogeremur,
2563 2898 2663 2969 qui
2715 2898 2875 2954 aliud
2930 2900 3040 2955 fuit
3088 2917 3266 2972 quam
3316 2902 3418 2956 Dei
3483 2903 3808 2959 admonitio

2156 2982 2507 3040 deciarantis
2548 3003 2722 3042 suum
2751 2987 2809 3042 id
2844 2987 3030 3045 solius
3061 3006 3210 3061 opus
3241 3006 3371 3045 esse
3404 3008 3523 3045 81183
3576 2992 3808 3048 miseri-

2155 3075 2365 3128 cordiae
2398 3081 2785 3144 reservatum,
2819 3078 2957 3132 dare
2990 3079 3225 3149 quando
3256 3084 3313 3135 et
3345 3079 3438 3134 cui
3469 3079 3812 3151 dignabitur

2150 3166 2386 3218 tantum
2419 3164 2578 3219 istud
2612 3166 2794 3220 decus
2822 3166 2993 3236 regis:
3039 3170 3450 3239 recuperandae
3501 3168 3755 3225 civitatis
3790 3173 3812 3225 Ρ

2154 3252 2315 3309 Istud
2348 3269 2485 3326 ergo
2518 3254 2617 3309 diu
2653 3256 2963 3327 suspirataa
2986 3255 3403 3312 misericordiae
3437 3264 3803 3315 momentum

2153 3358 2286 3399 ecce
2316 3360 2472 3399 nunc
2503 3344 2738 3400 beatum
2770 3348 2827 3400 et
2857 3346 3154 3401 fortunata
3185 3347 3308 3401 dies
3346 3346 3555 3415 illuxit,
3605 3349 3799 3417 nobis,

2139 3432 2292 3503 quod
2327 3433 2544 3488 mirum
2579 3439 2688 3500 est,
2715 3434 3167 3507 imperantibus,
3202 3437 3304 3507 qui
3336 3436 3481 3492 nihil
3516 3439 3572 3493 in
3626 3440 3797 3496 nobis

2137 3522 2277 3577 boni
2310 3523 2690 3594 agnoscimus
2722 3541 2837 3596 quo
2873 3530 3099 3581 tantum
3131 3525 3480 3581 beneﬁcium
3542 3544 3793 3584 merere-

2138 3627 2294 3666 mur.
2328 3614 2518 3677 Quare
2542 3617 2694 3668 totos
2719 3630 2825 3669 nos
2859 3614 2919 3669 in
2951 3617 3276 3685 gratiarum
3310 3614 3570 3672 actiones
3610 3618 3794 3672 effun-

2139 3699 2278 3754 dere
2300 3700 2533 3769 justum
2565 3707 2656 3756 est
2686 3707 2920 3774 recepta
2951 3703 3135 3775 patria
3165 3722 3179 3772 ;
3232 3704 3321 3759 fas
3374 3704 3549 3760 etiam
3596 3722 3796 3777 spera-

2144 3802 2227 3856 re,
2261 3786 2417 3841 sicut
2443 3805 2512 3843 ea
2570 3790 2871 3860 quondam
2924 3791 3171 3846 cadente
3212 3795 3419 3846 caetera
3459 3794 3584 3862 pari
3627 3794 3796 3849 ruina

2140 3873 2634 3945 conciderunt,ita
2655 3878 2859 3933 eadem
2885 3879 2941 3932 in
2969 3878 3284 3949 pristinum
3328 3880 3501 3935 modo
3527 3890 3797 3938 revocata

2142 3968 2360 4020 statum
2422 3965 2648 4037 reliqua
2694 3968 2971 4024 similiter
3020 3986 3148 4041 quas
3207 3972 3403 4026 afﬁcta
3452 3972 3685 4029 fuerant
3736 3976 3794 4029 in

2142 4054 2440 4109 fortunam
2466 4056 2833 4111 restituenda
2855 4056 3181 4113 meliorem.
3206 4058 3353 4114 Nam
3388 4059 3654 4116 divinum
3691 4081 3797 4118 nos

2142 4147 2456 4215 protegens
2488 4143 2858 4216 injuriasque
2886 4145 3055 4201 nobis
3087 4146 3273 4202 factas
3306 4147 3598 4205 ulciscens
3620 4151 3786 4221 judi-

2143 4236 2323 4302 cium,
2357 4236 2508 4306 quod
2540 4253 2573 4291 a
2606 4237 2823 4292 nostris
2856 4238 3027 4309 quasi
3060 4238 3330 4309 partibus
3358 4240 3638 4297 deﬁciens
3688 4260 3794 4299 nos

2143 4325 2473 4380 deseruisse
2491 4325 2821 4393 videbatur,
2846 4325 3063 4381 iterum
3109 4343 3180 4382 ex
3219 4327 3329 4383 hoc
3368 4329 3656 4401 principio
3680 4332 3793 4388 vim

2143 4431 2310 4477 suam
2342 4414 2400 4468 in
2425 4419 2694 4471 nostrum
2724 4415 3114 4487 patrocinium
3141 4433 3322 4487 seque
3353 4418 3551 4475 favens
3570 4438 3634 4476 ac
3659 4439 3796 4492 pro-

2144 4503 2355 4575 pitium
2385 4508 2594 4560 nostra:
2625 4521 2818 4560 causae
2844 4505 3135 4577 adjungit.
3169 4506 3357 4570 Quare
3382 4508 3639 4579 plurium
3660 4511 3799 4568 isto-

2145 4608 2277 4647 rum
2311 4609 2416 4647 nos
2446 4593 2705 4664 supurbe
2763 4594 2923 4663 prius
2957 4594 3401 4665 descipientiam
3434 4596 3546 4652 illis
3600 4602 3797 4657 ardua:

2146 4680 2566 4751 indomitaeque
2586 4684 2840 4738 cervices
2863 4682 2989 4755 (Dei
3011 4684 3195 4738 fretus
3219 4684 3438 4741 auxilio
3460 4688 3543 4742 sic
3567 4687 3797 4763 loquor)

384 4768 547 4832 Quod
582 4785 753 4841 porro
788 4768 1110 4824 novissime
1131 4784 1288 4822 nunc
1320 4767 1554 4835 accidit,
1580 4768 1797 4824 multos
1818 4787 2037 4828 accres-
2072 4751 2118 4815 Ῑ)
2150 4770 2497 4841 frangentur
2528 4772 3042 4845 inﬂectenturque,
3078 4774 3278 4838 velint,
3331 4775 3537 4838 nolint,
3567 4777 3623 4832 in
3645 4751 3797 4837 sub:

386 4873 501 4928 que
532 4860 809 4914 custodes
843 4855 1227 4929 amplissimae
1276 4855 1860 4929 opulentissimaeque
1896 4860 2035 4915 civi-

382 4945 525 5002 tatis
550 4948 770 5003 frustra
798 4946 1096 5019 vigilasse,
1130 4949 1186 5001 et
1214 4945 1473 5000 hostium
1507 4945 1776 5002 reducem
1818 4949 2035 5004 exerci-

382 5037 513 5089 tum
578 5035 659 5091 rei
718 5040 846 5091 tum
900 5034 1092 5090 adhuc
1137 5033 1449 5105 gerebatur
1504 5035 2034 5105 supervenientem,

380 5123 641 5195 recipere
675 5124 835 5180 illam
857 5140 1065 5180 rursus
1096 5122 1385 5193 ejiciendo
1404 5138 1624 5193 paucos
1646 5139 1676 5177 e
1696 5124 1909 5180 nostris
1934 5126 2034 5196 qui

380 5211 440 5266 in
465 5229 594 5267 eam
628 5216 1005 5286 penetrarant
1032 5211 1431 5283 nequidquam
1456 5215 1855 5270 conatus'l55
1883 5230 2034 5283 esse,

378 5300 484 5357 Dei
528 5303 782 5373 profecto
843 5301 1222 5376 potissimum
1273 5317 1421 5372 opus
1470 5304 1577 5371 est,
1640 5302 1740 5373 qui
1791 5302 1951 5358 novit
1980 5308 2037 5359 et

382 5390 707 5463 periclitari
737 5394 952 5459 visam,
1000 5396 1302 5462 utcunque
1351 5391 1693 5447 destitutam
1737 5393 2033 5465 praesidio,

381 5481 683 5537 custodire
714 5482 1034 5549 civitatem,
1058 5485 1115 5535 et
1144 5480 1412 5535 eamdem
1435 5479 1824 5536 validissimis
1842 5498 2033 5537 arma-

384 5574 580 5626 torum
636 5572 941 5629 defensam
1000 5568 1363 5637 cohortibus,
1401 5568 1462 5623 in
1515 5585 1728 5626 manus
1776 5570 2035 5627 hostium

383 5660 621 5717 tradere
648 5676 785 5718 cum
832 5661 996 5716 libet.
1030 5658 1178 5718 Nam
1231 5657 1385 5729 quod
1440 5674 1630 5730 nuper
1655 5659 1918 5733 contigit,
1970 5666 2036 5718 ut

386 5751 656 5810 eamdem
691 5768 798 5810 nos
829 5749 1035 5809 urbem
1067 5748 1308 5822 trajecta
1337 5750 1424 5805 tot
1444 5749 1726 5806 aerumnis
1747 5754 1804 5807 et
1824 5749 2035 5807 labori-

2138 4859 2458 4930 jectionem
2491 4861 2975 4919 demisissimam.
3009 4867 3142 4918 Haec
3173 4862 3422 4919 felicitas
3453 4868 3797 4926 servabatur

2145 4948 2341 5013 nobis,
2369 4953 2434 5003 ut
2465 4965 2572 5005 usu
2605 4951 2851 5022 visuque
2883 4951 3286 5023 experiremur
3316 4953 3566 5024 gratiam
3617 4960 3791 5015 mise-

2146 5037 2331 5091 rantis
2362 5036 2460 5091 Dei
2499 5055 2511 5092 :
2552 5040 2821 5109 patribus
2853 5042 3069 5096 nostris
3110 5041 3257 5096 tanti
3318 5041 3543 5099 fructus
3591 5050 3790 5117 gaudii

2145 5131 2390 5196 negatus
2422 5130 2531 5195 est,
2556 5127 2725 5182 nobis
2759 5128 2962 5199 utique
2996 5128 3133 5184 ﬁliis
3155 5146 3356 5185 eorum
3385 5132 3618 5190 abunde
3640 5154 3798 5194 nunc

2144 5213 2560 5285 cumulateque
2612 5220 3085 5286 repraesentatus.
3140 5217 3266 5273 Non
3320 5220 3476 5275 enim
3529 5229 3797 5295 personis

2144 5302 2419 5374 singulis,
2449 5305 2550 5359 sed
2579 5306 2897 5376 generibus
2931 5311 3098 5361 statas
3136 5307 3293 5363 vices
3341 5310 3583 5369 alternis
3635 5333 3795 5374 com-

2144 5392 2465 5447 meantium
2502 5394 2561 5449 in
2590 5394 2765 5449 vitam
2800 5394 3107 5449 hominum
3132 5395 3550 5456 beneficiorum
3567 5408 3624 5459 et
3653 5422 3795 5478 sup-

2145 5480 2456 5553 pliciorum
2489 5482 2697 5537 divinae
2737 5484 3121 5554 providentia:
3153 5484 3313 5539 reddi
3348 5487 3558 5545 solent.
3577 5491 3795 5552 Hocita

2144 5572 2364 5628 factum
2422 5573 2577 5628 156
2606 5589 2844 5630 cernere
2896 5573 3032 5629 licet
3079 5582 3132 5630 et
3181 5573 3240 5629 in
3305 5577 3585 5649 antiquis.
3645 5583 3793 5643 Nam

2144 5661 2499 5736 promissum
2532 5664 2800 5736 patribus
2832 5664 3063 5721 felicem
3100 5669 3339 5738 terram,
3386 5668 3612 5727 dudum
3652 5691 3795 5745 pm-

2144 5752 2479 5811 nuntiatam
2533 5754 2866 5813 Ahrabamo
2912 5760 3197 5828 tanquam
3266 5758 3465 5814 statim
3534 5761 3787 5824 dandam
