4112 6404
300 429 410 486 595

1605 426 1905 483 GEORGII
1944 427 2410 484 PACHYMEBE

3621 424 3731 479 596

301 557 386 625 τῷ
433 546 708 624 Ἀϐραὰμ,
760 549 835 614 ὡς
883 547 1073 604 αὐτίκα
1119 554 1218 617 τῆς
1266 547 1547 623 Αἰγύπτου
1595 548 1957 622 ἀπαλλαγεῖσι
1987 550 2037 618 Α
2073 569 2240 614 σεται,
2273 547 2436 604 πόλιν
2470 548 2589 604 ἀντὶ
2649 545 2960 622 πολιχνίων
3004 545 3370 624 αἱρουμένων,
3400 547 3501 616 τήν
3555 542 3732 620 ὄνομα

304 638 654 715 ληψομένοις
707 636 952 706 ἐκείνην,
986 638 1013 690 ὁ
1046 633 1102 690 δὲ
1149 634 1366 690 ἐκείνων
1412 638 1508 708 μὲν
1557 638 1645 692 ἐπὶ
1691 644 1792 707 τῆς
1835 635 1959 712 ἐρή-

311 751 416 803 μου
446 733 628 783 πεσεῖν
675 725 742 780 τὰ
791 725 922 780 ὀστᾶ
978 726 1362 800 παρεσκεύασε,
1404 731 1522 788 τοῖς
1556 724 1600 780 δ’
1651 727 1784 781 υἱέσι
1812 725 1961 794 πλη-

312 825 402 894 ροῖ
448 819 548 886 τὴν
601 813 956 892 ἐπαγγελίαν,
1005 814 1095 868 καὶ
1157 811 1218 868 οἷ)
1262 811 1504 870 διέπεσεν
1555 819 1588 885 ἡ
1643 816 1958 891 ὑπόσχεσις.

310 908 470 966 Οῖτω
503 903 732 966 δικαίοις
781 905 999 978 μέτροις
1055 903 1144 958 καὶ
1195 905 1456 976 σταθμοῖς
1490 905 1544 958 αἱ
1577 910 1713 968 θεῖαι
1745 905 1962 980 πράξεις

311 997 750 1068 οἶκονομοῦνται.
814 993 1014 1068 Καιρὸς
1082 996 1214 1065 γοῦν
1289 999 1558 1064 μετοικεῖν
1625 994 1960 1068 προστασσον

311 1107 407 1149 τος
471 1089 567 1140 τοῦ
621 1088 776 1155 Θεοῦ,
833 1081 893 1136 οὐ
959 1079 1252 1142 σκιαδείοις
1283 1081 1342 1135 έκ
1374 1080 1600 1156 φύλλων
1661 1081 1712 1138 ἐν
1743 1081 1964 1156 λαμπτς·

311 1197 429 1236 ναις
481 1175 671 1247 (ταῦτα
702 1171 802 1245 γὰρ
863 1173 998 1238 ἦσαν
1054 1170 1117 1224 τὸ
1171 1169 1386 1240 πάλαι),
1421 1169 1566 1226 ἀλλὰ
1612 1171 1965 1246 σκεπομέναις

309 1265 628 1339 χάριτιτοῦ
682 1263 835 1314 Θεοῦ.
898 1259 1006 1314 Καὶ
1042 1256 1108 1328 δὴ
1169 1257 1219 1328 ἐξ
1273 1259 1439 1330 αὐτῆς
1501 1260 1613 1333 ἅμα
1669 1261 1966 1333 πεμπέσοω

308 1373 390 1413 τις
446 1354 555 1406 τῶν
607 1347 922 1425 ἀρχόντων,
975 1348 1065 1402 καὶ
1123 1343 1452 1420 λαμϐανέτω
1507 1349 1636 1412 τοὺς
1685 1348 1868 1411 οἷόιους
1916 1351 1967 1405 οἱ

311 1438 558 1496 πανοικεὶ
611 1439 959 1508 κατοικήσει.
1026 1435 1085 1493 Εἰ
1162 1437 1256 1510 μὲν
1321 1433 1613 1511 συμϐαίνοι
1677 1439 1806 1502 τοὺς
1861 1461 1968 1495 πα-

309 1529 496 1605 τρίους
542 1527 678 1582 εἶναι
734 1526 827 1582 καὶ
886 1525 1014 1588 τοὺς
1073 1531 1170 1580 τοῦ
1218 1529 1408 1602 γένους
1465 1529 1747 1603 περιόντας
1780 1527 1878 1597 ἔτι,
1913 1527 1969 1583 εὖ

314 1618 372 1673 ἂν
408 1619 630 1693 σχήσοι·
680 1615 725 1670 εἷ
776 1613 820 1670 δ’
875 1615 990 1687 οὗν,
1036 1613 1180 1670 ἀλλά
1235 1637 1320 1677 τις
1359 1614 1664 1690 έκλεγέσθω
1710 1617 1836 1680 τοὺς
1870 1620 1968 1694 ἁρ-

322 1704 570 1781 μοὸίους.
627 1706 832 1782 Ἐχρῆν
893 1705 996 1779 γὰρ
1059 1708 1193 1759 Θεοῦ
1252 1702 1498 1770 διὲόντος
1547 1709 1624 1779 [Ρ.
1693 1710 1812 1777 101]
1869 1709 1968 1778 τὴν

314 1797 479 1873 χάριν
536 1796 672 1850 κατᾶ
728 1795 936 1867 νόμους
996 1793 1201 1849 ἐκείνου
1249 1801 1425 1850 ποιεῖν
1474 1796 1562 1850 καὶ
1611 1795 1971 1875 προσφιλοτι-

2069 634 2302 713 ἔχουσαν
2328 645 2439 695 τῶν
2490 637 2791 712 ἀνωνύμων
2823 639 2909 692 καὶ
2966 635 3226 692 εὐτελων.
3262 637 3343 693 Οὐ
3398 637 3506 709 μὴν
3554 634 3611 691 8t
3638 635 3729 691 καί

2068 729 2503 806 καταφρονητέον
2552 732 2660 783 τῶν
2713 725 2866 801 τῇδε·
2930 727 3202 805 ἀσφάλεια
3260 725 3362 800 γὰρ
3409 729 3517 780 τῶν
3577 725 3726 788 ἐντὸς

2073 817 2325 892 μεγίστη,
2359 817 2409 872 εἴ
2451 818 2519 872 τὰ
2569 816 2759 890 κύκλῳ
2813 816 3001 890 φεύγοι
3056 816 3152 870 τον
3217 816 3410 870 σάλον.
3463 818 3640 870 Ταῦτα
3672 812 3731 870 δὲ

2067 907 2160 959 τὸν
2192 904 2358 960 σάλον
2406 907 2721 981 φευξοῦνται
2770 902 3211 978 πολυωροόντων
3262 908 3370 957 τῶν
3417 902 3726 980 οἷ’κγ,τόρων

2071 995 2182 1066 ἅμα
2211 1000 2328 1057 τοῖς
2382 995 2759 1069 πεμπομένοις
2806 995 3092 1069 ἄρχουσιν.
3150 990 3324 1049 Ἀλλὰ
3369 994 3435 1046 τὰ
3469 994 3563 1066 μὲν
3593 999 3731 1048 κατὰ

2070 1084 2248 1158 καιρὶν
2305 1085 2394 1138 καὶ
2457 1083 2824 1159 λεχοήσονται
2906 1083 2994 1137 καὶ
3076 1083 3528 1157 πραχθήσονται,
3596 1086 3730 1138 Θεοῦ

2074 1172 2467 1247 συναιρομένου
2528 1171 2597 1228 δι’
2658 1171 2810 1233 ἔλεος
2848 1190 2859 1203 ·
2923 1175 3016 1225 νῦν
3087 1168 3135 1225 δ’
3191 1169 3466 1232 κάκείνοις
3524 1168 3595 1225 δι’
3656 1169 3730 1225 ὧν

2073 1261 2414 1338 ἐπεμετρήθη
2466 1265 2603 1334 ἡμῖν
2663 1263 2698 1331 ἡ
2760 1260 2922 1337 χάρις
2985 1259 3098 1332 (καὶ
3153 1259 3257 1334 γὰρ
3317 1256 3552 1334 δίκαιον)
3597 1261 3731 1336 γρά-

2075 1371 2268 1425 φοντες
2295 1352 2361 1406 τὰ
2388 1350 2568 1406 εἷ’κότα
2625 1349 2888 1424 δείξωμεν
2925 1349 3088 1425 χάριν
3148 1347 3327 1414 σφίσιν
3358 1346 3562 1412 εἰδότες
3599 1350 3733 1422 μετὰ

2075 1440 2204 1494 Θεόν
2240 1465 2267 1491 ››
2299 1445 2390 1512 Τῷ
2419 1462 2506 1495 τοι
2553 1440 2644 1495 καὶ
2689 1438 2748 1494 ἐκ
2794 1437 2890 1494 τοῦ
2941 1441 3291 1514 παραχρῆμα
3337 1437 3548 1493 κελεύει
3593 1458 3730 1514 γρα-

2076 1538 2242 1608 φῆναι
2293 1530 2359 1584 τὰ
2416 1532 2769 1606 χαριστήρια,
2804 1527 3092 1603 ἐκλέγεται
3151 1524 3208 1582 δὲ
3233 1527 3322 1582 καὶ
3355 1529 3436 1590 οἷς
3469 1526 3528 1582 ἄν
3586 1547 3729 1600 πεμ·

2076 1625 2254 1697 φοεῖσι
2283 1621 2382 1688 τήν
2431 1617 2841 1695 κληροδότησιν
2877 1617 3161 1692 ἐπιτρέψοι
3211 1621 3316 1672 τῶν
3373 1618 3729 1690 μεγιστάνων.

2076 1714 2200 1771 Τοῖς
2231 1709 2334 1784 γὰρ
2366 1707 2604 1772 πολλοῖς
2651 1730 2714 1785 γε
2759 1710 2848 1764 καὶ
2901 1702 3236 1763 ἀνεϐάλλετο
3265 1707 3329 1761 τὸ
3361 1703 3591 1777 διδόναι,
3639 1707 3731 1761 καὶ

2076 1799 2346 1877 πρόφασις
2404 1799 2590 1872 ἐκείνῳ
2639 1797 2822 1854 τὸδιᾶ
2874 1799 3087 1867 σπάθης
3136 1795 3360 1858 ἑλόντος
3411 1794 3620 1869 μηδένα
3650 1803 3731 1851 εἶ-

317 1891 532 1960 μεῖσθαι
581 1886 644 1940 τὸ
701 1886 865 1958 μέρος
917 1883 1146 1958 ἑκάστῳ.
1207 1883 1350 1943 Οὐδέ
1405 1888 1506 1962 γὰρ
1561 1889 1694 1960 ἡμῖν
1760 1887 1970 1960 μόνοις,
2003 1910 2165 1990 Βναι
2193 1889 2283 1944 τὸν
2336 1887 2560 1954 δικαίως
2603 1888 2661 1944 ἂν
2719 1893 2826 1944 τῶν
2889 1885 3061 1944 ἰδίων.
3123 1884 3178 1941 εἷ’
3226 1907 3331 1941 που
3371 1891 3610 1963 παρεῖεν,
3644 1886 3733 1942 ἐπὶ

321 1974 407 1990 ςςκ
435 1976 449 1990 \
560 1975 574 1990 \
616 1974 634 1990 ον
688 1978 711 1989 υ
791 1971 838 1990 ﬁ!
1051 1978 1064 1990 ο
1150 1979 1173 1990 -ο
1210 1977 1232 1990 Α
1385 1977 1398 1990 \
1447 1982 1476 1990 Α
1513 1981 1536 1990 α
1750 1976 1794 1990 In
1867 1989 1874 1990 κ
2118 1986 2144 1990 __
2317 1978 2354 1990 ιι
2545 1978 2559 1990 ς
2667 1978 2717 1990 ι..
3001 1983 3040 1990 -.
3143 1983 3169 1990 -.
3374 1974 3389 1990 \
3491 1970 3515 1990 11
3663 1977 3676 1990 1

309 1974 458 2030 ἀλλὰ
487 1975 576 2028 καὶ
611 1974 738 2047 ὑμῖν
788 1971 998 2030 δίκαιον
1041 1977 1296 2050 ἡγεῖσθαι
1346 1977 1408 2030 τὸ
1442 1981 1595 2030 Θεῖον
1628 1976 1964 2052 χαρίζεσθαι·

307 2065 399 2120 καὶ
433 2063 614 2140 ὥσπερ
660 2063 722 2118 τὸ
771 2063 1099 2141 ἀπερῥῖιρθαι
1147 2065 1329 2120 κοινὸν
1379 2065 1442 2120 τὸ
1489 2072 1588 2135 τῆς
1640 2064 1812 2142 ὀργῆς
1851 2067 1963 2139 ἅμα

308 2154 522 2209 πίνουσι
570 2148 758 2223 κόνδυ,
793 2153 938 2208 οὕτω
991 2153 1083 2208 καὶ
1133 2154 1195 2208 τὸ
1236 2153 1688 2219 ἐπανακαλεῖσθαι
1733 2154 1960 2211 καθολι-

307 2243 402 2298 κὸν
450 2242 550 2311 τὴν
605 2240 908 2317 εὗεργεσίαν
964 2237 1358 2315 λαμϐάνουσιν.
1418 2246 1682 2318 Ἕψονται
1741 2241 1788 2298 δ’
1835 2244 1960 2322 ἑφε-

310 2331 409 2404 ξῆς
440 2329 630 2405 ἄλλοι,
664 2330 754 2385 καὶ
786 2331 928 2386 οὕτω
975 2330 1139 2387 πάλιν
1172 2332 1232 2388 τὸ
1262 2334 1493 2388 κενωθὲν
1545 2331 1956 2408 ἀναπληρωθῆ-

317 2537 584 2595 liberatis
613 2556 682 2595 ex
711 2541 955 2611 Egypto
987 2536 1175 2610 ipsius
1204 2537 1476 2610 posteris,
1509 2537 1568 2593 hi
1593 2538 1827 2610 quidem
1854 2555 1969 2594 non

322 2635 678 2702 acceperunt
707 2631 767 2686 in
801 2633 1028 2685 deserto
1063 2629 1304 2698 mortui,
1340 2631 1441 2684 sed
1491 2645 1693 2685 eorum
1735 2629 1970 2686 ossibus

321 2735 596 2791 peregere
609 2718 827 2775 relictis
841 2718 1131 2774 feliciores
1155 2717 1391 2773 illorum
1420 2718 1522 2773 ﬁlii
1549 2719 1840 2790 desponsa
1855 2737 1971 2774 non

322 2807 573 2880 singulis
606 2808 915 2880 quibusvis
946 2808 1259 2879 capitibus,
1293 2809 1394 2864 sed
1434 2809 1752 2864 universim
1788 2811 1970 2864 Israe-

322 2896 494 2953 liticae
525 2899 684 2969 genti
713 2897 1050 2952 hzereditate
1073 2898 1342 2952 adeunda
1365 2897 1539 2952 ﬁdem
1564 2897 1972 2953 vaticiniorum

326 2987 671 3053 liberarunt,
707 2987 1132 3058 splendideque
1164 2987 1645 3042 demonstrarunt
1679 2987 1832 3042 haud
1867 3004 1972 3042 ex-

324 3075 541 3131 cidisse
570 3093 636 3131 ac
667 3078 736 3130 ad
769 3080 1099 3130 extremum
1148 3092 1318 3130 cassa
1366 3080 1572 3131 eventu
1619 3077 1976 3132 remansisse

326 3169 614 3236 quaaDeus
637 3165 1004 3236 praedixerat.
1030 3165 1125 3220 Sic
1142 3164 1326 3235 justis
1350 3166 1648 3220 mensuris
1674 3166 1978 3238 aequisque

2078 1986 2178 2048 τῆς
2259 1978 2477 2041 πόλεως
2535 1978 2890 2052 ἀνθεξόμενον
2927 2023 2938 2035 .
3001 1983 3271 2051 ῙΙεριῆσαν
3330 1974 3430 2051 γὰρ
3489 1970 3566 2030 ἔτι
3627 1977 3728 2031 οὐκ

2076 2067 2235 2142 ὀλίγα
2277 2067 2366 2122 καὶ
2419 2073 2526 2124 τῶν
2575 2068 2882 2144 τυχόντων,
2917 2067 2968 2122 ἐν
3003 2065 3148 2121 ὀκτὼ
3201 2065 3391 2137 μόνοις
3440 2065 3578 2136 πρὸς
3607 2071 3729 2129 τοῖς

2071 2159 2406 2228 πεντήκοντα
2436 2155 2573 2212 ἔτεσι
2629 2155 3007 2232 κατεχομένης
3062 2161 3164 2224 τῆς
3225 2153 3442 2216 πόλεως
3473 2158 3592 2217 τοῖς
3623 2153 3730 2230 ἒχ-

2073 2247 2245 2320 θροῖς.
2282 2247 2367 2302 Ἐν
2427 2248 2509 2308 οἷς
2565 2245 2655 2301 καὶ
2707 2245 2880 2301 πάντα
2919 2243 2976 2300 ἂν
3010 2250 3294 2318 περιῆσαν,
3353 2239 3462 2318 εἷ’γε
3494 2241 3722 2317 εἰρήνην

2072 2335 2224 2410 εἶχον
2282 2336 2420 2412 πρὸς
2477 2334 2713 2398 ἐκείνους
2765 2336 2817 2390 οἱ
2884 2333 3147 2410 βασιλεῖς·
3207 2331 3254 2388 εί
3310 2331 3411 2408 γὰρ
3471 2332 3548 2405 μὴ
3607 2338 3718 2388 τῶν

2081 2541 2258 2613 regiae
2279 2540 2621 2614 inclyteque
2651 2540 3023 2612 splendorem
3059 2539 3314 2596 civitatis
3345 2541 3731 2596 obscurorum

2080 2635 2137 2684 et
2167 2630 2292 2687 sine
2323 2630 2562 2687 nomine
2593 2630 3012 2703 oppidulorum
3047 2627 3340 2701 angustiis
3369 2633 3427 2685 et
3455 2629 3734 2685 sordibus

2081 2721 2374 2791 praeferre.
2407 2720 2553 2776 Nam
2583 2724 2781 2776 tamen
2813 2718 2934 2774 haec
2967 2717 3067 2774 ubi
3099 2733 3256 2774 nunc
3305 2734 3519 2774 sumus
3569 2735 3734 2790 sper-

2083 2810 2275 2864 nenda
2299 2814 2401 2865 aut
2434 2810 2669 2882 penitus
2695 2808 3086 2879 relinquenda
3107 2807 3421 2863 sunt.Nam
3445 2812 3511 2862 ut
3541 2808 3737 2863 media

2084 2901 2212 2952 tuta
2243 2899 2382 2962 sint,
2417 2898 2795 2969 circumjecta
2818 2902 2960 2953 sunt
2990 2897 3208 2951 tuenda
3236 2916 3249 2964 ;
3285 2911 3392 2952 nec
3425 2900 3614 2968 potest
3640 2913 3735 2952 se-

2083 2985 2308 3041 curitas
2357 2986 2520 3042 intus
2551 3003 2700 3057 esse,
2737 2986 2784 3042 si
2847 2985 3136 3041 exteriora
3195 2985 3254 3038 in
3306 2984 3566 3040 tumultu
3595 2985 3737 3040 sint.

2087 3075 2493 3131 Providebitur
2533 3081 2728 3132 autem
2784 3080 2848 3132 ut
2878 3075 3002 3130 haec
3030 3074 3089 3128 in
3132 3089 3272 3146 pace
3303 3074 3736 3140 contineantur,

2085 3169 2213 3219 tum
2249 3164 2588 3220 colonorum
2625 3165 2720 3220 hic
2769 3165 3104 3220 relictorum
3137 3169 3196 3219 et
3244 3180 3352 3220 sua
3398 3162 3734 3218 curantium

326 3255 686 3325 ponderibus
717 3253 926 3309 divi-na:
957 3269 1192 3325 semper
1231 3253 1653 3324 dispensentur
1689 3259 1975 3327 operatio-
2010 3286 2053 3354 C
2095 3255 2210 3309 ﬁda
2240 3254 2528 3320 custodia,
2552 3259 2678 3309 tum
2711 3254 3024 3325 adjuvantc
3054 3250 3588 3322 atqueinvigiiante
3607 3267 3735 3321 pro-
3789 3297 3797 3305 .

326 3359 451 3400 nes.
485 3347 737 3415 Tempus
791 3343 976 3415 igitur
1004 3360 1162 3398 nunc
1191 3348 1281 3398 est
1325 3343 1574 3413 jubente
1605 3345 1742 3412 Deo,
1769 3349 1834 3400 ut
1863 3362 1979 3402 non

330 3432 696 3489 umbraculis
727 3432 1004 3488 foliorum
1036 3436 1138 3488 aut
1163 3448 1464 3487 ramorum
1488 3435 1719 3505 attegiis
1750 3443 1979 3505 protec-

332 3523 376 3576 ti
410 3538 688 3593 pompam
720 3520 1024 3576 curali'ous
1057 3521 1454 3576 tabernaculis
1479 3521 1684 3577 festam
1716 3523 1980 3579 traduca-

336 3627 470 3666 mus
491 3610 573 3682 (id
609 3615 734 3665 erat
763 3609 974 3665 veteris
996 3610 1123 3679 jam
1154 3609 1446 3679 antiquati
1480 3612 1705 3679 moris),
1728 3613 1829 3668 sed
1883 3630 1976 3668 or-

330 3696 1420 3770 natiDeigratiacelebremuslaetitiam
1453 3716 1631 3770 quam
1664 3702 1791 3772 ipse
1819 3702 1978 3770 fecit,

240 3807 244 3811 λ
330 3793 509 3858 atque
539 3788 684 3843 adeo
707 3787 833 3857 jam
865 3803 1021 3842 nunc
1053 3787 1448 3859 praamittatur
1471 3789 1529 3844 in
1548 3790 1748 3845 urbem
1764 3791 1977 3860 aliquis

329 3876 659 3948 principum
711 3879 964 3931 metator
1009 3877 1318 3932 domorum
1369 3879 1680 3949 avitarum,
1723 3880 1779 3935 in
1828 3897 1978 3951 quas

328 3982 542 4021 sumus
595 3965 932 4036 migraturi.
988 3966 1054 4020 Et
1103 3965 1397 4036 siquidem
1451 3967 1582 4023 illas
1623 3969 1783 4039 ipsas
1833 3986 1978 4039 quas

326 4061 526 4127 patres
555 4053 931 4110 incoluerunt
959 4053 1326 4111 hereditario
1359 4057 1720 4128 cuiquejure
1750 4058 1979 4115 debitas

326 4145 570 4201 idoneas
600 4143 903 4214 repererit,
936 4144 1086 4199 bene
1135 4143 1532 4201 habebit:sin
1589 4162 1747 4214 vero,
1800 4163 1975 4218 quas-

329 4250 564 4306 cunque
617 4237 784 4305 aptas
833 4233 1107 4301 inveniet,
1141 4239 1305 4304 paret
1337 4250 1440 4304 pro
1487 4239 1767 4304 tempore.
1809 4235 1979 4291 Decet

328 4321 488 4378 enim
513 4322 768 4378 nostiam
803 4320 1092 4393 singulari
1124 4322 1218 4376 Dei
1253 4323 1538 4377 beneﬁcio
1572 4323 1808 4379 aifectos
1841 4324 1978 4397 legi-

327 4412 510 4466 timas
541 4410 594 4466 ei
626 4411 683 4465 in
717 4409 845 4481 ipsa
875 4410 978 4465 illa
1008 4426 1188 4481 quam
1240 4409 1650 4467 liberalissime
1689 4415 1979 4469 concessit

327 4498 600 4554 Ecclesiae
620 4503 677 4554 et
705 4497 941 4569 imperii
973 4497 1279 4570 metropoli
1300 4499 1520 4570 gratias
1536 4517 1728 4572 agere,
1754 4518 1818 4556 ac
1839 4518 1974 4557 cum

326 4604 417 4654 eo,
439 4592 503 4642 ut
531 4586 844 4642 divinalex
866 4586 1058 4657 jubet,
1103 4586 1161 4641 in
1196 4604 1305 4643 sua
1336 4604 1633 4660 quemque
1685 4590 1975 4662 postlimi-

325 4677 422 4734 nio
471 4677 770 4734 reducere.
802 4679 929 4732 Non
991 4675 1146 4730 enim
1206 4677 1378 4733 nobis
1439 4677 1602 4745 solis,
1653 4679 1754 4733 sed
1813 4679 1977 4736 vobis

323 4768 499 4824 etiam
522 4771 580 4823 et
608 4771 872 4822 vestrum
905 4765 1125 4820 viritim
1158 4770 1214 4821 et
1243 4767 1495 4839 singulis
1525 4768 1844 4838 gratiﬁcari
1869 4769 1977 4825 hoc

330 4857 484 4912 miro
517 4863 728 4913 eventu
757 4855 940 4911 Deum
993 4853 1253 4911 voluisse
1305 4857 1634 4927 putandum
1668 4861 1777 4913 est.
1827 4858 1976 4922 Quin

328 4944 486 5000 sicut
515 4943 909 5000 communiter
939 4943 1010 4998 ad
1043 4959 1248 4999 omnes
1270 4943 1817 5016 imperantesjuxta
1838 4947 1977 5001 sub-

330 5033 607 5104 ditosque
636 5032 922 5104 pertinuit
951 5031 1317 5104 eXpulsionis
1347 5049 1378 5088 e
1409 5033 1598 5104 patria
1649 5033 1974 5104 calamitas,

325 5127 500 5192 atque
559 5123 620 5175 in
681 5120 862 5176 calice
921 5121 1020 5175 iraa
1069 5121 1169 5177 Dei
1220 5139 1324 5193 per
1379 5139 1584 5178 omnes
1633 5123 1976 5179 circumlato

322 5216 555 5281 partem
603 5209 854 5281 quisque
884 5227 1052 5265 suam
1089 5227 1305 5266 amarae
1337 5211 1595 5282 potionis
1629 5211 1863 5280 hausit,
1898 5214 1981 5268 ita

322 5300 596 5356 convenit
625 5306 689 5355 ut
719 5316 1012 5356 conversae
1043 5301 1104 5355 in
1127 5301 1339 5358 melius
1369 5302 1546 5358 sortis
1569 5306 1625 5358 et
1652 5303 1976 5359 exuberan-

318 5389 399 5444 tis
445 5389 582 5444 inde
629 5388 839 5443 laetitiae
883 5404 1058 5444 sensu
1093 5406 1298 5447 omnes
1338 5392 1787 5463 profundantur.
1834 5396 1977 5449 Post

324 5469 554 5541 primos
586 5469 686 5540 qui
724 5467 863 5523 illuc
893 5469 1358 5542 remigraverint,
1410 5477 1736 5543 sequentur
1767 5474 1971 5530 eodem

325 5576 434 5616 suo
470 5558 682 5615 deinde
711 5558 917 5615 ordine
947 5557 1178 5630 reliqui.
1213 5562 1282 5616 Et
1315 5561 1398 5617 sic
1429 5563 1642 5618 iterum
1688 5564 1974 5621 exhausta

323 5647 735 5719 replebantur,
771 5661 1149 5718 unoquoque,
1192 5650 1342 5706 “I57
1407 5655 1606 5722 utpar
1635 5657 1747 5719 est,
1793 5670 1974 5724 preco.

323 5741 563 5809 ptaturo
614 5737 670 5792 in
707 5738 850 5795 urbe
907 5752 1086 5808 quam
1144 5737 1202 5792 in
1237 5740 1580 5811 municipiis
1629 5742 1866 5814 degere,
1918 5747 1976 5800 et

2092 3346 2354 3402 videntia
2412 3345 2866 3417 magistratuum
2899 3359 2968 3400 ex
2999 3344 3143 3399 urbe
3171 3341 3732 3398 mittendorum.8ed

2089 3436 2214 3491 htcc
2271 3453 2381 3492 suo
2438 3440 2702 3507 tempore
2732 3435 3043 3490 edicentur
3069 3436 3452 3504 agenturque,
3487 3434 3600 3486 Deo
3631 3446 3738 3502 pro

2087 3543 2196 3583 sua
2227 3525 2629 3582 misericordia
2659 3523 2830 3580 nobis
2863 3523 3179 3591 adfuturo;
3213 3537 3393 3588 nunc,
3454 3536 3582 3592 age,
3617 3517 3738 3575 illis

2089 3607 2309 3679 quibus
2340 3607 2409 3662 ad
2435 3609 2669 3661 tantum
2700 3603 2870 3659 nobis
2904 3601 3272 3675 largiendum
3296 3601 3519 3656 bonum
3539 3599 3742 3656 divina

2086 3697 2468 3754 beneﬁcentia
2500 3693 2788 3752 ministris
2821 3710 2930 3748 usa
2961 3697 3073 3758 est,
3104 3695 3296 3762 grates
3317 3690 3739 3761 rependamus,

2087 3803 2235 3858 quas
2265 3803 2370 3858 per
2393 3790 2450 3843 et
2480 3800 2713 3856 aequum
2747 3785 2836 3838 est
2857 3781 2930 3836 iis
2954 3780 3152 3836 referri
3171 3779 3384 3850 quibus
3409 3779 3741 3834 secundum

2088 3878 2270 3932 Deum
2298 3877 2545 3932 debetur
2575 3891 2608 3930 a
2638 3870 2810 3927 nobis
2842 3869 3189 3942 plurimum.
3211 3887 3239 3920 ι
3279 3868 3398 3924 Sub
3431 3868 3542 3924 hoc
3602 3883 3741 3923 con-

2085 3961 2280 4016 festim
2333 3959 2608 4032 praecepit
2657 3959 2950 4016 conscribi
3010 3958 3347 4014 authentico
3420 3957 3747 4029 diplomate

2085 4050 2317 4106 decreta
2354 4047 2678 4104 victoribus
2733 4048 3011 4121 praemia:
3045 4045 3220 4118 elegit
3246 4045 3422 4102 etiam
3454 4062 3484 4100 e
3529 4062 3743 4117 proce-

2085 4139 2250 4194 ribus
2281 4154 2431 4210 quos
2461 4139 2533 4192 ad
2568 4138 2774 4193 urbem
2825 4137 3039 4193 missos
3082 4135 3164 4191 ibi
3213 4150 3466 4208 praeesse
3508 4135 3747 4206 juberet

2083 4227 2484 4284 distributioni
2517 4228 2799 4284 domuum
2822 4231 2878 4282 et
2899 4231 3282 4293 terrarum,et
3299 4224 3348 4282 si
3367 4241 3484 4296 qua
3505 4223 3745 4281 residua

2086 4335 2116 4375 e
2149 4319 2320 4375 bonis
2350 4317 2573 4375 caeteris
2603 4322 2789 4386 erant,
2817 4316 3168 4390 optimatum
3203 4318 3416 4389 cuique
3464 4313 3743 4370 faciendae

2085 4425 2283 4465 rerum
2334 4409 2406 4464 ad
2467 4408 2629 4480 ipsos
2682 4423 2750 4463 ex
2799 4410 3042 4478 paterna
3087 4405 3310 4462 avitave
3363 4402 3741 4461 successione

2087 4497 2602 4569 hereditariojure
2633 4495 3074 4567 pertinentium.
3109 4494 3510 4567 Optimatibus
3539 4495 3740 4549 autem

2084 4605 2243 4644 nunc
2292 4587 2532 4660 quidem
2583 4585 2724 4642 solis
2784 4585 2844 4641 in
2875 4602 2940 4642 eo
2995 4601 3207 4659 genere
3255 4583 3543 4656 providit:
3572 4579 3731 4655 ple-bi

2085 4681 2306 4750 pariter
2362 4675 2668 4733 consulere
2715 4674 2969 4742 distulit,
3021 4674 3077 4729 in
3141 4674 3338 4730 animo
3387 4671 3615 4729 habens
3679 4670 3741 4726 id

2085 4781 2331 4838 prorsus
2363 4767 2649 4834 omittere,
2685 4762 2848 4820 nullo
2879 4781 2942 4820 se
2973 4763 3045 4820 ad
3101 4763 3158 4818 id
3193 4762 3448 4835 astringi
3489 4758 3744 4834 justities

2083 4855 2275 4911 ofﬁcio
2307 4855 2676 4924 existimans,
2711 4854 2865 4926 quod
2897 4853 3102 4910 urbem
3135 4853 3189 4909 vi
3221 4857 3276 4909 et
3326 4851 3510 4908 armis
3549 4865 3745 4919 recep-

2083 4946 2204 4999 tam
2224 4961 2292 5000 ex
2306 4944 2629 5016 hoste,jure
2656 4941 2792 4999 belli
2815 4949 3080 5015 spectare
3111 4941 3169 4997 in
3195 4940 3450 4998 solidum
3484 4939 3554 4995 ad
3582 4936 3741 5010 prin-

2085 5032 2275 5104 cipem
2334 5034 2485 5090 etin
2538 5033 2795 5105 praedam
2829 5048 2896 5088 ac
2941 5032 3199 5088 fructum
3241 5030 3498 5086 victoriae
3536 5029 3744 5084 cedere

2083 5139 2319 5194 aequum
2351 5139 2480 5179 esse
2511 5123 2789 5190 duceret;
2827 5137 2944 5194 quo
2977 5121 3216 5177 nomine
3241 5124 3528 5192 quaestum
3581 5115 3739 5172 haud

2085 5212 2385 5268 modicum
2445 5213 2602 5268 fecit.
2654 5214 3015 5282 Supererant
3071 5211 3229 5266 enim
3263 5209 3455 5265 adhuc
3487 5225 3517 5264 e
3566 5204 3744 5262 bonis

2083 5301 2444 5374 privatorum
2471 5305 2527 5357 et
2553 5301 2861 5357 hominum
2887 5317 2917 5356 e
2937 5301 3107 5371 vulgo
3130 5317 3162 5355 a
3194 5297 3452 5356 dominis
3479 5294 3746 5366 antiquis

2085 5391 2474 5462 agnoscibilia
2505 5408 2618 5446 non
2652 5393 2944 5462 pauca,ut
2972 5389 3031 5445 in
3066 5390 3301 5446 civitate
3332 5391 3464 5445 octo
3488 5391 3544 5442 et
3574 5383 3748 5457 quin-

2084 5479 2371 5552 quaginta
2402 5479 2592 5536 solum
2628 5477 2802 5534 annis
2835 5479 2907 5534 ab
2935 5478 3210 5535 hostibus
3241 5477 3497 5533 detenta.
3529 5475 3590 5530 In
3623 5489 3745 5544 qua

2081 5567 2255 5640 plura
2301 5568 2478 5624 etiam
2539 5573 2716 5640 atque
2765 5568 2910 5624 adeo
2964 5572 3177 5624 cuncta
3238 5566 3522 5624 servanda
3573 5566 3632 5618 et
3679 5560 3742 5617 in

2085 5657 2276 5728 primo
2307 5661 2462 5714 statu
2497 5657 2678 5714 fuisse
2725 5657 3121 5731 relinquenda
3175 5654 3494 5714 verisimile
3543 5655 3652 5720 est,
3691 5652 3748 5708 si

2087 5747 2384 5821 principes
2437 5747 2538 5821 qui
2581 5751 2715 5820 post
2775 5747 2982 5804 urbem
3017 5765 3052 5804 a
3092 5746 3316 5804 Latinis
3348 5749 3578 5818 captam
3625 5745 3741 5797 Ro-
