4112 6448
1488 426 1579 476 DE
1618 424 1992 480 MICHAELE
2031 428 2476 484 PALIEOLOGO
2516 431 2647 482 LIB.
2690 433 2760 484 II.

3727 430 3835 485 598

437 544 733 618 πιτηδείων
762 546 823 602 ἐκ
854 551 963 602 τῶν
998 549 1213 620 συχνῶν
1261 550 1457 620 μαχῶν
1516 546 1567 600 ἐν
1620 545 1805 602 σπάνει
1855 546 2064 621 έγένον-
2097 551 2151 618 Α
2180 550 2432 620 καθιστᾷν
2484 551 2547 605 τὸ
2604 548 2839 619 πλῆθος,
2871 550 3167 624 Ῥωμαίοις
3231 553 3325 625 μὲν
3378 552 3670 625 πιστεύων,
3699 556 3834 611 Ἰταρ

408 656 494 704 το,
536 635 635 690 οὐκ
664 632 723 689 ἂν
755 635 846 689 καὶ
878 639 985 689 τῶν
1041 638 1364 705 θαυμαστῶν
1415 637 1557 687 ναῶν
1610 634 1875 703 ἥπτοντο.
1912 634 2065 703 Πλὴν

409 726 475 778 τὰ
516 724 632 793 ξένα
687 722 1036 799 κατέχοντες,
1087 722 1176 778 καὶ
1235 723 1344 777 αἰὲν
1404 722 1458 777 έν
1519 720 1698 794 δειλίᾳ
1754 718 1903 786 ὅντες
1970 723 2067 778 τοῦ

410 812 710 882 ἐξωσθῆναι
742 817 849 867 τῶν
899 814 974 885 μή
1010 811 1155 890 σφίσι
1206 813 1619 883 προσηκόντων,
1653 808 1913 867 ἔσπευδον
1966 812 2067 868 άλ-

411 901 507 964 λος
537 901 679 957 αλλο
712 924 763 958 τι
797 902 872 964 εἷς
901 907 1093 976 χεῖρας
1122 905 1185 955 τὸ
1219 897 1510 977 ἀλλότριον
1546 900 1689 976 ἔχων
1734 902 1977 973 ὑποσπᾷν
2010 924 2068 957 τε

407 991 499 1046 καὶ
554 991 937 1059 ὑποκλέπτειν,
971 992 1046 1053 ὡς
1096 991 1184 1045 ἐπὶ
1228 990 1373 1045 πολὺ
1418 993 1493 1063 μή
1545 988 1700 1061 ἕξων.
1734 993 1791 1045 Ὁ
1846 992 1938 1063 μὲν
1973 990 2064 1046 οῦν

413 1080 669 1156 βασιλεὺς
694 1083 841 1138 ταῦτ’
874 1082 1041 1137 εἷ’πών
1072 1102 1131 1136 τε
1161 1082 1250 1136 καὶ
1282 1083 1483 1156 πράξας
1535 1080 1624 1137 διά
1670 1083 1883 1158 ταχέων
1936 1081 2065 1137 ἀπέ-

408 1169 606 1226 στελλε
660 1172 799 1247 πρὸς
853 1172 944 1226 τὸν
1007 1170 1264 1244 Καίσαρα,
1299 1168 1415 1225 οὔθ’
1460 1170 1595 1242 ἅπαξ
1639 1168 1732 1226 ἕνα
1771 1169 1895 1226 οὔτε
1939 1171 2067 1235 τοὺς

404 1261 612 1322 πάντας
642 1262 776 1334 ἅμα,
801 1258 949 1315 ἀλλὰ
979 1260 1214 1335 συχνοὺς
1242 1262 1357 1316 καθ’
1389 1260 1597 1335 ἡμέραν
1622 1260 1825 1323 ἄλλους
1860 1262 1940 1316 ἐπ’
1972 1260 2067 1315 ἄλ-

406 1347 553 1418 λοις,
588 1350 703 1422 ἅμα
738 1351 834 1422 μέν
864 1348 1187 1412 πλειστάκις
1217 1352 1352 1424 πρὸς
1385 1349 1592 1405 ἐκείνου
1634 1355 1808 1420 ζητῶν
1866 1351 2066 1424 μανθά-

403 1460 514 1494 νειν
562 1441 688 1510 περὶ
748 1438 1007 1505 ἑκάστων,
1041 1440 1155 1512 ἅμα
1188 1437 1233 1494 δ’
1264 1438 1560 1494 ἐπιτάττων
1610 1440 1700 1494 καὶ
1747 1439 2062 1503 καθιστάναι

407 1527 581 1597 τάκεῖ,
613 1528 688 1591 ὡς
722 1529 838 1601 μετ’
871 1530 936 1582 οὐ
969 1528 1115 1583 πολὺ
1146 1528 1394 1590 κάκεῖνος
1422 1528 1515 1584 σὺν
1571 1535 1689 1593 τοῖς
1738 1531 1871 1607 ἀμφ’
1903 1530 2063 1584 ατύὸν

404 1614 767 1688 ἐπιδημήσων
807 1635 818 1649 ·
854 1617 1258 1693 εὐτρεπίζεσθαι
1312 1618 1416 1693 γάρ
1467 1621 1557 1672 καὶ
1604 1619 1673 1673 τὰ
1716 1623 1823 1673 τῶν
1873 1618 2061 1674 παλα-

401 1707 535 1761 τίων
592 1708 971 1781 προσέταττεν.
1023 1708 1091 1764 Οἱ
1151 1705 1208 1762 δέ
1265 1729 1327 1781 γε
1388 1713 1697 1782 μεγιστᾶνες
1766 1707 1857 1762 καὶ
1908 1706 2057 1762 αὐτοὶ

403 1798 521 1851 καθ’
551 1792 645 1850 ἕνα
692 1797 783 1850 τὸν
840 1796 1041 1851 οἰκεῖον
1103 1796 1438 1852 ἀπέστελλον
1500 1798 1573 1859 ὡς
1633 1797 1957 1868 αἰτήσοντάς
2003 1818 2062 1850 τε

402 1885 491 1939 καὶ
528 1882 881 1957 ληψομένους
914 1885 1009 1947 τὰς
1042 1885 1214 1948 (ἷκίας
1250 1906 1264 1919 θ
1306 1883 1447 1959 μηδέ
1495 1888 1598 1960 γὰρ
1647 1886 1737 1940 καὶ
1789 1884 1938 1947 αὖθις
1987 1886 2063 1941 εἶ-

401 1993 489 2028 ναι
550 1970 833 2048 βραδύνειν
907 1973 1175 2049 βασιλέως
1247 1975 1586 2045 κινηθέντος.
1648 1976 1877 2031 Ἐκεῖνοι
1970 1976 2063 2048 μὲν

402 2061 494 2117 οῦν
555 2061 893 2132 ἐπιστάντες,
952 2062 1133 2128 καθὼς
1182 2061 1407 2126 ἕκαστος
1468 2066 1606 2139 εἶχε,
1653 2070 1773 2127 τοῖς
1829 2085 2061 2139 προστε-

397 2154 695 2226 ταγμένοις
748 2155 829 2227 [Ρ.
888 2156 1007 2227 102]
1059 2158 1379 2230 προσεῖχον.
1409 2156 1470 2211 Ὀ
1501 2153 1711 2229 Καῖσάρ
1758 2175 1817 2209 τε
1848 2152 2061 2227 διένεμε

397 2240 527 2303 τοὺς
576 2239 762 2304 οἴκους
807 2247 924 2304 τοῖς
971 2264 1029 2297 τε
1067 2242 1385 2317 προσώποις
1415 2243 1503 2297 καὶ
1535 2248 1655 2307 ταῖς
1682 2243 1857 2316 ἀξίαις
1888 2265 2061 2318 προσ-

401 2330 670 2401 ηκόντως.
703 2332 863 2403 ’Ἁμα
922 2328 980 2386 δὲ
1038 2332 1129 2387 καὶ
1189 2330 1279 2386 διὰ
1336 2329 1577 2402 σπουδῆς
1623 2337 1887 2408 συνεχοῦς
1918 2333 2055 2408 εἶχε,

403 2417 535 2494 μηδ’
565 2420 819 2475 ἀναπνεῖν
879 2419 1120 2495 έώμενος
1174 2427 1292 2485 ταῖς
1348 2420 1650 2499 φροντίσιν,
1697 2423 1907 2498 ἡμέρας
1961 2423 2053 2495 μὲν

402 2639 592 2678 mante
632 2623 714 2678 rei
763 2621 1140 2694 praefuerunt,
1178 2638 1318 2693 pace
1351 2639 1485 2679 cum
1518 2624 1671 2680 158
1702 2622 1849 2694 ipsis
1880 2623 2050 2691 facta,

402 2711 635 2781 quietos
683 2711 818 2765 illos
850 2725 918 2766 ac
962 2726 1198 2766 securos
1230 2711 1628 2783 reliquissent.
1662 2712 1806 2766 Nam
1842 2712 1957 2766 nisi
1987 2727 2054 2766 ex

398 2799 623 2853 crebris
653 2798 823 2855 bellis
856 2798 1104 2869 penuria
1143 2799 1834 2870 urgeret,continuissent
1854 2800 2055 2870 utique

404 2904 434 2941 a
454 2886 692 2958 templis
709 2888 1103 2943 sanctissimis
1129 2905 1368 2960 rapaces
1393 2888 1848 2944 manus.Verum
1874 2888 2054 2943 exteri

400 2981 664 3045 raptores
699 2992 925 3048 magnae
957 2994 1063 3033 nec
1093 2995 1197 3050 spe
1230 2995 1434 3035 secura
1466 2995 1752 3050 possessas
1774 2979 2057 3033 incuban-

403 3068 496 3119 tes
529 3066 971 3136 praedae,utique
996 3067 1233 3122 assidue
1267 3068 1844 3124 circumsonantibus
1876 3068 2055 3123 minis

400 3153 849 3226 insultibusque
881 3157 1262 3225 repetentium
1284 3161 1339 3212 et
1360 3174 1429 3212 ex
1459 3158 1601 3213 urbe
1638 3160 1800 3229 ipsos
1846 3157 2055 3229 pellere

398 3243 765 3311 conantium,
789 3245 1051 3300 fecerunt
1081 3246 1235 3315 quod
1264 3245 1455 3301 solent
1475 3246 1574 3317 qui
1608 3263 1802 3301 rerum
1832 3246 2054 3301 aliena-

405 3348 540 3387 rum
572 3332 803 3388 brevem
837 3334 1010 3390 modo
1040 3334 1440 3407 furtivamque
1484 3337 1636 3392 nacti
1686 3351 1929 3391 usuram
1980 3335 2054 3391 iis

402 3438 521 3477 non
582 3425 650 3476 ut
680 3421 807 3483 suis
837 3438 903 3477 ac
933 3423 1185 3494 propriis
1212 3430 1482 3494 parcunt,
1514 3425 1616 3480 sed
1649 3440 1781 3479 mox
1812 3424 1923 3479 sibi
1954 3439 2054 3479 ex-

398 3511 765 3581 torquendae
794 3511 1086 3579 arbitrati,
1120 3512 1359 3567 interim
1414 3514 1557 3568 dum
1606 3514 1741 3569 licet
1782 3514 1857 3569 iis
1906 3514 2052 3568 abu-

402 3604 610 3656 tuntur
638 3601 819 3656 veluti
850 3618 986 3656 mox
1018 3602 1357 3657 auferendis
1386 3607 1444 3657 et
1490 3602 1816 3673 profuturis
1872 3602 2050 3671 hosti,

400 3690 557 3761 quod
621 3695 964 3761 praevertere
1021 3692 1422 3747 subtrahendo
1472 3709 1537 3747 ae
1569 3709 1671 3763 pro
1704 3709 1766 3747 se
1798 3693 2052 3763 quisque

396 3778 740 3849 deripiendo
774 3780 1032 3849 prudens
1063 3778 1377 3835 consilium
1410 3781 1720 3851 putabant.
1749 3781 1853 3835 His
1879 3779 2051 3835 dictis

398 3872 458 3921 et
507 3867 655 3922 actis
696 3867 1020 3938 imperator
1045 3869 1209 3923 misnt
1238 3869 1309 3923 ad
1338 3869 1622 3924 Cassarem
1656 3886 1835 3939 quam
1868 3868 2050 3924 celer-

395 3955 545 4011 rime
580 3973 693 4012 non
729 3974 914 4012 unum
946 3957 1128 4013 semel
1162 3963 1264 4013 aut
1290 3974 1495 4013 omnes
1529 3975 1665 4028 una,
1699 3959 1800 4013 sed
1835 3956 2051 4012 multos

389 4044 658 4116 quotidie
703 4046 873 4111 alios,
921 4063 1101 4117 super
1130 4046 1298 4114 alios,
1326 4046 1506 4102 simul
1538 4053 1603 4102 ut
1641 4064 1817 4118 quam
1848 4046 2036 4119 saapis-

387 4132 561 4197 sime,
596 4133 817 4188 mutuis
848 4134 1135 4204 expeditis
1167 4136 1238 4191 ab
1270 4152 1336 4191 eo
1371 4136 1618 4206 nuntiis,
1645 4137 1861 4192 certior
1882 4138 2046 4192 ﬁeret

392 4221 465 4276 de
498 4219 755 4293 singulis
787 4239 911 4292 qua)
951 4223 1031 4278 ibi
1062 4228 1232 4279 erant
1262 4230 1364 4280 aut
1402 4226 1659 4294 ﬁebant;
1709 4226 1883 4281 simul
1936 4226 2047 4281 ista

392 4311 808 4368 mandatorum
842 4313 1173 4384 frequentia
1193 4315 1494 4372 efﬁcacius
1512 4317 1840 4388 urgendum
1866 4316 2048 4372 Cassa-

392 4417 517 4455 rem
552 4404 715 4455 ratus
742 4401 817 4456 ad
848 4405 1230 4475 praeparanda
1259 4404 1316 4460 in
1378 4406 1543 4472 urbe,
1586 4407 1738 4476 quod
1791 4407 2045 4462 maxime

392 4489 645 4557 volebat,
706 4494 918 4547 cuncta
974 4491 1251 4563 proximae
1310 4510 1429 4549 sum
1480 4495 1673 4550 isthue
1706 4495 2041 4567 migrationi

393 4594 535 4634 cum
564 4577 786 4634 familia
820 4584 878 4635 et
908 4581 1194 4637 comitatu
1218 4582 1615 4653 imperatorio.
1649 4585 2041 4650 Quamobrem

2178 638 2309 700 λοὺς
2346 636 2393 693 δ’
2425 640 2765 696 ὑποπτεύων.
2800 642 2899 696 Ἦν
2934 641 3037 717 γὰρ
3083 640 3547 716 ένσεσωρευμένον
3596 640 3832 716 πλῆθος,

2178 726 2469 803 ξύγκλυδες
2521 727 2709 790 ἄλλως
2763 730 2852 783 καὶ
2897 730 3175 803 ἀπόλεμοι
3231 728 3439 805 ἄνδρες,
3467 736 3586 793 ταῖς
3645 733 3835 806 χειρὸς

2178 815 2448 891 ἐργασίαις
2507 817 2870 893 προσέχοντες
2923 840 2935 852 '
2997 820 3151 893 ὅμως
3211 818 3267 874 δὲ
3322 821 3414 875 καὶ
3465 822 3563 890 τὴν
3621 820 3830 875 τούτων

2177 907 2355 982 ὁρμὴν
2420 908 2494 968 ὡς
2545 906 2958 981 ἐπιθησομένων
3015 909 3077 962 τὸ
3128 908 3279 984 [γάρ]
3309 914 3407 963 τοῦ
3439 907 3629 985 γένους
3660 908 3834 964 ἀλλό-

2174 1014 2347 1067 τριον,
2376 995 2438 1050 τό
2495 998 2541 1051 τ’
2573 995 2625 1066 ἐξ
2686 998 2929 1072 ὑπογυου
2977 1006 3335 1073 γυμνωθῆναι
3373 1004 3481 1053 τῶν
3515 995 3709 1070 ὄντων,
3741 1000 3831 1053 καὶ

2176 1085 2310 1159 πρὸς
2338 1085 2400 1139 τὸ
2429 1085 2766 1159 νεωτερίσειν
2798 1086 3036 1158 έτοίμως
3064 1085 3122 1141 ἂν
3155 1084 3302 1162 ἔχειν
3351 1088 3424 1149 ὡς
3479 1086 3541 1141 οὐ
3599 1085 3829 1142 πολλῶν

2174 1178 2279 1228 τῶν
2340 1168 2808 1246 ἀντιστησομένων
2868 1170 3063 1243 ὄντων,
3124 1176 3235 1247 ἅμα
3278 1173 3334 1229 δὲ
3392 1175 3481 1229 καὶ
3543 1177 3617 1248 μὴ
3670 1174 3832 1249 ἀτρε-

2179 1262 2425 1335 μούντων
2460 1260 2558 1333 ἔτι,
2593 1259 2769 1328 ἔπειθε
2797 1261 3047 1320 δεδιέναι.
3078 1266 3237 1318 Ταῦτ’
3267 1264 3320 1318 ἐν
3352 1262 3428 1336 νῷ
3482 1262 3829 1338 βαλλόμενος

2174 1352 2389 1425 ἡμέρας
2441 1353 2533 1423 μέν
2587 1350 2675 1405 διὰ
2729 1352 2963 1423 μελέτης
3015 1354 3131 1427 εἶχε
3177 1351 3560 1408 καταστέλλειν
3592 1354 3655 1407 τὸ
3687 1352 3832 1422 πλῆ-

2176 1451 2292 1510 θος,
2330 1435 2498 1517 φόϐον
2534 1441 3026 1514 ἐμποιῶν,νυκτὸς
3079 1441 3136 1496 δὲ
3186 1439 3481 1497 διατάττων
3530 1441 3659 1503 τοὺς
3710 1438 3826 1496 δια-

2173 1529 2493 1605 τρέχοντας,
2516 1530 2605 1584 καὶ
2665 1533 3046 1606 νυκτεπάρχου
3102 1530 3305 1605 τρόπον
3356 1531 3547 1605 ἀγυιὰν
3599 1529 3827 1601 ἑκάστην

2172 1623 2573 1693 προσερευνῶν,
2640 1621 2715 1693 μὴ
2774 1619 2940 1683 κακὸς
2998 1617 3097 1689 ἔξω
3175 1617 3433 1691 πλανῷτο
3468 1639 3482 1652 °
3542 1623 3826 1693 πανταχοῦ

2172 1707 2273 1783 γὰρ
2304 1707 2595 1763 ἐκέκλαστο
2625 1709 2717 1763 καὶ
2746 1709 2811 1763 τὸ
2840 1713 3049 1783 τεῖχος,
3085 1707 3129 1780 ᾧ
3181 1705 3246 1777 δὴ
3296 1712 3523 1763 τοιαῦτα
3569 1709 3827 1782 πράττειν

2172 1797 2239 1865 ἦν
2303 1794 2651 1872 βουλομένῳ.
2689 1795 2865 1854 Ἀλλᾶ
2920 1798 3035 1851 καθ’
3095 1797 3305 1871 ἡμέραν
3362 1795 3825 1872 ἐπισωρευόμενοι

2172 1883 2399 1950 πλείους
2454 1882 2644 1956 ἔξωθεν
2698 1884 3037 1963 ξυνδιέφερον
3089 1886 3182 1958 μὶν
3223 1884 3318 1946 τὰς
3365 1882 3657 1961 φροντίδας
3691 1883 3826 1939 ἐκεί-

2172 1996 2272 2047 νῳ,
2304 1974 2355 2031 ἐν
2390 1972 2593 2052 ἀφοϐίᾳ
2624 1974 2681 2030 δὲ
2708 1977 2836 2038 τοὺς
2866 1978 3170 2050 ἡμετέρους
3199 1974 3484 2032 καθίστων.

2171 2080 2274 2137 λα’.
2305 2084 2495 2146 Ὅπως
2524 2084 2551 2137 ὁ
2586 2080 2843 2158 βασιλεὺς
2867 2079 3079 2158 sib-nko
3114 2081 3190 2158 sic;
3218 2083 3319 2150 τήν
3351 2080 3515 2137 πόλιν
3552 2080 3687 2153 μετᾶ
3715 2084 3822 2137 τῶν

2666 2156 2792 2228 περὶ
2824 2153 2981 2208 αὐτὸν
3015 2153 3324 2229 ἀρχόντων.

2244 2246 2322 2316 [Ρ.
2360 2246 2485 2317 103]
2515 2246 2575 2302 Ὁ
2627 2241 2683 2298 δὲ
2736 2242 2991 2319 βασιλεὺς
3038 2244 3431 2315 συνταξάμενος
3478 2241 3603 2297 ὅσον
3650 2242 3717 2310 ἦν
3761 2241 3825 2296 τὸ

2168 2333 2291 2409 περὶ
2352 2333 2538 2401 αὐτὸν,
2570 2330 2715 2409 ἔχων
2784 2334 2898 2406 μεθ’
2941 2334 3132 2387 ἑαυτοῦ
3190 2331 3280 2386 καὶ
3328 2334 3427 2399 τὴν
3482 2330 3825 2404 Αὐγούσταν,

2167 2416 2245 2477 ἔτι
2298 2419 2355 2477 δὲ
2401 2421 2584 2478 καὶτὸ
2610 2418 2863 2496 νεογιλὸν
2899 2418 3108 2486 θάλλος
3139 2420 3231 2475 τὸν
3272 2417 3325 2490 ἐξ
3363 2418 3569 2475 ἐκείνου
3600 2415 3825 2493 Ἀνδρό-

2163 2622 2375 2693 gendo,
2426 2622 2513 2677 uti
2562 2626 2619 2676 et
2649 2619 2873 2677 caeteris
2922 2619 3101 2676 simul
3134 2619 3265 2689 ejus
3296 2617 3407 2673 loci
3438 2634 3504 2673 ac
3526 2618 3810 2689 temporis

2164 2712 2349 2777 curis,
2409 2711 2492 2765 ita
2548 2711 2952 2782 occupabatur
2994 2708 3150 2764 159
3209 2712 3273 2762 ut
3331 2706 3662 2779 respirandi
3713 2706 3809 2761 vix

2162 2799 2421 2870 spatium
2454 2799 2713 2868 haberet,
2747 2816 2851 2871 per
2880 2799 3006 2853 dies
3047 2797 3288 2869 quidem
3321 2797 3583 2851 intentus
3615 2796 3805 2857 conti-,-

2164 2890 2367 2943 nendae
2400 2889 2768 2944 multitudini
2805 2889 3077 2955 urbanae;
3110 2902 3238 2956 quae
3283 2901 3416 2939 cum
3449 2901 3480 2939 e
3528 2884 3810 2938 Romanis

2164 2977 2444 3048 [talisque
2493 2980 2806 3046 constaret,
2856 2976 2976 3031 illis
3010 2974 3245 3040 fidebat,
3274 2972 3380 3028 hos
3413 2976 3481 3027 ut
3510 2977 3815 3043 suspectos

2166 3067 2528 3123 observabat.
2562 3067 2699 3122 Erat
2730 3070 2925 3121 autem
2960 3079 3168 3135 magna
3198 3062 3283 3117 vis
3316 3062 3587 3117 confertae
3620 3059 3815 3132 plebis

2163 3156 2456 3212 oolleetitii
2488 3154 2740 3226 generis,
2772 3153 2983 3224 vulgus
3022 3151 3369 3223 plerumque
3402 3148 3661 3216 imbelle,
3708 3166 3815 3221 pa-

2166 3246 2349 3300 rando
2366 3261 2542 3299 manu
2563 3244 2744 3298 victui
2768 3242 2946 3298 variis
2961 3240 3223 3296 artiﬁciis
3248 3239 3810 3295 attendens.Tamen

2165 3339 2221 3388 et
2251 3334 2322 3387 ab
2354 3333 2451 3389 his
2481 3333 2740 3401 cavebat,
2776 3336 2977 3402 utpote
3009 3330 3109 3401 qui
3141 3328 3192 3385 si
3228 3327 3449 3384 efferati
3478 3327 3597 3382 vim
3634 3343 3806 3398 para-

2160 3428 2291 3479 rent
2340 3423 2483 3495 (quo
2546 3423 2922 3478 traherentur
2975 3419 3155 3475 exteri
3187 3419 3255 3473 de
3285 3421 3442 3473 statu
3473 3415 3702 3482 incerti,
3737 3432 3809 3471 ne

2162 3530 2295 3568 mox
2348 3512 2743 3583 spoliarentur
2796 3514 3152 3574 metuentes,
3207 3522 3457 3578 pronum
3503 3505 3670 3575 erat),
3719 3504 3805 3558 vel

2158 3603 2285 3673 ipso
2317 3617 2561 3657 numero
2593 3598 2993 3656 formidabiles
3024 3605 3209 3662 erant,
3260 3612 3396 3651 eum
3446 3594 3657 3649 armati
3690 3610 3805 3647 non

2158 3696 2250 3746 sat
2281 3691 2453 3745 multi
2484 3691 2554 3745 ad
2584 3705 2829 3745 manum
2862 3692 3063 3744 essent
3094 3687 3196 3759 qui
3227 3684 3313 3740 eis
3344 3687 3806 3756 opponerentur;

2158 3796 2339 3849 quare
2388 3784 2689 3850 utcunque
2748 3777 3112 3846 acquiescere
3163 3774 3439 3847 praesenti
3476 3771 3616 3841 sorti
3650 3769 3808 3825 vide-

2154 3868 2395 3932 bantur,
2427 3884 2545 3922 non
2577 3871 2777 3922 tamen
2805 3867 2874 3921 de
2906 3866 2977 3920 iis
3002 3880 3247 3920 securus
3296 3862 3489 3918 Caesar
3518 3864 3663 3927 erat,
3699 3860 3800 3913 sed

2156 3965 2395 4013 eventus
2440 3956 2697 4011 incertos
2747 3961 3050 4026 reputans,
3106 3970 3210 4025 per
3260 3953 3414 4007 diem
3447 3950 3688 4021 quidem
3720 3950 3810 4020 (ut

2157 4047 2350 4101 dicere
2377 4044 2543 4116 ccepi)
2568 4043 2835 4100 sedulam
2873 4044 3051 4098 dabat
3096 4057 3333 4113 operam
3368 4037 3815 4111 compescendis

2158 4135 2350 4191 turbis
2378 4140 2435 4189 et
2463 4134 2702 4189 eoitioni
2734 4132 3138 4188 disturbandas
3170 4129 3565 4201 plurimorum
3602 4143 3615 4192 ;
3652 4128 3806 4199 quod

2157 4225 2579 4295 assequebatur
2592 4223 2813 4295 plateas
2827 4221 3030 4277 obiens
3053 4234 3188 4274 cum
3211 4217 3420 4273 idoneo
3444 4220 3809 4271 armatorum

2152 4315 2456 4379 comitatu,
2516 4330 2583 4370 ac
2639 4309 3107 4368 circumferenda
3165 4324 3269 4377 per
3299 4306 3504 4362 urbem
3552 4304 3811 4359 terriﬁca

2152 4404 2241 4460 sui
2276 4403 2514 4474 .specie,
2550 4406 2775 4457 metum
2836 4398 3041 4455 utilem
3074 4396 3405 4452 incutiens:
3440 4409 3545 4465 per
3575 4396 3805 4447 noctem

2152 4509 2360 4548 rursus
2402 4490 2645 4564 vigilum
2679 4491 2947 4545 cohortes
2978 4503 3217 4544 cursare
3248 4501 3351 4557 per
3381 4484 3535 4539 vicos
3567 4496 3793 4536 omnes.

2152 4580 2275 4636 fora
2306 4585 2362 4635 et
2412 4579 2760 4651 angiportus
2817 4578 2979 4633 obire
3010 4578 3254 4630 cunctos
3291 4572 3537 4643 jubens,
3572 4573 3802 4624 scruta-

386 4666 769 4747 peculiariter
841 4669 1276 4740 praescripserat
1342 4672 1580 4744 purgari
1651 4674 2043 4745 adornarique
2074 4661 2120 4724 Ι)
2153 4671 2322 4740 rique
2365 4668 2679 4739 diligenter
2726 4682 2868 4722 num
2905 4665 3036 4736 quis
3066 4664 3297 4734 uspiam
3329 4661 3503 4715 domo
3529 4673 3805 4747 egressus

388 4755 612 4826 palatia
638 4756 697 4810 in
729 4757 948 4827 quibus
979 4762 1202 4813 veteres
1235 4759 1622 4831 imperatores
1654 4761 2042 4819 habitassent.

390 4842 724 4914 Optimates
779 4846 997 4917 pariter
1047 4864 1148 4918 pro
1181 4863 1243 4903 se
1266 4848 1520 4920 quisque
1551 4850 1903 4907 familiarem
1936 4851 2045 4907 ali-

397 4949 577 5005 quem
629 4934 942 4990 mittebant
992 4937 1231 5008 propria
1276 4938 1356 4992 ibi
1390 4938 1682 5010 cujusque
1714 4945 2046 5008 curaturos,

393 5023 647 5094 petendo
675 5022 903 5080 scilicet
933 5025 1385 5097 recipiendoque
1408 5027 1591 5083 avitas
1610 5028 1873 5100 ipsorum
1896 5032 2049 5086 aades

390 5114 451 5167 et
479 5111 551 5166 ad
586 5111 917 5182 proximam
944 5114 1376 5171 habitationem
1428 5117 1799 5184 instruendo,
1854 5120 2049 5191 provi-

392 5201 603 5256 dentes
638 5200 797 5258 haud
829 5203 941 5259 sibi
970 5204 1056 5260 fas
1098 5206 1219 5261 fore
1258 5206 1524 5261 cunctari
1571 5207 1924 5281 differreque
1962 5224 2048 5264 re-

401 5289 597 5345 ditum
656 5291 716 5345 in
778 5292 1006 5364 urbem,
1067 5296 1307 5366 quando
1362 5295 1703 5367 imperator,
1731 5299 1885 5369 quod
1920 5315 2054 5355 mox

395 5379 696 5436 facturum
727 5384 1066 5453 cernebant,
1100 5400 1166 5440 eo
1199 5385 1311 5440 iter
1341 5386 1713 5443 intendisset.
1740 5388 1917 5444 Porro
1950 5390 2056 5460 qui

396 5468 633 5541 publice
663 5476 768 5527 aut
791 5472 1061 5544 privatim
1084 5474 1466 5530 adormandis
1490 5474 1609 5531 illic
1643 5478 1878 5533 cunctis
1908 5496 2054 5549 prae-

395 5556 535 5612 fecti
566 5564 754 5629 erant,
791 5566 1030 5618 strenue
1062 5567 1238 5634 atque
1268 5567 1488 5619 attente
1531 5566 1835 5636 negotium
1879 5584 2053 5623 cura-

402 5646 550 5703 bant
581 5654 678 5716 ;et
733 5653 922 5707 Caesar
977 5651 1281 5708 dividebat
1325 5655 1533 5708 domos
1581 5656 1851 5726 personis
1879 5662 1937 5712 et
1968 5658 2054 5713 di-

399 5735 757 5809 gnitatibus,
807 5745 981 5812 prout
1011 5740 1226 5815 cuique
1273 5741 1674 5800 conveniebat.
1710 5746 1776 5801 In
1808 5763 1924 5818 quo
1959 5765 2055 5803 ur-

2158 4760 2340 4817 autin
2365 4759 2569 4813 urbem
2604 4773 2705 4828 per
2733 4756 2932 4811 hiatus
2965 4767 3295 4815 murorum,
3329 4749 3427 4819 qui
3462 4746 3631 4801 multi
3687 4762 3801 4799 un-

2154 4848 2331 4918 dique
2347 4847 2626 4917 patebant
2642 4850 2697 4901 et
2717 4844 2943 4901 facilem
2962 4842 3184 4896 dabant
3235 4834 3799 4905 aditum,ingressus

2155 4941 2489 5008 vagaretur.
2542 4936 2824 4990 Caeterum
2875 4929 3141 5003 quotidie
3201 4925 3488 4996 fugientes
3536 4920 3801 4977 conferti.

2160 5044 2274 5099 quo
2307 5026 2563 5097 quisque
2616 5030 2836 5096 posset,
2870 5040 2939 5077 ex
2968 5021 3071 5075 illa
3101 5034 3281 5091 quam
3329 5014 3446 5070 dixi
3499 5009 3810 5068 collectitia

2160 5114 2540 5171 multitudine
2575 5114 2816 5187 plurimi
2868 5118 3027 5184 parte
3055 5105 3475 5164 sollicitudinis
3519 5104 3807 5158 Caesarem

2159 5207 2453 5271 levabant,
2488 5204 2932 5276 securioresque
2956 5200 3280 5258 reddebant
3306 5201 3563 5253 nostros.

2156 5314 2246 5370 31.
2290 5315 2352 5371 Ut
2380 5315 2685 5385 imperator
2718 5311 3111 5385 comitantibus
3142 5305 3489 5385 principibus
3575 5303 3811 5372 ingres-

2729 5400 2823 5438 sus
2853 5382 2910 5437 in
2926 5383 3115 5437 urbem
3145 5381 3237 5434 sit.

2160 5477 2236 5530 At
2315 5474 2634 5544 imperator
2705 5473 2849 5528 satis
2917 5471 3041 5540 jam
3125 5468 3401 5523 omnibus
3471 5459 3814 5533 compositis

2164 5563 2503 5620 universum
2525 5578 2695 5632 quem
2719 5576 2917 5618 secum
2944 5559 3196 5615 habebat
3217 5570 3527 5627 procerum
3550 5568 3616 5607 ac
3647 5547 3813 5604 fami-

2166 5652 2402 5710 liarium
2422 5651 2765 5707 comitatum
2791 5649 3362 5717 ducens,Augustam
3386 5657 3622 5714 quoque
3644 5652 3815 5693 suam

2168 5744 2477 5815 conjugem
2511 5746 2568 5798 et
2599 5741 2768 5814 regiae
2791 5738 2991 5811 stirpis
3022 5743 3290 5792 tenerum
3318 5730 3621 5788 surculum
3656 5745 3723 5784 ex
3746 5741 3814 5781 ca
