4112 6408
311 414 420 469 599

1629 414 1931 470 GEORGII
1970 415 2433 471 PACHYMERE

3634 409 3743 463 600

313 558 491 610 νικον,
525 536 587 590 οὗ
643 533 710 603 δὴ
770 536 856 591 καὶ
917 538 986 608 τῇ
1036 532 1384 609 προσηγορίᾳ
1412 534 1503 588 τὸν
1536 534 1742 609 πατέρα
1792 532 2329 613 οὐκέτἈέξῆρχεν.
2390 538 2451 594 Ὁ
2512 537 2696 611 μέντοι
2753 557 2813 613 γε
2892 522 3147 611 βασιλεὺς
3193 533 3285 588 καὶ
3338 537 3442 587 πᾶν
3493 531 3557 586 τὸ
3612 531 3740 604 περὶ

317 623 448 682 ὅντα
497 624 682 697 ἱτίμα,
717 625 778 679 οὗ
836 624 929 692 τήν
986 625 1210 697 μνήμην
1247 624 1321 685 ὡς
1354 620 1681 701 φιλοπάτωρ
1707 623 1796 678 καὶ
1829 622 1979 699 ἐνόρ-

318 738 437 771 κιον
490 713 569 792 ἐφ’
603 714 810 787 έκάστῳ
868 711 1051 782 ἐτίθει,
1085 714 1175 767 τὸν
1243 714 1406 789 μέγαν
1457 713 1543 767 ἐπὶ
1572 711 1828 788 γλώττης
1885 711 1975 788 φέ-

324 827 433 880 ρων
494 802 845 876 δομέστικον,
906 804 996 857 καὶ
1054 803 1154 871 τήν
1209 810 1308 871 τῆς
1368 802 1681 878 Αὐγούστης
1746 803 1977 877 μητέρα,

321 896 385 963 ἣν
421 893 667 968 μεγάλην
698 892 886 967 κυρίαν
919 892 1056 946 κατά
1084 892 1251 964 τιμὴν
1315 890 1595 964 ὠνόμαζον
1649 893 1701 946 οἱ
1748 890 1975 963 πολλοὶ,

324 983 533 1056 σ·3ναμα
561 983 629 1052 τῇ
671 980 929 1055 γερουσίᾳ
958 981 1102 1054 πάσῃ
1135 981 1226 1034 καῖ
1268 983 1337 1053 τῇ
1387 978 1684 1055 συγκλήτῳ
1735 982 1835 1049 τὴν
1886 980 1971 1035 ἐπὶ

319 1078 424 1141 τῆς
480 1068 695 1131 πόλεως
756 1068 944 1141 ὥδευε,
974 1069 1065 1123 καὶ
1125 1067 1192 1137 δὴ
1242 1078 1687 1143 περαιωσάμενος
1728 1070 1820 1125 τὸν
1850 1069 1975 1125 Ἐλ-

322 1159 627 1231 λήσπεντον
662 1157 862 1223 ἐκεῖθεν
892 1159 1091 1233 ἐχώρει
1122 1158 1258 1233 πρὸς
1304 1160 1366 1213 τὸ
1418 1158 1732 1228 Βυζάντιον.
1767 1157 1975 1215 Ἐλθὼν

322 1248 497 1305 δὲκαὶ
540 1250 639 1317 τὴν
691 1249 939 1321 Χρυσέαν
1000 1249 1181 1319 πύλην
1233 1249 1605 1326 κατειληφὼς,
1638 1248 1747 1303 ἐκεῖ
1803 1250 1978 1319 καθή-

325 1359 479 1411 μενος
530 1336 610 1414 ἐφ’
640 1336 875 1411 ἡμέραις
922 1338 1021 1405 την
1076 1336 1150 1399 εἷς
1202 1336 1363 1393 πόλιν
1416 1335 1826 1410 εἷ’σοδον,δπως
1860 1339 1977 1391 θεο-

322 1426 499 1506 φιλῶς
529 1427 641 1498 ἅμα
687 1426 777 1479 καὶ
842 1424 1276 1503 μεγαλοπρεπῶς
1316 1427 1552 1501 γένοιτο,
1586 1426 1865 1481 ἀνεσκόπει
1922 1448 1980 1481 τε

321 1518 409 1571 καὶ
465 1516 764 1570 συνέταττε.
800 1514 898 1569 Καὶ
954 1513 1018 1584 δὴ
1082 1515 1301 1589 πέμψας
1362 1513 1479 1590 ἄγει
1532 1516 1591 1571 ἐκ
1645 1523 1746 1585 τῆς
1806 1523 1980 1589 μονῆς

322 1610 422 1661 τοῦ
474 1603 920 1680 Παντοκράτορος
967 1606 1065 1673 τὴν
1132 1601 1422 1678 σεδασμίαν
1474 1605 1656 1660 εἰκόνα
1683 1609 1783 1671 τῆς
1812 1607 1981 1680 ἁγνῆς

326 1695 701 1767 Θεομήτορος,
751 1694 811 1761 ἢν
873 1690 1036 1766 λόγος
1094 1688 1248 1769 ἔργον
1315 1694 1408 1767 μὲν
1470 1695 1604 1749 εἶναι
1659 1699 1757 1749 τοῦ
1834 1694 1978 1758 θείου

326 1789 532 1855 Λουκᾶ,
584 1781 755 1836 έκεῖσέ
815 1804 920 1837 που
978 1783 1261 1856 παρούσης
1320 1783 1571 1849 κάκείνης
1624 1785 1714 1838 καὶ
1772 1782 1979 1856 θεωμέ-

2086 626 2245 681 αὐτὸν
2306 626 2557 702 σχολαίῳ
2616 624 2744 682 ποδὶ
2802 625 2891 681 καὶ
2944 624 3311 697 ἀνατεταμένῃ
3366 620 3579 693 διανοίᾳ
3622 624 3741 695 μεθ’

2083 715 2165 770 ὅτι
2192 715 2457 786 πλείστης
2485 724 2588 786 τῆς
2620 716 2756 792 πρὸς
2792 716 2921 772 Θεὸν
2955 713 3452 788 ἀνθομολογήσεως
3488 714 3589 781 τήν
3638 710 3744 765 πό-

2084 801 2169 857 λιν
2221 805 2550 881 εέσέρχεται,
2582 810 2719 879 πεζῇ
2777 802 3013 880 βαδίζων
3064 804 3153 858 καὶ
3201 803 3265 858 τὸ
3310 809 3410 871 τῆς
3461 798 3743 876 βασιλείας

2083 889 2314 969 σοϐαρὸν
2375 896 2450 957 ὡς
2512 896 2588 968 μὴ
2642 893 2867 967 τοιαύτῃ
2940 891 3133 967 τελετῇ
3205 893 3413 968 πρέπον
3492 888 3740 952 συνόλως

2084 982 2493 1056 ἀποτιθέμενος.
2527 991 2625 1041 Ἢν
2682 982 2739 1039 δὲ
2794 982 2917 1037 τότε
2963 982 3053 1037 καὶ
3100 982 3162 1036 τὸ
3212 988 3314 1051 τῆς
3360 980 3574 1054 ἡμέρας
3639 1000 3742 1052 με·

2086 1093 2151 1142 ση
2165 1068 2390 1145 μϐρινὸν
2422 1078 2517 1129 τοῦ
2552 1072 2773 1149 μετρίου
2804 1070 2972 1127 πλέον
3006 1070 3243 1141 έκκαῖον,
3277 1074 3375 1125 τοῦ
3407 1069 3575 1138 ἡλίου
3605 1067 3745 1123 κατὰ

2084 1162 2327 1239 κορυφὴν
2387 1162 2701 1235 ἱσταμένου,
2734 1161 2820 1216 καὶ
2885 1162 2919 1230 ἡ
2972 1164 3079 1215 τῶν
3134 1156 3568 1233 συνειλεγμένων
3601 1175 3739 1230 προ-

2086 1250 2251 1323 θυμία
2309 1252 2446 1326 πρὸς
2491 1252 2555 1306 τὸ
2612 1257 2808 1326 πνῖγος
2860 1247 3271 1324 διεφιλονείκει,
3322 1246 3396 1308 ὡς
3444 1243 3491 1301 ίί
3543 1266 3595 1299 τι
3648 1244 3739 1299 καὶ

2086 1336 2323 1412 συμϐαίη
2358 1340 2830 1415 καταληψομένων
2864 1341 3075 1412 σόναμα
3101 1343 3183 1409 τῷ
3214 1335 3433 1412 βασιλεῖ
3486 1335 3549 1389 τὸ
3602 1333 3742 1409 μέγα

2082 1430 2371 1486 παλάτιον.
2409 1433 2492 1503 [Ρ.
2528 1433 2651 1504 104]
2676 1431 2744 1485 Τὸ
2794 1431 2899 1505 γὰρ
2947 1434 3053 1483 τῶν
3107 1426 3438 1501 Βλαχερνῶν
3492 1423 3597 1478 οὐκ
3653 1423 3739 1478 εὐ-

2082 1523 2305 1592 πρεπῶς
2357 1520 2423 1587 ἦν
2480 1515 2627 1593 ἔχειν
2680 1519 2816 1594 πρὸς
2865 1519 2963 1585 τήν
3013 1521 3121 1571 τῶν
3175 1508 3444 1591 βασιλέων
3474 1513 3744 1582 κατοίκη-

2084 1629 2163 1662 σιν
2204 1628 2216 1641 ·
2250 1607 2412 1683 ἔγεμε
2440 1611 2541 1684 γὰρ
2592 1614 2801 1664 καπνοῦ
2851 1608 2941 1662 καὶ
2993 1606 3218 1680 λιγνύος
3246 1605 3545 1673 Ἰταλικῆς,
3578 1605 3639 1671 ἣν
3689 1604 3741 1658 οἱ

2082 1701 2178 1751 τοῦ
2212 1697 2549 1753 Βαλδουίνου
2575 1695 2921 1752 δαιταλευταὶ
2956 1695 3017 1751 ἐκ
3044 1692 3267 1764 πολλῆς
3315 1700 3414 1763 τῆς
3462 1690 3739 1753 ἰδιωτείας

2085 1785 2290 1841 ἐκείνου
2346 1793 2465 1849 τοῖς
2520 1792 2628 1842 τῶν
2693 1787 3001 1862 ἀνακτόρων
3054 1783 3270 1859 τοίχοις
3341 1783 3740 1857 προσέπαττον,

324 1894 442 1943 νης,
477 1869 654 1947 δῶρον
715 1868 772 1925 δὲ
830 1871 965 1945 μετᾶ
1018 1876 1189 1927 ταῦτα
1239 1874 1478 1948 γενέσθαι
1535 1872 1855 1949 Πουλχερίᾳ
1908 1876 1976 1937 τῆ
2010 1910 2056 1975 Β
2089 1876 2162 1937 ὡς
2224 1872 2380 1951 ἔργον
2434 1877 2569 1931 εἶναι
2622 1878 2719 1945 τὴν
2776 1876 2993 1931 ἐκείνων
3051 1876 3519 1948 κάθαρσιν.”Αμα
3579 1868 3624 1925 δ’
3656 1869 3739 1925 ὅτι

329 1958 570 2037 βασιλίδι
627 1962 774 2036 παρά
820 1968 921 2030 τῆς
977 1960 1195 2039 νύμφης
1252 1961 1421 2031 αὐτῆς
1454 1960 1722 2026 Εὐδοκίας
1775 1967 1875 2027 τῆς
1927 1963 1976 2035 ἐξ

319 2054 570 2123 Ἀθηνῶν
611 2052 702 2106 καὶ
747 2048 1059 2121 δεσποίνης,
1090 2050 1180 2105 καὶ
1228 2049 1403 2127 δῶρον
1451 2052 1751 2127 ἀξιόχρεων
1808 2049 1977 2115 ὅντως

322 2141 383 2196 ἐκ
412 2140 783 2211 Παλαιστίνης
814 2139 1141 2195 ἀποσταλέν.
1175 2141 1303 2195 Ὑπὸ
1346 2138 1412 2210 δὴ
1464 2140 1631 2215 ταύτῃ
1679 2138 1870 2216 ὁδηγῷ
1918 2163 1981 2215 γε

322 2228 485 2305 οὔσῃ,
518 2228 587 2285 δι’
614 2233 681 2299 ἧς
734 2229 1107 2284 ἔπεπιστεόκει
1160 2231 1250 2285 καὶ
1298 2230 1700 2304 ἀπολήψεσθαι,
1736 2230 1978 2286 εἰσελαύ-

322 2342 428 2374 νων
474 2321 573 2390 τὴν
623 2318 788 2374 πόλιν
836 2320 1218 2395 ἀποχρώντως
1249 2319 1436 2395 ἡγεῖτό
1469 2320 1521 2373 οἱ
1568 2320 1719 2394 ἔχειν
1768 2322 1867 2389 τὴν
1906 2319 1982 2383 εἰς

325 2408 534 2479 ἐκείνην
595 2408 886 2483 ἀπονέμειν
943 2407 1127 2483 χάριν.
1161 2410 1385 2463 Ἕταττε
1444 2406 1501 2463 δὲ
1547 2410 1775 2464 καὶτῶν
1809 2408 1982 2463 ἐκεῖσε

327 2499 629 2573 ἀρχιερέων
660 2494 777 2565 ἕνα,
803 2497 895 2551 τὸν
950 2504 1051 2566 τῆς
1086 2497 1315 2566 Κυζίκου
1364 2498 1662 2573 Γεώργιον,
1692 2500 1791 2567 τὴν
1845 2520 1978 2553 στο-

328 2586 431 2657 λὴν
468 2584 767 2642 ὑπενδύντα
796 2587 861 2641 τά
888 2592 988 2656 τῆς
1019 2586 1191 2661 εὐχῆς
1223 2584 1367 2662 ἄγειν
1395 2588 1484 2641 καὶ
1531 2588 1631 2655 τὴν
1690 2588 1820 2664 ὑπὲρ
1869 2593 1977 2643 τῶν

324 2676 719 2751 πραττομένων
753 2673 1100 2749 εὐχαριστίαν
1154 2673 1534 2748 ἀποπληροῦν.
1569 2681 1825 2731 ’Ήνοικτο
1872 2678 1981 2731 τοί-

322 2785 414 2822 νυν
442 2767 479 2835 ἠ
516 2765 725 2842 Χρυσέα
755 2763 903 2834 πύλη
938 2763 1273 2840 χρονία,,καὶ
1321 2763 1612 2841 ἀρχιερεὺς
1656 2772 1759 2834 τῆς
1808 2766 1981 2840 εὐχῆς

322 2968 665 3037 susceptum
698 2964 1121 3032 Andronicum,
1155 2964 1247 3020 cui
1270 2964 1374 3020 tali
1398 2966 1709 3020 tribuendo
1736 2965 1975 3020 nomine

323 3054 617 3110 honorare
679 3054 988 3109 studuerat
1044 3054 1226 3125 patris
1273 3054 1365 3109 sui
1396 3054 1713 3109 Andronici
1747 3055 1974 3110 dudum

325 3144 544 3199 mortui
582 3142 957 3208 memoriam,
993 3160 1092 3215 per
1110 3160 1283 3214 quam
1309 3144 1483 3198 etiam
1508 3144 1761 3214 quadam
1783 3148 1969 3198 osten-

2090 1964 2181 2019 καὶ
2236 1965 2310 2027 εἷς
2370 1964 2665 2044 ἀσφάλειαν
2726 1967 2925 2026 ἱκανῶς
2984 1965 3098 2038 εἶχε
3150 1959 3430 2037 βασιλεῦσι
3508 1958 3743 2035 πρώτως

2092 2048 2309 2109 ἐπιϐᾶσι
2340 2055 2556 2117 πόλεως
2587 2060 2693 2110 τῶν
2728 2055 3066 2129 πραγμάτων
3120 2052 3531 2128 τεταραγμένως
3583 2049 3744 2124 ἐχού-

2089 2164 2210 2213 σης.
2244 2144 2313 2197 Τὸ
2350 2145 2442 2217 μὲν
2478 2141 2571 2199 οὖν
2603 2143 2809 2219 ἡσυχίᾳ
2834 2149 3029 2218 χαῖρον
3058 2146 3155 2196 τοῦ
3187 2138 3391 2214 δήμου,
3420 2139 3540 2208 ἄρτι
3588 2141 3740 2213 πρώ-

2089 2254 2196 2294 τως
2259 2231 2486 2295 βασιλέα
2534 2232 2823 2305 Ῥωμαίων
2885 2232 2935 2286 έν
2996 2236 3111 2292 τοῖς
3170 2230 3487 2305 ἀνακτόροις
3534 2228 3740 2300 θεώμε-

2089 2342 2206 2392 νον,
2245 2318 2557 2395 μεταϐαλὸν
2587 2324 2686 2392 τήν
2723 2317 2981 2394 ἔκπληξιν
3018 2320 3095 2383 εἷς
3130 2319 3304 2395 χαρὰν
3338 2317 3388 2372 ἐν
3422 2317 3637 2373 ἐλπίσιν
3678 2316 3744 2385 ἦν

2088 2416 2184 2466 τοῦ
2236 2409 2438 2467 λοιποῦ
2482 2412 2771 2487 εὐπραγεῖν
2802 2411 2906 2466 ὑπὸ
2934 2408 3114 2482 τούτῳ
3158 2406 3611 2483 βασιλευόμενον.
3647 2414 3745 2460 Δο-

2089 2506 2244 2556 κοῦσι
2289 2499 2345 2555 δέ
2394 2523 2486 2574 μοι
2536 2503 2673 2575 πρὸς
2723 2500 2932 2571 ἐκείνην
2981 2501 3081 2568 τήν
3107 2496 3229 2572 ὄψιν
3262 2498 3349 2552 καὶ
3386 2497 3438 2552 οἱ
3469 2496 3605 2551 κατά
3650 2496 3747 2563 τὴν

2089 2590 2252 2645 πόλιν
2314 2589 2516 2647 Ἰταλοὶ
2575 2585 2971 2663 μεταϐαλέσθαι
3031 2587 3090 2642 ἃν
3154 2585 3244 2642 καὶ
3314 2586 3524 2661 ἀγαπᾷν
3609 2582 3750 2638 οὕτω

2090 2680 2447 2755 πραχθέντων
2482 2678 2649 2752 (μηδὲ
2683 2680 2784 2755 γὰρ
2817 2676 3027 2749 ἀδοξεῖν
3073 2675 3312 2749 τοιούτῳ
3345 2673 3750 2744 δουλεύοντας),

2092 2767 2139 2822 εἰ
2175 2770 2247 2842 μή
2283 2790 2342 2845 γε
2372 2771 2406 2837 ἡ
2440 2770 2577 2823 κατά
2621 2767 2774 2844 γένος
2823 2766 3026 2842 κόρυζα
3075 2765 3149 2829 εἷς
3196 2763 3497 2841 ὀλιγωρίαν
3551 2763 3749 2839 έτύφου

2088 2973 2263 3035 serat,
2317 2970 2512 3025 subito
2572 2973 2774 3041 aperta
2832 2973 2921 3024 est
2954 2969 3120 3038 porta
3152 2967 3366 3031 Aurea,
3398 2968 3455 3019 et
3494 2963 3744 3018 antistes

2088 3059 2409 3115 orationem
2445 3059 2760 3128 inchoavit,
2794 3058 3026 3127 quando
3059 3056 3386 3127 imperator
3414 3056 3471 3109 et
3501 3052 3736 3107 univer-

2087 3164 2190 3203 sus
2251 3150 2377 3218 ejus
2422 3149 2741 3204 comitatus
2774 3146 2936 3218 gravi
2962 3151 3019 3201 et
3047 3146 3214 3200 tardo
3246 3144 3502 3207 incessu,
3536 3145 3736 3195 mente

323 3232 545 3288 tatione
594 3234 750 3287 160
798 3233 991 3287 filialis
1025 3233 1260 3304 pietatis
1292 3232 1467 3304 vulgo
1491 3234 1693 3303 jurare
1726 3250 1975 3289 consuc-
2009 3236 2051 3302 C
2091 3255 2224 3293 vero
2256 3239 2404 3293 161
2444 3239 2501 3291 in
2535 3238 2716 3293 Deum
2751 3237 2988 3307 penitus
3020 3234 3268 3301 intenta,
3308 3228 3739 3287 demississima

326 3328 507 3391 verat,
540 3337 672 3377 cum
704 3320 840 3392 quid
875 3322 1217 3391 afﬁrmaret,
1280 3338 1559 3393 magnum
1595 3323 1981 3377 domesticum

329 3408 553 3481 passim
612 3410 672 3465 in
706 3427 805 3465 ore
836 3410 1085 3479 habens,
1121 3415 1182 3466 et
1209 3412 1486 3480 Augustae
1523 3416 1770 3466 matrem
1805 3427 1983 3481 quam

329 3516 607 3573 magnam
641 3501 941 3558 dominam
968 3503 1230 3573 plerique
1249 3501 1490 3557 honoris
1512 3518 1693 3557 causa
1716 3504 1984 3557 nomina-

332 3590 496 3662 bant,
556 3592 809 3662 denique
861 3608 995 3647 cum
1058 3590 1385 3662 majoribus
1446 3597 1584 3646 natu
1645 3592 1874 3648 cunctis
1932 3596 1988 3647 et

338 3679 611 3736 universo
641 3687 846 3736 senatu
879 3680 937 3734 in
973 3681 1180 3735 urbem
1215 3681 1325 3736 iter
1356 3681 1622 3752 arripuit,
1655 3699 1722 3737 ac
1742 3684 1986 3753 trajecto

338 3768 713 3841 Hellesponto
742 3770 1030 3841 processit
1060 3769 1196 3825 inde
1227 3788 1432 3826 versus
1462 3771 1803 3839 Byzantium
1830 3791 1843 3839 ;
1870 3788 1984 3843 quo

340 3859 688 3929 perveniens
737 3862 795 3915 et
839 3861 909 3914 ad
957 3865 1213 3916 Auream
1247 3859 1478 3916 delatus
1512 3865 1736 3931 portam
1770 3861 1849 3916 ibi
1886 3878 1987 3932 per

343 3946 572 4014 aliquot
594 3948 719 4004 dies
750 3949 1251 4019 substitit,scdulo
1273 3950 1587 4021 providens
1610 3956 1667 4006 et
1691 3950 1986 4007 mandatis

340 4036 695 4106 opportunis
727 4052 941 4093 curans
972 4042 1038 4092 ut
1069 4036 1127 4091 in
1152 4054 1364 4108 ea,qua
1397 4038 1641 4109 parabat
1672 4039 1731 4092 in
1762 4038 1986 4108 regiam

337 4124 626 4181 civitatem
659 4124 1210 4197 invehitriumphali
1240 4127 1630 4199 pompa,nihil
1655 4128 1723 4181 ad
1754 4126 1983 4196 religio-

339 4215 430 4270 nis
463 4214 1011 4284 sanctitatem,nihil
1035 4216 1105 4270 ad
1140 4214 1510 4287 splendorem
1537 4216 1987 4285 magnificentiae

339 4308 536 4375 posset
592 4304 937 4359 desiderari.
992 4304 1148 4358 Inter
1205 4308 1411 4359 caetera
1461 4304 1648 4374 jussit
1695 4304 1888 4359 afferri
1920 4320 1988 4360 ex

339 4393 694 4449 monasterio
730 4393 1161 4448 Pantocratoris
1192 4408 1419 4448 sacram
1469 4392 1782 4464 imaginem
1828 4393 1985 4450 inte-

342 4487 576 4537 meratae
635 4480 735 4537 Dei
795 4482 1018 4551 Matris,
1071 4498 1249 4552 quam
1313 4482 1479 4538 aiunt
1540 4500 1687 4555 opus
1718 4500 1847 4539 esse
1870 4484 1985 4540 divi

340 4573 530 4643 Lucas,
563 4573 692 4643 ejus
727 4571 995 4644 penicillo
1028 4589 1092 4628 ac
1126 4589 1302 4627 manu
1336 4590 1365 4628 e
1396 4573 1626 4629 vivente
1666 4591 1982 4647 coramque
2012 4607 2059 4671 Ι)

336 4666 599 4734 spectata
653 4662 897 4733 Deipara
940 4678 1302 4734 expressum,
1350 4662 1597 4719 missum
1647 4664 1855 4720 deinde
1905 4666 1976 4721 ad

334 4750 703 4808 Pulcheriam
754 4753 1075 4823 Augustam
1134 4751 1207 4806 ab
1267 4752 1448 4822 hujus
1509 4754 1711 4808 fratria
1741 4753 1981 4808 domina

333 4841 592 4898 Eudocia
648 4840 993 4897 Atheniensi
1047 4858 1116 4896 ex
1164 4840 1497 4911 Palwstina,
1555 4843 1773 4897 donum
1810 4842 1981 4915 plane

336 4930 604 4987 mittente
635 4936 690 4986 et
719 4930 1040 5001 accipiente
1072 4930 1341 5002 dignum.
1367 4931 1479 4986 Hac
1508 4932 1654 4988 duce
1688 4937 1980 5003 praeeunte

336 5017 719 5090 ingrediendo
734 5020 1023 5076 civitatem
1044 5037 1220 5092 quam
1237 5022 1363 5091 ejus
1379 5021 1660 5076 beneﬁcio
1684 5021 1795 5076 sibi
1813 5038 1979 5093 aper-

336 5110 458 5163 tam
502 5108 892 5180 traditamque
936 5110 1220 5176 crederet,
1255 5110 1501 5180 putabat
1531 5127 1592 5165 se
1624 5114 1975 5165 testaturum

338 5196 480 5251 satis
528 5196 621 5251 cui
669 5198 816 5251 tanti
865 5214 1177 5254 successus
1227 5199 1474 5270 gratiam
1526 5199 1778 5263 deberet,
1808 5203 1863 5253 et
1895 5198 1979 5254 sic

339 5288 622 5356 quantum
657 5290 855 5356 posset
884 5287 1141 5342 officium
1177 5289 1323 5359 grati
1356 5288 1537 5343 animi
1577 5292 1832 5359 patrona:
1857 5291 1978 5342 tam

335 5372 562 5429 liberali
624 5388 1028 5444 repensurum.
1063 5376 1252 5431 Jussit
1289 5382 1529 5447 praetera
1563 5393 1742 5431 unum
1778 5392 1806 5431 e
1831 5393 1977 5448 pra:-

336 5461 566 5518 sulibus
623 5461 723 5533 qui
774 5463 1034 5517 aderant.
1066 5464 1375 5536 Georgium
1423 5467 1791 5538 Cyzicenum,
1826 5465 1979 5521 stola

337 5550 545 5607 induta
594 5552 912 5608 solemnem
971 5554 1363 5623 precationem
1419 5557 1621 5629 praeire
1662 5574 1727 5612 ac
1771 5573 1975 5612 conve-

337 5641 535 5697 niente
558 5642 827 5713 praesenti
860 5641 1075 5714 gaudio
1117 5643 1439 5715 gratiarum
1474 5647 1702 5702 actione
1732 5647 1839 5701 rite
1870 5647 1974 5702 de-

336 5729 517 5801 fungi.
537 5730 680 5787 Tum
715 5731 1305 5805 denique,postquam
1339 5736 1439 5791 diu
1471 5736 1670 5792 clausa
1696 5752 1973 5817 perman-

2098 3326 2464 3399 professione
2487 3342 2733 3381 summae
2764 3326 2963 3395 gratias
2996 3340 3029 3378 a
3060 3340 3122 3378 se
3154 3339 3257 3395 pro
3289 3327 3404 3377 tam
3440 3319 3739 3389 insperata

2095 3414 2372 3469 felicitate
2422 3413 2661 3469 Numini
2716 3413 2948 3479 debitis,
2999 3412 3293 3467 civitatem
3327 3411 3630 3481 ingressus
3651 3410 3743 3461 est

2096 3504 2345 3576 pedibus
2394 3504 2751 3571 ambulams,
2800 3502 2961 3558 omni
3009 3501 3178 3573 regiae
3226 3497 3555 3571 majestatis
3587 3497 3743 3551 fastu

2094 3593 2252 3648 velut
2278 3593 2380 3649 tali
2405 3592 2766 3649 caeremoniae
2782 3608 2896 3648 non
2923 3595 3284 3663 congruente
3308 3604 3551 3660 prorsus
3574 3586 3745 3657 depo-

2094 3683 2227 3738 sito.
2285 3684 2422 3738 Erat
2476 3687 2618 3738 tunc
2676 3682 2821 3737 hora
2868 3680 3194 3736 meridiana
3243 3682 3301 3733 et
3323 3693 3596 3733 summus
3626 3674 3744 3730 diei

2095 3773 2305 3839 fervor,
2334 3771 2454 3828 sole
2484 3789 2664 3844 supra
2692 3770 2968 3827 verticem
2990 3769 3279 3825 altissimo
3308 3766 3527 3838 ignitus
3547 3764 3743 3819 radios

2092 3861 2377 3919 vibrante.
2438 3863 2659 3918 Tamen
2718 3862 2924 3916 devota
2982 3874 3260 3931 pompam
3315 3855 3740 3912 celebrantium

2094 3950 2367 4007 alacritas
2400 3966 2534 4005 cum
2569 3954 2711 4005 aestu
2742 3948 3116 4005 incommodo
3149 3945 3436 4013 certabat,
3470 3959 3742 4014 unoquo-

2094 4057 2205 4111 que
2238 4040 2524 4111 ipsorum,
2555 4045 2611 4094 et
2640 4043 2905 4115 Augusto
2936 4054 3052 4109 prae
3086 4034 3537 4101 caeteris,subire
3560 4032 3746 4087 liben-

2092 4135 2181 4184 ter
2213 4134 2414 4200 parato
2448 4130 2497 4183 si
2531 4129 2670 4200 quid
2705 4126 3042 4183 detrimenti
3064 4124 3333 4181 valetudo
3357 4127 3655 4195 pateretur
3674 4136 3745 4176 ex

2095 4219 2509 4274 ardentissimo
2539 4217 2666 4273 cmli
2696 4216 2973 4273 verticem
2999 4213 3316 4270 insidentis
3339 4211 3581 4268 meridie
3602 4209 3745 4265 solis

2090 4325 2306 4378 vapore
2334 4307 2604 4377 tolerato,
2638 4308 2776 4361 dum
2809 4305 2893 4360 sic
2930 4304 3088 4360 lento
3122 4318 3328 4374 gressu
3359 4302 3427 4355 ad
3463 4314 3746 4371 magnum

2092 4396 2373 4469 palatium
2411 4397 2700 4461 feruntur,
2734 4394 2997 4449 nondum
3049 4396 3185 4464 apta
3215 4392 3285 4447 ad
3326 4391 3742 4461 imperatorem

2090 4485 2500 4558 excipiendum
2534 4484 2696 4557 regia
2742 4483 3167 4538 Blachenarum
3221 4484 3529 4552 propterea
3579 4478 3739 4548 quod

2092 4576 2211 4631 haec
2243 4576 2517 4631 sordebat
2549 4574 2742 4629 adhuc
2774 4574 2935 4629 fumo
2967 4572 3139 4643 plena
3165 4571 3547 4639 nidoremque
3576 4566 3741 4621 olens

2094 4664 2385 4730 Italicum,
2407 4663 2733 4736 parietibus
2758 4662 2877 4718 illic
2902 4661 3119 4733 passim
3147 4658 3391 4731 fuligine
3413 4655 3740 4728 inquinatis

2091 4771 2193 4826 per
2220 4753 2489 4809 Balduini
2515 4769 2735 4824 coquos
2767 4751 2912 4807 illita
2935 4751 3083 4823 (ipso
3113 4749 3171 4804 id
3196 4749 3350 4804 haud
3375 4747 3553 4819 digna
3584 4743 3742 4816 prin-

2092 4843 2219 4915 cipe
2279 4842 2639 4916 negligentia
2696 4840 2821 4896 fieri
2880 4839 3153 4911 sinente),
3185 4854 3315 4909 qua:
3349 4833 3585 4908 purgari
3620 4832 3737 4888 nisi

2091 4932 2342 5005 longiori
2398 4938 2662 5005 tempore
2720 4934 2777 4986 et
2799 4927 3167 4985 laboriosiori
3218 4942 3396 4998 opera
3444 4921 3737 4993 nequiret.

2092 5021 2375 5078 Praeterea
2401 5020 2503 5076 illa
2522 5018 2719 5092 magni
2739 5018 2937 5090 palatii
2961 5018 3086 5073 visa
3107 5020 3199 5073 est
3221 5014 3484 5071 securior
3505 5010 3737 5067 interim

2092 5112 2261 5167 sedes
2293 5112 2492 5165 futura
2518 5107 2889 5181 principibus
2920 5107 2977 5161 in
3014 5106 3217 5161 urbem
3251 5103 3515 5158 nondum
3569 5099 3739 5172 plene

2092 5205 2358 5272 pacatam
2394 5215 2462 5255 ex
2492 5203 2612 5253 tam
2644 5198 2929 5251 diuturna
2958 5195 3156 5252 hostili
3189 5192 3570 5265 oppressione
3599 5192 3739 5243 tunc

2091 5293 2349 5360 primum
2383 5284 2865 5360 ingressis.Plebs
2898 5300 3069 5355 porro
3102 5283 3295 5355 quiete
3318 5278 3738 5353 gaudens,viso

2089 5382 2215 5433 tum
2278 5378 2536 5448 primum
2595 5376 2655 5429 in
2690 5374 2913 5429 urbano
2973 5373 3189 5445 palatio
3251 5372 3514 5426 Romano
3546 5367 3738 5437 impe-

2089 5472 2302 5534 ratore,
2340 5472 2579 5538 stupore
2616 5465 2675 5520 in
2728 5463 3011 5536 gaudium
3045 5478 3213 5518 verso
3244 5462 3393 5516 bene
3423 5459 3494 5514 de
3527 5461 3735 5513 caetero

2086 5558 2383 5629 sperabat,
2438 5560 2791 5629 proventura
2844 5569 2912 5608 ex
2942 5552 3077 5608 talis
3132 5549 3419 5624 principis
3463 5544 3733 5619 presenti

2085 5648 2373 5719 regimine
2403 5645 2533 5701 laeta
2564 5643 2675 5699 sibi
2707 5646 2923 5697 cuncta
2946 5643 3263 5698 confidens.
3307 5637 3449 5697 Mihi
3498 5650 3735 5709 quoque

2082 5738 2363 5794 videntur
2393 5736 2509 5808 ipsi
2540 5734 2641 5806 qui
2667 5738 3015 5804 supererant
3049 5733 3106 5788 in
3139 5731 3283 5787 urbe
3316 5727 3443 5788 Itali
3476 5727 3547 5783 ad
3580 5726 3732 5782 hanc
