4112 6460
373 426 477 481 601

1433 430 1529 482 DE
1567 429 1940 483 MICHAELE
1978 424 2424 481 PALEOLOGO
2459 427 2594 478 LIB.
2636 429 2707 479 II.

3690 423 3798 476 602

371 550 462 606 καὶ
495 548 682 613 ἄλλως
742 549 794 621 ἐξ
854 549 1096 626 ὑπογύου
1152 552 1218 606 τὰ
1250 548 1398 607 δεινά
1427 551 1719 616 παθόντας.
1754 547 1905 618 Πλὴν
1940 549 2332 618 τε-Αστάτος
2393 548 2742 618 ἐξουσιαστὴν
2796 544 2938 602 εἷίποι
2993 547 3052 601 ἂν
3113 551 3147 616 ἡ
3207 546 3492 617 Ἑλλήνων
3551 544 3794 626 γλῶσσα,

371 638 657 710 λεσθείσης
712 647 811 709 τῆς
868 641 1079 716 ἡμέρας
1113 639 1325 712 ἐκείνης
1356 639 1443 696 ἐπὶ
1485 640 1702 717 κρότοις
1746 639 2033 701 ἐπινικίοις

365 730 457 784 καὶ
492 728 657 792 θείοις
695 726 921 802 ᾅσμασι,
973 731 1073 798 τὴν
1134 730 1228 803 μὲν
1275 732 1440 785 νύκτα
1476 734 1739 808 φρουραῖς
1771 727 2030 805 ἀσφαλέσι

368 815 662 889 διείληπτο
692 818 754 873 τὸ
786 817 1079 875 παλάτιον.

364 976 473 1054 λβ¹.
516 980 707 1042 ’Όπως
738 978 1150 1055 προσηνέγκατο
1204 977 1462 1107 ξασιλεὺς
1491 985 1611 1043 ταῖς
1640 983 1749 1034 τῶν
1784 978 2026 1033 Λατίνων

944 1051 1144 1107 φυλαῖς
1178 1073 1200 1106 ε
1229 1051 1458 1107 σελθών.

944 1051 1144 1129 φυλαῖς
1178 1051 1458 1117 εἰσελθών.

434 1190 656 1267 Πρωίας
698 1189 754 1247 δὲ
787 1190 918 1255 ὅλος
963 1192 1028 1262 ἦν
1079 1193 1218 1267 πρὸς
1261 1192 1506 1269 βουλαῖς,
1540 1190 1690 1253 ὅπως
1718 1212 1775 1245 τε
1799 1192 1865 1245 τὰ
1896 1189 2031 1244 κατά

360 1283 462 1351 τὴν
496 1279 661 1337 πόλιν
707 1284 1048 1354 καταστήσας
1107 1283 1377 1360 ὀχυρώτει
1437 1287 1697 1360 φρουροῖς
1753 1282 1816 1335 τὸ
1877 1278 2025 1347 ἄστυ,

361 1370 455 1426 καὶ
508 1369 660 1434 ὅπως
707 1371 769 1427 ἂν
804 1378 923 1435 τοῖς
955 1370 1175 1428 δοκοῦσι
1206 1378 1313 1428 τῶν
1344 1371 1634 1428 Ἰταλικῶν
1664 1391 1829 1444 γενων
1856 1368 2028 1442 (οὗτοι

363 1456 413 1514 δ’
459 1462 594 1530 ἦσαν
645 1462 956 1517 Γεννουῖταί
1004 1484 1061 1516 τε
1089 1462 1180 1517 καὶ
1228 1462 1501 1519 Βενετικοὶ
1545 1461 1634 1515 καὶ
1664 1459 1837 1535 τρίτοι
1888 1465 2025 1515 Ηισ-

363 1553 535 1623 σαῖοι)
584 1556 768 1626 σοφῶς
815 1552 1324 1628 προσενεγκάμενος
1371 1551 1463 1606 καὶ
1524 1552 1608 1628 ὑφ’
1664 1550 1812 1621 αὐτῷ
1864 1550 2027 1617 ποιή-

363 1658 471 1693 σοι·
537 1638 681 1695 οὕτω
737 1641 836 1715 γάρ
898 1641 958 1695 ἃν
1018 1642 1195 1697 αὐτῶν
1260 1641 1731 1710 ὕποποιηθέντων,
1796 1635 1925 1691 ο¹ίων
1979 1639 2027 1691 τ’

362 1723 532 1783 ὄντων
593 1729 661 1783 τὰ
717 1731 945 1806 μέγιστα
992 1736 1308 1806 συγκροτεῖν
1365 1731 1419 1792 ἐς
1474 1729 1505 1784 ὅ
1559 1750 1609 1783 τι
1667 1728 1759 1783 καὶ
1793 1726 2024 1802 ῥέψοιεν,

358 1816 490 1880 τοὺς
542 1815 750 1881 ἄλλους
810 1820 901 1874 καὶ
964 1822 1040 1893 μὴ
1097 1819 1354 1882 θέλοντας
1412 1820 1660 1895 ἠρεμεῖν.
1722 1818 1877 1873 Ὃθεν
1936 1814 2025 1869 καὶ

358 1905 849 1981 προσκαλούμενος
883 1909 1097 1985 ἡμέρας
1155 1905 1293 1980 ὅλης
1325 1905 1668 1984 ἐχρημὸίτιζε
1707 1906 1773 1960 τὰ
1819 1904 2022 1973 εἰκότα,
2056 1925 2101 1989 Β

361 1996 452 2049 καὶ
484 2000 606 2057 ταῖς
631 2000 739 2051 τῶν
769 1995 1009 2053 ἐλπίδων
1046 1998 1325 2071 ἀμείνοσιν
1385 1998 1596 2053 ὑπέσπα
1624 2017 1683 2050 τε
1728 2001 1829 2063 τῆς
1886 1995 2022 2069 πρὸς

362 2084 495 2146 τοὺς
527 2085 812 2160 ὁμογενεῖς
843 2086 1186 2158 οίκειότητος
1215 2088 1305 2141 καὶ
1334 2088 1451 2141 κατ’
1488 2084 1679 2160 ὀλίγον
1730 2104 2026 2158 προσεποι-

361 2178 500 2245 εῖτο,
532 2172 621 2228 καί
646 2196 708 2249 γε
737 2175 832 2239 τὰς
862 2176 1039 2251 ὁρμὰς
1065 2176 1214 2253 σφίσι
1246 2180 1429 2254 σοφῶς
1451 2180 1568 2237 ταῖς
1590 2175 1809 2250 χάρισιν
1837 2172 2023 2227 ὑπετέ-

364 2283 551 2334 μνετο.
607 2264 677 2319 Αἱ
724 2262 768 2319 δ’
808 2264 944 2334 ἦσαν
994 2265 1045 2320 ἐν
1093 2265 1249 2337 καλῷ
1279 2287 1337 2320 τε
1364 2272 1465 2335 τῆς
1489 2263 1705 2325 πόλεως
1751 2266 2021 2317 κατοικεῖν

359 2347 579 2419 ἀνέδην,
638 2352 796 2407 τόσον
854 2357 951 2408 τοῦ
1008 2353 1179 2409 τόπου
1234 2349 1526 2423 λαϐόντας,
1583 2351 1673 2407 καὶ
1719 2351 1819 2418 τήν
1874 2349 2021 2425 σφίσι

359 2442 568 2512 συνήθη
609 2442 756 2514 τάξιν
794 2444 884 2498 ὑπ’
912 2442 1143 2521 ἄρχοντι
1191 2446 1535 2517 πεμπομένῳ
1586 2445 1668 2516 [Ρ.
1706 2443 1829 2515 105]
1879 2440 2023 2513 παρά

358 2534 459 2584 τοῦ
488 2536 676 2588 κοινοῦ
704 2530 982 2611 συνεδρίου
1029 2538 1125 2590 τοῦ
1178 2536 1369 2609 γένους
1401 2533 1601 2599 αὐτῶν,
1635 2531 1693 2586 δν
1738 2530 1829 2586 καὶ
1859 2550 2020 2584 ποτε·

361 2658 623 2730 speciem
658 2660 847 2717 multo
899 2661 1259 2735 augustioris
1292 2660 1621 2731 majestatis
1652 2659 2021 2729 aliquantum

361 2748 599 2805 deliniri
658 2751 944 2821 potuisse,
998 2768 1063 2806 ac
1097 2769 1212 2807 non
1263 2751 1435 2822 longe
1485 2750 1667 2804 futuri
1715 2746 1898 2802 fuisse
1948 2747 2020 2800 ab

358 2838 795 2910 acquiescendo
842 2840 1116 2912 praesenti
1152 2841 1420 2905 fortunae,
1472 2838 1629 2893 haud
1662 2835 2022 2908 ignominio-

359 2944 496 2984 sum
520 2928 634 2985 sibi
660 2930 940 2986 ducentes
970 2929 1073 2985 tali
1100 2928 1352 3001 principi
1384 2929 1645 2992 subesse,
1676 2925 1789 2980 nisi
1815 2940 2024 2979 rancor

362 3016 668 3089 ingenitus
706 3018 765 3072 in
815 3022 1219 3090 contemptum
1270 3017 1581 3091 potestatis
1625 3014 1849 3071 homini
1905 3030 2019 3068 non

359 3107 455 3164 sui
480 3109 711 3179 generis
735 3109 1064 3164 commissae
1086 3108 1358 3174 traheret,
1386 3105 1708 3179 praesertim
1730 3105 1882 3159 162
1909 3118 2022 3157 me-

362 3213 559 3252 mores
610 3195 1014 3253 calamitatum
1058 3197 1308 3253 recentis
1362 3195 1568 3261 cladis,
1604 3199 1661 3249 et
1709 3194 1907 3264 pejora
1954 3208 2022 3246 ex

2139 636 2331 710 νόμοις
2365 636 2530 701 ἰδίοις
2587 636 2962 713 προσέχοντας
3014 636 3416 703 πολιτεύεσθαι,
3476 634 3719 689 ἀτέλειαν
3753 625 3801 688 δ’

2137 721 2284 800 ἔχειν
2317 726 2407 780 καὶ
2440 725 2749 801 ἐλευθερίαν
2783 726 2862 803 ἐφ’
2914 727 3077 780 ἅπασι
3127 725 3279 779 ναυσὶ
3328 725 3652 800 χρωμένους
3707 724 3797 777 καὶ

2143 815 2620 890 μεταχειρίζοντας
2680 818 2796 870 κατ’
2850 814 3136 889 ἐμπειρίαν
3194 815 3259 869 τὰ
3316 815 3634 889 πράγματα.
3696 811 3795 865 Καὶ

2134 908 2302 959 ταῦτα
2367 905 2463 977 μὲν
2524 904 2863 967 Γεννουΐταις
2920 904 2985 958 τὰ
3033 903 3442 980 ἐπαγγέλματα,
3495 906 3797 962 Βενετικοῖς

2136 991 2194 1048 δὲ
2249 994 2335 1048 καὶ
2398 995 2683 1057 Πισσαίοις
2740 996 2807 1049 τὰ
2865 993 3032 1067 ὅμοια
3079 992 3625 1070 προσεφιλοτιμεῖτο,
3674 996 3793 1052 τοῖς

2140 1084 2233 1156 μὲν
2269 1084 2370 1138 ὑπὸ
2401 1084 2681 1157 παϊούλῳ,
2715 1084 2772 1138 ὅν
2804 1082 3013 1141 ’Ἑλλαν
3049 1083 3107 1137 ἂν
3152 1081 3297 1138 εἶ’ποι
3329 1078 3643 1157 ἐπίτροπον,
3676 1085 3793 1141 τοῖς

2135 1171 2192 1228 δὲ
2250 1174 2531 1237 Πισσαίοις
2589 1172 2899 1245 κονσούλῳ,
2961 1173 3142 1249 ἐφόρῳ
3200 1174 3394 1245 νόμοις
3440 1176 3558 1233 τοῖς
3610 1170 3794 1225 αὐτῶν

2133 1264 2472 1339 χρωμένοις,
2524 1266 2778 1338 πράττειν
2811 1285 2869 1318 τε
2919 1264 2985 1317 τὰ
3036 1262 3211 1318 αὐτῶν
3268 1259 3592 1331 ἀκωλυτως,
3640 1259 3795 1315 ἐλευ-

2134 1354 2304 1430 υὲρως
2352 1351 2719 1417 διαϐιοῦντας.
2782 1353 2934 1424 Πλὴν
2993 1360 3109 1415 τοῖς
3162 1355 3255 1427 μὲν
3310 1350 3647 1412 Γεννουίταις
3694 1350 3793 1404 οὐκ

2134 1446 2251 1520 εἶχε
2300 1446 2572 1501 πιστεύειν
2632 1446 2782 1509 ἐντὸς
2832 1443 3369 1521 περικεκλεισμένοις
3424 1448 3521 1498 τοῦ
3582 1440 3791 1504 ἄστεος.

2132 1535 2368 1599 πολλοῖς
2426 1558 2487 1613 γε
2545 1538 2660 1591 οὖσι
2718 1536 2807 1591 καὶ
2868 1536 2929 1589 οὖ
2988 1537 3105 1590 κατ’
3165 1534 3403 1598 ἐκείνους
3450 1532 3786 1609 ἐμφοτέρους

2131 1626 2387 1699 σύναμαι,
2421 1626 2663 1690 ἐκείνους
2697 1626 2743 1682 δ’
2792 1625 3222 1700 ἠλαττωμένους
3268 1630 3348 1697 τῷ
3406 1622 3609 1693 πλήθει
3644 1623 3794 1684 ἐντὸς

2131 1718 2377 1793 κατέχων
2430 1718 2529 1772 οὐκ
2576 1716 2759 1794 ἤλγει.
2815 1720 2890 1775 Τὸ
2923 1715 2967 1772 δ’
3017 1718 3107 1771 οὖν
3143 1714 3368 1789 διαιρεῖν
3401 1716 3467 1769 τὰ
3494 1716 3652 1789 γένη,
3699 1710 3793 1766 καί

2128 1813 2247 1867 τοῖς
2295 1810 2389 1881 μὲν
2433 1813 2667 1884 παροῦσι
2701 1808 2935 1883 φιλικῶς
2967 1806 3136 1883 ἔχειν,
3176 1812 3293 1868 τοῖς
3350 1803 3405 1860 δὲ
3453 1804 3542 1858 καὶ
3594 1804 3791 1858 ἀποῦσι

2130 1898 2412 1975 πόῤῥωθεν
2477 1898 2676 1973 δώροις
2748 1898 3037 1974 ὑποχαλᾷν
3087 1898 3179 1959 τὰς
3232 1897 3431 1973 ὁρμὰς,
3484 1892 3790 1955 δεικνύντος

2130 1990 2197 2057 ἦν
2257 1990 2332 2051 ὡς
2393 1987 2555 2045 δεδίε·.
2608 1991 2706 2058 τὴν
2770 1989 3102 2064 ὁμαιχμίαν,
3136 1988 3226 2043 καὶ
3290 1986 3503 2060 μᾶλλον
3538 1984 3622 2039 ὅτι
3652 1983 3793 2041 Βαλ-

2137 2077 2349 2142 δουῖνος
2386 2087 2578 2157 φυγαῖς
2622 2084 2977 2156 χρησάμενος
3020 2080 3110 2135 καὶ
3165 2077 3438 2154 Καρούλῳ
3494 2076 3791 2149 συμμίξας,

2136 2167 2286 2244 ἀνδρί
2332 2166 2550 2246 σοϐαρῷ
2598 2171 2687 2225 καὶ
2738 2172 2870 2244 ὑπὲρ
2922 2171 2984 2225 τὸ
3020 2172 3214 2242 μέτρον
3244 2172 3555 2245 φρονοῦντι,
3589 2165 3790 2235 συνήλ-

2135 2257 2297 2314 λαττε
2346 2257 2642 2334 λαμϐάνων
2694 2261 2777 2336 ἐφ’
2809 2264 2912 2333 υἱῷ
2948 2262 3046 2330 τὴν
3082 2258 3288 2314 ἐκείνου
3320 2258 3586 2331 θυγατέρα
3615 2257 3705 2310 καὶ
3740 2257 3792 2310 οἱ

2133 2349 2208 2412 ὡς
2243 2348 2367 2406 ἕδνα
2395 2354 2488 2421 τὴν
2518 2353 2681 2409 πόλιν
2708 2354 2773 2422 ἦν
2810 2354 2912 2407 οὐκ
2939 2353 3053 2427 εἶχε
3077 2348 3284 2413 διδούς.
3315 2352 3373 2407 Ὀ
3423 2347 3464 2404 δ’
3509 2342 3791 2421 ἐλάμϐανε

2130 2440 2220 2495 καὶ
2257 2443 2332 2514 μή
2363 2438 2590 2519 ἔχοντος
2618 2446 2744 2521 παρ’
2775 2442 3001 2513 ἐκείνου,
3034 2440 3275 2511 ἐλπίζων
3309 2441 3383 2504 ὡς
3406 2438 3785 2513 καταλήψαιτο

2133 2531 2328 2589 στόλον
2361 2533 2668 2612 ἐξαρτύσας.

2133 2660 2262 2715 fecti
2296 2678 2329 2716 a
2377 2663 2625 2719 concilio
2658 2664 2849 2734 gentis
2891 2662 3127 2734 publico
3160 2662 3348 2730 missi,
3402 2675 3575 2733 quem
3611 2661 3783 2715 Pote-

2133 2755 2341 2806 statem
2376 2751 2490 2824 ipsi
2523 2756 2751 2819 vocant,
2784 2752 3024 2807 nomine
3073 2751 3447 2822 signiﬁcante
3478 2756 3781 2820 praetorem

2132 2846 2233 2898 aut
2264 2843 2674 2915 magistratum
2721 2860 2919 2899 rerum
2945 2843 3406 2915 judicandarum
3442 2845 3499 2897 et
3526 2841 3785 2896 admini-

2133 2935 2533 3003 strandarum,
2583 2934 2933 2990 auctoritate
2978 2934 3309 3007 praeditum,
3343 2933 3598 3005 propriis
3640 2931 3780 2986 item

2132 3026 2605 3096 obtemperantes
2630 3025 2857 3097 legibus
2884 3043 2898 3093 ;
2930 3028 3208 3097 praeterea
3240 3029 3303 3080 ut
3334 3030 3532 3079 essent
3562 3022 3780 3077 immu-

2132 3130 2235 3168 nes
2269 3114 2420 3169 163
2450 3130 2515 3168 ac
2560 3130 2803 3186 prorsus
2832 3113 3001 3169 liberi
3036 3114 3095 3168 in
3133 3112 3293 3168 omni
3345 3111 3572 3167 ratione
3614 3109 3781 3165 navi—

2130 3202 2382 3273 gationis
2402 3219 2465 3257 ac
2489 3201 2846 3269 commercii,
2872 3203 3106 3274 negotia
3128 3202 3301 3257 solita
3323 3200 3470 3274 ipsis
3488 3198 3782 3254 industria

356 3285 603 3357 proclivi
654 3290 1003 3356 metuentes,
1037 3286 1256 3358 alioqui
1314 3285 1600 3357 superbos
1630 3282 1879 3339 animos.
1905 3280 2017 3335 Cae-

2132 3294 2421 3363 gerentes.
2455 3295 2588 3344 Haec
2621 3289 3033 3345 Genuensibus
3060 3290 3372 3362 promissa,
3406 3287 3642 3343 Venetis
3672 3302 3780 3340 au-

355 3378 550 3431 terum
584 3380 936 3446 consumpta
966 3380 1090 3431 tota
1119 3392 1187 3431 ea
1220 3376 1311 3430 die
1342 3375 1649 3446 plausibus
1680 3369 2011 3441 triumpha-

355 3463 516 3519 libus
548 3468 606 3519 et
638 3465 801 3520 festis
833 3465 1103 3529 canticis,
1136 3482 1241 3537 per
1272 3469 1505 3520 noctem
1539 3465 1879 3534 sequentem
1913 3476 2012 3514 va—

352 3551 473 3608 lido
506 3553 778 3624 praesidio
811 3553 1097 3627 palatium
1132 3558 1366 3626 septum
1399 3559 1509 3609 est.

352 3714 443 3769 32.
480 3715 541 3771 Ut
570 3731 628 3771 se
655 3716 888 3786 gesserit
922 3718 1223 3787 imperator
1254 3732 1377 3771 cum
1405 3715 1642 3787 diversi:
1676 3711 2012 3769 Latinorum

786 3792 908 3860 post
936 3786 1252 3857 ingressum
1283 3789 1341 3841 in
1373 3786 1582 3841 urbem.

431 3917 599 3968 Mane
649 3916 962 3969 consecuto
1005 3917 1195 3969 totum
1248 3929 1311 3968 se
1356 3912 1680 3983 imperator
1726 3908 2014 3981 impendit

357 4002 623 4058 consiliis
646 4006 703 4058 et
724 4003 1249 4059 deliberationibus
1272 4003 1341 4057 de
1363 4001 1587 4073 optima
1610 3999 1832 4055 ratione
1849 4015 2016 4054 cons-

357 4089 644 4147 tituendae
678 4109 743 4148 ac
766 4093 1058 4163 praesidiis
1089 4092 1393 4147 ﬁrmanda;
1418 4089 1687 4153 civitatis,
1712 4089 1899 4159 deque
1919 4086 2013 4142 via

358 4196 425 4235 ac
456 4181 629 4236 modo
668 4180 1022 4237 conciliandi
1057 4186 1234 4252 atque
1264 4180 1322 4235 in
1375 4184 1573 4252 partes
1605 4194 1766 4246 suas,
1818 4177 2010 4249 quoad

298 4292 303 4295 -
358 4273 557 4340 posset
589 4269 735 4335 ﬁeri,
767 4270 1037 4326 trahendi
1062 4269 1388 4342 praecipuos
1412 4284 1675 4340 quosque
1706 4265 1889 4323 Italici
1913 4281 2015 4337 ge-

355 4357 518 4413 neris
548 4356 632 4424 (hi
663 4363 831 4414 erant
862 4359 1227 4425 Genuenses,
1263 4358 1467 4415 Veneti
1496 4363 1552 4413 et
1581 4356 1736 4413 tertii
1770 4355 2016 4424 Pisani):

356 4464 496 4503 nam
539 4447 587 4502 si
620 4447 727 4503 hos
761 4449 870 4504 sibi
913 4448 1295 4514 devinxisset,
1327 4465 1461 4521 spes
1506 4451 1630 4503 erat
1660 4445 1746 4502 vel
1794 4446 2015 4518 pariter

356 4552 707 4593 assensuros
737 4541 793 4592 et
818 4538 987 4608 quasi
1019 4536 1072 4591 vi
1106 4538 1386 4608 quadam,
1418 4536 1633 4590 vellent
1651 4534 1893 4602 nollent,
1927 4539 2013 4589 at-

355 4624 677 4682 trahendos
693 4624 1079 4697 reliquos,vel
1104 4626 1153 4680 si
1178 4623 1549 4680 contumacia
1567 4623 1856 4679 invictain
1880 4624 2012 4679 odio

356 4718 714 4787 perstarent,
764 4719 1099 4771 exarmatos
1142 4729 1345 4769 eorum
1397 4712 1759 4768 discessione
1809 4712 2009 4769 minus

353 4804 635 4875 deinceps
663 4804 733 4859 ad
750 4805 1072 4861 nocendum
1096 4803 1379 4858 valituros
1402 4805 1459 4856 et
1485 4802 1788 4873 quieturos
1812 4817 2009 4857 neces-

352 4893 512 4949 sario
544 4898 805 4949 caeteros.
841 4895 1031 4960 Quare
1060 4892 1133 4948 iis
1165 4893 1237 4947 ad
1287 4907 1349 4947 se
1377 4890 1601 4945 vocatis
1641 4889 2009 4962 alloquendis

352 4982 611 5038 solidum
644 4984 902 5056 sumpsit
931 4983 1108 5051 diem,
1132 4982 1345 5038 idonea
1367 4996 1837 5036 commemorans
1859 4979 2011 5035 deli-

353 5075 589 5132 niendis
621 5075 791 5147 ipsis,
814 5080 871 5131 et
895 5093 999 5147 spe
1021 5077 1467 5130 commodorum
1497 5072 1709 5143 cuique
1732 5071 2007 5143 privatim

353 5163 685 5220 oblatorum
712 5164 1073 5221 abducendis
1094 5182 1126 5219 ιι
1148 5162 1447 5219 communi
1475 5161 1746 5217 universo
1769 5162 2008 5216 Latino-

353 5270 487 5307 rum
520 5253 717 5325 generi
750 5254 1186 5325 conspiratione
1207 5252 1267 5307 in
1289 5251 1490 5307 odium
1515 5251 1868 5306 Graecorum.
1894 5250 2006 5305 Nec

356 5343 506 5398 nihil
540 5344 882 5414 proﬁciebat
913 5343 1030 5399 ista
1060 5359 1273 5415 opera:
1311 5341 1530 5397 sensim
1565 5340 1718 5395 enim
1745 5340 2005 5395 circura-

350 5433 451 5488 bat
484 5432 657 5499 feros,
683 5437 739 5489 et
753 5450 932 5489 saevos
949 5433 1229 5488 iratorum
1246 5432 1503 5503 impetus
1517 5430 1815 5485 beneﬁciis
1830 5429 2006 5485 emol-

348 5522 548 5579 liendo
582 5522 908 5595 frangebat.
944 5523 1092 5594 Ipsis
1124 5520 1701 5594 quippeindulgebat
1724 5525 1787 5575 ut
1816 5521 1876 5575 in
1904 5521 2005 5576 bo-

359 5628 436 5667 no
468 5611 631 5667 urbis
661 5612 788 5667 loco
818 5612 1084 5667 habitare
1114 5628 1320 5667 secure
1352 5614 1612 5683 possent,
1639 5612 1869 5665 tantum
1892 5607 2003 5665 loci

355 5704 717 5772 occupantes
767 5704 1051 5771 quantum
1086 5699 1198 5755 sibi
1251 5700 1520 5755 sufﬁcere
1568 5700 1863 5768 putarent,
1898 5714 2003 5754 sua

355 5788 624 5861 ipsorum
655 5788 892 5862 propria
921 5792 1154 5846 utentes
1182 5786 1513 5861 disciplina,
1546 5787 1659 5844 sub
1689 5803 1829 5844 cura
1855 5802 2002 5860 prm-

2125 3388 2243 3439 tem
2267 3384 2323 3435 et
2346 3379 2578 3434 Pisanis
2600 3378 2763 3450 paria
2777 3378 3053 3434 similiter
3075 3381 3367 3434 ostentata
3390 3381 3778 3445 sunt,nempe

2122 3476 2187 3528 ut
2221 3468 2306 3525 illi
2347 3468 2586 3539 quidem
2640 3468 2751 3523 sub
2805 3467 3005 3538 bajulo
3068 3466 3394 3538 (vocabulo,
3446 3465 3492 3521 si
3528 3464 3586 3518 in
3619 3464 3780 3519 Gree-

2120 3576 2253 3616 cum
2285 3557 3096 3629 interpreteris,praapositum
3122 3555 3413 3627 sonante),
3451 3553 3639 3609 Pisani
3674 3569 3777 3607 au-

2122 3652 2238 3703 tem
2291 3645 2401 3701 sub
2446 3645 2708 3716 consule,
2754 3645 2923 3716 quasi
2978 3645 3140 3701 dicas
3173 3644 3392 3717 ephoro
3437 3646 3541 3698 aut
3588 3640 3775 3707 aedile,

2120 3736 2355 3808 legibus
2387 3734 2652 3806 ipsorum
2685 3734 2940 3807 quisque
2971 3734 3225 3805 prOp'iis
3256 3737 3566 3789 uterentur
3606 3746 3775 3786 suas-

2122 3841 2236 3895 que
2267 3840 2360 3878 res
2392 3827 2632 3894 agerent
2654 3822 3004 3895 prohibente
3036 3822 3290 3894 nemine,
3325 3822 3505 3878 libere
3527 3838 3628 3892 per
3650 3836 3775 3875 om-

2124 3915 2221 3969 nia
2236 3913 2532 3982 viventes;
2561 3916 2834 3968 caeterum
2859 3913 3269 3969 Genuensibus
3294 3912 3436 3969 satis
3457 3913 3636 3967 ﬁdere
3658 3928 3773 3966 non

2120 4006 2344 4073 poterat
2374 4000 2529 4056 intra
2559 4001 2765 4056 urbem
2799 4002 3171 4073 degentibus,
3205 4002 3359 4072 quod
3396 4000 3563 4055 multi
3579 4003 3778 4054 essent

2120 4109 2226 4149 nec
2257 4108 2390 4147 cum
2444 4091 2670 4146 Pisanis
2701 4095 2757 4146 et
2786 4091 3025 4146 Venetis
3066 4090 3463 4146 communiter
3491 4088 3771 4156 viverent,

2121 4182 2222 4238 sed
2257 4197 2397 4237 suas
2429 4179 2540 4235 sibi
2592 4180 2915 4251 separatim
2944 4197 3036 4235 res
3069 4181 3354 4236 haberent
3383 4197 3395 4245 ;
3445 4195 3594 4249 quos
3625 4176 3773 4232 alla-

2118 4271 2284 4335 trari,
2309 4271 2846 4342 cumfapparerent,
2874 4276 2931 4325 et
2962 4269 3146 4342 plebis
3168 4269 3467 4342 proscindi
3490 4266 3773 4323 conviciis

2119 4362 2279 4417 haud
2314 4360 2556 4417 moleste
2589 4360 2831 4425 ferebat,
2865 4360 2949 4415 sic
2981 4360 3113 4419 illos
3144 4359 3317 4430 (quod
3352 4357 3464 4414 sibi
3497 4355 3639 4412 utile
3670 4373 3774 4427 pu-

2117 4450 2304 4521 tabat)
2334 4448 2594 4506 cohiberi
2627 4464 2699 4503 ne
2720 4448 2886 4505 facile
2909 4448 3232 4521 prodirent,
3263 4452 3319 4502 et
3345 4448 3506 4503 intus
3528 4446 3771 4501 detineri

2121 4540 2496 4611 gaudens.Ea
2514 4554 2685 4610 porro
2702 4538 3299 4594 industriatractandi
3313 4536 3769 4609 separatimcum

2121 4644 2481 4699 unaquaque
2516 4632 2713 4699 gente,
2741 4632 2798 4683 et
2829 4628 3216 4699 praesentibus
3264 4628 3501 4700 quidem
3526 4626 3770 4680 benevo-

2120 4717 2362 4774 lentiam
2391 4716 2727 4784 exhibendi,
2754 4717 2954 4789 procul
2979 4715 3593 4773 veroabsentiumiras
3614 4730 3773 4769 exar-

2120 4805 2322 4863 mandi
2352 4804 2524 4860 donis
2558 4804 2757 4860 missis
2788 4808 2844 4859 et
2874 4804 3198 4878 privilegiis
3221 4803 3773 4872 indultis,ejuserat

2123 4897 2224 4967 qui
2258 4895 2594 4951 ostenderet
2626 4894 2945 4950 formidare
2976 4911 3038 4950 se
3069 4894 3363 4949 rationum
3395 4893 3604 4947 harum
3630 4907 3769 4946 con-

2120 5003 2361 5043 sensum
2391 4990 2447 5042 et
2481 4985 2982 5059 conspirationem
3032 4987 3091 5042 in
3123 5000 3494 5042 communem
3537 4982 3770 5056 expedi-

2117 5078 2338 5132 tionem
2367 5075 2671 5145 bellicam;
2708 5094 2884 5149 quem
2917 5076 3003 5131 illi
3046 5077 3240 5148 magis
3299 5075 3647 5130 admovebat
3678 5074 3770 5128 in-

2117 5167 2515 5237 tendebatque
2547 5170 2766 5221 metum
2801 5171 3077 5238 acceptus
3108 5168 3178 5223 de
3211 5164 3491 5221 Balduino
3522 5163 3768 5219 nuntius

2114 5256 2297 5311 istum
2314 5256 2572 5310 referens
2588 5255 2723 5327 fuga
2736 5256 2992 5312 celatum
3007 5257 3078 5312 ad
3094 5256 3254 5313 Carol
3266 5274 3296 5311 u
3309 5272 3506 5328 m,praz
3517 5256 3762 5311 ferocem

2120 5347 2179 5399 et
2227 5360 2579 5416 magnorum
2627 5343 2943 5414 spirituum
2990 5345 3207 5414 virum,
3238 5345 3584 5400 afﬁnitatem
3630 5360 3763 5398 cum

2116 5447 2182 5487 eo
2204 5432 2569 5487 contraxisse
2602 5433 2908 5503 jungenda
2930 5449 3036 5488 suo
3059 5434 3244 5489 Caroli
3288 5433 3431 5501 ﬁlia,
3475 5433 3767 5502 imputata

2114 5520 2171 5574 in
2190 5519 2607 5591 patrimonium
2632 5524 2687 5574 et
2709 5520 3042 5576 maritalem
3067 5522 3262 5576 dotem
3298 5522 3441 5576 urbe
3479 5521 3761 5576 Constan-

2116 5608 2571 5681 tinopoli,quam
2597 5608 2730 5665 licet
2752 5611 2851 5681 qui
2872 5611 3342 5683 assignabatnon
3367 5609 3630 5677 haberet,
3660 5608 3767 5663 ad-

2116 5696 2281 5752 misit
2310 5696 2699 5753 nihilominus
2716 5698 2962 5757 Carolus
2980 5698 3501 5771 libenter,sperans
3521 5713 3583 5754 se
3598 5696 3760 5753 illam

2115 5790 2491 5860 recepturum
2513 5785 2910 5860 classe,quam
2958 5789 3031 5846 ad
3081 5788 3139 5845 id
3154 5788 3441 5860 armabat,
3472 5785 3763 5844 immissa.
