4112 6412
366 383 473 437 603

1684 389 1985 444 GEORGII
2025 386 2490 440 PACHYMERE

3654 381 3794 459 eos

438 504 543 582 λγ“.
587 510 769 573 Ὀπως
815 512 1121 590 ἐτάχθησαν
1174 514 1241 590 τὰ
1277 516 1412 570 κατὰ
1449 516 1548 583 τήν
1590 511 1754 568 πόλιν
1800 510 1947 586 παρὰ
2048 515 2099 581 Α
2128 507 2255 570 τοὺς
2287 504 2674 584 προσελῶντας
2715 506 2775 560 ἐκ
2818 508 2926 559 τῶν
2974 510 3176 579 χωρῶν
3231 506 3321 561 καὶ
3384 505 3460 569 εἰς
3520 503 3793 581 χιλιᾶδας

1050 586 1341 662 βασιλέως.

439 685 660 755 Πρῶτον
693 689 822 758 γοῦν
877 691 985 740 τῶν
1032 686 1240 742 ἐκείνου
1300 685 1474 763 ἔργων
1525 687 1674 748 ἐντὸς
1716 683 1813 740 τοῦ
1855 682 2018 738 πολί-

366 790 570 841 σματος
604 772 729 834 τοὺς
760 774 1012 838 ἐποίκους
1059 776 1291 851 εἰσάγειν
1341 798 1395 832 τε
1441 778 1528 831 καὶ
1582 775 1828 846 οἷ’κίζειν,
1880 772 2016 847 πρὸς

364 863 430 931 τῇ
493 861 735 935 θαλάσσῃ
791 866 1230 938 κατῳκισμένους
1285 868 1346 921 τὸ
1405 866 1704 941 πρότερον,
1768 862 2015 937 δεύτερον

363 947 719 1021 κληροδοτεῖν
769 959 883 1015 τοῖς
935 955 985 1008 ἐν
1030 955 1176 1009 τέλει
1210 955 1363 1020 ἐκτός
1391 978 1448 1010 τε
1477 956 1567 1011 καὶ
1600 954 1749 1015 ἐντὸς
1799 952 2016 1012 πόλεως

359 1037 559 1100 τόπους
588 1039 666 1102 εἰς
714 1043 997 1117 γεωργίαν,
1032 1044 1375 1119 ἐξῃρημένης
1427 1052 1528 1115 τῆς
1565 1045 1639 1105 εἰς
1670 1047 1831 1117 χάριν
1866 1061 2017 1116 γονι-

359 1131 638 1200 κευθείσης
696 1138 813 1194 τοῖς
872 1135 1326 1213 θεληματαρίοις,
1384 1145 1484 1206 τῆς
1515 1135 1731 1190 ἐκείνων
1775 1131 2018 1201 σπουδῆς

359 1218 447 1272 καὶ
508 1220 715 1284 εὐνοίας
760 1220 915 1279 ἕνεκα
943 1232 1046 1302 γῆς
1092 1227 1299 1302 ἀγαθῆς
1359 1226 1434 1289 εἷς
1496 1223 1863 1303 καρπογονίαν
1923 1222 2011 1277 καὶ

360 1310 639 1381 ἆρετὼσης
690 1314 765 1378 εἰς
807 1322 909 1370 πᾶν
951 1319 1013 1372 τὸ
1062 1314 1567 1391 καταϐαλλόμενον.
1622 1318 1741 1373 Ἔτι
1773 1317 1819 1368 τ’
1878 1315 2015 1392 ἀφο-

358 1404 506 1453 σιοῦν
564 1408 683 1465 ταῖς
744 1411 935 1478 μοναῖς
991 1408 1175 1483 ἐτέρας
1234 1406 1381 1480 μάλα
1438 1406 1684 1482 πιείρας.
1749 1406 1851 1460 Ἦν
1910 1404 2014 1478 γὰρ

360 1491 510 1563 αὐτῷ
537 1494 600 1548 τὸ
646 1495 968 1570 σπούδασμα
1023 1499 1113 1553 καὶ
1171 1500 1393 1561 ταύταις
1426 1498 1859 1574 προσαρμόττειν
1917 1497 2014 1557 τὰς

358 1575 481 1651 ἔξω,
542 1585 621 1651 [Ρ.
658 1586 781 1657 106]
833 1584 887 1639 αἳ
920 1585 985 1656 δὴ
1024 1587 1125 1642 ὑπὸ
1158 1586 1357 1660 πολλῷ
1414 1588 1639 1659 πλούτῳ
1668 1585 1785 1639 κατ’
1816 1583 2013 1638 ἄνοιτο·

358 1663 463 1733 λ’ἧν
506 1668 840 1741 παμπληθὲς
901 1673 1185 1748 αὐτάρκως
1242 1674 1465 1749 ἔγουσαι
1520 1678 1627 1728 τῶν
1684 1669 2011 1739 ἐπιτηδείων

356 1756 690 1812 συνίσταντο·
753 1760 899 1815 οὕτω
956 1764 1058 1838 γὰρ
1112 1762 1310 1817 ἐκεῖθεν
1368 1763 1458 1817 καὶ
1514 1762 1710 1822 ταύτας
1766 1762 2011 1827 συνιστᾷν

352 1842 605 1917 ἐγκώκει.
639 1850 829 1923 Τρίτον
861 1858 979 1913 τοῖς
1014 1852 1453 1926 συνειλεγμένοις
1513 1847 1785 1906 ἐκδιδόναι
1842 1848 2011 1902 τόπον

353 1931 435 2011 ἐφ’
467 1935 512 2006 ᾧ
544 1937 773 2006 κτίζοιεν
829 1939 915 1995 ἐπὶ
946 1938 1113 1998 τέλει.
1170 1944 1246 1998 Τὸ
1279 1940 1335 1996 δὶ
1361 1942 1468 2017 πρὸ
1501 1940 1708 1995 τούτων
1741 1937 1829 1993 καὶ
1892 1941 2008 2008 μεῖ-

353 2027 444 2090 ζον
504 2025 729 2100 ἀρήγειν
787 2028 1184 2101 ἐπτὶυέτὶκοῦσόιις
1242 2033 1348 2105 πρὸ
1398 2030 1462 2084 τὸ
1512 2034 1727 2105 πρῶτον
1786 2027 1849 2080 τὸ
1911 2022 2006 2078 δο-

347 2119 462 2167 κεῖν
524 2122 715 2186 μοναῖς
769 2117 944 2188 εἶναι,
1019 2120 1316 2189 ἀνακτίζειν
1375 2141 1431 2175 τε
1490 2119 1580 2173 καὶ
1634 2126 1697 2172 τὸ
1755 2114 2007 2186 πόλισμα

347 2201 488 2255 πάνυ
565 2203 877 2271 σπουδαίως
949 2207 1077 2271 τοὺς
1151 2210 1257 2265 ἀπὸ
1326 2212 1671 2283 στρατιωτῶν
1733 2202 2004 2281 ἐλαφροὺς

348 2290 651 2366 εἰσάγοντα.
716 2294 873 2367 Μηδέ
920 2299 1021 2374 γὰρ
1073 2300 1377 2373 ἠρεμήσειν
1430 2298 1605 2360 οὕτως
1654 2294 2002 2368 ἐξελαθέντας

345 2381 471 2443 τοὺς
510 2384 628 2457 πρὶν
679 2384 1029 2461 κατέχοντας,
1084 2386 1233 2443 ἀλλὰ
1290 2387 1474 2461 στόλῳ
1531 2384 2001 2453 συνεπιθήσεσθαι.

348 2475 441 2543 Τῷ
495 2493 580 2527 τοι
644 2474 735 2529 καὶ
793 2475 988 2532 στόλον
1044 2476 1265 2553 ἐξήρτυε
1317 2478 1406 2533 καὶ
1469 2477 1854 2550 ἐναυπηγεῖτο,
1913 2470 2004 2527 καὶ

453 2676 541 2731 33.
579 2678 643 2733 Ut
672 2693 759 2732 re:
793 2678 948 2733 urbis
972 2679 1248 2737 ordinatae
1296 2680 1411 2735 sint
1435 2681 1503 2736 ab
1539 2679 1889 2751 imperatore.

418 2764 681 2819 Primum
733 2766 1106 2837 imperatoris
1139 2769 1346 2824 urbem
1405 2767 1654 2839 ingressi
1705 2782 1855 2837 Opus
1888 2762 2002 2818 fuit

348 2854 767 2910 suburbiorum
786 2856 1200 2928 inquillinosin
1218 2857 1818 2926 urbeminducere,ad
1843 2871 1999 2909 mare

350 2941 514 3012 prius
548 2942 918 2999 habitantes:
945 2947 1270 3002 secundum
1294 2947 1646 3003 distribuere
1670 2946 1826 3000 164
1846 2945 1996 3013 Opti-

348 3032 605 3087 matibus
638 3033 1005 3090 hereditaria
1036 3037 1190 3092 bona
1215 3037 1373 3093 intra
1402 3042 1459 3092 et
1487 3042 1650 3092 extra
1678 3034 1994 3101 civitatem,

346 3119 552 3175 domos
583 3127 638 3175 et
670 3138 840 3193 agros
874 3125 942 3179 ad
996 3125 1312 3191 culturam,
1348 3129 1646 3196 segregata
1686 3128 1879 3178 tamen
1930 3140 1998 3178 ea

2129 594 2314 652 ἔταττε
2341 595 2586 657 πλείους.
2619 592 2801 651 νΑΛλα
2830 614 2886 648 τε
2927 591 3115 648 πολλά
3167 596 3521 668 κατέπραττε,
3571 596 3639 651 τὰ
3691 596 3791 667 μὲν

2124 686 2260 739 κατὰ
2290 686 2493 760 χρείων
2520 685 2586 738 τὰ
2617 681 2674 738 δέ
2703 683 2821 757 καὶὸ
2846 684 2961 737 κατ’
2995 678 3282 754 ἔκπληξιν,
3324 682 3790 759 προαναστέλλων

2124 775 2217 836 τὰς
2249 775 2533 837 ἐπιθέσεις.

2127 880 2229 937 λδ’.
2274 884 2493 939 Ὀποῖαι
2543 883 2677 951 ἦσαν
2730 881 2782 934 αἱ
2814 879 2938 953 περὶ
2988 884 3100 956 τοῖ’)Δ
3119 880 3465 956 πατριάρχου
3506 881 3788 954 Ἀρσενίου

2599 958 2706 1008 τῶν
2739 951 3043 1027 ἀρχιέρεων
3080 951 3296 1026 βουλαί.

2196 1046 2294 1099 Ἰῐν
2366 1040 2422 1097 δὲ
2488 1040 2589 1116 ἄρα
2670 1039 2839 1114 μέλον
2916 1041 3101 1114 ἐκείνῳ
3158 1042 3247 1096 καὶ
3305 1048 3406 1111 τῆς
3456 1040 3789 1112 Ἑκκλησίας

2126 1131 2268 1188 οὕτω
2342 1133 2744 1206 κεχηρωμένης
2804 1129 3089 1204 ποιμένος.
3154 1138 3362 1206 Συνῆγε
3417 1131 3598 1186 τοίνυν
3655 1130 3786 1193 τοὺς

2123 1223 2385 1297 ἱεράρχας
2439 1221 2530 1275 καὶ
2590 1218 2816 1293 βουλαῖς
2872 1219 2966 1273 σὺν
3024 1218 3208 1275 αὐτοῖς
3264 1219 3491 1294 ἐχρῆτο,
3522 1221 3585 1275 τὸ
3616 1241 3787 1290 ποιη-

2120 1314 2242 1366 τέον
2300 1310 2475 1375 θέλων
2539 1309 2841 1382 μανθάνειν.
2903 1314 3028 1371 Τοῖς
3089 1310 3185 1383 μὲν
3242 1310 3333 1364 οὖν
3376 1305 3552 1363 ἐδόκει
3582 1308 3786 1364 ἀνακα-

2124 1398 2332 1455 λεῖσθαι
2406 1394 2482 1453 ἔτι
2560 1398 2819 1472 περιόντα
2875 1399 2966 1452 τὸν
3047 1400 3396 1472 πατριάρχην
3454 1399 3781 1472 Ἀρσένιονο

2126 1486 2267 1562 μηδὲ
2296 1489 2399 1562 γὰρ
2443 1491 2741 1548 κανονικῶς
2770 1481 3045 1562 προϐῆναι
3102 1488 3169 1541 τὰ
3212 1489 3330 1542 κατ’
3384 1486 3607 1541 ἐκεῖνον·
3672 1484 3783 1541 ἔδει

2120 1579 2219 1654 γὰρ
2279 1578 2553 1650 ἐπιμένειν
2606 1574 3083 1651 παρακαλοῦντας,
3135 1577 3224 1631 καὶ
3289 1578 3364 1649 μή
3426 1575 3511 1646 ἐᾷν
3574 1597 3785 1651 παρευ-

2122 1667 2214 1731 θῦς
2269 1664 2596 1741 ἀνέγκλητον
2660 1662 2807 1721 ὄντα.
2865 1668 2993 1727 Τοῖς
3052 1664 3109 1719 δὲ
3136 1663 3451 1739 τοῦμπαλιν
3486 1664 3645 1720 αὐτὸν
3681 1665 3779 1737 μὶν

2125 1756 2300 1829 μένειν
2362 1756 2442 1832 ἐφ’
2501 1757 2583 1817 οἷς
2635 1756 3020 1831 κατέγνωστο’
3083 1755 3275 1824 ἱκανὴν
3333 1756 3435 1831 γὰρ
3497 1756 3629 1809 εἶναι
3686 1756 3778 1809 καὶ

2123 1845 2199 1907 είς
2228 1844 2555 1919 παραίτησιν
2587 1845 2688 1912 τὴν
2742 1842 3077 1919 ἐκχώρησιν,
3128 1843 3217 1898 καὶ
3248 1845 3309 1898 τὸ
3341 1844 3662 1916 ἀξιούμενον
3700 1845 3779 1916 μὴ

2118 1931 2531 2009 καταδέχεσθαι,
2568 1930 2694 1987 ἀλλ’
2724 1932 3068 2005 ἀποπέμπειν
3126 1931 3253 1995 τοὺς
3313 1932 3649 1997 ἱκετεύοντας
3680 1930 3781 2003 δη-

2117 2019 2343 2082 λοῦντος
2403 2021 2468 2089 ἦν
2531 2021 2604 2082 ὡς
2651 2018 2919 2094 ἀπολέγοι
2977 2020 3076 2089 τήν
3137 2018 3489 2093 προστασίαν.
3550 2019 3777 2075 Τούτων

2116 2110 2259 2164 οὕτω
2288 2113 2626 2181 κινουμένων
2683 2108 2770 2163 καὶ
2819 2108 3152 2184 λεγομένων,
3188 2110 3214 2162 ὁ
3250 2107 3507 2184 βασιλεὺς
3536 2108 3625 2163 καὶ
3666 2108 3781 2181 ἆμ-

2115 2200 2368 2276 φοτέροις
2426 2198 2695 2270 τιθεμένῳ
2752 2197 2907 2270 ἐῴκει
2959 2195 3303 2271 προμηθείας
3356 2203 3455 2265 τῆς
3504 2198 3622 2251 κατ’
3681 2196 3782 2252 αό-

2112 2290 2203 2345 τόν
2262 2288 2459 2345 ἓνεκα.
2520 2286 2588 2341 Τό
2644 2307 2703 2341 τε
2754 2286 2855 2361 γὰρ
2934 2285 3137 2340 ἐκεῖνον
3201 2287 3624 2359 μετακαλεῖσθαι
3681 2287 3775 2341 καὶ

2116 2378 2331 2455 ἐφιστᾷν
2407 2381 2525 2438 τοῖς
2602 2373 3077 2445 ἐκκλησιαστικαῖς
3135 2375 3447 2451 πράγμασιν
3510 2376 3566 2431 εὖ
3625 2374 3774 2451 ἔχειν

2114 2466 2314 2539 ἐδόκει,
2376 2466 2422 2520 εἰ
2488 2467 2579 2521 ὑπ’
2630 2462 2821 2538 ἐκείνῳ
2878 2468 3309 2539 πατριαρχοῢντι
3366 2464 3433 2520 τὰ
3460 2466 3597 2522 κατά
3626 2466 3774 2540 γνώ-

2113 2668 2343 2725 cunctis
2392 2666 2657 2739 undique
2707 2666 3069 2737 regionibus,
3118 2668 3191 2722 ad
3237 2668 3423 2723 multa
3476 2669 3770 2741 remigum

2111 2759 2296 2814 millia
2326 2757 2695 2813 centuriavit.
2748 2756 2924 2812 Plura
2953 2773 3189 2829 quoque
3219 2758 3346 2827 ejus
3394 2758 3625 2829 generis
3654 2759 3776 2815 alia

2113 2848 2268 2914 fecit,
2324 2847 2537 2919 partim
2574 2846 2644 2900 ad
2690 2862 2864 2901 usum
2915 2862 3117 2901 verum
3179 2846 3543 2902 imminentis
3608 2848 3773 2914 belli,

2113 2937 2326 3007 partim
2359 2936 2430 2990 ad
2464 2936 2745 3006 speciem,
2797 2952 3044 3007 sperans
3075 2940 3295 2990 terrore
3327 2936 3451 3007 ipso
3484 2938 3625 2992 varii
3663 2955 3765 3010 ap-

2113 3030 2354 3095 paratus
2385 3027 2443 3078 et
2472 3028 2770 3079 ostentata
2800 3023 2935 3078 inde
2968 3024 3323 3080 confidentia
3368 3041 3429 3080 se
3459 3043 3763 3098 repressu-

2113 3131 2245 3169 rum
2278 3130 2412 3184 spes
2444 3114 2696 3168 audaces
2746 3113 3106 3169 inhiantium
3149 3114 3281 3170 urbi
3333 3116 3668 3171 Latinorum
3704 3122 3765 3171 et

344 3213 509 3278 parte
541 3226 712 3279 quam
749 3211 806 3266 in
840 3214 1043 3284 gratia:
1067 3213 1190 3270 loco
1222 3214 1433 3270 eximie
1448 3212 1795 3269 voluntariis
1814 3228 1996 3267 reser-
2027 3206 2070 3274 C
2112 3220 2320 3260 novam
2356 3202 2415 3257 in
2448 3219 2577 3258 eam
2605 3202 3033 3273 expeditionem
3065 3205 3417 3273 parentium.

340 3303 596 3365 vaverat,
630 3300 935 3370 praamium
969 3302 1239 3358 debitum
1262 3303 1455 3359 studio
1486 3308 1543 3357 et
1574 3299 1996 3356 benevolentiae

343 3379 606 3455 ipsorum
636 3407 648 3445 :
682 3394 807 3446 erat
856 3396 1053 3447 autem
1089 3392 1190 3448 illa
1222 3394 1409 3465 portio
1459 3398 1629 3447 terrae
1675 3391 1908 3462 Optimae
1940 3394 1997 3445 et

341 3474 595 3532 inomni
624 3479 917 3535 fructuum
942 3498 1155 3552 genere
1189 3483 1418 3537 feracis.
1446 3481 1682 3553 Excepit
1712 3485 1770 3535 et
1802 3485 1994 3550 partes

342 3565 491 3620 alias
522 3569 902 3624 monasteriis
950 3569 1113 3625 valde
1146 3572 1417 3642 pingues.
1452 3572 1588 3625 Erat
1625 3576 1819 3626 autem
1853 3571 1903 3624 ei
1934 3568 1991 3623 in

342 3644 542 3700 animo
568 3649 921 3704 monasteria
950 3650 1261 3706 urbanaiis
1274 3667 1405 3722 quae
1420 3651 1601 3706 multa
1615 3654 1771 3706 extra
1786 3651 1991 3705 urbem

339 3732 516 3787 variis
542 3751 642 3804 per
660 3737 955 3793 Orientem
980 3738 1123 3794 locis
1136 3740 1479 3795 visebantur
1499 3740 1666 3808 ditia,
1692 3745 1748 3795 et
1771 3755 1993 3809 magna

343 3822 711 3880 multitudini
741 3825 963 3883 alendae
994 3830 1150 3900 quod
1183 3830 1477 3886 sufﬁceret
1524 3830 1821 3897 habentia,
1857 3846 1993 3885 con-

337 3911 610 3983 jungere,
643 3914 728 3969 sic
760 3915 881 3971 fore
930 3921 1253 3974 autumans
1285 3923 1351 3974 ut
1379 3935 1446 3974 ex
1478 3919 1795 3975 alterorum
1829 3916 1995 3989 copia

343 4002 886 4079 alteroruminopiaa
909 4007 1354 4077 subveniretur;
1384 4026 1561 4081 quam
1581 4009 1860 4081 Optimam
1886 4025 1993 4079 pu-

342 4092 507 4148 tabat
538 4098 1030 4153 monasteriorum
1065 4100 1227 4154 urbis
1258 4105 1414 4156 recte
1445 4088 1992 4156 constituendorum

341 4181 650 4239 rationem.
705 4185 924 4242 Statuit
971 4204 1207 4259 quoque
1253 4193 1318 4244 ut
1365 4190 1619 4245 evocatis
1663 4190 1735 4244 ad
1788 4190 1994 4245 urbem

340 4270 829 4341 frequentandam
862 4277 1314 4350 assignarentur
1346 4279 1470 4334 loca
1492 4279 1551 4333 in
1577 4278 1791 4350 quibus
1814 4280 1993 4334 aediﬁ-

342 4365 561 4427 carent,
592 4367 748 4418 certo
773 4364 992 4421 indicto
1010 4366 1275 4438 vectigali
1297 4368 1452 4438 quod
1489 4368 1626 4423 ﬁsco
1650 4370 1992 4439 penderent.

341 4450 490 4505 Ante
519 4450 636 4505 haec
690 4456 747 4507 et
786 4452 945 4509 aliud
995 4454 1256 4511 instituit
1308 4459 1501 4528 majus
1551 4464 1998 4531 memoratuque

342 4537 604 4609 dignius,
650 4540 972 4598 decernens
1002 4544 1273 4601 videlicet
1304 4550 1496 4619 utope
1517 4563 1583 4603 ac
1605 4548 1796 4604 favore
1837 4549 1995 4620 regio
2025 4585 2072 4649 Β

330 4627 683 4697 juvarentur
710 4635 961 4686 conatus
993 4648 1195 4688 eorum
1229 4634 1329 4706 qui
1362 4636 1606 4707 antiqua
1633 4637 1994 4694 monasteria

340 4714 605 4773 desolata
624 4718 711 4774 vel
735 4719 1031 4777 destructa
1047 4723 1356 4780 restituere
1380 4724 1439 4780 in
1458 4726 1773 4797 pristinum
1796 4725 1993 4798 splen-

341 4804 543 4861 dorem
603 4814 898 4865 curarent.
961 4812 1237 4867 Incubuit
1293 4812 1468 4869 etiam
1520 4815 1715 4871 studio
1765 4815 1991 4887 ingenti

339 4895 632 4951 moenibus
680 4898 844 4953 urbis
889 4899 1291 4956 instaurandis
1354 4902 1823 4975 reﬁciendisque,
1874 4922 1992 4977 qua

337 4982 570 5040 hiarent
592 4990 691 5041 aut
718 4987 907 5042 labem
925 4989 1205 5059 tacerent,
1222 4991 1990 5064 imponendisqueturribus

339 5087 405 5125 ac
451 5076 910 5145 propugnaculis
955 5078 1027 5133 ad
1091 5079 1419 5135 custodiam
1470 5097 1647 5136 manu
1700 5083 1987 5154 promptis

333 5163 739 5235 expeditisque
771 5166 1083 5223 militibus.
1118 5168 1272 5225 Satis
1300 5170 1455 5226 enim
1490 5170 1852 5244 intelligebat
1874 5174 1987 5229 mi-

334 5252 492 5307 nime
523 5254 831 5324 quieturos
860 5258 1064 5327 pulsos
1095 5260 1231 5315 inde
1255 5260 1451 5331 Italos,
1478 5263 1579 5318 sed
1602 5263 1785 5320 classe
1808 5281 1985 5337 quam

331 5341 591 5413 primum
626 5348 853 5400 armata
882 5351 1168 5403 venturos
1199 5350 1269 5404 ad
1319 5352 1821 5423 recuperationem
1853 5358 1983 5410 ten-

333 5431 575 5486 tandam
627 5430 710 5487 sic
770 5434 1002 5489 amissaa
1061 5436 1246 5493 urbis.
1299 5441 1486 5505 Quare
1543 5446 1600 5496 et
1630 5442 1756 5514 ipse
1808 5442 1983 5500 classi

332 5512 683 5582 apparandis
717 5514 1194 5587 mdiﬁcandisque
1218 5521 1464 5577 navibus
1496 5512 1734 5594 operam
1759 5522 1983 5594 impen-

331 5598 431 5655 dit.
469 5600 541 5653 Et
584 5599 641 5656 in
676 5602 883 5660 navale
929 5603 1322 5663 ministerium
1352 5626 1383 5665 e
1427 5609 1808 5668 multitudine
1853 5630 1980 5685 quas

320 5685 394 5751 in
453 5686 683 5759 urbem,
742 5706 811 5747 ex
865 5708 982 5765 quo
1034 5697 1160 5750 erat
1217 5702 1469 5770 recepta,
1527 5707 1905 5759 concurrerat
1950 5718 1980 5760 θ

2172 3345 2260 3400 34.
2298 3342 2643 3400 Deliberatio
2674 3342 2991 3399 antistitum
3020 3345 3084 3400 de
3115 3345 3438 3417 patriarcha
3465 3344 3709 3399 Arsenio.

2171 3470 2321 3527 165
2359 3468 2520 3524 Curae
2554 3485 2787 3540 quoque
2821 3469 3163 3542 imperatori
3195 3471 3307 3526 fuit
3338 3473 3529 3526 status
3563 3468 3759 3524 Eccle-

2104 3560 2206 3618 siae
2233 3564 2375 3615 tunc
2394 3558 2651 3613 viduatae
2678 3563 2934 3629 pastore.
2966 3560 3351 3631 Congregavit
3372 3577 3511 3633 ergo
3537 3559 3759 3631 episco-

2100 3667 2229 3723 pos,
2255 3653 2312 3704 ot
2339 3648 2662 3703 sententias
2686 3665 2888 3704 eorum
2911 3649 3250 3720 exquisivit,
3276 3650 3416 3721 quid
3438 3666 3587 3722 opus
3608 3652 3765 3704 esset

2104 3740 2255 3794 facto
2280 3738 2505 3813 discere
2537 3737 2803 3808 cupiens.
2834 3738 3010 3793 Erant
3041 3738 3099 3793 in
3128 3738 3202 3793 iis
3235 3739 3454 3810 quibus
3477 3736 3762 3794 Arsenius

2102 3827 2472 3884 revocandus
2535 3827 2606 3881 ad
2669 3827 2867 3881 sedem
2928 3827 3381 3898 patriarchalem
3441 3828 3760 3883 videretur.

2100 3916 2409 3987 Negabant
2438 3914 2597 3969 enim
2621 3914 2899 3969 canonice
2932 3916 3145 3970 factam
3178 3916 3307 3987 ejus
3339 3916 3764 3972 exauctoratio-

2102 4022 2238 4061 nem
2266 4003 2513 4075 :quippe
2536 4001 2771 4057 aiebant
2790 4004 3127 4074 oportuisse
3151 4004 3409 4076 amplius
3425 4010 3765 4076 exspectare

2101 4098 2416 4167 postquam
2446 4091 2543 4147 ille
2573 4090 2856 4147 invitatus
2888 4094 2958 4147 ad
2991 4093 3242 4148 reditum
3276 4094 3484 4160 fuerat,
3511 4109 3615 4149 nec
3639 4098 3761 4149 tam

2101 4184 2315 4256 cupide
2334 4182 2644 4254 procedere
2676 4183 2745 4237 ad
2779 4184 2908 4253 ejus
2942 4200 3044 4238 nec
3075 4186 3335 4240 accusati
3368 4202 3475 4240 nec
3498 4184 3761 4240 damnati

2102 4271 2549 4343 depositionem.
2586 4270 2700 4325 Alii
2722 4274 2927 4327 contra
2949 4272 3226 4328 dicebant
3252 4275 3396 4329 satis
3419 4274 3760 4329 constitisse

2100 4362 2171 4416 de
2222 4360 2334 4415 ﬁxo
2366 4361 2496 4430 ejus
2547 4364 2605 4414 et
2636 4360 3001 4416 irrevocabili
3053 4362 3394 4419 abdicandae
3449 4362 3759 4435 dignitatis

2102 4448 2423 4521 proposito,
2476 4464 2548 4503 ne
2610 4447 2786 4503 aliam
2836 4449 3266 4521 expressiorem
3328 4451 3757 4508 recusationem

2106 4537 2431 4609 exspectari
2466 4536 2744 4593 debuisse
2775 4554 2951 4608 quam
2987 4538 3185 4611 ipsum
3206 4556 3526 4607 secessum,
3551 4555 3620 4596 ex
3643 4557 3759 4612 quo

2105 4625 2286 4681 nullis
2317 4625 2589 4696 precibus
2640 4625 2956 4682 missorum
2999 4644 3031 4681 a
3062 4644 3230 4684 sacra
3274 4631 3496 4699 synodo
3539 4630 3760 4685 retrahi

2100 4716 2377 4790 potuerit.
2432 4716 2588 4772 Inter
2618 4716 2739 4772 haec
2772 4718 2924 4774 ultro
2971 4720 3241 4791 citroque
3271 4725 3428 4776 mota
3479 4721 3757 4793 dictaque

2102 4807 2403 4863 alternans
2427 4807 2765 4880 imperator,
2800 4814 2857 4865 et
2883 4812 3056 4865 modo
3085 4811 3179 4867 his
3212 4812 3386 4867 modo
3417 4811 3537 4867 illis
3559 4829 3760 4868 assen-

2100 4898 2198 4954 tiri
2231 4898 2415 4968 visus,
2449 4916 2752 4969 nunquam
2784 4901 3129 4973 expediebat
3158 4901 3217 4957 in
3241 4906 3369 4959 utra
3393 4903 3589 4975 potius
3622 4920 3760 4959 con-

2100 4989 2418 5045 trariarum
2436 4989 2866 5047 sententiarum
2893 4994 3291 5064 acquiesceret
3313 4994 3452 5066 quia
3465 4994 3765 5052 nesciebat

2100 5083 2302 5136 utrum
2335 5080 2647 5136 consilium
2679 5087 2837 5138 esset
2859 5083 3065 5141 utilius
3101 5085 3171 5140 ad
3197 5085 3371 5141 ﬁnem
3406 5085 3520 5158 ipsi
3545 5102 3758 5159 propo-

2098 5170 2279 5226 situm
2333 5171 2725 5227 conﬁrmandi
2774 5177 2831 5228 et
2878 5174 2936 5229 in
2981 5175 3175 5245 majus
3227 5177 3611 5246 promovendi
3662 5193 3757 5232 res

2098 5278 2255 5317 suas.
2292 5261 2437 5317 Nam
2462 5262 2602 5318 hinc
2634 5263 2873 5335 quidem
2906 5265 3207 5323 hominem
3231 5271 3483 5339 expertia
3515 5268 3761 5324 facilita-

2095 5349 2193 5418 tis,
2227 5351 2595 5408 auctoritatis
2626 5368 2875 5425 magnaa,
2902 5354 3077 5410 rebus
3101 5355 3317 5411 iterum
3342 5356 3757 5412 ecclesiasticis

2095 5438 2321 5510 imponi
2344 5438 2682 5509 honestum,
2708 5441 2991 5514 amplium
3014 5448 3070 5499 et
3091 5443 3263 5517 vulgo
3280 5444 3639 5516 placiturum
3664 5461 3769 5518 ap“

2100 5528 2378 5595 parebat:
2409 5533 2467 5584 et
2498 5530 2652 5586 idem
2686 5536 2811 5587 erat
2857 5531 3201 5605 imperatori
3251 5535 3763 5604 percommodum,

2099 5617 2147 5673 si
2181 5633 2297 5689 quo
2331 5619 2504 5675 modo
2545 5635 2749 5676 senem
2782 5621 3075 5693 potuisset
3106 5623 3385 5679 inducere
3417 5624 3488 5679 ad
3523 5640 3591 5679 ea
3633 5642 3762 5697 quae

2103 5704 2365 5764 habebat
2413 5706 2473 5764 in
2519 5708 2737 5777 animo,
2781 5724 3031 5784 quaeque
3080 5727 3273 5786 agere-
3305 5712 3434 5784 jam
3485 5718 3765 5787 coeperat,
