4112 6418
322 419 434 476 605

1393 425 1490 477 ns
1528 425 1901 479 MICHAELE
1940 425 2388 483 PALEOLOGO
2425 428 2558 482 LIB.
2601 429 2671 482 II.
2731 392 2739 398 ’

3637 427 3744 482 606

325 565 434 619 μην
492 539 777 616 προϐαίη,
837 541 976 598 ὥστε
1031 543 1122 598 καὶ
1156 546 1184 598 ὅ
1213 566 1265 599 τι
1323 546 1535 620 αἱροῖτο
1594 547 1850 623 πράττειν
1881 548 1969 603 καὶ
2004 553 2058 619 Α
2090 547 2337 613 δυσνοίας
2393 552 2530 626 πρὸς
2587 552 2772 607 ἑαυτὸν
2824 551 2998 627 ἐπῆγε
3047 551 3138 606 καὶ
3199 547 3576 623 ὑπεὸλέπετο,
3634 549 3746 607 ἔστι

333 632 503 708 μηδὲν
558 629 788 705 μηδέσιν
849 630 1242 710 ὑπολελεῖφθαι
1284 634 1358 697 εἰς
1406 635 1714 691 σκανδάλου
1773 639 1989 712 πρόφα-

329 745 436 780 σιν.
473 725 558 796 [Ρ.
595 724 720 795 107]
782 718 1009 778 Ἐδεδίει
1045 721 1092 776 δ’
1122 723 1273 788 αὖθις
1334 727 1408 797 μή
1469 747 1587 787 πως
1647 725 1991 802 ἐκκρουσθεὶς

329 813 550 886 ἁμάρτῃ
598 815 709 866 τῶν
768 811 905 866 κατὰ
959 813 1210 886 γνώμην,
1259 813 1350 868 καὶ
1411 815 1464 869 οἱ
1522 815 1760 870 ἐντεῦθεν
1825 816 1990 891 βυθὸς

329 903 668 978 πραγμάτων
703 900 1056 977 ἀναῤῥαγείη.
1110 905 1187 960 Τὸ
1237 901 1284 957 δ’
1316 905 1669 982 ὑπερφρονεῖν
1721 905 1810 960 καὶ
1845 906 1991 960 ἀντι-

335 995 593 1061 καθιστᾷν
669 986 858 1064 ἕτερον
945 987 1264 1065 προϐαίνειν
1346 994 1440 1065 μὲν
1495 992 1796 1056 ἀκωλύτως
1873 999 1992 1056 ταῖς

328 1082 579 1153 πράξεσιν
617 1079 716 1134 οὐκ
747 1079 1038 1154 ἀμήχανον
1092 1078 1393 1157 ἐλογίζετο,
1437 1085 1688 1158 ταραχήν
1730 1081 1775 1138 δ’
1805 1081 1996 1145 ἄλλως

330 1170 508 1239 εἶναι,
560 1166 630 1224 δι’
688 1170 756 1240 ἢν
806 1167 930 1225 οὐδὲ
977 1170 1045 1225 τὰ
1093 1171 1361 1246 γενόμενα
1406 1173 1775 1247 προσήσεσθαί
1821 1194 1993 1242 τινας,

337 1255 506 1325 δεινὰ,
552 1257 642 1313 καὶ
693 1254 882 1320 ἄλλως
937 1253 1084 1327 ὄντα,
1137 1263 1242 1313 τῶν
1291 1260 1517 1315 εἰκότων
1565 1259 1762 1336 ἔκρινε.
1816 1262 1991 1322 Μέσος

341 1348 431 1402 οὗν
493 1346 968 1421 ἐναπειλημμένος
1047 1347 1368 1426 ἀμφοτέρων
1425 1353 1532 1405 τῶν
1593 1354 1879 1425 λογισμῶν
1941 1348 1991 1403 ἐν

333 1436 538 1515 ἀπορίᾳ
580 1438 926 1508 καθειστήκει
955 1442 1053 1492 τοῦ
1099 1459 1210 1492 τισι
1257 1439 1524 1503 τίθεσθαι.
1570 1441 1764 1511 Ὅμως
1814 1439 1994 1513 ἐκχω-

336 1532 446 1604 ρῶν
504 1531 583 1598 τῷ
638 1531 815 1603 καιρῷ
876 1526 1130 1600 προϊόντι
1181 1529 1254 1590 ὡς
1303 1524 1549 1604 κρεῖττόν
1601 1549 1652 1582 τι
1711 1528 1982 1601 ἐπάξοντι,

331 1617 486 1694 ἀφεὶς
515 1617 654 1672 κατὰ
684 1620 820 1691 σφᾶς
870 1615 1000 1678 τοὺς
1051 1617 1314 1692 ἱεράρχας
1360 1619 1486 1692 περὶ
1533 1619 1731 1672 τούτου
1766 1617 1993 1692 βουλεύ·

330 1717 482 1770 εσθαι
513 1705 650 1761 ὥστε
698 1706 788 1761 καὶ
847 1703 1150 1781 ὁμολογεῖν
1181 1705 1459 1778 ἀλλήλοις
1517 1709 1590 1780 μὴ
1657 1704 1994 1784 διαφωνοῦν-

334 1815 452 1863 τας,
487 1795 648 1858 αὐτὸς
690 1795 778 1850 ἐπὶ
826 1794 922 1858 τὰς
959 1799 1067 1850 τῶν
1117 1799 1316 1851 κοινῶν
1370 1795 1624 1871 ἐτρέπετο
1670 1794 1994 1868 διοικήσεις,

335 1882 398 1940 οὒ
436 1886 541 1958 μὴν
575 1881 632 1940 δὲ
664 1879 803 1939 ὥστε
833 1885 924 1939 καὶ
950 1884 1321 1961 ὀφροντίστως
1353 1885 1573 1941 ἐκείνων
1607 1884 1764 1958 ἕξειν.

332 1990 430 2048 λε’.
485 1992 739 2067 ’Όττωςρ
785 1989 1044 2067 βασιλεὺς
1095 1991 1156 2046 ἐκ
1203 1988 1388 2067 ποδῶν
1427 1993 1518 2067 τὸν
1568 1991 1993 2067 νέςινΑἺωάννην

584 2062 794 2118 ἐποίει(
816 2063 913 2117 Καὶ
941 2062 1092 2128 ὅπως
1112 2063 1485 2132 κατοικίζοντο
1511 2063 1737 2119 Ἰταλοί.

401 2169 479 2227 Τὸ
505 2170 608 2246 γὰρ
638 2169 774 2225 κατά
804 2174 934 2224 νοῦν
973 2167 1515 2246 βυσσοδομευόμενον
1551 2171 1661 2246 οὑχ
1689 2168 1987 2245 ἡσυχάζειν

331 2259 503 2315 ἐποίει
554 2261 685 2322 τοὺς
737 2257 1084 2335 λογισμούς.
1136 2262 1252 2318 Οὐκ
1291 2259 1500 2339 ἀφανὴς
1546 2261 1647 2336 γὰρ
1692 2260 1760 2328 ἦν
1811 2259 1862 2331 ἐξ
1914 2259 1987 2313 ὧν

329 2354 452 2412 τοῖς
486 2349 922 2423 ὑπονοουμὲνοις
968 2354 1048 2422 τῷ
1076 2351 1303 2424 Ἰωάννῃ
1356 2351 1706 2426 προσκεῖσθαι
1738 2347 1992 2426 ἔγκλημα

328 2548 743 2623 patriarchalis
774 2548 1138 2607 auctoritatis
1168 2554 1315 2606 nutu
1343 2553 1402 2605 et
1429 2549 1850 2622 suffragatione
1889 2563 1984 2603 ro-

331 2638 612 2704 boranda,
647 2638 742 2693 Sic
771 2638 926 2694 enim
957 2643 1016 2695 et
1061 2639 1224 2709 quod
1275 2639 1616 2695 decreverat
1661 2638 1986 2710 perficeret,

277 2791 290 2798 ε
335 2731 393 2782 et
423 2725 601 2781 simul
636 2743 872 2782 omnem
905 2725 1183 2782 omnibus
1217 2727 1559 2783 offensionis
1607 2744 1672 2782 ac
1730 2725 1988 2797 querela-

271 2803 286 2810 “
333 2831 467 2870 rum
493 2815 860 2871 occasionem
895 2815 1173 2872 demeret.
1205 2817 1316 2870 Sed
1357 2833 1561 2872 rursus
1590 2817 1903 2872 verebatur
1919 2829 1991 2868 ne

336 2921 442 2975 spe
472 2903 588 2960 ista
618 2905 892 2960 excidens
923 2905 1177 2960 securim
1213 2907 1340 2960 suis
1370 2907 1546 2961 rebus
1588 2921 1864 2978 magnam
1899 2903 1989 2958 in-

336 2993 586 3066 ﬂigeret,
605 3010 671 3049 ac
694 2994 864 3066 quasi
889 2995 1145 3067 quadam
1179 2999 1338 3050 mota
1359 2994 1668 3050 Camarina
1710 3009 1992 3050 novarum

342 3083 912 3154 indetempestatum
931 3083 1466 3154 periculosissimas
1479 3084 1756 3139 excitaret
1771 3084 1993 3151 nubes;

339 3187 371 3228 θ
401 3172 694 3228 contrario
717 3171 766 3227 si
795 3173 1137 3244 persisteret
1158 3172 1217 3226 in
1242 3172 1482 3228 Arsenio
1511 3173 1711 3244 procul
1733 3173 2000 3228 habendo

343 3259 660 3331 aliumque
713 3261 1110 3332 patriarcham
1162 3261 1298 3334 eligi
1342 3267 1594 3329 curaret,
1659 3261 2006 3319 occurrebat

343 3349 471 3404 fieri
521 3349 758 3420 quidem
775 3353 917 3406 tunc
943 3367 1118 3422 posse
1141 3368 1206 3406 ac
1234 3351 1397 3407 facile
1419 3352 1641 3423 sperari
1667 3356 1732 3406 ut
1752 3349 1998 3408 consilia

346 3438 420 3493 de
462 3441 785 3494 amovendo
819 3455 852 3494 a
881 3456 986 3511 spe
1021 3439 1255 3512 imperii
1288 3440 1515 3512 pupillo
1546 3441 1768 3496 exitum
1818 3439 1997 3495 habe-

345 3531 474 3582 rent
501 3543 515 3581 :
550 3533 823 3582 caeterum
855 3529 1010 3584 150
1034 3529 1292 3584 orituras
1323 3529 1457 3583 inde
1488 3529 1695 3584 turbas
1736 3529 2002 3600 provide-

349 3615 473 3682 bat,
508 3615 738 3688 cupidis
770 3633 966 3672 rerum
1001 3633 1283 3673 novarum
1319 3618 1653 3689 speciosum
1688 3619 2000 3675 adversum

345 3719 475 3760 sese
505 3705 853 3775 conjurandi
883 3710 1231 3778 praetextum
1261 3723 1378 3762 non
1429 3706 1788 3778 negl-ecturis
1813 3724 1825 3776 ;
1852 3725 2002 3780 quo-

346 3810 482 3849 rum
514 3793 724 3866 utique
752 3795 1019 3852 seditiosi
1041 3800 1288 3853 conatus
1327 3797 1580 3851 favorem
1607 3797 1764 3869 apud
1787 3797 2002 3870 vulgus

356 3883 512 3938 haud
544 3883 794 3939 dubium
818 3884 954 3940 inde
975 3885 1300 3953 traherent,
1322 3885 1480 3956 quod
1504 3885 1753 3957 justitiaa
1776 3902 1842 3941 ac
1865 3886 2003 3941 reli-

351 3970 548 4043 gionis
608 3971 666 4027 in
718 3972 1072 4028 vindicanda
1127 3975 1278 4030 sacri
1338 3975 1548 4044 capitis
1592 3975 1832 4046 injuria,
1875 3976 2000 4046 jam

352 4059 676 4130 plurimum
709 4061 1019 4131 invidiosa,
1052 4061 1243 4118 colore
1265 4063 1682 4120 honestissimo
1704 4079 2003 4119 commen-

347 4149 654 4206 darentur.
686 4150 787 4206 His
819 4167 1148 4223 suspensus
1179 4153 1336 4208 curis
1397 4156 1576 4225 atque
1609 4152 1892 4208 utramvis
1943 4153 2004 4210 in

347 4243 576 4312 partem
628 4240 946 4312 ambiguus
994 4243 1284 4312 optimum
1330 4242 1622 4313 judicavit
1668 4242 2005 4314 permittere

348 4328 654 4400 negotium
699 4330 867 4402 quasi
903 4331 1076 4386 sortis
1100 4331 1368 4399 arbitrio,
1402 4331 1562 4403 ipsos
1585 4331 1687 4403 qui
1721 4347 2003 4388 convene-

350 4423 486 4474 rant
519 4418 828 4490 episcopos
861 4419 1110 4476 sinendo
1143 4419 1324 4476 libere
1356 4422 1667 4477 decernere
1699 4423 1853 4495 quod
1884 4421 2003 4478 vel-

343 4507 489 4576 lent,
524 4507 1196 4575 autumans,a|laturum
1229 4515 1295 4565 ut
1323 4508 1491 4581 solet,
1522 4510 1743 4582 aliquid
1774 4512 1917 4568 forte
1942 4511 2002 4568 in

343 4613 471 4653 rem
503 4613 621 4652 non
653 4597 1096 4654 incommodum
1129 4603 1365 4670 tempus
1393 4598 1591 4670 ipsum
1624 4615 1691 4655 ac
1737 4617 1999 4670 moram;

344 4703 478 4758 quas
527 4689 593 4742 ut
648 4685 882 4758 longior
937 4686 1328 4758 contingeret,
1408 4688 1661 4744 antistes
1733 4689 1886 4744 inter
1941 4707 2004 4746 se

2097 638 2143 696 δ’
2192 643 2253 695 οὗ
2301 641 2390 696 καὶ
2422 641 2598 704 αἰτίας
2629 641 3008 714 πλαττόμενος
3055 641 3280 711 ἀπηνῶς
3326 640 3573 709 ἐκόλαζε,
3609 638 3751 712 μηδὲ

2101 730 2298 804 μέχρις
2362 730 2628 802 ὀνόματος
2685 732 2946 786 κοινωνὸν
3009 729 3096 786 ἐπὶ
3149 733 3218 803 τῇ
3275 729 3527 804 βασιλείᾳ
3576 730 3749 792 θέλων

2097 815 2244 894 ἔχειν
2272 820 2363 874 τὸν
2407 820 2657 890 Ἰωάννην
2706 821 2798 875 καὶ
2849 821 2911 874 τὸ
2962 817 3213 874 ἐκποδὼν
3264 823 3371 872 τῶν
3407 817 3552 873 ὅλων
3585 838 3752 872 κατα-

2099 916 2294 977 στῆσαι
2350 907 2439 963 διὰ
2494 907 2757 964 πλείστου
2816 909 3192 980 ποιούμενος.
3254 910 3356 964 Ἦν
3419 904 3476 961 δὲ
3533 906 3594 960 τὸ
3655 907 3749 978 μὲν

2101 997 2338 1070 ἐρεθίζον
2388 997 2462 1059 εἰς
2511 1002 2678 1052 ταῦτα
2721 1001 2828 1052 τῶν
2895 998 2990 1068 μὲν
3041 997 3342 1068 ἀνθρώπων
3375 996 3431 1048 οἱ
3480 996 3602 1067 περὶ
3649 996 3752 1061 τήν

2101 1084 2340 1163 ἀδελφὴν
2390 1085 2678 1162 Εὑλογίαν,
2711 1091 2819 1140 τῶν
2869 1083 2927 1139 δὲ
2996 1085 3328 1158 πραγμάτων
3379 1085 3440 1138 τὸ
3487 1083 3580 1138 τὸν
3633 1082 3748 1136 υἱὸν

2099 1173 2449 1250 Ἀνδρόνικον
2482 1179 2552 1240 τῆ
2583 1174 2780 1246 ἡλικίᾳ
2808 1174 3162 1250 προκόπτειν,
3197 1174 3253 1228 ὃν
3289 1174 3364 1246 μὴ
3413 1174 3550 1227 κατὰ
3599 1171 3750 1247 βασι-

2101 1262 2229 1318 λέας
2275 1263 2485 1338 ἀνάγειν
2539 1261 2711 1319 δεινὸν
2763 1263 3000 1319 ἐποιεῖτο
3032 1262 3121 1318 καί
3175 1263 3228 1317 οἱ
3267 1262 3328 1316 οὑ
3365 1263 3603 1339 φορητὸν
3635 1259 3753 1314 ἐνο-

2104 1353 2317 1426 μίζετο,
2373 1354 2435 1408 τὸ
2493 1351 2550 1407 δὲ
2605 1352 2773 1408 πλέον
2830 1356 2864 1422 ἡ
2917 1352 3138 1428 μεγίστη
3202 1349 3494 1428 φιλοτιμία
3558 1347 3648 1403 καί
3689 1350 3751 1402 τὸ

2101 1441 2324 1518 ἄκαιρον
2361 1444 2706 1520 ὑπερήφανον
2759 1442 2936 1516 μένειν
2987 1441 3076 1496 ἐπὶ
3129 1440 3369 1516 μετρίοις
3421 1439 3520 1494 οὐκ
3563 1440 3754 1513 ἀρκου-

2107 1533 2292 1604 μένου.
2322 1535 2388 1589 Ἡ
2425 1531 2482 1587 δὲ
2509 1537 2606 1588 τοῦ
2657 1530 2834 1587 δοκεῖν
2889 1533 2990 1587 οὐκ
3039 1529 3346 1604 ἀλογίστως
3391 1533 3558 1584 ταῦτα
3620 1527 3752 1601 βού-

2101 1623 2286 1678 λεσθαι
2334 1621 2596 1697 πρόθασις
2632 1624 2666 1691 ἡ
2697 1624 2798 1690 τῆς
2850 1621 3067 1681 πόλεως
3114 1619 3342 1688 ἅλωσις,
3394 1620 3470 1692 [Ρ.
3511 1618 3634 1688 108]
3675 1615 3752 1676 εἷς

2101 1715 2290 1789 θρόνον
2353 1712 2632 1790 βασιλείας
2703 1711 3068 1789 λογιζομένης
3139 1710 3380 1786 αὐτάρκη
3453 1713 3531 1781 τῷ
3585 1727 3752 1761 κατα-

2101 1803 2312 1878 σχόντι’
2371 1803 2532 1858 αὐτὸν
2595 1800 2641 1856 δ’
2697 1805 2833 1856 εἶναι
2899 1802 2990 1856 καὶ
3051 1801 3214 1874 μόνον
3276 1801 3368 1854 τὸν
3427 1798 3502 1859 εἷς
3549 1796 3751 1867 ταύτην

2024 1891 2375 1991 Βκληθέντα
2431 1891 2730 1967 προτείνων
2767 1935 2782 1961 ,
2843 1891 3007 1946 αὐτὸν
3063 1890 3152 1944 καὶ
3217 1889 3383 1961 μόνον
3444 1885 3748 1962 βασιλεύειν

2535 1984 2597 1991 .._
2691 1978 2808 1991 κ...
2981 1979 3007 1991 ..
3123 1978 3141 1991 η
3253 1979 3282 1991 ..
3398 1973 3588 1991 ιικι
3732 1974 3745 1991 ς

2104 1981 2503 2058 συνελογίζετο.
2535 1984 2655 2036 Ἔτι
2688 1978 2735 2035 δ’
2779 1980 2932 2052 ὅμως
2979 1978 3219 2034 ὕπουλον
3247 1979 3314 2048 ἦν
3359 1978 3421 2032 τὸ
3453 1973 3627 2031 δεινὸν
3658 1974 3748 2030 καὶ

2099 2078 2218 2134 τοῖς
2271 2070 2510 2134 πολλοῖς
2562 2070 2661 2125 οὐκ
2710 2069 3061 2139 εὐσύνοπτον,
3103 2068 3150 2122 εἴ
3197 2067 3289 2122 καὶ
3337 2089 3458 2130 πως
3505 2066 3557 2120 οἱ
3591 2064 3749 2140 βαθύ-

2098 2182 2252 2234 τερον
2298 2155 2690 2222 ἐπιϐάλλοντες
2734 2157 2794 2213 ἔκ
2820 2180 2879 2214 τε
2909 2157 3138 2213 πολλῶν
3165 2155 3352 2212 ἄλλων
3397 2154 3488 2210 καὶ
3537 2158 3633 2208 τοῦ
3667 2154 3743 2225 μὴ

2102 2249 2463 2306 συνεισελθεῖν
2511 2249 2612 2316 τήν
2653 2247 2818 2304 πόλιν
2871 2248 3059 2320 ἐκείνῳ
3105 2246 3195 2302 τὸν
3227 2246 3477 2315 Ἰωάννην
3529 2245 3594 2298 οὐ
3627 2240 3746 2296 δυσ-

2107 2343 2291 2417 χερῶς
2341 2339 2493 2414 εἶχον
2542 2335 2822 2402 ὑπιδέσθαι
2875 2338 2937 2392 τὸ
2990 2334 3390 2410 μελετώμενον,
3439 2333 3468 2388 ὃ
3519 2330 3586 2402 δὴ
3633 2351 3754 2408 τρε-

2093 2540 2346 2598 sinebat.
2381 2538 2698 2594 Multorum
2730 2537 2789 2591 in
2823 2536 3234 2609 imperatorem
3267 2533 3597 2607 gliscebant
3637 2546 3752 2584 non

2097 2627 2366 2686 obscuris
2397 2627 2660 2682 excitatis
2683 2625 2918 2680 indiciis
2944 2624 3337 2696 suspiciones,
3371 2638 3579 2694 parum
3619 2634 3752 2674 eum

2099 2718 2378 2777 benevole
2407 2719 2467 2773 in
2501 2717 2791 2789 pupillum
2822 2720 3110 2772 Joannem
3133 2715 3283 2770 afﬁci
3320 2719 3496 2784 atque
3529 2713 3672 2767 adeo
3693 2710 3753 2764 in

2102 2811 2231 2880 ejus
2290 2807 2850 2863 circumventionem
2909 2806 3271 2869 incumbere,
3322 2803 3476 2858 unde
3533 2801 3752 2856 crimen

2105 2898 2362 2971 perﬁdize
2395 2897 2455 2951 in
2485 2913 2548 2951 se
2577 2895 2775 2966 ipsum
2799 2894 3106 2950 attrahens
3136 2893 3393 2964 obliquis
3425 2889 3755 2962 plerorum-

2105 3005 2220 3059 que
2249 2985 2662 3058 indignitatem
2695 2985 2776 3039 rei
2812 3001 2924 3038 non
2948 2982 3258 3038 ferentium
3283 2979 3469 3036 oculis
3483 2978 3757 3048 designa-

2109 3075 2773 3132 batur.Constahateum
2808 3070 3444 3143 ﬁctiscausisgraviter
3475 3067 3762 3124 multasse

2110 3167 2424 3237 quosdam,
2457 3180 2709 3236 quorum
2742 3163 2914 3234 culpa
2945 3179 3058 3218 non
3093 3165 3217 3216 erat
3246 3159 3361 3216 alia
3378 3175 3551 3230 quam
3583 3156 3759 3212 Joan-

2113 3273 2246 3311 nem
2277 3253 2886 3326 imperatoremlibera
2913 3268 3050 3308 voce
3070 3250 3420 3322 praedicasse
3444 3266 3456 3316 ;
3491 3263 3664 3319 quem
3688 3261 3760 3300 ne

2112 3344 2347 3401 nomine
2379 3344 2617 3416 quidem
2648 3347 2821 3399 tenus
2843 3341 2952 3397 sibi
2987 3339 3230 3411 adiungi
3251 3337 3531 3410 collegam
3551 3351 3760 3405 supre-

2029 3398 2072 3466 Ο
2111 3398 2592 3507 mae—lpotestatis
2650 3398 2813 3488 ferrei
2857 3398 3102 3504 poterat.
3159 3398 3275 3485 Ιζίεο
3341 3398 3762 3483 dissimulabat

2107 3525 2373 3596 redigere
2400 3523 2570 3596 plane
2597 3538 2658 3578 se
2702 3536 2952 3593 puerum
2996 3519 3054 3575 in
3086 3519 3355 3575 ordinem
3387 3520 3446 3572 et
3476 3516 3548 3572 ab
3595 3514 3759 3569 omni

2109 3613 2378 3669 funditus
2433 3612 2742 3668 excludere
2799 3609 3248 3683 participatione
3307 3604 3539 3677 imperii
3595 3603 3758 3658 omni

2109 3702 2308 3757 studio
2331 3718 2564 3772 cupere,
2598 3700 2747 3756 acin
2778 3717 2843 3755 eo
2868 3699 3011 3755 verti
3045 3698 3339 3754 fortunam
3385 3693 3759 3762 salutemque

2111 3791 2408 3864 pr0priam
2432 3792 2664 3847 ducere.
2686 3791 2766 3846 Eo
2799 3789 2967 3845 illum
3000 3788 3324 3844 incitabant
3341 3783 3555 3857 partim
3577 3780 3762 3838 homi-

2111 3896 2240 3950 nes,
2272 3880 2488 3953 partim
2518 3881 2662 3952 ipsae
2691 3896 2802 3935 res.
2855 3877 3101 3950 Eulogia
3129 3874 3402 3932 videlicet
3431 3876 3563 3945 ejus
3599 3888 3766 3928 soror

2112 3968 2344 4024 nullum
2375 3969 2626 4025 facie-bat
2667 3969 2846 4023 finem
2877 3967 3008 4038 ejus
3040 3963 3371 4038 iniquitatis
3419 3961 3758 4018 suadenda.

2111 4059 2483 4114 Andronicus
2515 4061 2709 4114 autem
2744 4073 2908 4129 puer,
2958 4055 3119 4110 filius
3150 4053 3519 4124 imperatoris
3553 4049 3762 4107 Palaeo-

2110 4149 2250 4220 logi,
2310 4164 2579 4204 crescens
2609 4147 2669 4203 in
2721 4146 2814 4202 die
2844 4161 2948 4217 spe
3005 4143 3322 4215 indoleque
3365 4143 3539 4210 bona,
3579 4139 3758 4196 tacito

2111 4239 2205 4295 sui
2234 4243 2474 4310 aspectu
2509 4241 2729 4308 partem
2750 4237 2991 4292 assidue
3023 4235 3166 4289 167
3199 4231 3568 4298 stimulabat,
3589 4229 3759 4300 quasi

2110 4330 2436 4400 deprecans
2483 4345 2557 4383 ne
2588 4344 2650 4383 se
2682 4326 2972 4399 privatum
3009 4323 3342 4380 adolescere
3372 4319 3756 4393 permitteret.

2110 4417 2234 4482 Quo
2274 4421 2506 4473 tantum
2533 4415 3105 4476 commovebatur,ut
3132 4409 3758 4468 viderecharissimum

2111 4507 2300 4562 {ilium
2328 4510 2621 4578 expertem
2651 4504 2872 4561 summi
2905 4502 3146 4560 honoris
3179 4518 3300 4558 rem
3331 4499 3505 4573 plane
3557 4496 3762 4553 intole-

2101 4597 2358 4652 randam
2391 4596 2798 4652 arbitraretur.
2818 4591 3417 4650 Vehementissimum
3441 4605 3611 4661 porro
3643 4603 3763 4642 ma-

2109 4684 2466 4741 chinationis
2520 4684 2925 4755 injuslissimaa
2983 4681 3340 4739 incentivum
3385 4682 3508 4734 erat
3552 4677 3760 4749 ingens

343 4775 696 4832 commissos
727 4775 1056 4844 admonuit,
1091 4777 1300 4832 darent
1330 4791 1574 4848 operum
1609 4780 1837 4832 mature
1863 4795 2004 4834 con-
2033 4753 2079 4820 Π
2113 4775 2359 4832 ambitio
2391 4780 2447 4830 et
2474 4771 3025 4846 intempempestiva
3041 4768 3318 4843 superbia
3340 4766 3630 4824 moderari
3647 4763 3762 4821 sibi

342 4863 678 4920 siderandis
709 4865 960 4930 cunctis,
989 4881 1097 4921 nec
1131 4864 1541 4921 deliberationi
1575 4865 1751 4920 {luem
1811 4866 2005 4938 impo-

345 4957 558 5008 nerent
583 4953 774 5025 quoad
792 4969 1000 5008 omnes
1016 4954 1085 5008 ad
1107 4969 1290 5009 unum
1308 4953 1368 5008 in
1406 4953 1756 5009 concordem
1773 4960 2007 5010 senten-

343 5043 490 5097 tiam
505 5041 1046 5114 eonvenirent.lpse
1064 5043 1176 5098 alio
1192 5059 1260 5098 cu
1272 5060 1364 5098 ras
1378 5043 1547 5098 vertit
1559 5042 1628 5098 ad
1654 5042 2004 5099 instantium

346 5131 954 5201 administrationem,
990 5132 1148 5188 haud
1170 5137 1366 5188 tamen
1411 5131 1735 5188 attentione
1771 5133 2005 5204 penitus

347 5235 558 5276 aversa
591 5220 662 5275 ab
695 5219 769 5275 iis
791 5237 919 5292 quae
951 5221 1010 5275 in
1044 5223 1268 5278 svnodo
1289 5239 1324 5278 a
1357 5222 1626 5278 Patribus
1667 5227 1999 5294 agerentur.

345 5325 500 5381 quos
549 5308 722 5379 quasi
783 5309 1034 5365 furtivus
1065 5311 1394 5379 obtutibus,
1428 5311 1587 5366 aliud
1637 5309 1775 5367 licet
1831 5327 2004 5384 agere

348 5397 667 5468 simulans,
691 5398 947 5469 perrexit
977 5400 1307 5456 observare.

417 5504 508 5558 35.
544 5505 609 5562 Ut
637 5506 1226 5580 imperator‘puerum
1281 5508 1548 5580 Joannem
1588 5507 1873 5580 amaverit
1905 5513 2004 5580 ;ut

632 5576 788 5632 Italis
817 5577 1170 5634 domicilium
1200 5579 1537 5635 attributum
1565 5579 1759 5648 fuerit.

416 5665 564 5718 Nam
635 5665 789 5734 quod
852 5664 1308 5724 machinabatur
1354 5668 1572 5734 animo,
1633 5667 2002 5740 acquiescere

347 5751 544 5824 ipsum
578 5753 635 5809 iu
670 5771 729 5810 re
759 5753 858 5810 tali
891 5758 947 5809 et
977 5755 1171 5813 nimie
1223 5757 1447 5815 ﬁduciis
1506 5757 1830 5815 iudormire
1882 5777 1997 5817 non

2119 4867 2296 4935 atque
2341 4864 2496 4921 infra
2543 4865 2712 4931 fines,
2745 4879 2924 4934 aequae
2968 4858 3394 4916 mediocritatis
3452 4873 3514 4913 se
3562 4860 3762 4910 tenere

2117 4954 2528 5027 dedignantis;
2555 4953 2653 5010 cui"
2681 4957 3026 5026 praetextum
3059 4949 3433 5021 coloremque
3455 4943 3763 5017 cupiditati

2117 5044 2384 5100 fucandae
2409 5044 2762 5116 suggerebat
2773 5042 3031 5114 aliquem
3046 5040 3410 5108 recuperatio
3425 5035 3610 5104 urbis,
3633 5051 3761 5106 quas

2115 5133 2286 5188 sedes
2344 5137 2504 5189 esset
2561 5132 2794 5203 imperii
2826 5132 3141 5204 praecipua,
3173 5128 3342 5201 quasi
3384 5143 3452 5183 ea
3481 5125 3764 5196 capienda

2115 5224 2351 5296 proprie
2403 5223 2462 5278 in
2523 5222 2756 5294 imperii
2787 5222 3069 5277 thronum
3099 5219 3487 5286 ascendisset,
3511 5234 3577 5272 ac
3608 5221 3673 5272 ut
3702 5215 3760 5271 in

2115 5330 2244 5370 eam
2303 5313 2490 5380 solus,
2544 5312 2670 5367 suis
2724 5310 2933 5382 utique
2999 5314 3397 5382 expugnatam
3456 5307 3764 5380 auspiciis,

2115 5406 2390 5458 evocatus
2435 5405 2612 5470 esset,
2645 5399 2731 5454 sio
2791 5400 3080 5470 imperare
3115 5398 3279 5455 solus
3319 5398 3377 5454 in
3409 5415 3478 5454 ea
3513 5401 3573 5453 et
3593 5411 3664 5450 ex
3693 5411 3761 5451 ea

2114 5492 2372 5548 deberet.
2407 5491 2582 5547 Porro
2634 5490 2692 5543 id
2736 5489 3104 5560 propositum
3153 5488 3492 5544 habebatin
3546 5501 3760 5541 arcano

2113 5577 2648 5654 indeprehensibile
2668 5577 2876 5648 primis
2906 5576 3677 5633 obtulibusoccurrentium.
3701 5573 3759 5629 Si

2114 5672 2216 5744 qui
2264 5675 2462 5726 tamen
2520 5665 2790 5738 penitius-
2821 5665 2984 5722 intro
3009 5667 3325 5739 piseerent,
3375 5679 3506 5721 cum
3535 5679 3604 5720 ex
3635 5663 3763 5720 aliis

2109 5760 2318 5836 signis,
2351 5763 2475 5816 tum
2509 5772 2578 5813 ex
2606 5771 2673 5812 eo
2704 5756 2859 5827 quod
2891 5773 3093 5813 secum
3122 5756 3410 5814 Joannem
3440 5752 3501 5810 in
3551 5751 3758 5810 urbem
