4112 6452
361 433 467 487 607

1672 433 1973 489 GEORGII
2014 434 2477 487 PACHYMERE

3680 427 3787 481 608

361 557 595 631 φάμενον
660 555 747 608 ὑπ’
788 555 976 629 ἀγρίας
1025 552 1362 624 πλεονεξίας,
1423 550 1500 615 εἷς
1546 554 1674 608 Θεὸν
1711 552 2006 623 πειθούσης
2038 556 2089 622 Α
2120 552 2291 617 ἰδίους
2329 555 2532 617 τόπους
2562 555 2698 629 πρὸς
2751 552 2986 620 οἴκησιν.
3049 554 3239 627 Ἔχειν
3274 549 3320 606 δ’
3374 548 3596 606 ἑκαστον
3626 551 3784 627 γένος

361 642 688 716 ἁμαρτάνειν
726 644 793 697 τὰ
827 664 1053 718 μεγιστα
1101 640 1187 696 διὰ
1241 650 1340 711 τῆς
1391 647 1499 696 τῶν
1557 642 1734 713 ὅρκων
1768 644 2013 717 παραοᾶ-

363 753 520 799 σεως,
557 738 740 805 μεῖζον
773 728 938 805 ᾔρετο
972 732 1035 800 ἢν
1066 731 1203 787 ὣστε
1234 739 1575 807 παρορᾶσθαι
1619 737 1697 804 τῷ
1747 730 2018 805 μελετῶν-

362 842 415 874 τι
491 819 830 877 Τ“δ’ἶ”
964 822 975 837 ·
1080 823 1247 873 υ-ιρ
1389 823 1398 841 ι
1596 820 1728 876 »’λ

425 866 437 879 ο
542 847 568 875 υ
724 843 766 890 ,ν
796 843 986 896 αρατο
1018 842 1133 885 τοι,
1255 842 1494 894 ωμαιοις
1552 843 1690 896 μιγα
1736 844 1806 875 ων
1855 842 2014 895 αρςαν

361 914 542 963 κακῶν
589 910 677 964 καὶ
734 911 986 985 ταραχῆς
1049 909 1377 965 ἀνυποίστου
1438 910 1648 986 ῥεχθὲν.
1701 911 1837 967 Τότε
1868 908 1925 964 δὲ
1951 911 2019 964 τὰ

360 1000 461 1066 τῆς
490 1000 709 1061 πόΛεως
766 1000 842 1061 ὡς
902 999 1017 1055 οἷόν
1076 1021 1133 1053 τε
1189 1000 1447 1062 καθιστὰς
1498 1000 1636 1075 πρὸς
1683 1002 1745 1055 τὸ
1777 1000 2017 1077 ἀσφαλὲ-

364 1108 573 1163 στερον,
632 1088 945 1151 Γεννουΐτας
1005 1090 1098 1162 μὶν
1149 1088 1277 1152 τοὺς
1305 1095 1350 1142 τ’
1381 1085 1539 1152 ὄντας
1587 1090 1714 1153 τούς
1742 1110 1800 1143 τε
1842 1108 2017 1163 προσ-

362 1174 709 1249 δοκωμένους
791 1178 1177 1253 προσγενέσθαι
1254 1179 1547 1241 πλείστους
1610 1176 1849 1247 ἐνιδὼν,
1925 1176 2016 1230 καὶ

362 1264 649 1340 δυσχερεῖς
700 1268 734 1337 ἢ
798 1267 937 1323 ὥστε
993 1269 1083 1322 καὶ
1156 1268 1541 1333 ὕποκλίνεσθαι
1622 1266 1823 1343 ῥᾳδίως
1882 1269 2021 1323 Ῥω-

368 1354 594 1425 μαίοις,
651 1355 799 1411 ἀλλᾶ
857 1358 946 1411 καὶ
1005 1358 1093 1412 ἐπὶ
1150 1364 1268 1421 ταῖς
1327 1359 1625 1433 τυχούσαις
1684 1357 2014 1432 προφάσεσιν

368 1446 946 1519 ὑποκινηθησομὲνους
976 1446 1035 1502 ἂν
1097 1449 1173 1510 ὡς
1226 1448 1531 1524 ὑπερόφρυς
1581 1446 1670 1501 καὶ
1721 1440 2016 1519 συϐαροὺς,

363 1530 513 1596 ἐντὸς
575 1533 749 1606 μένειν
810 1544 910 1605 τῆς
964 1536 1184 1601 πόλεως
1247 1538 1345 1592 οὐκ
1420 1537 1641 1611 ἐγνώκει
1693 1534 1966 1611 συμφέρον
2004 1577 2018 1606 ,

368 1620 480 1692 ἰδίᾳ
536 1621 593 1677 δὲ
648 1628 1085 1700 προσκαθῆσθαι,
1126 1628 1215 1681 καὶ
1275 1628 1538 1701 πρότερον
1586 1626 1678 1696 μὲν
1736 1625 1873 1678 κατὰ
1922 1625 2020 1692 τήν

366 1711 689 1782 Ἡράκλειαν
748 1722 849 1784 τῆς
900 1716 1114 1790 Θρᾴκης
1163 1716 1340 1793 φέρων
1389 1716 1685 1787 κατῴκιζεν
1724 1759 1739 1783 ,
1798 1714 2017 1787 ὕστερον

368 1797 426 1854 δὲ
458 1803 783 1877 καταντικρὺ
838 1811 937 1872 τῆς
992 1804 1216 1877 περαίας
1273 1805 1419 1878 παρὰ
1476 1805 1642 1877 μόνον
1692 1803 1755 1857 τὸ
1791 1806 1887 1857 τοῦ
1919 1808 2020 1855 Γα-

2123 642 2251 705 τοὺς
2283 641 2455 705 ἰδίους
2486 643 2686 720 φόρους
2718 643 3011 703 ἀκωκύτως
3044 642 3393 717 προσέταττε.

2126 747 2227 813 λς’.
2262 750 2335 805 Τὰ
2364 752 2499 805 κατὰ
2542 749 2668 812 τοὺς
2725 750 2801 812 εἷς
2843 750 2933 805 τὸν
2989 747 3169 803 πάπαν
3204 749 3295 803 καὶ
3350 745 3479 811 τοὺς
3537 746 3785 809 Ἰταλοὺς

2588 818 2841 896 πρεσϐεις
2882 825 2977 877 τοῦ
3024 820 3314 897 βασιλέως.

2200 913 2281 983 [Ρ.
2320 914 2446 983 109]
2480 906 2899 988 Διεπρεσϐεύετο
2932 908 2989 965 δὲ
3016 911 3106 965 καὶ
3138 910 3273 983 πρὸς
3314 910 3405 963 τὸν
3438 928 3664 963 παππαν
3695 904 3786 962 διὰ

2123 1002 2338 1076 ταχὲων
2372 1000 2736 1075 ἐκμειλίσσων
2770 998 2970 1076 δώροις
2996 1044 3006 1054 .
3044 1001 3148 1054 Δύο
3174 996 3220 1053 δ’
3251 999 3387 1067 ἦσαν
3423 999 3474 1053 οῖ
3506 992 3785 1070 πρεσϐεις,

2124 1091 2198 1152 εἷς
2226 1090 2319 1163 μὶν
2354 1092 2380 1145 ὁ
2413 1090 2827 1165 Νικηφορίτζης
2867 1087 3190 1163 λεγόμενος,
3225 1088 3414 1163 ἅτερος
3448 1084 3505 1142 δὶ
3536 1085 3581 1141 δ’
3602 1085 3788 1143 Αλου-

2126 1175 2352 1255 ϐάρδης,
2416 1177 2604 1253 ἄνδρες
2656 1179 2733 1244 εἷς
2790 1179 3257 1255 ὑπογραμματέας
3310 1175 3603 1238 τελοῦντες
3655 1176 3784 1250 πρὶν

2124 1274 2203 1340 τῷ
2248 1274 2356 1322 τῶν
2416 1267 2639 1324 Ἰταλῶν
2705 1268 2923 1345 βασιλεῖ
2977 1273 3056 1339 τῷ
3117 1264 3459 1338 Βαλδουίνῳ,
3519 1263 3695 1320 αἰτίαν
3729 1262 3787 1320 δὲ

2127 1355 2426 1431 προδοσίας
2461 1358 2601 1434 πρὸς
2651 1358 2960 1431 Ῥωμαίους
3004 1358 3248 1431 σχόντες.
3301 1358 3399 1417 Οἷς
3432 1353 3499 1423 δὴ
3548 1360 3640 1409 καῖ
3686 1356 3789 1423 τὴν

2128 1445 2360 1502 Ἰταλίαν
2420 1441 2790 1501 καταλαϐοῦσι
2842 1444 3091 1505 κίνδυνος
3144 1444 3425 1499 ἐπιπίπτει
3482 1441 3673 1518 βαρὺς,
3725 1442 3785 1495 ὃν

2129 1532 2244 1589 οὐδ’
2292 1534 2421 1590 αὐτὸ
2477 1534 2540 1590 τὸ
2600 1543 2795 1610 σχῆμα
2850 1540 2957 1590 τῶν
3020 1529 3296 1609 πρέσϐεων
3361 1533 3435 1605 μὴ
3497 1533 3788 1586 παθεῖντὰ

2128 1623 2381 1697 χείριστα
2429 1630 2744 1698 παρῃτεῖτο.
2808 1622 2959 1678 ’ΒΛλ’
2991 1622 3157 1677 εἶκαὶ
3214 1622 3281 1676 τὰ
3337 1628 3435 1690 τῆς
3489 1618 3787 1693 προδοσίας

2128 1711 2307 1783 ὀνείδη
2365 1720 2484 1777 ταῖς
2557 1720 2744 1787 τιμαῖς
2817 1712 3507 1787 συνεκάλυπτενὸκρατῶν
3563 1710 3639 1772 εἰς
3690 1708 3790 1763 αὐ-

2128 1804 2218 1857 τὸν
2296 1799 2854 1874 παραπρεσϐευὸντων
2914 1803 2973 1858 ὲκ
3029 1802 3296 1869 πόλεως,
3379 1798 3505 1855 ἀλλ’
3584 1798 3788 1854 ἐκεῖνοι

368 1888 504 1944 λατᾶ
561 1891 819 1968 φρούριον
882 1891 1119 1970 ἀσφαλὲς
1181 1892 1471 1966 ἐδοκίμαζε
1518 1891 1869 1960 κατοικίζειν·
1922 1897 2021 1944 Βε-
2054 1931 2099 1996 Β
2132 1891 2371 1967 χαλεποί
2414 1914 2473 1967 γε
2505 1889 2654 1954 ὄντες
2704 1892 2791 1946 καὶ
2845 1888 3057 1961 ἄλλως,
3089 1888 3551 1964 παρακνιζόμενοι
3611 1886 3668 1942 δὲ
3697 1888 3785 1942 καὶ

553 1979 563 1994 ι
648 1978 689 1996 αι
827 1982 839 1996 .
902 1989 945 1996 η
1083 1982 1093 1996 ι
1282 1984 1294 1996 .
1467 1983 1478 1996 .
1589 1980 1687 1996 κ--
1818 1980 1898 1996 η,
2174 1985 2199 1996 ..
2418 1984 2429 1996 ,
2605 1988 2631 1996 _
2759 1978 2797 1996 ,ς
3000 1979 3013 1996 ς
3203 1978 3213 1996 ι
3404 1977 3449 1996 ιν
3770 1979 3783 1994 ς

365 1979 611 2041 νετικοὺς
644 1978 701 2035 δὲ
752 1982 842 2035 καὶ
902 1982 1210 2052 Πισσαίους,
1242 1984 1305 2038 τὸ
1353 1983 1490 2037 κατὰ
1545 1980 1758 2045 πλῆθος
1809 1980 2020 2054 ὀλίγον,

371 2068 547 2139 μένειν
602 2067 750 2132 ἐντὸς
810 2068 1071 2137 ἐδικαίου,
1132 2071 1596 2145 ἀποκεκριμένους
1649 2070 1739 2124 καί
1796 2068 2024 2132 τούτους

365 2161 474 2210 τῶν
510 2155 720 2214 ἄλλων.
780 2162 934 2223 ’ῸΟεν
996 2160 1086 2214 καὶ
1147 2160 1197 2215 ἐν
1245 2158 1517 2231 ἀκινδύνῳ
1547 2164 1626 2230 τῷ
1685 2160 1800 2213 κατ’
1860 2158 2019 2212 αὐτὸν

368 2244 583 2301 ἐκέλευε
645 2250 740 2319 μὲν
788 2246 982 2303 αᾶτίκα
1028 2251 1090 2304 τό
1121 2251 1166 2303 τ’
1201 2249 1348 2311 ἐντὸς
1411 2247 1844 2321 ἀνοικοδομηθὶν
1883 2248 2019 2318 πρὸς

362 2339 444 2405 τῷ
501 2336 637 2390 κατὰ
694 2337 965 2392 θάλασσαν
1028 2337 1179 2413 μέρει
1236 2342 1332 2407 τῆς
1390 2339 1594 2415 ἀγορᾶς
1652 2336 1912 2415 φρούριον
1957 2336 2018 2391 τό

362 2425 411 2477 τ’
462 2423 616 2487 ἐκτὸς
675 2427 737 2481 τὸ
796 2430 897 2481 τοῦ
956 2426 1170 2483 Γαλατᾶ
1226 2428 1508 2504 ἀμφότερα
1560 2431 1895 2501 κατερεῖψαι,
1929 2428 2018 2480 καὶ

362 2512 506 2569 οὕτω
566 2518 882 2579 Γεκινουῖτας
947 2518 1040 2589 μὶν
1091 2518 1227 2572 κατᾶ
1282 2526 1381 2587 τῆν
1441 2519 1576 2593 πρὸς
1609 2517 1758 2572 δύσιν
1792 2514 2015 2591 περαίαν

362 2607 501 2679 πρὸς
543 2611 625 2679 τῷ
682 2606 896 2677 Γαλατᾷ
955 2612 1091 2672 σφᾶς
1147 2608 1347 2673 αὐτοὺς
1399 2607 1767 2680 ἐπιμήκιστου
1824 2626 2020 2679 παρεκ-

354 2696 622 2758 τείνοντας
681 2701 999 2768 κατοικεῖν,
1052 2702 1170 2760 τοῖς
1230 2695 1288 2753 δε
1347 2695 1568 2759 λοιποῖς
1636 2697 2017 2770 ἀποταχθῆναι

356 2916 470 2954 non
503 2896 1317 2965 duxisset,subodorabantur
1346 2898 1487 2969 quid
1522 2900 1768 2968 pararet.
1792 2895 2027 2967 Cogita-

358 2992 488 3043 tum
525 2987 779 3057 proiecto
814 2986 1103 3042 nefarium
1136 2991 1194 3042 et
1226 2992 1357 3041 ortu
1409 2987 1601 3057 primo
1652 2986 2029 3056 exstinguen-

368 3077 532 3129 dum.
592 3075 757 3129 Nunc
808 3074 953 3130 illud
1007 3075 1139 3130 sinu
1183 3076 1483 3148 gignentia
1532 3075 1754 3130 factum
1788 3078 1844 3128 et
1872 3073 2021 3128 lacte

362 3164 618 3233 quodam
654 3164 785 3217 ferae
817 3163 1163 3235 cupiditatis
1196 3165 1468 3219 edoctum
1501 3180 1690 3235 usque
1727 3163 1798 3217 ad
1841 3162 2019 3217 auda-

358 3252 510 3306 ciam
573 3253 750 3307 Deum
812 3252 1009 3323 ipsum
1055 3253 1357 3324 fmdil‘rago
1416 3251 1675 3323 perjurio
1733 3250 2012 3316 violandi,

358 3342 552 3414 erupit
582 3321 1148 3415 denique—magnam
1181 3344 1241 3398 in
1278 3321 1775 3413 perturbationem
1824 3341 2018 3414 perni-
2055 3321 2098 3388 (ἶ

364 3431 633 3503 cicmque
685 3432 1106 3489 Romanorum.
1138 3433 1247 3488 Sed
1298 3432 1420 3487 haec
1453 3436 1691 3503 postea:
1728 3431 1837 3486 hoc
1884 3445 2018 3485 vero

356 3526 624 3592 tempore
656 3527 842 3593 empto
874 3521 1195 3593 imperator
1223 3521 1509 3577 insistens
1537 3521 1697 3591 operi
1728 3536 1822 3575 res
1853 3520 2018 3575 urbis

356 3611 416 3664 in
451 3616 670 3666 statum
726 3627 902 3682 quam
965 3611 1218 3666 maxime
1274 3627 1550 3666 securum
1603 3610 2015 3682 componendi,

357 3701 699 3754 Genuenses
756 3701 1020 3767 quidem,
1074 3700 1295 3771 quique
1337 3702 1462 3771 jam
1528 3702 1773 3757 aderant
1800 3701 2018 3772 quique

362 3804 496 3843 mox
545 3789 774 3843 venturi
827 3790 1340 3860 exspectabantur,
1380 3790 1577 3861 plures
1622 3796 1678 3846 et
1705 3795 2016 3847 contuma—

362 3875 548 3931 ciores
571 3891 817 3931 cernens
851 3893 1028 3947 quam
1061 3881 1127 3933 ut
1156 3895 1289 3949 spes
1312 3879 1695 3950 essetsubjici
1730 3881 1881 3934 bona
1904 3879 2018 3933 fide

364 3965 649 4021 Romanis
713 3982 912 4037 posse,
974 3966 1408 4039 providensque
1466 3970 1588 4024 fore
1664 3973 1727 4023 ut
1788 3969 2016 4023 levibus

366 4055 703 4127 quibusque
733 4055 985 4112 subinde
1017 4057 1213 4112 causis
1236 4062 1337 4112 aut
1355 4058 1727 4129 praetextibus
1752 4058 1823 4113 ad
1855 4073 2018 4112 arma

364 4147 422 4197 et
475 4143 852 4200 rebellionem
931 4147 1395 4215 concitarentur,
1467 4152 1673 4219 utpote
1748 4146 2018 4201 homines

367 4237 711 4303 arrogantes
746 4237 804 4287 et
857 4233 1099 4302 feroces,
1152 4250 1249 4289 eos
1308 4235 1463 4290 intra
1511 4235 1700 4305 ipsam
1749 4234 2018 4290 habitare

374 4321 670 4376 civitatem
704 4320 862 4376 haud
922 4322 1150 4392 putavit
1188 4326 1426 4389 tutum;
1479 4324 1815 4393 eponendos
1869 4323 2017 4379 l68

361 4409 543 4481 igitur
574 4409 820 4463 duxitin
853 4410 1084 4480 proprie
1110 4410 1257 4481 ipsis
1288 4411 1657 4481 assignatum
1700 4410 1916 4467 locum.
1941 4415 2019 4468 Ac

362 4497 651 4568 principio
684 4496 922 4567 quidem
956 4497 1295 4553 Heracleam
1329 4499 1590 4554 Thraciae
1637 4500 1799 4570 ipsos
1827 4506 2019 4556 trans-

364 4584 600 4639 tulerat.
637 4584 857 4639 Deinde
889 4590 1087 4641 tamen
1111 4589 1380 4642 securius
1403 4588 1760 4644 existimavit
1775 4588 2019 4644 colloca-

2132 1985 2204 2046 τῆ
2268 1984 2516 2057 στερήσει
2564 1988 2667 2051 τῆς
2700 1978 2928 2044 πόλεως
2972 1979 3048 2042 εἷς
3086 1978 3277 2053 μανίαν
3328 1977 3549 2051 μείζονα
3583 2021 3597 2050 ,
3655 1979 3793 2032 κατὰ

2130 2079 2238 2129 τῶν
2295 2075 2649 2151 πεμφθέντων
2722 2073 2805 2127 ἐπ’
2879 2071 3079 2132 αἱτιαις
3127 2078 3228 2140 τῆς
3283 2068 3577 2143 προδοσίας
3612 2113 3625 2137 ,
3703 2070 3778 2130 ὡς

2134 2162 2447 2227 ἐπιστάντας
2501 2164 2773 2239 ἑωρῶντο,
2831 2167 3095 2236 τιμωρεῖν
3153 2160 3439 2235 ὥρμηντο,
3490 2160 3651 2223 ’Ὅθεν
3697 2157 3785 2213 καὶ

2129 2252 2221 2306 τὸν
2261 2252 2353 2323 μὲν
2409 2250 2823 2327 Νικηφορίτζην
2870 2249 3237 2325 κατασχόντες
3292 2248 3353 2303 ἐκ
3404 2246 3588 2303 ποδῶν
3625 2247 3677 2309 ἐς
3705 2269 3789 2302 κε·

2132 2339 2310 2414 φαλὴν
2369 2346 2542 2410 ζῶντα
2583 2339 2834 2411 ἀνηλεῶς
2885 2338 3149 2413 ἐξὲδερον,
3179 2342 3559 2414 τιμωροῦντες
3615 2338 3790 2392 αἰτια-

2132 2431 2309 2497 θέντα,
2342 2430 2454 2503 ἅμα
2513 2428 2570 2484 δὲ
2624 2430 2714 2484 καὶ
2767 2430 2849 2483 ἐπ’
2909 2428 3099 2502 ἀτιμίᾳ
3154 2432 3255 2482 τοῦ
3313 2427 3649 2501 πέμψαντος·
3685 2428 3713 2480 ὁ
3747 2424 3795 2480 δ’

2131 2516 2516 2592 Ἀλουϐάρδης
2572 2518 2847 2595 προγνοὺς
2903 2519 3001 2587 τὴν
3080 2511 3382 2586 ἐπιϐουλὴν
3439 2516 3542 2571 ἀνὰ
3598 2515 3794 2592 κράτος

2131 2608 2317 2686 φεύγει
2355 2653 2367 2665 .
2422 2608 2527 2665 Καὶ
2580 2612 2753 2663 ταῦτα
2824 2608 2917 2680 μὲν
2971 2603 3128 2661 τόνδε
3171 2606 3263 2661 τὸν
3321 2606 3524 2681 τρόπον
3595 2598 3789 2675 συνέϐη

2128 2702 2245 2759 τοῖς
2274 2698 2403 2771 παρ’
2430 2694 2664 2752 Ἰταλίαν
2692 2700 2987 2774 πεμφθεῖσι
3018 2689 3369 2770 πρέσϐευσιν.

2141 2912 2287 2952 nens
2346 2896 2643 2967 praescribi
2700 2896 2859 2951 locos
2918 2896 2989 2950 ad
3023 2894 3437 2960 habitandum,
3492 2899 3549 2951 et
3578 2895 3792 2969 cuique

2137 2986 2296 3056 genti
2344 3002 2484 3042 suos
2536 3002 2750 3042 census
2781 2989 2839 3041 et
2870 2984 3198 3056 vectigalia,
3249 2983 3411 3039 nullo
3446 2984 3790 3057 prohibente

2136 3090 2462 3146 provenire.

2200 3237 2288 3291 36.
2322 3237 2397 3292 De
2447 3236 2642 3305 legatis
2672 3235 2741 3290 ad
2770 3251 2974 3319 papam
3003 3240 3054 3321 et
3086 3236 3254 3291 Italos
3292 3237 3360 3291 ab
3383 3236 3712 3306 imperatore

2864 3323 3074 3363 τηιδδῑδ.

2184 3430 2343 3487 Misit
2358 3435 2415 3486 et
2437 3429 3115 3503 quamprimumlegatos
3129 3430 3445 3503 imperator
3460 3430 3530 3484 ad
3546 3446 3780 3502 papam,

2125 3520 2296 3575 donis
2362 3536 2497 3575 eum
2559 3518 2869 3575 deliniens.
2907 3519 3037 3574 Duo
3096 3524 3294 3575 autem
3355 3518 3531 3591 legati
3582 3523 3768 3586 erant,

2126 3625 2379 3680 quorum
2413 3626 2570 3664 unus
2596 3606 3053 3679 Nicephoritzes,
3085 3608 3232 3664 alter
3260 3608 3589 3664 Alubardes
3619 3624 3787 3663 voca-

2125 3698 2317 3752 batur.
2352 3697 2607 3768 Uterque
2628 3696 2822 3753 scriba
2851 3695 3120 3751 Balduini
3147 3696 3336 3751 fuerat
3368 3712 3556 3768 nuper
3583 3695 3777 3768 impe-

2125 3786 2627 3841 ratorisltalorum
2665 3786 2850 3853 ;unde
2876 3786 3027 3856 quod
3062 3786 3134 3840 ad
3169 3786 3775 3857 partesRomanornm

2124 3874 2501 3943 transissent,
2549 3874 2903 3946 proditionis
2957 3875 3395 3930 accusabantur
3443 3892 3477 3930 a
3530 3874 3775 3930 Latinis.

2126 3966 2242 4018 Hos
2277 3965 2333 4017 in
2367 3962 2590 4018 Italiam
2620 3962 2901 4035 appulsos
2940 3979 3114 4034 grave
3146 3962 3474 4034 periculum
3533 3962 3777 4035 excepit,

2129 4054 2187 4106 in
2223 4069 2335 4123 quo
2369 4070 2440 4107 ne
2462 4069 2674 4108 nomen
2704 4053 2941 4123 quidem
2974 4058 3415 4109 sacrosanctum
3451 4056 3777 4123 legatorum

2134 4146 2394 4195 extrema
2426 4140 2570 4210 ipsis
2616 4140 2774 4196 mala
2820 4141 3121 4212 deprecari.
3177 4144 3386 4212 potuit,
3436 4158 3776 4212 quanquam

2126 4229 2272 4285 alias
2302 4228 2620 4300 imperator
2650 4230 2998 4302 proditionis
3027 4229 3086 4285 in
3123 4248 3184 4285 se
3213 4247 3344 4286 reos
3374 4246 3442 4285 ex
3473 4231 3618 4286 urbe
3646 4236 3776 4285 tum

2126 4337 2159 4375 a
2187 4319 2409 4375 Latinis
2440 4320 2675 4375 detenta
2708 4319 2955 4375 subdole
2988 4320 3203 4376 missos
3234 4320 3483 4390 benigne
3515 4320 3778 4391 accepis-

2125 4413 2234 4475 set,
2258 4409 2479 4463 crimen
2502 4408 2721 4464 honore
2752 4408 3062 4480 legationis
3084 4408 3441 4464 occultatum
3470 4426 3532 4464 se
3580 4410 3777 4464 videre

2123 4496 2533 4553 dissimulans.
2570 4497 2697 4552 Itali
2724 4498 2881 4553 enim
2916 4515 3047 4553 cum
3082 4498 3230 4553 alias
3262 4497 3576 4553 irritabiles
3621 4500 3776 4554 169

2123 4604 2189 4642 ac
2243 4588 2643 4655 vehementes,
2696 4591 2823 4642 tum
2880 4587 3251 4643 incommodo
3288 4588 3507 4643 recenti
3545 4588 3780 4643 amissaa

362 4690 425 4729 re
457 4673 591 4729 illos
622 4691 652 4729 e
675 4672 913 4745 regione
942 4675 1165 4745 Peraeae,
1199 4681 1257 4731 et
1286 4694 1394 4731 sua
1424 4678 1575 4732 intra
1608 4677 1789 4733 solam
1823 4694 2015 4733 arcem
2046 4688 2094 4752 Β
2123 4675 2714 4748 Constantinopoleos
2746 4675 3264 4732 eli‘eratiadversus
3292 4675 3402 4732 hos
3432 4675 3534 4731 tali
3549 4680 3781 4747 tempo-

360 4763 581 4819 Galatae
613 4764 826 4819 habere
852 4764 1152 4820 domicilia
1177 4767 1406 4837 jubere.
1433 4770 1686 4823 Venetos
1716 4774 1909 4821 autem
1961 4771 2020 4821 et

360 4857 627 4922 Pisanos,
663 4869 917 4925 quorum
974 4859 1101 4911 erat
1134 4872 1249 4910 non
1289 4855 1369 4910 ita
1422 4872 1640 4927 magna
1672 4855 2012 4925 multitudo,

362 4958 600 4998 manere
629 4942 790 4998 intra
816 4944 1020 4998 urbem
1054 4943 1347 5014 permisit,
1365 4945 1465 4999 sed
1491 4948 1791 5015 separatos
1822 4945 1892 4999 ab
1925 4945 2014 5000 in-

358 5032 543 5087 vicem
577 5036 633 5087 et
663 5032 733 5087 ab
766 5032 924 5101 aliis,
958 5034 1098 5088 Inde
1127 5034 1198 5088 ad
1223 5049 1394 5088 omne
1410 5033 1738 5104 periculum
1774 5036 2014 5101 certius,

359 5126 651 5191 quantum
684 5121 743 5175 in
775 5123 904 5192 ipso
934 5126 1080 5185 erat,
1117 5123 1584 5193 praevertendum
1617 5123 1769 5177 dirui
1804 5127 1860 5178 et
1890 5124 2014 5180 solo

359 5209 626 5265 funditus
658 5210 875 5281 aequari
897 5212 1082 5280 jussit
1114 5211 1472 5267 munitiones
1494 5215 1618 5266 tum
1643 5212 1796 5267 intra
1812 5212 2014 5267 urbem

365 5299 518 5354 arcis
574 5303 879 5354 exstructas
938 5300 1009 5354 ad
1037 5299 1394 5355 maritimam
1448 5300 1557 5355 fori
1604 5304 1853 5372 partem,
1886 5306 2012 5356 tum

361 5394 525 5445 extra
572 5387 843 5444 suburbii
902 5387 1139 5443 Galatae.
1175 5389 1237 5444 In
1272 5406 1388 5461 quo
1439 5390 1522 5445 sic
1553 5390 2013 5462 propugnaculis

363 5478 583 5532 nudato
598 5476 864 5533 habitare
882 5479 1222 5532 Genuenses
1247 5494 1312 5533 ex
1340 5479 1583 5535 adverso
1605 5479 1886 5551 oppositae
1901 5479 2013 5550 ipsi

359 5567 431 5621 ab
464 5583 675 5622 occasu
708 5567 934 5631 Peraea,
969 5569 1210 5621 extensa
1263 5583 1439 5637 quam
1475 5569 1729 5623 maxime
1787 5568 1847 5624 in
1887 5567 2012 5624 lon-

358 5670 499 5726 gum
528 5656 839 5712 domorum
870 5653 1039 5721 serie,
1080 5654 1375 5727 praecepit,
1408 5656 1538 5713 aliis
1560 5673 1792 5729 quoque
1812 5659 2014 5714 decer-

2128 4782 2190 4820 re
2223 4782 2349 4821 sese
2380 4764 2493 4837 ipsi
2525 4765 2833 4820 offerentes
2866 4765 2925 4820 in
2985 4764 3208 4821 rabiem
3242 4764 3415 4821 solito
3465 4765 3781 4834 majorem,

2126 4854 2332 4910 ulcisci
2382 4854 2674 4926 supplicio
2707 4871 2952 4925 prorsus
2984 4853 3164 4909 atroci
3207 4855 3431 4909 crimen
3473 4853 3619 4925 ipsis
3667 4854 3783 4908 im-

2125 4948 2361 5015 pactum
2394 4942 2744 5013 proditionis
2775 4942 3035 5015 aggressi
3072 4947 3310 5014 repente
3332 4946 3493 4997 sunt.
3526 4943 3781 5014 Captum

2121 5032 2392 5088 videlicet
2422 5031 2869 5104 Nicepl-oritzen
2902 5050 2935 5087 a
2966 5032 3214 5105 pedibus
3249 5032 3320 5087 ad
3352 5036 3530 5104 caput
3575 5032 3779 5087 vivum

2124 5122 2441 5178 crudeliter
2469 5120 2861 5189 excoriarunt,
2917 5137 3031 5177 non
3057 5121 3247 5194 magis
3277 5122 3337 5176 in
3388 5138 3618 5193 pcsnam
3653 5137 3780 5177 sce-

2123 5211 2261 5268 leris
2293 5210 2480 5283 ipsius
2513 5227 2689 5283 quam
2723 5212 2781 5267 in
2810 5211 3184 5283 imperatoris
3233 5210 3431 5283 ipsum
3491 5211 3786 5268 mittentis

2123 5301 2512 5373 ignominiam
2548 5318 2613 5356 ac
2662 5306 3088 5372 contemptum.
3125 5304 3195 5355 At
3235 5300 3585 5369 Alubardes,
3619 5317 3783 5356 com-

2125 5398 2287 5462 perto
2336 5390 2475 5461 quid
2513 5391 2622 5445 sibi
2671 5395 2997 5461 pararetur,
3061 5389 3356 5461 praevertit
3388 5390 3783 5446 infortunium

2124 5480 2264 5551 fuga
2297 5483 2549 5535 matura.
2572 5480 2678 5535 Hic
2710 5495 3020 5535 successus
3053 5477 3248 5534 missas
3280 5477 3339 5533 in
3374 5477 3596 5535 Italiam
3628 5478 3785 5551 lega-

2124 5568 2304 5623 tionis
2331 5567 2461 5623 fuit.
