4112 6412
311 371 383 425 60
1377 373 1475 426 DE
1511 372 1886 426 MICHAELE
1923 372 2371 428 PALEOLOGO
2408 374 2542 426 LIB.
2586 374 2683 426 IlI.

1953 550 2087 644 I".

316 695 383 751 α’.
417 697 607 757 Ὅπως
635 692 851 748 ἐσκόπει
885 694 912 748 ὁ
949 690 1204 768 βασιλεὺς
1229 693 1296 746 τὰ
1324 693 1462 747 κατὰ
1496 693 1590 748 τὸν
1620 694 1970 769 πατριάρχην
2000 696 2055 763 Α
2083 693 2117 761 ἢ
2178 694 2254 765 μὴ
2292 690 2758 767 μετελευσομένου
2788 694 2879 749 τὸν
2913 697 3321 769 ἁμαρτήσαντα.
3353 700 3434 754 Τὰ
3465 697 3513 753 δ’
3540 700 3615 762 εἷς
3649 722 3746 773 με·

3634 377 3741 434 610

1000 783 1303 857 Ἀρσένιον.

389 876 474 947 [Ρ.
512 873 638 947 113]
692 873 753 929 Ὁ
813 869 870 926 δὲ
932 869 1188 948 βασιλεὺς
1244 871 1663 946 στοιχιζόμενος
1716 877 1836 936 ταῖς
1895 871 1975 926 ἐν-

316 964 515 1033 νοίαις,
575 962 652 1024 ὼς
708 959 894 1023 ἄλλως
952 960 1051 1015 οὐκ
1106 961 1164 1015 ’ὀν
1225 960 1571 1035 πατριάρχου
1622 958 1754 1035 δίχα
1781 962 1847 1015 τά
1875 968 1977 1030 τῆς

315 1054 327 1075 ν
360 1059 372 1076 1
568 1050 579 1070 1
702 1049 716 1070 3
770 1049 783 1069 I
1166 1050 1177 1066 ι
1439 1052 1450 1071 ν
1643 1050 1655 1064 ι
1794 1055 1820 1064 ρ..
1912 1050 1932 1065 η

335 1049 645 1121 Ιεικκλησιας
705 1061 996 1121 ιθυνεσθαι,
1057 1048 1272 1104 ἐσκοπει
1330 1061 1431 1113 καθ
1509 1051 1694 1105 ὲαυτεν
1745 1071 1864 1111 πως
1912 1072 1973 1104 αν

314 1141 406 1197 καὶ
486 1143 554 1195 τὰ
628 1140 764 1195 κατὰ
839 1139 930 1193 τὸν
1004 1140 1351 1213 πατριάρχην
1411 1158 1707 1210 κατασταιη
1763 1139 1851 1193 καὶ
1908 1141 1978 1194 τὰ

314 1230 447 1286 κατὰ
474 1230 703 1305 γνώμην
757 1223 970 1298 ἐκϐαίη,
1026 1228 1251 1303 θατέρου
1294 1225 1341 1281 δ’
1371 1226 1733 1297 εὐοδήσαντος
1783 1228 1827 1283 εἶ
1880 1230 1976 1292 05t-

316 1341 468 1394 τερον
530 1317 912 1388 ἀπολείποιτο,
970 1319 1033 1372 τὸ
1081 1322 1184 1372 πᾶν
1248 1316 1309 1371 ’ἀν
1366 1316 1635 1391 χωλεόειν
1679 1319 1972 1393 ἀναγκαῖον

314 1414 522 1484 ἡγεῖτο.
574 1406 703 1465 Εἴτε
750 1408 854 1482 γὰρ
905 1407 1267 1468 καταστάντος
1313 1411 1411 1461 τοῦ
1440 1409 1787 1483 πατριάρχου
1815 1408 1976 1470 αὐτὸς

317 1498 673 1573 ἐμποδίζοιτο
717 1503 837 1559 ταῖς
891 1497 1240 1573 βουλήσεσιν,
1274 1497 1361 1551 ἐπὶ
1400 1498 1680 1572 μεγίστοις
1728 1498 1973 1573 ἀτυχεῖν

317 1589 419 1644 εἴτ’
475 1588 715 1649 ἀπόντος
773 1586 978 1641 ἐκείνου
1037 1586 1199 1650 αὐτὸς
1225 1587 1294 1641 τὰ
1322 1588 1459 1641 κατά
1500 1586 1769 1661 βούλησιν
1801 1588 1972 1662 πράτ-

313 1700 424 1747 τοι,
456 1682 562 1732 τῶν
595 1677 733 1752 πρὸς
756 1677 923 1731 αὐτοῦ
959 1675 1051 1747 μὲν
1086 1675 1287 1744 ἥκιστα
1327 1676 1676 1748 ἁμαρτάνειν,
1727 1674 1975 1738 πολλοὺς

320 1765 379 1822 δὶ
433 1764 845 1839 συμπλέκοντας
919 1768 1088 1819 ταῦτα
1159 1769 1239 1835 τῷ
1295 1765 1417 1839 περὶ
1472 1765 1562 1818 τὸν
1622 1765 1970 1841 πατριάρχην

315 1852 583 1929 συμϐάντι
643 1856 717 1916 ὡς
790 1854 890 1909 οὐκ
956 1851 1184 1916 ἐνδίκως
1242 1855 1651 1929 ἀπρακτοῢντος
1711 1855 1973 1930 μεγίστην

312 1945 483 2019 α’ίρειν
514 1946 616 2013 τὴν
645 1944 921 2018 ταραχὴν,
976 1942 1067 1997 καὶ
1114 1947 1396 2018 προσεῖναι
1436 1944 1496 1997 τὸ
1530 1941 1787 2017 εὔλογον,
1822 1945 1895 2006 ὡς
1928 1945 1973 1999 εἰ

313 2040 493 2108 παρῆν
517 2034 756 2100 πάντως,
810 2028 1066 2104 ἐμποδὼν
1115 2030 1175 2085 ἂν
1226 2030 1429 2085 ἐκεῖνον
1468 2039 1657 2100 στῆναι
1711 2038 1829 2094 ταῖς
1857 2031 1973 2087 έπι-

312 2130 511 2186 νοίαις.
544 2127 654 2178 Νῦν
686 2119 744 2177 δὲ
772 2121 1216 2194 προαιρουμένου
1272 2125 1370 2174 τοῦ
1431 2119 1701 2196 βασιλέως
1732 2142 1971 2196 παρανο-

328 2218 471 2285 μεῖν,
515 2210 859 2284 παρανόμοις
902 2208 1100 2270 ἄλλαις
1148 2211 1345 2284 ἀργαῖς
1406 2210 1772 2283 συμπέρασμα
1800 2212 1977 2283 παρά-

319 2322 492 2374 νομον
525 2300 876 2374 ἐπεισῆχθαι,
931 2300 1004 2360 ὡς
1051 2298 1139 2352 καὶ
1196 2300 1289 2353 τὸν
1339 2300 1687 2374 πατριάρχην
1732 2301 1978 2374 παραλο-

321 2390 573 2465 γίσασθαι
622 2388 711 2444 καὶ
759 2390 852 2443 τὸν
908 2385 1136 2463 βασιλέα
1181 2388 1461 2464 πτερνίσαι
1510 2393 1629 2449 ταῖς
1669 2389 1733 2443 οὐ
1782 2387 1976 2449 καλαῖς

317 2479 444 2554 περὶ
474 2479 536 2533 τὸ
568 2482 722 2533 Θεῖον
760 2475 1123 2550 ὑπολήψεσιν,
1157 2477 1232 2541 ὡς
1260 2476 1524 2547 ἐκείνουῆ
1561 2479 1636 2550 μή
1670 2476 1976 2555 ἐφορῶντος

2084 780 2264 857 γάλην
2321 782 2455 836 εἷναί
2508 784 2559 837 οἱ
2614 785 2713 852 τήν
2768 790 3039 860 ταραχὴν,
3099 787 3172 848 ὡς
3202 787 3292 840 καὶ
3322 786 3571 843 κίνδυνον
3603 790 3741 845 ὑπο-

2082 876 2342 935 νοεῖσθαι.
2400 873 2558 926 Ταῦθ’
2617 873 2644 926 ὁ
2722 878 2929 947 κρατῶν
3014 873 3371 950 λογιζόμενος
3458 877 3738 934 συνάπτειν

2083 960 2249 1030 ἤθελε
2296 963 2363 1015 τά
2411 961 2709 1033 ἀσύναπτα,
2757 965 2855 1033 τήν
2901 985 2959 1018 τε
3007 969 3104 1018 τοῦ
3136 968 3484 1040 πατριάρχου
3529 968 3738 1023 ἀποκα-

2082 1052 2336 1104 τάστασιν
2395 1052 2481 1103 καὶ
2532 1052 2631 1119 τὴν
2686 1056 2783 1105 τοῦ
2828 1053 3059 1127 γνησίου
3123 1054 3393 1127 βασιλέως
3453 1058 3735 1129 απραξίαν·

2080 1139 2148 1193 τά
2206 1136 2253 1193 δ’
2312 1139 2447 1207 ἦσαν
2498 1140 2652 1194 λίνον
2716 1142 2791 1212 μὴ
2853 1139 2992 1213 λίνῳ
3037 1140 3428 1216 συγκλώθοντα
3458 1148 3735 1219 πραττειν.

2082 1230 2257 1303 Ἔγνω
2306 1233 2437 1303 γοῦν
2488 1234 2773 1305 πειρᾶσθαι
2812 1236 2909 1284 τοῦ
2959 1233 3326 1307 πατριάρχου,
3378 1234 3420 1288 εἰ
3456 1233 3598 1289 οὕτω
3628 1241 3736 1290 τῶν

2081 1318 2217 1372 κατὰ
2257 1318 2349 1372 τὸν
2396 1318 2649 1388 Ἰωάννην
2707 1319 2946 1393 ἐχόντων
2989 1320 3395 1395 ἀπηρτημένως
3424 1324 3599 1395 πάντη
3646 1326 3735 1380 καὶ

2082 1406 2379 1479 ἀνειμένως
2439 1406 2599 1469 αὐτὸς
2642 1408 2927 1463 κατανεόοι
2973 1410 3073 1477 τήν
3124 1409 3199 1470 εἷς
3246 1412 3345 1479 τήν
3397 1412 3561 1467 πόλιν
3595 1411 3736 1468 εἶ’σο-

2083 1493 2198 1567 δον,
2254 1498 2391 1570 πρὸς
2449 1494 2505 1550 δὲ
2551 1496 2640 1551 καὶ
2691 1499 2790 1565 τήν
2843 1498 3169 1568 προστασίαν
3223 1506 3322 1568 τῆς
3385 1500 3739 1573 Ἑκκλησίας,

2080 1586 2169 1640 καὶ
2221 1586 2429 1659 στέφειν
2461 1586 2612 1645 αὖθις
2664 1585 2868 1640 ἐκεῖνον
2926 1588 3228 1662 βασιλικῶς
3275 1589 3411 1642 κατὰ
3456 1590 3518 1644 τὸ
3559 1587 3739 1645 δεύτε‹

2083 1696 2180 1750 ρον
2238 1681 2559 1751 προαιροῖτο
2619 1675 2705 1730 ἐπὶ
2764 1684 2865 1746 τῆς
2926 1676 3144 1738 πόλεως
3196 1677 3486 1753 (εἶναιγὰρ
3519 1680 3608 1733 καὶ
3641 1678 3741 1734 ἄλ-

2082 1763 2196 1825 λως
2257 1762 2465 1819 δίκαιον
2536 1766 2771 1837 πρώτως
2833 1764 3156 1840 εἷ’σαχθέντα
3210 1766 3301 1821 καὶ
3360 1772 3580 1842 πρῶτον
3630 1772 3738 1823 τῶν

2086 1851 2352 1928 βασιλέων
2413 1856 2739 1929 στέφεσθαι),
2801 1855 2874 1916 ὡς
2936 1855 2981 1909 εἰ
3036 1852 3213 1926 διδοίη
3275 1860 3440 1910 ταῦτα
3489 1857 3579 1911 καῖ
3609 1858 3738 1912 τάπὶ

2079 1942 2294 2003 τούτοις
2344 1942 2605 2014 ἐλπίζειν,
2658 1944 2732 2005 ὡς
2780 1942 3119 2019 ἐφησυχάσοι
3149 1947 3528 2021 πραχθέντων.
3580 1947 3742 2019 Τρισὶ

2084 2028 2129 2085 δ’
2180 2030 2317 2102 ᾤετο
2349 2030 2553 2085 πείσειν
2605 2036 2833 2087 τοιαῦτα
2881 2032 3134 2107 λέγοντα,
3196 2038 3273 2105 τῷ
3320 2056 3377 2089 τε
3429 2034 3742 2107 μεμαλακί-

2082 2122 2203 2174 σθαι
2261 2125 2455 2175 τοῦτον
2506 2126 2582 2193 τῷ
2626 2121 2815 2196 χρόνῳ
2865 2121 2918 2175 ἐν
2971 2122 3282 2197 ὑπερορίαις
3335 2122 3611 2198 διάγοντα,
3666 2130 3745 2197 τῷ

2088 2231 2145 2264 τε
2177 2207 2404 2264 δεδιέναι
2456 2211 2532 2282 μὴ
2582 2211 2673 2264 καὶ
2722 2208 2875 2274 αὖθις
2906 2212 3264 2285 ἀντικαταστῇ
3298 2210 3492 2281 ἄλλος,
3524 2214 3743 2289 γεγονὸς

2088 2298 2176 2353 καὶ
2210 2297 2291 2352 ἐπ’
2342 2296 2501 2371 ἄλλῳ
2544 2296 2677 2369 ἤδη,
2727 2300 2816 2353 καὶ
2868 2300 3035 2372 τρίτῳ
3082 2305 3159 2371 τῷ
3189 2300 3425 2376 ἀνάγκην
3476 2303 3605 2356 εἶναι
3655 2304 3746 2358 καὶ

2088 2387 2246 2442 αὐτὸν
2282 2388 2402 2464 ἐρᾷν
2429 2394 2533 2457 τῆς
2571 2386 2856 2463 πατρίδος,
2900 2389 2968 2457 ἧς
3019 2386 3279 2444 ἀδύνατον
3327 2386 3605 2461 ἐπιϐῆναι,
3656 2394 3748 2447 καὶ

2083 2481 2248 2531 ταῦτα
2302 2479 2419 2550 μεθ’
2471 2479 2774 2552 ὑπερτάτης
2818 2485 2988 2552 τιμῆς
3033 2500 3091 2533 τε
3137 2480 3227 2534 καὶ
3287 2477 3449 2551 δόξης
3495 2482 3580 2551 [Ρ.
3612 2484 3757 2562 114]

1950 2606 2113 2701 ΙΙΙ.

324 2766 376 2820 1.
406 2760 547 2831 Quid
575 2758 797 2818 consilii
819 2760 1028 2831 ceperit
1056 2765 1359 2824 zmperatov
1417 2758 1568 2814 circa
1593 2758 1979 2830 patriarcham

1000 2832 1316 2886 Arsaniam.

396 2946 468 2996 At
492 2941 816 3012 imperator
844 2937 1049 2992 multis
1083 2937 1345 3008 undique
1385 2937 1840 3009 cogitationibus
1873 2955 1977 2993 oc-

324 3031 705 3089 currentibus
731 3028 968 3083 tandem
1023 3027 1358 3098 intelligcns
1413 3028 1536 3082 ﬁeri
1568 3044 1683 3082 non
1717 3044 1889 3098 posse
1921 3032 1983 3083 ut

326 3139 421 3177 res
455 3118 722 3175 Ecclesia
755 3117 883 3172 sine
916 3115 1252 3187 patriarcha
1290 3121 1805 3186 componerentur,
1839 3117 1982 3172 deli-

325 3211 570 3267 berabat
599 3223 800 3263 secum
832 3222 948 3277 quo
977 3213 1141 3277 pacto
1173 3210 1633 3274 consequeretur
1664 3212 1728 3261 ut
1757 3211 1813 3261 et
1862 3206 1986 3262 sedi

327 3298 560 3355 vacanti
593 3298 835 3353 daretur
865 3294 1201 3367 patriarcha
1229 3298 1286 3349 et
1317 3293 1497 3348 simul
1522 3294 1631 3349 sibi
1657 3312 1725 3350 ex
1753 3300 1985 3351 senten-

330 3390 416 3445 tia
448 3388 743 3444 destinata
773 3384 1175 3456 procederent.
1208 3388 1356 3439 Nam
1393 3386 1600 3440 horum
1654 3384 1905 3441 alterum
1940 3386 1989 3440 si

332 3479 691 3542 succederet,
726 3474 911 3530 altero
941 3473 1263 3542 deﬁciente,
1298 3472 1766 3529 claudicaturum
1799 3492 1994 3531 neces-

335 3568 493 3624 sario
525 3569 745 3621 statum
778 3579 952 3618 suum
987 3561 1342 3634 providebat.
1382 3562 1607 3634 Quippe
1639 3564 1687 3618 si
1722 3564 1993 3619 restituto

336 3654 671 3729 patriarcha
702 3652 827 3724 ipse
860 3651 1269 3723 prohiberetur
1310 3651 1549 3722 exsequi
1606 3653 1759 3724 quod
1794 3653 1992 3709 decre-

340 3750 556 3811 verat,e
584 3741 854 3799 maximis
885 3756 948 3796 se
980 3741 1198 3812 spebus
1230 3740 1308 3795 im
1344 3758 1449 3811 par
1480 3741 1785 3812 lapsurum
1818 3743 1996 3797 infor-

337 3835 575 3891 tunium
602 3833 1017 3889 exhorrescens
1048 3829 1359 3901 cngitabat:
1394 3830 1485 3885 sin
1518 3829 1717 3885 relicto
1748 3830 1846 3885 illo
1896 3830 1994 3884 ubi

342 3931 490 3990 erat,
522 3922 646 3994 ipse
676 3937 780 3993 per
809 3936 937 3975 sese
968 3936 1097 3990 quae
1128 3919 1302 3973 vellet
1332 3919 1769 3988 efﬁceret,l70
1791 3919 1995 3991 ingen-

344 4019 465 4070 tem
489 4029 548 4068 se
572 4011 914 4067 subiturum
936 4008 1218 4063 invidiam
1242 4011 1299 4063 et
1321 4008 1618 4079 erupturis
1648 4008 1785 4063 inde
1806 4008 1998 4064 assul-

343 4104 505 4159 tibus
536 4101 629 4155 vix
663 4115 862 4171 parem
896 4098 1157 4152 futurum
1178 4097 1808 4169 reputabat,siquidem
1832 4098 1996 4154 habi-

343 4200 509 4250 turos
534 4206 739 4263 parum
765 4188 1094 4259 sibiaequos
1113 4186 1998 4258 plurimos,rebusimminentes

342 4284 533 4349 novis,
567 4280 900 4352 speciosum
936 4280 1278 4347 praetextum
1306 4276 1510 4332 validae
1543 4277 1861 4333 conﬂandaa
1913 4279 1998 4333 fa-

342 4370 577 4436 ctionis,
611 4365 983 4423 obtendendo
1014 4363 1287 4419 videlicet
1315 4364 1540 4420 arcanis
1562 4365 1830 4421 odiorum
1864 4382 2001 4421 cau-

344 4461 453 4529 sis,
487 4459 653 4514 livori
684 4460 742 4513 et
773 4454 1098 4522 ambitioni,
1132 4453 1365 4524 publice
1396 4454 1691 4524 plausibili
1715 4456 1844 4510 etin
1868 4472 1999 4527 spe-

346 4551 497 4605 ciem
531 4546 800 4619 religioso
832 4543 953 4599 zelo
985 4542 1322 4597 vindicandi
1355 4543 1426 4597 ab
1460 4543 1678 4614 injuria
1738 4553 1789 4600 et
1836 4562 2001 4616 repo-

348 4638 523 4696 nendi
554 4637 614 4691 in
644 4636 924 4691 thronum
956 4639 1220 4703 ereptum
1271 4631 1597 4687 exsulantis
1654 4634 1777 4688 sine
1826 4651 2005 4689 causa

350 4725 717 4800 patriarcha,
751 4740 817 4779 ac
846 4719 1245 4777 verisimiliter
1267 4722 1545 4791 jactando
1595 4722 1850 4778 voluisse
1897 4723 2006 4777 im-

351 4821 683 4891 peratorem
712 4830 778 4869 eo
811 4810 1011 4884 procul
1044 4810 1312 4865 habendo
1344 4826 1614 4865 amovere
1645 4828 1678 4866 a
1710 4828 1771 4866 se
1821 4811 2003 4868 mole-

2088 2757 2429 2829 declararet,
2458 2758 2676 2830 quippe
2707 2774 2881 2829 quem
2913 2758 3211 2814 videretur
3240 2760 3464 2831 opinari
3498 2764 3599 2816 aut
3629 2778 3748 2818 non

2087 2848 2285 2903 videre
2318 2864 2446 2919 quae
2472 2848 2529 2903 in
2561 2847 2756 2918 ipsum
2787 2852 3127 2919 peccantur,
3183 2854 3285 2904 aut
3332 2849 3641 2905 connivere
3673 2852 3746 2905 ad

2091 2938 2334 3002 scelera,
2371 2938 2556 3008 pomis
2582 2953 2783 2992 eorum
2817 2954 3117 3009 nunquam
3142 2939 3492 3009 repetendis.
3520 2938 3708 3002 Quihu
3726 2957 3754 2995 s

2094 3042 2162 3081 ex
2192 3027 2367 3081 rebus
2397 3025 2485 3080 vel
2521 3026 2755 3097 propria
2787 3026 3201 3097 probabilitate
3232 3027 3319 3081 vel
3354 3028 3618 3083 artiﬁciis
3646 3029 3749 3083 ad-

2095 3114 2457 3170 versantium
2493 3114 2708 3186 populo
2742 3115 3041 3186 persuasis
3091 3115 3408 3171 maximam
3467 3116 3749 3171 orituram

2098 3204 2597 3276 perturbationem
2633 3203 2824 3274 palam
2857 3208 3005 3272 erat,
3038 3209 3279 3275 tamque
3309 3211 3472 3260 atrox
3502 3205 3753 3260 excitan-

2100 3295 2240 3349 dum
2275 3293 2581 3347 discordiae
2613 3293 2800 3348 civilis
2834 3293 3196 3363 incendium,
3248 3311 3364 3365 quo
3427 3294 3753 3363 periculum

2102 3387 2257 3439 esset
2290 3399 2362 3437 ne
2385 3386 2557 3452 caput
2591 3398 2657 3437 ac
2700 3382 2923 3437 familia
2980 3382 3171 3455 ipsius
3226 3384 3406 3438 simul
3439 3401 3573 3439 cum
3626 3384 3757 3455 ipsa

2105 3471 2404 3543 republica
2422 3471 2827 3543 conﬂagraret.
2846 3470 3005 3527 Talia
3025 3476 3306 3543 reputans
3322 3472 3759 3543 formidansque

2106 3562 2427 3633 imperator
2447 3568 2792 3618 connectere
2807 3562 3391 3631 insociabiliavoluit,
3410 3563 3757 3634 patriarchae

2104 3651 2375 3707 videlicet
2406 3651 2834 3707 restitutionem
2858 3656 2915 3707 et
2948 3653 3489 3708 exauctorationcm
3509 3651 3759 3724 legitimi

2107 3740 2412 3811 principis.
2446 3744 2567 3795 Hoc
2608 3745 2802 3795 autem
2836 3746 2961 3796 erat
2993 3741 3168 3797 telam
3203 3746 3395 3797 texere
3429 3742 3757 3797 linolinum

2108 3829 2663 3900 nonjungendo,sed
2690 3830 2949 3885 diversas
2966 3847 3068 3885 nec
3092 3834 3303 3885 natura
3326 3830 3684 3887 cohaerentes
3701 3834 3757 3886 in

2107 3934 2292 3973 unum
2353 3922 2576 3972 stamen
2630 3917 2909 3973 intricare
2961 3919 3253 3974 materias.
3298 3920 3411 3974 lloc
3462 3920 3761 3991 proposito

2108 4022 2422 4078 aggressus
2454 4010 2587 4061 ante
2621 4007 2821 4061 omnia
2850 4011 2939 4061 est
2992 4012 3216 4062 tentare
3256 4008 3601 4079 patriarcha:
3634 4009 3765 4063 ani-

2108 4112 2294 4162 mum,
2328 4095 2537 4167 ecquid
2572 4095 2914 4165 persuaderi
2950 4096 3074 4150 seni
3110 4100 3309 4167 posset
3343 4100 3408 4150 ut
3438 4097 3658 4152 relictis
3702 4098 3761 4151 in

2108 4201 2399 4257 suspenso
2432 4188 2489 4239 et
2520 4185 2579 4239 in
2613 4184 2857 4250 incerto,
2892 4184 2974 4238 uti
3006 4191 3146 4239 tunc
3178 4189 3361 4250 erant,
3393 4186 3637 4241 Joannis
3662 4203 3766 4257 pu-

2109 4274 2230 4347 pilli
2253 4274 2653 4344 rebus,venire
2676 4273 2884 4344 ipsein
2911 4274 3114 4329 urbem
3136 4281 3441 4344 annuerel,
3467 4290 3534 4329 ac
3553 4276 3763 4330 throno

2109 4362 2487 4435 patriarchali
2516 4362 2573 4416 in
2608 4379 2714 4417 sua
2734 4378 2870 4417 vera
2892 4361 3196 4433 metropoli
3228 4378 3548 4418 conscenso
3580 4362 3764 4418 emol-

2110 4452 2203 4508 liri
2233 4469 2294 4507 se
2327 4456 2622 4523 pateretur
2672 4453 2740 4507 ad
2802 4467 2932 4507 sese
2981 4452 3382 4507 coronandum
3440 4452 3520 4507 ibi
3573 4454 3766 4508 denuo

2112 4558 2325 4615 pompa
2357 4546 2413 4596 et
2443 4541 2790 4596 cmremonia
2813 4541 3389 4597 solemuissima.Nec
3416 4543 3767 4611 desperabat

2114 4648 2232 4687 rem
2266 4630 2379 4702 ipsi
2414 4629 2645 4700 probari
2678 4647 2867 4699 posse,
2903 4630 3190 4701 quidquid
3216 4631 3363 4685 171
3399 4631 3547 4686 alias
3579 4631 3637 4686 in
3670 4649 3771 4687 co-

2112 4720 2419 4776 ronatione
2452 4724 2859 4791 repugnasset,
2895 4719 3174 4789 quoniam
3207 4736 3387 4774 causa
3444 4736 3601 4774 nunc
3645 4725 3772 4774 erat

2114 4811 2346 4879 idonea,
2379 4812 2441 4863 ut
2478 4808 2577 4879 qui
2611 4808 2770 4879 prior
2818 4807 3242 4878 imperatorum
3303 4807 3361 4861 in
3395 4808 3601 4863 urbem
3635 4809 3769 4863 suis

352 4916 509 4965 stum
543 4903 853 4969 arbitrum,
888 4916 1061 4972 quem
1098 4898 1244 4955 satis
1274 4905 1475 4955 nosset
1522 4899 1679 4954 haud
1738 4917 1999 4972 unquam
2030 4902 2077 4966 D
2112 4902 2289 4956 unius
2319 4899 2601 4971 auspiciis
2619 4902 2854 4970 captam
2886 4898 3226 4968 intraverat,
3260 4897 3418 4969 prior
3434 4898 3772 4970 quoqueibi

350 4995 763 5067 acquieturum
792 4990 1043 5062 ingratis
1072 4989 1200 5059 ejus
1232 4994 1290 5043 et
1310 4988 1551 5060 injustis
1575 4989 2002 5051 molitionibus.

352 5091 411 5142 et
442 5081 726 5157 quoniam
759 5082 1142 5153 praeoptasset
1168 5076 1538 5148 illegitimam
1600 5079 2006 5136 monarchiam

349 5174 615 5247 legitimo
638 5169 879 5237 collegio
902 5184 1188 5238 supremae
1216 5166 2008 5237 potestatis,ecclesiasticum

354 5278 590 5336 quoque
619 5274 965 5331 supremum
1002 5256 1414 5327 magistratum
1472 5255 1848 5327 illegitimum
1882 5274 2007 5314 ma~

352 5354 562 5419 luisse,
597 5348 877 5422 quoniam
909 5362 977 5400 ex
1008 5362 1096 5412 eo,
1129 5362 1261 5399 cum
1299 5344 1432 5399 talis
1452 5347 2007 5419 esset,suﬂ‘ragatio-

356 5459 495 5497 nem
528 5441 583 5495 in
615 5454 790 5495 suum
816 5435 928 5507 ipsi
961 5434 1215 5490 similem
1271 5438 1604 5505 sperasset;
1667 5452 1732 5489 ac
1790 5436 2012 5507 duplici

358 5536 609 5602 utraque
622 5523 1272 5593 scelestissimainjuria
1286 5522 1772 5578 consciscendain
1789 5531 2012 5596 patrem

354 5635 687 5682 sacrorum,
712 5631 884 5689 quem
910 5612 1412 5679 circumvenisset,
1434 5612 1494 5667 in
1529 5612 1816 5684 pupillum
1849 5616 2013 5687 prin-

353 5711 570 5782 cipem,
606 5723 781 5780 quem
804 5701 1265 5775 supplantasset,
1294 5702 1446 5758 male
1475 5719 1537 5758 se
1568 5703 1638 5757 de
1660 5702 1776 5759 Deo
1800 5707 2017 5763 sentire

2117 4994 2513 5045 coronaretur.
2533 4988 2668 5052 Quae
2691 4987 2738 5042 si
2763 4987 2835 5042 ab
2872 4987 3113 5041 Arsenio
3133 4987 3609 5058 impetrarentur,
3635 5005 3773 5060 spes

2116 5083 2238 5133 erat
2268 5078 2326 5132 in
2362 5077 2493 5132 aliis
2541 5092 2776 5148 quoque
2824 5092 3225 5143 assensurum,
3290 5093 3353 5131 ac
3385 5093 3519 5132 cum
3580 5078 3772 5133 forent

2122 5171 2451 5238 perpetrata
2480 5183 2605 5237 quae
2627 5165 2946 5236 imperator
2977 5164 3323 5235 destinarat,
3350 5167 3519 5222 factis
3538 5168 3772 5238 acquie-

2120 5263 2343 5312 turum.
2369 5256 2513 5310 Tres
2538 5259 2731 5309 autem
2757 5270 2956 5308 secum
2981 5259 3259 5326 reputans
3280 5256 3608 5327 reperiebat
3637 5273 3775 5313 cau-

2123 5364 2240 5411 sas,
2275 5362 2403 5417 quae
2434 5344 2549 5417 ipsi
2573 5345 2931 5416 sperandum
2963 5345 3281 5400 suaderent
3310 5345 3431 5401 fore
3463 5363 3618 5401 nunc
3652 5362 3781 5401 exo-

2124 5437 2459 5494 rabiliorem
2496 5436 2553 5490 in
2587 5435 2678 5489 his
2730 5452 2906 5506 quam
2968 5440 3138 5491 antea
3191 5437 3526 5492 Arsenium.
3581 5438 3778 5492 Prima

2124 5531 2266 5593 erat,
2291 5525 2443 5597 quod
2465 5529 2620 5580 esset
2638 5526 2963 5581 verisimile
2986 5527 3198 5581 taedere
3224 5526 3417 5598 ipsum
3442 5526 3631 5582 exsilii
3654 5531 3775 5582 tam

2124 5616 2307 5688 longi,
2340 5631 2525 5686 eoque
2556 5614 2728 5669 taedio
2755 5614 3082 5669 emollitum
3108 5614 3179 5669 ad
3203 5614 3455 5671 libenter
3477 5615 3778 5687 paciscen—

2127 5707 2266 5763 dum
2298 5705 2369 5760 de
2402 5702 2612 5759 reditu.
2647 5703 3031 5776 Altera,quod
3053 5704 3148 5758 vix
3168 5708 3323 5760 esset
3350 5704 3600 5760 dubium
3632 5704 3777 5776 quin
