  <div class='ocr_page' id='page_1' title='image "/cluster/home/n/w/nwhite01/storage/ocr_20150623/143:no.1/coo.31924054870484/313.png"; bbox 0 0 4112 6406; ppageno 0'>
   <div class='ocr_carea' id='block_1_1' title="bbox 342 385 443 439">
    <p class='ocr_par' dir='ltr' id='par_1_1' title="bbox 342 385 443 439">
     <span class='ocr_line' id='line_1_1' title="bbox 342 385 443 439; baseline 0.02 -2"><span class='ocrx_word' id='word_1_1' title='bbox 342 385 443 439; x_wconf 71' lang='lat' dir='ltr'>ﬁll</span> 
     </span>
    </p>
   </div>
   <div class='ocr_carea' id='block_1_2' title="bbox 1657 381 2457 436">
    <p class='ocr_par' dir='ltr' id='par_1_2' title="bbox 1657 381 2457 436">
     <span class='ocr_line' id='line_1_2' title="bbox 1657 381 2457 436; baseline 0.005 -4"><span class='ocrx_word' id='word_1_2' title='bbox 1657 381 1955 436; x_wconf 82' lang='lat' dir='ltr'>GEORGII</span> <span class='ocrx_word' id='word_1_3' title='bbox 1993 381 2457 436; x_wconf 71' lang='lat' dir='ltr'>PACHYMERB</span> 
     </span>
    </p>
   </div>
   <div class='ocr_carea' id='block_1_3' title="bbox 3662 384 3772 439">
    <p class='ocr_par' dir='ltr' id='par_1_3' title="bbox 3662 384 3772 439">
     <span class='ocr_line' id='line_1_3' title="bbox 3662 384 3772 439; baseline 0.009 -1"><span class='ocrx_word' id='word_1_4' title='bbox 3662 384 3772 439; x_wconf 82' lang='lat' dir='ltr'>6l2</span> 
     </span>
    </p>
   </div>
   <div class='ocr_carea' id='block_1_4' title="bbox 349 502 3775 582">
    <p class='ocr_par' dir='ltr' id='par_1_4' title="bbox 349 502 3775 582">
     <span class='ocr_line' id='line_1_4' title="bbox 349 502 3775 582; baseline 0.001 -19"><span class='ocrx_word' id='word_1_5' title='bbox 349 513 424 582; x_wconf 79' lang='grc' dir='ltr'>μή</span> <span class='ocrx_word' id='word_1_6' title='bbox 477 509 625 571; x_wconf 76' lang='grc' dir='ltr'>ταῦθ’</span> <span class='ocrx_word' id='word_1_7' title='bbox 685 505 1118 582; x_wconf 83' lang='grc' dir='ltr'>ὑπισχνούμενον</span> <span class='ocrx_word' id='word_1_8' title='bbox 1151 503 1407 560; x_wconf 77' lang='grc' dir='ltr'>ἐκτελεῖν.</span> <span class='ocrx_word' id='word_1_9' title='bbox 1458 504 1522 558; x_wconf 82' lang='grc' dir='ltr'>Εἰ</span> <span class='ocrx_word' id='word_1_10' title='bbox 1575 502 1632 559; x_wconf 82' lang='grc' dir='ltr'>δέ</span> <span class='ocrx_word' id='word_1_11' title='bbox 1660 525 1720 580; x_wconf 88' lang='grc' dir='ltr'>γε</span> <span class='ocrx_word' id='word_1_12' title='bbox 1754 505 1829 576; x_wconf 80' lang='grc' dir='ltr'>μὴ</span> <span class='ocrx_word' id='word_1_13' title='bbox 1880 503 1997 558; x_wconf 78' lang='grc' dir='ltr'>πεί·</span> <span class='ocrx_word' id='word_1_14' title='bbox 2029 506 2082 574; x_wconf 82' lang='grc' dir='ltr'>Α</span> <span class='ocrx_word' id='word_1_15' title='bbox 2113 504 2189 569; x_wconf 84' lang='grc' dir='ltr'>ὠς</span> <span class='ocrx_word' id='word_1_16' title='bbox 2217 508 2378 560; x_wconf 80' lang='grc' dir='ltr'>τοῦτο</span> <span class='ocrx_word' id='word_1_17' title='bbox 2416 504 2510 576; x_wconf 72' lang='grc' dir='ltr'>μὲν</span> <span class='ocrx_word' id='word_1_18' title='bbox 2557 504 3173 578; x_wconf 79' lang='grc' dir='ltr'>προσαναπαυσὸμενος,</span> <span class='ocrx_word' id='word_1_19' title='bbox 3233 510 3395 562; x_wconf 79' lang='grc' dir='ltr'>τοῦτο</span> <span class='ocrx_word' id='word_1_20' title='bbox 3424 505 3481 562; x_wconf 73' lang='grc' dir='ltr'>δὲ</span> <span class='ocrx_word' id='word_1_21' title='bbox 3531 509 3618 564; x_wconf 80' lang='grc' dir='ltr'>καὶ</span> <span class='ocrx_word' id='word_1_22' title='bbox 3674 509 3775 574; x_wconf 74' lang='grc' dir='ltr'>τὰς</span> 
     </span>
    </p>
   </div>
   <div class='ocr_carea' id='block_1_5' title="bbox 347 593 2001 670">
    <p class='ocr_par' dir='ltr' id='par_1_5' title="bbox 347 593 2001 670">
     <span class='ocr_line' id='line_1_5' title="bbox 347 593 2001 670; baseline -0.003 -18"><span class='ocrx_word' id='word_1_23' title='bbox 347 611 520 665; x_wconf 87' lang='grc' dir='ltr'>θοιτο,</span> <span class='ocrx_word' id='word_1_24' title='bbox 582 593 841 670; x_wconf 71' lang='grc' dir='ltr'>αύταρκες</span> <span class='ocrx_word' id='word_1_25' title='bbox 899 596 1036 670; x_wconf 84' lang='grc' dir='ltr'>πρὸς</span> <span class='ocrx_word' id='word_1_26' title='bbox 1092 595 1296 649; x_wconf 74' lang='grc' dir='ltr'>ἐκεῖνον</span> <span class='ocrx_word' id='word_1_27' title='bbox 1358 593 1494 648; x_wconf 78' lang='grc' dir='ltr'>εἷναί</span> <span class='ocrx_word' id='word_1_28' title='bbox 1553 595 1603 646; x_wconf 68' lang='grc' dir='ltr'>οἳ</span> <span class='ocrx_word' id='word_1_29' title='bbox 1661 593 1725 647; x_wconf 83' lang='grc' dir='ltr'>τὸ</span> <span class='ocrx_word' id='word_1_30' title='bbox 1756 594 2001 663; x_wconf 79' lang='grc' dir='ltr'>ἀξιῶσαι.</span> 
     </span>
    </p>
   </div>
   <div class='ocr_carea' id='block_1_6' title="bbox 343 681 2004 760">
    <p class='ocr_par' dir='ltr' id='par_1_6' title="bbox 343 681 2004 760">
     <span class='ocr_line' id='line_1_6' title="bbox 343 681 2004 760; baseline -0.004 -18"><span class='ocrx_word' id='word_1_31' title='bbox 343 686 622 748; x_wconf 88' lang='grc' dir='ltr'>Τοιούτοις</span> <span class='ocrx_word' id='word_1_32' title='bbox 673 688 960 760; x_wconf 70' lang='grc' dir='ltr'>τοιγαροῦν</span> <span class='ocrx_word' id='word_1_33' title='bbox 1015 683 1043 736; x_wconf 87' lang='grc' dir='ltr'>ὁ</span> <span class='ocrx_word' id='word_1_34' title='bbox 1097 681 1398 757; x_wconf 82' lang='grc' dir='ltr'>βασιλεύων</span> <span class='ocrx_word' id='word_1_35' title='bbox 1451 683 1866 758; x_wconf 75' lang='grc' dir='ltr'>συγκροτηθεὲς,</span> <span class='ocrx_word' id='word_1_36' title='bbox 1926 681 2004 737; x_wconf 79' lang='grc' dir='ltr'>ἔτι</span> 
     </span>
    </p>
   </div>
   <div class='ocr_carea' id='block_1_7' title="bbox 341 771 2002 851">
    <p class='ocr_par' dir='ltr' id='par_1_7' title="bbox 341 771 2002 851">
     <span class='ocr_line' id='line_1_7' title="bbox 341 771 2002 851; baseline -0.004 -18"><span class='ocrx_word' id='word_1_37' title='bbox 341 783 450 833; x_wconf 81' lang='grc' dir='ltr'>τῶν</span> <span class='ocrx_word' id='word_1_38' title='bbox 479 772 781 851; x_wconf 75' lang='grc' dir='ltr'>ἀρχιερέων</span> <span class='ocrx_word' id='word_1_39' title='bbox 832 771 1270 850; x_wconf 75' lang='grc' dir='ltr'>διαφωνούντων,</span> <span class='ocrx_word' id='word_1_40' title='bbox 1317 773 1671 845; x_wconf 72' lang='grc' dir='ltr'>προστίθεται</span> <span class='ocrx_word' id='word_1_41' title='bbox 1720 771 1809 826; x_wconf 84' lang='grc' dir='ltr'>καὶ</span> <span class='ocrx_word' id='word_1_42' title='bbox 1840 771 2002 834; x_wconf 73' lang='grc' dir='ltr'>αὐτὸς</span> 
     </span>
    </p>
   </div>
   <div class='ocr_carea' id='block_1_8' title="bbox 340 857 2003 939">
    <p class='ocr_par' dir='ltr' id='par_1_8' title="bbox 340 857 2003 939">
     <span class='ocr_line' id='line_1_8' title="bbox 340 857 2003 939; baseline -0.005 -17"><span class='ocrx_word' id='word_1_43' title='bbox 340 873 460 928; x_wconf 87' lang='grc' dir='ltr'>τοῖς</span> <span class='ocrx_word' id='word_1_44' title='bbox 517 864 719 920; x_wconf 81' lang='grc' dir='ltr'>ἐκεῖνον</span> <span class='ocrx_word' id='word_1_45' title='bbox 774 861 1193 939; x_wconf 69' lang='grc' dir='ltr'>ψηφιζομένοις,</span> <span class='ocrx_word' id='word_1_46' title='bbox 1250 862 1340 915; x_wconf 81' lang='grc' dir='ltr'>καὶ</span> <span class='ocrx_word' id='word_1_47' title='bbox 1394 860 1725 936; x_wconf 70' lang='grc' dir='ltr'>ἀμφιῤῥέπει</span> <span class='ocrx_word' id='word_1_48' title='bbox 1776 861 1844 915; x_wconf 83' lang='grc' dir='ltr'>τὰ</span> <span class='ocrx_word' id='word_1_49' title='bbox 1869 857 2003 933; x_wconf 82' lang='grc' dir='ltr'>τῇδε</span> 
     </span>
    </p>
   </div>
   <div class='ocr_carea' id='block_1_9' title="bbox 345 948 2001 1032">
    <p class='ocr_par' dir='ltr' id='par_1_9' title="bbox 345 948 2001 1032">
     <span class='ocr_line' id='line_1_9' title="bbox 345 948 2001 1032; baseline -0.005 -21"><span class='ocrx_word' id='word_1_50' title='bbox 345 955 725 1032; x_wconf 74' lang='grc' dir='ltr'>προστιθέντος</span> <span class='ocrx_word' id='word_1_51' title='bbox 779 956 876 1005; x_wconf 75' lang='grc' dir='ltr'>τοῦ</span> <span class='ocrx_word' id='word_1_52' title='bbox 938 949 1228 1026; x_wconf 84' lang='grc' dir='ltr'>βασιλέως.</span> <span class='ocrx_word' id='word_1_53' title='bbox 1288 951 1520 1025; x_wconf 82' lang='grc' dir='ltr'>Θάτερον</span> <span class='ocrx_word' id='word_1_54' title='bbox 1583 948 1640 1004; x_wconf 72' lang='grc' dir='ltr'>δὲ</span> <span class='ocrx_word' id='word_1_55' title='bbox 1700 951 1864 1025; x_wconf 85' lang='grc' dir='ltr'>μέρος</span> <span class='ocrx_word' id='word_1_56' title='bbox 1926 949 2001 1012; x_wconf 79' lang='grc' dir='ltr'>ὡς</span> 
     </span>
    </p>
   </div>
   <div class='ocr_carea' id='block_1_10' title="bbox 345 1036 1997 1116">
    <p class='ocr_par' dir='ltr' id='par_1_10' title="bbox 345 1036 1997 1116">
     <span class='ocr_line' id='line_1_10' title="bbox 345 1036 1997 1116; baseline -0.005 -16"><span class='ocrx_word' id='word_1_57' title='bbox 345 1047 638 1113; x_wconf 83' lang='grc' dir='ltr'>ἀσθενῆσαν</span> <span class='ocrx_word' id='word_1_58' title='bbox 696 1041 931 1104; x_wconf 75' lang='grc' dir='ltr'>ἐντεῦθεν</span> <span class='ocrx_word' id='word_1_59' title='bbox 1007 1038 1488 1116; x_wconf 82' lang='grc' dir='ltr'>συγκατακλίνεται</span> <span class='ocrx_word' id='word_1_60' title='bbox 1523 1085 1538 1110; x_wconf 84' lang='grc'>,</span> <span class='ocrx_word' id='word_1_61' title='bbox 1611 1039 1702 1093; x_wconf 87' lang='grc' dir='ltr'>καὶ</span> <span class='ocrx_word' id='word_1_62' title='bbox 1783 1036 1997 1111; x_wconf 78' lang='grc' dir='ltr'>μᾶλλον</span> 
     </span>
    </p>
   </div>
   <div class='ocr_carea' id='block_1_11' title="bbox 345 1126 1998 1206">
    <p class='ocr_par' dir='ltr' id='par_1_11' title="bbox 345 1126 1998 1206">
     <span class='ocr_line' id='line_1_11' title="bbox 345 1126 1998 1206; baseline -0.004 -17"><span class='ocrx_word' id='word_1_63' title='bbox 345 1136 434 1190; x_wconf 82' lang='grc' dir='ltr'>ὅτε</span> <span class='ocrx_word' id='word_1_64' title='bbox 482 1133 566 1188; x_wconf 79' lang='grc' dir='ltr'>ἐπὶ</span> <span class='ocrx_word' id='word_1_65' title='bbox 622 1131 811 1206; x_wconf 70' lang='grc' dir='ltr'>ῥητοῖς</span> <span class='ocrx_word' id='word_1_66' title='bbox 862 1130 1001 1202; x_wconf 81' lang='grc' dir='ltr'>πρὸς</span> <span class='ocrx_word' id='word_1_67' title='bbox 1053 1128 1322 1204; x_wconf 88' lang='grc' dir='ltr'>βασιλέως</span> <span class='ocrx_word' id='word_1_68' title='bbox 1364 1129 1454 1183; x_wconf 85' lang='grc' dir='ltr'>καὶ</span> <span class='ocrx_word' id='word_1_69' title='bbox 1484 1135 1585 1198; x_wconf 82' lang='grc' dir='ltr'>τῆς</span> <span class='ocrx_word' id='word_1_70' title='bbox 1619 1126 1846 1183; x_wconf 79' lang='grc' dir='ltr'>συνόδου</span> <span class='ocrx_word' id='word_1_71' title='bbox 1901 1150 1998 1183; x_wconf 88' lang='grc' dir='ltr'>κα-</span> 
     </span>
    </p>
   </div>
   <div class='ocr_carea' id='block_1_12' title="bbox 339 1215 1994 1294">
    <p class='ocr_par' dir='ltr' id='par_1_12' title="bbox 339 1215 1994 1294">
     <span class='ocr_line' id='line_1_12' title="bbox 339 1215 1994 1294; baseline -0.005 -15"><span class='ocrx_word' id='word_1_72' title='bbox 339 1223 514 1280; x_wconf 90' lang='grc' dir='ltr'>λοῖτο.</span> <span class='ocrx_word' id='word_1_73' title='bbox 565 1223 665 1277; x_wconf 88' lang='grc' dir='ltr'>Ἦν</span> <span class='ocrx_word' id='word_1_74' title='bbox 712 1219 816 1294; x_wconf 78' lang='grc' dir='ltr'>γὰρ</span> <span class='ocrx_word' id='word_1_75' title='bbox 865 1220 955 1272; x_wconf 86' lang='grc' dir='ltr'>καὶ</span> <span class='ocrx_word' id='word_1_76' title='bbox 1013 1218 1200 1278; x_wconf 81' lang='grc' dir='ltr'>αὐτοῖς</span> <span class='ocrx_word' id='word_1_77' title='bbox 1247 1215 1402 1280; x_wconf 73' lang='grc' dir='ltr'>ἰδίως</span> <span class='ocrx_word' id='word_1_78' title='bbox 1450 1217 1994 1292; x_wconf 72' lang='grc' dir='ltr'>προσαπαιτούμενον</span> 
     </span>
    </p>
   </div>
   <div class='ocr_carea' id='block_1_13' title="bbox 337 1304 1998 1386">
    <p class='ocr_par' dir='ltr' id='par_1_13' title="bbox 337 1304 1998 1386">
     <span class='ocr_line' id='line_1_13' title="bbox 337 1304 1998 1386; baseline -0.004 -19"><span class='ocrx_word' id='word_1_79' title='bbox 337 1313 672 1386; x_wconf 79' lang='grc' dir='ltr'>ἀμνημονεῖν</span> <span class='ocrx_word' id='word_1_80' title='bbox 735 1309 827 1381; x_wconf 88' lang='grc' dir='ltr'>μέν</span> <span class='ocrx_word' id='word_1_81' title='bbox 881 1329 1028 1384; x_wconf 77' lang='grc' dir='ltr'>σφισι</span> <span class='ocrx_word' id='word_1_82' title='bbox 1072 1314 1174 1377; x_wconf 79' lang='grc' dir='ltr'>τῆς</span> <span class='ocrx_word' id='word_1_83' title='bbox 1224 1306 1331 1362; x_wconf 56' lang='grc' dir='ltr'>εἴτε</span> <span class='ocrx_word' id='word_1_84' title='bbox 1374 1307 1701 1382; x_wconf 74' lang='grc' dir='ltr'>προπετείας</span> <span class='ocrx_word' id='word_1_85' title='bbox 1735 1305 1828 1361; x_wconf 62' lang='grc' dir='ltr'>εἶτ’</span> <span class='ocrx_word' id='word_1_86' title='bbox 1878 1304 1998 1362; x_wconf 83' lang='grc' dir='ltr'>ἀδι-</span> 
     </span>
    </p>
   </div>
   <div class='ocr_carea' id='block_1_14' title="bbox 334 1395 1998 1475">
    <p class='ocr_par' dir='ltr' id='par_1_14' title="bbox 334 1395 1998 1475">
     <span class='ocr_line' id='line_1_14' title="bbox 334 1395 1998 1475; baseline -0.005 -17"><span class='ocrx_word' id='word_1_87' title='bbox 334 1402 455 1462; x_wconf 86' lang='grc' dir='ltr'>κίας</span> <span class='ocrx_word' id='word_1_88' title='bbox 503 1401 616 1475; x_wconf 81' lang='grc' dir='ltr'>χρῆ</span> <span class='ocrx_word' id='word_1_89' title='bbox 669 1398 870 1473; x_wconf 79' lang='grc' dir='ltr'>λέγειν,</span> <span class='ocrx_word' id='word_1_90' title='bbox 915 1398 1006 1452; x_wconf 88' lang='grc' dir='ltr'>καὶ</span> <span class='ocrx_word' id='word_1_91' title='bbox 1064 1397 1371 1472; x_wconf 80' lang='grc' dir='ltr'>παραυτίκα</span> <span class='ocrx_word' id='word_1_92' title='bbox 1422 1402 1705 1451; x_wconf 80' lang='grc' dir='ltr'>κοινωνεῖν</span> <span class='ocrx_word' id='word_1_93' title='bbox 1769 1395 1998 1460; x_wconf 82' lang='grc' dir='ltr'>ἐκείνοις</span> 
     </span>
    </p>
   </div>
   <div class='ocr_carea' id='block_1_15' title="bbox 334 1485 1995 1564">
    <p class='ocr_par' dir='ltr' id='par_1_15' title="bbox 334 1485 1995 1564">
     <span class='ocr_line' id='line_1_15' title="bbox 334 1485 1995 1564; baseline -0.004 -19"><span class='ocrx_word' id='word_1_94' title='bbox 334 1495 442 1545; x_wconf 80' lang='grc' dir='ltr'>τῶν</span> <span class='ocrx_word' id='word_1_95' title='bbox 475 1490 636 1564; x_wconf 75' lang='grc' dir='ltr'>ἱερῶν</span> <span class='ocrx_word' id='word_1_96' title='bbox 666 1487 755 1542; x_wconf 86' lang='grc' dir='ltr'>καὶ</span> <span class='ocrx_word' id='word_1_97' title='bbox 787 1486 916 1548; x_wconf 70' lang='grc' dir='ltr'>τοὺς</span> <span class='ocrx_word' id='word_1_98' title='bbox 948 1485 1094 1559; x_wconf 84' lang='grc' dir='ltr'>παρᾶ</span> <span class='ocrx_word' id='word_1_99' title='bbox 1143 1491 1240 1540; x_wconf 74' lang='grc' dir='ltr'>τοῖ’)</span> <span class='ocrx_word' id='word_1_100' title='bbox 1288 1487 1608 1562; x_wconf 77' lang='grc' dir='ltr'>Νικηφόρου</span> <span class='ocrx_word' id='word_1_101' title='bbox 1663 1506 1995 1560; x_wconf 87' lang='grc' dir='ltr'>χειροτονη-</span> 
     </span>
    </p>
   </div>
   <div class='ocr_carea' id='block_1_16' title="bbox 337 1573 1996 1652">
    <p class='ocr_par' dir='ltr' id='par_1_16' title="bbox 337 1573 1996 1652">
     <span class='ocr_line' id='line_1_16' title="bbox 337 1573 1996 1652; baseline -0.002 -18"><span class='ocrx_word' id='word_1_102' title='bbox 337 1581 520 1644; x_wconf 85' lang='grc' dir='ltr'>θέντας</span> <span class='ocrx_word' id='word_1_103' title='bbox 553 1575 828 1652; x_wconf 78' lang='grc' dir='ltr'>δέχεσθαι,</span> <span class='ocrx_word' id='word_1_104' title='bbox 859 1575 949 1630; x_wconf 88' lang='grc' dir='ltr'>καὶ</span> <span class='ocrx_word' id='word_1_105' title='bbox 1000 1576 1074 1648; x_wconf 81' lang='grc' dir='ltr'>μὴ</span> <span class='ocrx_word' id='word_1_106' title='bbox 1136 1574 1344 1649; x_wconf 77' lang='grc' dir='ltr'>σχίζειν</span> <span class='ocrx_word' id='word_1_107' title='bbox 1401 1576 1500 1644; x_wconf 70' lang='grc' dir='ltr'>τὴν</span> <span class='ocrx_word' id='word_1_108' title='bbox 1561 1573 1887 1645; x_wconf 74' lang='grc' dir='ltr'>Ἐκκλησίαν</span> <span class='ocrx_word' id='word_1_109' title='bbox 1936 1573 1996 1630; x_wconf 80' lang='grc' dir='ltr'>ἔκ</span> 
     </span>
    </p>
   </div>
   <div class='ocr_carea' id='block_1_17' title="bbox 333 1661 1996 1740">
    <p class='ocr_par' dir='ltr' id='par_1_17' title="bbox 333 1661 1996 1740">
     <span class='ocr_line' id='line_1_17' title="bbox 333 1661 1996 1740; baseline -0.002 -18"><span class='ocrx_word' id='word_1_110' title='bbox 333 1689 477 1728; x_wconf 87' lang='grc' dir='ltr'>τινος</span> <span class='ocrx_word' id='word_1_111' title='bbox 539 1663 908 1740; x_wconf 75' lang='grc' dir='ltr'>μικροψυχίας</span> <span class='ocrx_word' id='word_1_112' title='bbox 970 1661 1178 1736; x_wconf 67' lang='grc' dir='ltr'>μηδένα</span> <span class='ocrx_word' id='word_1_113' title='bbox 1234 1662 1474 1738; x_wconf 78' lang='grc' dir='ltr'>ἐχούσης</span> <span class='ocrx_word' id='word_1_114' title='bbox 1531 1665 1747 1739; x_wconf 84' lang='grc' dir='ltr'>καιρόν.</span> <span class='ocrx_word' id='word_1_115' title='bbox 1810 1667 1996 1720; x_wconf 78' lang='grc' dir='ltr'>Ταῦτα</span> 
     </span>
    </p>
   </div>
   <div class='ocr_carea' id='block_1_18' title="bbox 335 1749 1994 1827">
    <p class='ocr_par' dir='ltr' id='par_1_18' title="bbox 335 1749 1994 1827">
     <span class='ocr_line' id='line_1_18' title="bbox 335 1749 1994 1827; baseline -0.002 -16"><span class='ocrx_word' id='word_1_116' title='bbox 335 1755 610 1819; x_wconf 82' lang='grc' dir='ltr'>συνθέντες</span> <span class='ocrx_word' id='word_1_117' title='bbox 654 1751 1052 1808; x_wconf 70' lang='grc' dir='ltr'>ἀποστέλλουσι</span> <span class='ocrx_word' id='word_1_118' title='bbox 1111 1752 1238 1815; x_wconf 77' lang='grc' dir='ltr'>τοὺς</span> <span class='ocrx_word' id='word_1_119' title='bbox 1299 1751 1766 1827; x_wconf 78' lang='grc' dir='ltr'>ἀπαγγελοῦντας.</span> <span class='ocrx_word' id='word_1_120' title='bbox 1828 1754 1889 1808; x_wconf 87' lang='grc' dir='ltr'>Ὁ</span> <span class='ocrx_word' id='word_1_121' title='bbox 1948 1749 1994 1807; x_wconf 85' lang='grc' dir='ltr'>δ’</span> 
     </span>
    </p>
   </div>
   <div class='ocr_carea' id='block_1_19' title="bbox 336 1841 1994 1918">
    <p class='ocr_par' dir='ltr' id='par_1_19' title="bbox 336 1841 1994 1918">
     <span class='ocr_line' id='line_1_19' title="bbox 336 1841 1994 1918; baseline -0.002 -18"><span class='ocrx_word' id='word_1_122' title='bbox 336 1846 411 1909; x_wconf 82' lang='grc' dir='ltr'>ὠς</span> <span class='ocrx_word' id='word_1_123' title='bbox 440 1843 642 1914; x_wconf 72' lang='grc' dir='ltr'>ἤκουσε</span> <span class='ocrx_word' id='word_1_124' title='bbox 668 1847 775 1898; x_wconf 83' lang='grc' dir='ltr'>τῶν</span> <span class='ocrx_word' id='word_1_125' title='bbox 809 1841 1261 1916; x_wconf 74' lang='grc' dir='ltr'>διαμηνυματων,</span> <span class='ocrx_word' id='word_1_126' title='bbox 1294 1847 1512 1916; x_wconf 83' lang='grc' dir='ltr'>πρῶτον</span> <span class='ocrx_word' id='word_1_127' title='bbox 1563 1843 1657 1915; x_wconf 75' lang='grc' dir='ltr'>μὲν</span> <span class='ocrx_word' id='word_1_128' title='bbox 1709 1841 1994 1918; x_wconf 76' lang='grc' dir='ltr'>ἐσχετκια-</span> 
     </span>
    </p>
   </div>
   <div class='ocr_carea' id='block_1_20' title="bbox 336 1929 1989 2008">
    <p class='ocr_par' dir='ltr' id='par_1_20' title="bbox 336 1929 1989 2008">
     <span class='ocr_line' id='line_1_20' title="bbox 336 1929 1989 2008; baseline -0.002 -19"><span class='ocrx_word' id='word_1_129' title='bbox 336 1941 419 2004; x_wconf 83' lang='grc' dir='ltr'>ζεν</span> <span class='ocrx_word' id='word_1_130' title='bbox 453 1935 496 1988; x_wconf 83' lang='grc' dir='ltr'>εἷ</span> <span class='ocrx_word' id='word_1_131' title='bbox 527 1934 754 1989; x_wconf 83' lang='grc' dir='ltr'>καλοῖτο</span> <span class='ocrx_word' id='word_1_132' title='bbox 785 1933 1329 2008; x_wconf 86' lang='grc' dir='ltr'>προσαπαιτούμενος</span> <span class='ocrx_word' id='word_1_133' title='bbox 1377 1931 1467 1987; x_wconf 81' lang='grc' dir='ltr'>καὶ</span> <span class='ocrx_word' id='word_1_134' title='bbox 1504 1934 1578 2003; x_wconf 77' lang='grc' dir='ltr'>μὴ</span> <span class='ocrx_word' id='word_1_135' title='bbox 1613 1929 1989 2007; x_wconf 86' lang='grc' dir='ltr'>παρακαλοῖτο</span> 
     </span>
    </p>
   </div>
   <div class='ocr_carea' id='block_1_21' title="bbox 335 2021 1989 2099">
    <p class='ocr_par' dir='ltr' id='par_1_21' title="bbox 335 2021 1989 2099">
     <span class='ocr_line' id='line_1_21' title="bbox 335 2021 1989 2099; baseline -0.001 -21"><span class='ocrx_word' id='word_1_136' title='bbox 335 2023 669 2099; x_wconf 81' lang='grc' dir='ltr'>συγγνώμην</span> <span class='ocrx_word' id='word_1_137' title='bbox 723 2027 831 2076; x_wconf 77' lang='grc' dir='ltr'>τῶν</span> <span class='ocrx_word' id='word_1_138' title='bbox 890 2021 1298 2095; x_wconf 70' lang='grc' dir='ltr'>ἡμαρτημένων</span> <span class='ocrx_word' id='word_1_139' title='bbox 1360 2026 1702 2097; x_wconf 71' lang='grc' dir='ltr'>παρασχεῖνο</span> <span class='ocrx_word' id='word_1_140' title='bbox 1769 2021 1830 2075; x_wconf 86' lang='grc' dir='ltr'>τὸ</span> <span class='ocrx_word' id='word_1_141' title='bbox 1894 2022 1989 2093; x_wconf 73' lang='grc' dir='ltr'>μὲν</span> 
     </span>
    </p>
   </div>
   <div class='ocr_carea' id='block_1_22' title="bbox 334 2105 1991 2188">
    <p class='ocr_par' dir='ltr' id='par_1_22' title="bbox 334 2105 1991 2188">
     <span class='ocr_line' id='line_1_22' title="bbox 334 2105 1991 2188; baseline -0.001 -22"><span class='ocrx_word' id='word_1_142' title='bbox 334 2116 434 2188; x_wconf 69' lang='grc' dir='ltr'>γὰρ</span> <span class='ocrx_word' id='word_1_143' title='bbox 490 2110 695 2166; x_wconf 84' lang='grc' dir='ltr'>δίκαιον</span> <span class='ocrx_word' id='word_1_144' title='bbox 755 2111 994 2185; x_wconf 77' lang='grc' dir='ltr'>ἐχόντων</span> <span class='ocrx_word' id='word_1_145' title='bbox 1048 2109 1128 2188; x_wconf 80' lang='grc' dir='ltr'>ἐφ’</span> <span class='ocrx_word' id='word_1_146' title='bbox 1185 2113 1268 2171; x_wconf 83' lang='grc' dir='ltr'>οἷς</span> <span class='ocrx_word' id='word_1_147' title='bbox 1327 2105 1557 2183; x_wconf 78' lang='grc' dir='ltr'>ἔπραξαν</span> <span class='ocrx_word' id='word_1_148' title='bbox 1612 2111 1766 2181; x_wconf 73' lang='grc' dir='ltr'>εἶναι,</span> <span class='ocrx_word' id='word_1_149' title='bbox 1823 2109 1884 2164; x_wconf 85' lang='grc' dir='ltr'>τὸ</span> <span class='ocrx_word' id='word_1_150' title='bbox 1945 2110 1991 2164; x_wconf 79' lang='grc' dir='ltr'>δ’</span> 
     </span>
    </p>
   </div>
   <div class='ocr_carea' id='block_1_23' title="bbox 338 2197 1992 2275">
    <p class='ocr_par' dir='ltr' id='par_1_23' title="bbox 338 2197 1992 2275">
     <span class='ocr_line' id='line_1_23' title="bbox 338 2197 1992 2275; baseline -0.002 -17"><span class='ocrx_word' id='word_1_151' title='bbox 338 2201 690 2275; x_wconf 80' lang='grc' dir='ltr'>ἁμαρτόντων</span> <span class='ocrx_word' id='word_1_152' title='bbox 725 2245 736 2258; x_wconf 91' lang='grc'>.</span> <span class='ocrx_word' id='word_1_153' title='bbox 819 2201 1010 2272; x_wconf 69' lang='grc' dir='ltr'>“Οιλ.ως</span> <span class='ocrx_word' id='word_1_154' title='bbox 1091 2199 1588 2273; x_wconf 78' lang='grc' dir='ltr'>παρακαλούμενος</span> <span class='ocrx_word' id='word_1_155' title='bbox 1675 2197 1992 2274; x_wconf 75' lang='grc' dir='ltr'>ἐπραΰνετο,</span> 
     </span>
    </p>
   </div>
   <div class='ocr_carea' id='block_1_24' title="bbox 335 2286 1989 2364">
    <p class='ocr_par' dir='ltr' id='par_1_24' title="bbox 335 2286 1989 2364">
     <span class='ocr_line' id='line_1_24' title="bbox 335 2286 1989 2364; baseline -0.002 -18"><span class='ocrx_word' id='word_1_156' title='bbox 335 2292 427 2347; x_wconf 85' lang='grc' dir='ltr'>καὶ</span> <span class='ocrx_word' id='word_1_157' title='bbox 477 2288 700 2363; x_wconf 73' lang='grc' dir='ltr'>ἕτοιμος</span> <span class='ocrx_word' id='word_1_158' title='bbox 730 2292 795 2358; x_wconf 73' lang='grc' dir='ltr'>ἦν</span> <span class='ocrx_word' id='word_1_159' title='bbox 844 2289 982 2364; x_wconf 85' lang='grc' dir='ltr'>πρὸς</span> <span class='ocrx_word' id='word_1_160' title='bbox 1009 2289 1071 2342; x_wconf 91' lang='grc' dir='ltr'>τὸ</span> <span class='ocrx_word' id='word_1_161' title='bbox 1101 2293 1477 2363; x_wconf 86' lang='grc' dir='ltr'>προσχωρεῖν.</span> <span class='ocrx_word' id='word_1_162' title='bbox 1531 2286 1686 2356; x_wconf 78' lang='grc' dir='ltr'>Πλὴν</span> <span class='ocrx_word' id='word_1_163' title='bbox 1719 2288 1858 2362; x_wconf 83' lang='grc' dir='ltr'>πεζῇ</span> <span class='ocrx_word' id='word_1_164' title='bbox 1889 2290 1989 2356; x_wconf 71' lang='grc' dir='ltr'>τὴν</span> 
     </span>
    </p>
   </div>
   <div class='ocr_carea' id='block_1_25' title="bbox 335 2375 1989 2456">
    <p class='ocr_par' dir='ltr' id='par_1_25' title="bbox 335 2375 1989 2456">
     <span class='ocr_line' id='line_1_25' title="bbox 335 2375 1989 2456; baseline -0.004 -19"><span class='ocrx_word' id='word_1_165' title='bbox 335 2379 560 2456; x_wconf 81' lang='grc' dir='ltr'>πορείαν</span> <span class='ocrx_word' id='word_1_166' title='bbox 593 2379 792 2443; x_wconf 82' lang='grc' dir='ltr'>ἐκεῖθεν</span> <span class='ocrx_word' id='word_1_167' title='bbox 821 2375 1094 2448; x_wconf 82' lang='grc' dir='ltr'>διηνυκὼς</span> <span class='ocrx_word' id='word_1_168' title='bbox 1136 2375 1188 2432; x_wconf 88' lang='grc' dir='ltr'>ἐν</span> <span class='ocrx_word' id='word_1_169' title='bbox 1247 2382 1366 2440; x_wconf 87' lang='grc' dir='ltr'>τοῖς</span> <span class='ocrx_word' id='word_1_170' title='bbox 1421 2377 1708 2454; x_wconf 78' lang='grc' dir='ltr'>Ῥουφίνου</span> <span class='ocrx_word' id='word_1_171' title='bbox 1763 2377 1989 2453; x_wconf 86' lang='grc' dir='ltr'>γίνεται,</span> 
     </span>
    </p>
   </div>
   <div class='ocr_carea' id='block_1_26' title="bbox 338 2574 1990 2646">
    <p class='ocr_par' dir='ltr' id='par_1_26' title="bbox 338 2574 1990 2646">
     <span class='ocr_line' id='line_1_26' title="bbox 338 2574 1990 2646; baseline -0.005 -9"><span class='ocrx_word' id='word_1_172' title='bbox 338 2583 625 2638; x_wconf 80' lang='lat' dir='ltr'>metueret</span> <span class='ocrx_word' id='word_1_173' title='bbox 655 2593 726 2633; x_wconf 90' lang='lat' dir='ltr'>ne</span> <span class='ocrx_word' id='word_1_174' title='bbox 758 2575 910 2632; x_wconf 87' lang='lat' dir='ltr'>alius</span> <span class='ocrx_word' id='word_1_175' title='bbox 965 2575 1023 2630; x_wconf 92' lang='lat' dir='ltr'>in</span> <span class='ocrx_word' id='word_1_176' title='bbox 1075 2574 1476 2646; x_wconf 89' lang='lat' dir='ltr'>patriarcham</span> <span class='ocrx_word' id='word_1_177' title='bbox 1509 2574 1723 2630; x_wconf 84' lang='lat' dir='ltr'>iterum</span> <span class='ocrx_word' id='word_1_178' title='bbox 1758 2591 1819 2630; x_wconf 91' lang='lat' dir='ltr'>se</span> <span class='ocrx_word' id='word_1_179' title='bbox 1864 2575 1990 2630; x_wconf 91' lang='lat' dir='ltr'>vivo</span> 
     </span>
    </p>
   </div>
   <div class='ocr_carea' id='block_1_27' title="bbox 337 2663 1995 2744">
    <p class='ocr_par' dir='ltr' id='par_1_27' title="bbox 337 2663 1995 2744">
     <span class='ocr_line' id='line_1_27' title="bbox 337 2663 1995 2744; baseline -0.006 -15"><span class='ocrx_word' id='word_1_180' title='bbox 337 2672 668 2744; x_wconf 81' lang='lat' dir='ltr'>eligeretur.</span> <span class='ocrx_word' id='word_1_181' title='bbox 691 2667 994 2739; x_wconf 86' lang='lat' dir='ltr'>proutjam</span> <span class='ocrx_word' id='word_1_182' title='bbox 1019 2663 1200 2720; x_wconf 88' lang='lat' dir='ltr'>semel</span> <span class='ocrx_word' id='word_1_183' title='bbox 1220 2669 1344 2719; x_wconf 91' lang='lat' dir='ltr'>erat</span> <span class='ocrx_word' id='word_1_184' title='bbox 1367 2665 1676 2732; x_wconf 91' lang='lat' dir='ltr'>factum,et</span> <span class='ocrx_word' id='word_1_185' title='bbox 1693 2665 1751 2719; x_wconf 91' lang='lat' dir='ltr'>id</span> <span class='ocrx_word' id='word_1_186' title='bbox 1777 2665 1995 2720; x_wconf 91' lang='lat' dir='ltr'>malum</span> 
     </span>
    </p>
   </div>
   <div class='ocr_carea' id='block_1_28' title="bbox 339 2753 1994 2836">
    <p class='ocr_par' dir='ltr' id='par_1_28' title="bbox 339 2753 1994 2836">
     <span class='ocr_line' id='line_1_28' title="bbox 339 2753 1994 2836; baseline -0.005 -19"><span class='ocrx_word' id='word_1_187' title='bbox 339 2758 722 2836; x_wconf 71' lang='lat' dir='ltr'>praevertendi</span> <span class='ocrx_word' id='word_1_188' title='bbox 738 2756 934 2812; x_wconf 87' lang='lat' dir='ltr'>oblata</span> <span class='ocrx_word' id='word_1_189' title='bbox 954 2753 1258 2810; x_wconf 85' lang='lat' dir='ltr'>occasione</span> <span class='ocrx_word' id='word_1_190' title='bbox 1287 2754 1432 2809; x_wconf 88' lang='lat' dir='ltr'>feret</span> <span class='ocrx_word' id='word_1_191' title='bbox 1445 2754 1775 2827; x_wconf 79' lang='lat' dir='ltr'>gavisurus.</span> <span class='ocrx_word' id='word_1_192' title='bbox 1798 2755 1994 2810; x_wconf 87' lang='lat' dir='ltr'>Tertia</span> 
     </span>
    </p>
   </div>
   <div class='ocr_carea' id='block_1_29' title="bbox 335 2843 1991 2920">
    <p class='ocr_par' dir='ltr' id='par_1_29' title="bbox 335 2843 1991 2920">
     <span class='ocr_line' id='line_1_29' title="bbox 335 2843 1991 2920; baseline -0.005 -14"><span class='ocrx_word' id='word_1_193' title='bbox 335 2854 458 2907; x_wconf 87' lang='lat' dir='ltr'>erat</span> <span class='ocrx_word' id='word_1_194' title='bbox 489 2848 690 2920; x_wconf 75' lang='lat' dir='ltr'>patriae</span> <span class='ocrx_word' id='word_1_195' title='bbox 719 2845 998 2909; x_wconf 88' lang='lat' dir='ltr'>charitas,</span> <span class='ocrx_word' id='word_1_196' title='bbox 1029 2861 1147 2915; x_wconf 88' lang='lat' dir='ltr'>qua</span> <span class='ocrx_word' id='word_1_197' title='bbox 1177 2860 1310 2898; x_wconf 89' lang='lat' dir='ltr'>eum</span> <span class='ocrx_word' id='word_1_198' title='bbox 1345 2843 1651 2899; x_wconf 85' lang='lat' dir='ltr'>sollicitari</span> <span class='ocrx_word' id='word_1_199' title='bbox 1671 2844 1741 2898; x_wconf 92' lang='lat' dir='ltr'>ad</span> <span class='ocrx_word' id='word_1_200' title='bbox 1759 2843 1991 2898; x_wconf 85' lang='lat' dir='ltr'>deside-</span> 
     </span>
    </p>
   </div>
   <div class='ocr_carea' id='block_1_30' title="bbox 333 2931 1987 3003">
    <p class='ocr_par' dir='ltr' id='par_1_30' title="bbox 333 2931 1987 3003">
     <span class='ocr_line' id='line_1_30' title="bbox 333 2931 1987 3003; baseline -0.006 -9"><span class='ocrx_word' id='word_1_201' title='bbox 333 2939 587 2994; x_wconf 90' lang='lat' dir='ltr'>randum</span> <span class='ocrx_word' id='word_1_202' title='bbox 617 2936 674 2990; x_wconf 90' lang='lat' dir='ltr'>in</span> <span class='ocrx_word' id='word_1_203' title='bbox 708 2934 913 2989; x_wconf 81' lang='lat' dir='ltr'>urbem</span> <span class='ocrx_word' id='word_1_204' title='bbox 939 2933 1063 3003; x_wconf 90' lang='lat' dir='ltr'>jam</span> <span class='ocrx_word' id='word_1_205' title='bbox 1097 2936 1389 3002; x_wconf 88' lang='lat' dir='ltr'>receptam</span> <span class='ocrx_word' id='word_1_206' title='bbox 1441 2931 1754 2986; x_wconf 81' lang='lat' dir='ltr'>adventum</span> <span class='ocrx_word' id='word_1_207' title='bbox 1814 2947 1987 2985; x_wconf 91' lang='lat' dir='ltr'>suum</span> 
     </span>
    </p>
   </div>
   <div class='ocr_carea' id='block_1_31' title="bbox 336 3019 1987 3089">
    <p class='ocr_par' dir='ltr' id='par_1_31' title="bbox 336 3019 1987 3089">
     <span class='ocr_line' id='line_1_31' title="bbox 336 3019 1987 3089; baseline -0.005 -5"><span class='ocrx_word' id='word_1_208' title='bbox 336 3043 573 3084; x_wconf 88' lang='lat' dir='ltr'>necesse</span> <span class='ocrx_word' id='word_1_209' title='bbox 595 3028 739 3080; x_wconf 86' lang='lat' dir='ltr'>erat:</span> <span class='ocrx_word' id='word_1_210' title='bbox 773 3025 858 3078; x_wconf 90' lang='lat' dir='ltr'>uti</span> <span class='ocrx_word' id='word_1_211' title='bbox 890 3027 947 3078; x_wconf 87' lang='lat' dir='ltr'>et</span> <span class='ocrx_word' id='word_1_212' title='bbox 973 3020 1410 3089; x_wconf 86' lang='lat' dir='ltr'>verisimile,sic</span> <span class='ocrx_word' id='word_1_213' title='bbox 1433 3021 1706 3074; x_wconf 72' lang='lat' dir='ltr'>affectum</span> <span class='ocrx_word' id='word_1_214' title='bbox 1743 3019 1987 3075; x_wconf 89' lang='lat' dir='ltr'>minime</span> 
     </span>
    </p>
   </div>
   <div class='ocr_carea' id='block_1_32' title="bbox 331 3107 1985 3178">
    <p class='ocr_par' dir='ltr' id='par_1_32' title="bbox 331 3107 1985 3178">
     <span class='ocr_line' id='line_1_32' title="bbox 331 3107 1985 3178; baseline -0.006 -5"><span class='ocrx_word' id='word_1_215' title='bbox 331 3119 739 3173; x_wconf 82' lang='lat' dir='ltr'>recusaturum</span> <span class='ocrx_word' id='word_1_216' title='bbox 757 3110 1014 3166; x_wconf 89' lang='lat' dir='ltr'>oblatam</span> <span class='ocrx_word' id='word_1_217' title='bbox 1039 3110 1434 3166; x_wconf 86' lang='lat' dir='ltr'>conditionem</span> <span class='ocrx_word' id='word_1_218' title='bbox 1464 3107 1825 3178; x_wconf 80' lang='lat' dir='ltr'>regrediendi</span> <span class='ocrx_word' id='word_1_219' title='bbox 1851 3124 1985 3163; x_wconf 88' lang='lat' dir='ltr'>cum</span> 
     </span>
    </p>
   </div>
   <div class='ocr_carea' id='block_1_33' title="bbox 333 3198 1986 3275">
    <p class='ocr_par' dir='ltr' id='par_1_33' title="bbox 333 3198 1986 3275">
     <span class='ocr_line' id='line_1_33' title="bbox 333 3198 1986 3275; baseline -0.006 -13"><span class='ocrx_word' id='word_1_220' title='bbox 333 3221 562 3263; x_wconf 90' lang='lat' dir='ltr'>summo</span> <span class='ocrx_word' id='word_1_221' title='bbox 577 3199 953 3275; x_wconf 84' lang='lat' dir='ltr'>splendorein</span> <span class='ocrx_word' id='word_1_222' title='bbox 975 3200 1221 3270; x_wconf 89' lang='lat' dir='ltr'>patriam</span> <span class='ocrx_word' id='word_1_223' title='bbox 1237 3198 1642 3253; x_wconf 79' lang='lat' dir='ltr'>charissimam</span> <span class='ocrx_word' id='word_1_224' title='bbox 1655 3199 1986 3269; x_wconf 76' lang='lat' dir='ltr'>,praescrtim</span> 
     </span>
    </p>
   </div>
   <div class='ocr_carea' id='block_1_34' title="bbox 329 3285 1988 3362">
    <p class='ocr_par' dir='ltr' id='par_1_34' title="bbox 329 3285 1988 3362">
     <span class='ocr_line' id='line_1_34' title="bbox 329 3285 1988 3362; baseline -0.004 -13"><span class='ocrx_word' id='word_1_225' title='bbox 329 3311 462 3350; x_wconf 90' lang='lat' dir='ltr'>eum</span> <span class='ocrx_word' id='word_1_226' title='bbox 480 3291 835 3362; x_wconf 81' lang='lat' dir='ltr'>intelligeret</span> <span class='ocrx_word' id='word_1_227' title='bbox 856 3305 922 3344; x_wconf 91' lang='lat' dir='ltr'>ea</span> <span class='ocrx_word' id='word_1_228' title='bbox 942 3290 1156 3360; x_wconf 86' lang='lat' dir='ltr'>rejecta</span> <span class='ocrx_word' id='word_1_229' title='bbox 1175 3287 1286 3342; x_wconf 84' lang='lat' dir='ltr'>sibi</span> <span class='ocrx_word' id='word_1_230' title='bbox 1313 3303 1476 3359; x_wconf 87' lang='lat' dir='ltr'>spem</span> <span class='ocrx_word' id='word_1_231' title='bbox 1508 3285 1732 3341; x_wconf 89' lang='lat' dir='ltr'>nullam</span> <span class='ocrx_word' id='word_1_232' title='bbox 1769 3291 1988 3342; x_wconf 88' lang='lat' dir='ltr'>restare</span> 
     </span>
    </p>
   </div>
   <div class='ocr_carea' id='block_1_35' title="bbox 2108 592 3771 676">
    <p class='ocr_par' dir='ltr' id='par_1_35' title="bbox 2108 592 3771 676">
     <span class='ocr_line' id='line_1_35' title="bbox 2108 592 3771 676; baseline 0.004 -29"><span class='ocrx_word' id='word_1_233' title='bbox 2108 593 2424 670; x_wconf 77' lang='grc' dir='ltr'>ἀποκρίσεις</span> <span class='ocrx_word' id='word_1_234' title='bbox 2458 592 2828 671; x_wconf 76' lang='grc' dir='ltr'>ἔντελέστερον</span> <span class='ocrx_word' id='word_1_235' title='bbox 2858 594 2917 650; x_wconf 84' lang='grc' dir='ltr'>ἐκ</span> <span class='ocrx_word' id='word_1_236' title='bbox 2945 601 3041 650; x_wconf 74' lang='grc' dir='ltr'>τοῦ</span> <span class='ocrx_word' id='word_1_237' title='bbox 3081 594 3427 672; x_wconf 83' lang='grc' dir='ltr'>παρασχεδὸν</span> <span class='ocrx_word' id='word_1_238' title='bbox 3463 595 3654 653; x_wconf 81' lang='grc' dir='ltr'>δώσων</span> <span class='ocrx_word' id='word_1_239' title='bbox 3688 599 3771 676; x_wconf 61' lang='grc' dir='ltr'>ἐφ’</span> 
     </span>
    </p>
   </div>
   <div class='ocr_carea' id='block_1_36' title="bbox 2110 683 2501 757">
    <p class='ocr_par' dir='ltr' id='par_1_36' title="bbox 2110 683 2501 757">
     <span class='ocr_line' id='line_1_36' title="bbox 2110 683 2501 757; baseline 0.008 -19"><span class='ocrx_word' id='word_1_240' title='bbox 2110 687 2194 748; x_wconf 81' lang='grc' dir='ltr'>οἷς</span> <span class='ocrx_word' id='word_1_241' title='bbox 2221 683 2474 757; x_wconf 77' lang='grc' dir='ltr'>ἀπῄτητο</span> <span class='ocrx_word' id='word_1_242' title='bbox 2490 726 2501 742; x_wconf 91' lang='grc'><strong><em>.</em></strong></span> 
     </span>
    </p>
   </div>
   <div class='ocr_carea' id='block_1_37' title="bbox 2112 789 3774 868">
    <p class='ocr_par' dir='ltr' id='par_1_37' title="bbox 2112 789 3774 868">
     <span class='ocr_line' id='line_1_37' title="bbox 2112 789 3774 868; baseline 0.003 -23"><span class='ocrx_word' id='word_1_243' title='bbox 2112 791 2178 866; x_wconf 82' lang='grc' dir='ltr'>β’.</span> <span class='ocrx_word' id='word_1_244' title='bbox 2212 789 2794 868; x_wconf 21' lang='grc' dir='ltr'>’ΌπωςμμετακληΘ-εὶς</span> <span class='ocrx_word' id='word_1_245' title='bbox 2880 793 3233 868; x_wconf 68' lang='grc' dir='ltr'>πατριάρχης</span> <span class='ocrx_word' id='word_1_246' title='bbox 3262 794 3338 868; x_wconf 77' lang='grc' dir='ltr'>εἷς</span> <span class='ocrx_word' id='word_1_247' title='bbox 3367 794 3466 868; x_wconf 71' lang='grc' dir='ltr'>τὴν</span> <span class='ocrx_word' id='word_1_248' title='bbox 3502 795 3665 851; x_wconf 79' lang='grc' dir='ltr'>πόλιν</span> <span class='ocrx_word' id='word_1_249' title='bbox 3701 795 3774 850; x_wconf 81' lang='grc' dir='ltr'>εἷ-</span> 
     </span>
    </p>
   </div>
   <div class='ocr_carea' id='block_1_38' title="bbox 2359 859 3515 942">
    <p class='ocr_par' dir='ltr' id='par_1_38' title="bbox 2359 859 3515 942">
     <span class='ocr_line' id='line_1_38' title="bbox 2359 859 3515 942; baseline 0.004 -26"><span class='ocrx_word' id='word_1_250' title='bbox 2359 859 2598 938; x_wconf 82' lang='grc' dir='ltr'>σάγεται,</span> <span class='ocrx_word' id='word_1_251' title='bbox 2635 859 2725 917; x_wconf 71' lang='grc' dir='ltr'>καὶ</span> <span class='ocrx_word' id='word_1_252' title='bbox 2749 859 2929 942; x_wconf 68' lang='grc' dir='ltr'>στέιρει</span> <span class='ocrx_word' id='word_1_253' title='bbox 2961 859 3234 929; x_wconf 61' lang='grc' dir='ltr'>αὖθιςτὸν</span> <span class='ocrx_word' id='word_1_254' title='bbox 3266 859 3515 941; x_wconf 79' lang='grc' dir='ltr'>βασιλέα,</span> 
     </span>
    </p>
   </div>
   <div class='ocr_carea' id='block_1_39' title="bbox 2180 952 3770 1031">
    <p class='ocr_par' dir='ltr' id='par_1_39' title="bbox 2180 952 3770 1031">
     <span class='ocr_line' id='line_1_39' title="bbox 2180 952 3770 1031; baseline 0.004 -23"><span class='ocrx_word' id='word_1_255' title='bbox 2180 952 2263 1024; x_wconf 88' lang='grc' dir='ltr'>[Ρ.</span> <span class='ocrx_word' id='word_1_256' title='bbox 2301 955 2425 1026; x_wconf 77' lang='grc'>115]</span> <span class='ocrx_word' id='word_1_257' title='bbox 2456 955 2662 1009; x_wconf 83' lang='grc' dir='ltr'>Ἐκεῖσε</span> <span class='ocrx_word' id='word_1_258' title='bbox 2693 958 2980 1030; x_wconf 80' lang='grc' dir='ltr'>τοιγαροῦν</span> <span class='ocrx_word' id='word_1_259' title='bbox 3011 955 3384 1028; x_wconf 70' lang='grc' dir='ltr'>πεμπομένων</span> <span class='ocrx_word' id='word_1_260' title='bbox 3416 957 3552 1031; x_wconf 83' lang='grc' dir='ltr'>πρός</span> <span class='ocrx_word' id='word_1_261' title='bbox 3580 979 3640 1012; x_wconf 87' lang='grc' dir='ltr'>τε</span> <span class='ocrx_word' id='word_1_262' title='bbox 3667 963 3770 1014; x_wconf 74' lang='grc' dir='ltr'>τοῦ</span> 
     </span>
    </p>
   </div>
   <div class='ocr_carea' id='block_1_40' title="bbox 2110 1039 3770 1117">
    <p class='ocr_par' dir='ltr' id='par_1_40' title="bbox 2110 1039 3770 1117">
     <span class='ocr_line' id='line_1_40' title="bbox 2110 1039 3770 1117; baseline 0.004 -22"><span class='ocrx_word' id='word_1_263' title='bbox 2110 1039 2382 1116; x_wconf 79' lang='grc' dir='ltr'>βασιλέως</span> <span class='ocrx_word' id='word_1_264' title='bbox 2414 1043 2497 1096; x_wconf 83' lang='grc' dir='ltr'>καὶ</span> <span class='ocrx_word' id='word_1_265' title='bbox 2532 1045 2632 1106; x_wconf 78' lang='grc' dir='ltr'>τῆς</span> <span class='ocrx_word' id='word_1_266' title='bbox 2665 1040 2914 1109; x_wconf 83' lang='grc' dir='ltr'>συνόδου,</span> <span class='ocrx_word' id='word_1_267' title='bbox 2947 1044 3037 1098; x_wconf 80' lang='grc' dir='ltr'>καὶ</span> <span class='ocrx_word' id='word_1_268' title='bbox 3081 1045 3415 1117; x_wconf 73' lang='grc' dir='ltr'>κινουμένωι</span> <span class='ocrx_word' id='word_1_269' title='bbox 3447 1051 3554 1099; x_wconf 84' lang='grc' dir='ltr'>τῶν</span> <span class='ocrx_word' id='word_1_270' title='bbox 3593 1052 3770 1117; x_wconf 81' lang='grc' dir='ltr'>ζητη-</span> 
     </span>
    </p>
   </div>
   <div class='ocr_carea' id='block_1_41' title="bbox 2110 1128 3773 1211">
    <p class='ocr_par' dir='ltr' id='par_1_41' title="bbox 2110 1128 3773 1211">
     <span class='ocr_line' id='line_1_41' title="bbox 2110 1128 3773 1211; baseline 0.005 -27"><span class='ocrx_word' id='word_1_271' title='bbox 2110 1132 2313 1203; x_wconf 72' lang='grc' dir='ltr'>μάτων,</span> <span class='ocrx_word' id='word_1_272' title='bbox 2347 1128 2466 1203; x_wconf 60' lang='grc' dir='ltr'>ὁξδε</span> <span class='ocrx_word' id='word_1_273' title='bbox 2493 1130 2560 1184; x_wconf 75' lang='grc' dir='ltr'>τα</span> <span class='ocrx_word' id='word_1_274' title='bbox 2593 1131 2687 1204; x_wconf 70' lang='grc' dir='ltr'>μὲν</span> <span class='ocrx_word' id='word_1_275' title='bbox 2722 1129 2910 1196; x_wconf 80' lang='grc' dir='ltr'>διδοὺς</span> <span class='ocrx_word' id='word_1_276' title='bbox 2937 1134 3004 1187; x_wconf 69' lang='grc' dir='ltr'>τὰ</span> <span class='ocrx_word' id='word_1_277' title='bbox 3035 1131 3092 1187; x_wconf 78' lang='grc' dir='ltr'>δὲ</span> <span class='ocrx_word' id='word_1_278' title='bbox 3121 1133 3211 1187; x_wconf 86' lang='grc' dir='ltr'>καὶ</span> <span class='ocrx_word' id='word_1_279' title='bbox 3234 1136 3773 1211; x_wconf 76' lang='grc' dir='ltr'>προσυποσχύμενος</span> 
     </span>
    </p>
   </div>
   <div class='ocr_carea' id='block_1_42' title="bbox 2102 1222 3772 1296">
    <p class='ocr_par' dir='ltr' id='par_1_42' title="bbox 2102 1222 3772 1296">
     <span class='ocr_line' id='line_1_42' title="bbox 2102 1222 3772 1296; baseline 0.005 -23"><span class='ocrx_word' id='word_1_280' title='bbox 2102 1225 2420 1292; x_wconf 75' lang='grc' dir='ltr'>περαιοῦται</span> <span class='ocrx_word' id='word_1_281' title='bbox 2469 1241 2528 1275; x_wconf 87' lang='grc' dir='ltr'>τε</span> <span class='ocrx_word' id='word_1_282' title='bbox 2573 1222 2673 1290; x_wconf 79' lang='grc' dir='ltr'>τήν</span> <span class='ocrx_word' id='word_1_283' title='bbox 2718 1222 3009 1296; x_wconf 82' lang='grc' dir='ltr'>ταχίστην,</span> <span class='ocrx_word' id='word_1_284' title='bbox 3041 1223 3130 1276; x_wconf 83' lang='grc' dir='ltr'>καὶ</span> <span class='ocrx_word' id='word_1_285' title='bbox 3179 1230 3279 1292; x_wconf 84' lang='grc' dir='ltr'>τῆς</span> <span class='ocrx_word' id='word_1_286' title='bbox 3323 1222 3540 1288; x_wconf 82' lang='grc' dir='ltr'>πόλεως</span> <span class='ocrx_word' id='word_1_287' title='bbox 3576 1223 3772 1291; x_wconf 72' lang='grc' dir='ltr'>ἐπιϐὰς</span> 
     </span>
    </p>
   </div>
   <div class='ocr_carea' id='block_1_43' title="bbox 2103 1309 3766 1390">
    <p class='ocr_par' dir='ltr' id='par_1_43' title="bbox 2103 1309 3766 1390">
     <span class='ocr_line' id='line_1_43' title="bbox 2103 1309 3766 1390; baseline 0.011 -36"><span class='ocrx_word' id='word_1_288' title='bbox 2103 1313 2272 1386; x_wconf 67' lang='grc' dir='ltr'>ψήφῳ</span> <span class='ocrx_word' id='word_1_289' title='bbox 2317 1313 2476 1383; x_wconf 77' lang='grc' dir='ltr'>κοινῇ</span> <span class='ocrx_word' id='word_1_290' title='bbox 2525 1309 2614 1364; x_wconf 80' lang='grc' dir='ltr'>καὶ</span> <span class='ocrx_word' id='word_1_291' title='bbox 2655 1313 2854 1386; x_wconf 76' lang='grc' dir='ltr'>γνώμῃ</span> <span class='ocrx_word' id='word_1_292' title='bbox 2886 1312 2984 1379; x_wconf 80' lang='grc' dir='ltr'>τήν</span> <span class='ocrx_word' id='word_1_293' title='bbox 3020 1310 3348 1382; x_wconf 84' lang='grc' dir='ltr'>Ἐκκλησίαν</span> <span class='ocrx_word' id='word_1_294' title='bbox 3397 1312 3766 1390; x_wconf 75' lang='grc' dir='ltr'>καταλαμϐα-</span> 
     </span>
    </p>
   </div>
   <div class='ocr_carea' id='block_1_44' title="bbox 2101 1399 3768 1479">
    <p class='ocr_par' dir='ltr' id='par_1_44' title="bbox 2101 1399 3768 1479">
     <span class='ocr_line' id='line_1_44' title="bbox 2101 1399 3768 1479; baseline 0.005 -28"><span class='ocrx_word' id='word_1_295' title='bbox 2101 1419 2200 1454; x_wconf 91' lang='grc' dir='ltr'>νει.</span> <span class='ocrx_word' id='word_1_296' title='bbox 2265 1401 2488 1473; x_wconf 82' lang='grc' dir='ltr'>Πρῶτος</span> <span class='ocrx_word' id='word_1_297' title='bbox 2542 1399 2634 1454; x_wconf 75' lang='grc' dir='ltr'>οὖν</span> <span class='ocrx_word' id='word_1_298' title='bbox 2695 1400 2723 1453; x_wconf 86' lang='grc' dir='ltr'>ὁ</span> <span class='ocrx_word' id='word_1_299' title='bbox 2782 1399 3042 1475; x_wconf 73' lang='grc' dir='ltr'>βασιλεὺς</span> <span class='ocrx_word' id='word_1_300' title='bbox 3073 1399 3529 1476; x_wconf 75' lang='grc' dir='ltr'>ἀπολογούμενος</span> <span class='ocrx_word' id='word_1_301' title='bbox 3576 1403 3768 1479; x_wconf 77' lang='grc' dir='ltr'>ἐκείνῳ</span> 
     </span>
    </p>
   </div>
   <div class='ocr_carea' id='block_1_45' title="bbox 2100 1487 3765 1567">
    <p class='ocr_par' dir='ltr' id='par_1_45' title="bbox 2100 1487 3765 1567">
     <span class='ocr_line' id='line_1_45' title="bbox 2100 1487 3765 1567; baseline 0.004 -25"><span class='ocrx_word' id='word_1_302' title='bbox 2100 1487 2223 1560; x_wconf 79' lang='grc' dir='ltr'>περὶ</span> <span class='ocrx_word' id='word_1_303' title='bbox 2279 1493 2388 1542; x_wconf 83' lang='grc' dir='ltr'>τῶν</span> <span class='ocrx_word' id='word_1_304' title='bbox 2445 1490 2804 1565; x_wconf 80' lang='grc' dir='ltr'>πραχθέντων</span> <span class='ocrx_word' id='word_1_305' title='bbox 2853 1488 3122 1564; x_wconf 81' lang='grc' dir='ltr'>μεγάλαις</span> <span class='ocrx_word' id='word_1_306' title='bbox 3152 1487 3368 1566; x_wconf 74' lang='grc' dir='ltr'>ἤγαλλε</span> <span class='ocrx_word' id='word_1_307' title='bbox 3396 1498 3516 1556; x_wconf 88' lang='grc' dir='ltr'>ταῖς</span> <span class='ocrx_word' id='word_1_308' title='bbox 3547 1501 3765 1567; x_wconf 84' lang='grc' dir='ltr'>τιμαῖς,</span> 
     </span>
    </p>
   </div>
   <div class='ocr_carea' id='block_1_46' title="bbox 2099 1578 3767 1656">
    <p class='ocr_par' dir='ltr' id='par_1_46' title="bbox 2099 1578 3767 1656">
     <span class='ocr_line' id='line_1_46' title="bbox 2099 1578 3767 1656; baseline 0.004 -24"><span class='ocrx_word' id='word_1_309' title='bbox 2099 1578 2186 1632; x_wconf 77' lang='grc' dir='ltr'>καὶ</span> <span class='ocrx_word' id='word_1_310' title='bbox 2218 1582 2336 1638; x_wconf 87' lang='grc' dir='ltr'>ταῖς</span> <span class='ocrx_word' id='word_1_311' title='bbox 2362 1578 2438 1640; x_wconf 84' lang='grc' dir='ltr'>είς</span> <span class='ocrx_word' id='word_1_312' title='bbox 2464 1579 2564 1647; x_wconf 77' lang='grc' dir='ltr'>τήν</span> <span class='ocrx_word' id='word_1_313' title='bbox 2606 1578 2932 1650; x_wconf 87' lang='grc' dir='ltr'>Ἐκκλησίαν</span> <span class='ocrx_word' id='word_1_314' title='bbox 2985 1579 3284 1656; x_wconf 82' lang='grc' dir='ltr'>προσόδοις</span> <span class='ocrx_word' id='word_1_315' title='bbox 3317 1581 3497 1654; x_wconf 78' lang='grc' dir='ltr'>ἐτίμα.</span> <span class='ocrx_word' id='word_1_316' title='bbox 3551 1583 3655 1640; x_wconf 84' lang='grc' dir='ltr'>Καὶ</span> <span class='ocrx_word' id='word_1_317' title='bbox 3702 1585 3767 1639; x_wconf 86' lang='grc' dir='ltr'>τὸ</span> 
     </span>
    </p>
   </div>
   <div class='ocr_carea' id='block_1_47' title="bbox 2107 1665 3769 1744">
    <p class='ocr_par' dir='ltr' id='par_1_47' title="bbox 2107 1665 3769 1744">
     <span class='ocr_line' id='line_1_47' title="bbox 2107 1665 3769 1744; baseline 0.005 -26"><span class='ocrx_word' id='word_1_318' title='bbox 2107 1665 2199 1738; x_wconf 79' lang='grc' dir='ltr'>μὶν</span> <span class='ocrx_word' id='word_1_319' title='bbox 2249 1665 2392 1738; x_wconf 79' lang='grc' dir='ltr'>ἱερὸν</span> <span class='ocrx_word' id='word_1_320' title='bbox 2435 1666 2574 1720; x_wconf 82' lang='grc' dir='ltr'>ἅπαν</span> <span class='ocrx_word' id='word_1_321' title='bbox 2621 1667 2894 1740; x_wconf 88' lang='grc' dir='ltr'>μετεποίει</span> <span class='ocrx_word' id='word_1_322' title='bbox 2947 1669 3082 1744; x_wconf 85' lang='grc' dir='ltr'>πρὸς</span> <span class='ocrx_word' id='word_1_323' title='bbox 3125 1669 3226 1736; x_wconf 75' lang='grc' dir='ltr'>τὴν</span> <span class='ocrx_word' id='word_1_324' title='bbox 3279 1670 3548 1744; x_wconf 82' lang='grc' dir='ltr'>προτέραν</span> <span class='ocrx_word' id='word_1_325' title='bbox 3596 1674 3769 1728; x_wconf 81' lang='grc' dir='ltr'>κατά-</span> 
     </span>
    </p>
   </div>
   <div class='ocr_carea' id='block_1_48' title="bbox 2104 1754 3767 1831">
    <p class='ocr_par' dir='ltr' id='par_1_48' title="bbox 2104 1754 3767 1831">
     <span class='ocr_line' id='line_1_48' title="bbox 2104 1754 3767 1831; baseline 0.004 -21"><span class='ocrx_word' id='word_1_326' title='bbox 2104 1776 2309 1821; x_wconf 88' lang='grc' dir='ltr'>στασιν,</span> <span class='ocrx_word' id='word_1_327' title='bbox 2357 1754 2616 1829; x_wconf 75' lang='grc' dir='ltr'>ἐκτραπὲν</span> <span class='ocrx_word' id='word_1_328' title='bbox 2667 1755 2754 1811; x_wconf 78' lang='grc' dir='ltr'>ἐπὶ</span> <span class='ocrx_word' id='word_1_329' title='bbox 2794 1755 3034 1821; x_wconf 88' lang='grc' dir='ltr'>πολλοῖς</span> <span class='ocrx_word' id='word_1_330' title='bbox 3061 1758 3211 1831; x_wconf 88' lang='grc' dir='ltr'>παρὰ</span> <span class='ocrx_word' id='word_1_331' title='bbox 3239 1762 3347 1813; x_wconf 81' lang='grc' dir='ltr'>τῶν</span> <span class='ocrx_word' id='word_1_332' title='bbox 3375 1758 3624 1815; x_wconf 84' lang='grc' dir='ltr'>Ἰταλῶν.</span> <span class='ocrx_word' id='word_1_333' title='bbox 3660 1761 3767 1816; x_wconf 81' lang='grc' dir='ltr'>Καὶ</span> 
     </span>
    </p>
   </div>
   <div class='ocr_carea' id='block_1_49' title="bbox 2103 1837 3766 1922">
    <p class='ocr_par' dir='ltr' id='par_1_49' title="bbox 2103 1837 3766 1922">
     <span class='ocr_line' id='line_1_49' title="bbox 2103 1837 3766 1922; baseline 0.004 -23"><span class='ocrx_word' id='word_1_334' title='bbox 2103 1842 2169 1914; x_wconf 76' lang='grc' dir='ltr'>δὴ</span> <span class='ocrx_word' id='word_1_335' title='bbox 2205 1837 2498 1915; x_wconf 64' lang='grc' dir='ltr'>ἐπιστήσας</span> <span class='ocrx_word' id='word_1_336' title='bbox 2549 1846 2640 1900; x_wconf 89' lang='grc' dir='ltr'>τὸν</span> <span class='ocrx_word' id='word_1_337' title='bbox 2692 1846 2935 1920; x_wconf 85' lang='grc' dir='ltr'>μοναχὸν</span> <span class='ocrx_word' id='word_1_338' title='bbox 2987 1847 3250 1922; x_wconf 81' lang='grc' dir='ltr'>Ῥουχᾶν,</span> <span class='ocrx_word' id='word_1_339' title='bbox 3300 1844 3469 1922; x_wconf 76' lang='grc' dir='ltr'>ἄνδρα</span> <span class='ocrx_word' id='word_1_340' title='bbox 3527 1845 3766 1921; x_wconf 77' lang='grc' dir='ltr'>δραστή-</span> 
     </span>
    </p>
   </div>
   <div class='ocr_carea' id='block_1_50' title="bbox 2108 1932 3766 2010">
    <p class='ocr_par' dir='ltr' id='par_1_50' title="bbox 2108 1932 3766 2010">
     <span class='ocr_line' id='line_1_50' title="bbox 2108 1932 3766 2010; baseline 0.004 -22"><span class='ocrx_word' id='word_1_341' title='bbox 2108 1955 2222 2009; x_wconf 86' lang='grc' dir='ltr'>ριον</span> <span class='ocrx_word' id='word_1_342' title='bbox 2258 1933 2344 1987; x_wconf 84' lang='grc' dir='ltr'>ἐπὶ</span> <span class='ocrx_word' id='word_1_343' title='bbox 2375 1939 2493 1997; x_wconf 84' lang='grc' dir='ltr'>τοῖς</span> <span class='ocrx_word' id='word_1_344' title='bbox 2518 1934 2814 2003; x_wconf 79' lang='grc' dir='ltr'>τοιούτοις,</span> <span class='ocrx_word' id='word_1_345' title='bbox 2862 1935 2925 1989; x_wconf 85' lang='grc' dir='ltr'>τό</span> <span class='ocrx_word' id='word_1_346' title='bbox 2955 1956 3014 1990; x_wconf 90' lang='grc' dir='ltr'>τε</span> <span class='ocrx_word' id='word_1_347' title='bbox 3048 1937 3202 2010; x_wconf 78' lang='grc' dir='ltr'>βῆμα</span> <span class='ocrx_word' id='word_1_348' title='bbox 3241 1932 3627 2010; x_wconf 41' lang='grc' dir='ltr'>καὶλᾶμϐωνας</span> <span class='ocrx_word' id='word_1_349' title='bbox 3672 1937 3766 1994; x_wconf 76' lang='grc' dir='ltr'>καὶ</span> 
     </span>
    </p>
   </div>
   <div class='ocr_carea' id='block_1_51' title="bbox 2102 2021 3760 2101">
    <p class='ocr_par' dir='ltr' id='par_1_51' title="bbox 2102 2021 3760 2101">
     <span class='ocr_line' id='line_1_51' title="bbox 2102 2021 3760 2101; baseline 0.004 -25"><span class='ocrx_word' id='word_1_350' title='bbox 2102 2021 2310 2077; x_wconf 79' lang='grc' dir='ltr'>σωλὲαν</span> <span class='ocrx_word' id='word_1_351' title='bbox 2341 2023 2430 2077; x_wconf 79' lang='grc' dir='ltr'>καὶ</span> <span class='ocrx_word' id='word_1_352' title='bbox 2464 2021 2589 2078; x_wconf 80' lang='grc' dir='ltr'>ἄλλ’</span> <span class='ocrx_word' id='word_1_353' title='bbox 2621 2022 2751 2078; x_wconf 81' lang='grc' dir='ltr'>ἅττα</span> <span class='ocrx_word' id='word_1_354' title='bbox 2789 2023 3104 2099; x_wconf 84' lang='grc' dir='ltr'>βασιλικαῖς</span> <span class='ocrx_word' id='word_1_355' title='bbox 3133 2023 3343 2095; x_wconf 78' lang='grc' dir='ltr'>ἐξόδοις</span> <span class='ocrx_word' id='word_1_356' title='bbox 3394 2025 3760 2101; x_wconf 84' lang='grc' dir='ltr'>ἀνῳκοδόμει.</span> 
     </span>
    </p>
   </div>
   <div class='ocr_carea' id='block_1_52' title="bbox 2101 2111 3769 2190">
    <p class='ocr_par' dir='ltr' id='par_1_52' title="bbox 2101 2111 3769 2190">
     <span class='ocr_line' id='line_1_52' title="bbox 2101 2111 3769 2190; baseline 0.002 -22"><span class='ocrx_word' id='word_1_357' title='bbox 2101 2113 2235 2168; x_wconf 76' lang='grc' dir='ltr'>Εἶτα</span> <span class='ocrx_word' id='word_1_358' title='bbox 2279 2111 2516 2174; x_wconf 84' lang='grc' dir='ltr'>πέπλοις</span> <span class='ocrx_word' id='word_1_359' title='bbox 2563 2115 2652 2167; x_wconf 81' lang='grc' dir='ltr'>καὶ</span> <span class='ocrx_word' id='word_1_360' title='bbox 2705 2113 2944 2168; x_wconf 74' lang='grc' dir='ltr'>σκεύεσιν</span> <span class='ocrx_word' id='word_1_361' title='bbox 3005 2115 3178 2189; x_wconf 76' lang='grc' dir='ltr'>ἱεροῖς</span> <span class='ocrx_word' id='word_1_362' title='bbox 3235 2116 3296 2170; x_wconf 87' lang='grc' dir='ltr'>τὸ</span> <span class='ocrx_word' id='word_1_363' title='bbox 3345 2117 3488 2170; x_wconf 83' lang='grc' dir='ltr'>θεῖον</span> <span class='ocrx_word' id='word_1_364' title='bbox 3537 2117 3769 2190; x_wconf 86' lang='grc' dir='ltr'>τέμενος</span> 
     </span>
    </p>
   </div>
   <div class='ocr_carea' id='block_1_53' title="bbox 2100 2202 3768 2281">
    <p class='ocr_par' dir='ltr' id='par_1_53' title="bbox 2100 2202 3768 2281">
     <span class='ocr_line' id='line_1_53' title="bbox 2100 2202 3768 2281; baseline 0.004 -26"><span class='ocrx_word' id='word_1_365' title='bbox 2100 2205 2328 2265; x_wconf 82' lang='grc' dir='ltr'>καθίστα</span> <span class='ocrx_word' id='word_1_366' title='bbox 2384 2203 2523 2276; x_wconf 87' lang='grc' dir='ltr'>πρὸς</span> <span class='ocrx_word' id='word_1_367' title='bbox 2582 2203 2644 2256; x_wconf 88' lang='grc' dir='ltr'>τὸ</span> <span class='ocrx_word' id='word_1_368' title='bbox 2705 2202 3174 2278; x_wconf 75' lang='grc' dir='ltr'>εὐπρεπέστερον.</span> <span class='ocrx_word' id='word_1_369' title='bbox 3238 2205 3367 2260; x_wconf 78' lang='grc' dir='ltr'>Εἶτα</span> <span class='ocrx_word' id='word_1_370' title='bbox 3419 2204 3512 2259; x_wconf 85' lang='grc' dir='ltr'>καὶ</span> <span class='ocrx_word' id='word_1_371' title='bbox 3574 2207 3768 2281; x_wconf 85' lang='grc' dir='ltr'>χώρας</span> 
     </span>
    </p>
   </div>
   <div class='ocr_carea' id='block_1_54' title="bbox 2102 2288 3768 2370">
    <p class='ocr_par' dir='ltr' id='par_1_54' title="bbox 2102 2288 3768 2370">
     <span class='ocr_line' id='line_1_54' title="bbox 2102 2288 3768 2370; baseline 0.004 -26"><span class='ocrx_word' id='word_1_372' title='bbox 2102 2290 2406 2366; x_wconf 83' lang='grc' dir='ltr'>προσετίθει</span> <span class='ocrx_word' id='word_1_373' title='bbox 2462 2294 2531 2364; x_wconf 81' lang='grc' dir='ltr'>τῇ</span> <span class='ocrx_word' id='word_1_374' title='bbox 2593 2288 2878 2362; x_wconf 75' lang='grc' dir='ltr'>ἐκκλησίᾳ,</span> <span class='ocrx_word' id='word_1_375' title='bbox 2938 2294 3142 2370; x_wconf 75' lang='grc' dir='ltr'>φθάσας</span> <span class='ocrx_word' id='word_1_376' title='bbox 3172 2295 3492 2364; x_wconf 82' lang='grc' dir='ltr'>προσθεῖναι</span> <span class='ocrx_word' id='word_1_377' title='bbox 3522 2295 3612 2349; x_wconf 79' lang='grc' dir='ltr'>καὶ</span> <span class='ocrx_word' id='word_1_378' title='bbox 3663 2293 3768 2351; x_wconf 81' lang='grc' dir='ltr'>ἆίλ-</span> 
     </span>
    </p>
   </div>
   <div class='ocr_carea' id='block_1_55' title="bbox 2105 2377 3774 2458">
    <p class='ocr_par' dir='ltr' id='par_1_55' title="bbox 2105 2377 3774 2458">
     <span class='ocr_line' id='line_1_55' title="bbox 2105 2377 3774 2458; baseline 0.004 -25"><span class='ocrx_word' id='word_1_379' title='bbox 2105 2377 2205 2442; x_wconf 92' lang='grc' dir='ltr'>λας</span> <span class='ocrx_word' id='word_1_380' title='bbox 2239 2379 2314 2441; x_wconf 84' lang='grc' dir='ltr'>εἰς</span> <span class='ocrx_word' id='word_1_381' title='bbox 2343 2379 2578 2447; x_wconf 79' lang='grc' dir='ltr'>τὴντῶν</span> <span class='ocrx_word' id='word_1_382' title='bbox 2633 2380 2965 2453; x_wconf 76' lang='grc' dir='ltr'>ὑμνοπὸλων</span> <span class='ocrx_word' id='word_1_383' title='bbox 3013 2380 3360 2456; x_wconf 80' lang='grc' dir='ltr'>οἰκονομίαν,</span> <span class='ocrx_word' id='word_1_384' title='bbox 3413 2384 3488 2447; x_wconf 86' lang='grc' dir='ltr'>ὡς</span> <span class='ocrx_word' id='word_1_385' title='bbox 3552 2385 3627 2458; x_wconf 81' lang='grc' dir='ltr'>μὴ</span> <span class='ocrx_word' id='word_1_386' title='bbox 3685 2385 3774 2440; x_wconf 81' lang='grc' dir='ltr'>ἐν-</span> 
     </span>
    </p>
   </div>
   <div class='ocr_carea' id='block_1_56' title="bbox 2104 2577 3765 2652">
    <p class='ocr_par' dir='ltr' id='par_1_56' title="bbox 2104 2577 3765 2652">
     <span class='ocr_line' id='line_1_56' title="bbox 2104 2577 3765 2652; baseline 0.005 -19"><span class='ocrx_word' id='word_1_387' title='bbox 2104 2577 2263 2633; x_wconf 85' lang='lat' dir='ltr'>niam</span> <span class='ocrx_word' id='word_1_388' title='bbox 2297 2579 2430 2633; x_wconf 88' lang='lat' dir='ltr'>dare</span> <span class='ocrx_word' id='word_1_389' title='bbox 2458 2578 2530 2634; x_wconf 92' lang='lat' dir='ltr'>ob</span> <span class='ocrx_word' id='word_1_390' title='bbox 2562 2595 2630 2634; x_wconf 90' lang='lat' dir='ltr'>ea</span> <span class='ocrx_word' id='word_1_391' title='bbox 2656 2595 2785 2651; x_wconf 78' lang='lat' dir='ltr'>quae</span> <span class='ocrx_word' id='word_1_392' title='bbox 2815 2579 2871 2634; x_wconf 89' lang='lat' dir='ltr'>in</span> <span class='ocrx_word' id='word_1_393' title='bbox 2918 2597 2980 2635; x_wconf 89' lang='lat' dir='ltr'>se</span> <span class='ocrx_word' id='word_1_394' title='bbox 3013 2584 3252 2652; x_wconf 90' lang='lat' dir='ltr'>peccata</span> <span class='ocrx_word' id='word_1_395' title='bbox 3308 2582 3561 2652; x_wconf 85' lang='lat' dir='ltr'>fuerant,</span> <span class='ocrx_word' id='word_1_396' title='bbox 3621 2601 3765 2641; x_wconf 91' lang='lat' dir='ltr'>cau-</span> 
     </span>
    </p>
   </div>
   <div class='ocr_carea' id='block_1_57' title="bbox 2103 2667 3764 2745">
    <p class='ocr_par' dir='ltr' id='par_1_57' title="bbox 2103 2667 3764 2745">
     <span class='ocr_line' id='line_1_57' title="bbox 2103 2667 3764 2745; baseline 0.004 -23"><span class='ocrx_word' id='word_1_397' title='bbox 2103 2669 2287 2723; x_wconf 88' lang='lat' dir='ltr'>sando</span> <span class='ocrx_word' id='word_1_398' title='bbox 2310 2667 2712 2724; x_wconf 87' lang='lat' dir='ltr'>invitationem</span> <span class='ocrx_word' id='word_1_399' title='bbox 2738 2685 2960 2725; x_wconf 84' lang='lat' dir='ltr'>meram</span> <span class='ocrx_word' id='word_1_400' title='bbox 2974 2686 3179 2725; x_wconf 89' lang='lat' dir='ltr'>eorum</span> <span class='ocrx_word' id='word_1_401' title='bbox 3196 2687 3328 2727; x_wconf 89' lang='lat' dir='ltr'>esse</span> <span class='ocrx_word' id='word_1_402' title='bbox 3343 2673 3445 2745; x_wconf 89' lang='lat' dir='ltr'>qui</span> <span class='ocrx_word' id='word_1_403' title='bbox 3461 2689 3522 2729; x_wconf 91' lang='lat' dir='ltr'>se</span> <span class='ocrx_word' id='word_1_404' title='bbox 3541 2673 3764 2730; x_wconf 90' lang='lat' dir='ltr'>nullius</span> 
     </span>
    </p>
   </div>
   <div class='ocr_carea' id='block_1_58' title="bbox 2103 2758 3763 2833">
    <p class='ocr_par' dir='ltr' id='par_1_58' title="bbox 2103 2758 3763 2833">
     <span class='ocr_line' id='line_1_58' title="bbox 2103 2758 3763 2833; baseline 0.004 -21"><span class='ocrx_word' id='word_1_405' title='bbox 2103 2758 2320 2829; x_wconf 90' lang='lat' dir='ltr'>peccati</span> <span class='ocrx_word' id='word_1_406' title='bbox 2355 2759 2622 2814; x_wconf 85' lang='lat' dir='ltr'>conscios</span> <span class='ocrx_word' id='word_1_407' title='bbox 2655 2759 3100 2830; x_wconf 83' lang='lat' dir='ltr'>proﬁterentur:</span> <span class='ocrx_word' id='word_1_408' title='bbox 3136 2776 3270 2816; x_wconf 88' lang='lat' dir='ltr'>nam</span> <span class='ocrx_word' id='word_1_409' title='bbox 3295 2762 3346 2817; x_wconf 90' lang='lat' dir='ltr'>si</span> <span class='ocrx_word' id='word_1_410' title='bbox 3377 2768 3763 2833; x_wconf 79' lang='lat' dir='ltr'>agnoscerent</span> 
     </span>
    </p>
   </div>
   <div class='ocr_carea' id='block_1_59' title="bbox 2101 2847 3760 2922">
    <p class='ocr_par' dir='ltr' id='par_1_59' title="bbox 2101 2847 3760 2922">
     <span class='ocr_line' id='line_1_59' title="bbox 2101 2847 3760 2922; baseline 0.004 -20"><span class='ocrx_word' id='word_1_411' title='bbox 2101 2847 2360 2916; x_wconf 88' lang='lat' dir='ltr'>culpam,</span> <span class='ocrx_word' id='word_1_412' title='bbox 2387 2847 2590 2919; x_wconf 89' lang='lat' dir='ltr'>utique</span> <span class='ocrx_word' id='word_1_413' title='bbox 2607 2851 3080 2919; x_wconf 85' lang='lat' dir='ltr'>deprecarentur.</span> <span class='ocrx_word' id='word_1_414' title='bbox 3101 2849 3322 2905; x_wconf 88' lang='lat' dir='ltr'>Tamen</span> <span class='ocrx_word' id='word_1_415' title='bbox 3344 2868 3480 2906; x_wconf 90' lang='lat' dir='ltr'>cum</span> <span class='ocrx_word' id='word_1_416' title='bbox 3503 2852 3610 2908; x_wconf 85' lang='lat' dir='ltr'>hac</span> <span class='ocrx_word' id='word_1_417' title='bbox 3632 2853 3760 2922; x_wconf 88' lang='lat' dir='ltr'>ejus</span> 
     </span>
    </p>
   </div>
   <div class='ocr_carea' id='block_1_60' title="bbox 2102 2937 3755 3009">
    <p class='ocr_par' dir='ltr' id='par_1_60' title="bbox 2102 2937 3755 3009">
     <span class='ocr_line' id='line_1_60' title="bbox 2102 2937 3755 3009; baseline 0.003 -18"><span class='ocrx_word' id='word_1_418' title='bbox 2102 2937 2436 3008; x_wconf 86' lang='lat' dir='ltr'>exceptione</span> <span class='ocrx_word' id='word_1_419' title='bbox 2466 2937 2752 2992; x_wconf 86' lang='lat' dir='ltr'>admoniti</span> <span class='ocrx_word' id='word_1_420' title='bbox 2787 2937 2963 3009; x_wconf 86' lang='lat' dir='ltr'>legati</span> <span class='ocrx_word' id='word_1_421' title='bbox 2997 2954 3199 3008; x_wconf 88' lang='lat' dir='ltr'>preces</span> <span class='ocrx_word' id='word_1_422' title='bbox 3231 2939 3410 2996; x_wconf 90' lang='lat' dir='ltr'>etiam</span> <span class='ocrx_word' id='word_1_423' title='bbox 3443 2941 3755 2997; x_wconf 86' lang='lat' dir='ltr'>adhibuis-</span> 
     </span>
    </p>
   </div>
   <div class='ocr_carea' id='block_1_61' title="bbox 2105 3025 3760 3101">
    <p class='ocr_par' dir='ltr' id='par_1_61' title="bbox 2105 3025 3760 3101">
     <span class='ocr_line' id='line_1_61' title="bbox 2105 3025 3760 3101; baseline 0.002 -20"><span class='ocrx_word' id='word_1_424' title='bbox 2105 3031 2254 3096; x_wconf 89' lang='lat' dir='ltr'>sent,</span> <span class='ocrx_word' id='word_1_425' title='bbox 2271 3025 2574 3098; x_wconf 85' lang='lat' dir='ltr'>mitigatus</span> <span class='ocrx_word' id='word_1_426' title='bbox 2589 3042 2763 3081; x_wconf 87' lang='lat' dir='ltr'>senex</span> <span class='ocrx_word' id='word_1_427' title='bbox 2777 3026 3046 3082; x_wconf 89' lang='lat' dir='ltr'>exhibuit</span> <span class='ocrx_word' id='word_1_428' title='bbox 3066 3044 3129 3083; x_wconf 89' lang='lat' dir='ltr'>se</span> <span class='ocrx_word' id='word_1_429' title='bbox 3143 3034 3484 3101; x_wconf 89' lang='lat' dir='ltr'>promptum</span> <span class='ocrx_word' id='word_1_430' title='bbox 3509 3030 3580 3085; x_wconf 89' lang='lat' dir='ltr'>ad</span> <span class='ocrx_word' id='word_1_431' title='bbox 3617 3047 3760 3085; x_wconf 91' lang='lat' dir='ltr'>eun-</span> 
     </span>
    </p>
   </div>
   <div class='ocr_carea' id='block_1_62' title="bbox 2104 3115 3751 3188">
    <p class='ocr_par' dir='ltr' id='par_1_62' title="bbox 2104 3115 3751 3188">
     <span class='ocr_line' id='line_1_62' title="bbox 2104 3115 3751 3188; baseline 0.002 -20"><span class='ocrx_word' id='word_1_432' title='bbox 2104 3115 2244 3169; x_wconf 89' lang='lat' dir='ltr'>dum</span> <span class='ocrx_word' id='word_1_433' title='bbox 2271 3131 2387 3184; x_wconf 92' lang='lat' dir='ltr'>quo</span> <span class='ocrx_word' id='word_1_434' title='bbox 2414 3117 2750 3169; x_wconf 86' lang='lat' dir='ltr'>vocabatur.</span> <span class='ocrx_word' id='word_1_435' title='bbox 2785 3118 2986 3187; x_wconf 80' lang='lat' dir='ltr'>Reque</span> <span class='ocrx_word' id='word_1_436' title='bbox 3041 3115 3172 3186; x_wconf 86' lang='lat' dir='ltr'>ipsa</span> <span class='ocrx_word' id='word_1_437' title='bbox 3221 3118 3433 3188; x_wconf 86' lang='lat' dir='ltr'>partim</span> <span class='ocrx_word' id='word_1_438' title='bbox 3489 3119 3751 3172; x_wconf 83' lang='lat' dir='ltr'>terrestri</span> 
     </span>
    </p>
   </div>
   <div class='ocr_carea' id='block_1_63' title="bbox 2101 3203 3744 3277">
    <p class='ocr_par' dir='ltr' id='par_1_63' title="bbox 2101 3203 3744 3277">
     <span class='ocr_line' id='line_1_63' title="bbox 2101 3203 3744 3277; baseline 0 -18"><span class='ocrx_word' id='word_1_439' title='bbox 2101 3205 2312 3275; x_wconf 87' lang='lat' dir='ltr'>partim</span> <span class='ocrx_word' id='word_1_440' title='bbox 2332 3203 2625 3258; x_wconf 88' lang='lat' dir='ltr'>maritimo</span> <span class='ocrx_word' id='word_1_441' title='bbox 2645 3203 2850 3260; x_wconf 90' lang='lat' dir='ltr'>itinere</span> <span class='ocrx_word' id='word_1_442' title='bbox 2865 3207 2934 3259; x_wconf 88' lang='lat' dir='ltr'>ad</span> <span class='ocrx_word' id='word_1_443' title='bbox 2955 3205 3148 3260; x_wconf 79' lang='lat' dir='ltr'>ltuﬁni</span> <span class='ocrx_word' id='word_1_444' title='bbox 3168 3207 3381 3277; x_wconf 70' lang='lat' dir='ltr'>praedia</span> <span class='ocrx_word' id='word_1_445' title='bbox 3399 3223 3460 3262; x_wconf 83' lang='lat' dir='ltr'>se</span> <span class='ocrx_word' id='word_1_446' title='bbox 3477 3206 3744 3272; x_wconf 85' lang='lat' dir='ltr'>contulit,</span> 
     </span>
    </p>
   </div>
   <div class='ocr_carea' id='block_1_64' title="bbox 2100 3292 3744 3365">
    <p class='ocr_par' dir='ltr' id='par_1_64' title="bbox 2100 3292 3744 3365">
     <span class='ocr_line' id='line_1_64' title="bbox 2100 3292 3744 3365; baseline 0 -17"><span class='ocrx_word' id='word_1_447' title='bbox 2100 3294 2186 3350; x_wconf 89' lang='lat' dir='ltr'>vel</span> <span class='ocrx_word' id='word_1_448' title='bbox 2221 3293 2527 3365; x_wconf 88' lang='lat' dir='ltr'>paululum</span> <span class='ocrx_word' id='word_1_449' title='bbox 2555 3292 2674 3347; x_wconf 90' lang='lat' dir='ltr'>illic</span> <span class='ocrx_word' id='word_1_450' title='bbox 2695 3294 3102 3364; x_wconf 90' lang='lat' dir='ltr'>acquiescendi</span> <span class='ocrx_word' id='word_1_451' title='bbox 3134 3311 3332 3359; x_wconf 86' lang='lat' dir='ltr'>causa,</span> <span class='ocrx_word' id='word_1_452' title='bbox 3361 3294 3447 3350; x_wconf 90' lang='lat' dir='ltr'>vel</span> <span class='ocrx_word' id='word_1_453' title='bbox 3478 3295 3610 3350; x_wconf 87' lang='lat' dir='ltr'>inde</span> <span class='ocrx_word' id='word_1_454' title='bbox 3628 3293 3744 3349; x_wconf 89' lang='lat' dir='ltr'>cla-</span> 
     </span>
    </p>
   </div>
   <div class='ocr_carea' id='block_1_65' title="bbox 332 3343 3752 3456">
    <p class='ocr_par' dir='ltr' id='par_1_65' title="bbox 332 3343 3752 3456">
     <span class='ocr_line' id='line_1_65' title="bbox 333 3343 3718 3365; baseline 0 -15"><span class='ocrx_word' id='word_1_455' title='bbox 333 3343 831 3362; x_wconf 13' lang='lat' dir='ltr'>-_----_---__O-r--</span> <span class='ocrx_word' id='word_1_456' title='bbox 866 3343 903 3344; x_wconf 35' lang='grc' dir='ltr'>κν</span> <span class='ocrx_word' id='word_1_457' title='bbox 986 3343 1021 3360; x_wconf 30' lang='grc' dir='ltr'><em>γ,</em></span> <span class='ocrx_word' id='word_1_458' title='bbox 1347 3343 1362 3359; x_wconf 77' lang='grc'>,</span> <span class='ocrx_word' id='word_1_459' title='bbox 2113 3343 2186 3350; x_wconf 77' lang='grc'>.,-</span> <span class='ocrx_word' id='word_1_460' title='bbox 2221 3343 2527 3365; x_wconf 45' lang='grc' dir='ltr'>νηηη-</span> <span class='ocrx_word' id='word_1_461' title='bbox 2698 3343 3102 3364; x_wconf 65' lang='lat'>_-,__----___</span> <span class='ocrx_word' id='word_1_462' title='bbox 3137 3343 3332 3359; x_wconf 60' lang='grc' dir='ltr'><strong><em>η-η,</em></strong></span> <span class='ocrx_word' id='word_1_463' title='bbox 3374 3343 3447 3350; x_wconf 79' lang='lat'>---</span> <span class='ocrx_word' id='word_1_464' title='bbox 3479 3343 3608 3350; x_wconf 56' lang='grc' dir='ltr'>ηπ</span> <span class='ocrx_word' id='word_1_465' title='bbox 3631 3343 3718 3349; x_wconf 52' lang='grc' dir='ltr'>--κ</span> 
     </span>
     <span class='ocr_line' id='line_1_66' title="bbox 332 3343 3752 3456; baseline -0 -17"><span class='ocrx_word' id='word_1_466' title='bbox 332 3383 532 3455; x_wconf 76' lang='lat' dir='ltr'>patriae</span> <span class='ocrx_word' id='word_1_467' title='bbox 565 3381 725 3437; x_wconf 83' lang='lat' dir='ltr'>urbis</span> <span class='ocrx_word' id='word_1_468' title='bbox 759 3395 1018 3450; x_wconf 85' lang='lat' dir='ltr'>unquam</span> <span class='ocrx_word' id='word_1_469' title='bbox 1062 3377 1404 3434; x_wconf 82' lang='lat' dir='ltr'>revisendae.</span> <span class='ocrx_word' id='word_1_470' title='bbox 1444 3376 1502 3430; x_wconf 89' lang='lat' dir='ltr'>Si</span> <span class='ocrx_word' id='word_1_471' title='bbox 1544 3380 1738 3431; x_wconf 87' lang='lat' dir='ltr'>autem</span> <span class='ocrx_word' id='word_1_472' title='bbox 1774 3375 1869 3430; x_wconf 92' lang='lat' dir='ltr'>ille</span> <span class='ocrx_word' id='word_1_473' title='bbox 1902 3375 1985 3430; x_wconf 89' lang='lat' dir='ltr'>sic</span> <span class='ocrx_word' id='word_1_474' title='bbox 2019 3343 2060 3408; x_wconf 67' lang='grc' dir='ltr'>θ</span> <span class='ocrx_word' id='word_1_475' title='bbox 2103 3383 2223 3436; x_wconf 87' lang='lat' dir='ltr'>rius</span> <span class='ocrx_word' id='word_1_476' title='bbox 2255 3398 2323 3437; x_wconf 80' lang='lat' dir='ltr'>ex</span> <span class='ocrx_word' id='word_1_477' title='bbox 2355 3381 2678 3453; x_wconf 90' lang='lat' dir='ltr'>propinquo</span> <span class='ocrx_word' id='word_1_478' title='bbox 2711 3383 3044 3454; x_wconf 77' lang='lat' dir='ltr'>certiusque</span> <span class='ocrx_word' id='word_1_479' title='bbox 3076 3383 3752 3456; x_wconf 87' lang='lat' dir='ltr'>respondendi,cognitis</span> 
     </span>
    </p>
   </div>
   <div class='ocr_carea' id='block_1_66' title="bbox 327 3464 1984 3537">
    <p class='ocr_par' dir='ltr' id='par_1_66' title="bbox 327 3464 1984 3537">
     <span class='ocr_line' id='line_1_67' title="bbox 327 3464 1984 3537; baseline -0.005 -9"><span class='ocrx_word' id='word_1_480' title='bbox 327 3473 609 3529; x_wconf 85' lang='lat' dir='ltr'>invitatus</span> <span class='ocrx_word' id='word_1_481' title='bbox 639 3469 952 3526; x_wconf 85' lang='lat' dir='ltr'>admittere</span> <span class='ocrx_word' id='word_1_482' title='bbox 1001 3468 1199 3523; x_wconf 89' lang='lat' dir='ltr'>oblata</span> <span class='ocrx_word' id='word_1_483' title='bbox 1251 3470 1307 3522; x_wconf 90' lang='lat' dir='ltr'>et</span> <span class='ocrx_word' id='word_1_484' title='bbox 1339 3465 1520 3537; x_wconf 88' lang='lat' dir='ltr'>petita</span> <span class='ocrx_word' id='word_1_485' title='bbox 1571 3464 1832 3536; x_wconf 90' lang='lat' dir='ltr'>polliceri</span> <span class='ocrx_word' id='word_1_486' title='bbox 1869 3482 1984 3520; x_wconf 90' lang='lat' dir='ltr'>non</span> 
     </span>
    </p>
   </div>
   <div class='ocr_carea' id='block_1_67' title="bbox 327 3551 1988 3626">
    <p class='ocr_par' dir='ltr' id='par_1_67' title="bbox 327 3551 1988 3626">
     <span class='ocr_line' id='line_1_68' title="bbox 327 3551 1988 3626; baseline -0.006 -9"><span class='ocrx_word' id='word_1_487' title='bbox 327 3563 634 3616; x_wconf 90' lang='lat' dir='ltr'>induceret</span> <span class='ocrx_word' id='word_1_488' title='bbox 656 3558 712 3612; x_wconf 92' lang='lat' dir='ltr'>in</span> <span class='ocrx_word' id='word_1_489' title='bbox 735 3555 1220 3626; x_wconf 81' lang='lat' dir='ltr'>animum,ipsam</span> <span class='ocrx_word' id='word_1_490' title='bbox 1237 3558 1433 3608; x_wconf 90' lang='lat' dir='ltr'>tamen</span> <span class='ocrx_word' id='word_1_491' title='bbox 1455 3553 1628 3607; x_wconf 90' lang='lat' dir='ltr'>istam</span> <span class='ocrx_word' id='word_1_492' title='bbox 1661 3551 1988 3624; x_wconf 87' lang='lat' dir='ltr'>supplicem</span> 
     </span>
    </p>
   </div>
   <div class='ocr_carea' id='block_1_68' title="bbox 327 3641 1984 3715">
    <p class='ocr_par' dir='ltr' id='par_1_68' title="bbox 327 3641 1984 3715">
     <span class='ocr_line' id='line_1_69' title="bbox 327 3641 1984 3715; baseline -0.005 -10"><span class='ocrx_word' id='word_1_493' title='bbox 327 3649 730 3706; x_wconf 88' lang='lat' dir='ltr'>invitationem</span> <span class='ocrx_word' id='word_1_494' title='bbox 757 3647 980 3700; x_wconf 73' lang='lat' dir='ltr'>idoneae</span> <span class='ocrx_word' id='word_1_495' title='bbox 1009 3644 1078 3699; x_wconf 90' lang='lat' dir='ltr'>ad</span> <span class='ocrx_word' id='word_1_496' title='bbox 1116 3642 1397 3715; x_wconf 89' lang='lat' dir='ltr'>populum</span> <span class='ocrx_word' id='word_1_497' title='bbox 1431 3641 1830 3697; x_wconf 80' lang='lat' dir='ltr'>excusationis</span> <span class='ocrx_word' id='word_1_498' title='bbox 1857 3641 1984 3696; x_wconf 91' lang='lat' dir='ltr'>loco</span> 
     </span>
    </p>
   </div>
   <div class='ocr_carea' id='block_1_69' title="bbox 329 3731 1983 3802">
    <p class='ocr_par' dir='ltr' id='par_1_69' title="bbox 329 3731 1983 3802">
     <span class='ocr_line' id='line_1_70' title="bbox 329 3731 1983 3802; baseline -0.005 -8"><span class='ocrx_word' id='word_1_499' title='bbox 329 3742 450 3794; x_wconf 88' lang='lat' dir='ltr'>fore</span> <span class='ocrx_word' id='word_1_500' title='bbox 482 3739 551 3792; x_wconf 89' lang='lat' dir='ltr'>ad</span> <span class='ocrx_word' id='word_1_501' title='bbox 586 3735 954 3792; x_wconf 82' lang='lat' dir='ltr'>avertendam</span> <span class='ocrx_word' id='word_1_502' title='bbox 1007 3733 1079 3788; x_wconf 87' lang='lat' dir='ltr'>ab</span> <span class='ocrx_word' id='word_1_503' title='bbox 1132 3735 1400 3801; x_wconf 81' lang='lat' dir='ltr'>Augusto</span> <span class='ocrx_word' id='word_1_504' title='bbox 1455 3731 1690 3802; x_wconf 90' lang='lat' dir='ltr'>culpam</span> <span class='ocrx_word' id='word_1_505' title='bbox 1749 3747 1983 3786; x_wconf 85' lang='lat' dir='ltr'>omnem</span> 
     </span>
    </p>
   </div>
   <div class='ocr_carea' id='block_1_70' title="bbox 327 3820 1990 3898">
    <p class='ocr_par' dir='ltr' id='par_1_70' title="bbox 327 3820 1990 3898">
     <span class='ocr_line' id='line_1_71' title="bbox 327 3820 1990 3898; baseline -0.005 -14"><span class='ocrx_word' id='word_1_506' title='bbox 327 3828 503 3884; x_wconf 70' lang='lat' dir='ltr'>officii</span> <span class='ocrx_word' id='word_1_507' title='bbox 536 3824 809 3898; x_wconf 85' lang='lat' dir='ltr'>neglecti,</span> <span class='ocrx_word' id='word_1_508' title='bbox 829 3828 885 3879; x_wconf 91' lang='lat' dir='ltr'>et</span> <span class='ocrx_word' id='word_1_509' title='bbox 912 3827 1095 3878; x_wconf 88' lang='lat' dir='ltr'>totam</span> <span class='ocrx_word' id='word_1_510' title='bbox 1124 3821 1404 3876; x_wconf 77' lang='lat' dir='ltr'>invidiam</span> <span class='ocrx_word' id='word_1_511' title='bbox 1441 3820 1498 3875; x_wconf 92' lang='lat' dir='ltr'>in</span> <span class='ocrx_word' id='word_1_512' title='bbox 1541 3837 1673 3875; x_wconf 91' lang='lat' dir='ltr'>eum</span> <span class='ocrx_word' id='word_1_513' title='bbox 1702 3821 1799 3892; x_wconf 93' lang='lat' dir='ltr'>qui</span> <span class='ocrx_word' id='word_1_514' title='bbox 1825 3837 1990 3876; x_wconf 81' lang='lat' dir='ltr'>com-</span> 
     </span>
    </p>
   </div>
   <div class='ocr_carea' id='block_1_71' title="bbox 326 3910 1984 3989">
    <p class='ocr_par' dir='ltr' id='par_1_71' title="bbox 326 3910 1984 3989">
     <span class='ocr_line' id='line_1_72' title="bbox 326 3910 1984 3989; baseline -0.005 -17"><span class='ocrx_word' id='word_1_515' title='bbox 326 3918 578 3989; x_wconf 87' lang='lat' dir='ltr'>pellatus</span> <span class='ocrx_word' id='word_1_516' title='bbox 613 3911 1444 3968; x_wconf 75' lang='lat' dir='ltr'>renuissetexonerandamJn</span> <span class='ocrx_word' id='word_1_517' title='bbox 1481 3910 1635 3964; x_wconf 90' lang='lat' dir='ltr'>hunc</span> <span class='ocrx_word' id='word_1_518' title='bbox 1661 3910 1841 3965; x_wconf 81' lang='lat' dir='ltr'>ferme</span> <span class='ocrx_word' id='word_1_519' title='bbox 1860 3927 1984 3964; x_wconf 89' lang='lat' dir='ltr'>mo-</span> 
     </span>
    </p>
   </div>
   <div class='ocr_carea' id='block_1_72' title="bbox 324 3998 1987 4069">
    <p class='ocr_par' dir='ltr' id='par_1_72' title="bbox 324 3998 1987 4069">
     <span class='ocr_line' id='line_1_73' title="bbox 324 3998 1987 4069; baseline -0.004 -8"><span class='ocrx_word' id='word_1_520' title='bbox 324 4008 464 4061; x_wconf 89' lang='lat' dir='ltr'>dum</span> <span class='ocrx_word' id='word_1_521' title='bbox 490 4004 785 4060; x_wconf 89' lang='lat' dir='ltr'>subducta</span> <span class='ocrx_word' id='word_1_522' title='bbox 801 4017 1000 4056; x_wconf 89' lang='lat' dir='ltr'>secum</span> <span class='ocrx_word' id='word_1_523' title='bbox 1018 3999 1337 4069; x_wconf 89' lang='lat' dir='ltr'>imperator</span> <span class='ocrx_word' id='word_1_524' title='bbox 1351 3998 1729 4054; x_wconf 79' lang='lat' dir='ltr'>consiliorum</span> <span class='ocrx_word' id='word_1_525' title='bbox 1750 4015 1987 4055; x_wconf 82' lang='lat' dir='ltr'>summa</span> 
     </span>
    </p>
   </div>
   <div class='ocr_carea' id='block_1_73' title="bbox 322 4075 1983 4168">
    <p class='ocr_par' dir='ltr' id='par_1_73' title="bbox 322 4075 1983 4168">
     <span class='ocr_line' id='line_1_74' title="bbox 322 4075 1983 4168; baseline -0.006 -16"><span class='ocrx_word' id='word_1_526' title='bbox 322 4075 627 4168; x_wconf 81' lang='lat' dir='ltr'>ingressus</span> <span class='ocrx_word' id='word_1_527' title='bbox 649 4092 942 4165; x_wconf 89' lang='lat' dir='ltr'>synodum</span> <span class='ocrx_word' id='word_1_528' title='bbox 967 4090 1236 4145; x_wconf 81' lang='lat' dir='ltr'>bifariam</span> <span class='ocrx_word' id='word_1_529' title='bbox 1253 4089 1498 4144; x_wconf 84' lang='lat' dir='ltr'>scissam</span> <span class='ocrx_word' id='word_1_530' title='bbox 1523 4089 1832 4144; x_wconf 89' lang='lat' dir='ltr'>contrariis</span> <span class='ocrx_word' id='word_1_531' title='bbox 1856 4105 1983 4142; x_wconf 84' lang='lat' dir='ltr'>sen-</span> 
     </span>
    </p>
   </div>
   <div class='ocr_carea' id='block_1_74' title="bbox 323 4177 1983 4245">
    <p class='ocr_par' dir='ltr' id='par_1_74' title="bbox 323 4177 1983 4245">
     <span class='ocr_line' id='line_1_75' title="bbox 323 4177 1983 4245; baseline -0.004 -5"><span class='ocrx_word' id='word_1_532' title='bbox 323 4184 546 4240; x_wconf 84' lang='lat' dir='ltr'>tentiis.</span> <span class='ocrx_word' id='word_1_533' title='bbox 582 4183 792 4237; x_wconf 88' lang='lat' dir='ltr'>horum</span> <span class='ocrx_word' id='word_1_534' title='bbox 831 4179 1250 4245; x_wconf 90' lang='lat' dir='ltr'>revocantium,</span> <span class='ocrx_word' id='word_1_535' title='bbox 1274 4177 1511 4233; x_wconf 91' lang='lat' dir='ltr'>illorum</span> <span class='ocrx_word' id='word_1_536' title='bbox 1544 4177 1983 4234; x_wconf 83' lang='lat' dir='ltr'>excludentium</span> 
     </span>
    </p>
   </div>
   <div class='ocr_carea' id='block_1_75' title="bbox 323 4267 1984 4342">
    <p class='ocr_par' dir='ltr' id='par_1_75' title="bbox 323 4267 1984 4342">
     <span class='ocr_line' id='line_1_76' title="bbox 323 4267 1984 4342; baseline -0.005 -12"><span class='ocrx_word' id='word_1_537' title='bbox 323 4273 657 4337; x_wconf 88' lang='lat' dir='ltr'>Arsenium,</span> <span class='ocrx_word' id='word_1_538' title='bbox 719 4272 846 4342; x_wconf 88' lang='lat' dir='ltr'>ipse</span> <span class='ocrx_word' id='word_1_539' title='bbox 879 4271 949 4324; x_wconf 89' lang='lat' dir='ltr'>ad</span> <span class='ocrx_word' id='word_1_540' title='bbox 1010 4273 1348 4325; x_wconf 83' lang='lat' dir='ltr'>revocantes</span> <span class='ocrx_word' id='word_1_541' title='bbox 1380 4283 1443 4322; x_wconf 90' lang='lat' dir='ltr'>se</span> <span class='ocrx_word' id='word_1_542' title='bbox 1500 4267 1773 4339; x_wconf 85' lang='lat' dir='ltr'>adjungit</span> <span class='ocrx_word' id='word_1_543' title='bbox 1805 4272 1862 4322; x_wconf 86' lang='lat' dir='ltr'>et</span> <span class='ocrx_word' id='word_1_544' title='bbox 1892 4268 1984 4322; x_wconf 87' lang='lat' dir='ltr'>sui</span> 
     </span>
    </p>
   </div>
   <div class='ocr_carea' id='block_1_76' title="bbox 327 4355 1981 4430">
    <p class='ocr_par' dir='ltr' id='par_1_76' title="bbox 327 4355 1981 4430">
     <span class='ocr_line' id='line_1_77' title="bbox 327 4355 1981 4430; baseline -0.004 -12"><span class='ocrx_word' id='word_1_545' title='bbox 327 4361 660 4418; x_wconf 89' lang='lat' dir='ltr'>accessione</span> <span class='ocrx_word' id='word_1_546' title='bbox 691 4359 957 4430; x_wconf 76' lang='lat' dir='ltr'>suffragii</span> <span class='ocrx_word' id='word_1_547' title='bbox 985 4357 1155 4428; x_wconf 84' lang='lat' dir='ltr'>quasi</span> <span class='ocrx_word' id='word_1_548' title='bbox 1193 4362 1486 4412; x_wconf 89' lang='lat' dir='ltr'>momento</span> <span class='ocrx_word' id='word_1_549' title='bbox 1512 4355 1675 4412; x_wconf 88' lang='lat' dir='ltr'>alteri</span> <span class='ocrx_word' id='word_1_550' title='bbox 1700 4357 1850 4412; x_wconf 90' lang='lat' dir='ltr'>lanci</span> <span class='ocrx_word' id='word_1_551' title='bbox 1876 4358 1981 4412; x_wconf 85' lang='lat' dir='ltr'>ad-</span> 
     </span>
    </p>
   </div>
   <div class='ocr_carea' id='block_1_77' title="bbox 327 4445 1982 4518">
    <p class='ocr_par' dir='ltr' id='par_1_77' title="bbox 327 4445 1982 4518">
     <span class='ocr_line' id='line_1_78' title="bbox 327 4445 1982 4518; baseline -0.002 -12"><span class='ocrx_word' id='word_1_552' title='bbox 327 4453 449 4506; x_wconf 88' lang='lat' dir='ltr'>dito</span> <span class='ocrx_word' id='word_1_553' title='bbox 470 4457 716 4506; x_wconf 86' lang='lat' dir='ltr'>eatenus</span> <span class='ocrx_word' id='word_1_554' title='bbox 749 4448 1035 4516; x_wconf 81' lang='lat' dir='ltr'>ambiguae</span> <span class='ocrx_word' id='word_1_555' title='bbox 1085 4445 1527 4501; x_wconf 88' lang='lat' dir='ltr'>deliberationis</span> <span class='ocrx_word' id='word_1_556' title='bbox 1585 4445 1982 4518; x_wconf 73' lang='lat' dir='ltr'>:rquilibrium</span> 
     </span>
    </p>
   </div>
   <div class='ocr_carea' id='block_1_78' title="bbox 325 4535 1979 4612">
    <p class='ocr_par' dir='ltr' id='par_1_78' title="bbox 325 4535 1979 4612">
     <span class='ocr_line' id='line_1_79' title="bbox 325 4535 1979 4612; baseline -0.001 -18"><span class='ocrx_word' id='word_1_557' title='bbox 325 4542 637 4612; x_wconf 85' lang='lat' dir='ltr'>depressit,</span> <span class='ocrx_word' id='word_1_558' title='bbox 671 4536 1089 4593; x_wconf 89' lang='lat' dir='ltr'>accedentibus</span> <span class='ocrx_word' id='word_1_559' title='bbox 1122 4552 1252 4590; x_wconf 78' lang='lat' dir='ltr'>mox</span> <span class='ocrx_word' id='word_1_560' title='bbox 1284 4551 1518 4606; x_wconf 89' lang='lat' dir='ltr'>quoque</span> <span class='ocrx_word' id='word_1_561' title='bbox 1551 4535 1979 4607; x_wconf 89' lang='lat' dir='ltr'>quiArsenium</span> 
     </span>
    </p>
   </div>
   <div class='ocr_carea' id='block_1_79' title="bbox 324 4624 1980 4698">
    <p class='ocr_par' dir='ltr' id='par_1_79' title="bbox 324 4624 1980 4698">
     <span class='ocr_line' id='line_1_80' title="bbox 324 4624 1980 4698; baseline -0.002 -13"><span class='ocrx_word' id='word_1_562' title='bbox 324 4625 1046 4698; x_wconf 76' lang='lat' dir='ltr'>excluSerant,praesertim</span> <span class='ocrx_word' id='word_1_563' title='bbox 1082 4624 1180 4678; x_wconf 89' lang='lat' dir='ltr'>ubi</span> <span class='ocrx_word' id='word_1_564' title='bbox 1216 4639 1316 4694; x_wconf 90' lang='lat' dir='ltr'>per</span> <span class='ocrx_word' id='word_1_565' title='bbox 1345 4625 1980 4697; x_wconf 85' lang='lat' dir='ltr'>synodum,satagente</span> 
     </span>
    </p>
   </div>
   <div class='ocr_carea' id='block_1_80' title="bbox 2099 3472 2990 3543">
    <p class='ocr_par' dir='ltr' id='par_1_80' title="bbox 2099 3472 2990 3543">
     <span class='ocr_line' id='line_1_81' title="bbox 2099 3472 2990 3543; baseline -0.001 -16"><span class='ocrx_word' id='word_1_566' title='bbox 2099 3472 2438 3528; x_wconf 87' lang='lat' dir='ltr'>distinctius</span> <span class='ocrx_word' id='word_1_567' title='bbox 2471 3487 2597 3543; x_wconf 64' lang='lat' dir='ltr'>quae</span> <span class='ocrx_word' id='word_1_568' title='bbox 2632 3475 2990 3542; x_wconf 86' lang='lat' dir='ltr'>peterentur.</span> 
     </span>
    </p>
   </div>
   <div class='ocr_carea' id='block_1_81' title="bbox 2097 3579 3758 3649">
    <p class='ocr_par' dir='ltr' id='par_1_81' title="bbox 2097 3579 3758 3649">
     <span class='ocr_line' id='line_1_82' title="bbox 2097 3579 3758 3649; baseline 0.001 -14"><span class='ocrx_word' id='word_1_569' title='bbox 2097 3581 2152 3635; x_wconf 88' lang='lat'>2.</span> <span class='ocrx_word' id='word_1_570' title='bbox 2189 3580 2250 3637; x_wconf 78' lang='lat' dir='ltr'>Ut</span> <span class='ocrx_word' id='word_1_571' title='bbox 2283 3586 2566 3635; x_wconf 83' lang='lat' dir='ltr'>revocatus</span> <span class='ocrx_word' id='word_1_572' title='bbox 2593 3579 2922 3649; x_wconf 80' lang='lat' dir='ltr'>patriarcha</span> <span class='ocrx_word' id='word_1_573' title='bbox 2944 3581 3194 3636; x_wconf 73' lang='lat' dir='ltr'>invectus</span> <span class='ocrx_word' id='word_1_574' title='bbox 3222 3579 3283 3634; x_wconf 77' lang='lat' dir='ltr'>in</span> <span class='ocrx_word' id='word_1_575' title='bbox 3342 3580 3533 3635; x_wconf 79' lang='lat' dir='ltr'>urbem</span> <span class='ocrx_word' id='word_1_576' title='bbox 3579 3582 3672 3646; x_wconf 82' lang='lat' dir='ltr'>sit,</span> <span class='ocrx_word' id='word_1_577' title='bbox 3705 3585 3758 3636; x_wconf 82' lang='lat' dir='ltr'>et</span> 
     </span>
    </p>
   </div>
   <div class='ocr_carea' id='block_1_82' title="bbox 2347 3649 3508 3724">
    <p class='ocr_par' dir='ltr' id='par_1_82' title="bbox 2347 3649 3508 3724">
     <span class='ocr_line' id='line_1_83' title="bbox 2347 3649 3508 3724; baseline 0.003 -20"><span class='ocrx_word' id='word_1_578' title='bbox 2347 3649 2475 3705; x_wconf 76' lang='lat' dir='ltr'>illic</span> <span class='ocrx_word' id='word_1_579' title='bbox 2495 3666 2688 3705; x_wconf 80' lang='lat' dir='ltr'>rursus</span> <span class='ocrx_word' id='word_1_580' title='bbox 2712 3654 3068 3706; x_wconf 80' lang='lat' dir='ltr'>coronaverit</span> <span class='ocrx_word' id='word_1_581' title='bbox 3097 3654 3508 3724; x_wconf 76' lang='lat' dir='ltr'>imperatorem.</span> 
     </span>
    </p>
   </div>
   <div class='ocr_carea' id='block_1_83' title="bbox 2173 3739 3756 3812">
    <p class='ocr_par' dir='ltr' id='par_1_83' title="bbox 2173 3739 3756 3812">
     <span class='ocr_line' id='line_1_84' title="bbox 2173 3739 3756 3812; baseline 0.001 -17"><span class='ocrx_word' id='word_1_582' title='bbox 2173 3740 2362 3812; x_wconf 82' lang='lat' dir='ltr'>Igitur</span> <span class='ocrx_word' id='word_1_583' title='bbox 2378 3745 2698 3796; x_wconf 89' lang='lat' dir='ltr'>conventus</span> <span class='ocrx_word' id='word_1_584' title='bbox 2716 3739 2836 3795; x_wconf 92' lang='lat' dir='ltr'>illic</span> <span class='ocrx_word' id='word_1_585' title='bbox 2855 3741 3188 3812; x_wconf 90' lang='lat' dir='ltr'>patriarcha</span> <span class='ocrx_word' id='word_1_586' title='bbox 3205 3741 3600 3812; x_wconf 86' lang='lat' dir='ltr'>legationibus</span> <span class='ocrx_word' id='word_1_587' title='bbox 3621 3759 3756 3797; x_wconf 88' lang='lat' dir='ltr'>cum</span> 
     </span>
    </p>
   </div>
   <div class='ocr_carea' id='block_1_84' title="bbox 2101 3830 3761 3902">
    <p class='ocr_par' dir='ltr' id='par_1_84' title="bbox 2101 3830 3761 3902">
     <span class='ocr_line' id='line_1_85' title="bbox 2101 3830 3761 3902; baseline 0.002 -18"><span class='ocrx_word' id='word_1_588' title='bbox 2101 3831 2172 3885; x_wconf 88' lang='lat' dir='ltr'>ab</span> <span class='ocrx_word' id='word_1_589' title='bbox 2203 3831 2552 3902; x_wconf 87' lang='lat' dir='ltr'>imperatore</span> <span class='ocrx_word' id='word_1_590' title='bbox 2582 3832 2710 3883; x_wconf 82' lang='lat' dir='ltr'>tum</span> <span class='ocrx_word' id='word_1_591' title='bbox 2745 3845 2778 3883; x_wconf 90' lang='lat' dir='ltr'>a</span> <span class='ocrx_word' id='word_1_592' title='bbox 2808 3830 3030 3901; x_wconf 81' lang='lat' dir='ltr'>synodo</span> <span class='ocrx_word' id='word_1_593' title='bbox 3053 3830 3272 3900; x_wconf 72' lang='lat' dir='ltr'>missis,</span> <span class='ocrx_word' id='word_1_594' title='bbox 3299 3835 3547 3901; x_wconf 90' lang='lat' dir='ltr'>postque</span> <span class='ocrx_word' id='word_1_595' title='bbox 3577 3831 3761 3887; x_wconf 88' lang='lat' dir='ltr'>disce-</span> 
     </span>
    </p>
   </div>
   <div class='ocr_carea' id='block_1_85' title="bbox 2098 3918 3759 3991">
    <p class='ocr_par' dir='ltr' id='par_1_85' title="bbox 2098 3918 3759 3991">
     <span class='ocr_line' id='line_1_86' title="bbox 2098 3918 3759 3991; baseline 0.001 -18"><span class='ocrx_word' id='word_1_596' title='bbox 2098 3920 2421 3991; x_wconf 88' lang='lat' dir='ltr'>ptationem</span> <span class='ocrx_word' id='word_1_597' title='bbox 2458 3918 2609 3974; x_wconf 90' lang='lat' dir='ltr'>ultro</span> <span class='ocrx_word' id='word_1_598' title='bbox 2659 3918 2926 3990; x_wconf 90' lang='lat' dir='ltr'>citroque</span> <span class='ocrx_word' id='word_1_599' title='bbox 2983 3926 3335 3975; x_wconf 89' lang='lat' dir='ltr'>cunctorum</span> <span class='ocrx_word' id='word_1_600' title='bbox 3395 3925 3759 3986; x_wconf 81' lang='lat' dir='ltr'>accuratam,</span> 
     </span>
    </p>
   </div>
   <div class='ocr_carea' id='block_1_86' title="bbox 2100 4007 3759 4082">
    <p class='ocr_par' dir='ltr' id='par_1_86' title="bbox 2100 4007 3759 4082">
     <span class='ocr_line' id='line_1_87' title="bbox 2100 4007 3759 4082; baseline 0 -18"><span class='ocrx_word' id='word_1_601' title='bbox 2100 4008 2313 4081; x_wconf 87' lang='lat' dir='ltr'>partim</span> <span class='ocrx_word' id='word_1_602' title='bbox 2349 4008 2600 4079; x_wconf 89' lang='lat' dir='ltr'>largitus</span> <span class='ocrx_word' id='word_1_603' title='bbox 2633 4008 2846 4079; x_wconf 90' lang='lat' dir='ltr'>partim</span> <span class='ocrx_word' id='word_1_604' title='bbox 2880 4007 3176 4079; x_wconf 88' lang='lat' dir='ltr'>pollicitus</span> <span class='ocrx_word' id='word_1_605' title='bbox 3207 4025 3334 4080; x_wconf 66' lang='lat' dir='ltr'>quae</span> <span class='ocrx_word' id='word_1_606' title='bbox 3367 4007 3759 4082; x_wconf 86' lang='lat' dir='ltr'>postulaban-</span> 
     </span>
    </p>
   </div>
   <div class='ocr_carea' id='block_1_87' title="bbox 2100 4097 3756 4167">
    <p class='ocr_par' dir='ltr' id='par_1_87' title="bbox 2100 4097 3756 4167">
     <span class='ocr_line' id='line_1_88' title="bbox 2100 4097 3756 4167; baseline 0.001 -15"><span class='ocrx_word' id='word_1_607' title='bbox 2100 4107 2214 4166; x_wconf 92' lang='lat' dir='ltr'>tur,</span> <span class='ocrx_word' id='word_1_608' title='bbox 2249 4097 2514 4152; x_wconf 78' lang='lat' dir='ltr'>celeriter</span> <span class='ocrx_word' id='word_1_609' title='bbox 2544 4098 2961 4167; x_wconf 86' lang='lat' dir='ltr'>transtretavit,</span> <span class='ocrx_word' id='word_1_610' title='bbox 2995 4104 3054 4154; x_wconf 89' lang='lat' dir='ltr'>et</span> <span class='ocrx_word' id='word_1_611' title='bbox 3100 4098 3369 4154; x_wconf 90' lang='lat' dir='ltr'>invectus</span> <span class='ocrx_word' id='word_1_612' title='bbox 3413 4098 3472 4152; x_wconf 90' lang='lat' dir='ltr'>in</span> <span class='ocrx_word' id='word_1_613' title='bbox 3526 4098 3756 4167; x_wconf 89' lang='lat' dir='ltr'>urbem,</span> 
     </span>
    </p>
   </div>
   <div class='ocr_carea' id='block_1_88' title="bbox 2099 4187 3761 4259">
    <p class='ocr_par' dir='ltr' id='par_1_88' title="bbox 2099 4187 3761 4259">
     <span class='ocr_line' id='line_1_89' title="bbox 2099 4187 3761 4259; baseline 0 -15"><span class='ocrx_word' id='word_1_614' title='bbox 2099 4187 2612 4244; x_wconf 86' lang='lat' dir='ltr'>consentientibus</span> <span class='ocrx_word' id='word_1_615' title='bbox 2635 4187 2760 4258; x_wconf 87' lang='lat' dir='ltr'>jam</span> <span class='ocrx_word' id='word_1_616' title='bbox 2796 4187 3059 4242; x_wconf 89' lang='lat' dir='ltr'>omnium</span> <span class='ocrx_word' id='word_1_617' title='bbox 3093 4187 3244 4243; x_wconf 88' lang='lat' dir='ltr'>votis</span> <span class='ocrx_word' id='word_1_618' title='bbox 3277 4205 3342 4243; x_wconf 89' lang='lat' dir='ltr'>ac</span> <span class='ocrx_word' id='word_1_619' title='bbox 3373 4187 3638 4259; x_wconf 88' lang='lat' dir='ltr'>calculis,</span> <span class='ocrx_word' id='word_1_620' title='bbox 3665 4205 3761 4259; x_wconf 90' lang='lat' dir='ltr'>pa-</span> 
     </span>
    </p>
   </div>
   <div class='ocr_carea' id='block_1_89' title="bbox 2099 4277 3756 4350">
    <p class='ocr_par' dir='ltr' id='par_1_89' title="bbox 2099 4277 3756 4350">
     <span class='ocr_line' id='line_1_90' title="bbox 2099 4277 3756 4350; baseline 0 -17"><span class='ocrx_word' id='word_1_621' title='bbox 2099 4277 2473 4335; x_wconf 87' lang='lat' dir='ltr'>triarchalem</span> <span class='ocrx_word' id='word_1_622' title='bbox 2501 4294 2708 4332; x_wconf 90' lang='lat' dir='ltr'>rursus</span> <span class='ocrx_word' id='word_1_623' title='bbox 2729 4277 2949 4333; x_wconf 85' lang='lat' dir='ltr'>insedit</span> <span class='ocrx_word' id='word_1_624' title='bbox 2971 4277 3362 4334; x_wconf 89' lang='lat' dir='ltr'>thronum.lbi</span> <span class='ocrx_word' id='word_1_625' title='bbox 3377 4295 3510 4333; x_wconf 93' lang='lat' dir='ltr'>eum</span> <span class='ocrx_word' id='word_1_626' title='bbox 3527 4278 3756 4350; x_wconf 90' lang='lat' dir='ltr'>primus</span> 
     </span>
    </p>
   </div>
   <div class='ocr_carea' id='block_1_90' title="bbox 2098 4367 3756 4441">
    <p class='ocr_par' dir='ltr' id='par_1_90' title="bbox 2098 4367 3756 4441">
     <span class='ocr_line' id='line_1_91' title="bbox 2098 4367 3756 4441; baseline 0 -17"><span class='ocrx_word' id='word_1_627' title='bbox 2098 4369 2438 4441; x_wconf 87' lang='lat' dir='ltr'>imperator,</span> <span class='ocrx_word' id='word_1_628' title='bbox 2465 4373 2777 4440; x_wconf 88' lang='lat' dir='ltr'>postquam</span> <span class='ocrx_word' id='word_1_629' title='bbox 2803 4367 3756 4440; x_wconf 70' lang='lat' dir='ltr'>diligenterexeusassetquaaacta</span> 
     </span>
    </p>
   </div>
   <div class='ocr_carea' id='block_1_91' title="bbox 2100 4458 3754 4532">
    <p class='ocr_par' dir='ltr' id='par_1_91' title="bbox 2100 4458 3754 4532">
     <span class='ocr_line' id='line_1_92' title="bbox 2100 4458 3754 4532; baseline 0 -18"><span class='ocrx_word' id='word_1_630' title='bbox 2100 4461 2350 4531; x_wconf 87' lang='lat' dir='ltr'>fuerant,</span> <span class='ocrx_word' id='word_1_631' title='bbox 2383 4459 2633 4515; x_wconf 89' lang='lat' dir='ltr'>demisse</span> <span class='ocrx_word' id='word_1_632' title='bbox 2664 4464 2977 4515; x_wconf 89' lang='lat' dir='ltr'>veneratus</span> <span class='ocrx_word' id='word_1_633' title='bbox 3008 4459 3317 4532; x_wconf 84' lang='lat' dir='ltr'>exquisitis</span> <span class='ocrx_word' id='word_1_634' title='bbox 3348 4458 3542 4514; x_wconf 82' lang='lat' dir='ltr'>affecit</span> <span class='ocrx_word' id='word_1_635' title='bbox 3571 4458 3754 4514; x_wconf 84' lang='lat' dir='ltr'>hono-</span> 
     </span>
    </p>
   </div>
   <div class='ocr_carea' id='block_1_92' title="bbox 2099 4547 3750 4619">
    <p class='ocr_par' dir='ltr' id='par_1_92' title="bbox 2099 4547 3750 4619">
     <span class='ocr_line' id='line_1_93' title="bbox 2099 4547 3750 4619; baseline -0.002 -13"><span class='ocrx_word' id='word_1_636' title='bbox 2099 4551 2286 4619; x_wconf 88' lang='lat' dir='ltr'>ribus,</span> <span class='ocrx_word' id='word_1_637' title='bbox 2345 4557 2401 4604; x_wconf 89' lang='lat' dir='ltr'>et</span> <span class='ocrx_word' id='word_1_638' title='bbox 2431 4548 2491 4603; x_wconf 93' lang='lat' dir='ltr'>in</span> <span class='ocrx_word' id='word_1_639' title='bbox 2549 4547 2871 4604; x_wconf 89' lang='lat' dir='ltr'>liberaliter</span> <span class='ocrx_word' id='word_1_640' title='bbox 2901 4566 2934 4603; x_wconf 91' lang='lat' dir='ltr'>a</span> <span class='ocrx_word' id='word_1_641' title='bbox 2973 4564 3036 4604; x_wconf 89' lang='lat' dir='ltr'>se</span> <span class='ocrx_word' id='word_1_642' title='bbox 3084 4547 3430 4604; x_wconf 90' lang='lat' dir='ltr'>collatorum</span> <span class='ocrx_word' id='word_1_643' title='bbox 3479 4548 3750 4604; x_wconf 53' lang='lat' dir='ltr'>Ecclesiae.</span> 
     </span>
    </p>
   </div>
   <div class='ocr_carea' id='block_1_93' title="bbox 2099 4637 3749 4710">
    <p class='ocr_par' dir='ltr' id='par_1_93' title="bbox 2099 4637 3749 4710">
     <span class='ocr_line' id='line_1_94' title="bbox 2099 4637 3749 4710; baseline -0.002 -15"><span class='ocrx_word' id='word_1_644' title='bbox 2099 4655 2411 4696; x_wconf 89' lang='lat' dir='ltr'>munerum</span> <span class='ocrx_word' id='word_1_645' title='bbox 2449 4643 2955 4709; x_wconf 89' lang='lat' dir='ltr'>proventuumque</span> <span class='ocrx_word' id='word_1_646' title='bbox 2986 4637 3422 4710; x_wconf 89' lang='lat' dir='ltr'>possessionem</span> <span class='ocrx_word' id='word_1_647' title='bbox 3447 4637 3628 4694; x_wconf 91' lang='lat' dir='ltr'>misit.</span> <span class='ocrx_word' id='word_1_648' title='bbox 3670 4642 3749 4692; x_wconf 79' lang='lat' dir='ltr'>Ac</span> 
     </span>
    </p>
   </div>
   <div class='ocr_carea' id='block_1_94' title="bbox 324 4715 3756 4800">
    <p class='ocr_par' dir='ltr' id='par_1_94' title="bbox 324 4715 3756 4800">
     <span class='ocr_line' id='line_1_95' title="bbox 324 4715 3756 4800; baseline -0.001 -24"><span class='ocrx_word' id='word_1_649' title='bbox 324 4723 697 4793; x_wconf 88' lang='lat' dir='ltr'>imperatore,</span> <span class='ocrx_word' id='word_1_650' title='bbox 734 4719 996 4789; x_wconf 91' lang='lat' dir='ltr'>ipsorum</span> <span class='ocrx_word' id='word_1_651' title='bbox 1027 4721 1084 4771; x_wconf 91' lang='lat' dir='ltr'>et</span> <span class='ocrx_word' id='word_1_652' title='bbox 1116 4715 1418 4772; x_wconf 87' lang='lat' dir='ltr'>securitati</span> <span class='ocrx_word' id='word_1_653' title='bbox 1449 4721 1506 4771; x_wconf 92' lang='lat' dir='ltr'>et</span> <span class='ocrx_word' id='word_1_654' title='bbox 1524 4715 1979 4773; x_wconf 85' lang='lat' dir='ltr'>honoricautum</span> <span class='ocrx_word' id='word_1_655' title='bbox 2013 4719 2057 4782; x_wconf 91' lang='lat' dir='ltr'>D</span> <span class='ocrx_word' id='word_1_656' title='bbox 2090 4745 2392 4786; x_wconf 63' lang='lat' dir='ltr'>sacrorum</span> <span class='ocrx_word' id='word_1_657' title='bbox 2428 4727 2664 4800; x_wconf 78' lang='lat' dir='ltr'>quidem</span> <span class='ocrx_word' id='word_1_658' title='bbox 2684 4731 3034 4798; x_wconf 68' lang='lat' dir='ltr'>apparatum</span> <span class='ocrx_word' id='word_1_659' title='bbox 3061 4731 3118 4782; x_wconf 78' lang='lat' dir='ltr'>et</span> <span class='ocrx_word' id='word_1_660' title='bbox 3133 4726 3589 4783; x_wconf 73' lang='lat' dir='ltr'>ecclesiasticam</span> <span class='ocrx_word' id='word_1_661' title='bbox 3615 4744 3756 4800; x_wconf 77' lang='lat' dir='ltr'>sup.</span> 
     </span>
    </p>
   </div>
   <div class='ocr_carea' id='block_1_95' title="bbox 323 4805 1982 4874">
    <p class='ocr_par' dir='ltr' id='par_1_95' title="bbox 323 4805 1982 4874">
     <span class='ocr_line' id='line_1_96' title="bbox 323 4805 1982 4874; baseline -0.001 -9"><span class='ocrx_word' id='word_1_662' title='bbox 323 4817 414 4865; x_wconf 89' lang='lat' dir='ltr'>est</span> <span class='ocrx_word' id='word_1_663' title='bbox 444 4812 676 4867; x_wconf 88' lang='lat' dir='ltr'>abunde</span> <span class='ocrx_word' id='word_1_664' title='bbox 707 4810 942 4864; x_wconf 87' lang='lat' dir='ltr'>decreta</span> <span class='ocrx_word' id='word_1_665' title='bbox 987 4805 1276 4862; x_wconf 89' lang='lat' dir='ltr'>oblivione</span> <span class='ocrx_word' id='word_1_666' title='bbox 1334 4822 1522 4874; x_wconf 90' lang='lat' dir='ltr'>nuper</span> <span class='ocrx_word' id='word_1_667' title='bbox 1579 4810 1867 4872; x_wconf 86' lang='lat' dir='ltr'>actorum,</span> <span class='ocrx_word' id='word_1_668' title='bbox 1926 4812 1982 4863; x_wconf 89' lang='lat' dir='ltr'>et</span> 
     </span>
    </p>
   </div>
   <div class='ocr_carea' id='block_1_96' title="bbox 325 4894 1982 4972">
    <p class='ocr_par' dir='ltr' id='par_1_96' title="bbox 325 4894 1982 4972">
     <span class='ocr_line' id='line_1_97' title="bbox 325 4894 1982 4972; baseline -0.003 -13"><span class='ocrx_word' id='word_1_669' title='bbox 325 4903 548 4959; x_wconf 87' lang='lat' dir='ltr'>sancito</span> <span class='ocrx_word' id='word_1_670' title='bbox 581 4917 651 4957; x_wconf 91' lang='lat' dir='ltr'>ne</span> <span class='ocrx_word' id='word_1_671' title='bbox 685 4901 961 4972; x_wconf 91' lang='lat' dir='ltr'>cuiquam</span> <span class='ocrx_word' id='word_1_672' title='bbox 994 4897 1186 4953; x_wconf 80' lang='lat' dir='ltr'>fraudi</span> <span class='ocrx_word' id='word_1_673' title='bbox 1212 4899 1355 4952; x_wconf 87' lang='lat' dir='ltr'>foret</span> <span class='ocrx_word' id='word_1_674' title='bbox 1385 4895 1505 4964; x_wconf 88' lang='lat' dir='ltr'>illa,</span> <span class='ocrx_word' id='word_1_675' title='bbox 1541 4894 1661 4951; x_wconf 85' lang='lat' dir='ltr'>sive</span> <span class='ocrx_word' id='word_1_676' title='bbox 1688 4896 1982 4967; x_wconf 89' lang='lat' dir='ltr'>injustitia</span> 
     </span>
    </p>
   </div>
   <div class='ocr_carea' id='block_1_97' title="bbox 323 4986 1978 5058">
    <p class='ocr_par' dir='ltr' id='par_1_97' title="bbox 323 4986 1978 5058">
     <span class='ocr_line' id='line_1_98' title="bbox 323 4986 1978 5058; baseline -0.002 -11"><span class='ocrx_word' id='word_1_677' title='bbox 323 4994 444 5048; x_wconf 83' lang='lat' dir='ltr'>sive</span> <span class='ocrx_word' id='word_1_678' title='bbox 476 4992 780 5047; x_wconf 88' lang='lat' dir='ltr'>temeritas</span> <span class='ocrx_word' id='word_1_679' title='bbox 813 4989 1062 5044; x_wconf 90' lang='lat' dir='ltr'>dicenda</span> <span class='ocrx_word' id='word_1_680' title='bbox 1080 4991 1256 5053; x_wconf 89' lang='lat' dir='ltr'>esset,</span> <span class='ocrx_word' id='word_1_681' title='bbox 1290 5003 1406 5058; x_wconf 89' lang='lat' dir='ltr'>qua</span> <span class='ocrx_word' id='word_1_682' title='bbox 1437 4987 1630 5041; x_wconf 88' lang='lat' dir='ltr'>fuerat</span> <span class='ocrx_word' id='word_1_683' title='bbox 1682 4986 1768 5042; x_wconf 89' lang='lat' dir='ltr'>vel</span> <span class='ocrx_word' id='word_1_684' title='bbox 1804 5003 1978 5043; x_wconf 87' lang='lat' dir='ltr'>exau-</span> 
     </span>
    </p>
   </div>
   <div class='ocr_carea' id='block_1_98' title="bbox 320 5073 1979 5148">
    <p class='ocr_par' dir='ltr' id='par_1_98' title="bbox 320 5073 1979 5148">
     <span class='ocr_line' id='line_1_99' title="bbox 320 5073 1979 5148; baseline -0.003 -11"><span class='ocrx_word' id='word_1_685' title='bbox 320 5086 580 5137; x_wconf 75' lang='lat' dir='ltr'>ctoratus</span> <span class='ocrx_word' id='word_1_686' title='bbox 599 5079 795 5135; x_wconf 81' lang='lat' dir='ltr'>Arseni</span> <span class='ocrx_word' id='word_1_687' title='bbox 808 5095 874 5133; x_wconf 90' lang='lat' dir='ltr'>us</span> <span class='ocrx_word' id='word_1_688' title='bbox 890 5077 975 5132; x_wconf 80' lang='lat' dir='ltr'>vel</span> <span class='ocrx_word' id='word_1_689' title='bbox 992 5076 1357 5148; x_wconf 86' lang='lat' dir='ltr'>Nicephorus</span> <span class='ocrx_word' id='word_1_690' title='bbox 1373 5073 1615 5129; x_wconf 90' lang='lat' dir='ltr'>electus.</span> <span class='ocrx_word' id='word_1_691' title='bbox 1632 5074 1830 5130; x_wconf 90' lang='lat' dir='ltr'>Comm</span> <span class='ocrx_word' id='word_1_692' title='bbox 1844 5078 1979 5133; x_wconf 86' lang='lat' dir='ltr'>unio</span> 
     </span>
    </p>
   </div>
   <div class='ocr_carea' id='block_1_99' title="bbox 324 5162 1981 5240">
    <p class='ocr_par' dir='ltr' id='par_1_99' title="bbox 324 5162 1981 5240">
     <span class='ocr_line' id='line_1_100' title="bbox 324 5162 1981 5240; baseline -0.002 -15"><span class='ocrx_word' id='word_1_693' title='bbox 324 5171 477 5225; x_wconf 72' lang='lat'>172</span> <span class='ocrx_word' id='word_1_694' title='bbox 507 5185 738 5240; x_wconf 88' lang='lat' dir='ltr'>quoque</span> <span class='ocrx_word' id='word_1_695' title='bbox 786 5166 980 5220; x_wconf 86' lang='lat' dir='ltr'>subito</span> <span class='ocrx_word' id='word_1_696' title='bbox 1039 5162 1562 5220; x_wconf 83' lang='lat' dir='ltr'>excommunicatis</span> <span class='ocrx_word' id='word_1_697' title='bbox 1619 5179 1685 5218; x_wconf 92' lang='lat' dir='ltr'>eo</span> <span class='ocrx_word' id='word_1_698' title='bbox 1745 5167 1981 5222; x_wconf 87' lang='lat' dir='ltr'>nomine</span> 
     </span>
    </p>
   </div>
   <div class='ocr_carea' id='block_1_100' title="bbox 323 5252 1978 5324">
    <p class='ocr_par' dir='ltr' id='par_1_100' title="bbox 323 5252 1978 5324">
     <span class='ocr_line' id='line_1_101' title="bbox 323 5252 1978 5324; baseline -0.001 -11"><span class='ocrx_word' id='word_1_699' title='bbox 323 5259 572 5313; x_wconf 80' lang='lat' dir='ltr'>reddita.</span> <span class='ocrx_word' id='word_1_700' title='bbox 607 5258 905 5312; x_wconf 86' lang='lat' dir='ltr'>Statutum</span> <span class='ocrx_word' id='word_1_701' title='bbox 963 5254 1138 5310; x_wconf 87' lang='lat' dir='ltr'>etiam</span> <span class='ocrx_word' id='word_1_702' title='bbox 1175 5259 1240 5308; x_wconf 86' lang='lat' dir='ltr'>ut</span> <span class='ocrx_word' id='word_1_703' title='bbox 1279 5252 1533 5308; x_wconf 89' lang='lat' dir='ltr'>ordinati</span> <span class='ocrx_word' id='word_1_704' title='bbox 1587 5269 1620 5306; x_wconf 91' lang='lat' dir='ltr'>a</span> <span class='ocrx_word' id='word_1_705' title='bbox 1651 5252 1978 5324; x_wconf 79' lang='lat' dir='ltr'>Nicephoro</span> 
     </span>
    </p>
   </div>
   <div class='ocr_carea' id='block_1_101' title="bbox 323 5340 1981 5420">
    <p class='ocr_par' dir='ltr' id='par_1_101' title="bbox 323 5340 1981 5420">
     <span class='ocr_line' id='line_1_102' title="bbox 323 5340 1981 5420; baseline 0 -18"><span class='ocrx_word' id='word_1_706' title='bbox 323 5349 746 5420; x_wconf 80' lang='lat' dir='ltr'>reciperentur,</span> <span class='ocrx_word' id='word_1_707' title='bbox 780 5361 852 5399; x_wconf 93' lang='lat' dir='ltr'>ne</span> <span class='ocrx_word' id='word_1_708' title='bbox 884 5343 1294 5414; x_wconf 88' lang='lat' dir='ltr'>intempestiva</span> <span class='ocrx_word' id='word_1_709' title='bbox 1327 5340 1668 5396; x_wconf 84' lang='lat' dir='ltr'>morositate</span> <span class='ocrx_word' id='word_1_710' title='bbox 1721 5343 1981 5402; x_wconf 89' lang='lat' dir='ltr'>Ecclesia</span> 
     </span>
    </p>
   </div>
   <div class='ocr_carea' id='block_1_102' title="bbox 323 5431 1982 5503">
    <p class='ocr_par' dir='ltr' id='par_1_102' title="bbox 323 5431 1982 5503">
     <span class='ocr_line' id='line_1_103' title="bbox 323 5431 1982 5503; baseline 0 -11"><span class='ocrx_word' id='word_1_711' title='bbox 323 5438 710 5494; x_wconf 80' lang='lat' dir='ltr'>scinderetur.</span> <span class='ocrx_word' id='word_1_712' title='bbox 751 5434 847 5488; x_wconf 91' lang='lat' dir='ltr'>llis</span> <span class='ocrx_word' id='word_1_713' title='bbox 879 5433 1220 5488; x_wconf 86' lang='lat' dir='ltr'>constitutis</span> <span class='ocrx_word' id='word_1_714' title='bbox 1253 5431 1458 5503; x_wconf 86' lang='lat' dir='ltr'>synodi</span> <span class='ocrx_word' id='word_1_715' title='bbox 1491 5431 1688 5486; x_wconf 83' lang='lat' dir='ltr'>Patres</span> <span class='ocrx_word' id='word_1_716' title='bbox 1736 5434 1982 5492; x_wconf 58' lang='lat' dir='ltr'>mittunt</span> 
     </span>
    </p>
   </div>
   <div class='ocr_carea' id='block_1_103' title="bbox 320 5520 1980 5593">
    <p class='ocr_par' dir='ltr' id='par_1_103' title="bbox 320 5520 1980 5593">
     <span class='ocr_line' id='line_1_104' title="bbox 320 5520 1980 5593; baseline -0.002 -9"><span class='ocrx_word' id='word_1_717' title='bbox 320 5529 389 5584; x_wconf 88' lang='lat' dir='ltr'>ad</span> <span class='ocrx_word' id='word_1_718' title='bbox 429 5525 740 5582; x_wconf 85' lang='lat' dir='ltr'>Arsenium</span> <span class='ocrx_word' id='word_1_719' title='bbox 775 5521 874 5593; x_wconf 89' lang='lat' dir='ltr'>qui</span> <span class='ocrx_word' id='word_1_720' title='bbox 905 5521 1104 5593; x_wconf 90' lang='lat' dir='ltr'>ipsum</span> <span class='ocrx_word' id='word_1_721' title='bbox 1134 5521 1203 5576; x_wconf 91' lang='lat' dir='ltr'>ad</span> <span class='ocrx_word' id='word_1_722' title='bbox 1235 5521 1486 5575; x_wconf 87' lang='lat' dir='ltr'>reditum</span> <span class='ocrx_word' id='word_1_723' title='bbox 1521 5520 1788 5576; x_wconf 90' lang='lat' dir='ltr'>invitent.</span> <span class='ocrx_word' id='word_1_724' title='bbox 1824 5527 1980 5589; x_wconf 87' lang='lat' dir='ltr'>Quos</span> 
     </span>
    </p>
   </div>
   <div class='ocr_carea' id='block_1_104' title="bbox 321 5607 1980 5683">
    <p class='ocr_par' dir='ltr' id='par_1_104' title="bbox 321 5607 1980 5683">
     <span class='ocr_line' id='line_1_105' title="bbox 321 5607 1980 5683; baseline 0 -13"><span class='ocrx_word' id='word_1_725' title='bbox 321 5617 415 5671; x_wconf 90' lang='lat' dir='ltr'>ille</span> <span class='ocrx_word' id='word_1_726' title='bbox 447 5620 512 5670; x_wconf 90' lang='lat' dir='ltr'>ut</span> <span class='ocrx_word' id='word_1_727' title='bbox 539 5611 786 5677; x_wconf 85' lang='lat' dir='ltr'>audivit,</span> <span class='ocrx_word' id='word_1_728' title='bbox 841 5610 1100 5682; x_wconf 88' lang='lat' dir='ltr'>primum</span> <span class='ocrx_word' id='word_1_729' title='bbox 1161 5607 1416 5680; x_wconf 87' lang='lat' dir='ltr'>graviter</span> <span class='ocrx_word' id='word_1_730' title='bbox 1473 5610 1623 5664; x_wconf 89' lang='lat' dir='ltr'>ferre</span> <span class='ocrx_word' id='word_1_731' title='bbox 1677 5610 1839 5667; x_wconf 89' lang='lat' dir='ltr'>visus</span> <span class='ocrx_word' id='word_1_732' title='bbox 1869 5620 1980 5683; x_wconf 90' lang='lat' dir='ltr'>est,</span> 
     </span>
    </p>
   </div>
   <div class='ocr_carea' id='block_1_105' title="bbox 317 5699 1980 5777">
    <p class='ocr_par' dir='ltr' id='par_1_105' title="bbox 317 5699 1980 5777">
     <span class='ocr_line' id='line_1_106' title="bbox 317 5699 1980 5777; baseline -0.001 -16"><span class='ocrx_word' id='word_1_733' title='bbox 317 5705 474 5777; x_wconf 89' lang='lat' dir='ltr'>quod</span> <span class='ocrx_word' id='word_1_734' title='bbox 507 5707 741 5759; x_wconf 88' lang='lat' dir='ltr'>tantum</span> <span class='ocrx_word' id='word_1_735' title='bbox 774 5699 1144 5769; x_wconf 82' lang='lat' dir='ltr'>invitaretur,</span> <span class='ocrx_word' id='word_1_736' title='bbox 1182 5714 1298 5754; x_wconf 89' lang='lat' dir='ltr'>non</span> <span class='ocrx_word' id='word_1_737' title='bbox 1335 5699 1513 5753; x_wconf 90' lang='lat' dir='ltr'>etiam</span> <span class='ocrx_word' id='word_1_738' title='bbox 1547 5705 1855 5770; x_wconf 88' lang='lat' dir='ltr'>rogaretur</span> <span class='ocrx_word' id='word_1_739' title='bbox 1883 5721 1980 5760; x_wconf 87' lang='lat' dir='ltr'>ve-</span> 
     </span>
    </p>
   </div>
   <div class='ocr_carea' id='block_1_106' title="bbox 2092 4814 3746 4889">
    <p class='ocr_par' dir='ltr' id='par_1_106' title="bbox 2092 4814 3746 4889">
     <span class='ocr_line' id='line_1_107' title="bbox 2092 4814 3746 4889; baseline -0.001 -17"><span class='ocrx_word' id='word_1_740' title='bbox 2092 4816 2465 4889; x_wconf 89' lang='lat' dir='ltr'>pellectilem,</span> <span class='ocrx_word' id='word_1_741' title='bbox 2492 4815 2869 4870; x_wconf 87' lang='lat' dir='ltr'>imminutam</span> <span class='ocrx_word' id='word_1_742' title='bbox 2903 4814 3105 4870; x_wconf 89' lang='lat' dir='ltr'>multis</span> <span class='ocrx_word' id='word_1_743' title='bbox 3138 4815 3359 4871; x_wconf 90' lang='lat' dir='ltr'>aversis</span> <span class='ocrx_word' id='word_1_744' title='bbox 3407 4830 3511 4888; x_wconf 88' lang='lat' dir='ltr'>per</span> <span class='ocrx_word' id='word_1_745' title='bbox 3543 4816 3746 4884; x_wconf 86' lang='lat' dir='ltr'>italos,</span> 
     </span>
    </p>
   </div>
   <div class='ocr_carea' id='block_1_107' title="bbox 2091 4904 3742 4978">
    <p class='ocr_par' dir='ltr' id='par_1_107' title="bbox 2091 4904 3742 4978">
     <span class='ocr_line' id='line_1_108' title="bbox 2091 4904 3742 4978; baseline -0.002 -16"><span class='ocrx_word' id='word_1_746' title='bbox 2091 4906 2352 4978; x_wconf 89' lang='lat' dir='ltr'>reposuit</span> <span class='ocrx_word' id='word_1_747' title='bbox 2397 4910 2572 4976; x_wconf 89' lang='lat' dir='ltr'>atque</span> <span class='ocrx_word' id='word_1_748' title='bbox 2617 4905 2676 4959; x_wconf 92' lang='lat' dir='ltr'>in</span> <span class='ocrx_word' id='word_1_749' title='bbox 2738 4904 3052 4974; x_wconf 89' lang='lat' dir='ltr'>pristinum</span> <span class='ocrx_word' id='word_1_750' title='bbox 3111 4905 3450 4962; x_wconf 89' lang='lat' dir='ltr'>reformavit</span> <span class='ocrx_word' id='word_1_751' title='bbox 3497 4910 3742 4976; x_wconf 86' lang='lat' dir='ltr'>statum,</span> 
     </span>
    </p>
   </div>
   <div class='ocr_carea' id='block_1_108' title="bbox 2092 4994 3744 5068">
    <p class='ocr_par' dir='ltr' id='par_1_108' title="bbox 2092 4994 3744 5068">
     <span class='ocr_line' id='line_1_109' title="bbox 2092 4994 3744 5068; baseline 0 -18"><span class='ocrx_word' id='word_1_752' title='bbox 2092 4995 2401 5068; x_wconf 84' lang='lat' dir='ltr'>praeposito</span> <span class='ocrx_word' id='word_1_753' title='bbox 2432 4995 2481 5049; x_wconf 91' lang='lat' dir='ltr'>ei</span> <span class='ocrx_word' id='word_1_754' title='bbox 2515 4994 2596 5050; x_wconf 91' lang='lat' dir='ltr'>rei</span> <span class='ocrx_word' id='word_1_755' title='bbox 2629 4994 2899 5049; x_wconf 68' lang='lat' dir='ltr'>curandae</span> <span class='ocrx_word' id='word_1_756' title='bbox 2934 4994 3216 5050; x_wconf 79' lang='lat' dir='ltr'>monacho</span> <span class='ocrx_word' id='word_1_757' title='bbox 3236 4995 3462 5065; x_wconf 87' lang='lat' dir='ltr'>Rucha,</span> <span class='ocrx_word' id='word_1_758' title='bbox 3493 4995 3616 5050; x_wconf 90' lang='lat' dir='ltr'>viro</span> <span class='ocrx_word' id='word_1_759' title='bbox 3650 4995 3744 5050; x_wconf 89' lang='lat' dir='ltr'>in-</span> 
     </span>
    </p>
   </div>
   <div class='ocr_carea' id='block_1_109' title="bbox 2090 5083 3742 5153">
    <p class='ocr_par' dir='ltr' id='par_1_109' title="bbox 2090 5083 3742 5153">
     <span class='ocr_line' id='line_1_110' title="bbox 2090 5083 3742 5153; baseline 0 -15"><span class='ocrx_word' id='word_1_760' title='bbox 2090 5085 2339 5139; x_wconf 89' lang='lat' dir='ltr'>dustrio.</span> <span class='ocrx_word' id='word_1_761' title='bbox 2375 5084 2528 5138; x_wconf 77' lang='grc'>173</span> <span class='ocrx_word' id='word_1_762' title='bbox 2557 5083 2798 5138; x_wconf 88' lang='lat' dir='ltr'>Ornavit</span> <span class='ocrx_word' id='word_1_763' title='bbox 2827 5084 2898 5138; x_wconf 92' lang='lat' dir='ltr'>de</span> <span class='ocrx_word' id='word_1_764' title='bbox 2957 5100 3104 5139; x_wconf 89' lang='lat' dir='ltr'>novo</span> <span class='ocrx_word' id='word_1_765' title='bbox 3160 5083 3380 5153; x_wconf 87' lang='lat' dir='ltr'>altare;</span> <span class='ocrx_word' id='word_1_766' title='bbox 3434 5085 3742 5140; x_wconf 88' lang='lat' dir='ltr'>ambonem</span> 
     </span>
    </p>
   </div>
   <div class='ocr_carea' id='block_1_110' title="bbox 2089 5171 3744 5245">
    <p class='ocr_par' dir='ltr' id='par_1_110' title="bbox 2089 5171 3744 5245">
     <span class='ocr_line' id='line_1_111' title="bbox 2089 5171 3744 5245; baseline -0.001 -17"><span class='ocrx_word' id='word_1_767' title='bbox 2089 5178 2147 5229; x_wconf 89' lang='lat' dir='ltr'>et</span> <span class='ocrx_word' id='word_1_768' title='bbox 2169 5173 2412 5241; x_wconf 88' lang='lat' dir='ltr'>soleam,</span> <span class='ocrx_word' id='word_1_769' title='bbox 2439 5177 2562 5227; x_wconf 90' lang='lat' dir='ltr'>tum</span> <span class='ocrx_word' id='word_1_770' title='bbox 2587 5171 2702 5228; x_wconf 87' lang='lat' dir='ltr'>alia</span> <span class='ocrx_word' id='word_1_771' title='bbox 2717 5172 3218 5244; x_wconf 62' lang='lat' dir='ltr'>quaedam,refecit</span> <span class='ocrx_word' id='word_1_772' title='bbox 3235 5174 3412 5245; x_wconf 86' lang='lat' dir='ltr'>regiis</span> <span class='ocrx_word' id='word_1_773' title='bbox 3435 5172 3744 5245; x_wconf 88' lang='lat' dir='ltr'>impensis;</span> 
     </span>
    </p>
   </div>
   <div class='ocr_carea' id='block_1_111' title="bbox 2090 5262 3740 5334">
    <p class='ocr_par' dir='ltr' id='par_1_111' title="bbox 2090 5262 3740 5334">
     <span class='ocr_line' id='line_1_112' title="bbox 2090 5262 3740 5334; baseline -0.001 -15"><span class='ocrx_word' id='word_1_774' title='bbox 2090 5262 2231 5319; x_wconf 90' lang='lat' dir='ltr'>velis</span> <span class='ocrx_word' id='word_1_775' title='bbox 2261 5268 2541 5334; x_wconf 86' lang='lat' dir='ltr'>praeterea</span> <span class='ocrx_word' id='word_1_776' title='bbox 2561 5266 2619 5318; x_wconf 90' lang='lat' dir='ltr'>et</span> <span class='ocrx_word' id='word_1_777' title='bbox 2649 5263 2802 5318; x_wconf 84' lang='lat' dir='ltr'>vasis</span> <span class='ocrx_word' id='word_1_778' title='bbox 2825 5263 3010 5319; x_wconf 84' lang='lat' dir='ltr'>sacris</span> <span class='ocrx_word' id='word_1_779' title='bbox 3036 5263 3139 5318; x_wconf 91' lang='lat' dir='ltr'>Dei</span> <span class='ocrx_word' id='word_1_780' title='bbox 3162 5264 3346 5319; x_wconf 68' lang='lat' dir='ltr'>aedem</span> <span class='ocrx_word' id='word_1_781' title='bbox 3373 5263 3646 5319; x_wconf 75' lang='lat' dir='ltr'>instruxit</span> <span class='ocrx_word' id='word_1_782' title='bbox 3670 5263 3740 5318; x_wconf 90' lang='lat' dir='ltr'>ad</span> 
     </span>
    </p>
   </div>
   <div class='ocr_carea' id='block_1_112' title="bbox 2089 5351 3742 5425">
    <p class='ocr_par' dir='ltr' id='par_1_112' title="bbox 2089 5351 3742 5425">
     <span class='ocr_line' id='line_1_113' title="bbox 2089 5351 3742 5425; baseline -0.001 -17"><span class='ocrx_word' id='word_1_783' title='bbox 2089 5353 2533 5409; x_wconf 87' lang='lat' dir='ltr'>convenientem</span> <span class='ocrx_word' id='word_1_784' title='bbox 2566 5353 2824 5425; x_wconf 89' lang='lat' dir='ltr'>speciem</span> <span class='ocrx_word' id='word_1_785' title='bbox 2857 5351 3186 5424; x_wconf 79' lang='lat' dir='ltr'>elegantiae.</span> <span class='ocrx_word' id='word_1_786' title='bbox 3217 5353 3504 5424; x_wconf 86' lang='lat' dir='ltr'>Adjunxit</span> <span class='ocrx_word' id='word_1_787' title='bbox 3562 5352 3742 5407; x_wconf 86' lang='lat' dir='ltr'>etiam</span> 
     </span>
    </p>
   </div>
   <div class='ocr_carea' id='block_1_113' title="bbox 2092 5441 3746 5514">
    <p class='ocr_par' dir='ltr' id='par_1_113' title="bbox 2092 5441 3746 5514">
     <span class='ocr_line' id='line_1_114' title="bbox 2092 5441 3746 5514; baseline 0 -18"><span class='ocrx_word' id='word_1_788' title='bbox 2092 5459 2238 5498; x_wconf 91' lang='lat' dir='ltr'>nova</span> <span class='ocrx_word' id='word_1_789' title='bbox 2271 5441 2535 5496; x_wconf 78' lang='lat' dir='ltr'>Ecclesiae</span> <span class='ocrx_word' id='word_1_790' title='bbox 2568 5441 2785 5513; x_wconf 74' lang='lat' dir='ltr'>praedia</span> <span class='ocrx_word' id='word_1_791' title='bbox 2815 5446 3026 5514; x_wconf 68' lang='lat' dir='ltr'>praeter</span> <span class='ocrx_word' id='word_1_792' title='bbox 3056 5458 3122 5497; x_wconf 88' lang='lat' dir='ltr'>ea</span> <span class='ocrx_word' id='word_1_793' title='bbox 3167 5459 3293 5514; x_wconf 72' lang='lat' dir='ltr'>quae</span> <span class='ocrx_word' id='word_1_794' title='bbox 3353 5442 3520 5514; x_wconf 90' lang='lat' dir='ltr'>prius</span> <span class='ocrx_word' id='word_1_795' title='bbox 3576 5441 3746 5498; x_wconf 89' lang='lat' dir='ltr'>attri-</span> 
     </span>
    </p>
   </div>
   <div class='ocr_carea' id='block_1_114' title="bbox 2087 5529 3751 5603">
    <p class='ocr_par' dir='ltr' id='par_1_114' title="bbox 2087 5529 3751 5603">
     <span class='ocr_line' id='line_1_115' title="bbox 2087 5529 3751 5603; baseline 0 -17"><span class='ocrx_word' id='word_1_796' title='bbox 2087 5532 2297 5586; x_wconf 84' lang='lat' dir='ltr'>buerat</span> <span class='ocrx_word' id='word_1_797' title='bbox 2311 5531 2380 5586; x_wconf 88' lang='lat' dir='ltr'>ad</span> <span class='ocrx_word' id='word_1_798' title='bbox 2399 5529 2677 5587; x_wconf 86' lang='lat' dir='ltr'>alimenta</span> <span class='ocrx_word' id='word_1_799' title='bbox 2699 5536 2757 5587; x_wconf 89' lang='lat' dir='ltr'>et</span> <span class='ocrx_word' id='word_1_800' title='bbox 2773 5530 3066 5603; x_wconf 87' lang='lat' dir='ltr'>stipendia</span> <span class='ocrx_word' id='word_1_801' title='bbox 3083 5537 3392 5587; x_wconf 89' lang='lat' dir='ltr'>cantorum</span> <span class='ocrx_word' id='word_1_802' title='bbox 3413 5548 3751 5588; x_wconf 87' lang='lat' dir='ltr'>sacrorum-</span> 
     </span>
    </p>
   </div>
   <div class='ocr_carea' id='block_1_115' title="bbox 2093 5620 3750 5694">
    <p class='ocr_par' dir='ltr' id='par_1_115' title="bbox 2093 5620 3750 5694">
     <span class='ocr_line' id='line_1_116' title="bbox 2093 5620 3750 5694; baseline 0.001 -20"><span class='ocrx_word' id='word_1_803' title='bbox 2093 5637 2205 5692; x_wconf 89' lang='lat' dir='ltr'>que</span> <span class='ocrx_word' id='word_1_804' title='bbox 2238 5620 2668 5691; x_wconf 88' lang='lat' dir='ltr'>ministrorum,</span> <span class='ocrx_word' id='word_1_805' title='bbox 2702 5620 2823 5677; x_wconf 88' lang='lat' dir='ltr'>neii</span> <span class='ocrx_word' id='word_1_806' title='bbox 2841 5623 3309 5677; x_wconf 90' lang='lat' dir='ltr'>necessariorum</span> <span class='ocrx_word' id='word_1_807' title='bbox 3334 5621 3624 5694; x_wconf 87' lang='lat' dir='ltr'>patientes</span> <span class='ocrx_word' id='word_1_808' title='bbox 3651 5637 3750 5693; x_wconf 89' lang='lat' dir='ltr'>pe-</span> 
     </span>
    </p>
   </div>
   <div class='ocr_carea' id='block_1_116' title="bbox 2091 5709 3752 5783">
    <p class='ocr_par' dir='ltr' id='par_1_116' title="bbox 2091 5709 3752 5783">
     <span class='ocr_line' id='line_1_117' title="bbox 2091 5709 3752 5783; baseline 0.001 -18"><span class='ocrx_word' id='word_1_809' title='bbox 2091 5709 2321 5766; x_wconf 90' lang='lat' dir='ltr'>nuriam</span> <span class='ocrx_word' id='word_1_810' title='bbox 2356 5709 2545 5766; x_wconf 84' lang='lat' dir='ltr'>ofﬁcia</span> <span class='ocrx_word' id='word_1_811' title='bbox 2576 5727 2682 5767; x_wconf 86' lang='lat' dir='ltr'>sua</span> <span class='ocrx_word' id='word_1_812' title='bbox 2713 5709 3106 5783; x_wconf 80' lang='lat' dir='ltr'>negligentius</span> <span class='ocrx_word' id='word_1_813' title='bbox 3138 5709 3387 5769; x_wconf 88' lang='lat' dir='ltr'>obirent.</span> <span class='ocrx_word' id='word_1_814' title='bbox 3418 5711 3634 5768; x_wconf 85' lang='lat' dir='ltr'>Omnia</span> <span class='ocrx_word' id='word_1_815' title='bbox 3681 5726 3752 5766; x_wconf 89' lang='lat' dir='ltr'>ea</span> 
     </span>
    </p>
   </div>
  </div>
