4112 6404
317 393 428 451 613

1390 380 1482 433 DE
1519 374 1889 432 MICHAELE
1927 368 2378 426 PALBOLOGO
2413 370 2548 424 LIB.
2593 370 2689 422 III.

3638 371 3744 428 614

319 518 455 582 δεῶς
495 514 565 570 τὰ
609 511 718 569 τῶν
770 504 1093 580 ἐπιτηδείων
1149 497 1368 580 ἔχοντες
1401 499 1682 573 ἀμελοῖεν.
1714 495 1775 553 Ὀ
1810 491 1855 550 δ’
1884 494 1976 566 ἀρε
2007 496 2063 562 Α
2090 489 2357 568 Τοχάρων
2379 489 2797 561 Χαλαοῦ,τοῖ›το
2831 487 2887 545 δὲ
2917 490 3003 546 καὶ
3041 491 3174 568 πρὸς
3206 491 3298 547 τὸν
3328 495 3436 548 τῶν
3473 493 3744 558 Λῖοιόπιυν

325 604 545 684 χιερεὺς
593 600 685 658 καὶ
735 599 810 663 ὡς
854 596 928 659 εἷς
977 594 1147 667 τιμὴν
1186 592 1279 666 μὲν
1301 593 1396 645 τοῦ
1427 587 1586 644 Θείου
1616 589 1784 641 ταῦτα
1832 580 1983 657 γινό-

336 717 469 771 μενα
516 689 764 751 συνόλως
814 681 1285 760 προσαπεδέχετο,
1319 676 1515 733 εἰδέναι
1566 673 1623 731 δὲ
1673 674 1763 729 καὶ
1823 671 1983 747 χάριν

331 784 508 854 ἰδίως,
541 783 616 843 ὡς
674 779 837 854 χάριν
887 774 1050 830 αὐτοῦ
1095 771 1329 846 γίνοιτο,
1359 772 1466 821 τῶν
1527 765 1751 820 εἰκότων
1799 761 1984 834 ἐνόμι-

326 882 430 946 ζεν.
462 851 621 930 ’Όθεν
817 863 1024 941 στέφειν
1069 859 1237 931 ἤθελε
1283 857 1376 912 τὸν
1427 853 1666 922 διδόντα,
1693 851 1784 906 καὶ
1817 851 1988 922 ἀμνη-

332 967 514 1036 μονεῖν
547 963 656 1016 τῶν
718 954 1074 1031 πραχθέντων
1133 953 1250 1010 τοῖς
1309 946 1651 1023 ἀρχιερεῦσιν
1705 936 1984 1007 ἐϐούλετο,

325 1029 442 1116 τοῖς
489 1048 548 1106 δέ
593 1070 654 1126 γε
704 1029 870 1120 παρὰ
897 1046 993 1097 τοῦ
1020 1037 1338 1116 Νικηφόρου
1370 1033 1831 1111 χειροθετηθεῖσιν
1889 1029 1986 1083 ἰκ-

327 1142 598 1218 χωρήσας
628 1138 697 1192 τὰ
753 1135 854 1204 τῆς
899 1126 1315 1205 ἀρχιερωσύνης
1362 1126 1587 1190 ἅπαντα,
1621 1119 1767 1195 παρᾶ
1821 1118 1984 1191 μόνον

329 1233 388 1286 τὸ
421 1225 889 1299 συλλειτουργεῖν,
923 1219 1012 1275 ἐπὶ
1057 1221 1186 1273 πᾶσι
1231 1220 1347 1276 τοῖς
1395 1211 1590 1272 ἄλλοις
1618 1208 1826 1285 ἐχρῆτο
1861 1227 1874 1239 °
1911 1205 1986 1261 εἶ-

327 1339 413 1376 ναι
463 1317 565 1394 γὰρ
623 1295 940 1385 νομίζεσθαι
1001 1304 1184 1360 δίκαια
1238 1303 1305 1356 τὰ
1356 1301 1432 1363 εἷς
1464 1300 1669 1355 ἐκεῖνον
1713 1295 1987 1373 πραχθέν-

323 1429 411 1477 τα,
449 1406 538 1462 καὶ
573 1402 722 1474 αύτῷ
752 1396 1052 1465 συνδοκεῖν,
1087 1394 1132 1450 εἷ
1164 1395 1264 1462 τήν
1307 1391 1394 1446 ἐπὶ
1424 1393 1520 1445 τοῦ
1556 1389 1804 1464 βήματος
1848 1385 1986 1439 ἐκεί-

332 1519 439 1553 νων
495 1490 785 1550 κοινωνίαν
844 1483 1230 1560 καταδέχοιτο.
1263 1481 1416 1537 Ἐπεὶ
1471 1476 1516 1533 δ’
1562 1473 1670 1532 ἔδει
1713 1475 1804 1530 καὶ
1861 1473 1987 1548 περὶ

329 1589 428 1642 τοῦ
479 1584 540 1640 ἐκ
586 1579 837 1656 δευτέρου
878 1575 1087 1653 στέφειν
1136 1573 1230 1628 τὸν
1274 1567 1502 1645 βασιλέα
1531 1563 1987 1640 κοινολογεῖσθαι,

333 1675 571 1748 ἑτοίμως
625 1653 923 1726 καὶ-ταῦτ’
965 1661 1169 1720 ἐδίδου.
1224 1659 1327 1719 Καὶ
1391 1659 1482 1733 μὲν
1545 1654 1612 1726 δὴ
1663 1653 1752 1710 καὶ
1796 1655 1832 1724 ἠ
1880 1656 1988 1707 τῶν

333 1766 560 1838 ἡμερῶν
620 1758 782 1832 κυρία
829 1761 1037 1831 παρῆν,
1093 1751 1184 1807 καὶ
1235 1749 1324 1805 ἐπὶ
1373 1752 1468 1803 τοῦ
1517 1746 1670 1817 ἱεροῦ
1725 1743 1989 1816 τεμένους

339 1830 775 1927 μεγαλοπρεπῶς
835 1830 1042 1922 ἔστεφε.
1077 1842 1281 1914 Μνήμη
1341 1835 1388 1892 δ’
1414 1835 1512 1891 οὐκ
1540 1836 1605 1903 ἦν
1654 1833 1717 1888 τὸ
1765 1830 1990 1886 σύνολον

330 1919 615 2012 Ἰωάννου,
672 1935 820 1994 ἀλλὰ
897 1919 1111 2008 μᾶλλον
1177 1928 1268 1984 καὶ
1337 1931 1418 1994 τῷ
1475 1924 1702 1998 Καίσαρι
1763 1919 1991 1992 Ἀλεξίῳ

331 2024 941 2108 προσεπεφιλοτίμητο,
993 2023 1067 2083 ὡς
1117 2017 1184 2074 δι’
1236 2016 1400 2072 αὐτοῦ
1451 2011 1694 2082 ἁλούσης
1739 2017 1841 2079 τῆς
1891 2008 1992 2063 πό-

332 2119 496 2187 λεως,
527 2119 590 2172 τὸ
646 2115 781 2189 μετά
822 2134 882 2168 τε
928 2109 1057 2172 τοὺς
1109 2106 1352 2185 βασιλεῖς
1401 2103 1612 2159 καὶτὸν
1642 2097 1990 2176 πατριάρχην

331 2209 386 2266 ὲν
411 2213 534 2270 ταῖς
568 2207 861 2264 συναπταῖς
898 2197 1354 2275 μνημονεύεσθαι.

331 2317 403 2391 γ’.
435 2317 623 2374 Ὅπως
673 2311 701 2366 ὁ
727 2305 1010 2391 ,βασιλεύς
1059 2295 1483 2391 διεπρεσβεῦξξξ,
1520 2295 1657 2370 πρὸς
1711 2292 1994 2369 Τοχάρους

668 2369 814 2452 κήδη
847 2383 1047 2444 ποιῶν,
1073 2375 1162 2430 καὶ
1189 2369 1328 2450 πρὸς
1361 2369 1648 2430 Αἰθίοπας.

407 2478 493 2550 [Ρ.
521 2473 642 2545 116]
666 2472 805 2528 Τότε
836 2467 903 2538 δὴ
930 2472 1011 2539 τῷ
1049 2464 1267 2540 βασιλεῖ
1295 2465 1404 2517 τῶν
1436 2455 1776 2536 πραγμάτων
1808 2452 1993 2515 καλῶς

331 2541 427 2620 καί
475 2564 548 2626 ὡς
597 2541 764 2632 ἤθελε
805 2557 1209 2622 καταστάντων,
1245 2551 1504 2626 ἐξήγοντο
1536 2545 1626 2602 καὶ
1677 2544 1816 2620 πρὸς
1869 2541 1998 2606 τοὺς

340 2655 548 2730 μακρὰν
587 2644 894 2728 πρεσϐεῖαι,
925 2650 1088 2701 τοῦτο
1138 2643 1231 2717 μὶν
1288 2641 1424 2717 πρὸς
1470 2639 1559 2693 τὸν
1588 2633 1830 2712 ἄρχοντα
1887 2635 1993 2687 τῶν

340 2852 678 2927 patriarcha
715 2855 772 2906 et
803 2852 868 2903 ut
898 2847 956 2900 in
989 2844 1092 2901 Dei
1134 2843 1415 2898 honorem
1467 2839 1619 2894 facta
1663 2836 1998 2904 donataque

338 2924 616 3014 religiose
644 2956 712 2995 ac
743 2935 1066 2993 liberaliter
1088 2928 1525 3003 jucundissime
1550 2924 1811 2993 admisit,
1845 2927 1901 2978 et
1933 2925 1999 2976 ut

341 3036 402 3089 in
434 3032 526 3088 sui
557 3045 792 3102 quoque
843 3025 1093 3097 gratiam
1147 3020 1474 3078 studiosius
1519 3018 1788 3088 impensa
1834 3015 1998 3083 grate

345 3101 667 3195 agnoscere
698 3119 1111 3189 imputareque
1133 3111 1192 3166 in
1222 3107 1494 3166 beneﬁcii
1528 3105 1761 3178 proprie
1781 3101 2000 3172 accepti

348 3189 574 3284 partem
607 3225 672 3264 ac
703 3207 897 3262 locum
933 3220 1046 3274 praa
1079 3217 1142 3257 se
1191 3199 1347 3255 tulit.
1395 3202 1592 3268 quue
1621 3192 1875 3248 maxime
1905 3189 2000 3243 in-

351 3262 572 3284 rw'r"
615 3262 623 3264 ‘
657 3262 663 3263 '
933 3262 949 3274 ι
1495 3262 1511 3268 -

339 3303 556 3356 ductus
588 3301 680 3352 est
711 3295 782 3351 ad
817 3291 1224 3350 coronandum
1253 3287 1598 3344 muniﬁcum
1631 3281 1992 3353 largitorem,
2025 3262 2067 3328 C

348 3386 940 3454 obliviscendumque
971 3377 1436 3452 priorum,omni
1471 3373 1814 3446 deponendo
1848 3369 2001 3438 inju-

342 3480 568 3536 riarum
593 3491 817 3547 nupera
842 3470 1208 3544 depositione
1228 3467 1342 3524 sibi
1366 3468 1652 3521 factarum
1677 3477 1875 3518 sensu.
1901 3458 2003 3513 Or-

340 3567 563 3625 dinatis
595 3565 737 3637 quin
762 3563 940 3619 etiam
965 3579 998 3616 a
1022 3557 1348 3630 Nicephoro
1374 3570 1608 3610 omnem
1637 3549 2000 3606 iunctionem

332 3655 650 3714 sacerdotii
684 3651 976 3725 permisit,
1009 3652 1247 3718 excepto
1278 3645 1472 3702 solum
1506 3658 1709 3698 secum
1743 3655 1860 3694 una
1895 3654 1999 3708 pa-

340 3748 502 3810 riter,
537 3743 634 3799 ubi
659 3742 842 3800 sacris
866 3738 1207 3797 solemniter
1226 3738 1587 3806 operaretur,
1613 3723 1994 3784 ministrandi

341 3853 478 3893 usu.
513 3839 576 3888 ln
607 3831 832 3889 caeteris
877 3828 1212 3902 promiscue
1262 3823 1385 3896 pari
1432 3825 1568 3893 jure
1615 3836 1681 3875 ac
1739 3816 2000 3886 reliquos

341 3923 636 3982 adhibuit.
653 3925 901 3978 Causam
917 3924 1110 3975 autem
1127 3913 1488 3986 exceptionis
1510 3910 1690 3980 hujus
1711 3905 2003 3978 allegabat

343 4017 522 4082 hanc,
556 4013 712 4084 quod
745 4009 930 4066 videri
965 4011 1162 4078 posset
1193 4009 1259 4060 ut
1283 4004 1450 4075 justa
1481 4005 1538 4056 et
1562 4000 1670 4054 rite
1691 4003 1822 4054 acta
1845 4010 2002 4052 com-

345 4105 593 4178 probare
620 4117 748 4173 qua:
779 4103 949 4172 gesta
979 4100 1182 4153 contra
1213 4110 1275 4150 se
1307 4091 1578 4155 fuissent,
1615 4087 1665 4142 si
1697 4087 2001 4144 ordinatos

344 4195 419 4250 ab
451 4192 712 4248 instruso
740 4189 799 4244 in
833 4203 1009 4243 suum
1041 4185 1233 4241 locum
1265 4182 1325 4237 in
1357 4179 1721 4237 consortium
1751 4177 2000 4233 faciendi

344 4299 548 4341 secum
581 4283 650 4337 ad
685 4296 848 4336 aram
879 4276 1032 4334 sacri
1061 4272 1396 4330 communis
1417 4269 1777 4325 admitteret.
1813 4267 2001 4323 Simul

345 4378 544 4429 autem
572 4374 662 4426 est
691 4369 742 4425 ei
777 4365 1146 4441 propositum
1184 4361 1366 4418 videri
1396 4358 1705 4415 convenire
1733 4357 2002 4428 utimpe-

346 4469 512 4519 rator
539 4461 756 4517 iterum
790 4458 906 4514 ritu
941 4451 1193 4512 solemni
1225 4454 1626 4516 coronaretur,
1658 4447 1909 4502 libenter
1929 4448 2000 4502 ad

343 4554 406 4610 id
439 4567 675 4624 quoque
705 4547 934 4604 annuit.
960 4546 1150 4611 Quare
1179 4545 1306 4598 dies
1340 4541 1438 4596 isti
1464 4537 1824 4595 caeremoniae
1848 4536 2004 4593 dicta

343 4646 437 4697 est
457 4639 764 4696 Dominica
786 4636 1068 4710 proxima,
1093 4650 1208 4704 qua
1233 4627 1566 4703 patriarcha
1591 4627 2000 4698 imperatorem
2033 4653 2079 4716 D

344 4729 657 4798 magnifico
689 4729 974 4800 apparatu
1006 4720 1332 4786 coronavit,
1359 4716 1522 4772 nulla
1565 4732 1808 4787 prorsus
1848 4715 2000 4771 facta

345 4818 647 4874 mentione
673 4822 776 4872 aut
807 4813 1141 4887 significata
1175 4804 1741 4873 memorialoannis,
1766 4804 1865 4860 sed
1893 4821 1998 4876 po-

341 4909 464 4964 tius
496 4907 700 4962 eodem
751 4904 926 4961 tacite
973 4902 1186 4972 rejecto
1237 4913 1340 4970 per
1387 4895 1443 4949 id
1500 4895 1652 4966 quod
1703 4892 1998 4948 honorarii

345 4995 612 5052 muneris
641 4995 767 5052 loco
799 5006 1146 5050 concessum
1177 5006 1246 5044 ea
1285 4984 1587 5043 occasione
1639 4981 1828 5037 Alexio
1876 4983 1998 5038 Cae-

341 5085 465 5142 sari
492 5091 584 5142 est
612 5085 674 5140 in
707 5083 1020 5156 praemium
1053 5084 1234 5150 captae
1271 5075 1455 5145 urbis,
1485 5078 1548 5128 ut
1578 5070 1850 5127 videlicet
1879 5077 1998 5127 sta-

339 5176 452 5231 tim
486 5179 620 5246 post
648 5174 989 5245 inperantes
1020 5169 1152 5242 (hoc
1184 5171 1277 5223 est
1309 5168 1467 5220 174
1496 5165 1828 5233 Augustum
1863 5177 1999 5216 cum

343 5265 621 5336 conjuge)
666 5270 722 5319 et
752 5261 1121 5334 patriacham
1172 5258 1600 5313 memoraretur
1630 5252 1686 5305 in
1727 5250 2000 5322 precibus

343 5353 622 5426 publicis,
656 5370 803 5424 quas
835 5355 1116 5424 synaptas
1144 5351 1376 5402 vocant.

380 5461 433 5513 3.
472 5461 535 5516 Ut
577 5461 885 5529 imperator
931 5456 1261 5529 legationem
1311 5451 1529 5529 miserit
1556 5447 1964 5529 -a(_l._._T.ocharos

415 5519 762 5600 afﬁnitatem
791 5547 916 5586 cum
946 5519 1016 5584 iis
1045 5527 1394 5590 contraham,
1426 5525 1474 5578 et
1496 5519 1566 5576 ad
1588 5520 1892 5590 zElhz'Opas.

422 5621 542 5677 Hac
573 5621 695 5676 vice
725 5637 921 5676 rerum
963 5618 1278 5687 imperator
1308 5609 1759 5670 succedentibus
1789 5607 1899 5663 sibi
1927 5607 2000 5663 ad

342 5715 548 5767 votum
575 5709 848 5782 negotiis,
891 5711 946 5764 et
978 5722 1122 5778 pace
1167 5703 1326 5761 domi
1375 5697 1718 5767 constituta,
1763 5702 1999 5768 tempus

2097 578 2351 636 σουλτάν.
2387 581 2493 636 Τὸν
2526 580 2632 656 γὰρ
2658 582 2767 635 τῶν
2821 585 3041 654 Περσῶν
3100 582 3216 654 μεθ’
3248 583 3437 637 ἑαυτοῦ
3483 583 3600 658 εἶχε
3653 585 3744 639 τὸν

2092 669 2402 739 Ἀζατίνην,
2435 667 2526 724 ἐπὶ
2574 675 2676 738 τῆς
2725 668 2944 731 πόλεως
2997 669 3275 746 βλακικῶς
3327 669 3604 747 διάγοντα,
3637 676 3748 729 κώο

2101 779 2224 832 μοις
2275 757 2365 812 καὶ
2417 758 2606 830 μέθαις
2655 758 2756 812 ἀνὰ
2802 763 2974 812 πᾶσαν
3028 756 3424 834 διημερεύοντα
3455 759 3703 840 ἄμφοδον
3732 784 3744 797 ·

2095 854 2254 916 κενῆς
2286 848 2387 922 γὰρ
2420 845 2586 918 οὔσης
2619 847 2920 922 ἀνθρώπιον
2956 845 3031 902 ἔτι
3060 855 3161 918 τῆς
3211 849 3428 912 πόλεως
3473 849 3750 910 συνέϐαινε

2096 938 2190 998 τὰς
2263 935 2549 1013 ἀμφόδους
2625 937 2698 998 ὡς
2767 936 2999 1012 ἐρημίας
3057 939 3214 1010 εἶναι,
3268 938 3347 1016 ἐφ’
3405 942 3489 1004 αἴς
3549 943 3753 1008 ἐκεῖνος

2099 1022 2292 1095 ἀνέδην
2320 1027 2627 1098 καθήμενος
2660 1025 2750 1080 σὺν
2771 1033 2887 1089 τοῖς
2922 1027 3056 1103 ἀμφ’
3077 1027 3238 1082 αύτὸν
3270 1027 3508 1092 πολλοῖς
3539 1032 3628 1086 καὶ
3655 1055 3748 1103 με-

2096 1113 2290 1190 γάλοις
2317 1115 2465 1169 οὖσιν
2500 1113 2740 1190 ὠργιαζέ
2766 1136 2822 1169 τε
2851 1120 2929 1187 τῷ
2962 1115 3204 1188 Διονύσῳ
3251 1116 3340 1171 καὶ
3386 1085 3737 1190 ἐμεθύσκετο.

2097 1205 2242 1278 Πρὸς
2275 1208 2403 1278 γοῦν
2449 1203 2684 1267 ἐκείνους
2737 1206 2852 1280 εἶχε
2911 1201 3388 1280 διαπρεσϐεύεσθαι
3446 1209 3535 1263 καὶ
3593 1209 3749 1276 αὖθις

2098 1287 2394 1364 λαμϐάνειν
2444 1292 2644 1356 ἐκεῖθεν
2690 1289 2965 1369 πρέσϐεις.
3013 1295 3106 1365 Τῷ
3174 1295 3267 1367 μὲν
3333 1295 3556 1353 Χαλαοὺ
3614 1303 3749 1374 μετὰ

2094 1385 2192 1435 τοῦ
2243 1385 2491 1456 μοναχοῦ
2539 1381 2629 1435 καὶ
2681 1377 2870 1449 ἱερέως
2912 1380 3211 1457 Πρίγκιπος
3253 1383 3492 1454 ἐξεδίδου
3538 1391 3638 1458 τήν
3692 1390 3750 1446 ἐκ

2095 1475 2196 1538 τῆς
2257 1465 2763 1540 Διπλοϐατατζίνης
2822 1471 2882 1524 έκ
2935 1470 3148 1534 νοθείας
3189 1470 3360 1527 παῖδα
3387 1475 3747 1549 Μαρίαν.Καὶ

2100 1559 2363 1635 Πρίγκιψ,
2397 1556 2838 1634 ἀρχιμανδρίτης
2871 1557 2944 1613 ὢν
2977 1558 3100 1613 τότε
3146 1563 3244 1628 τῆς
3292 1567 3389 1617 τοῦ
3440 1568 3752 1640 Παντοκρά-

2096 1666 2260 1723 τῡρος
2299 1655 2495 1722 μονῆς,
2532 1648 2632 1702 ὑπὸ
2672 1647 2940 1723 μεγάλαις
2988 1649 3299 1726 φαντασίαις
3343 1673 3401 1707 τε
3441 1655 3531 1708 καὶ
3580 1653 3747 1732 ἀϐρό-

2097 1758 2223 1808 τησι
2278 1737 2488 1810 σύναμα
2531 1738 2620 1792 καὶ
2673 1737 2901 1810 πλούτῳ
2941 1735 3275 1812 παντοδαπῷ
3305 1741 3403 1809 τὴν
3435 1741 3604 1817 κόρην
3632 1745 3752 1800 ἐκό-

2022 1867 2070 1932 B
2104 1832 2278 1932 μιζξν,
2338 1825 2734 1902 ἐπιφερόμενος
2788 1827 2877 1882 καὶ
2929 1828 3190 1897 σκηνικήν
3247 1830 3352 1884 νεὼ
3410 1829 3468 1885 ἐκ
3524 1831 3752 1891 πέπλων

2304 1921 2331 1931 μιν
2554 1915 2596 1932 II.
2794 1916 2807 1932 \
2910 1913 2956 1932 ἣν
3171 1921 3195 1931 ε-
3329 1921 3341 1932 ο
3394 1918 3405 1932 1
3703 1925 3712 1932 ι

2103 1912 2371 1991 στιϐαρῶν
2440 1915 2694 1990 μετάξης,
2751 1916 2846 1977 τὰς
2907 1913 2964 1970 δέ
3011 1938 3073 1992 γε
3129 1921 3236 1971 τῶν
3317 1918 3482 1994 ἁγίων
3541 1925 3754 1997 μορφὰς

2102 2010 2294 2081 χρυσῷ
2344 2007 2720 2078 πεποιημένας
2797 2000 3018 2079 ἔχοντα,
3066 2012 3318 2082 σταυροῖς
3373 2011 3461 2064 καὶ
3512 1981 3759 2087 σξίοίνλοις

2104 2093 2515 2170 ἐρηρεισμένας,
2548 2093 2638 2148 καὶ
2691 2095 2812 2168 ἅγια
2843 2093 3005 2165 σκεύη
3055 2092 3337 2168 πολύτιμα
3385 2101 3520 2154 κατὰ
3550 2077 3754 2176 ’χρείαν

2103 2190 2203 2252 τῆς
2251 2185 2397 2259 ἱερᾶς
2444 2182 2651 2240 θυσίας.
2676 2184 2780 2238 Καὶ
2839 2182 2982 2236 οὕτω
3028 2183 3121 2255 μὲν
3165 2185 3303 2258 πρὸς
3359 2187 3420 2241 τὸ
3469 2189 3754 2263 μεγαλειό-

2103 2294 2257 2349 τερον
2320 2273 2384 2326 τὸ
2446 2271 2806 2348 συνάλλαγμα
2864 2271 3173 2346 ἐξηρτύετο,
3226 2272 3323 2328 κᾶν
3377 2280 3474 2330 τοῦ
3533 2276 3757 2334 Χαλαοὺ

2105 2361 2156 2432 ἐξ
2189 2360 2491 2436 ἀνθρώπων
2521 2361 2813 2438 γεγονότος
2840 2361 2965 2436 πρὶν
3005 2360 3236 2424 ἐκείνους
3287 2363 3481 2441 φθάσαι
3529 2369 3564 2436 ἡ
3616 2369 3756 2445 κόρη

2104 2455 2183 2524 τῷ
2241 2453 2345 2523 υίῷ
2403 2449 2608 2506 ἐκείνου
2669 2450 2898 2525 Ἀπαγά,
2962 2447 3210 2524 διαδόχῳ
3278 2473 3340 2526 γε
3403 2457 3501 2522 τῆς
3577 2457 3758 2532 ἀρχῆς

2105 2540 2542 2618 καταλειφθέντι,
2575 2539 2626 2594 ἐν
2687 2538 2895 2615 ὑστέρῳ
2947 2541 3194 2616 φθάσασα
3242 2540 3598 2618 ἐνηρμόζετο.
3649 2549 3758 2605 Τὸν

2108 2628 2164 2686 δέ
2188 2651 2250 2706 γε
2279 2635 2385 2685 τῶν
2422 2628 2704 2686 Αἰθιόπων
2735 2627 2965 2684 σουλταν
3003 2627 3150 2700 ἄλλη
3195 2651 3278 2693 τις
3327 2633 3491 2708 χρεία
3536 2636 3615 2708 τῷ
3668 2638 3736 2713 βα

2109 2833 2308 2900 aptum
2341 2827 2566 2900 putavit
2587 2827 2890 2883 mittendis
2912 2829 2983 2884 ad
3009 2833 3213 2901 gentes
3234 2829 3588 2904 longinquas
3609 2833 3769 2906 lega-

2108 2917 2391 2985 tionibus,
2410 2918 2480 2974 ad
2497 2917 2818 2988 principem
2840 2917 3109 2974 videlicet
3125 2919 3523 2977 Tocharorum
3540 2924 3764 2981 Chalau

2109 3012 2166 3064 et
2197 3008 2269 3063 ad
2301 3007 2626 3078 Ethiopas.
2661 3007 2808 3062 Nam
2850 3007 3156 3063 sultanum
3207 3014 3518 3067 Persarum
3558 3030 3762 3071 secum

2110 3098 2365 3153 habebat
2391 3097 2710 3165 Azatinem,
2743 3098 2803 3151 in
2835 3097 2978 3152 urbe
3027 3097 3202 3153 vitam
3245 3100 3552 3172 degentem
3594 3103 3766 3175 igna-

2108 3187 2412 3242 vissimam
2435 3203 2500 3241 ac
2523 3191 2676 3240 totos
2701 3187 2879 3241 etiam
2901 3186 2962 3241 in
2990 3187 3179 3242 triviis
3204 3192 3590 3246 comessando
3613 3209 3768 3248 com-

2111 3277 2480 3348 potandoque
2493 3292 2673 3330 eonsu
2684 3281 2937 3331 mentem
2957 3277 3324 3350 dies,quippe
3338 3279 3624 3336 exhausta
3638 3287 3766 3338 tum

2110 3367 2302 3421 adhuc
2324 3370 2381 3421 et
2405 3367 2551 3420 raris
2575 3364 2781 3420 incolis
2805 3382 2908 3436 pro
2953 3365 3045 3420 sui
3065 3367 3474 3437 magnitudine
3501 3369 3768 3426 habitata

2110 3455 2363 3523 civitate,
2395 3471 2604 3510 vacare
2633 3452 2858 3526 plateas
2887 3455 3216 3526 frequentia
3244 3456 3461 3513 civium
3492 3464 3549 3514 et
3593 3463 3762 3532 quasi

2110 3546 2374 3601 desertas
2396 3560 2664 3612 cernens,
2688 3543 2872 3599 libera
2892 3543 2994 3599 illa
3017 3545 3336 3601 solitudine
3353 3547 3672 3616 fruebatur,
3708 3554 3766 3605 et

2111 3634 2196 3690 sic
2232 3639 2515 3704 tanquam
2551 3649 2683 3688 rure
2715 3635 2952 3704 degeret
2979 3634 3182 3705 procul
3206 3636 3277 3690 ab
3303 3637 3564 3705 arbitris,
3590 3655 3756 3695 secu-

2111 3739 2211 3777 rus
2242 3737 2376 3777 cum
2410 3721 2804 3777 familiaribus
2835 3727 2892 3777 et
2921 3721 3153 3793 magnis
3186 3740 3304 3778 sua:
3337 3727 3530 3796 gentis
3560 3743 3625 3782 ac
3665 3745 3761 3783 co-

2113 3811 2358 3866 mitatus
2385 3809 2546 3880 viris,
2579 3811 2802 3865 mensis
2834 3811 2895 3865 in
2930 3812 3238 3884 propatulo
3263 3813 3467 3884 positis
3496 3817 3766 3872 assidens

2110 3899 2491 3954 hacchanalia
2523 3900 2871 3970 quotidiana
2901 3899 3255 3966 celebrabat,
3302 3905 3434 3959 vino
3467 3921 3597 3961 sese
3630 3907 3763 3962 bar-

2111 3989 2252 4044 bara
2283 3987 2654 4060 impudentia
2685 3988 2875 4059 palam
2910 3989 3307 4062 ingurgitans.
3343 3994 3430 4048 Ad
3457 4009 3558 4050 eos
3583 3994 3763 4066 igitur

2111 4095 2258 4150 quos
2291 4077 2409 4132 dixi
2438 4076 2595 4133 solos
2636 4077 3021 4133 destinandas
3072 4079 3397 4151 legationes
3447 4083 3677 4151 habuit,
3707 4088 3764 4139 et

2111 4173 2348 4223 mutuas
2372 4168 2508 4222 inde
2533 4165 2791 4222 vicissim
2818 4167 3212 4238 accipiendas.
3235 4172 3426 4242 Atque
3448 4173 3519 4227 ad
3545 4172 3764 4228 Chalau

2111 4258 2373 4330 quidem,
2393 4256 2714 4329 principem
2736 4256 3091 4312 monachum
3115 4260 3548 4316 etsacerdotem
3575 4262 3761 4330 misit,

2111 4349 2212 4420 qui
2246 4347 2426 4402 ﬁliam
2454 4347 2642 4417 ipsius
2666 4346 2902 4400 nothum
2929 4348 3168 4404 nomine
3199 4349 3467 4420 Mariam,
3492 4367 3670 4421 quam
3693 4368 3764 4407 ex

2111 4437 2582 4510 Diplohatatzina
2615 4443 2979 4508 susceperat,
3014 4439 3367 4510 desponsam
3404 4439 3515 4511 ipsi
3556 4443 3762 4511 conju-

2111 4545 2243 4600 gem
2274 4527 2675 4583 comitaretur.
2708 4527 2778 4580 Et
2809 4526 3082 4600 princeps
3117 4545 3249 4583 cum
3284 4534 3423 4584 tunc
3467 4535 3617 4586 esset
3665 4549 3768 4586 ar-

2112 4615 2508 4674 chimandrita
2541 4614 2880 4670 monasterii
2916 4615 3374 4688 Pantocratoris,
3407 4619 3763 4691 splendidis-

2112 4705 2466 4777 simaspecie
2485 4703 2818 4759 mollissimi
2835 4702 3012 4758 simul
3036 4705 3435 4777 ditissimique
3449 4713 3768 4779 apparatus

2110 4798 2223 4852 ista
2253 4811 2482 4866 sponsa:
2515 4792 2864 4848 deductione
2896 4793 3133 4849 functus
3181 4799 3290 4864 est,
3346 4795 3765 4854 circumferens

2111 4885 2261 4940 inter
2308 4887 2516 4939 caetera
2564 4880 2852 4953 templum
2921 4881 3158 4938 solutile
3221 4883 3584 4940 tabernaculi
3644 4885 3759 4942 ritu

2109 4973 2326 5030 crassis
2375 4989 2405 5027 e
2446 4973 2632 5027 serico
2681 4971 2824 5027 velis
2877 4972 3099 5028 circum
3127 4977 3184 5028 et
3214 4990 3468 5045 superne
3515 4979 3763 5045 tectum,

2109 5068 2448 5120 sanctorum
2475 5062 2691 5117 formas
2722 5079 2864 5118 auro
2887 5061 3217 5118 elaboratas
3238 5062 3764 5132 habens,crucibus

2112 5158 2166 5207 et
2198 5151 2438 5206 funibus
2463 5150 2744 5220 firmatas,
2768 5155 3047 5222 praterea
3069 5168 3208 5206 vasa
3229 5158 3435 5208 sancta
3458 5155 3761 5224 pretiosis-

2111 5243 2263 5299 sima
2292 5244 2363 5296 ad
2397 5256 2569 5294 usum
2607 5239 2786 5294 divini
2833 5241 3126 5296 sacrificii.
3184 5243 3331 5299 I75
3379 5243 3504 5298 Tali
3534 5245 3765 5316 magni-

2114 5333 2345 5387 ﬁcentia
2359 5327 2641 5399 nuptialis
2658 5328 2768 5384 ista
2781 5330 3087 5386 conventio
3106 5330 3530 5388 celebrabatur.
3547 5333 3763 5390 Verum

2111 5419 2331 5476 Chalau
2364 5421 2595 5472 mortuo
2645 5424 2966 5490 antequam
3023 5424 3094 5476 ad
3145 5438 3281 5476 eum
3328 5423 3601 5495 princeps
3632 5439 3766 5478 cum

2112 5526 2329 5584 sponsa
2360 5507 2786 5577 pervenissent,
2818 5509 3012 5579 puella
3033 5527 3163 5565 sero
3197 5510 3333 5566 licet
3355 5511 3672 5566 adveniens
3707 5528 3766 5566 re

2112 5603 2327 5657 infecta
2357 5613 2472 5652 non
2507 5594 2714 5652 rediit:
2752 5598 2956 5669 nupsit
2985 5599 3142 5654 enim
3186 5599 3307 5656 ﬁlio
3351 5605 3409 5655 et
3438 5599 3767 5656 successori

2112 5685 2403 5748 Chalauin
2420 5683 2775 5758 principatu.
2792 5693 2996 5746 vocato
3018 5689 3238 5761 Apage.
3262 5689 3571 5744 Sultanum
3594 5706 3766 5762 porro
