4112 6436
315 401 421 455 615

1616 381 1922 439 GEORGII
1961 379 2427 439 PACHYMERE

3629 379 3740 434 616

317 523 464 580 σιλεῖ
509 515 830 581 σπένδεσθαι
885 513 1311 588 κατηνάγκαζε).
1362 509 1456 565 Ἐκ
1525 506 1796 578 Κομάνων
1865 500 1967 578 γὰρ
1997 501 2162 581 Alc?’
2222 503 2452 580 ἑκάστῳ,
2513 505 2716 581 νωθροὶ
2769 490 2826 561 δέ
2879 506 2947 560 τά
3002 505 3055 568 ἐς
3114 501 3290 580 ὁρμάς
3339 502 3430 558 καὶ
3493 501 3734 577 μαλακοὶ

315 615 388 668 ὡν
449 612 677 677 ἐκεῖνος,
711 608 787 668 εἷς
843 609 950 660 τῶν
1012 601 1090 663 εἷς
1140 597 1390 655 δουλείαν
1435 592 1875 666 ἀποδεδομένων,
1906 589 1970 646 τὸ

315 704 468 780 γένος
529 699 708 770 ἐζήτει
759 695 876 750 κατ’
936 691 1108 747 αῖτίαν
1170 689 1392 757 συνετὴν
1443 685 1525 740 ὅτι
1584 685 1673 739 καὶ
1741 681 1968 737 ἐπαίνων

313 774 492 868 έγγύς.
527 791 602 844 Τὰ
651 787 752 862 γὰρ
805 781 1026 858 ἀντικρὺ
1077 775 1342 849 ἀλλήλων
1394 774 1637 848 κλίματα
1693 779 1793 868 τῇς
1843 778 1969 847 γῆς,

309 860 399 936 τό,
426 901 486 935 τε
548 860 761 954 βόρειον
814 873 902 927 καὶ
934 872 993 926 τὸ
1024 869 1226 937 νότιον,
1259 865 1524 939 ἐμωύτοις
1564 863 1675 918 τισὶ
1736 860 1970 934 δυνάμε-

311 993 391 1025 σιν
427 968 512 1023 ἐπί
549 951 927 1038 τετσωματικῇ
958 960 1047 1014 καὶ
1088 959 1301 1032 ψυχικῇ
1359 954 1592 1010 διαθέσει
1641 951 1973 1007 ἀντιπεπόν-

313 1072 484 1128 οασιν,
521 1057 701 1130 ὥσπερ
763 1050 900 1121 δῆτα
951 1049 1040 1104 καὶ
1094 1048 1367 1122 κράσεσιν,
1430 1044 1482 1098 ἐν
1536 1045 1619 1104 αἷς
1680 1041 1740 1096 οὐ
1806 1040 1968 1114 μόνον

316 1149 469 1217 ζώων
527 1129 746 1218 ἀλόγων
807 1139 944 1213 πρὸς
999 1137 1166 1209 ὅμοια
1228 1140 1338 1203 ζῶα
1393 1131 1655 1209 διαφοράς
1691 1129 1837 1204 εὕροι
1886 1150 1971 1190 τις

316 1237 597 1314 ἐμφανεῖς,
631 1229 777 1286 ἀλλά
824 1229 915 1283 καὶ
967 1227 1104 1300 πρὸς
1148 1223 1468 1299 ἀνθρώπους
1509 1221 1831 1295 ἀνθρώπων.
1869 1221 1970 1276 Bo-

314 1307 483 1400 psipi:
515 1324 620 1398 γάρ
649 1321 716 1375 τά
748 1323 859 1388 ζῶα
887 1315 1248 1386 λελεύκωται,
1274 1312 1478 1372 νοτίοις
1511 1309 1567 1364 δὲ
1623 1307 1972 1382 μεμελαίνω-

310 1397 422 1472 ται.
459 1397 538 1482 [Pi
572 1397 698 1483 1⁷17]
728 1411 1048 1482 Ἄνθρωποι
1082 1402 1140 1458 δὲ
1171 1403 1221 1458 ἐν
1280 1403 1372 1475 μὲν
1429 1400 1668 1476 βορείοις
1725 1397 1969 1452 ἀσόνετοι

313 1502 501 1563 ἄλλως
533 1500 625 1556 καὶ
661 1497 824 1572 μόλις
856 1493 1070 1568 λογικοὶ
1100 1485 1676 1564 καταλαμϐανόμενοι,
1712 1487 1762 1542 έν
1795 1491 1878 1549 οἷς
1909 1487 1970 1541 οὐ

314 1589 537 1666 λογικαὶ
585 1589 907 1658 ἐπιστῆμαι,
956 1582 1017 1636 οὐ
1077 1582 1377 1654 μαθήματα
1426 1579 1645 1653 φυσικά,
1699 1577 1761 1631 οὐ
1827 1580 1970 1650 γνῶ-

313 1665 420 1750 mg,
451 1679 511 1734 οὐ
573 1676 856 1753 φρόνησις,
891 1671 952 1727 οὐ
1010 1668 1133 1745 περί
1188 1669 1279 1724 τὸν
1332 1669 1450 1744 βίον
1513 1665 1823 1739 οἰκονομίαι
1882 1665 1971 1719 καὶ

312 1773 522 1844 τεχνῶν
574 1764 820 1842 ἐργασίαι
869 1761 958 1816 καὶ
1007 1757 1186 1815 τᾶλλα
1228 1761 1310 1820 οἷς
1343 1762 1449 1811 τῶν
1483 1755 1704 1830 ἀλόγων
1767 1753 1974 1830 avo-9“”

2073 596 2210 670 πρὸς
2288 597 2473 672 μάχας
2543 597 2634 651 καὶ
2713 595 3109 672 ἀπραγμοσύνῃ
3195 592 3407 668 μᾶλλον
3469 597 3736 662 συζῶντες

2078 682 2236 760 ὀλίγα
2285 683 2431 762 ἔχειν
2491 688 2527 757 ἢ
2559 684 2753 742 πολλὰ
2808 685 3408 760 πολυπραγμονοῦντες
3466 681 3736 758 αἰρούμε-

2073 794 2178 829 νοι.
2211 775 2434 831 Τούτων
2467 773 2525 831 δὲ
2552 777 2643 831 τὸν
2677 775 2840 844 ἥλιον
2893 773 3180 829 αἰτιάσαιτ’
3215 771 3274 828 ἄν
3332 794 3416 835 τις
3475 793 3733 850 φυσικω-

2075 863 2288 938 όμενος,
2327 869 2408 938 τῷ
2469 867 2562 939 μὲν
2619 864 2837 938 ὁμιλεῖν
2895 863 3055 940 ὀλίγα
3111 863 3200 918 καὶ
3256 862 3392 937 πρὸς
3426 859 3612 937 ὀλίγον
3671 860 3734 916 οὐ

2075 954 2310 1030 μετρίως
2394 955 2749 1031 θερμαίνοντα
2831 955 2923 1009 τὸν
2985 951 3305 1032 ἐγκέφαλον,
3365 951 3485 1007 ὅθεν
3553 953 3641 1006 καὶ
3697 954 3734 1021 ἡ

2076 1041 2272 1118 εὐφυΐα
2320 1043 2702 1119 προσγίνεσθαι
2762 1043 2988 1121 πέφυκε,
3045 1044 3108 1097 τὸ
3169 1039 3343 1118 δέρμα
3412 1039 3469 1095 δὲ
3529 1063 3739 1114 συμπι-

2079 1133 2275 1188 λοῦντα
2336 1133 2774 1210 ἀπεργαξόμενον
2828 1138 2945 1194 τοῖς
3009 1130 3197 1204 μέλεσι
3242 1133 3341 1201 τὴν
3378 1126 3733 1206 στερρότητα,

2076 1221 2162 1276 ἐπὶ
2196 1219 2253 1276 δὲ
2285 1220 2478 1298 θάτερα
2507 1227 2615 1277 τῶν
2651 1226 2827 1297 μερῶν
2858 1226 2938 1294 τῷ
2985 1219 3072 1275 ἐπὶ
3123 1217 3291 1274 πλέον
3338 1218 3554 1291 ὁμιλεῖν
3617 1231 3736 1293 Osp-

2080 1311 2326 1385 μαίνοντο
2388 1313 2482 1384 μὲν
2553 1311 2629 1374 εἷς
2709 1309 2949 1389 εὐφυΐαν,
3001 1307 3225 1365 ἔκλυτον
3287 1307 3334 1364 δ’
3386 1307 3461 1370 είς
3518 1305 3736 1382 ἀνδρίαν

2075 1400 2514 1476 ἀπεργαζόμενον
2555 1401 2655 1470 τήν
2697 1398 3028 1474 ὁλομέλειαν
3072 1404 3185 1454 τῶν
3248 1399 3518 1470 σωμάτων
3546 1419 3558 1430 -
3593 1419 3732 1471 συμ-

2080 1489 2453 1562 μετατίθεσθαι
2493 1489 2596 1564 γὰρ
2656 1494 2774 1551 τοῖς
2825 1489 3042 1561 σώμασι
3089 1488 3187 1550 τὰς
3246 1487 3431 1562 ψυχὰς
3489 1487 3517 1541 ὁ
3575 1508 3734 1564 φυσιο

2073 1578 2167 1639 κὸς
2233 1578 2398 1654 λόγος
2457 1575 2670 1632 δίδωσι.
2734 1577 2832 1632 Διά
2878 1582 3104 1632 τοιαῦτα
3159 1578 3252 1632 καὶ
3310 1576 3572 1653 πρότερον
3635 1577 3731 1649 μὲν

2073 1665 2290 1722 πολλοῦ
2330 1666 2530 1740 ιτίμων
2563 1667 2625 1722 τὸ
2660 1667 2924 1731 Σκυθικὸν
2973 1667 3257 1736 Αἰθίοπες,
3288 1665 3424 1721 κατᾶ
3482 1663 3734 1721 δουλείαν

2079 1756 2172 1829 μὶν
2227 1757 2521 1828 κτώμενοι,
2587 1754 2775 1818 ἄλλως
2827 1753 2883 1810 δὲ
2945 1757 3304 1830 στρατιώταις
3369 1756 3498 1829 ὑπὲρ
3554 1754 3730 1809 αὐτῶν

476 1840 912 1920 διαστέλλονται,
967 1850 1142 1926 ὁρμὰς
1215 1846 1397 1921 μέντοι
1476 1840 1827 1920 παραϐόλους
1880 1844 1971 1898 καὶ
2001 1864 2045 1928 Β
2077 1845 2382 1921 χρώμενοι.
2426 1845 2556 1900 Τότε
2615 1843 2672 1898 δὲ
2721 1844 2811 1899 καὶ
2861 1844 2936 1906 εἰς
2985 1843 3152 1914 αὐτὴν
3185 1845 3285 1914 τὴν
3319 1843 3500 1919 ἀρχὴν
3566 1864 3732 1898 κατα-

317 1949 453 2022 πρὸς
508 1947 695 2020 μάχην
741 1941 997 2015 ἕτοίμους
1056 1936 1298 2013 ἔχοντες,
1349 1936 1440 1990 καί
1489 1933 1726 2008 ἑτοίμως
1785 1935 1967 2009 ὁρμή-

315 2021 500 2096 σοντες
529 2033 595 2104 -ὶίν
640 2055 722 2094 τις
755 2029 1046 2103 ἐποτρύνῃ,
1078 2021 1396 2101 παράϐαλὸν
1446 2047 1499 2079 τι
1558 2024 1648 2078 καὶ
1702 2024 1966 2099 βακχικὸν

315 2122 536 2200 ἔχοντες
594 2122 678 2176 ἐπ’
707 2117 1004 2189 ἀλλήλοις,
1037 2115 1128 2171 καὶ
1176 2119 1254 2187 τῷ
1303 2116 1458 2189 Ἀρει
1510 2110 1832 2172 σπένδοντες
1868 2131 1879 2142 ·
1916 2111 1966 2165 ἐν

315 2214 372 2269 δε
423 2213 626 2275 νοτίοις
681 2207 996 2264 τούναντίον
1061 2206 1222 2260 ἅπαν.
1284 2206 1513 2260 Ἐκεῖνοι
1574 2203 1677 2277 γὰρ
1756 2201 1971 2277 εὐφυεῖς

319 2306 414 2377 μὲν
449 2300 636 2362 ἄλλως
669 2299 759 2354 καὶ
792 2297 920 2372 ἄγαν
956 2294 1164 2350 συνετοὶ
1191 2293 1280 2348 καὶ
1327 2289 1537 2368 ἄριστοι
1586 2293 1652 2346 τά
1701 2291 1752 2353 ές
1803 2291 1967 2347 πολι-

312 2395 458 2449 τείαν
510 2391 600 2446 καὶ
648 2387 843 2462 τέχνας
889 2387 976 2440 καὶ
1024 2383 1224 2459 λογικά
1275 2383 1571 2456 μαθήματα
1618 2382 1708 2436 καὶ
1769 2379 1970 2457 βουλὰς

312 2595 653 2666 ἐΕιὴὶοριιω
677 2591 802 2648 aliae
828 2589 1119 2645 utilitates
1142 2585 1510 2658 impulerunt
1531 2586 1604 2641 ad
1629 2585 1817 2642 fmdus
1837 2603 1970 2643 cum

313 2685 666 2757 imperatore
714 2680 1074 2736 faciendum.
1127 2676 1260 2731 Erat
1308 2675 1360 2730 is
1409 2691 1621 2746 genere
1651 2675 1970 2742 Comanus,

311 2773 585 2830 venditus
606 2771 741 2826 olim
769 2771 831 2825 in
855 2769 1219 2832 servitutem,
1243 2781 1358 2836 qua
1383 2765 1440 2819 in
1466 2781 1713 2835 regnum
1744 2769 1972 2819 mutata

310 2863 616 2934 satagebat
638 2857 909 2932 prudenti
925 2853 1326 2926 laudabilique
1341 2852 1588 2908 consilio
1605 2858 1970 2908 utcommea-

310 2958 408 3008 tus
441 2956 594 3008 esset
620 2947 807 3003 facilis
833 2944 1217 3018 popularibus
1241 2944 1366 2998 suis
1390 2943 1460 2997 ad
1485 2959 1583 2998 eos
1606 2943 1824 3012 quibus
1853 2943 1967 2996 im-

315 3041 580 3115 perabat,
611 3038 876 3108 indigere
902 3035 1066 3107 ipsos
1098 3033 1361 3089 sentiens
1395 3031 1495 3088 tali
1530 3030 1768 3086 auxilio.
1817 3031 1968 3085 Sunt

312 3133 608 3187 enimvero
642 3144 756 3182 non
787 3142 974 3197 magis
1006 3123 1122 3178 situ
1155 3139 1328 3192 quam
1362 3121 1558 3176 indole
1591 3119 1965 3191 naturalique

2080 1933 2297 1996 στάντος
2348 1934 2558 1997 Σκύθου
2603 1935 2664 1988 τὸ
2707 1934 2969 1998 Σκυθικὸν
3020 1934 3331 2004 ἀνεζητεῖτο
3367 1934 3440 1996 ὡς
3473 1933 3732 2009 στρατεύ-

2083 2045 2252 2097 ματος
2300 2023 2479 2101 σφίσιν
2539 2021 2738 2087 ἐκεῖθεν
2792 2025 3220 2097 συστησομὲνου,
3279 2024 3411 2098 ὅπερ
3470 2024 3573 2078 οὐκ
3629 2021 3731 2079 ἄλ-

2080 2111 2192 2174 λως
2247 2113 2313 2182 ἧν
2362 2112 2546 2176 αὐτοῖς
2591 2111 2926 2186 ὠνουμένοις
2970 2112 3370 2186 μετακομίζειν,
3403 2111 3453 2166 εἷ’
3513 2113 3588 2185 μὴ
3642 2110 3732 2167 διὰ

2076 2207 2173 2257 τοῦ
2224 2207 2409 2256 στενοῦ
2455 2223 2538 2263 τις
2581 2202 2818 2275 Εὐξείνῳ
2861 2198 3208 2278 προσϐάλλοι
3261 2200 3527 2276 θαλάσσῃ.
3559 2207 3730 2258 Τοῦτο

2081 2289 2138 2347 δὲ
2185 2297 2360 2347 ποιεῖν
2424 2293 2500 2364 μή
2543 2290 2824 2364 ἀξιοῦντας
2869 2293 2961 2346 τὸν
3011 2290 3238 2368 βασιλέα
3279 2291 3600 2368 ἀμήχανον.
3641 2293 3734 2347 Διὸ

2079 2383 2169 2437 καὶ
2216 2379 2454 2444 πολλαῖς
2501 2377 2760 2456 ἐδωρεῖτο
2809 2385 3002 2438 τοῦτον
3052 2380 3410 2450 ἀποστολαῖς,
3445 2381 3526 2458 ἐφ’
3556 2383 3602 2454 ᾦ
3639 2382 3735 2444 τὰς

2085 2589 2217 2655 bus,
2251 2587 2368 2643 otio
2400 2586 2815 2658 gaudentibus,
2847 2603 3018 2659 egere
3065 2586 3331 2643 feriando
3371 2603 3550 2659 quam
3581 2591 3743 2642 sata-

2082 2678 2272 2749 gendo
2315 2677 2616 2733 abundare
2667 2676 3047 2732 malentibus.
3099 2675 3280 2747 Cujus
3312 2680 3487 2731 tanta
3520 2674 3746 2731 discre-

2082 2766 2297 2837 pantiae
2311 2765 2359 2821 si
2385 2766 2518 2837 quis
2544 2765 2654 2821 soli
2677 2782 2918 2820 causam
2942 2765 3320 2837 imputaverit
3343 2765 3497 2820 haud
3530 2781 3565 2820 a
3587 2781 3744 2832 vero,

2084 2854 2140 2908 ni
2177 2854 2366 2923 fallor,
2404 2854 2717 2910 aberrabit.
2743 2855 2890 2921 Quia
2910 2854 3064 2909 enim
3089 2854 3220 2924 ejus
3246 2854 3395 2908 radii
3417 2859 3664 2909 Arctoos
3687 2859 3745 2909 et

2079 2946 2288 3016 exiguo
2322 2949 2586 3015 tempore
2620 2949 2676 2998 et
2705 2961 2836 2999 raro
2867 2949 2925 3000 et
2950 2943 3186 3015 oblique
3220 2943 3587 3009 illuminant,
3623 2959 3737 2998 non

2078 3049 2207 3089 eam
2240 3035 2492 3089 cerebris
2524 3033 2798 3088 humanis
2821 3033 3016 3088 vitalis
3038 3033 3248 3088 caloris
3271 3050 3616 3088 mensuram
3652 3034 3736 3086 af-

2077 3123 2191 3178 ﬂan
2204 3129 2241 3188 t,
2257 3140 2380 3193 quae
2395 3123 2466 3178 ad
2481 3122 2875 3194 expediendas
2887 3123 3258 3194 operationes
3274 3121 3585 3188 mentium,
3605 3137 3734 3176 sen-

313 3219 594 3292 qualitate
629 3217 784 3270 inter
814 3231 875 3269 se
907 3215 1163 3269 adversae
1195 3216 1368 3281 atque
1400 3227 1430 3266 e
1461 3210 1750 3265 diametro
1779 3226 1961 3280 oppo-
1993 3254 2034 3319 Ο
2075 3229 2295 3283 susque
2318 3212 2648 3266 communis
2675 3212 3058 3278 acrimoniam
3084 3211 3494 3283 requireretur.
3521 3210 3726 3281 Frigus

309 3311 434 3366 sitze
464 3312 675 3363 arctoae
708 3303 1104 3372 alistrinaaque
1135 3300 1423 3367 nationes,
1450 3298 1786 3354 commissis
1818 3299 1963 3352 invi-

310 3414 436 3454 cem
469 3396 821 3469 penitusque
853 3391 1278 3448 dissidentibus
1323 3406 1437 3458 qua
1487 3404 1800 3459 corporum
1852 3405 1970 3458 qua

312 3488 487 3543 etiam
512 3485 847 3540 animorum
872 3480 1300 3548 affectionibus,
1327 3495 1429 3549 pro
1453 3477 1783 3532 differentia
1807 3477 1935 3532 vide
1956 3507 1968 3518 -

310 3577 448 3632 licet
478 3570 924 3643 temperamenti
979 3586 1045 3625 ac
1100 3566 1256 3635 cceli,
1307 3568 1617 3639 quaeinter
1649 3572 1972 3638 utrumque

311 3669 571 3720 tractum
607 3659 912 3716 intercedit
937 3677 952 3728 ;
975 3659 1146 3729 cujus
1165 3656 1342 3712 etiam
1372 3656 1626 3728 vestigia
1647 3661 1974 3711 cernuntur

311 3755 371 3809 in
397 3751 588 3808 brutis
608 3749 1039 3818 animantibus,
1063 3764 1315 3818 quarum
1336 3747 1446 3802 sub
1462 3747 1971 3818 Septentrionibus

324 3847 471 3897 natae
487 3839 755 3910 alitaeque
773 3855 805 3892 a
823 3835 1053 3907 generis
1077 3837 1342 3906 ejusdem
1361 3837 1574 3908 genitis
1589 3837 1972 3908 educatisque

325 3931 382 3985 in
414 3928 754 4001 regionibus
788 3926 1132 3982 meridianis
1163 3926 1316 3981 haud
1343 3926 1589 3981 modicis
1613 3927 1972 3982 diversitati-

323 4021 433 4074 bus
465 4018 765 4082 differunt,
799 4015 958 4072 color
979 4015 1270 4087 siquidem
1303 4017 1477 4070 etiam
1507 4017 1631 4087 ipse
1661 4032 1972 4086 corporum

318 4109 636 4179 discrepat,
662 4107 721 4161 in
754 4104 1094 4160 Borealibus
1122 4105 1239 4160 fere
1271 4106 1584 4173 candidus,
1608 4105 1665 4158 in
1691 4103 1975 4160 Australi-

317 4199 429 4254 bus
459 4204 602 4252 ater.
634 4197 747 4251 Sed
771 4194 1103 4250 animorum
1129 4195 1187 4249 in
1215 4194 1556 4249 hominibus
1579 4194 1819 4264 majoris
1847 4210 1972 4248 mo-

321 4287 502 4343 menti
524 4285 840 4341 discrimen
865 4288 977 4350 est,
999 4284 1352 4338 stolidorum
1377 4289 1434 4338 et
1452 4283 1543 4338 vix
1568 4283 1792 4339 ratione
1812 4288 1974 4339 uten-

317 4377 469 4432 tium
501 4375 559 4428 in
601 4371 1180 4444 septentrionalibus,
1240 4373 1392 4442 apud
1444 4389 1594 4443 quos
1636 4373 1855 4427 frustra
1884 4389 1972 4428 re-

318 4465 519 4535 quiras
543 4463 760 4533 logicas
783 4461 1126 4533 physicasve
1150 4460 1836 4531 disciplinas,scientiam
1872 4467 1974 4517 aut

322 4551 719 4625 prudentiam,
755 4567 887 4605 cum
923 4566 995 4605 ne
1022 4551 1168 4604 ratio
1202 4551 1443 4621 quidem
1479 4553 1724 4621 parandi
1771 4569 1971 4607 neces—

318 4641 460 4698 sarii
484 4641 668 4696 victus
697 4645 798 4694 aut
827 4638 1230 4695 convenientis
1263 4639 1480 4706 cultus,
1515 4657 1627 4694 non
1653 4645 1827 4709 artes,
1855 4657 1971 4695 non
2007 4626 2050 4691 ἱ)

320 4731 574 4805 Opificia,
605 4747 720 4785 non
745 4733 952 4784 caetera
976 4728 1193 4800 quibus
1220 4727 1488 4784 homines
1513 4746 1546 4784 a
1569 4729 1778 4785 belluis
1800 4730 1970 4786 diffe-

318 4826 478 4890 runt,
525 4819 585 4875 in
619 4819 689 4875 iis
721 4818 1110 4891 reperiantur.
1143 4817 1336 4872 Vividi
1377 4835 1406 4873 e
1438 4819 1730 4875 contrario
1773 4836 1968 4874 acres-

319 4927 450 4982 que,
485 4908 730 4981 projecti
767 4908 837 4962 ad
870 4911 1275 4978 contemptum
1309 4907 1708 4978 periculorum
1740 4908 1967 4979 cupidi-

318 5016 434 5072 que
465 4998 798 5070 praeliorum
832 4995 1101 5052 Boreales
1126 5001 1288 5064 sunt,
1314 5003 1441 5051 tum
1469 4997 1810 5064 irritabilcs,
1837 5002 1891 5052 et
1917 4997 1968 5053 si

317 5089 451 5160 quis
481 5087 826 5154 lacessierit,
861 5087 1113 5142 fanatico
1147 5092 1386 5142 ruentes
1433 5086 1658 5158 impetu
1691 5089 1749 5142 in
1782 5088 1969 5143 cwdes

319 5181 579 5241 mutuas,
624 5176 778 5229 I76
828 5174 1099 5231 martiale
1125 5192 1368 5246 prorsus
1402 5192 1586 5246 genus
1628 5180 1683 5230 et
1730 5181 1970 5231 cruente

318 5281 574 5337 pugnax.
607 5264 865 5328 Quorum
900 5269 1109 5320 cuncta
1140 5265 1200 5318 in
1242 5265 1620 5320 Australibus
1652 5265 1967 5330 contraria,

318 5353 656 5420 solertibus,
691 5353 1039 5416 mansuetis,
1071 5353 1283 5407 eximie
1306 5351 1557 5421 callidis,
1595 5353 1840 5423 politicze
1875 5373 1967 5408 ra-

318 5443 495 5499 tionis
529 5440 838 5508 consultis,
866 5441 1140 5495 industrii
1165 5445 1232 5496 ad
1259 5448 1434 5511 artes,
1463 5443 1767 5498 rationalis
1794 5444 1967 5498 disci-

319 5534 490 5604 plinae
521 5530 860 5603 capacibus,
896 5531 1163 5585 fecundis
1195 5532 1606 5600 consiliorum,
1635 5537 1694 5588 et
1725 5533 1783 5588 in
1811 5533 1972 5588 omni

317 5621 621 5678 occasione
656 5619 796 5692 quid
831 5619 1126 5690 optimum
1158 5619 1313 5674 factu
1337 5620 1414 5674 sit
1443 5627 1742 5678 momento
1765 5622 1972 5678 viden—

316 5712 500 5781 tibus,
534 5709 794 5766 vicissim
827 5709 900 5765 ad
934 5708 1166 5764 labores
1195 5708 1402 5781 pigris,
1427 5712 1499 5766 ad
1524 5727 1754 5783 pugnas
1781 5711 1970 5768 molli-

2077 3318 2247 3375 porro
2261 3302 2422 3357 illius
2437 3301 2565 3357 ccin
2587 3302 2875 3369 naturale,
2899 3301 3110 3357 solaris
3133 3301 3354 3374 teporis
3368 3298 3717 3355 admistione

2075 3391 2349 3460 liberum,
2373 3391 2662 3446 addensat
2686 3391 2971 3460 duratque
2994 3396 3190 3446 cutem
3216 3407 3522 3462 corporum
3539 3431 3552 3455 ,
3576 3405 3726 3443 cras-

2077 3480 2392 3551 sitiemque
2425 3484 2481 3534 et
2511 3480 2870 3535 soliditatem
2893 3480 3436 3536 inducitmembris.
3464 3479 3584 3535 Sub
3607 3495 3732 3534 me—

2076 3568 2304 3624 ridiano
2335 3573 2540 3624 contra
2569 3568 2788 3624 circulo
2809 3574 2912 3624 aut
2942 3570 3001 3623 in
3028 3568 3442 3624 accedentibus
3463 3569 3533 3624 ad
3566 3567 3732 3622 illum

2076 3659 2250 3714 terris
2270 3659 2633 3730 frequentius
2656 3657 2978 3714 imminens
3007 3661 3496 3729 constantiusque
3519 3658 3734 3712 immo-

2079 3766 2216 3803 rnns
2234 3765 2300 3803 ac
2327 3765 2581 3820 superne
2611 3749 2935 3819 incoquens
2966 3749 3234 3819 subjecta
3254 3763 3435 3818 vapor
3462 3746 3727 3802 ardentis

2080 3837 2222 3894 solis
2253 3837 2480 3910 eliquat
2512 3853 2780 3910 corpora,
2813 3842 2870 3892 et
2909 3837 2979 3892 ad
3031 3854 3243 3894 omnen
3291 3842 3559 3892 motuum
3611 3836 3739 3892 ala-

2081 3927 2344 3983 critatem
2380 3928 2806 3997 audaciamque
2837 3927 3228 3983 certaminum
3284 3928 3474 3982 ﬂuxos
3504 3925 3736 3996 langui-

2081 4017 2303 4087 dosque
2335 4023 2500 4071 artus
2531 4016 2730 4071 efﬁcit.
2763 4017 2963 4072 Afficit
2994 4022 3190 4072 autem
3225 4014 3582 4086 alterarique
3608 4016 3736 4069 ani-

2083 4123 2209 4162 mos
2223 4122 2514 4161 consensu
2532 4108 2786 4176 quodam
2801 4105 3737 4177 qualitatibusfettemperamento

2080 4211 2408 4266 corporum,
2445 4194 2734 4250 naturalis
2764 4194 2944 4250 tradit
2988 4193 3153 4264 ratio,
3202 4195 3562 4265 experientia
3591 4211 3735 4249 sane

2081 4285 2467 4356 suffragante.
2503 4282 2604 4339 His
2635 4285 2707 4339 de
2737 4285 2934 4340 causis
2963 4289 3023 4340 et
3068 4284 3209 4339 olim
3241 4283 3539 4355 Ethiopes
3567 4283 3738 4338 valde

2079 4375 2416 4447 gaudebant
2445 4371 2727 4428 afﬂuente
2758 4373 2828 4428 ad
2878 4374 3039 4444 ipsos
3085 4373 3254 4445 copia
3296 4373 3732 4445 mancipiorum

2079 4462 2332 4536 Scythici
2384 4462 2620 4534 generis
2668 4463 2888 4535 quippe
2929 4479 3183 4534 quorum
3250 4479 3426 4534 opera
3471 4479 3606 4518 cum
3660 4463 3736 4516 ad

2078 4569 2251 4608 omne
2272 4551 2634 4608 laboriosum
2658 4552 3056 4607 ministerium
3084 4556 3210 4607 tum
3234 4553 3306 4606 ad
3325 4550 3738 4607 contentiones

2081 4642 2458 4712 impetusque
2490 4640 2823 4712 praeliorum
2859 4642 2918 4696 in
2952 4658 3061 4698 usu
3119 4641 3464 4698 necessariae
3495 4641 3738 4697 tuendis

2082 4733 2300 4786 finibus
2318 4730 2538 4787 militiae
2561 4731 2970 4801 percommode
2992 4735 3328 4798 uterentur;
3363 4747 3514 4801 quos
3537 4729 3735 4786 minus

2081 4822 2300 4876 mirum
2364 4820 2800 4892 imperitatnem
2826 4821 2954 4890 jam
3005 4820 3154 4892 ipsis
3185 4819 3487 4876 hominem
3520 4825 3648 4875 ortu
3682 4825 3742 4876 et

2083 4909 2384 4966 natalibus
2415 4915 2704 4976 exterum,
2736 4925 2873 4964 cum
2922 4909 3182 4981 proprio,
3243 4915 3370 4965 tum
3406 4908 3604 4982 populi
3641 4910 3737 4964 cui

2082 5005 2326 5071 praeerat
2355 4998 2547 5070 genio,
2581 5015 2700 5053 suae
2731 4999 2921 5068 gentis
2951 4998 3313 5055 consortium
3347 4999 3736 5056 consuetudi-

2081 5105 2336 5159 nemque
2383 5089 2703 5157 affectasse,
2759 5087 3004 5143 militari
3065 5088 3290 5158 utique,
3341 5105 3460 5160 qua
3508 5087 3737 5159 egebat,

2081 5195 2259 5233 manu
2291 5193 2404 5232 non
2438 5175 2678 5232 aliunde
2699 5176 2819 5249 ipsi
2849 5195 3027 5248 quam
3061 5194 3126 5232 ex
3162 5183 3362 5248 empta
3383 5183 3737 5247 evocataque

2079 5267 2537 5336 indejuventu'te
2553 5267 2945 5337 suggerenda.
2973 5267 3120 5331 Quia
3153 5283 3287 5322 vero
3309 5267 3552 5340 Scythas
3578 5267 3648 5322 ad
3674 5283 3739 5322 se

2081 5363 2206 5412 tuto
2239 5356 2546 5427 deportare
2577 5355 2693 5411 nisi
2717 5356 2918 5412 missis
2943 5357 3012 5411 ad
3037 5356 3331 5411 Euxinum
3359 5357 3609 5413 navibus
3633 5373 3739 5411 ne-

2081 5445 2307 5516 quibat,
2338 5445 2510 5514 cujus
2542 5445 2723 5500 maris
2757 5445 2951 5500 fauces
2984 5462 3118 5500 cum
3149 5445 3306 5500 haud
3341 5445 3519 5500 dubie
3550 5445 3742 5501 forent

2082 5535 2142 5590 in
2174 5536 2322 5589 177
2362 5538 2650 5606 potestate
2681 5534 3049 5590 imminentis
3095 5534 3216 5589 illis
3245 5535 3738 5606 Constantinopo-

2081 5624 2274 5678 litanze
2305 5624 2584 5694 civitatis,
2640 5623 2808 5680 facile
2854 5625 3090 5681 vibebat
3139 5626 3400 5696 prudens
3450 5623 3740 5681 barbarus

2085 5729 2463 5785 nequaquam
2496 5713 2636 5786 sibi,
2666 5715 2819 5784 quod
2851 5715 3108 5786 optabat,
3139 5713 3306 5772 aliter
3333 5731 3510 5786 quam
3548 5715 3741 5787 gratia
