4112 6422
354 414 462 469 617
1410 424 1507 478 DE
1543 422 1914 479 MICHAELE
1950 421 2576 494 PALEOLOGOJLIB.
2618 426 2719 478 III.
3680 439 3785 492 618

356 536 561 633 ἐκεῖθεν
595 536 1063 633 διαπλοϊςομένας
1091 547 1221 611 νῆας
1280 541 1504 633 ῥᾼᾳδίως.
1559 544 1795 619 Εὐξείνῳ
1842 565 2012 621 προσ·
2047 552 2098 620 Α
2131 544 2341 614 ἄλλως,
2403 547 2477 608 ὡς
2534 547 2622 602 καὶ
2684 550 2838 603 παισὶ
2880 553 3168 620 παίζεσθαι
3225 553 3497 629 ἀγόμενον
3529 557 3588 613 ἐκ
3619 560 3789 633 ῥινὸς,

357 622 611 697 ϐάλλειν,
642 629 732 683 καὶ
763 629 894 693 τοὺς
922 629 973 683 ἐν
1007 630 1195 695 αὐταῖς
1225 630 1413 689 πολλά
1455 633 1703 698 διδόντας
1762 636 2024 711 μείρακας
2123 635 2213 689 καὶ
2268 638 2555 707 πειθήνιον
2591 637 2644 700 ἐς
2698 640 2836 693 ὅπου
2886 635 3069 703 θὲλοις
3130 622 3667 724 ὁομᾷνίποηφάγοί),

358 716 662 793 Σκυθικοὺς
702 716 1015 789 ἐξωνεῖσθαι
1071 721 1161 775 καὶ
1211 722 1347 798 πρὸς
1389 724 1458 778 τὰ
1506 723 1619 779 ἴδια
1648 724 2017 791 ἐπανήκοντας
2123 722 2272 798 ἄρτῳ
2320 725 2409 780 καὶ
2456 730 2620 800 κριθῇ
2648 728 2874 783 κατὰτὸ
2920 726 3196 804 πρόϐατον
3247 716 3660 808 ψωμιζόμενον,
3712 740 3783 794 Τὸ

358 806 560 885 φερειν,
593 807 622 861 '6
659 806 725 877 δὴ
760 807 851 862 καὶ
901 809 1176 874 πολλάκις
1222 815 1439 889 γεγονὸς
1490 810 1758 889 ἔγνωμεν,
1816 813 2014 877 ἐκεῖθεν
2123 810 2169 867 δ’
2220 817 2354 883 ἦθος
2385 816 2700 890 χειρόηθες,
2732 820 2795 872 Ἦ
2858 817 2903 873 δ’
2948 817 3127 893 ἄμυνα
3180 806 3359 896 τούτῳ
3417 806 3556 901 πρὸς
3601 827 3663 881 τὸ
3695 826 3783 883 λυο

358 898 451 969 μὲν
501 901 608 951 τῶν
655 916 1014 973 χαρισματων
1064 902 1201 975 πρὸς
1254 900 1479 977 βασιλέα
1529 899 2014 975 διαπεμπομὲνων,
2119 907 2253 957 ποῦν
2291 905 2388 977 (τῷ
2418 927 2654 979 μεγιστῳ
2703 909 2807 982 γὰρ
2846 906 2995 984 μέρει
3045 911 3135 965 καὶ
3186 918 3347 968 τοῦτο
3401 898 3777 992 φιλοτιμεῖται

356 984 595 1081 ἐντεῦθεν
648 984 692 1042 δ’
744 988 1111 1064 ἀνοιγομένης
1145 990 1292 1068 σφίσι
1343 999 1444 1063 τῆς
1495 994 1630 1067 πρὸς
1662 992 1867 1047 ἐκεῖνον
1921 1012 2015 1045 κε·
2115 998 2233 1056 τοῖς
2285 995 2447 1063 ζώοις
2496 998 2531 1065 ἡ
2587 995 2766 1072 φύσις,
2818 999 2892 1059 ὡς
2939 997 2992 1053 εἷ’
3028 1021 3109 1062 τις
3153 984 3457 1059 ἐπιτίθοιτο
3491 984 3780 1081 προσαμυ-

352 1073 577 1133 λεύθου.
996 1144 1004 1151 _
2115 1085 2340 1156 νεῖσθαι)
2393 1083 2498 1159 οὐχ
2529 1083 2678 1158 ὁπλῇ
2711 1088 2848 1141 κατὰ
2871 1087 2999 1150 τοὺς
3026 1086 3252 1159 ἵππους,
3312 1092 3346 1161 ἢ
3403 1073 3587 1169 κέραίτι
3638 1073 3778 1151 κατὰ

2121 1172 2250 1247 βοῦς
2298 1171 2450 1247 (οὐδὲ
2494 1175 2598 1250 γὰρ
2645 1177 2861 1249 κέρασιν
2912 1175 3203 1248 ἔστεπται),
3266 1180 3363 1236 οὐκ
3419 1180 3601 1238 ὀδόντι
3641 1188 3776 1241 κατά

2111 1260 2238 1324 τοὺς
2270 1264 2532 1339 κάπρους,
2568 1263 2666 1319 οὐκ
2712 1262 2855 1335 ὄνυξι
2903 1268 3039 1321 κατά
3086 1269 3181 1331 τὰς
3232 1268 3426 1344 γαλᾶς,
3485 1273 3674 1344 μόνοις
3716 1272 3772 1329 δὲ

2108 1356 2224 1412 τοῖς
2282 1349 2522 1423 ὁδοῦσιν,
2586 1354 2761 1426 οἶμαι,
2824 1353 2914 1408 διὰ
2972 1353 3265 1429 δηγμάτων
3331 1361 3581 1434 μετρίων,
3643 1363 3768 1417 ὅσον

2110 1440 2198 1493 καὶ
2229 1438 2522 1495 ἀποσοϐεῖν
2551 1442 2614 1495 τὸ
2647 1440 2853 1497 λυποῦν
2912 1444 2988 1515 μὴ
3044 1444 3309 1519 βλάπτον·
3348 1446 3472 1503 οὐδὲ
3519 1450 3620 1526 γάρ
3679 1473 3765 1514 τις

2110 1528 2188 1590 ἰὸς
2219 1535 2337 1591 τοῖς
2368 1528 2581 1585 ὀδοῦσιν
2644 1531 2993 1606 ἐντὲθραπται
3053 1536 3169 1589 κατ’
3227 1535 3404 1590 ἐκεῖνα
3460 1542 3490 1592 ἂ
3549 1538 3614 1609 δὴ
3647 1548 3763 1604 τοῖς

2103 1621 2379 1682 τοιούτοις
2426 1622 2461 1689 ἡ
2518 1621 2674 1695 φύσις
2735 1620 2974 1691 ὁπλίζει.
3034 1628 3208 1679 Τοῦτο
3268 1626 3341 1687 ὡς
3395 1624 3449 1681 εἷ’
3499 1650 3549 1682 τι
3602 1629 3764 1704 τέρας

2103 1708 2300 1773 ἐκεῖθεν
2351 1709 2488 1785 πρὸς
2539 1709 2766 1785 βασιλέα
2817 1709 3164 1786 διακομισθὲν
3217 1714 3449 1787 ἑκάστης
3488 1716 3663 1792 θέαμα
3696 1723 3760 1789 ἦν

2100 1799 2190 1853 καὶ
2217 1800 2395 1877 τρυφή
2421 1805 2539 1862 τοῖς
2574 1802 2743 1874 ὁρῶσι
2773 1798 2843 1855 δι’
2874 1803 3070 1876 ἀγορᾶς
3100 1801 3426 1877 ἑλκόμενον.

336 1902 575 1991 σξξκτοῖὶθ
621 1883 764 1991 θέῖις
814 1885 1068 1991 sufes?“
1112 1886 1251 1991 κοιξά
1296 1887 1720 1991 τάςικαμῖίλίξυς
1769 1885 1819 1957 ἐξ
1863 1886 1993 1991 in!"
2024 1926 2070 1991 Β
2102 1908 2162 1962 ε’.
2194 1909 2387 1971 ’Όπως
2411 1906 2726 1991 αιξξηθέντες
2757 1907 3014 1991 ᾼίθίοπες
3039 1909 3106 1964 τὰ
3134 1910 3269 1965 κατά
3301 1913 3499 1985 Συρίαν
3531 1910 3753 1991 διεπράο

335 1971 497 2034 σθίων
538 1967 832 2046 βουϐώνων
866 1974 919 2037 ἐς
949 1973 1137 2047 ὤμους
1169 1976 1477 2051 ἀνωφερὴς,
1505 1980 1613 2030 τῶν
1644 1975 1990 2051 ἐμπροσθίων
2024 1967 2070 1991 υ
2374 1967 2383 1971 ’
2460 1967 2636 2049 ξᾶὐτο.
2670 1967 2776 2035 Καὶ
2806 1981 2873 2036 τὰ
2902 1967 3037 2037 κατά
3064 1983 3154 2037 τὸν
3188 1967 3394 2058 Νόγανί

332 2058 517 2151 ποδῶν
583 2057 983 2135 ὑπερκειμένων
1034 2063 1319 2140 αὐτάρκως
1367 2070 1477 2120 τῶν
1535 2062 1775 2119 ὄπισθεν·
1834 2066 1989 2140 Τρά-
2177 2070 2255 2136 [Ρ.
2293 2071 2415 2142 119]
2447 2066 2622 2125 Ἀλλά
2650 2074 2815 2124 ταῦτα
2866 2071 2960 2143 μὲν
3008 2076 3087 2143 τῷ
3132 2057 3416 2145 κρατοῦντι
3464 2074 3753 2151 πεπράχα-

334 2148 520 2226 χηλος
549 2153 683 2207 κατὰ
714 2151 974 2227 γεράνους
1031 2152 1119 2208 ἐπὶ
1174 2156 1438 2226 μήκιστον
1479 2154 1853 2227 ἐπιτεινόμενος
1899 2154 1989 2209 καὶ
2098 2178 2183 2211 ται
2218 2156 2440 2228 δοκήσει
2467 2162 2565 2213 τοῦ
2614 2158 2882 2214 συνοίσειν
2929 2166 3047 2223 τοῖς
3095 2163 3409 2238 ἡμετέροις.
3468 2148 3589 2220 Καὶ-
3625 2148 3749 2221 ὅσον

329 2239 383 2303 ἐς
433 2240 680 2319 κεφαλὴν
728 2240 1085 2328 ἀναγόμενος,
1145 2243 1221 2305 ὡς
1252 2242 1537 2319 ἀγέρωχον
1567 2244 1629 2298 τὸ
1664 2249 1799 2313 ζῶον
1832 2243 1986 2319 ἐγκα-
2101 2249 2197 2319 μὲν
2258 2247 2333 2309 εἰς
2393 2246 2617 2321 εἰρήνην
2674 2249 2899 2303 ἀνυστὸν
2954 2250 3019 2318 ἦν
3078 2251 3141 2305 τὸ
3199 2253 3753 2328 πραγματευόμενον,

333 2335 537 2401 θιστᾷν.
592 2327 819 2406 Κεφαλὴ
874 2327 931 2385 δὲ
982 2332 1110 2406 βαιά
1158 2331 1247 2387 καὶ
1301 2330 1683 2406 καμηλοειδής
1736 2337 1815 2405 τῷ
1848 2335 1987 2407 σχή-
2096 2334 2284 2398 ἄλλως
2342 2334 2398 2391 δὲ
2456 2336 2545 2392 καὶ
2614 2337 2666 2401 ἐς
2728 2337 2981 2413 μέγιστον
3039 2327 3421 2412 ἐλυμήναντο⁸
3474 2348 3592 2404 ταῖς
3646 2346 3748 2420 γὰρ

328 2441 478 2493 ματι.
542 2420 744 2475 Λευκὸν
796 2421 896 2489 τήν
955 2420 1192 2489 κοιλίαν,
1248 2421 1339 2475 καὶ
1398 2422 1504 2477 ἀπὸ
1554 2421 1845 2498 τραχήλου
1895 2420 1985 2476 διὰ
2092 2425 2336 2500 συνεχέσι
2413 2424 2799 2499 μετακομίσεσι
2869 2431 2976 2481 τῶν
3060 2430 3311 2503 βορὲαθεν
3383 2433 3751 2505 μειρακίσκων

325 2508 547 2585 ῥάχεως
588 2512 767 2580 πάσης
810 2509 901 2565 καὶ
949 2507 1052 2572 ἕως
1102 2509 1271 2586 οὐρὰς
1322 2510 1543 2587 μετρίας
1575 2512 1844 2586 γραμμὴν
1892 2512 1978 2568 ἐπὶ
2090 2515 2305 2584 πλῆθος
2380 2514 2430 2569 ἐν
2503 2520 2679 2588 καιρῷ
2734 2517 2927 2570 συστὰν
2983 2519 3372 2591 στρατιωτικὸν
3432 2516 3634 2592 ηὔξησὲ
3689 2543 3745 2577 τε

323 2597 568 2673 στάθμην
646 2598 904 2672 μέλαιναν
992 2598 1244 2655 ἰθύντατα
1318 2601 1718 2675 περικείμενον.
1808 2598 1978 2664 Πόδες
2087 2604 2187 2671 τήν
2240 2601 2346 2658 τῶν
2410 2600 2690 2667 Αἰθιόπων
2725 2604 3051 2678 ὁρμὴν,καὶ
3114 2606 3247 2680 ὑπὲρ
3305 2607 3373 2661 τὰ
3428 2605 3745 2682 ἐσκαμμένα

321 2686 515 2745 λεπτοὶ
563 2689 682 2745 κατ’
734 2686 969 2767 ἐλάφους
1026 2688 1116 2745 καὶ
1183 2687 1569 2765 διχηλοῦντες.
1624 2693 1866 2766 ⁸Ἠμερον
1928 2688 1975 2745 δ’
2087 2690 2331 2764 ἐπήδων,
2384 2694 2460 2757 ὡς
2516 2691 2790 2757 πολλάκις
2842 2698 2923 2766 τῷ
2976 2696 3111 2748 κατὰ
3170 2700 3306 2773 σφᾶς
3349 2697 3584 2772 ἀσφαλεῖ
3615 2699 3744 2775 θαρ-

551 1217 612 1275 δ’.
648 1220 782 1297 Περὶ
825 1219 1403 1297 καμηλοπαρδάλεως,
1445 1223 1635 1279 ὁποῖόν
1670 1224 1801 1280 ἐστι.

417 1348 502 1419 [Ρ.
537 1349 661 1420 118]
708 1349 799 1401 Ἐν
848 1344 906 1401 δὲ
947 1354 1064 1410 τοῖς
1104 1349 1435 1424 χαρίσμασιν
1492 1351 1558 1419 ἦν
1618 1350 1707 1404 καὶ
1759 1348 2010 1422 καμηλο·

346 1433 640 1507 πάρδαλις,
701 1440 837 1505 ζῶον
901 1439 1204 1510 θαυμάσιον
1260 1439 1350 1493 καὶ
1410 1440 1705 1510 ἀσύνηθες,
1762 1439 1888 1513 περὶ
1944 1440 2005 1492 οὗ

348 1523 511 1601 ὀλίγα
546 1526 821 1601 βούλομαι
884 1526 1087 1601 λέγειν,
1122 1534 1239 1584 τοῖς
1278 1530 1370 1601 μὲν
1406 1527 1611 1583 ἰδοῦσιν
1671 1529 2002 1602 ὑπόμνησιν,

343 1619 466 1676 τοῖς
518 1612 574 1669 δὲ
627 1614 766 1688 μηδέ
799 1617 1152 1690 θεασαμένοις
1200 1615 1571 1674 διδασκαλίαν.
1624 1623 1797 1691 Σῶμα
1825 1617 2003 1690 τούτῳ

344 1702 568 1777 μέτριον
621 1705 738 1759 κατ’
786 1700 940 1767 ὅνους
989 1705 1083 1769 οὕς
1140 1705 1417 1770 κάνθωνας
1476 1705 1815 1780 ὀνομάζομεν
1875 1704 1998 1779 δέρο

340 1812 415 1865 μα
443 1794 581 1847 κατά
609 1791 930 1867 παρδάλεις,
966 1793 1160 1850 λευκὸν
1189 1796 1280 1850 καὶ
1320 1796 1551 1872 πυῤῥαῖς
1600 1795 1785 1873 φολίσι
1832 1798 1995 1851 κατά-

318 2896 379 2947 et
410 2888 692 2946 beneficio
717 2888 1065 2960 imperantis
1091 2889 1211 2945 illic
1228 2906 1401 2961 posse
1423 2890 1980 2961 contingere.Quare

322 2981 440 3036 isto
464 2986 528 3035 ut
557 2980 783 3052 placato
813 2980 1218 3051 benevoloque
1250 2984 1532 3047 uteretur,
1568 2980 1774 3035 multis
1818 2980 1976 3052 lega~

321 3069 557 3124 tionum
589 3074 645 3125 et
671 3069 985 3126 missorum
1011 3086 1143 3125 cum
1175 3068 1294 3124 illis
1318 3085 1629 3125 munerum
1654 3070 1977 3125 conabatur

320 3157 533 3214 ofﬁciis
566 3159 825 3229 assequi.
861 3160 975 3215 Nec
1006 3160 1159 3215 votis
1188 3158 1422 3218 excidit:
1459 3164 1709 3230 augusto
1757 3159 1975 3231 quippe

319 3247 810 3304 annuentelibere
833 3248 1317 3305 commeabantin
1343 3248 1631 3303 Euxinum
1649 3248 1812 3303 missi
1837 3265 1971 3304 cum
2083 3251 2483 3307 animantibus
2498 3249 3198 3321 naturaquibusinjurias
3216 3251 3735 3322 propulsentarma

320 3354 464 3393 auro
497 3335 685 3393 multo
711 3339 784 3393 ab
814 3338 1148 3411 IEthiOpum
1187 3337 1469 3409 principe,
1504 3338 1601 3409 qui
1626 3338 1971 3410 Scytharum
2082 3357 2199 3396 non
2233 3339 2506 3412 negavit),
2538 3340 2588 3395 si
2619 3339 2788 3409 quid,
2819 3338 3087 3410 inquam,
3110 3338 3393 3394 infestum
3418 3339 3729 3411 ingruerit,

319 3426 897 3483 adolescentulorum
923 3430 1245 3483 maximum
1271 3444 1485 3499 magna
1508 3429 1755 3499 pecunia
1785 3444 1972 3483 coem-
2002 3426 2044 3493 C
2085 3447 2200 3485 non
2234 3430 2290 3484 id
2324 3429 2482 3485 calce
2516 3433 2579 3483 ut
2600 3428 2759 3499 equi,
2792 3445 2906 3483 non
2932 3432 2996 3482 ut
3025 3428 3199 3483 boves
3231 3444 3436 3497 cornu,
3470 3444 3584 3497 quo
3632 3444 3730 3483 ca-

2092 2899 2146 2946 et
2177 2908 2323 2948 naso
2358 2895 2612 2948 tractum
2647 2909 2763 2948 non
2796 2892 3045 2949 invitum
3075 2898 3358 2965 sequatur
3389 2911 3742 2968 quocunque

2090 2982 2348 3037 duxeris.
2381 2983 2568 3037 Herba
2596 2982 2875 3038 vescitur:
2909 2983 3007 3037 sed
3043 2987 3102 3037 et
3133 3000 3343 3053 panem
3366 2988 3424 3038 et
3454 2984 3738 3041 hordeum

2086 3088 2202 3127 non
2235 3070 2435 3127 minus
2465 3088 2643 3143 quam
2676 3088 2811 3127 oves
2844 3071 3094 3127 libenter
3122 3072 3587 3143 gustat.Indoles
3617 3078 3737 3130 tra-

2084 3162 2316 3217 ctabilis
2347 3178 2452 3217 nec
2477 3161 2782 3216 iracunda.
2815 3161 2870 3215 Si
2900 3160 3040 3231 quid
3066 3161 3330 3216 olfendat
3360 3161 3519 3233 (nam
3556 3163 3735 3219 ferme

323 3522 493 3588 ptum
526 3533 842 3573 numerum
874 3517 988 3589 ipsi
1020 3519 1423 3587 perducerent;
1449 3518 1603 3588 quod
1631 3534 1785 3588 saepe
1805 3517 1967 3572 facti-

316 3610 509 3661 tatum
543 3608 836 3677 novimus,
868 3623 938 3661 ex
967 3622 1083 3676 quo
1116 3604 1418 3661 blanditiis
1449 3607 1734 3661 donorum
1759 3607 1967 3662 delini-

317 3701 415 3752 tus
448 3696 770 3768 imperator
799 3711 928 3752 eam
960 3694 1175 3767 aperiri
1205 3700 1263 3750 et
1295 3699 1420 3751 tuto
1449 3695 1804 3767 frequentari
1844 3712 1968 3767 per-

322 3784 489 3841 misit
516 3784 694 3840 viam.

532 3875 583 3929 4.
618 3878 700 3930 De
729 3874 1191 3947 camelopardali,
1223 3874 1384 3946 quate
1413 3871 1629 3928 animal
1656 3872 1749 3929 sit.

389 3964 670 4020 leerum
705 3964 765 4018 in
798 3963 968 4018 donis
1001 3964 1107 4018 hac
1137 3964 1207 4018 de
1237 3980 1416 4019 causa
1450 3963 1649 4018 missis
1705 3963 1965 4019 camelo-

319 4052 585 4125 pardalis
644 4052 754 4108 fuit
809 4052 1028 4108 animal
1086 4069 1287 4107 rarum
1318 4059 1375 4107 et
1424 4052 1715 4120 mirabile,
1747 4054 1818 4107 de
1851 4070 1966 4124 quo

321 4140 597 4213 pluscula
652 4141 749 4197 hic
805 4143 1059 4213 sujicere
1112 4141 1365 4212 decrevi,
1421 4148 1485 4197 ut
1529 4143 1630 4212 qui
1696 4142 1968 4198 viderunt

320 4232 708 4287 recordentur
764 4231 865 4302 qui
922 4246 1038 4286 non
1073 4230 1342 4286 viderunt
1396 4230 1647 4287 discant.
1683 4230 1865 4286 Moles
1912 4232 1964 4286 ei

313 4318 580 4391 corporis
627 4335 744 4375 non
774 4317 1208 4390 magna,qualis
1242 4319 1422 4374 ferme
1455 4334 1805 4390 magnorum
1838 4319 1966 4374 asi-

316 4426 556 4479 norum,
591 4425 737 4480 quos
766 4408 1089 4463 canthones
1120 4425 1416 4463 vocamus.
1462 4408 1617 4464 Pelle
1649 4409 1967 4465 obducitur

312 4497 665 4570 pardalibus
722 4495 925 4565 simili,
976 4496 1174 4550 rubris
1220 4496 1279 4550 in
1340 4495 1472 4551 albo
1518 4496 1773 4568 sparsim
1806 4513 1967 4552 com-

308 4591 537 4659 puncta
589 4585 864 4656 maculis,
912 4584 1344 4655 magnitudinis
1373 4601 1439 4640 ac
1471 4586 1672 4657 ﬁgurae
1722 4602 1963 4657 squam-

312 4691 571 4732 marum.
611 4677 816 4731 Forma
842 4674 1104 4746 corporis
1134 4673 1387 4728 camelos
1418 4673 1708 4744 imitatur,
1741 4692 1775 4730 a
1802 4680 1965 4747 tergo

308 4770 372 4821 et
406 4765 623 4822 femore
651 4767 720 4819 ad
755 4780 956 4821 armos
986 4779 1222 4819 sursum
1257 4763 1548 4827 eminens,
1574 4764 1967 4821 anterioribus

308 4855 588 4912 cruribus
620 4854 995 4926 longitudine
1024 4869 1139 4908 non
1174 4852 1404 4908 modice
1425 4853 1845 4923 superantibus
1868 4871 1968 4926 po.

306 4943 815 5003 steriora.Collum
834 4947 899 4999 ut
914 4943 972 4998 in
997 4942 1243 5014 gruibus
1262 4941 1608 5013 longissime
1625 4946 1965 5014 protensum

308 5034 430 5089 alte
461 5033 521 5089 in
552 5032 830 5089 verticem
862 5031 1124 5101 assurgit
1163 5030 1465 5087 fastidiose
1509 5031 1967 5103 circumquaque

310 5125 755 5196 despectantem
774 5123 1029 5193 quodam
1045 5121 1210 5192 quasi
1226 5121 1542 5194 supercilio
1557 5121 1751 5175 ferinae
1766 5137 1967 5193 super-

309 5213 439 5269 biae.
499 5214 690 5285 Caput
720 5213 997 5285 exiguum
1030 5229 1063 5267 a
1095 5210 1339 5268 camelis
1372 5212 1563 5283 figura
1598 5230 1714 5267 non
1744 5212 1965 5267 discre-

308 5320 477 5376 pans.
542 5303 759 5358 Venter
815 5302 1007 5371 albus,
1068 5318 1102 5357 a
1150 5302 1340 5373 capite
1403 5318 1504 5373 per
1534 5302 1694 5357 dorsi
1728 5301 1961 5374 spinam

310 5412 507 5467 usque
565 5395 637 5451 ad
694 5394 968 5460 caudam,
1029 5409 1156 5463 quae
1189 5392 1422 5448 modica
1447 5397 1557 5461 est,
1609 5392 1766 5449 linea
1796 5394 1965 5466 nigra

307 5485 474 5541 velut
501 5486 570 5541 ad
605 5500 873 5539 normam
902 5481 1219 5537 rectissime
1251 5483 1537 5555 producta
1567 5482 1965 5554 signatur.Pe-

302 5575 410 5630 des
444 5577 649 5630 tenues
680 5572 741 5627 in
767 5569 1219 5627 similitudinem
1243 5572 1963 5640 cervinorum,ﬁssisi78

295 5668 357 5721 et
384 5663 511 5736 ipsi
540 5661 805 5735 ungulis.
842 5660 1045 5732 Ipsum
1080 5660 1304 5733 alioqui
1338 5661 1558 5717 animal
1584 5668 1963 5720 mansuetum

287 5770 359 5812 ac
417 5754 616 5825 oicur,
679 5756 747 5809 ut
796 5751 979 5809 etiam
1039 5749 1368 5809 ludendum
1401 5753 1687 5825 sepueris
1709 5756 1967 5826 praebeat

630 5873 892 5934 ΡΑτιιοι..
939 5869 1051 5932 Gn.
1096 5870 1353 5934 CXLIII.

2076 3525 2307 3587 ret,non
2336 3519 2508 3575 dente
2539 3517 2927 3589 sanguinario
2967 3524 3020 3572 et
3052 3516 3324 3585 terribili,
3348 3520 3411 3571 ut
3444 3516 3723 3588 apri,non

2074 3608 2374 3679 unguibus
2405 3612 2469 3661 ut
2497 3606 2787 3676 feles,sed
2820 3605 2981 3672 solis,
3017 3610 3183 3676 puto,
3216 3622 3332 3659 non
3365 3604 3553 3659 acutis
3583 3605 3725 3659 den-

2072 3696 2232 3752 tibus
2282 3695 2589 3751 ulciscitur
2621 3712 2723 3767 per
2752 3711 2989 3751 morsus
3012 3712 3128 3751 non
3160 3694 3558 3762 rabiosos,sed
3596 3710 3724 3749 mo-

2072 3788 2327 3853 deratos,
2355 3784 2736 3856 utintelligas
2767 3784 2922 3841 nolle
2952 3785 3149 3856 ipsum
3182 3784 3311 3840 aliis
3345 3784 3722 3848 nocere,satis

2072 3874 2293 3930 habens
2307 3877 2377 3930 ab
2402 3890 2529 3930 sese
2554 3875 3089 3946 quomodocunque
3110 3874 3457 3945 propulsare
3481 3889 3719 3927 noxam.

2070 3963 2271 4034 Neque
2299 3963 2387 4019 vis
2401 3962 2523 4018 ulla
2545 3963 2754 4019 veneni
2799 3962 3076 4018 dentibus
3101 3963 3305 4017 subest
3325 3963 3382 4017 in
3406 3962 3725 4034 perniciem

2071 4055 2276 4110 dentes
2334 4058 2547 4109 natura
2600 4069 2702 4124 pro
2763 4054 2945 4109 armis
3004 4052 3187 4108 dedit.
3223 4053 3366 4108 Talo
3402 4052 3724 4123 peregrinae

2071 4144 2273 4200 formae
2309 4142 2530 4199 animal
2545 4159 2614 4198 ex
2629 4141 2919 4213 Ethiopia
2933 4142 3003 4197 ad
3029 4141 3444 4213 imperatorem
3470 4141 3724 4197 missum

2071 4233 2472 4304 spectaculum
2504 4231 2605 4287 diu
2624 4231 3036 4302 quotidianum
3067 4230 3477 4301 etjucundum
3503 4229 3724 4301 Byzan-

2069 4321 2211 4378 tinis
2242 4321 2514 4394 praebuit,
2546 4336 2649 4393 per
2681 4322 2809 4376 fora
2830 4323 2888 4376 et
2923 4319 3150 4392 plateas
3185 4320 3455 4377 ductum.

2069 4484 2125 4539 5.
2165 4484 2227 4540 Ut
2255 4483 2406 4539 aucti
2433 4482 2646 4539 viribus
2687 4480 2968 4611 ιῈὲὴᾶορῆδ
3001 4481 3062 4536 in
3088 4481 3259 4554 Syria
3298 4496 3412 4537 rem
3441 4480 3728 4551 gesserint,

2725 4570 2753 4609 θ
2846 4571 2873 4607 εξ
2956 4569 3074 4611 οσα.

2725 4569 2776 4609 et
2807 4569 2873 4608 ue
2903 4569 3074 4625 (vaga.

2150 4684 2286 4748 Quae
2320 4681 2644 4752 imperator
2665 4678 3001 4735 ostentabat
3020 4695 3085 4734 eo
3108 4676 3449 4747 consilio,ut
3476 4676 3733 4749 populus

2000 4808 2045 4873 Β
2079 4770 2405 4827 delectatus
2456 4770 2651 4825 fructu
2685 4769 2798 4825 isto
2829 4768 3136 4840 longinqui
3162 4766 3500 4823 commercii
3527 4782 3731 4837 pacem

2078 4866 2136 4916 et
2166 4861 2503 4915 societatem
2536 4859 2745 4914 initam
2768 4874 2902 4913 cum
2926 4857 3193 4928 Ethiope
3216 4860 3281 4910 ut
3302 4856 3520 4911 nostris
3551 4858 3730 4911 rebus

2079 4949 2283 5006 utilem
2337 4949 2632 5020 probaret.
2681 4948 2750 5002 Et
2800 4947 3013 5002 eratin
3046 4963 3115 5001 ea
3171 4945 3317 5001 forte
3361 4943 3732 5000 conducibile

2077 5039 2381 5110 quidpiam
2417 5038 2465 5093 si
2499 5037 2635 5109 quis
2685 5037 2744 5091 in
2778 5035 3086 5108 praesentis
3117 5051 3230 5090 usu
3281 5033 3733 5106 tranquillitatis

2077 5128 2483 5199 acquiesceret
2515 5144 2529 5182 ε
2593 5126 2695 5181 sed
2733 5126 2833 5197 qui
2876 5125 3045 5195 longe
3075 5124 3410 5180 consuleret
3440 5123 3498 5177 in
3535 5128 3733 5194 poste-

2079 5234 2524 5289 rum,magnam
2554 5232 2802 5272 summae
2833 5231 3031 5271 rerum
3063 5219 3120 5270 et
3150 5213 3377 5270 nomini
3400 5212 3734 5269 Christiano

2077 5308 2270 5380 parari
2307 5306 2625 5379 perniciem
2659 5306 2771 5360 ista
2801 5306 2859 5360 in
2885 5305 3168 5361 barbaros
3198 5302 3569 5375 indulgentia
3598 5320 3732 5357 sen-

2077 5399 2229 5453 tiret.
2249 5395 2625 5468 Experientia
2642 5398 2797 5450 certe
2820 5394 3021 5450 docuit
3040 5397 3242 5450 auctos
3256 5394 3737 5448 etcorroboratos

2077 5486 2384 5557 [Ethiopas
2410 5484 2523 5540 isto
2547 5484 2731 5539 libere
2753 5499 3033 5540 concesso
3059 5488 3388 5540 commeatu
3415 5496 3735 5554 puerorum

2076 5593 2106 5632 e
2134 5574 2479 5632 borealibus
2508 5573 2821 5642 tractibus,
2857 5572 2958 5645 qui
2991 5572 3201 5629 deinde
3232 5571 3292 5627 in
3324 5570 3468 5627 coelo
3513 5568 3732 5628 mitiori

2077 5666 2357 5722 afﬂuente
2370 5663 2557 5719 victus
2571 5662 2738 5735 copia
2755 5663 2814 5721 in
2831 5678 2994 5719 acres
3007 5661 3322 5719 bellatores
3336 5659 3740 5716 adolescerent

2078 5753 2484 5812 formidabiles
2515 5752 2800 5824 evasisse,
2825 5752 3179 5825 conscriptis
3209 5748 3560 5808 exercitibus
3591 5745 3739 5803 invi-

3335 5868 3417 5928 2O
