  <div class='ocr_page' id='page_1' title='image "/cluster/home/n/w/nwhite01/storage/ocr_20150623/143:no.1/coo.31924054870484/317.png"; bbox 0 0 4112 6442; ppageno 0'>
   <div class='ocr_carea' id='block_1_1' title="bbox 330 442 435 498">
    <p class='ocr_par' dir='ltr' id='par_1_1' title="bbox 330 442 435 498">
     <span class='ocr_line' id='line_1_1' title="bbox 330 442 435 498; baseline -0.01 0"><span class='ocrx_word' id='word_1_1' title='bbox 330 442 435 498; x_wconf 86' lang='grc'>619</span> 
     </span>
    </p>
   </div>
   <div class='ocr_carea' id='block_1_2' title="bbox 1640 432 2445 490">
    <p class='ocr_par' dir='ltr' id='par_1_2' title="bbox 1640 432 2445 490">
     <span class='ocr_line' id='line_1_2' title="bbox 1640 432 2445 490; baseline -0.002 -3"><span class='ocrx_word' id='word_1_2' title='bbox 1640 432 1943 490; x_wconf 79' lang='lat' dir='ltr'>GEORGII</span> <span class='ocrx_word' id='word_1_3' title='bbox 1981 432 2445 487; x_wconf 74' lang='lat' dir='ltr'>PACHYMERE</span> 
     </span>
    </p>
   </div>
   <div class='ocr_carea' id='block_1_3' title="bbox 3648 427 3755 481">
    <p class='ocr_par' dir='ltr' id='par_1_3' title="bbox 3648 427 3755 481">
     <span class='ocr_line' id='line_1_3' title="bbox 3648 427 3755 481; baseline 0.019 -2"><span class='ocrx_word' id='word_1_4' title='bbox 3648 427 3755 481; x_wconf 81' lang='lat'>620</span> 
     </span>
    </p>
   </div>
   <div class='ocr_carea' id='block_1_4' title="bbox 335 547 3751 644">
    <p class='ocr_par' dir='ltr' id='par_1_4' title="bbox 335 547 3751 644">
     <span class='ocr_line' id='line_1_4' title="bbox 335 547 3751 644; baseline -0.005 -22"><span class='ocrx_word' id='word_1_5' title='bbox 335 569 558 644; x_wconf 77' lang='grc' dir='ltr'>ῥοῦντας</span> <span class='ocrx_word' id='word_1_6' title='bbox 638 562 965 640; x_wconf 78' lang='grc' dir='ltr'>ὑπερορίους</span> <span class='ocrx_word' id='word_1_7' title='bbox 1039 559 1282 637; x_wconf 68' lang='grc' dir='ltr'>ἐκφέρειν</span> <span class='ocrx_word' id='word_1_8' title='bbox 1358 555 1638 628; x_wconf 66' lang='grc' dir='ltr'>πολέμους</span> <span class='ocrx_word' id='word_1_9' title='bbox 1708 554 1798 608; x_wconf 78' lang='grc' dir='ltr'>καὶ</span> <span class='ocrx_word' id='word_1_10' title='bbox 1850 551 1983 607; x_wconf 84' lang='grc' dir='ltr'>κατᾶ</span> <span class='ocrx_word' id='word_1_11' title='bbox 2010 553 2067 619; x_wconf 80' lang='grc' dir='ltr'><strong>Α</strong></span> <span class='ocrx_word' id='word_1_12' title='bbox 2096 555 2394 624; x_wconf 78' lang='grc' dir='ltr'>πεσόντων,</span> <span class='ocrx_word' id='word_1_13' title='bbox 2425 557 2532 606; x_wconf 89' lang='grc' dir='ltr'>τῶν</span> <span class='ocrx_word' id='word_1_14' title='bbox 2570 554 2665 623; x_wconf 73' lang='grc' dir='ltr'>μὲν</span> <span class='ocrx_word' id='word_1_15' title='bbox 2697 550 2948 623; x_wconf 69' lang='grc' dir='ltr'>πολέμου</span> <span class='ocrx_word' id='word_1_16' title='bbox 2978 551 3158 622; x_wconf 83' lang='grc' dir='ltr'>νόμῳ,</span> <span class='ocrx_word' id='word_1_17' title='bbox 3190 554 3298 604; x_wconf 91' lang='grc' dir='ltr'>τῶν</span> <span class='ocrx_word' id='word_1_18' title='bbox 3333 547 3391 604; x_wconf 76' lang='grc' dir='ltr'>δὲ</span> <span class='ocrx_word' id='word_1_19' title='bbox 3437 549 3526 604; x_wconf 81' lang='grc' dir='ltr'>καὶ</span> <span class='ocrx_word' id='word_1_20' title='bbox 3560 548 3751 614; x_wconf 83' lang='grc' dir='ltr'>ἄλλως</span> 
     </span>
    </p>
   </div>
   <div class='ocr_carea' id='block_1_5' title="bbox 329 642 1984 731">
    <p class='ocr_par' dir='ltr' id='par_1_5' title="bbox 329 642 1984 731">
     <span class='ocr_line' id='line_1_5' title="bbox 329 642 1984 731; baseline -0.009 -21"><span class='ocrx_word' id='word_1_21' title='bbox 329 642 667 731; x_wconf 79' lang='grc' dir='ltr'>Χριστιανῶν</span> <span class='ocrx_word' id='word_1_22' title='bbox 703 651 1067 729; x_wconf 79' lang='grc' dir='ltr'>ἀνδρίζεσθαι.</span> <span class='ocrx_word' id='word_1_23' title='bbox 1122 652 1238 701; x_wconf 89' lang='grc' dir='ltr'>Τῶν</span> <span class='ocrx_word' id='word_1_24' title='bbox 1287 646 1389 721; x_wconf 69' lang='grc' dir='ltr'>γὰρ</span> <span class='ocrx_word' id='word_1_25' title='bbox 1450 642 1673 701; x_wconf 78' lang='grc' dir='ltr'>Ἰταλῶν</span> <span class='ocrx_word' id='word_1_26' title='bbox 1727 645 1829 712; x_wconf 74' lang='grc' dir='ltr'>τήν</span> <span class='ocrx_word' id='word_1_27' title='bbox 1885 646 1984 707; x_wconf 75' lang='grc' dir='ltr'>τῆς</span> 
     </span>
    </p>
   </div>
   <div class='ocr_carea' id='block_1_6' title="bbox 333 731 1988 821">
    <p class='ocr_par' dir='ltr' id='par_1_6' title="bbox 333 731 1988 821">
     <span class='ocr_line' id='line_1_6' title="bbox 333 731 1988 821; baseline -0.01 -20"><span class='ocrx_word' id='word_1_28' title='bbox 333 747 535 821; x_wconf 87' lang='grc' dir='ltr'>Συρίας</span> <span class='ocrx_word' id='word_1_29' title='bbox 598 744 811 811; x_wconf 83' lang='grc' dir='ltr'>ἀπάσης</span> <span class='ocrx_word' id='word_1_30' title='bbox 872 738 1146 814; x_wconf 74' lang='grc' dir='ltr'>παραλίαν</span> <span class='ocrx_word' id='word_1_31' title='bbox 1189 734 1532 810; x_wconf 79' lang='grc' dir='ltr'>κατεχόντων</span> <span class='ocrx_word' id='word_1_32' title='bbox 1591 733 1679 787; x_wconf 78' lang='grc' dir='ltr'>καὶ</span> <span class='ocrx_word' id='word_1_33' title='bbox 1727 731 1988 801; x_wconf 72' lang='grc' dir='ltr'>Φοινίκης</span> 
     </span>
    </p>
   </div>
   <div class='ocr_carea' id='block_1_7' title="bbox 332 821 1985 911">
    <p class='ocr_par' dir='ltr' id='par_1_7' title="bbox 332 821 1985 911">
     <span class='ocr_line' id='line_1_7' title="bbox 332 821 1985 911; baseline -0.01 -21"><span class='ocrx_word' id='word_1_34' title='bbox 332 835 616 911; x_wconf 83' lang='grc' dir='ltr'>ἀρχόντων</span> <span class='ocrx_word' id='word_1_35' title='bbox 666 834 755 887; x_wconf 80' lang='grc' dir='ltr'>καὶ</span> <span class='ocrx_word' id='word_1_36' title='bbox 794 830 960 898; x_wconf 78' lang='grc' dir='ltr'>αὐτῆς</span> <span class='ocrx_word' id='word_1_37' title='bbox 996 826 1335 899; x_wconf 72' lang='grc' dir='ltr'>Ἀντιοχείας</span> <span class='ocrx_word' id='word_1_38' title='bbox 1381 825 1442 877; x_wconf 81' lang='grc' dir='ltr'>τὸ</span> <span class='ocrx_word' id='word_1_39' title='bbox 1492 823 1688 897; x_wconf 85' lang='grc' dir='ltr'>κράτος</span> <span class='ocrx_word' id='word_1_40' title='bbox 1722 821 1985 896; x_wconf 86' lang='grc' dir='ltr'>ἐχόντων,</span> 
     </span>
    </p>
   </div>
   <div class='ocr_carea' id='block_1_8' title="bbox 334 911 1984 999">
    <p class='ocr_par' dir='ltr' id='par_1_8' title="bbox 334 911 1984 999">
     <span class='ocr_line' id='line_1_8' title="bbox 334 911 1984 999; baseline -0.01 -20"><span class='ocrx_word' id='word_1_41' title='bbox 334 919 882 999; x_wconf 73' lang='grc' dir='ltr'>διαμφισϐητούντων</span> <span class='ocrx_word' id='word_1_42' title='bbox 940 918 982 973; x_wconf 87' lang='grc' dir='ltr'>δ’</span> <span class='ocrx_word' id='word_1_43' title='bbox 1046 919 1096 989; x_wconf 77' lang='grc' dir='ltr'>ἐξ</span> <span class='ocrx_word' id='word_1_44' title='bbox 1158 917 1451 991; x_wconf 68' lang='grc' dir='ltr'>ὑπερτέρας</span> <span class='ocrx_word' id='word_1_45' title='bbox 1511 913 1700 987; x_wconf 76' lang='grc' dir='ltr'>ἰσχύος</span> <span class='ocrx_word' id='word_1_46' title='bbox 1738 911 1828 966; x_wconf 73' lang='grc' dir='ltr'>καὶ</span> <span class='ocrx_word' id='word_1_47' title='bbox 1877 915 1984 965; x_wconf 88' lang='grc' dir='ltr'>τῶν</span> 
     </span>
    </p>
   </div>
   <div class='ocr_carea' id='block_1_9' title="bbox 333 1000 1987 1085">
    <p class='ocr_par' dir='ltr' id='par_1_9' title="bbox 333 1000 1987 1085">
     <span class='ocr_line' id='line_1_9' title="bbox 333 1000 1987 1085; baseline 0.011 -15"><span class='ocrx_word' id='word_1_48' title='bbox 333 1024 434 1085; x_wconf 74' lang='grc' dir='ltr'>τῆς</span> <span class='ocrx_word' id='word_1_49' title='bbox 494 1012 857 1080; x_wconf 75' lang='grc' dir='ltr'>Παλαιστίνης</span> <span class='ocrx_word' id='word_1_50' title='bbox 914 1009 1096 1064; x_wconf 86' lang='grc' dir='ltr'>τόπων</span> <span class='ocrx_word' id='word_1_51' title='bbox 1158 1008 1231 1070; x_wconf 84' lang='grc' dir='ltr'>ὡς</span> <span class='ocrx_word' id='word_1_52' title='bbox 1285 1005 1575 1079; x_wconf 75' lang='grc' dir='ltr'>ἁγιότητος</span> <span class='ocrx_word' id='word_1_53' title='bbox 1622 1000 1775 1074; x_wconf 59' lang='grc' dir='ltr'>δόξαν</span> <span class='ocrx_word' id='word_1_54' title='bbox 1828 1000 1987 1075; x_wconf 38' lang='lat' dir='ltr'>Eii-6&quot;-</span> 
     </span>
    </p>
   </div>
   <div class='ocr_carea' id='block_1_10' title="bbox 333 1093 1990 1174">
    <p class='ocr_par' dir='ltr' id='par_1_10' title="bbox 333 1093 1990 1174">
     <span class='ocr_line' id='line_1_10' title="bbox 333 1093 1990 1174; baseline -0.01 -18"><span class='ocrx_word' id='word_1_55' title='bbox 333 1125 466 1174; x_wconf 87' lang='grc' dir='ltr'>των,</span> <span class='ocrx_word' id='word_1_56' title='bbox 506 1100 595 1155; x_wconf 76' lang='grc' dir='ltr'>καὶ</span> <span class='ocrx_word' id='word_1_57' title='bbox 652 1099 802 1172; x_wconf 71' lang='grc' dir='ltr'>μάλα</span> <span class='ocrx_word' id='word_1_58' title='bbox 832 1097 1057 1158; x_wconf 82' lang='grc' dir='ltr'>εἰκότως</span> <span class='ocrx_word' id='word_1_59' title='bbox 1119 1093 1209 1149; x_wconf 82' lang='grc' dir='ltr'>διὰ</span> <span class='ocrx_word' id='word_1_60' title='bbox 1237 1095 1329 1155; x_wconf 70' lang='grc' dir='ltr'>τὰς</span> <span class='ocrx_word' id='word_1_61' title='bbox 1363 1093 1535 1147; x_wconf 80' lang='grc' dir='ltr'>ἐκεῖσε</span> <span class='ocrx_word' id='word_1_62' title='bbox 1581 1094 1677 1144; x_wconf 79' lang='grc' dir='ltr'><strong>τοῦ</strong></span> <span class='ocrx_word' id='word_1_63' title='bbox 1730 1096 1990 1162; x_wconf 74' lang='grc' dir='ltr'>Σωτῆρος</span> 
     </span>
    </p>
   </div>
   <div class='ocr_carea' id='block_1_11' title="bbox 338 1176 1989 1267">
    <p class='ocr_par' dir='ltr' id='par_1_11' title="bbox 338 1176 1989 1267">
     <span class='ocr_line' id='line_1_11' title="bbox 338 1176 1989 1267; baseline -0.009 -22"><span class='ocrx_word' id='word_1_64' title='bbox 338 1185 615 1267; x_wconf 73' lang='grc' dir='ltr'>διατριϐὰς</span> <span class='ocrx_word' id='word_1_65' title='bbox 672 1188 762 1242; x_wconf 86' lang='grc' dir='ltr'>καὶ</span> <span class='ocrx_word' id='word_1_66' title='bbox 817 1188 886 1241; x_wconf 73' lang='grc' dir='ltr'>τὰ</span> <span class='ocrx_word' id='word_1_67' title='bbox 940 1194 1040 1255; x_wconf 80' lang='grc' dir='ltr'>τῆς</span> <span class='ocrx_word' id='word_1_68' title='bbox 1093 1183 1416 1254; x_wconf 81' lang='grc' dir='ltr'>οἰκονομίας</span> <span class='ocrx_word' id='word_1_69' title='bbox 1464 1179 1771 1255; x_wconf 76' lang='grc' dir='ltr'>τεραστικὰ,</span> <span class='ocrx_word' id='word_1_70' title='bbox 1834 1176 1989 1231; x_wconf 80' lang='grc' dir='ltr'>αὐτοί</span> 
     </span>
    </p>
   </div>
   <div class='ocr_carea' id='block_1_12' title="bbox 336 1264 1990 1356">
    <p class='ocr_par' dir='ltr' id='par_1_12' title="bbox 336 1264 1990 1356">
     <span class='ocr_line' id='line_1_12' title="bbox 336 1264 1990 1356; baseline -0.009 -22"><span class='ocrx_word' id='word_1_71' title='bbox 336 1302 399 1356; x_wconf 89' lang='grc' dir='ltr'>γε</span> <span class='ocrx_word' id='word_1_72' title='bbox 452 1280 812 1355; x_wconf 75' lang='grc' dir='ltr'>θαρσήσαντες</span> <span class='ocrx_word' id='word_1_73' title='bbox 857 1282 976 1337; x_wconf 84' lang='grc' dir='ltr'>ταῖς</span> <span class='ocrx_word' id='word_1_74' title='bbox 1026 1275 1085 1329; x_wconf 82' lang='grc' dir='ltr'>ἐκ</span> <span class='ocrx_word' id='word_1_75' title='bbox 1130 1279 1237 1328; x_wconf 91' lang='grc' dir='ltr'>τῶν</span> <span class='ocrx_word' id='word_1_76' title='bbox 1302 1274 1520 1325; x_wconf 79' lang='grc' dir='ltr'>Σκυθῶν</span> <span class='ocrx_word' id='word_1_77' title='bbox 1581 1266 1865 1329; x_wconf 68' lang='grc' dir='ltr'>συστάσαις</span> <span class='ocrx_word' id='word_1_78' title='bbox 1898 1264 1990 1320; x_wconf 86' lang='grc' dir='ltr'>δυ-</span> 
     </span>
    </p>
   </div>
   <div class='ocr_carea' id='block_1_13' title="bbox 335 1358 1989 1442">
    <p class='ocr_par' dir='ltr' id='par_1_13' title="bbox 335 1358 1989 1442">
     <span class='ocr_line' id='line_1_13' title="bbox 335 1358 1989 1442; baseline -0.011 -17"><span class='ocrx_word' id='word_1_79' title='bbox 335 1372 581 1442; x_wconf 88' lang='grc' dir='ltr'>νάμεσιν,</span> <span class='ocrx_word' id='word_1_80' title='bbox 628 1365 931 1439; x_wconf 77' lang='grc' dir='ltr'>ἐξελθόντες</span> <span class='ocrx_word' id='word_1_81' title='bbox 985 1368 1156 1419; x_wconf 79' lang='grc' dir='ltr'>πᾶσαν</span> <span class='ocrx_word' id='word_1_82' title='bbox 1207 1362 1419 1429; x_wconf 79' lang='grc' dir='ltr'>ἐκείνην</span> <span class='ocrx_word' id='word_1_83' title='bbox 1470 1360 1569 1427; x_wconf 72' lang='grc' dir='ltr'>τὴν</span> <span class='ocrx_word' id='word_1_84' title='bbox 1628 1364 1729 1432; x_wconf 83' lang='grc' dir='ltr'>γῆν</span> <span class='ocrx_word' id='word_1_85' title='bbox 1787 1358 1989 1412; x_wconf 88' lang='grc' dir='ltr'>Μυσῶν</span> 
     </span>
    </p>
   </div>
   <div class='ocr_carea' id='block_1_14' title="bbox 334 1445 1989 1532">
    <p class='ocr_par' dir='ltr' id='par_1_14' title="bbox 334 1445 1989 1532">
     <span class='ocr_line' id='line_1_14' title="bbox 334 1445 1989 1532; baseline -0.01 -18"><span class='ocrx_word' id='word_1_86' title='bbox 334 1460 397 1513; x_wconf 87' lang='grc' dir='ltr'>τὸ</span> <span class='ocrx_word' id='word_1_87' title='bbox 454 1458 757 1532; x_wconf 87' lang='grc' dir='ltr'>λεγόμενον</span> <span class='ocrx_word' id='word_1_88' title='bbox 815 1454 964 1509; x_wconf 84' lang='grc' dir='ltr'>λείαν</span> <span class='ocrx_word' id='word_1_89' title='bbox 1027 1452 1263 1520; x_wconf 82' lang='grc' dir='ltr'>ἐποίουν,</span> <span class='ocrx_word' id='word_1_90' title='bbox 1322 1448 1424 1511; x_wconf 77' lang='grc' dir='ltr'>ἓως</span> <span class='ocrx_word' id='word_1_91' title='bbox 1483 1449 1574 1502; x_wconf 81' lang='grc' dir='ltr'>οὗν</span> <span class='ocrx_word' id='word_1_92' title='bbox 1630 1447 1745 1501; x_wconf 88' lang='grc' dir='ltr'>κατ’</span> <span class='ocrx_word' id='word_1_93' title='bbox 1804 1445 1989 1520; x_wconf 78' lang='grc' dir='ltr'>ὀλίγον</span> 
     </span>
    </p>
   </div>
   <div class='ocr_carea' id='block_1_15' title="bbox 340 1532 1992 1620">
    <p class='ocr_par' dir='ltr' id='par_1_15' title="bbox 340 1532 1992 1620">
     <span class='ocr_line' id='line_1_15' title="bbox 340 1532 1992 1620; baseline -0.009 -18"><span class='ocrx_word' id='word_1_94' title='bbox 340 1545 482 1620; x_wconf 74' lang='grc' dir='ltr'>(οὐδὲ</span> <span class='ocrx_word' id='word_1_95' title='bbox 529 1548 633 1620; x_wconf 75' lang='grc' dir='ltr'>γὰρ</span> <span class='ocrx_word' id='word_1_96' title='bbox 693 1544 756 1610; x_wconf 74' lang='grc' dir='ltr'>ἦν</span> <span class='ocrx_word' id='word_1_97' title='bbox 812 1548 928 1605; x_wconf 85' lang='grc' dir='ltr'>τοῖς</span> <span class='ocrx_word' id='word_1_98' title='bbox 990 1540 1227 1602; x_wconf 79' lang='grc' dir='ltr'>Ἰταλοῖς</span> <span class='ocrx_word' id='word_1_99' title='bbox 1282 1540 1416 1615; x_wconf 90' lang='grc' dir='ltr'>πρὸς</span> <span class='ocrx_word' id='word_1_100' title='bbox 1450 1536 1643 1598; x_wconf 68' lang='grc' dir='ltr'>αὐτοὺς</span> <span class='ocrx_word' id='word_1_101' title='bbox 1678 1532 1992 1597; x_wconf 67' lang='grc' dir='ltr'>σπένδεσθαι</span> 
     </span>
    </p>
   </div>
   <div class='ocr_carea' id='block_1_16' title="bbox 338 1626 1993 1711">
    <p class='ocr_par' dir='ltr' id='par_1_16' title="bbox 338 1626 1993 1711">
     <span class='ocr_line' id='line_1_16' title="bbox 338 1626 1993 1711; baseline -0.015 -10"><span class='ocrx_word' id='word_1_102' title='bbox 338 1635 571 1711; x_wconf 76' lang='grc' dir='ltr'>ἐχθρούς</span> <span class='ocrx_word' id='word_1_103' title='bbox 597 1656 657 1710; x_wconf 80' lang='grc' dir='ltr'>γε</span> <span class='ocrx_word' id='word_1_104' title='bbox 697 1630 855 1694; x_wconf 73' lang='grc' dir='ltr'>ὄντας</span> <span class='ocrx_word' id='word_1_105' title='bbox 905 1631 994 1686; x_wconf 84' lang='grc' dir='ltr'>καὶ</span> <span class='ocrx_word' id='word_1_106' title='bbox 1048 1630 1532 1706; x_wconf 72' lang='grc' dir='ltr'>λεγομένουςτοῦ</span> <span class='ocrx_word' id='word_1_107' title='bbox 1584 1626 1773 1697; x_wconf 81' lang='grc' dir='ltr'>τιμίου</span> <span class='ocrx_word' id='word_1_108' title='bbox 1835 1644 1993 1677; x_wconf 83' lang='grc' dir='ltr'>σταυ-</span> 
     </span>
    </p>
   </div>
   <div class='ocr_carea' id='block_1_17' title="bbox 340 1714 1992 1800">
    <p class='ocr_par' dir='ltr' id='par_1_17' title="bbox 340 1714 1992 1800">
     <span class='ocr_line' id='line_1_17' title="bbox 340 1714 1992 1800; baseline -0.007 -22"><span class='ocrx_word' id='word_1_109' title='bbox 340 1729 458 1800; x_wconf 79' lang='grc' dir='ltr'>ροῦ)</span> <span class='ocrx_word' id='word_1_110' title='bbox 507 1723 597 1778; x_wconf 89' lang='grc' dir='ltr'>καὶ</span> <span class='ocrx_word' id='word_1_111' title='bbox 657 1722 833 1776; x_wconf 75' lang='grc' dir='ltr'>αὐτῶν</span> <span class='ocrx_word' id='word_1_112' title='bbox 869 1718 934 1789; x_wconf 76' lang='grc' dir='ltr'>δὴ</span> <span class='ocrx_word' id='word_1_113' title='bbox 966 1724 1074 1774; x_wconf 90' lang='grc' dir='ltr'>τῶν</span> <span class='ocrx_word' id='word_1_114' title='bbox 1132 1720 1398 1795; x_wconf 81' lang='grc' dir='ltr'>μεγίστων</span> <span class='ocrx_word' id='word_1_115' title='bbox 1429 1714 1643 1771; x_wconf 89' lang='grc' dir='ltr'>πόλεων</span> <span class='ocrx_word' id='word_1_116' title='bbox 1703 1714 1992 1784; x_wconf 78' lang='grc' dir='ltr'>ἐξώσαντες</span> 
     </span>
    </p>
   </div>
   <div class='ocr_carea' id='block_1_18' title="bbox 339 1803 1993 1884">
    <p class='ocr_par' dir='ltr' id='par_1_18' title="bbox 339 1803 1993 1884">
     <span class='ocr_line' id='line_1_18' title="bbox 339 1803 1993 1884; baseline -0.008 -16"><span class='ocrx_word' id='word_1_117' title='bbox 339 1813 503 1876; x_wconf 73' lang='grc' dir='ltr'>αὐτὰς</span> <span class='ocrx_word' id='word_1_118' title='bbox 560 1812 635 1873; x_wconf 85' lang='grc' dir='ltr'>είς</span> <span class='ocrx_word' id='word_1_119' title='bbox 686 1808 808 1869; x_wconf 73' lang='grc' dir='ltr'>ἕδος</span> <span class='ocrx_word' id='word_1_120' title='bbox 862 1812 1217 1884; x_wconf 72' lang='grc' dir='ltr'>κατήρειψαν.</span> <span class='ocrx_word' id='word_1_121' title='bbox 1274 1807 1376 1864; x_wconf 86' lang='grc' dir='ltr'>Καὶ</span> <span class='ocrx_word' id='word_1_122' title='bbox 1430 1810 1519 1860; x_wconf 70' lang='grc' dir='ltr'>νῦν</span> <span class='ocrx_word' id='word_1_123' title='bbox 1574 1810 1745 1859; x_wconf 83' lang='grc' dir='ltr'>κεῖται</span> <span class='ocrx_word' id='word_1_124' title='bbox 1804 1803 1896 1875; x_wconf 78' lang='grc' dir='ltr'>μὶν</span> <span class='ocrx_word' id='word_1_125' title='bbox 1959 1803 1993 1871; x_wconf 83' lang='grc' dir='ltr'>ἠ</span> 
     </span>
    </p>
   </div>
   <div class='ocr_carea' id='block_1_19' title="bbox 338 1894 1996 1979">
    <p class='ocr_par' dir='ltr' id='par_1_19' title="bbox 338 1894 1996 1979">
     <span class='ocr_line' id='line_1_19' title="bbox 338 1894 1996 1979; baseline -0.008 -20"><span class='ocrx_word' id='word_1_126' title='bbox 338 1904 640 1979; x_wconf 73' lang='grc' dir='ltr'>περιφανὴς</span> <span class='ocrx_word' id='word_1_127' title='bbox 690 1901 1021 1974; x_wconf 79' lang='grc' dir='ltr'>Ἀντιόχεια,</span> <span class='ocrx_word' id='word_1_128' title='bbox 1083 1904 1255 1953; x_wconf 85' lang='grc' dir='ltr'>κεῖται</span> <span class='ocrx_word' id='word_1_129' title='bbox 1307 1895 1363 1951; x_wconf 77' lang='grc' dir='ltr'>δέ</span> <span class='ocrx_word' id='word_1_130' title='bbox 1500 1895 1794 1968; x_wconf 79' lang='grc' dir='ltr'>Ἀπάμεια,</span> <span class='ocrx_word' id='word_1_131' title='bbox 1835 1894 1996 1947; x_wconf 75' lang='grc' dir='ltr'>κατε-</span> 
     </span>
    </p>
   </div>
   <div class='ocr_carea' id='block_1_20' title="bbox 340 1982 1995 2065">
    <p class='ocr_par' dir='ltr' id='par_1_20' title="bbox 340 1982 1995 2065">
     <span class='ocr_line' id='line_1_20' title="bbox 340 1982 1995 2065; baseline -0.007 -18"><span class='ocrx_word' id='word_1_132' title='bbox 340 1991 572 2047; x_wconf 90' lang='grc' dir='ltr'>σκαπταί</span> <span class='ocrx_word' id='word_1_133' title='bbox 602 2012 660 2045; x_wconf 89' lang='grc' dir='ltr'>τε</span> <span class='ocrx_word' id='word_1_134' title='bbox 691 1991 870 2065; x_wconf 89' lang='grc' dir='ltr'>Τύρος</span> <span class='ocrx_word' id='word_1_135' title='bbox 919 1989 1007 2044; x_wconf 83' lang='grc' dir='ltr'>καὶ</span> <span class='ocrx_word' id='word_1_136' title='bbox 1039 1989 1308 2063; x_wconf 87' lang='grc' dir='ltr'>Βηρυτὸς,</span> <span class='ocrx_word' id='word_1_137' title='bbox 1356 1987 1443 2040; x_wconf 82' lang='grc' dir='ltr'>καὶ</span> <span class='ocrx_word' id='word_1_138' title='bbox 1498 1982 1674 2039; x_wconf 88' lang='grc' dir='ltr'>Σιδὼν</span> <span class='ocrx_word' id='word_1_139' title='bbox 1733 1984 1799 2038; x_wconf 75' lang='grc' dir='ltr'>τὰ</span> <span class='ocrx_word' id='word_1_140' title='bbox 1828 1983 1995 2055; x_wconf 77' lang='grc' dir='ltr'>ὅμοια</span> 
     </span>
    </p>
   </div>
   <div class='ocr_carea' id='block_1_21' title="bbox 339 2072 1994 2158">
    <p class='ocr_par' dir='ltr' id='par_1_21' title="bbox 339 2072 1994 2158">
     <span class='ocr_line' id='line_1_21' title="bbox 339 2072 1994 2158; baseline -0.007 -21"><span class='ocrx_word' id='word_1_141' title='bbox 339 2084 562 2158; x_wconf 81' lang='grc' dir='ltr'>πάσχει.</span> <span class='ocrx_word' id='word_1_142' title='bbox 612 2081 904 2154; x_wconf 77' lang='grc' dir='ltr'>Ἑτέρωθεν</span> <span class='ocrx_word' id='word_1_143' title='bbox 949 2076 1007 2132; x_wconf 72' lang='grc' dir='ltr'>δὲ</span> <span class='ocrx_word' id='word_1_144' title='bbox 1055 2079 1240 2152; x_wconf 83' lang='grc' dir='ltr'>θρηνεῖ</span> <span class='ocrx_word' id='word_1_145' title='bbox 1286 2073 1601 2131; x_wconf 86' lang='grc' dir='ltr'>Λαοδίκεια.</span> <span class='ocrx_word' id='word_1_146' title='bbox 1647 2072 1904 2147; x_wconf 87' lang='grc' dir='ltr'>Τρίπολίς</span> <span class='ocrx_word' id='word_1_147' title='bbox 1936 2094 1994 2126; x_wconf 89' lang='grc' dir='ltr'>τε</span> 
     </span>
    </p>
   </div>
   <div class='ocr_carea' id='block_1_22' title="bbox 339 2160 1992 2241">
    <p class='ocr_par' dir='ltr' id='par_1_22' title="bbox 339 2160 1992 2241">
     <span class='ocr_line' id='line_1_22' title="bbox 339 2160 1992 2241; baseline -0.007 -16"><span class='ocrx_word' id='word_1_148' title='bbox 339 2173 429 2225; x_wconf 85' lang='grc' dir='ltr'>καὶ</span> <span class='ocrx_word' id='word_1_149' title='bbox 482 2168 819 2241; x_wconf 71' lang='grc' dir='ltr'>Πτολεμαῒς,</span> <span class='ocrx_word' id='word_1_150' title='bbox 870 2167 937 2220; x_wconf 69' lang='grc' dir='ltr'>τὰ</span> <span class='ocrx_word' id='word_1_151' title='bbox 988 2164 1196 2240; x_wconf 88' lang='grc' dir='ltr'>μεγάλα</span> <span class='ocrx_word' id='word_1_152' title='bbox 1251 2169 1356 2219; x_wconf 87' lang='grc' dir='ltr'>τῶν</span> <span class='ocrx_word' id='word_1_153' title='bbox 1418 2161 1641 2219; x_wconf 84' lang='grc' dir='ltr'>Ἰταλῶν</span> <span class='ocrx_word' id='word_1_154' title='bbox 1676 2160 1855 2233; x_wconf 75' lang='grc' dir='ltr'>ἄστεα,</span> <span class='ocrx_word' id='word_1_155' title='bbox 1919 2162 1992 2222; x_wconf 85' lang='grc' dir='ltr'>ὡς</span> 
     </span>
    </p>
   </div>
   <div class='ocr_carea' id='block_1_23' title="bbox 343 2248 1995 2330">
    <p class='ocr_par' dir='ltr' id='par_1_23' title="bbox 343 2248 1995 2330">
     <span class='ocr_line' id='line_1_23' title="bbox 343 2248 1995 2330; baseline -0.007 -16"><span class='ocrx_word' id='word_1_156' title='bbox 343 2257 460 2314; x_wconf 77' lang='grc' dir='ltr'>οὐδ’</span> <span class='ocrx_word' id='word_1_157' title='bbox 515 2256 575 2312; x_wconf 76' lang='grc' dir='ltr'>ἂν</span> <span class='ocrx_word' id='word_1_158' title='bbox 621 2260 754 2325; x_wconf 72' lang='grc' dir='ltr'>ἦσαν</span> <span class='ocrx_word' id='word_1_159' title='bbox 790 2255 1120 2330; x_wconf 86' lang='grc' dir='ltr'>λογίζονται.</span> <span class='ocrx_word' id='word_1_160' title='bbox 1180 2255 1280 2309; x_wconf 72' lang='grc' dir='ltr'>Καὶ</span> <span class='ocrx_word' id='word_1_161' title='bbox 1312 2250 1379 2321; x_wconf 75' lang='grc' dir='ltr'>δή</span> <span class='ocrx_word' id='word_1_162' title='bbox 1440 2252 1723 2324; x_wconf 84' lang='grc' dir='ltr'>Δαμασκὸς</span> <span class='ocrx_word' id='word_1_163' title='bbox 1776 2254 1810 2320; x_wconf 74' lang='grc' dir='ltr'>ἡ</span> <span class='ocrx_word' id='word_1_164' title='bbox 1862 2248 1995 2304; x_wconf 88' lang='grc' dir='ltr'>καλ-</span> 
     </span>
    </p>
   </div>
   <div class='ocr_carea' id='block_1_24' title="bbox 342 2339 1997 2418">
    <p class='ocr_par' dir='ltr' id='par_1_24' title="bbox 342 2339 1997 2418">
     <span class='ocr_line' id='line_1_24' title="bbox 342 2339 1997 2418; baseline -0.006 -16"><span class='ocrx_word' id='word_1_165' title='bbox 342 2346 529 2418; x_wconf 88' lang='grc' dir='ltr'>λίστη,</span> <span class='ocrx_word' id='word_1_166' title='bbox 576 2346 645 2399; x_wconf 78' lang='grc' dir='ltr'>τὰ</span> <span class='ocrx_word' id='word_1_167' title='bbox 690 2345 823 2399; x_wconf 84' lang='grc' dir='ltr'>ποτέ</span> <span class='ocrx_word' id='word_1_168' title='bbox 869 2350 966 2413; x_wconf 85' lang='grc' dir='ltr'>τῆς</span> <span class='ocrx_word' id='word_1_169' title='bbox 1018 2339 1323 2416; x_wconf 79' lang='grc' dir='ltr'>Ῥωμαίδος</span> <span class='ocrx_word' id='word_1_170' title='bbox 1357 2341 1480 2416; x_wconf 72' lang='grc' dir='ltr'>ὅρια</span> <span class='ocrx_word' id='word_1_171' title='bbox 1508 2342 1624 2396; x_wconf 86' lang='grc' dir='ltr'>καθ’</span> <span class='ocrx_word' id='word_1_172' title='bbox 1657 2340 1816 2411; x_wconf 81' lang='grc' dir='ltr'>ἐῴαν,</span> <span class='ocrx_word' id='word_1_173' title='bbox 1850 2340 1997 2415; x_wconf 63' lang='grc' dir='ltr'>ἠφά-</span> 
     </span>
    </p>
   </div>
   <div class='ocr_carea' id='block_1_25' title="bbox 341 2429 1995 2503">
    <p class='ocr_par' dir='ltr' id='par_1_25' title="bbox 341 2429 1995 2503">
     <span class='ocr_line' id='line_1_25' title="bbox 341 2429 1995 2503; baseline -0.007 -11"><span class='ocrx_word' id='word_1_174' title='bbox 341 2457 514 2492; x_wconf 88' lang='grc' dir='ltr'>νισται</span> <span class='ocrx_word' id='word_1_175' title='bbox 542 2436 845 2501; x_wconf 85' lang='grc' dir='ltr'>παντελῶς,</span> <span class='ocrx_word' id='word_1_176' title='bbox 894 2432 983 2488; x_wconf 83' lang='grc' dir='ltr'>καὶ</span> <span class='ocrx_word' id='word_1_177' title='bbox 1017 2430 1163 2494; x_wconf 77' lang='grc' dir='ltr'>ὅλως</span> <span class='ocrx_word' id='word_1_178' title='bbox 1192 2429 1339 2499; x_wconf 71' lang='grc' dir='ltr'>πλὴν</span> <span class='ocrx_word' id='word_1_179' title='bbox 1388 2434 1495 2484; x_wconf 90' lang='grc' dir='ltr'>τῶν</span> <span class='ocrx_word' id='word_1_180' title='bbox 1539 2430 1613 2491; x_wconf 84' lang='grc' dir='ltr'>εἰς</span> <span class='ocrx_word' id='word_1_181' title='bbox 1674 2430 1995 2503; x_wconf 83' lang='grc' dir='ltr'>Ἀρμενίους</span> 
     </span>
    </p>
   </div>
   <div class='ocr_carea' id='block_1_26' title="bbox 340 2518 2000 2593">
    <p class='ocr_par' dir='ltr' id='par_1_26' title="bbox 340 2518 2000 2593">
     <span class='ocr_line' id='line_1_26' title="bbox 340 2518 2000 2593; baseline -0.005 -11"><span class='ocrx_word' id='word_1_182' title='bbox 340 2526 645 2582; x_wconf 82' lang='grc' dir='ltr'>τελούντων</span> <span class='ocrx_word' id='word_1_183' title='bbox 681 2522 833 2579; x_wconf 72' lang='grc' dir='ltr'>οὐδὲν</span> <span class='ocrx_word' id='word_1_184' title='bbox 880 2523 987 2578; x_wconf 72' lang='grc' dir='ltr'>ὅτι</span> <span class='ocrx_word' id='word_1_185' title='bbox 1043 2522 1368 2579; x_wconf 86' lang='grc' dir='ltr'>συνίσταται.</span> <span class='ocrx_word' id='word_1_186' title='bbox 1426 2522 1486 2578; x_wconf 90' lang='grc' dir='ltr'>Ὁ</span> <span class='ocrx_word' id='word_1_187' title='bbox 1539 2518 1597 2575; x_wconf 79' lang='grc' dir='ltr'>δὶ</span> <span class='ocrx_word' id='word_1_188' title='bbox 1652 2518 2000 2593; x_wconf 77' lang='grc' dir='ltr'>παμπληθὴς</span> 
     </span>
    </p>
   </div>
   <div class='ocr_carea' id='block_1_27' title="bbox 344 2607 1997 2687">
    <p class='ocr_par' dir='ltr' id='par_1_27' title="bbox 344 2607 1997 2687">
     <span class='ocr_line' id='line_1_27' title="bbox 344 2607 1997 2687; baseline -0.004 -17"><span class='ocrx_word' id='word_1_189' title='bbox 344 2614 564 2670; x_wconf 81' lang='grc' dir='ltr'>ἐκείνωῦ</span> <span class='ocrx_word' id='word_1_190' title='bbox 640 2613 771 2675; x_wconf 86' lang='grc' dir='ltr'>λαὸς</span> <span class='ocrx_word' id='word_1_191' title='bbox 840 2615 1124 2686; x_wconf 78' lang='grc' dir='ltr'>πανταχοῦ</span> <span class='ocrx_word' id='word_1_192' title='bbox 1206 2618 1310 2687; x_wconf 80' lang='grc' dir='ltr'>γῆς</span> <span class='ocrx_word' id='word_1_193' title='bbox 1384 2607 1645 2687; x_wconf 83' lang='grc' dir='ltr'>διεσπάρη</span> <span class='ocrx_word' id='word_1_194' title='bbox 1717 2610 1839 2664; x_wconf 85' lang='grc' dir='ltr'>ἄνευ</span> <span class='ocrx_word' id='word_1_195' title='bbox 1890 2616 1997 2665; x_wconf 86' lang='grc' dir='ltr'>τῶν</span> 
     </span>
    </p>
   </div>
   <div class='ocr_carea' id='block_1_28' title="bbox 347 2814 2001 2890">
    <p class='ocr_par' dir='ltr' id='par_1_28' title="bbox 347 2814 2001 2890">
     <span class='ocr_line' id='line_1_28' title="bbox 347 2814 2001 2890; baseline -0.005 -13"><span class='ocrx_word' id='word_1_196' title='bbox 347 2822 455 2878; x_wconf 89' lang='lat' dir='ltr'>etis</span> <span class='ocrx_word' id='word_1_197' title='bbox 489 2838 503 2890; x_wconf 92' lang='lat'><strong>;</strong></span> <span class='ocrx_word' id='word_1_198' title='bbox 539 2836 645 2875; x_wconf 91' lang='lat' dir='ltr'>nec</span> <span class='ocrx_word' id='word_1_199' title='bbox 696 2819 819 2889; x_wconf 87' lang='lat' dir='ltr'>jam</span> <span class='ocrx_word' id='word_1_200' title='bbox 853 2818 1067 2873; x_wconf 87' lang='lat' dir='ltr'>virium</span> <span class='ocrx_word' id='word_1_201' title='bbox 1101 2814 1366 2871; x_wconf 91' lang='lat' dir='ltr'>conscios</span> <span class='ocrx_word' id='word_1_202' title='bbox 1406 2831 1650 2871; x_wconf 90' lang='lat' dir='ltr'>suarum</span> <span class='ocrx_word' id='word_1_203' title='bbox 1684 2830 1811 2870; x_wconf 91' lang='lat' dir='ltr'>sese</span> <span class='ocrx_word' id='word_1_204' title='bbox 1844 2818 2001 2869; x_wconf 85' lang='lat' dir='ltr'>:ntra</span> 
     </span>
    </p>
   </div>
   <div class='ocr_carea' id='block_1_29' title="bbox 349 2905 2001 2975">
    <p class='ocr_par' dir='ltr' id='par_1_29' title="bbox 349 2905 2001 2975">
     <span class='ocr_line' id='line_1_29' title="bbox 349 2905 2001 2975; baseline -0.005 -8"><span class='ocrx_word' id='word_1_205' title='bbox 349 2910 687 2967; x_wconf 80' lang='lat' dir='ltr'>cancellosI</span> <span class='ocrx_word' id='word_1_206' title='bbox 702 2907 947 2962; x_wconf 75' lang='lat' dir='ltr'>79olim</span> <span class='ocrx_word' id='word_1_207' title='bbox 982 2906 1126 2961; x_wconf 85' lang='lat' dir='ltr'>ﬁxos</span> <span class='ocrx_word' id='word_1_208' title='bbox 1140 2905 1403 2961; x_wconf 84' lang='lat' dir='ltr'>tenuisse</span> <span class='ocrx_word' id='word_1_209' title='bbox 1420 2910 1522 2960; x_wconf 89' lang='lat' dir='ltr'>aut</span> <span class='ocrx_word' id='word_1_210' title='bbox 1536 2919 1742 2959; x_wconf 87' lang='lat' dir='ltr'>secura</span> <span class='ocrx_word' id='word_1_211' title='bbox 1764 2921 2001 2975; x_wconf 87' lang='lat' dir='ltr'>posses-</span> 
     </span>
    </p>
   </div>
   <div class='ocr_carea' id='block_1_30' title="bbox 350 2992 2001 3070">
    <p class='ocr_par' dir='ltr' id='par_1_30' title="bbox 350 2992 2001 3070">
     <span class='ocr_line' id='line_1_30' title="bbox 350 2992 2001 3070; baseline -0.005 -15"><span class='ocrx_word' id='word_1_212' title='bbox 350 3001 514 3055; x_wconf 91' lang='lat' dir='ltr'>sione</span> <span class='ocrx_word' id='word_1_213' title='bbox 530 2997 896 3070; x_wconf 90' lang='lat' dir='ltr'>propriorum</span> <span class='ocrx_word' id='word_1_214' title='bbox 912 2999 1216 3050; x_wconf 88' lang='lat' dir='ltr'>contentos</span> <span class='ocrx_word' id='word_1_215' title='bbox 1230 2994 1385 3047; x_wconf 92' lang='lat' dir='ltr'>domi</span> <span class='ocrx_word' id='word_1_216' title='bbox 1405 2992 1933 3063; x_wconf 90' lang='lat' dir='ltr'>acquievisse,veru</span> <span class='ocrx_word' id='word_1_217' title='bbox 1946 3009 2001 3047; x_wconf 91' lang='lat' dir='ltr'>m</span> 
     </span>
    </p>
   </div>
   <div class='ocr_carea' id='block_1_31' title="bbox 351 3080 2000 3156">
    <p class='ocr_par' dir='ltr' id='par_1_31' title="bbox 351 3080 2000 3156">
     <span class='ocr_line' id='line_1_31' title="bbox 351 3080 2000 3156; baseline -0.004 -12"><span class='ocrx_word' id='word_1_218' title='bbox 351 3104 526 3143; x_wconf 85' lang='lat' dir='ltr'>ausos</span> <span class='ocrx_word' id='word_1_219' title='bbox 582 3100 893 3156; x_wconf 83' lang='lat' dir='ltr'>erumpere</span> <span class='ocrx_word' id='word_1_220' title='bbox 953 3100 1019 3138; x_wconf 90' lang='lat' dir='ltr'>ac</span> <span class='ocrx_word' id='word_1_221' title='bbox 1078 3099 1229 3154; x_wconf 80' lang='lat' dir='ltr'>saepe</span> <span class='ocrx_word' id='word_1_222' title='bbox 1276 3080 1429 3137; x_wconf 89' lang='lat' dir='ltr'>bella</span> <span class='ocrx_word' id='word_1_223' title='bbox 1462 3081 1731 3136; x_wconf 86' lang='lat' dir='ltr'>finitimis</span> <span class='ocrx_word' id='word_1_224' title='bbox 1763 3082 2000 3147; x_wconf 82' lang='lat' dir='ltr'>inferre,</span> 
     </span>
    </p>
   </div>
   <div class='ocr_carea' id='block_1_32' title="bbox 351 3171 2003 3248">
    <p class='ocr_par' dir='ltr' id='par_1_32' title="bbox 351 3171 2003 3248">
     <span class='ocr_line' id='line_1_32' title="bbox 351 3171 2003 3248; baseline -0.004 -15"><span class='ocrx_word' id='word_1_225' title='bbox 351 3178 554 3248; x_wconf 84' lang='lat' dir='ltr'>sicque</span> <span class='ocrx_word' id='word_1_226' title='bbox 614 3190 827 3245; x_wconf 90' lang='lat' dir='ltr'>magno</span> <span class='ocrx_word' id='word_1_227' title='bbox 888 3172 969 3227; x_wconf 91' lang='lat' dir='ltr'>rei</span> <span class='ocrx_word' id='word_1_228' title='bbox 1020 3172 1363 3227; x_wconf 70' lang='lat' dir='ltr'>Christianae</span> <span class='ocrx_word' id='word_1_229' title='bbox 1390 3172 1603 3225; x_wconf 90' lang='lat' dir='ltr'>damno</span> <span class='ocrx_word' id='word_1_230' title='bbox 1639 3171 1856 3225; x_wconf 80' lang='lat' dir='ltr'>famam</span> <span class='ocrx_word' id='word_1_231' title='bbox 1890 3171 2003 3226; x_wconf 85' lang='lat' dir='ltr'>sibi</span> 
     </span>
    </p>
   </div>
   <div class='ocr_carea' id='block_1_33' title="bbox 350 3259 2003 3341">
    <p class='ocr_par' dir='ltr' id='par_1_33' title="bbox 350 3259 2003 3341">
     <span class='ocr_line' id='line_1_33' title="bbox 350 3259 2003 3341; baseline -0.003 -20"><span class='ocrx_word' id='word_1_232' title='bbox 350 3281 589 3341; x_wconf 88' lang='lat' dir='ltr'>parasse</span> <span class='ocrx_word' id='word_1_233' title='bbox 647 3262 867 3319; x_wconf 74' lang='lat' dir='ltr'>bellicae</span> <span class='ocrx_word' id='word_1_234' title='bbox 926 3261 1185 3317; x_wconf 90' lang='lat' dir='ltr'>virtutis.</span> <span class='ocrx_word' id='word_1_235' title='bbox 1247 3259 1409 3316; x_wconf 77' lang='lat' dir='ltr'>Italis</span> <span class='ocrx_word' id='word_1_236' title='bbox 1440 3260 1597 3314; x_wconf 88' lang='lat' dir='ltr'>enim</span> <span class='ocrx_word' id='word_1_237' title='bbox 1630 3277 1792 3315; x_wconf 88' lang='lat' dir='ltr'>oram</span> <span class='ocrx_word' id='word_1_238' title='bbox 1826 3260 2003 3332; x_wconf 69' lang='lat' dir='ltr'>Syriae</span> 
     </span>
    </p>
   </div>
   <div class='ocr_carea' id='block_1_34' title="bbox 2097 636 3752 720">
    <p class='ocr_par' dir='ltr' id='par_1_34' title="bbox 2097 636 3752 720">
     <span class='ocr_line' id='line_1_34' title="bbox 2097 636 3752 720; baseline -0.002 -21"><span class='ocrx_word' id='word_1_239' title='bbox 2097 645 2250 717; x_wconf 69' lang='grc' dir='ltr'>νόω-ῳ</span> <span class='ocrx_word' id='word_1_240' title='bbox 2308 649 2645 720; x_wconf 77' lang='grc' dir='ltr'>μαρτυρικῷ,</span> <span class='ocrx_word' id='word_1_241' title='bbox 2702 645 2777 717; x_wconf 79' lang='grc' dir='ltr'>μὴ</span> <span class='ocrx_word' id='word_1_242' title='bbox 2825 636 3284 717; x_wconf 66' lang='grc' dir='ltr'>καταδεχομένων</span> <span class='ocrx_word' id='word_1_243' title='bbox 3344 643 3442 710; x_wconf 79' lang='grc' dir='ltr'>τήν</span> <span class='ocrx_word' id='word_1_244' title='bbox 3499 641 3752 716; x_wconf 77' lang='grc' dir='ltr'>ἄρνησιν.</span> 
     </span>
    </p>
   </div>
   <div class='ocr_carea' id='block_1_35' title="bbox 2103 729 3751 806">
    <p class='ocr_par' dir='ltr' id='par_1_35' title="bbox 2103 729 3751 806">
     <span class='ocr_line' id='line_1_35' title="bbox 2103 729 3751 806; baseline -0.001 -17"><span class='ocrx_word' id='word_1_245' title='bbox 2103 734 2195 789; x_wconf 79' lang='grc' dir='ltr'>Καὶ</span> <span class='ocrx_word' id='word_1_246' title='bbox 2226 738 2391 788; x_wconf 75' lang='grc' dir='ltr'>ταῦτα</span> <span class='ocrx_word' id='word_1_247' title='bbox 2444 733 2538 806; x_wconf 75' lang='grc' dir='ltr'>μὶν</span> <span class='ocrx_word' id='word_1_248' title='bbox 2594 732 2870 787; x_wconf 77' lang='grc' dir='ltr'>Αἰθιόπων</span> <span class='ocrx_word' id='word_1_249' title='bbox 2916 732 2977 786; x_wconf 82' lang='grc' dir='ltr'>τὸ</span> <span class='ocrx_word' id='word_1_250' title='bbox 3038 732 3419 803; x_wconf 75' lang='grc' dir='ltr'>Χριστιανικὸν</span> <span class='ocrx_word' id='word_1_251' title='bbox 3468 729 3751 787; x_wconf 84' lang='grc' dir='ltr'>ἀπώναντο</span> 
     </span>
    </p>
   </div>
   <div class='ocr_carea' id='block_1_36' title="bbox 2093 817 3753 898">
    <p class='ocr_par' dir='ltr' id='par_1_36' title="bbox 2093 817 3753 898">
     <span class='ocr_line' id='line_1_36' title="bbox 2093 817 3753 898; baseline -0.002 -21"><span class='ocrx_word' id='word_1_252' title='bbox 2093 828 2212 885; x_wconf 84' lang='grc' dir='ltr'>ταῖς</span> <span class='ocrx_word' id='word_1_253' title='bbox 2271 822 2562 898; x_wconf 69' lang='grc' dir='ltr'>ἡμετέραις</span> <span class='ocrx_word' id='word_1_254' title='bbox 2593 817 2881 885; x_wconf 76' lang='grc' dir='ltr'>ἀϐουλίαις</span> <span class='ocrx_word' id='word_1_255' title='bbox 2927 821 2961 890; x_wconf 74' lang='grc' dir='ltr'>ἢ</span> <span class='ocrx_word' id='word_1_256' title='bbox 3010 820 3323 883; x_wconf 88' lang='grc' dir='ltr'>κακονοίαις</span> <span class='ocrx_word' id='word_1_257' title='bbox 3356 820 3390 890; x_wconf 73' lang='grc' dir='ltr'><strong>ἢ</strong></span> <span class='ocrx_word' id='word_1_258' title='bbox 3423 819 3753 894; x_wconf 83' lang='grc' dir='ltr'>αὐτονόμοις</span> 
     </span>
    </p>
   </div>
   <div class='ocr_carea' id='block_1_37' title="bbox 2099 908 3754 987">
    <p class='ocr_par' dir='ltr' id='par_1_37' title="bbox 2099 908 3754 987">
     <span class='ocr_line' id='line_1_37' title="bbox 2099 908 3754 987; baseline -0.001 -22"><span class='ocrx_word' id='word_1_259' title='bbox 2099 911 2297 986; x_wconf 76' lang='grc' dir='ltr'>ὁρμαῖς</span> <span class='ocrx_word' id='word_1_260' title='bbox 2346 913 2435 966; x_wconf 80' lang='grc' dir='ltr'>καὶ</span> <span class='ocrx_word' id='word_1_261' title='bbox 2498 912 2723 986; x_wconf 67' lang='grc' dir='ltr'>ὀρέξεσι·</span> <span class='ocrx_word' id='word_1_262' title='bbox 2785 913 3047 987; x_wconf 75' lang='grc' dir='ltr'>Τοχάρων</span> <span class='ocrx_word' id='word_1_263' title='bbox 3110 908 3166 965; x_wconf 71' lang='grc' dir='ltr'>δὲ</span> <span class='ocrx_word' id='word_1_264' title='bbox 3224 914 3321 965; x_wconf 77' lang='grc' dir='ltr'>τοῦ</span> <span class='ocrx_word' id='word_1_265' title='bbox 3382 909 3613 984; x_wconf 81' lang='grc' dir='ltr'>θράσους</span> <span class='ocrx_word' id='word_1_266' title='bbox 3664 910 3754 964; x_wconf 85' lang='grc' dir='ltr'>καὶ</span> 
     </span>
    </p>
   </div>
   <div class='ocr_carea' id='block_1_38' title="bbox 2096 996 3753 1074">
    <p class='ocr_par' dir='ltr' id='par_1_38' title="bbox 2096 996 3753 1074">
     <span class='ocr_line' id='line_1_38' title="bbox 2096 996 3753 1074; baseline -0.001 -19"><span class='ocrx_word' id='word_1_267' title='bbox 2096 999 2173 1055; x_wconf 79' lang='grc' dir='ltr'>ἔτι</span> <span class='ocrx_word' id='word_1_268' title='bbox 2228 1000 2518 1074; x_wconf 82' lang='grc' dir='ltr'>ἀνέχομεν,</span> <span class='ocrx_word' id='word_1_269' title='bbox 2575 1000 2637 1054; x_wconf 80' lang='grc' dir='ltr'>οὐ</span> <span class='ocrx_word' id='word_1_270' title='bbox 2691 998 2978 1073; x_wconf 87' lang='grc' dir='ltr'>δυνάμεσιν</span> <span class='ocrx_word' id='word_1_271' title='bbox 3033 996 3263 1072; x_wconf 73' lang='grc' dir='ltr'>οὕμενον</span> <span class='ocrx_word' id='word_1_272' title='bbox 3314 1002 3395 1071; x_wconf 74' lang='grc' dir='ltr'>[Ρ.</span> <span class='ocrx_word' id='word_1_273' title='bbox 3450 1002 3574 1071; x_wconf 80' lang='grc'>120]</span> <span class='ocrx_word' id='word_1_274' title='bbox 3626 1000 3753 1073; x_wconf 84' lang='grc' dir='ltr'>θαρ-</span> 
     </span>
    </p>
   </div>
   <div class='ocr_carea' id='block_1_39' title="bbox 2096 1088 3756 1177">
    <p class='ocr_par' dir='ltr' id='par_1_39' title="bbox 2096 1088 3756 1177">
     <span class='ocr_line' id='line_1_39' title="bbox 2096 1088 3756 1177; baseline -0.001 -31"><span class='ocrx_word' id='word_1_275' title='bbox 2096 1089 2333 1160; x_wconf 81' lang='grc' dir='ltr'>σαλέαις,</span> <span class='ocrx_word' id='word_1_276' title='bbox 2394 1090 2540 1147; x_wconf 87' lang='grc' dir='ltr'>ἀλλά</span> <span class='ocrx_word' id='word_1_277' title='bbox 2591 1090 2837 1169; x_wconf 78' lang='grc' dir='ltr'>φιλικαῖς</span> <span class='ocrx_word' id='word_1_278' title='bbox 2894 1088 2991 1146; x_wconf 55' lang='grc' dir='ltr'>εἴτ’</span> <span class='ocrx_word' id='word_1_279' title='bbox 3039 1092 3133 1177; x_wconf 71' lang='grc' dir='ltr'>οὖν</span> <span class='ocrx_word' id='word_1_280' title='bbox 3184 1089 3466 1152; x_wconf 85' lang='grc' dir='ltr'>δουλικαῖς</span> <span class='ocrx_word' id='word_1_281' title='bbox 3518 1089 3756 1145; x_wconf 79' lang='grc' dir='ltr'>ύπελεύ-</span> 
     </span>
    </p>
   </div>
   <div class='ocr_carea' id='block_1_40' title="bbox 2097 1178 3757 1257">
    <p class='ocr_par' dir='ltr' id='par_1_40' title="bbox 2097 1178 3757 1257">
     <span class='ocr_line' id='line_1_40' title="bbox 2097 1178 3757 1257; baseline -0.001 -22"><span class='ocrx_word' id='word_1_282' title='bbox 2097 1202 2232 1253; x_wconf 75' lang='grc' dir='ltr'>σεσι,</span> <span class='ocrx_word' id='word_1_283' title='bbox 2290 1179 2431 1251; x_wconf 77' lang='grc' dir='ltr'>κήδη</span> <span class='ocrx_word' id='word_1_284' title='bbox 2492 1186 2779 1241; x_wconf 78' lang='grc' dir='ltr'>ποιοῦντες</span> <span class='ocrx_word' id='word_1_285' title='bbox 2839 1184 2928 1235; x_wconf 79' lang='grc' dir='ltr'>καί</span> <span class='ocrx_word' id='word_1_286' title='bbox 2988 1178 3432 1257; x_wconf 79' lang='grc' dir='ltr'>δωροφοροῦντες</span> <span class='ocrx_word' id='word_1_287' title='bbox 3492 1181 3757 1255; x_wconf 77' lang='grc' dir='ltr'>συχνάκις</span> 
     </span>
    </p>
   </div>
   <div class='ocr_carea' id='block_1_41' title="bbox 2095 1268 3754 1345">
    <p class='ocr_par' dir='ltr' id='par_1_41' title="bbox 2095 1268 3754 1345">
     <span class='ocr_line' id='line_1_41' title="bbox 2095 1268 3754 1345; baseline 0.001 -22"><span class='ocrx_word' id='word_1_288' title='bbox 2095 1270 2161 1323; x_wconf 75' lang='grc' dir='ltr'>τὰ</span> <span class='ocrx_word' id='word_1_289' title='bbox 2207 1269 2477 1324; x_wconf 84' lang='grc' dir='ltr'>κάλλιστά</span> <span class='ocrx_word' id='word_1_290' title='bbox 2522 1291 2580 1324; x_wconf 90' lang='grc' dir='ltr'>τε</span> <span class='ocrx_word' id='word_1_291' title='bbox 2626 1271 2714 1324; x_wconf 77' lang='grc' dir='ltr'>καὶ</span> <span class='ocrx_word' id='word_1_292' title='bbox 2772 1270 3022 1345; x_wconf 69' lang='grc' dir='ltr'>μέγιστα,</span> <span class='ocrx_word' id='word_1_293' title='bbox 3065 1269 3138 1331; x_wconf 83' lang='grc' dir='ltr'>ὡς</span> <span class='ocrx_word' id='word_1_294' title='bbox 3185 1270 3275 1324; x_wconf 76' lang='grc' dir='ltr'>καὶ</span> <span class='ocrx_word' id='word_1_295' title='bbox 3310 1268 3559 1345; x_wconf 82' lang='grc' dir='ltr'>δεύτερον</span> <span class='ocrx_word' id='word_1_296' title='bbox 3612 1268 3754 1325; x_wconf 80' lang='grc' dir='ltr'>ἄλλο</span> 
     </span>
    </p>
   </div>
   <div class='ocr_carea' id='block_1_42' title="bbox 2100 1358 3756 1435">
    <p class='ocr_par' dir='ltr' id='par_1_42' title="bbox 2100 1358 3756 1435">
     <span class='ocr_line' id='line_1_42' title="bbox 2100 1358 3756 1435; baseline -0.001 -22"><span class='ocrx_word' id='word_1_297' title='bbox 2100 1360 2235 1432; x_wconf 70' lang='grc' dir='ltr'>μετὰ</span> <span class='ocrx_word' id='word_1_298' title='bbox 2255 1363 2419 1413; x_wconf 78' lang='grc' dir='ltr'>ταῦτα</span> <span class='ocrx_word' id='word_1_299' title='bbox 2467 1359 2555 1413; x_wconf 77' lang='grc' dir='ltr'>καὶ</span> <span class='ocrx_word' id='word_1_300' title='bbox 2588 1359 2814 1435; x_wconf 79' lang='grc' dir='ltr'>χρόνοις</span> <span class='ocrx_word' id='word_1_301' title='bbox 2850 1359 3093 1433; x_wconf 75' lang='grc' dir='ltr'>ὑστέροις</span> <span class='ocrx_word' id='word_1_302' title='bbox 3150 1360 3376 1429; x_wconf 79' lang='grc' dir='ltr'>συνέστη</span> <span class='ocrx_word' id='word_1_303' title='bbox 3436 1360 3572 1433; x_wconf 87' lang='grc' dir='ltr'>πρὸς</span> <span class='ocrx_word' id='word_1_304' title='bbox 3628 1358 3756 1419; x_wconf 80' lang='grc' dir='ltr'>τοὺς</span> 
     </span>
    </p>
   </div>
   <div class='ocr_carea' id='block_1_43' title="bbox 2099 1446 3753 1526">
    <p class='ocr_par' dir='ltr' id='par_1_43' title="bbox 2099 1446 3753 1526">
     <span class='ocr_line' id='line_1_43' title="bbox 2099 1446 3753 1526; baseline 0.001 -25"><span class='ocrx_word' id='word_1_305' title='bbox 2099 1446 2348 1511; x_wconf 68' lang='grc' dir='ltr'>δυτικοῦς</span> <span class='ocrx_word' id='word_1_306' title='bbox 2378 1452 2681 1526; x_wconf 83' lang='grc' dir='ltr'>Τοχάρους,</span> <span class='ocrx_word' id='word_1_307' title='bbox 2733 1450 2791 1504; x_wconf 88' lang='grc' dir='ltr'>ἐκ</span> <span class='ocrx_word' id='word_1_308' title='bbox 2821 1462 2984 1513; x_wconf 82' lang='grc' dir='ltr'>ποθεν</span> <span class='ocrx_word' id='word_1_309' title='bbox 3033 1450 3247 1526; x_wconf 81' lang='grc' dir='ltr'>ἀφανῶν</span> <span class='ocrx_word' id='word_1_310' title='bbox 3294 1450 3616 1513; x_wconf 83' lang='grc' dir='ltr'>ἐπιστάντας</span> <span class='ocrx_word' id='word_1_311' title='bbox 3663 1451 3753 1503; x_wconf 88' lang='grc' dir='ltr'>καὶ</span> 
     </span>
    </p>
   </div>
   <div class='ocr_carea' id='block_1_44' title="bbox 2095 1535 3755 1614">
    <p class='ocr_par' dir='ltr' id='par_1_44' title="bbox 2095 1535 3755 1614">
     <span class='ocr_line' id='line_1_44' title="bbox 2095 1535 3755 1614; baseline 0.001 -22"><span class='ocrx_word' id='word_1_312' title='bbox 2095 1538 2162 1592; x_wconf 71' lang='grc' dir='ltr'>τὰ</span> <span class='ocrx_word' id='word_1_313' title='bbox 2217 1538 2366 1613; x_wconf 79' lang='grc' dir='ltr'>βόρει</span> <span class='ocrx_word' id='word_1_314' title='bbox 2416 1540 2789 1614; x_wconf 85' lang='grc' dir='ltr'>κατασχόντας</span> <span class='ocrx_word' id='word_1_315' title='bbox 2833 1541 2949 1613; x_wconf 83' lang='grc' dir='ltr'>μεθ’</span> <span class='ocrx_word' id='word_1_316' title='bbox 3000 1535 3082 1594; x_wconf 77' lang='grc' dir='ltr'>ὅτι</span> <span class='ocrx_word' id='word_1_317' title='bbox 3131 1539 3397 1595; x_wconf 88' lang='grc' dir='ltr'>πλείστου</span> <span class='ocrx_word' id='word_1_318' title='bbox 3448 1537 3755 1612; x_wconf 61' lang='grc' dir='ltr'>δυνάμεως,</span> 
     </span>
    </p>
   </div>
   <div class='ocr_carea' id='block_1_45' title="bbox 2101 1626 3757 1705">
    <p class='ocr_par' dir='ltr' id='par_1_45' title="bbox 2101 1626 3757 1705">
     <span class='ocr_line' id='line_1_45' title="bbox 2101 1626 3757 1705; baseline 0 -24"><span class='ocrx_word' id='word_1_319' title='bbox 2101 1628 2459 1702; x_wconf 70' lang='grc' dir='ltr'>συνάλλαγμα</span> <span class='ocrx_word' id='word_1_320' title='bbox 2489 1635 2569 1699; x_wconf 81' lang='grc' dir='ltr'>τῷ</span> <span class='ocrx_word' id='word_1_321' title='bbox 2605 1630 2833 1705; x_wconf 78' lang='grc' dir='ltr'>ἄρχοντι</span> <span class='ocrx_word' id='word_1_322' title='bbox 2879 1628 3086 1684; x_wconf 84' lang='grc' dir='ltr'>τούτων</span> <span class='ocrx_word' id='word_1_323' title='bbox 3149 1636 3325 1704; x_wconf 83' lang='grc' dir='ltr'>Νογᾳ,</span> <span class='ocrx_word' id='word_1_324' title='bbox 3361 1626 3609 1690; x_wconf 85' lang='grc' dir='ltr'>ἐνδόντος</span> <span class='ocrx_word' id='word_1_325' title='bbox 3658 1632 3757 1682; x_wconf 75' lang='grc' dir='ltr'>τοῦ</span> 
     </span>
    </p>
   </div>
   <div class='ocr_carea' id='block_1_46' title="bbox 2105 1717 3755 1793">
    <p class='ocr_par' dir='ltr' id='par_1_46' title="bbox 2105 1717 3755 1793">
     <span class='ocr_line' id='line_1_46' title="bbox 2105 1717 3755 1793; baseline 0 -23"><span class='ocrx_word' id='word_1_326' title='bbox 2105 1717 2371 1792; x_wconf 66' lang='grc' dir='ltr'>βασιλέως</span> <span class='ocrx_word' id='word_1_327' title='bbox 2447 1718 2630 1793; x_wconf 66' lang='grc' dir='ltr'>ἑτέραν</span> <span class='ocrx_word' id='word_1_328' title='bbox 2689 1717 2857 1773; x_wconf 80' lang='grc' dir='ltr'>παῖδοὶ</span> <span class='ocrx_word' id='word_1_329' title='bbox 2913 1720 2969 1773; x_wconf 78' lang='grc' dir='ltr'>οἱ</span> <span class='ocrx_word' id='word_1_330' title='bbox 3024 1718 3084 1773; x_wconf 88' lang='grc' dir='ltr'>ἐκ</span> <span class='ocrx_word' id='word_1_331' title='bbox 3140 1719 3366 1773; x_wconf 86' lang='grc' dir='ltr'>σκοτίων</span> <span class='ocrx_word' id='word_1_332' title='bbox 3427 1718 3755 1793; x_wconf 82' lang='grc' dir='ltr'>σπερμάτων</span> 
     </span>
    </p>
   </div>
   <div class='ocr_carea' id='block_1_47' title="bbox 2100 1803 3761 1885">
    <p class='ocr_par' dir='ltr' id='par_1_47' title="bbox 2100 1803 3761 1885">
     <span class='ocr_line' id='line_1_47' title="bbox 2100 1803 3761 1885; baseline 0.001 -25"><span class='ocrx_word' id='word_1_333' title='bbox 2100 1809 2523 1881; x_wconf 66' lang='grc' dir='ltr'>γεγεννημένην,</span> <span class='ocrx_word' id='word_1_334' title='bbox 2574 1808 2927 1885; x_wconf 69' lang='grc' dir='ltr'>Εὐφροσύνην</span> <span class='ocrx_word' id='word_1_335' title='bbox 2976 1806 3244 1879; x_wconf 66' lang='grc' dir='ltr'>τοῦνομα,</span> <span class='ocrx_word' id='word_1_336' title='bbox 3291 1808 3342 1878; x_wconf 80' lang='grc' dir='ltr'>ἐξ</span> <span class='ocrx_word' id='word_1_337' title='bbox 3374 1809 3447 1862; x_wconf 84' lang='grc' dir='ltr'>ὧν</span> <span class='ocrx_word' id='word_1_338' title='bbox 3480 1803 3761 1861; x_wconf 67' lang='grc' dir='ltr'>συνέϐαινε</span> 
     </span>
    </p>
   </div>
   <div class='ocr_carea' id='block_1_48' title="bbox 2106 1895 3758 1973">
    <p class='ocr_par' dir='ltr' id='par_1_48' title="bbox 2106 1895 3758 1973">
     <span class='ocr_line' id='line_1_48' title="bbox 2106 1895 3758 1973; baseline 0 -24"><span class='ocrx_word' id='word_1_339' title='bbox 2106 1897 2238 1967; x_wconf 75' lang='grc' dir='ltr'>μετὰ</span> <span class='ocrx_word' id='word_1_340' title='bbox 2270 1895 2455 1973; x_wconf 79' lang='grc' dir='ltr'>φιλίας</span> <span class='ocrx_word' id='word_1_341' title='bbox 2488 1896 2721 1961; x_wconf 85' lang='grc' dir='ltr'>ἐκείνους</span> <span class='ocrx_word' id='word_1_342' title='bbox 2751 1896 2898 1973; x_wconf 80' lang='grc' dir='ltr'>ἔχειν</span> <span class='ocrx_word' id='word_1_343' title='bbox 2941 1897 2973 1951; x_wconf 79' lang='grc' dir='ltr'>ἃ</span> <span class='ocrx_word' id='word_1_344' title='bbox 3022 1896 3087 1967; x_wconf 77' lang='grc' dir='ltr'>δὴ</span> <span class='ocrx_word' id='word_1_345' title='bbox 3136 1897 3758 1973; x_wconf 79' lang='grc' dir='ltr'>προσταλαιπιυροῦντες</span> 
     </span>
    </p>
   </div>
   <div class='ocr_carea' id='block_1_49' title="bbox 2102 1983 2914 2057">
    <p class='ocr_par' dir='ltr' id='par_1_49' title="bbox 2102 1983 2914 2057">
     <span class='ocr_line' id='line_1_49' title="bbox 2102 1983 2914 2057; baseline 0.002 -18"><span class='ocrx_word' id='word_1_346' title='bbox 2102 1983 2334 2057; x_wconf 66' lang='grc' dir='ltr'>πολέμῳ</span> <span class='ocrx_word' id='word_1_347' title='bbox 2370 1985 2531 2057; x_wconf 88' lang='grc' dir='ltr'>μόλις</span> <span class='ocrx_word' id='word_1_348' title='bbox 2565 1986 2623 2040; x_wconf 78' lang='grc' dir='ltr'>’ἀν</span> <span class='ocrx_word' id='word_1_349' title='bbox 2654 1985 2914 2042; x_wconf 81' lang='grc' dir='ltr'>ἐκτῶντο.</span> 
     </span>
    </p>
   </div>
   <div class='ocr_carea' id='block_1_50' title="bbox 2105 2092 3757 2171">
    <p class='ocr_par' dir='ltr' id='par_1_50' title="bbox 2105 2092 3757 2171">
     <span class='ocr_line' id='line_1_50' title="bbox 2105 2092 3757 2171; baseline -0.001 -22"><span class='ocrx_word' id='word_1_350' title='bbox 2105 2096 2166 2156; x_wconf 86' lang='grc' dir='ltr'>ς’.</span> <span class='ocrx_word' id='word_1_351' title='bbox 2200 2100 2385 2155; x_wconf 79' lang='grc' dir='ltr'>Ὅπως</span> <span class='ocrx_word' id='word_1_352' title='bbox 2422 2096 2474 2147; x_wconf 71' lang='grc' dir='ltr'>αἱ</span> <span class='ocrx_word' id='word_1_353' title='bbox 2504 2100 2651 2167; x_wconf 87' lang='grc' dir='ltr'>τρεῖς</span> <span class='ocrx_word' id='word_1_354' title='bbox 2688 2092 2965 2171; x_wconf 81' lang='grc' dir='ltr'>βασιλίδες</span> <span class='ocrx_word' id='word_1_355' title='bbox 2989 2092 3243 2171; x_wconf 85' lang='grc' dir='ltr'>ἀνδράσιν</span> <span class='ocrx_word' id='word_1_356' title='bbox 3276 2094 3633 2167; x_wconf 81' lang='grc' dir='ltr'>ἡρμόσθησαν</span> <span class='ocrx_word' id='word_1_357' title='bbox 3666 2094 3757 2148; x_wconf 85' lang='grc' dir='ltr'>καὶ</span> 
     </span>
    </p>
   </div>
   <div class='ocr_carea' id='block_1_51' title="bbox 2812 2168 3048 2229">
    <p class='ocr_par' dir='ltr' id='par_1_51' title="bbox 2812 2168 3048 2229">
     <span class='ocr_line' id='line_1_51' title="bbox 2812 2168 3048 2229; baseline 0 -8"><span class='ocrx_word' id='word_1_358' title='bbox 2812 2168 3048 2229; x_wconf 87' lang='grc' dir='ltr'>ὁποίοις.</span> 
     </span>
    </p>
   </div>
   <div class='ocr_carea' id='block_1_52' title="bbox 2179 2253 3761 2331">
    <p class='ocr_par' dir='ltr' id='par_1_52' title="bbox 2179 2253 3761 2331">
     <span class='ocr_line' id='line_1_52' title="bbox 2179 2253 3761 2331; baseline -0.001 -20"><span class='ocrx_word' id='word_1_359' title='bbox 2179 2258 2273 2325; x_wconf 83' lang='grc' dir='ltr'>Τῷ</span> <span class='ocrx_word' id='word_1_360' title='bbox 2335 2256 2428 2327; x_wconf 71' lang='grc' dir='ltr'>μὲν</span> <span class='ocrx_word' id='word_1_361' title='bbox 2473 2256 2562 2308; x_wconf 71' lang='grc' dir='ltr'>οὖν</span> <span class='ocrx_word' id='word_1_362' title='bbox 2610 2255 2825 2330; x_wconf 82' lang='grc' dir='ltr'>βασιλεῖ</span> <span class='ocrx_word' id='word_1_363' title='bbox 2857 2256 2989 2327; x_wconf 82' lang='grc' dir='ltr'>μετὰ</span> <span class='ocrx_word' id='word_1_364' title='bbox 3018 2261 3184 2310; x_wconf 71' lang='grc' dir='ltr'>ταῦτα</span> <span class='ocrx_word' id='word_1_365' title='bbox 3233 2253 3528 2331; x_wconf 63' lang='grc' dir='ltr'>διέγνωστο</span> <span class='ocrx_word' id='word_1_366' title='bbox 3579 2254 3761 2310; x_wconf 83' lang='grc' dir='ltr'>ἀπαλ-</span> 
     </span>
    </p>
   </div>
   <div class='ocr_carea' id='block_1_53' title="bbox 2109 2343 3763 2424">
    <p class='ocr_par' dir='ltr' id='par_1_53' title="bbox 2109 2343 3763 2424">
     <span class='ocr_line' id='line_1_53' title="bbox 2109 2343 3763 2424; baseline -0.001 -25"><span class='ocrx_word' id='word_1_367' title='bbox 2109 2343 2346 2418; x_wconf 77' lang='grc' dir='ltr'>λαγῆναι</span> <span class='ocrx_word' id='word_1_368' title='bbox 2390 2344 2477 2398; x_wconf 82' lang='grc' dir='ltr'>καὶ</span> <span class='ocrx_word' id='word_1_369' title='bbox 2520 2349 2629 2398; x_wconf 92' lang='grc' dir='ltr'>τῶν</span> <span class='ocrx_word' id='word_1_370' title='bbox 2680 2344 2975 2420; x_wconf 83' lang='grc' dir='ltr'>βασιλίδων</span> <span class='ocrx_word' id='word_1_371' title='bbox 3007 2351 3115 2400; x_wconf 91' lang='grc' dir='ltr'>τῶν</span> <span class='ocrx_word' id='word_1_372' title='bbox 3147 2346 3233 2399; x_wconf 81' lang='grc' dir='ltr'>καὶ</span> <span class='ocrx_word' id='word_1_373' title='bbox 3282 2343 3632 2424; x_wconf 60' lang='grc' dir='ltr'>αὐταδέλφων</span> <span class='ocrx_word' id='word_1_374' title='bbox 3664 2348 3763 2400; x_wconf 77' lang='grc' dir='ltr'>τοῦ</span> 
     </span>
    </p>
   </div>
   <div class='ocr_carea' id='block_1_54' title="bbox 2109 2427 3766 2507">
    <p class='ocr_par' dir='ltr' id='par_1_54' title="bbox 2109 2427 3766 2507">
     <span class='ocr_line' id='line_1_54' title="bbox 2109 2427 3766 2507; baseline -0.001 -20"><span class='ocrx_word' id='word_1_375' title='bbox 2109 2430 2303 2493; x_wconf 83' lang='grc' dir='ltr'>παιδὸς</span> <span class='ocrx_word' id='word_1_376' title='bbox 2354 2431 2626 2501; x_wconf 86' lang='grc' dir='ltr'>Ἰωάννου,</span> <span class='ocrx_word' id='word_1_377' title='bbox 2672 2431 2947 2488; x_wconf 87' lang='grc' dir='ltr'>δοκουσῶν</span> <span class='ocrx_word' id='word_1_378' title='bbox 2999 2429 3145 2507; x_wconf 77' lang='grc' dir='ltr'>ἔχειν</span> <span class='ocrx_word' id='word_1_379' title='bbox 3187 2432 3277 2488; x_wconf 85' lang='grc' dir='ltr'>καὶ</span> <span class='ocrx_word' id='word_1_380' title='bbox 3312 2432 3523 2488; x_wconf 90' lang='grc' dir='ltr'>τούτων</span> <span class='ocrx_word' id='word_1_381' title='bbox 3554 2433 3617 2487; x_wconf 86' lang='grc' dir='ltr'>τὸ</span> <span class='ocrx_word' id='word_1_382' title='bbox 3670 2427 3766 2504; x_wconf 79' lang='grc' dir='ltr'>μέ-</span> 
     </span>
    </p>
   </div>
   <div class='ocr_carea' id='block_1_55' title="bbox 2113 2519 3764 2598">
    <p class='ocr_par' dir='ltr' id='par_1_55' title="bbox 2113 2519 3764 2598">
     <span class='ocr_line' id='line_1_55' title="bbox 2113 2519 3764 2598; baseline -0.001 -22"><span class='ocrx_word' id='word_1_383' title='bbox 2113 2543 2206 2597; x_wconf 91' lang='grc' dir='ltr'>ρος</span> <span class='ocrx_word' id='word_1_384' title='bbox 2262 2520 2541 2595; x_wconf 85' lang='grc' dir='ltr'>βασιλείας</span> <span class='ocrx_word' id='word_1_385' title='bbox 2588 2520 2795 2597; x_wconf 78' lang='grc' dir='ltr'>κλῆρον</span> <span class='ocrx_word' id='word_1_386' title='bbox 2856 2523 2962 2577; x_wconf 87' lang='grc' dir='ltr'>ἀπὸ</span> <span class='ocrx_word' id='word_1_387' title='bbox 3017 2522 3246 2598; x_wconf 85' lang='grc' dir='ltr'>πατρός.</span> <span class='ocrx_word' id='word_1_388' title='bbox 3306 2521 3405 2576; x_wconf 88' lang='grc' dir='ltr'>Καὶ</span> <span class='ocrx_word' id='word_1_389' title='bbox 3466 2519 3554 2577; x_wconf 84' lang='grc' dir='ltr'>διὰ</span> <span class='ocrx_word' id='word_1_390' title='bbox 3601 2525 3764 2577; x_wconf 77' lang='grc' dir='ltr'>τοῦτο</span> 
     </span>
    </p>
   </div>
   <div class='ocr_carea' id='block_1_56' title="bbox 2118 2611 3768 2688">
    <p class='ocr_par' dir='ltr' id='par_1_56' title="bbox 2118 2611 3768 2688">
     <span class='ocr_line' id='line_1_56' title="bbox 2118 2611 3768 2688; baseline 0.001 -23"><span class='ocrx_word' id='word_1_391' title='bbox 2118 2611 2252 2687; x_wconf 79' lang='grc' dir='ltr'>βαθύ</span> <span class='ocrx_word' id='word_1_392' title='bbox 2300 2633 2353 2667; x_wconf 92' lang='grc' dir='ltr'>τι</span> <span class='ocrx_word' id='word_1_393' title='bbox 2404 2616 2621 2666; x_wconf 87' lang='grc' dir='ltr'>σκοπῶν</span> <span class='ocrx_word' id='word_1_394' title='bbox 2656 2611 2859 2675; x_wconf 87' lang='grc' dir='ltr'>ἐκεῖνος</span> <span class='ocrx_word' id='word_1_395' title='bbox 2885 2615 3191 2686; x_wconf 81' lang='grc' dir='ltr'>Ῥωμαίους</span> <span class='ocrx_word' id='word_1_396' title='bbox 3246 2611 3434 2676; x_wconf 81' lang='grc' dir='ltr'>αὐταῖς</span> <span class='ocrx_word' id='word_1_397' title='bbox 3459 2611 3522 2667; x_wconf 81' lang='grc' dir='ltr'>οὐ</span> <span class='ocrx_word' id='word_1_398' title='bbox 3572 2612 3768 2688; x_wconf 70' lang='grc' dir='ltr'>συνήρ-</span> 
     </span>
    </p>
   </div>
   <div class='ocr_carea' id='block_1_57' title="bbox 2110 2814 3762 2889">
    <p class='ocr_par' dir='ltr' id='par_1_57' title="bbox 2110 2814 3762 2889">
     <span class='ocr_line' id='line_1_57' title="bbox 2110 2814 3762 2889; baseline -0.001 -19"><span class='ocrx_word' id='word_1_399' title='bbox 2110 2814 2260 2870; x_wconf 82' lang='lat' dir='ltr'>bello</span> <span class='ocrx_word' id='word_1_400' title='bbox 2314 2816 2646 2871; x_wconf 90' lang='lat' dir='ltr'>ceciderunt</span> <span class='ocrx_word' id='word_1_401' title='bbox 2704 2820 2805 2871; x_wconf 90' lang='lat' dir='ltr'>aut</span> <span class='ocrx_word' id='word_1_402' title='bbox 2852 2815 3176 2889; x_wconf 85' lang='lat' dir='ltr'>tyrannicis</span> <span class='ocrx_word' id='word_1_403' title='bbox 3238 2814 3551 2871; x_wconf 83' lang='lat' dir='ltr'>tormentis</span> <span class='ocrx_word' id='word_1_404' title='bbox 3612 2814 3762 2870; x_wconf 83' lang='lat' dir='ltr'>I80</span> 
     </span>
    </p>
   </div>
   <div class='ocr_carea' id='block_1_58' title="bbox 2110 2904 3757 2976">
    <p class='ocr_par' dir='ltr' id='par_1_58' title="bbox 2110 2904 3757 2976">
     <span class='ocr_line' id='line_1_58' title="bbox 2110 2904 3757 2976; baseline -0.002 -14"><span class='ocrx_word' id='word_1_405' title='bbox 2110 2904 2455 2962; x_wconf 64' lang='lat' dir='ltr'>Christianae</span> <span class='ocrx_word' id='word_1_406' title='bbox 2515 2922 2695 2961; x_wconf 89' lang='lat' dir='ltr'>causa</span> <span class='ocrx_word' id='word_1_407' title='bbox 2748 2905 2905 2971; x_wconf 82' lang='lat' dir='ltr'>ﬁdei,</span> <span class='ocrx_word' id='word_1_408' title='bbox 2940 2905 3094 2976; x_wconf 90' lang='lat' dir='ltr'>quod</span> <span class='ocrx_word' id='word_1_409' title='bbox 3119 2920 3246 2960; x_wconf 88' lang='lat' dir='ltr'>eam</span> <span class='ocrx_word' id='word_1_410' title='bbox 3281 2906 3571 2975; x_wconf 83' lang='lat' dir='ltr'>abnegare</span> <span class='ocrx_word' id='word_1_411' title='bbox 3598 2904 3757 2974; x_wconf 89' lang='lat' dir='ltr'>jussi</span> 
     </span>
    </p>
   </div>
   <div class='ocr_carea' id='block_1_59' title="bbox 2113 2993 3762 3066">
    <p class='ocr_par' dir='ltr' id='par_1_59' title="bbox 2113 2993 3762 3066">
     <span class='ocr_line' id='line_1_59' title="bbox 2113 2993 3762 3066; baseline 0 -17"><span class='ocrx_word' id='word_1_412' title='bbox 2113 2998 2424 3049; x_wconf 87' lang='lat' dir='ltr'>renuerent</span> <span class='ocrx_word' id='word_1_413' title='bbox 2482 2994 2818 3065; x_wconf 87' lang='lat' dir='ltr'>consumpti</span> <span class='ocrx_word' id='word_1_414' title='bbox 2876 2999 3035 3050; x_wconf 87' lang='lat' dir='ltr'>sunt.</span> <span class='ocrx_word' id='word_1_415' title='bbox 3088 3000 3173 3050; x_wconf 87' lang='lat' dir='ltr'>En</span> <span class='ocrx_word' id='word_1_416' title='bbox 3234 2994 3376 3066; x_wconf 91' lang='lat' dir='ltr'>quid</span> <span class='ocrx_word' id='word_1_417' title='bbox 3424 2993 3762 3049; x_wconf 87' lang='lat' dir='ltr'>Christiana</span> 
     </span>
    </p>
   </div>
   <div class='ocr_carea' id='block_1_60' title="bbox 2113 3082 3756 3155">
    <p class='ocr_par' dir='ltr' id='par_1_60' title="bbox 2113 3082 3756 3155">
     <span class='ocr_line' id='line_1_60' title="bbox 2113 3082 3756 3155; baseline -0.001 -18"><span class='ocrx_word' id='word_1_418' title='bbox 2113 3083 2445 3153; x_wconf 81' lang='lat' dir='ltr'>respublica</span> <span class='ocrx_word' id='word_1_419' title='bbox 2503 3083 2813 3154; x_wconf 78' lang='lat' dir='ltr'>profecerit</span> <span class='ocrx_word' id='word_1_420' title='bbox 2869 3099 2937 3138; x_wconf 83' lang='lat' dir='ltr'>ex</span> <span class='ocrx_word' id='word_1_421' title='bbox 2993 3084 3182 3139; x_wconf 84' lang='lat' dir='ltr'>auctis</span> <span class='ocrx_word' id='word_1_422' title='bbox 3230 3084 3564 3155; x_wconf 70' lang='lat' dir='ltr'>Ethiopum</span> <span class='ocrx_word' id='word_1_423' title='bbox 3617 3082 3756 3137; x_wconf 86' lang='lat' dir='ltr'>viri-</span> 
     </span>
    </p>
   </div>
   <div class='ocr_carea' id='block_1_61' title="bbox 2114 3170 3759 3244">
    <p class='ocr_par' dir='ltr' id='par_1_61' title="bbox 2114 3170 3759 3244">
     <span class='ocr_line' id='line_1_61' title="bbox 2114 3170 3759 3244; baseline -0.001 -17"><span class='ocrx_word' id='word_1_424' title='bbox 2114 3172 2223 3227; x_wconf 87' lang='lat' dir='ltr'>bus</span> <span class='ocrx_word' id='word_1_425' title='bbox 2256 3172 2651 3241; x_wconf 88' lang='lat' dir='ltr'>imprudentia</span> <span class='ocrx_word' id='word_1_426' title='bbox 2665 3172 2750 3227; x_wconf 91' lang='lat' dir='ltr'>vel</span> <span class='ocrx_word' id='word_1_427' title='bbox 2766 3173 2963 3244; x_wconf 89' lang='lat' dir='ltr'>potius</span> <span class='ocrx_word' id='word_1_428' title='bbox 2985 3173 3211 3227; x_wconf 90' lang='lat' dir='ltr'>malitia</span> <span class='ocrx_word' id='word_1_429' title='bbox 3234 3170 3759 3241; x_wconf 83' lang='lat' dir='ltr'>nostra,consiliis-</span> 
     </span>
    </p>
   </div>
   <div class='ocr_carea' id='block_1_62' title="bbox 2112 3262 3753 3333">
    <p class='ocr_par' dir='ltr' id='par_1_62' title="bbox 2112 3262 3753 3333">
     <span class='ocr_line' id='line_1_62' title="bbox 2112 3262 3753 3333; baseline -0.001 -18"><span class='ocrx_word' id='word_1_430' title='bbox 2112 3279 2226 3332; x_wconf 89' lang='lat' dir='ltr'>que</span> <span class='ocrx_word' id='word_1_431' title='bbox 2258 3262 2590 3317; x_wconf 84' lang='lat' dir='ltr'>ambitiosis</span> <span class='ocrx_word' id='word_1_432' title='bbox 2622 3267 2677 3317; x_wconf 91' lang='lat' dir='ltr'>et</span> <span class='ocrx_word' id='word_1_433' title='bbox 2701 3262 2939 3333; x_wconf 83' lang='lat' dir='ltr'>privatis</span> <span class='ocrx_word' id='word_1_434' title='bbox 2973 3263 3418 3318; x_wconf 86' lang='lat' dir='ltr'>utilitatesbene</span> <span class='ocrx_word' id='word_1_435' title='bbox 3442 3263 3753 3332; x_wconf 82' lang='lat' dir='ltr'>quantovis</span> 
     </span>
    </p>
   </div>
   <div class='ocr_carea' id='block_1_63' title="bbox 354 3347 3751 3423">
    <p class='ocr_par' dir='ltr' id='par_1_63' title="bbox 354 3347 3751 3423">
     <span class='ocr_line' id='line_1_63' title="bbox 354 3347 3751 3423; baseline -0.003 -11"><span class='ocrx_word' id='word_1_436' title='bbox 354 3356 714 3412; x_wconf 83' lang='lat' dir='ltr'>maritimam</span> <span class='ocrx_word' id='word_1_437' title='bbox 747 3353 1079 3408; x_wconf 89' lang='lat' dir='ltr'>universam</span> <span class='ocrx_word' id='word_1_438' title='bbox 1108 3350 1535 3419; x_wconf 88' lang='lat' dir='ltr'>obtinentibus,</span> <span class='ocrx_word' id='word_1_439' title='bbox 1569 3351 1996 3420; x_wconf 89' lang='lat' dir='ltr'>imperantibus</span> <span class='ocrx_word' id='word_1_440' title='bbox 2027 3360 2071 3423; x_wconf 75' lang='grc' dir='ltr'>ς,</span> <span class='ocrx_word' id='word_1_441' title='bbox 2112 3357 2337 3422; x_wconf 90' lang='lat' dir='ltr'>emptas</span> <span class='ocrx_word' id='word_1_442' title='bbox 2368 3350 2677 3422; x_wconf 88' lang='lat' dir='ltr'>dispendio</span> <span class='ocrx_word' id='word_1_443' title='bbox 2710 3351 3005 3407; x_wconf 89' lang='lat' dir='ltr'>arbitratis</span> <span class='ocrx_word' id='word_1_444' title='bbox 3034 3349 3490 3422; x_wconf 83' lang='lat' dir='ltr'>cupiditatibus!</span> <span class='ocrx_word' id='word_1_445' title='bbox 3526 3347 3751 3403; x_wconf 88' lang='lat' dir='ltr'>Tocha-</span> 
     </span>
    </p>
   </div>
   <div class='ocr_carea' id='block_1_64' title="bbox 355 3439 2009 3512">
    <p class='ocr_par' dir='ltr' id='par_1_64' title="bbox 355 3439 2009 3512">
     <span class='ocr_line' id='line_1_64' title="bbox 355 3439 2009 3512; baseline -0.005 -10"><span class='ocrx_word' id='word_1_446' title='bbox 355 3447 535 3502; x_wconf 89' lang='lat' dir='ltr'>etiam</span> <span class='ocrx_word' id='word_1_447' title='bbox 570 3442 879 3498; x_wconf 76' lang='lat' dir='ltr'>Phosnicize</span> <span class='ocrx_word' id='word_1_448' title='bbox 910 3448 968 3496; x_wconf 91' lang='lat' dir='ltr'>et</span> <span class='ocrx_word' id='word_1_449' title='bbox 1013 3440 1125 3512; x_wconf 89' lang='lat' dir='ltr'>ipsi</span> <span class='ocrx_word' id='word_1_450' title='bbox 1159 3440 1397 3495; x_wconf 89' lang='lat' dir='ltr'>urbium</span> <span class='ocrx_word' id='word_1_451' title='bbox 1431 3439 1569 3493; x_wconf 89' lang='lat' dir='ltr'>olim</span> <span class='ocrx_word' id='word_1_452' title='bbox 1606 3439 1857 3511; x_wconf 87' lang='lat' dir='ltr'>principi</span> <span class='ocrx_word' id='word_1_453' title='bbox 1886 3442 2009 3495; x_wconf 87' lang='lat' dir='ltr'>An-</span> 
     </span>
    </p>
   </div>
   <div class='ocr_carea' id='block_1_65' title="bbox 356 3528 2007 3599">
    <p class='ocr_par' dir='ltr' id='par_1_65' title="bbox 356 3528 2007 3599">
     <span class='ocr_line' id='line_1_65' title="bbox 356 3528 2007 3599; baseline -0.004 -8"><span class='ocrx_word' id='word_1_454' title='bbox 356 3534 587 3591; x_wconf 67' lang='lat' dir='ltr'>tiochia:</span> <span class='ocrx_word' id='word_1_455' title='bbox 647 3531 1113 3599; x_wconf 86' lang='lat' dir='ltr'>dominantibus,</span> <span class='ocrx_word' id='word_1_456' title='bbox 1165 3534 1223 3584; x_wconf 89' lang='lat' dir='ltr'>et</span> <span class='ocrx_word' id='word_1_457' title='bbox 1253 3528 1482 3583; x_wconf 89' lang='lat' dir='ltr'>eductis</span> <span class='ocrx_word' id='word_1_458' title='bbox 1513 3528 1648 3582; x_wconf 83' lang='lat' dir='ltr'>inde</span> <span class='ocrx_word' id='word_1_459' title='bbox 1680 3528 1891 3585; x_wconf 86' lang='lat' dir='ltr'>validis</span> <span class='ocrx_word' id='word_1_460' title='bbox 1914 3546 2007 3584; x_wconf 84' lang='lat' dir='ltr'>co-</span> 
     </span>
    </p>
   </div>
   <div class='ocr_carea' id='block_1_66' title="bbox 354 3616 2007 3696">
    <p class='ocr_par' dir='ltr' id='par_1_66' title="bbox 354 3616 2007 3696">
     <span class='ocr_line' id='line_1_66' title="bbox 354 3616 2007 3696; baseline -0.002 -19"><span class='ocrx_word' id='word_1_461' title='bbox 354 3625 467 3696; x_wconf 86' lang='lat' dir='ltr'>piis</span> <span class='ocrx_word' id='word_1_462' title='bbox 487 3638 765 3693; x_wconf 89' lang='lat' dir='ltr'>prospere</span> <span class='ocrx_word' id='word_1_463' title='bbox 787 3619 1039 3675; x_wconf 87' lang='lat' dir='ltr'>subinde</span> <span class='ocrx_word' id='word_1_464' title='bbox 1062 3623 1282 3673; x_wconf 87' lang='lat' dir='ltr'>certare</span> <span class='ocrx_word' id='word_1_465' title='bbox 1314 3616 1504 3672; x_wconf 84' lang='lat' dir='ltr'>solitis</span> <span class='ocrx_word' id='word_1_466' title='bbox 1531 3618 1601 3672; x_wconf 90' lang='lat' dir='ltr'>de</span> <span class='ocrx_word' id='word_1_467' title='bbox 1637 3617 2007 3688; x_wconf 87' lang='lat' dir='ltr'>possessione</span> 
     </span>
    </p>
   </div>
   <div class='ocr_carea' id='block_1_67' title="bbox 355 3706 2004 3777">
    <p class='ocr_par' dir='ltr' id='par_1_67' title="bbox 355 3706 2004 3777">
     <span class='ocr_line' id='line_1_67' title="bbox 355 3706 2004 3777; baseline -0.004 -9"><span class='ocrx_word' id='word_1_468' title='bbox 355 3713 621 3768; x_wconf 89' lang='lat' dir='ltr'>locorum</span> <span class='ocrx_word' id='word_1_469' title='bbox 652 3708 973 3764; x_wconf 68' lang='lat' dir='ltr'>Palaestinas</span> <span class='ocrx_word' id='word_1_470' title='bbox 1007 3706 1596 3777; x_wconf 89' lang='lat' dir='ltr'>antiquasanctitatis</span> <span class='ocrx_word' id='word_1_471' title='bbox 1622 3708 1776 3761; x_wconf 84' lang='lat' dir='ltr'>fama</span> <span class='ocrx_word' id='word_1_472' title='bbox 1798 3706 2004 3762; x_wconf 88' lang='lat' dir='ltr'>merito</span> 
     </span>
    </p>
   </div>
   <div class='ocr_carea' id='block_1_68' title="bbox 357 3797 2007 3873">
    <p class='ocr_par' dir='ltr' id='par_1_68' title="bbox 357 3797 2007 3873">
     <span class='ocr_line' id='line_1_68' title="bbox 357 3797 2007 3873; baseline -0.003 -16"><span class='ocrx_word' id='word_1_473' title='bbox 357 3802 740 3873; x_wconf 83' lang='lat' dir='ltr'>inclytorum,</span> <span class='ocrx_word' id='word_1_474' title='bbox 769 3799 923 3869; x_wconf 92' lang='lat' dir='ltr'>quod</span> <span class='ocrx_word' id='word_1_475' title='bbox 959 3799 1017 3852; x_wconf 88' lang='lat' dir='ltr'>in</span> <span class='ocrx_word' id='word_1_476' title='bbox 1048 3797 1118 3851; x_wconf 90' lang='lat' dir='ltr'>iis</span> <span class='ocrx_word' id='word_1_477' title='bbox 1148 3802 1436 3861; x_wconf 89' lang='lat' dir='ltr'>versatus,</span> <span class='ocrx_word' id='word_1_478' title='bbox 1499 3814 1711 3868; x_wconf 89' lang='lat' dir='ltr'>passus</span> <span class='ocrx_word' id='word_1_479' title='bbox 1743 3801 1799 3853; x_wconf 87' lang='lat' dir='ltr'>et</span> <span class='ocrx_word' id='word_1_480' title='bbox 1856 3798 2007 3852; x_wconf 90' lang='lat' dir='ltr'>mira</span> 
     </span>
    </p>
   </div>
   <div class='ocr_carea' id='block_1_69' title="bbox 360 3885 2005 3962">
    <p class='ocr_par' dir='ltr' id='par_1_69' title="bbox 360 3885 2005 3962">
     <span class='ocr_line' id='line_1_69' title="bbox 360 3885 2005 3962; baseline -0.004 -17"><span class='ocrx_word' id='word_1_481' title='bbox 360 3898 635 3962; x_wconf 85' lang='lat' dir='ltr'>operatus</span> <span class='ocrx_word' id='word_1_482' title='bbox 696 3888 867 3942; x_wconf 83' lang='lat' dir='ltr'>tuerit</span> <span class='ocrx_word' id='word_1_483' title='bbox 917 3886 1073 3941; x_wconf 90' lang='lat' dir='ltr'>Deus</span> <span class='ocrx_word' id='word_1_484' title='bbox 1106 3885 1293 3939; x_wconf 85' lang='lat' dir='ltr'>factus</span> <span class='ocrx_word' id='word_1_485' title='bbox 1321 3885 1516 3953; x_wconf 90' lang='lat' dir='ltr'>homo,</span> <span class='ocrx_word' id='word_1_486' title='bbox 1548 3886 1651 3953; x_wconf 90' lang='lat' dir='ltr'>illi,</span> <span class='ocrx_word' id='word_1_487' title='bbox 1686 3887 1756 3940; x_wconf 90' lang='lat' dir='ltr'>de</span> <span class='ocrx_word' id='word_1_488' title='bbox 1789 3887 2005 3957; x_wconf 89' lang='lat' dir='ltr'>quibus</span> 
     </span>
    </p>
   </div>
   <div class='ocr_carea' id='block_1_70' title="bbox 361 3974 2002 4052">
    <p class='ocr_par' dir='ltr' id='par_1_70' title="bbox 361 3974 2002 4052">
     <span class='ocr_line' id='line_1_70' title="bbox 361 3974 2002 4052; baseline -0.004 -16"><span class='ocrx_word' id='word_1_489' title='bbox 361 3980 615 4052; x_wconf 83' lang='lat' dir='ltr'>agimus,</span> <span class='ocrx_word' id='word_1_490' title='bbox 647 3976 943 4046; x_wconf 64' lang='lat' dir='ltr'>{Ethiopes</span> <span class='ocrx_word' id='word_1_491' title='bbox 992 3974 1122 4029; x_wconf 81' lang='lat' dir='ltr'>freti</span> <span class='ocrx_word' id='word_1_492' title='bbox 1179 3974 1530 4030; x_wconf 84' lang='lat' dir='ltr'>exercitibus</span> <span class='ocrx_word' id='word_1_493' title='bbox 1587 3975 2002 4044; x_wconf 85' lang='lat' dir='ltr'>exjuventute,</span> 
     </span>
    </p>
   </div>
   <div class='ocr_carea' id='block_1_71' title="bbox 362 4062 2004 4139">
    <p class='ocr_par' dir='ltr' id='par_1_71' title="bbox 362 4062 2004 4139">
     <span class='ocr_line' id='line_1_71' title="bbox 362 4062 2004 4139; baseline -0.004 -15"><span class='ocrx_word' id='word_1_494' title='bbox 362 4074 424 4125; x_wconf 92' lang='lat' dir='ltr'>ut</span> <span class='ocrx_word' id='word_1_495' title='bbox 455 4069 733 4136; x_wconf 86' lang='lat' dir='ltr'>diximus,</span> <span class='ocrx_word' id='word_1_496' title='bbox 766 4065 1039 4139; x_wconf 72' lang='lat' dir='ltr'>Scythica</span> <span class='ocrx_word' id='word_1_497' title='bbox 1068 4062 1355 4132; x_wconf 82' lang='lat' dir='ltr'>conﬂatis,</span> <span class='ocrx_word' id='word_1_498' title='bbox 1391 4069 1766 4134; x_wconf 79' lang='lat' dir='ltr'>erumpentes</span> <span class='ocrx_word' id='word_1_499' title='bbox 1798 4081 1828 4117; x_wconf 91' lang='lat' dir='ltr'>e</span> <span class='ocrx_word' id='word_1_500' title='bbox 1878 4064 2004 4117; x_wconf 89' lang='lat' dir='ltr'>suis</span> 
     </span>
    </p>
   </div>
   <div class='ocr_carea' id='block_1_72' title="bbox 356 4150 2005 4226">
    <p class='ocr_par' dir='ltr' id='par_1_72' title="bbox 356 4150 2005 4226">
     <span class='ocr_line' id='line_1_72' title="bbox 356 4150 2005 4226; baseline -0.004 -14"><span class='ocrx_word' id='word_1_501' title='bbox 356 4156 598 4213; x_wconf 88' lang='lat' dir='ltr'>latebris</span> <span class='ocrx_word' id='word_1_502' title='bbox 630 4156 773 4211; x_wconf 89' lang='lat' dir='ltr'>istas</span> <span class='ocrx_word' id='word_1_503' title='bbox 806 4153 1073 4226; x_wconf 87' lang='lat' dir='ltr'>regiones</span> <span class='ocrx_word' id='word_1_504' title='bbox 1102 4153 1408 4208; x_wconf 87' lang='lat' dir='ltr'>universas</span> <span class='ocrx_word' id='word_1_505' title='bbox 1450 4150 1895 4206; x_wconf 87' lang='lat' dir='ltr'>latrociniorum</span> <span class='ocrx_word' id='word_1_506' title='bbox 1949 4154 2005 4205; x_wconf 89' lang='lat' dir='ltr'>et</span> 
     </span>
    </p>
   </div>
   <div class='ocr_carea' id='block_1_73' title="bbox 354 4238 2001 4318">
    <p class='ocr_par' dir='ltr' id='par_1_73' title="bbox 354 4238 2001 4318">
     <span class='ocr_line' id='line_1_73' title="bbox 354 4238 2001 4318; baseline -0.005 -16"><span class='ocrx_word' id='word_1_507' title='bbox 354 4247 675 4318; x_wconf 59' lang='lat' dir='ltr'>praedatum</span> <span class='ocrx_word' id='word_1_508' title='bbox 700 4259 975 4314; x_wconf 87' lang='lat' dir='ltr'>campum</span> <span class='ocrx_word' id='word_1_509' title='bbox 1005 4241 1357 4307; x_wconf 89' lang='lat' dir='ltr'>habuerunt,</span> <span class='ocrx_word' id='word_1_510' title='bbox 1395 4242 1649 4295; x_wconf 84' lang='lat' dir='ltr'>ferentes</span> <span class='ocrx_word' id='word_1_511' title='bbox 1682 4238 1799 4294; x_wconf 91' lang='lat' dir='ltr'>illic</span> <span class='ocrx_word' id='word_1_512' title='bbox 1823 4256 2001 4310; x_wconf 88' lang='lat' dir='ltr'>agen-</span> 
     </span>
    </p>
   </div>
   <div class='ocr_carea' id='block_1_74' title="bbox 349 4330 2001 4407">
    <p class='ocr_par' dir='ltr' id='par_1_74' title="bbox 349 4330 2001 4407">
     <span class='ocr_line' id='line_1_74' title="bbox 349 4330 2001 4407; baseline -0.004 -16"><span class='ocrx_word' id='word_1_513' title='bbox 349 4341 557 4407; x_wconf 88' lang='lat' dir='ltr'>tesque</span> <span class='ocrx_word' id='word_1_514' title='bbox 613 4338 845 4403; x_wconf 90' lang='lat' dir='ltr'>cuncta,</span> <span class='ocrx_word' id='word_1_515' title='bbox 906 4337 961 4386; x_wconf 88' lang='lat' dir='ltr'>et</span> <span class='ocrx_word' id='word_1_516' title='bbox 1007 4337 1288 4401; x_wconf 87' lang='lat' dir='ltr'>tanquam</span> <span class='ocrx_word' id='word_1_517' title='bbox 1322 4330 1393 4385; x_wconf 91' lang='lat' dir='ltr'>de</span> <span class='ocrx_word' id='word_1_518' title='bbox 1446 4330 1640 4401; x_wconf 84' lang='lat' dir='ltr'>Mysis,</span> <span class='ocrx_word' id='word_1_519' title='bbox 1671 4331 1826 4402; x_wconf 91' lang='lat' dir='ltr'>quod</span> <span class='ocrx_word' id='word_1_520' title='bbox 1887 4330 2001 4387; x_wconf 89' lang='lat' dir='ltr'>dici</span> 
     </span>
    </p>
   </div>
   <div class='ocr_carea' id='block_1_75' title="bbox 351 4418 1999 4493">
    <p class='ocr_par' dir='ltr' id='par_1_75' title="bbox 351 4418 1999 4493">
     <span class='ocr_line' id='line_1_75' title="bbox 351 4418 1999 4493; baseline -0.002 -15"><span class='ocrx_word' id='word_1_521' title='bbox 351 4423 520 4491; x_wconf 87' lang='lat' dir='ltr'>solet,</span> <span class='ocrx_word' id='word_1_522' title='bbox 553 4423 796 4493; x_wconf 87' lang='lat' dir='ltr'>impune</span> <span class='ocrx_word' id='word_1_523' title='bbox 854 4418 1044 4491; x_wconf 87' lang='lat' dir='ltr'>spolia</span> <span class='ocrx_word' id='word_1_524' title='bbox 1104 4423 1425 4489; x_wconf 86' lang='lat' dir='ltr'>raptantes,</span> <span class='ocrx_word' id='word_1_525' title='bbox 1476 4419 1657 4474; x_wconf 87' lang='lat' dir='ltr'>donec</span> <span class='ocrx_word' id='word_1_526' title='bbox 1715 4420 1999 4490; x_wconf 91' lang='lat' dir='ltr'>paulatim</span> 
     </span>
    </p>
   </div>
   <div class='ocr_carea' id='block_1_76' title="bbox 351 4507 2000 4581">
    <p class='ocr_par' dir='ltr' id='par_1_76' title="bbox 351 4507 2000 4581">
     <span class='ocr_line' id='line_1_76' title="bbox 351 4507 2000 4581; baseline -0.002 -16"><span class='ocrx_word' id='word_1_527' title='bbox 351 4511 543 4581; x_wconf 79' lang='lat' dir='ltr'>(Italis</span> <span class='ocrx_word' id='word_1_528' title='bbox 575 4509 1031 4565; x_wconf 87' lang='lat' dir='ltr'>abhorrentibus</span> <span class='ocrx_word' id='word_1_529' title='bbox 1067 4507 1330 4561; x_wconf 69' lang='lat' dir='ltr'>afmdere</span> <span class='ocrx_word' id='word_1_530' title='bbox 1347 4522 1480 4562; x_wconf 89' lang='lat' dir='ltr'>cum</span> <span class='ocrx_word' id='word_1_531' title='bbox 1506 4508 1650 4577; x_wconf 87' lang='lat' dir='ltr'>ipsis</span> <span class='ocrx_word' id='word_1_532' title='bbox 1674 4507 1881 4563; x_wconf 91' lang='lat' dir='ltr'>icendo</span> <span class='ocrx_word' id='word_1_533' title='bbox 1908 4514 2000 4562; x_wconf 89' lang='lat' dir='ltr'>ut-</span> 
     </span>
    </p>
   </div>
   <div class='ocr_carea' id='block_1_77' title="bbox 350 4595 2001 4675">
    <p class='ocr_par' dir='ltr' id='par_1_77' title="bbox 350 4595 2001 4675">
     <span class='ocr_line' id='line_1_77' title="bbox 350 4595 2001 4675; baseline -0.003 -18"><span class='ocrx_word' id='word_1_534' title='bbox 350 4606 481 4675; x_wconf 84' lang='lat' dir='ltr'>pote</span> <span class='ocrx_word' id='word_1_535' title='bbox 538 4598 878 4655; x_wconf 71' lang='lat' dir='ltr'>venerandm</span> <span class='ocrx_word' id='word_1_536' title='bbox 904 4674 907 4675; x_wconf 14' lang='grc' dir='ltr'><em>ν</em></span> <span class='ocrx_word' id='word_1_537' title='bbox 933 4595 1123 4652; x_wconf 90' lang='lat' dir='ltr'>crucis</span> <span class='ocrx_word' id='word_1_538' title='bbox 1156 4596 1484 4652; x_wconf 89' lang='lat' dir='ltr'>notissimis</span> <span class='ocrx_word' id='word_1_539' title='bbox 1512 4601 1569 4651; x_wconf 91' lang='lat' dir='ltr'>et</span> <span class='ocrx_word' id='word_1_540' title='bbox 1600 4597 2001 4669; x_wconf 87' lang='lat' dir='ltr'>implacabili-</span> 
     </span>
    </p>
   </div>
   <div class='ocr_carea' id='block_1_78' title="bbox 2114 3437 3753 3497">
    <p class='ocr_par' dir='ltr' id='par_1_78' title="bbox 2114 3437 3753 3497">
     <span class='ocr_line' id='line_1_78' title="bbox 2114 3437 3753 3497; baseline -0.001 -3"><span class='ocrx_word' id='word_1_541' title='bbox 2114 3458 2307 3495; x_wconf 92' lang='lat' dir='ltr'>rorum</span> <span class='ocrx_word' id='word_1_542' title='bbox 2362 3458 2495 3496; x_wconf 91' lang='lat' dir='ltr'>vero</span> <span class='ocrx_word' id='word_1_543' title='bbox 2567 3441 2626 3494; x_wconf 93' lang='lat' dir='ltr'>in</span> <span class='ocrx_word' id='word_1_544' title='bbox 2684 3441 2878 3496; x_wconf 87' lang='lat' dir='ltr'>clades</span> <span class='ocrx_word' id='word_1_545' title='bbox 2940 3440 3410 3497; x_wconf 85' lang='lat' dir='ltr'>Christianorum</span> <span class='ocrx_word' id='word_1_546' title='bbox 3477 3437 3753 3493; x_wconf 84' lang='lat' dir='ltr'>ferociam</span> 
     </span>
    </p>
   </div>
   <div class='ocr_carea' id='block_1_79' title="bbox 2114 3530 3752 3601">
    <p class='ocr_par' dir='ltr' id='par_1_79' title="bbox 2114 3530 3752 3601">
     <span class='ocr_line' id='line_1_79' title="bbox 2114 3530 3752 3601; baseline -0.002 -16"><span class='ocrx_word' id='word_1_547' title='bbox 2114 3530 2304 3585; x_wconf 87' lang='lat' dir='ltr'>adhuc</span> <span class='ocrx_word' id='word_1_548' title='bbox 2338 3531 2575 3601; x_wconf 84' lang='lat' dir='ltr'>quidem</span> <span class='ocrx_word' id='word_1_549' title='bbox 2610 3534 2911 3601; x_wconf 89' lang='lat' dir='ltr'>utcunque</span> <span class='ocrx_word' id='word_1_550' title='bbox 2942 3548 3281 3586; x_wconf 86' lang='lat' dir='ltr'>coercemus</span> <span class='ocrx_word' id='word_1_551' title='bbox 3305 3547 3421 3585; x_wconf 91' lang='lat' dir='ltr'>non</span> <span class='ocrx_word' id='word_1_552' title='bbox 3454 3543 3752 3584; x_wconf 86' lang='lat' dir='ltr'>armorum</span> 
     </span>
    </p>
   </div>
   <div class='ocr_carea' id='block_1_80' title="bbox 2111 3619 3759 3691">
    <p class='ocr_par' dir='ltr' id='par_1_80' title="bbox 2111 3619 3759 3691">
     <span class='ocr_line' id='line_1_80' title="bbox 2111 3619 3759 3691; baseline -0.002 -17"><span class='ocrx_word' id='word_1_553' title='bbox 2111 3619 2313 3691; x_wconf 90' lang='lat' dir='ltr'>utique</span> <span class='ocrx_word' id='word_1_554' title='bbox 2336 3626 2492 3674; x_wconf 84' lang='lat' dir='ltr'>metu</span> <span class='ocrx_word' id='word_1_555' title='bbox 2522 3624 2625 3673; x_wconf 90' lang='lat' dir='ltr'>aut</span> <span class='ocrx_word' id='word_1_556' title='bbox 2657 3620 2879 3674; x_wconf 91' lang='lat' dir='ltr'>viribus</span> <span class='ocrx_word' id='word_1_557' title='bbox 2915 3622 3151 3687; x_wconf 87' lang='lat' dir='ltr'>nostris,</span> <span class='ocrx_word' id='word_1_558' title='bbox 3184 3620 3401 3691; x_wconf 89' lang='lat' dir='ltr'>quibus</span> <span class='ocrx_word' id='word_1_559' title='bbox 3433 3635 3609 3689; x_wconf 84' lang='lat' dir='ltr'>quam</span> <span class='ocrx_word' id='word_1_560' title='bbox 3643 3634 3759 3688; x_wconf 86' lang='lat' dir='ltr'>pa-</span> 
     </span>
    </p>
   </div>
   <div class='ocr_carea' id='block_1_81' title="bbox 2112 3707 3760 3781">
    <p class='ocr_par' dir='ltr' id='par_1_81' title="bbox 2112 3707 3760 3781">
     <span class='ocr_line' id='line_1_81' title="bbox 2112 3707 3760 3781; baseline 0 -20"><span class='ocrx_word' id='word_1_561' title='bbox 2112 3726 2241 3762; x_wconf 88' lang='lat' dir='ltr'>rum</span> <span class='ocrx_word' id='word_1_562' title='bbox 2278 3710 2533 3764; x_wconf 82' lang='lat' dir='ltr'>ﬁdamus</span> <span class='ocrx_word' id='word_1_563' title='bbox 2567 3709 2676 3781; x_wconf 91' lang='lat' dir='ltr'>ipsi</span> <span class='ocrx_word' id='word_1_564' title='bbox 2706 3714 2941 3777; x_wconf 90' lang='lat' dir='ltr'>norunt,</span> <span class='ocrx_word' id='word_1_565' title='bbox 2976 3710 3076 3764; x_wconf 89' lang='lat' dir='ltr'>sed</span> <span class='ocrx_word' id='word_1_566' title='bbox 3101 3708 3360 3781; x_wconf 86' lang='lat' dir='ltr'>precario</span> <span class='ocrx_word' id='word_1_567' title='bbox 3388 3707 3760 3764; x_wconf 87' lang='lat' dir='ltr'>emendicata</span> 
     </span>
    </p>
   </div>
   <div class='ocr_carea' id='block_1_82' title="bbox 2111 3797 3764 3867">
    <p class='ocr_par' dir='ltr' id='par_1_82' title="bbox 2111 3797 3764 3867">
     <span class='ocr_line' id='line_1_82' title="bbox 2111 3797 3764 3867; baseline 0 -16"><span class='ocrx_word' id='word_1_568' title='bbox 2111 3798 2296 3867; x_wconf 84' lang='lat' dir='ltr'>gratia</span> <span class='ocrx_word' id='word_1_569' title='bbox 2335 3797 2599 3865; x_wconf 87' lang='lat' dir='ltr'>illorum,</span> <span class='ocrx_word' id='word_1_570' title='bbox 2629 3799 2772 3864; x_wconf 83' lang='lat' dir='ltr'>sive,</span> <span class='ocrx_word' id='word_1_571' title='bbox 2806 3802 2870 3852; x_wconf 91' lang='lat' dir='ltr'>ut</span> <span class='ocrx_word' id='word_1_572' title='bbox 2900 3815 3034 3853; x_wconf 87' lang='lat' dir='ltr'>vero</span> <span class='ocrx_word' id='word_1_573' title='bbox 3066 3797 3347 3854; x_wconf 88' lang='lat' dir='ltr'>vocabulo</span> <span class='ocrx_word' id='word_1_574' title='bbox 3400 3814 3524 3852; x_wconf 87' lang='lat' dir='ltr'>rem</span> <span class='ocrx_word' id='word_1_575' title='bbox 3577 3801 3641 3851; x_wconf 92' lang='lat' dir='ltr'>ut</span> <span class='ocrx_word' id='word_1_576' title='bbox 3671 3799 3764 3851; x_wconf 81' lang='lat' dir='ltr'>est</span> 
     </span>
    </p>
   </div>
   <div class='ocr_carea' id='block_1_83' title="bbox 2110 3885 3763 3958">
    <p class='ocr_par' dir='ltr' id='par_1_83' title="bbox 2110 3885 3763 3958">
     <span class='ocr_line' id='line_1_83' title="bbox 2110 3885 3763 3958; baseline -0.001 -17"><span class='ocrx_word' id='word_1_577' title='bbox 2110 3888 2511 3958; x_wconf 89' lang='lat' dir='ltr'>exprimamus</span> <span class='ocrx_word' id='word_1_578' title='bbox 2536 3888 2845 3943; x_wconf 91' lang='lat' dir='ltr'>servilibus</span> <span class='ocrx_word' id='word_1_579' title='bbox 2876 3887 3597 3958; x_wconf 81' lang='lat' dir='ltr'>obsequiis,afﬁnitatibus</span> <span class='ocrx_word' id='word_1_580' title='bbox 3628 3885 3763 3940; x_wconf 86' lang='lat' dir='ltr'>illos</span> 
     </span>
    </p>
   </div>
   <div class='ocr_carea' id='block_1_84' title="bbox 2113 3974 3760 4043">
    <p class='ocr_par' dir='ltr' id='par_1_84' title="bbox 2113 3974 3760 4043">
     <span class='ocr_line' id='line_1_84' title="bbox 2113 3974 3760 4043; baseline -0.001 -13"><span class='ocrx_word' id='word_1_581' title='bbox 2113 3977 2551 4043; x_wconf 87' lang='lat' dir='ltr'>honorantes,et</span> <span class='ocrx_word' id='word_1_582' title='bbox 2580 3976 2835 4031; x_wconf 87' lang='lat' dir='ltr'>ditantes</span> <span class='ocrx_word' id='word_1_583' title='bbox 2861 3976 3030 4031; x_wconf 91' lang='lat' dir='ltr'>donis</span> <span class='ocrx_word' id='word_1_584' title='bbox 3052 3976 3401 4032; x_wconf 88' lang='lat' dir='ltr'>creberrime</span> <span class='ocrx_word' id='word_1_585' title='bbox 3421 3974 3760 4041; x_wconf 89' lang='lat' dir='ltr'>missitatis,</span> 
     </span>
    </p>
   </div>
   <div class='ocr_carea' id='block_1_85' title="bbox 2110 4065 3753 4137">
    <p class='ocr_par' dir='ltr' id='par_1_85' title="bbox 2110 4065 3753 4137">
     <span class='ocr_line' id='line_1_85' title="bbox 2110 4065 3753 4137; baseline 0 -19"><span class='ocrx_word' id='word_1_586' title='bbox 2110 4082 2287 4136; x_wconf 84' lang='lat' dir='ltr'>quam</span> <span class='ocrx_word' id='word_1_587' title='bbox 2333 4066 2390 4119; x_wconf 92' lang='lat' dir='ltr'>in</span> <span class='ocrx_word' id='word_1_588' title='bbox 2441 4082 2564 4119; x_wconf 91' lang='lat' dir='ltr'>rem</span> <span class='ocrx_word' id='word_1_589' title='bbox 2615 4065 2838 4136; x_wconf 90' lang='lat' dir='ltr'>optima</span> <span class='ocrx_word' id='word_1_590' title='bbox 2866 4070 2924 4119; x_wconf 92' lang='lat' dir='ltr'>et</span> <span class='ocrx_word' id='word_1_591' title='bbox 2956 4065 3385 4137; x_wconf 84' lang='lat' dir='ltr'>pretiosissima</span> <span class='ocrx_word' id='word_1_592' title='bbox 3417 4072 3753 4120; x_wconf 80' lang='lat' dir='ltr'>nostrorum</span> 
     </span>
    </p>
   </div>
   <div class='ocr_carea' id='block_1_86' title="bbox 2110 4152 3757 4226">
    <p class='ocr_par' dir='ltr' id='par_1_86' title="bbox 2110 4152 3757 4226">
     <span class='ocr_line' id='line_1_86' title="bbox 2110 4152 3757 4226; baseline 0.001 -19"><span class='ocrx_word' id='word_1_593' title='bbox 2110 4154 2662 4226; x_wconf 88' lang='lat' dir='ltr'>impendimus.Huc</span> <span class='ocrx_word' id='word_1_594' title='bbox 2695 4155 2949 4226; x_wconf 86' lang='lat' dir='ltr'>pertinet</span> <span class='ocrx_word' id='word_1_595' title='bbox 2979 4155 3135 4225; x_wconf 92' lang='lat' dir='ltr'>quod</span> <span class='ocrx_word' id='word_1_596' title='bbox 3157 4155 3456 4225; x_wconf 83' lang='lat' dir='ltr'>aliquanto</span> <span class='ocrx_word' id='word_1_597' title='bbox 3480 4152 3757 4226; x_wconf 70' lang='lat' dir='ltr'>posthaec</span> 
     </span>
    </p>
   </div>
   <div class='ocr_carea' id='block_1_87' title="bbox 2108 4241 3755 4315">
    <p class='ocr_par' dir='ltr' id='par_1_87' title="bbox 2108 4241 3755 4315">
     <span class='ocr_line' id='line_1_87' title="bbox 2108 4241 3755 4315; baseline -0.001 -18"><span class='ocrx_word' id='word_1_598' title='bbox 2108 4248 2374 4313; x_wconf 87' lang='lat' dir='ltr'>tempora</span> <span class='ocrx_word' id='word_1_599' title='bbox 2406 4244 2593 4297; x_wconf 76' lang='lat' dir='ltr'>fcedus</span> <span class='ocrx_word' id='word_1_600' title='bbox 2624 4242 2794 4298; x_wconf 89' lang='lat' dir='ltr'>inivit</span> <span class='ocrx_word' id='word_1_601' title='bbox 2824 4243 3147 4315; x_wconf 90' lang='lat' dir='ltr'>imperator</span> <span class='ocrx_word' id='word_1_602' title='bbox 3178 4260 3309 4298; x_wconf 92' lang='lat' dir='ltr'>cum</span> <span class='ocrx_word' id='word_1_603' title='bbox 3335 4242 3617 4298; x_wconf 86' lang='lat' dir='ltr'>Tocharis</span> <span class='ocrx_word' id='word_1_604' title='bbox 3645 4241 3755 4297; x_wconf 89' lang='lat' dir='ltr'>Oc-</span> 
     </span>
    </p>
   </div>
   <div class='ocr_carea' id='block_1_88' title="bbox 2108 4332 3758 4405">
    <p class='ocr_par' dir='ltr' id='par_1_88' title="bbox 2108 4332 3758 4405">
     <span class='ocr_line' id='line_1_88' title="bbox 2108 4332 3758 4405; baseline 0 -19"><span class='ocrx_word' id='word_1_605' title='bbox 2108 4333 2316 4400; x_wconf 90' lang='lat' dir='ltr'>ciduis,</span> <span class='ocrx_word' id='word_1_606' title='bbox 2378 4350 2447 4387; x_wconf 86' lang='lat' dir='ltr'>ex</span> <span class='ocrx_word' id='word_1_607' title='bbox 2476 4334 2636 4404; x_wconf 92' lang='lat' dir='ltr'>prius</span> <span class='ocrx_word' id='word_1_608' title='bbox 2668 4333 2883 4404; x_wconf 88' lang='lat' dir='ltr'>ignotis</span> <span class='ocrx_word' id='word_1_609' title='bbox 2917 4334 3159 4404; x_wconf 87' lang='lat' dir='ltr'>prodere</span> <span class='ocrx_word' id='word_1_610' title='bbox 3192 4349 3255 4389; x_wconf 92' lang='lat' dir='ltr'>se</span> <span class='ocrx_word' id='word_1_611' title='bbox 3304 4348 3370 4387; x_wconf 86' lang='lat' dir='ltr'>ac</span> <span class='ocrx_word' id='word_1_612' title='bbox 3404 4332 3665 4405; x_wconf 86' lang='lat' dir='ltr'>proferre</span> <span class='ocrx_word' id='word_1_613' title='bbox 3695 4332 3758 4386; x_wconf 92' lang='lat' dir='ltr'>in</span> 
     </span>
    </p>
   </div>
   <div class='ocr_carea' id='block_1_89' title="bbox 2105 4422 3757 4493">
    <p class='ocr_par' dir='ltr' id='par_1_89' title="bbox 2105 4422 3757 4493">
     <span class='ocr_line' id='line_1_89' title="bbox 2105 4422 3757 4493; baseline -0.001 -16"><span class='ocrx_word' id='word_1_614' title='bbox 2105 4423 2298 4478; x_wconf 90' lang='lat' dir='ltr'>lucem</span> <span class='ocrx_word' id='word_1_615' title='bbox 2342 4422 2785 4492; x_wconf 87' lang='lat' dir='ltr'>incipientibus,</span> <span class='ocrx_word' id='word_1_616' title='bbox 2818 4428 2876 4477; x_wconf 91' lang='lat' dir='ltr'>et</span> <span class='ocrx_word' id='word_1_617' title='bbox 2933 4439 3063 4493; x_wconf 67' lang='lat' dir='ltr'>quas</span> <span class='ocrx_word' id='word_1_618' title='bbox 3092 4422 3309 4478; x_wconf 83' lang='lat' dir='ltr'>nostris</span> <span class='ocrx_word' id='word_1_619' title='bbox 3343 4422 3561 4477; x_wconf 81' lang='lat' dir='ltr'>finibus</span> <span class='ocrx_word' id='word_1_620' title='bbox 3591 4439 3626 4477; x_wconf 77' lang='grc' dir='ltr'>ἃ</span> <span class='ocrx_word' id='word_1_621' title='bbox 3654 4424 3757 4476; x_wconf 87' lang='lat' dir='ltr'>Se-</span> 
     </span>
    </p>
   </div>
   <div class='ocr_carea' id='block_1_90' title="bbox 2108 4511 3758 4585">
    <p class='ocr_par' dir='ltr' id='par_1_90' title="bbox 2108 4511 3758 4585">
     <span class='ocr_line' id='line_1_90' title="bbox 2108 4511 3758 4585; baseline -0.001 -19"><span class='ocrx_word' id='word_1_622' title='bbox 2108 4514 2433 4585; x_wconf 78' lang='lat' dir='ltr'>ptentrione</span> <span class='ocrx_word' id='word_1_623' title='bbox 2457 4512 2728 4582; x_wconf 88' lang='lat' dir='ltr'>objacent</span> <span class='ocrx_word' id='word_1_624' title='bbox 2760 4512 2811 4565; x_wconf 90' lang='lat' dir='ltr'>vi</span> <span class='ocrx_word' id='word_1_625' title='bbox 2840 4513 3094 4567; x_wconf 87' lang='lat' dir='ltr'>maxima</span> <span class='ocrx_word' id='word_1_626' title='bbox 3124 4511 3758 4582; x_wconf 87' lang='lat' dir='ltr'>occupantibus.0uo-</span> 
     </span>
    </p>
   </div>
   <div class='ocr_carea' id='block_1_91' title="bbox 2108 4599 3759 4673">
    <p class='ocr_par' dir='ltr' id='par_1_91' title="bbox 2108 4599 3759 4673">
     <span class='ocr_line' id='line_1_91' title="bbox 2108 4599 3759 4673; baseline -0.002 -18"><span class='ocrx_word' id='word_1_627' title='bbox 2108 4618 2236 4655; x_wconf 91' lang='lat' dir='ltr'>rum</span> <span class='ocrx_word' id='word_1_628' title='bbox 2271 4602 2519 4672; x_wconf 90' lang='lat' dir='ltr'>principi</span> <span class='ocrx_word' id='word_1_629' title='bbox 2552 4606 2715 4672; x_wconf 88' lang='lat' dir='ltr'>Noga</span> <span class='ocrx_word' id='word_1_630' title='bbox 2746 4601 2899 4656; x_wconf 90' lang='lat' dir='ltr'>dicto</span> <span class='ocrx_word' id='word_1_631' title='bbox 2931 4601 3251 4673; x_wconf 88' lang='lat' dir='ltr'>imperator</span> <span class='ocrx_word' id='word_1_632' title='bbox 3280 4600 3455 4655; x_wconf 89' lang='lat' dir='ltr'>aliam</span> <span class='ocrx_word' id='word_1_633' title='bbox 3491 4615 3659 4654; x_wconf 89' lang='lat' dir='ltr'>suam</span> <span class='ocrx_word' id='word_1_634' title='bbox 3687 4599 3759 4652; x_wconf 82' lang='lat' dir='ltr'>ﬁ-</span> 
     </span>
    </p>
   </div>
   <div class='ocr_carea' id='block_1_92' title="bbox 346 4674 3753 4775">
    <p class='ocr_par' dir='ltr' id='par_1_92' title="bbox 346 4674 3753 4775">
     <span class='ocr_line' id='line_1_92' title="bbox 346 4674 3753 4775; baseline -0.002 -27"><span class='ocrx_word' id='word_1_635' title='bbox 346 4674 457 4749; x_wconf 89' lang='lat' dir='ltr'>bus</span> <span class='ocrx_word' id='word_1_636' title='bbox 481 4674 1589 4760; x_wconf 84' lang='lat' dir='ltr'>hostibus),quoad,inquam,paulatim</span> <span class='ocrx_word' id='word_1_637' title='bbox 1625 4693 1758 4758; x_wconf 91' lang='lat' dir='ltr'>post</span> <span class='ocrx_word' id='word_1_638' title='bbox 1778 4689 1992 4759; x_wconf 85' lang='lat' dir='ltr'>ejectos</span> <span class='ocrx_word' id='word_1_639' title='bbox 2023 4712 2069 4775; x_wconf 68' lang='grc' dir='ltr'>Β</span> <span class='ocrx_word' id='word_1_640' title='bbox 2107 4690 2267 4760; x_wconf 84' lang='lat' dir='ltr'>liam,</span> <span class='ocrx_word' id='word_1_641' title='bbox 2318 4695 2374 4745; x_wconf 89' lang='lat' dir='ltr'>et</span> <span class='ocrx_word' id='word_1_642' title='bbox 2402 4691 2589 4760; x_wconf 86' lang='lat' dir='ltr'>ipsam</span> <span class='ocrx_word' id='word_1_643' title='bbox 2638 4708 2707 4745; x_wconf 82' lang='lat' dir='ltr'>ex</span> <span class='ocrx_word' id='word_1_644' title='bbox 2739 4690 2943 4761; x_wconf 87' lang='lat' dir='ltr'>pellice</span> <span class='ocrx_word' id='word_1_645' title='bbox 2974 4692 3257 4762; x_wconf 88' lang='lat' dir='ltr'>genilam,</span> <span class='ocrx_word' id='word_1_646' title='bbox 3289 4690 3449 4744; x_wconf 87' lang='lat' dir='ltr'>dedit</span> <span class='ocrx_word' id='word_1_647' title='bbox 3482 4705 3753 4755; x_wconf 83' lang='lat' dir='ltr'>uxorem,</span> 
     </span>
    </p>
   </div>
   <div class='ocr_carea' id='block_1_93' title="bbox 343 4775 1989 4849">
    <p class='ocr_par' dir='ltr' id='par_1_93' title="bbox 343 4775 1989 4849">
     <span class='ocr_line' id='line_1_93' title="bbox 343 4775 1989 4849; baseline -0.004 -10"><span class='ocrx_word' id='word_1_648' title='bbox 343 4781 706 4839; x_wconf 87' lang='lat' dir='ltr'>Christianos</span> <span class='ocrx_word' id='word_1_649' title='bbox 756 4794 786 4832; x_wconf 91' lang='lat' dir='ltr'>e</span> <span class='ocrx_word' id='word_1_650' title='bbox 819 4776 1093 4833; x_wconf 82' lang='lat' dir='ltr'>maximis</span> <span class='ocrx_word' id='word_1_651' title='bbox 1152 4776 1400 4831; x_wconf 89' lang='lat' dir='ltr'>urbibus</span> <span class='ocrx_word' id='word_1_652' title='bbox 1450 4775 1607 4847; x_wconf 90' lang='lat' dir='ltr'>ipsas</span> <span class='ocrx_word' id='word_1_653' title='bbox 1640 4778 1764 4833; x_wconf 91' lang='lat' dir='ltr'>solo</span> <span class='ocrx_word' id='word_1_654' title='bbox 1796 4795 1989 4849; x_wconf 68' lang='lat' dir='ltr'>aequa-</span> 
     </span>
    </p>
   </div>
   <div class='ocr_carea' id='block_1_94' title="bbox 343 4864 1984 4937">
    <p class='ocr_par' dir='ltr' id='par_1_94' title="bbox 343 4864 1984 4937">
     <span class='ocr_line' id='line_1_94' title="bbox 343 4864 1984 4937; baseline -0.003 -10"><span class='ocrx_word' id='word_1_655' title='bbox 343 4875 499 4927; x_wconf 91' lang='lat' dir='ltr'>runt.</span> <span class='ocrx_word' id='word_1_656' title='bbox 535 4872 603 4925; x_wconf 85' lang='lat' dir='ltr'>Et</span> <span class='ocrx_word' id='word_1_657' title='bbox 624 4884 783 4924; x_wconf 89' lang='lat' dir='ltr'>nunc</span> <span class='ocrx_word' id='word_1_658' title='bbox 807 4868 967 4937; x_wconf 90' lang='lat' dir='ltr'>jacet</span> <span class='ocrx_word' id='word_1_659' title='bbox 985 4866 1221 4937; x_wconf 90' lang='lat' dir='ltr'>quidem</span> <span class='ocrx_word' id='word_1_660' title='bbox 1248 4864 1501 4920; x_wconf 88' lang='lat' dir='ltr'>illustris</span> <span class='ocrx_word' id='word_1_661' title='bbox 1528 4866 1628 4921; x_wconf 92' lang='lat' dir='ltr'>illa</span> <span class='ocrx_word' id='word_1_662' title='bbox 1653 4867 1984 4935; x_wconf 85' lang='lat' dir='ltr'>Antiochia,</span> 
     </span>
    </p>
   </div>
   <div class='ocr_carea' id='block_1_95' title="bbox 332 4956 1979 5031">
    <p class='ocr_par' dir='ltr' id='par_1_95' title="bbox 332 4956 1979 5031">
     <span class='ocr_line' id='line_1_95' title="bbox 332 4956 1979 5031; baseline -0.001 -16"><span class='ocrx_word' id='word_1_663' title='bbox 332 4962 494 5031; x_wconf 88' lang='lat' dir='ltr'>jacet</span> <span class='ocrx_word' id='word_1_664' title='bbox 549 4964 607 5014; x_wconf 91' lang='lat' dir='ltr'>et</span> <span class='ocrx_word' id='word_1_665' title='bbox 634 4964 913 5029; x_wconf 81' lang='lat' dir='ltr'>Apamea.</span> <span class='ocrx_word' id='word_1_666' title='bbox 950 4958 1258 5009; x_wconf 87' lang='lat' dir='ltr'>Destructa</span> <span class='ocrx_word' id='word_1_667' title='bbox 1289 4959 1377 5008; x_wconf 90' lang='lat' dir='ltr'>est</span> <span class='ocrx_word' id='word_1_668' title='bbox 1410 4956 1598 5026; x_wconf 86' lang='lat' dir='ltr'>Tyrus</span> <span class='ocrx_word' id='word_1_669' title='bbox 1629 4959 1686 5010; x_wconf 88' lang='lat' dir='ltr'>et</span> <span class='ocrx_word' id='word_1_670' title='bbox 1716 4960 1979 5027; x_wconf 81' lang='lat' dir='ltr'>Berytus.</span> 
     </span>
    </p>
   </div>
   <div class='ocr_carea' id='block_1_96' title="bbox 339 5042 1985 5117">
    <p class='ocr_par' dir='ltr' id='par_1_96' title="bbox 339 5042 1985 5117">
     <span class='ocr_line' id='line_1_96' title="bbox 339 5042 1985 5117; baseline -0.002 -12"><span class='ocrx_word' id='word_1_671' title='bbox 339 5049 517 5105; x_wconf 90' lang='lat' dir='ltr'>Sidon</span> <span class='ocrx_word' id='word_1_672' title='bbox 578 5062 808 5117; x_wconf 88' lang='lat' dir='ltr'>quoque</span> <span class='ocrx_word' id='word_1_673' title='bbox 843 5044 1061 5100; x_wconf 87' lang='lat' dir='ltr'>similia</span> <span class='ocrx_word' id='word_1_674' title='bbox 1094 5044 1330 5113; x_wconf 82' lang='lat' dir='ltr'>patitur.</span> <span class='ocrx_word' id='word_1_675' title='bbox 1367 5042 1496 5098; x_wconf 86' lang='lat' dir='ltr'>Alia</span> <span class='ocrx_word' id='word_1_676' title='bbox 1528 5061 1595 5099; x_wconf 83' lang='lat' dir='ltr'>ex</span> <span class='ocrx_word' id='word_1_677' title='bbox 1627 5051 1793 5115; x_wconf 88' lang='lat' dir='ltr'>parte</span> <span class='ocrx_word' id='word_1_678' title='bbox 1827 5046 1985 5116; x_wconf 87' lang='lat' dir='ltr'>luget</span> 
     </span>
    </p>
   </div>
   <div class='ocr_carea' id='block_1_97' title="bbox 339 5132 1981 5206">
    <p class='ocr_par' dir='ltr' id='par_1_97' title="bbox 339 5132 1981 5206">
     <span class='ocr_line' id='line_1_97' title="bbox 339 5132 1981 5206; baseline -0.001 -14"><span class='ocrx_word' id='word_1_679' title='bbox 339 5139 637 5193; x_wconf 87' lang='lat' dir='ltr'>Laodicea.</span> <span class='ocrx_word' id='word_1_680' title='bbox 687 5134 935 5206; x_wconf 86' lang='lat' dir='ltr'>Tripolis</span> <span class='ocrx_word' id='word_1_681' title='bbox 976 5139 1033 5187; x_wconf 89' lang='lat' dir='ltr'>et</span> <span class='ocrx_word' id='word_1_682' title='bbox 1073 5132 1408 5201; x_wconf 84' lang='lat' dir='ltr'>Ptolemais,</span> <span class='ocrx_word' id='word_1_683' title='bbox 1445 5150 1669 5205; x_wconf 60' lang='lat' dir='ltr'>magna:</span> <span class='ocrx_word' id='word_1_684' title='bbox 1701 5134 1981 5190; x_wconf 89' lang='lat' dir='ltr'>Italorum</span> 
     </span>
    </p>
   </div>
   <div class='ocr_carea' id='block_1_98' title="bbox 340 5222 1980 5294">
    <p class='ocr_par' dir='ltr' id='par_1_98' title="bbox 340 5222 1980 5294">
     <span class='ocr_line' id='line_1_98' title="bbox 340 5222 1980 5294; baseline -0.001 -14"><span class='ocrx_word' id='word_1_685' title='bbox 340 5227 610 5291; x_wconf 78' lang='lat' dir='ltr'>urbes,ac</span> <span class='ocrx_word' id='word_1_686' title='bbox 634 5224 999 5294; x_wconf 87' lang='lat' dir='ltr'>sinunquam</span> <span class='ocrx_word' id='word_1_687' title='bbox 1023 5222 1294 5289; x_wconf 80' lang='lat' dir='ltr'>fuissent,</span> <span class='ocrx_word' id='word_1_688' title='bbox 1324 5223 1980 5293; x_wconf 86' lang='lat' dir='ltr'>reputantur.Pulcher-</span> 
     </span>
    </p>
   </div>
   <div class='ocr_carea' id='block_1_99' title="bbox 338 5311 1979 5377">
    <p class='ocr_par' dir='ltr' id='par_1_99' title="bbox 338 5311 1979 5377">
     <span class='ocr_line' id='line_1_99' title="bbox 338 5311 1979 5377; baseline -0.001 -8"><span class='ocrx_word' id='word_1_689' title='bbox 338 5316 489 5369; x_wconf 89' lang='lat' dir='ltr'>rima</span> <span class='ocrx_word' id='word_1_690' title='bbox 535 5314 707 5369; x_wconf 88' lang='lat' dir='ltr'>etiam</span> <span class='ocrx_word' id='word_1_691' title='bbox 742 5313 1083 5377; x_wconf 85' lang='lat' dir='ltr'>Damascus,</span> <span class='ocrx_word' id='word_1_692' title='bbox 1116 5316 1405 5366; x_wconf 84' lang='lat' dir='ltr'>terminus</span> <span class='ocrx_word' id='word_1_693' title='bbox 1438 5311 1574 5366; x_wconf 88' lang='lat' dir='ltr'>olim</span> <span class='ocrx_word' id='word_1_694' title='bbox 1608 5316 1871 5367; x_wconf 63' lang='lat' dir='ltr'>Romanis</span> <span class='ocrx_word' id='word_1_695' title='bbox 1906 5314 1979 5369; x_wconf 88' lang='lat' dir='ltr'>ad</span> 
     </span>
    </p>
   </div>
   <div class='ocr_carea' id='block_1_100' title="bbox 333 5400 1978 5468">
    <p class='ocr_par' dir='ltr' id='par_1_100' title="bbox 333 5400 1978 5468">
     <span class='ocr_line' id='line_1_100' title="bbox 333 5400 1978 5468; baseline -0.002 -7"><span class='ocrx_word' id='word_1_696' title='bbox 333 5401 687 5461; x_wconf 88' lang='lat' dir='ltr'>Orientalem</span> <span class='ocrx_word' id='word_1_697' title='bbox 721 5400 1258 5468; x_wconf 86' lang='lat' dir='ltr'>ditionis,funditus</span> <span class='ocrx_word' id='word_1_698' title='bbox 1288 5417 1488 5455; x_wconf 84' lang='lat' dir='ltr'>eversa</span> <span class='ocrx_word' id='word_1_699' title='bbox 1510 5405 1618 5456; x_wconf 89' lang='lat' dir='ltr'>est.</span> <span class='ocrx_word' id='word_1_700' title='bbox 1640 5403 1705 5456; x_wconf 84' lang='lat' dir='ltr'>Et</span> <span class='ocrx_word' id='word_1_701' title='bbox 1738 5404 1978 5458; x_wconf 83' lang='lat' dir='ltr'>omnino</span> 
     </span>
    </p>
   </div>
   <div class='ocr_carea' id='block_1_101' title="bbox 333 5489 1977 5567">
    <p class='ocr_par' dir='ltr' id='par_1_101' title="bbox 333 5489 1977 5567">
     <span class='ocr_line' id='line_1_101' title="bbox 333 5489 1977 5567; baseline 0 -18"><span class='ocrx_word' id='word_1_702' title='bbox 333 5500 543 5567; x_wconf 70' lang='lat' dir='ltr'>praeter</span> <span class='ocrx_word' id='word_1_703' title='bbox 573 5489 886 5562; x_wconf 84' lang='lat' dir='ltr'>vectigales</span> <span class='ocrx_word' id='word_1_704' title='bbox 916 5490 1211 5544; x_wconf 89' lang='lat' dir='ltr'>Armeniis</span> <span class='ocrx_word' id='word_1_705' title='bbox 1248 5490 1519 5561; x_wconf 84' lang='lat' dir='ltr'>regiones</span> <span class='ocrx_word' id='word_1_706' title='bbox 1551 5490 1697 5545; x_wconf 90' lang='lat' dir='ltr'>nihil</span> <span class='ocrx_word' id='word_1_707' title='bbox 1731 5492 1812 5546; x_wconf 88' lang='lat' dir='ltr'>ibi</span> <span class='ocrx_word' id='word_1_708' title='bbox 1840 5496 1977 5549; x_wconf 92' lang='lat' dir='ltr'>sub-</span> 
     </span>
    </p>
   </div>
   <div class='ocr_carea' id='block_1_102' title="bbox 330 5579 1976 5653">
    <p class='ocr_par' dir='ltr' id='par_1_102' title="bbox 330 5579 1976 5653">
     <span class='ocr_line' id='line_1_102' title="bbox 330 5579 1976 5653; baseline -0.001 -13"><span class='ocrx_word' id='word_1_709' title='bbox 330 5585 507 5640; x_wconf 89' lang='lat' dir='ltr'>sistit.</span> <span class='ocrx_word' id='word_1_710' title='bbox 540 5579 1038 5636; x_wconf 88' lang='lat' dir='ltr'>Numerosissima</span> <span class='ocrx_word' id='word_1_711' title='bbox 1066 5595 1197 5633; x_wconf 90' lang='lat' dir='ltr'>vero</span> <span class='ocrx_word' id='word_1_712' title='bbox 1231 5579 1559 5650; x_wconf 88' lang='lat' dir='ltr'>provincias</span> <span class='ocrx_word' id='word_1_713' title='bbox 1590 5580 1720 5636; x_wconf 86' lang='lat' dir='ltr'>illas</span> <span class='ocrx_word' id='word_1_714' title='bbox 1747 5581 1976 5653; x_wconf 86' lang='lat' dir='ltr'>opimas</span> 
     </span>
    </p>
   </div>
   <div class='ocr_carea' id='block_1_103' title="bbox 326 5666 1974 5741">
    <p class='ocr_par' dir='ltr' id='par_1_103' title="bbox 326 5666 1974 5741">
     <span class='ocr_line' id='line_1_103' title="bbox 326 5666 1974 5741; baseline 0 -12"><span class='ocrx_word' id='word_1_715' title='bbox 326 5671 711 5729; x_wconf 88' lang='lat' dir='ltr'>incolentium</span> <span class='ocrx_word' id='word_1_716' title='bbox 758 5666 1077 5724; x_wconf 88' lang='lat' dir='ltr'>multitudo</span> <span class='ocrx_word' id='word_1_717' title='bbox 1127 5684 1230 5738; x_wconf 90' lang='lat' dir='ltr'>per</span> <span class='ocrx_word' id='word_1_718' title='bbox 1256 5685 1460 5724; x_wconf 89' lang='lat' dir='ltr'>omnes</span> <span class='ocrx_word' id='word_1_719' title='bbox 1492 5669 1762 5741; x_wconf 88' lang='lat' dir='ltr'>dispersa</span> <span class='ocrx_word' id='word_1_720' title='bbox 1795 5680 1974 5729; x_wconf 87' lang='lat' dir='ltr'>terras</span> 
     </span>
    </p>
   </div>
   <div class='ocr_carea' id='block_1_104' title="bbox 324 5756 1976 5832">
    <p class='ocr_par' dir='ltr' id='par_1_104' title="bbox 324 5756 1976 5832">
     <span class='ocr_line' id='line_1_104' title="bbox 324 5756 1976 5832; baseline 0.001 -16"><span class='ocrx_word' id='word_1_721' title='bbox 324 5762 383 5816; x_wconf 91' lang='lat' dir='ltr'>in</span> <span class='ocrx_word' id='word_1_722' title='bbox 440 5759 772 5817; x_wconf 89' lang='lat' dir='ltr'>miserrimo</span> <span class='ocrx_word' id='word_1_723' title='bbox 825 5756 1011 5829; x_wconf 85' lang='lat' dir='ltr'>gemit</span> <span class='ocrx_word' id='word_1_724' title='bbox 1056 5756 1279 5825; x_wconf 85' lang='lat' dir='ltr'>exsilio,</span> <span class='ocrx_word' id='word_1_725' title='bbox 1334 5762 1544 5828; x_wconf 82' lang='lat' dir='ltr'>praeter</span> <span class='ocrx_word' id='word_1_726' title='bbox 1590 5774 1690 5815; x_wconf 88' lang='lat' dir='ltr'>eos</span> <span class='ocrx_word' id='word_1_727' title='bbox 1740 5761 1840 5832; x_wconf 87' lang='lat' dir='ltr'>qui</span> <span class='ocrx_word' id='word_1_728' title='bbox 1874 5766 1976 5818; x_wconf 88' lang='lat' dir='ltr'>aut</span> 
     </span>
    </p>
   </div>
   <div class='ocr_carea' id='block_1_105' title="bbox 2102 4776 3755 4851">
    <p class='ocr_par' dir='ltr' id='par_1_105' title="bbox 2102 4776 3755 4851">
     <span class='ocr_line' id='line_1_105' title="bbox 2102 4776 3755 4851; baseline -0.002 -18"><span class='ocrx_word' id='word_1_729' title='bbox 2102 4780 2541 4851; x_wconf 88' lang='lat' dir='ltr'>Euphrosynem</span> <span class='ocrx_word' id='word_1_730' title='bbox 2594 4780 2851 4834; x_wconf 90' lang='lat' dir='ltr'>nomine.</span> <span class='ocrx_word' id='word_1_731' title='bbox 2918 4779 3077 4835; x_wconf 86' lang='lat' dir='ltr'>Unde</span> <span class='ocrx_word' id='word_1_732' title='bbox 3128 4780 3374 4851; x_wconf 88' lang='lat' dir='ltr'>contigit</span> <span class='ocrx_word' id='word_1_733' title='bbox 3403 4778 3563 4850; x_wconf 87' lang='lat' dir='ltr'>ipsos</span> <span class='ocrx_word' id='word_1_734' title='bbox 3597 4776 3755 4831; x_wconf 87' lang='lat' dir='ltr'>ultro</span> 
     </span>
    </p>
   </div>
   <div class='ocr_carea' id='block_1_106' title="bbox 2092 4868 3750 4937">
    <p class='ocr_par' dir='ltr' id='par_1_106' title="bbox 2092 4868 3750 4937">
     <span class='ocr_line' id='line_1_106' title="bbox 2092 4868 3750 4937; baseline -0.002 -14"><span class='ocrx_word' id='word_1_735' title='bbox 2092 4885 2124 4923; x_wconf 88' lang='lat' dir='ltr'>a</span> <span class='ocrx_word' id='word_1_736' title='bbox 2157 4868 2325 4924; x_wconf 90' lang='lat' dir='ltr'>nobis</span> <span class='ocrx_word' id='word_1_737' title='bbox 2384 4868 2654 4923; x_wconf 81' lang='lat' dir='ltr'>amicitiae</span> <span class='ocrx_word' id='word_1_738' title='bbox 2711 4868 2947 4923; x_wconf 87' lang='lat' dir='ltr'>nomine</span> <span class='ocrx_word' id='word_1_739' title='bbox 2993 4869 3322 4924; x_wconf 86' lang='lat' dir='ltr'>condonata</span> <span class='ocrx_word' id='word_1_740' title='bbox 3360 4869 3587 4923; x_wconf 85' lang='lat' dir='ltr'>auferre</span> <span class='ocrx_word' id='word_1_741' title='bbox 3620 4883 3750 4937; x_wconf 73' lang='lat' dir='ltr'>qua:</span> 
     </span>
    </p>
   </div>
   <div class='ocr_carea' id='block_1_107' title="bbox 2096 4957 3759 5029">
    <p class='ocr_par' dir='ltr' id='par_1_107' title="bbox 2096 4957 3759 5029">
     <span class='ocr_line' id='line_1_107' title="bbox 2096 4957 3759 5029; baseline -0.001 -17"><span class='ocrx_word' id='word_1_742' title='bbox 2096 4958 2335 5028; x_wconf 88' lang='lat' dir='ltr'>ancipiti</span> <span class='ocrx_word' id='word_1_743' title='bbox 2361 4963 2416 5012; x_wconf 90' lang='lat' dir='ltr'>et</span> <span class='ocrx_word' id='word_1_744' title='bbox 2437 4957 2730 5014; x_wconf 87' lang='lat' dir='ltr'>laborioso</span> <span class='ocrx_word' id='word_1_745' title='bbox 2755 4958 2905 5013; x_wconf 91' lang='lat' dir='ltr'>bello</span> <span class='ocrx_word' id='word_1_746' title='bbox 2925 4958 3016 5013; x_wconf 83' lang='lat' dir='ltr'>vix</span> <span class='ocrx_word' id='word_1_747' title='bbox 3032 4974 3295 5028; x_wconf 88' lang='lat' dir='ltr'>unquam</span> <span class='ocrx_word' id='word_1_748' title='bbox 3325 4957 3628 5029; x_wconf 89' lang='lat' dir='ltr'>acquirere</span> <span class='ocrx_word' id='word_1_749' title='bbox 3650 4972 3759 5028; x_wconf 84' lang='lat' dir='ltr'>po-</span> 
     </span>
    </p>
   </div>
   <div class='ocr_carea' id='block_1_108' title="bbox 2095 5047 2376 5103">
    <p class='ocr_par' dir='ltr' id='par_1_108' title="bbox 2095 5047 2376 5103">
     <span class='ocr_line' id='line_1_108' title="bbox 2095 5047 2376 5103; baseline 0 -2"><span class='ocrx_word' id='word_1_750' title='bbox 2095 5047 2376 5103; x_wconf 88' lang='lat' dir='ltr'>tuissent.</span> 
     </span>
    </p>
   </div>
   <div class='ocr_carea' id='block_1_109' title="bbox 2090 5189 3743 5262">
    <p class='ocr_par' dir='ltr' id='par_1_109' title="bbox 2090 5189 3743 5262">
     <span class='ocr_line' id='line_1_109' title="bbox 2090 5189 3743 5262; baseline -0.001 -18"><span class='ocrx_word' id='word_1_751' title='bbox 2090 5192 2142 5244; x_wconf 87' lang='lat'>6.</span> <span class='ocrx_word' id='word_1_752' title='bbox 2208 5193 2271 5248; x_wconf 83' lang='lat' dir='ltr'>Ut</span> <span class='ocrx_word' id='word_1_753' title='bbox 2303 5196 2409 5246; x_wconf 81' lang='lat' dir='ltr'>tres</span> <span class='ocrx_word' id='word_1_754' title='bbox 2467 5190 2678 5260; x_wconf 68' lang='lat' dir='ltr'>regina:</span> <span class='ocrx_word' id='word_1_755' title='bbox 2736 5191 2961 5248; x_wconf 61' lang='lat' dir='ltr'>traditae</span> <span class='ocrx_word' id='word_1_756' title='bbox 2992 5191 3144 5259; x_wconf 76' lang='lat' dir='ltr'>viris,</span> <span class='ocrx_word' id='word_1_757' title='bbox 3196 5194 3244 5245; x_wconf 84' lang='lat' dir='ltr'>et</span> <span class='ocrx_word' id='word_1_758' title='bbox 3280 5192 3477 5262; x_wconf 80' lang='lat' dir='ltr'>quibus</span> <span class='ocrx_word' id='word_1_759' title='bbox 3505 5189 3743 5260; x_wconf 78' lang='lat' dir='ltr'>fuerint.</span> 
     </span>
    </p>
   </div>
   <div class='ocr_carea' id='block_1_110' title="bbox 2165 5316 3755 5387">
    <p class='ocr_par' dir='ltr' id='par_1_110' title="bbox 2165 5316 3755 5387">
     <span class='ocr_line' id='line_1_110' title="bbox 2165 5316 3755 5387; baseline 0.001 -17"><span class='ocrx_word' id='word_1_760' title='bbox 2165 5316 2298 5370; x_wconf 91' lang='lat' dir='ltr'>Post</span> <span class='ocrx_word' id='word_1_761' title='bbox 2323 5316 2443 5370; x_wconf 82' lang='lat' dir='ltr'>haec</span> <span class='ocrx_word' id='word_1_762' title='bbox 2502 5316 2757 5371; x_wconf 88' lang='lat' dir='ltr'>decrevit</span> <span class='ocrx_word' id='word_1_763' title='bbox 2815 5317 3098 5387; x_wconf 88' lang='lat' dir='ltr'>imperato</span> <span class='ocrx_word' id='word_1_764' title='bbox 3158 5331 3430 5371; x_wconf 90' lang='lat' dir='ltr'>amovere</span> <span class='ocrx_word' id='word_1_765' title='bbox 3466 5334 3497 5370; x_wconf 90' lang='lat' dir='ltr'>a</span> <span class='ocrx_word' id='word_1_766' title='bbox 3538 5331 3600 5371; x_wconf 89' lang='lat' dir='ltr'>se</span> <span class='ocrx_word' id='word_1_767' title='bbox 3632 5319 3755 5371; x_wconf 86' lang='lat' dir='ltr'>tres</span> 
     </span>
    </p>
   </div>
   <div class='ocr_carea' id='block_1_111' title="bbox 2092 5405 3747 5478">
    <p class='ocr_par' dir='ltr' id='par_1_111' title="bbox 2092 5405 3747 5478">
     <span class='ocr_line' id='line_1_111' title="bbox 2092 5405 3747 5478; baseline 0 -19"><span class='ocrx_word' id='word_1_768' title='bbox 2092 5405 2325 5476; x_wconf 87' lang='lat' dir='ltr'>reginas</span> <span class='ocrx_word' id='word_1_769' title='bbox 2350 5406 2513 5475; x_wconf 89' lang='lat' dir='ltr'>pueri</span> <span class='ocrx_word' id='word_1_770' title='bbox 2538 5405 2783 5461; x_wconf 88' lang='lat' dir='ltr'>Joannis</span> <span class='ocrx_word' id='word_1_771' title='bbox 2798 5423 3026 5462; x_wconf 89' lang='lat' dir='ltr'>sorores</span> <span class='ocrx_word' id='word_1_772' title='bbox 3041 5421 3377 5477; x_wconf 86' lang='lat' dir='ltr'>germanas,</span> <span class='ocrx_word' id='word_1_773' title='bbox 3403 5422 3534 5478; x_wconf 53' lang='lat' dir='ltr'>quis</span> <span class='ocrx_word' id='word_1_774' title='bbox 3556 5405 3747 5460; x_wconf 88' lang='lat' dir='ltr'>videri</span> 
     </span>
    </p>
   </div>
   <div class='ocr_carea' id='block_1_112' title="bbox 2089 5494 3757 5567">
    <p class='ocr_par' dir='ltr' id='par_1_112' title="bbox 2089 5494 3757 5567">
     <span class='ocr_line' id='line_1_112' title="bbox 2089 5494 3757 5567; baseline 0.001 -18"><span class='ocrx_word' id='word_1_775' title='bbox 2089 5500 2359 5565; x_wconf 85' lang='lat' dir='ltr'>poterant</span> <span class='ocrx_word' id='word_1_776' title='bbox 2392 5500 2612 5564; x_wconf 89' lang='lat' dir='ltr'>partem</span> <span class='ocrx_word' id='word_1_777' title='bbox 2646 5495 3085 5567; x_wconf 82' lang='lat' dir='ltr'>aliquamjuris</span> <span class='ocrx_word' id='word_1_778' title='bbox 3120 5496 3190 5549; x_wconf 88' lang='lat' dir='ltr'>ad</span> <span class='ocrx_word' id='word_1_779' title='bbox 3225 5494 3540 5566; x_wconf 89' lang='lat' dir='ltr'>imperium</span> <span class='ocrx_word' id='word_1_780' title='bbox 3577 5513 3609 5549; x_wconf 87' lang='lat' dir='ltr'>a</span> <span class='ocrx_word' id='word_1_781' title='bbox 3640 5511 3757 5567; x_wconf 84' lang='lat' dir='ltr'>pa-</span> 
     </span>
    </p>
   </div>
   <div class='ocr_carea' id='block_1_113' title="bbox 2086 5584 3739 5656">
    <p class='ocr_par' dir='ltr' id='par_1_113' title="bbox 2086 5584 3739 5656">
     <span class='ocr_line' id='line_1_113' title="bbox 2086 5584 3739 5656; baseline 0.001 -18"><span class='ocrx_word' id='word_1_782' title='bbox 2086 5588 2172 5639; x_wconf 86' lang='lat' dir='ltr'>tre</span> <span class='ocrx_word' id='word_1_783' title='bbox 2230 5584 2483 5640; x_wconf 82' lang='lat' dir='ltr'>trahere.</span> <span class='ocrx_word' id='word_1_784' title='bbox 2518 5586 2707 5649; x_wconf 88' lang='lat' dir='ltr'>Quare</span> <span class='ocrx_word' id='word_1_785' title='bbox 2764 5587 3089 5640; x_wconf 87' lang='lat' dir='ltr'>cavendum</span> <span class='ocrx_word' id='word_1_786' title='bbox 3131 5584 3309 5640; x_wconf 84' lang='lat' dir='ltr'>etiam</span> <span class='ocrx_word' id='word_1_787' title='bbox 3344 5591 3523 5656; x_wconf 87' lang='lat' dir='ltr'>atque</span> <span class='ocrx_word' id='word_1_788' title='bbox 3556 5585 3739 5640; x_wconf 89' lang='lat' dir='ltr'>etiam</span> 
     </span>
    </p>
   </div>
   <div class='ocr_carea' id='block_1_114' title="bbox 2086 5672 3745 5746">
    <p class='ocr_par' dir='ltr' id='par_1_114' title="bbox 2086 5672 3745 5746">
     <span class='ocr_line' id='line_1_114' title="bbox 2086 5672 3745 5746; baseline 0.002 -19"><span class='ocrx_word' id='word_1_789' title='bbox 2086 5672 2312 5744; x_wconf 87' lang='lat' dir='ltr'>putavit</span> <span class='ocrx_word' id='word_1_790' title='bbox 2370 5692 2440 5730; x_wconf 91' lang='lat' dir='ltr'>ne</span> <span class='ocrx_word' id='word_1_791' title='bbox 2472 5675 2545 5730; x_wconf 90' lang='lat' dir='ltr'>iis</span> <span class='ocrx_word' id='word_1_792' title='bbox 2579 5674 2828 5730; x_wconf 85' lang='lat' dir='ltr'>Romani</span> <span class='ocrx_word' id='word_1_793' title='bbox 2861 5675 3143 5746; x_wconf 87' lang='lat' dir='ltr'>conjuges</span> <span class='ocrx_word' id='word_1_794' title='bbox 3175 5675 3481 5741; x_wconf 89' lang='lat' dir='ltr'>darentur,</span> <span class='ocrx_word' id='word_1_795' title='bbox 3520 5691 3593 5730; x_wconf 92' lang='lat' dir='ltr'>ne</span> <span class='ocrx_word' id='word_1_796' title='bbox 3623 5692 3745 5746; x_wconf 88' lang='lat' dir='ltr'>qua</span> 
     </span>
    </p>
   </div>
   <div class='ocr_carea' id='block_1_115' title="bbox 2085 5762 3761 5835">
    <p class='ocr_par' dir='ltr' id='par_1_115' title="bbox 2085 5762 3761 5835">
     <span class='ocr_line' id='line_1_115' title="bbox 2085 5762 3761 5835; baseline 0.004 -18"><span class='ocrx_word' id='word_1_797' title='bbox 2085 5763 2223 5819; x_wconf 88' lang='lat' dir='ltr'>inde</span> <span class='ocrx_word' id='word_1_798' title='bbox 2247 5763 2525 5835; x_wconf 88' lang='lat' dir='ltr'>cuiquam</span> <span class='ocrx_word' id='word_1_799' title='bbox 2552 5763 2748 5820; x_wconf 79' lang='lat' dir='ltr'>otferri</span> <span class='ocrx_word' id='word_1_800' title='bbox 2772 5780 2971 5820; x_wconf 88' lang='lat' dir='ltr'>rerum</span> <span class='ocrx_word' id='word_1_801' title='bbox 2993 5779 3281 5821; x_wconf 89' lang='lat' dir='ltr'>novarum</span> <span class='ocrx_word' id='word_1_802' title='bbox 3315 5762 3761 5823; x_wconf 87' lang='lat' dir='ltr'>moliendarum</span> 
     </span>
    </p>
   </div>
  </div>
