  <div class='ocr_page' id='page_1' title='image "/cluster/home/n/w/nwhite01/storage/ocr_20150623/143:no.1/coo.31924054870484/318.png"; bbox 0 0 4112 6452; ppageno 0'>
   <div class='ocr_carea' id='block_1_1' title="bbox 423 443 525 497">
    <p class='ocr_par' dir='ltr' id='par_1_1' title="bbox 423 443 525 497">
     <span class='ocr_line' id='line_1_1' title="bbox 423 443 525 497; baseline 0.01 -1"><span class='ocrx_word' id='word_1_1' title='bbox 423 443 525 497; x_wconf 83' lang='grc'>621</span> 
     </span>
    </p>
   </div>
   <div class='ocr_carea' id='block_1_2' title="bbox 1492 443 2776 501">
    <p class='ocr_par' dir='ltr' id='par_1_2' title="bbox 1492 443 2776 501">
     <span class='ocr_line' id='line_1_2' title="bbox 1492 443 2776 501; baseline 0.001 -2"><span class='ocrx_word' id='word_1_2' title='bbox 1492 447 1589 501; x_wconf 79' lang='lat' dir='ltr'>DE</span> <span class='ocrx_word' id='word_1_3' title='bbox 1627 445 2000 501; x_wconf 80' lang='lat' dir='ltr'>MICHAELE</span> <span class='ocrx_word' id='word_1_4' title='bbox 2039 443 2467 500; x_wconf 79' lang='lat' dir='ltr'><strong>PALEOLOGO</strong></span> <span class='ocrx_word' id='word_1_5' title='bbox 2505 444 2637 499; x_wconf 89' lang='lat' dir='ltr'>LIB.</span> <span class='ocrx_word' id='word_1_6' title='bbox 2674 447 2776 500; x_wconf 76' lang='lat' dir='ltr'><strong>III.</strong></span> 
     </span>
    </p>
   </div>
   <div class='ocr_carea' id='block_1_3' title="bbox 3741 444 3855 499">
    <p class='ocr_par' dir='ltr' id='par_1_3' title="bbox 3741 444 3855 499">
     <span class='ocr_line' id='line_1_3' title="bbox 3741 444 3855 499; baseline 0.018 -2"><span class='ocrx_word' id='word_1_7' title='bbox 3741 444 3855 499; x_wconf 81' lang='lat'>622</span> 
     </span>
    </p>
   </div>
   <div class='ocr_carea' id='block_1_4' title="bbox 431 567 3850 645">
    <p class='ocr_par' dir='ltr' id='par_1_4' title="bbox 431 567 3850 645">
     <span class='ocr_line' id='line_1_4' title="bbox 431 567 3850 645; baseline 0 -22"><span class='ocrx_word' id='word_1_8' title='bbox 431 588 618 642; x_wconf 87' lang='grc' dir='ltr'>μοττε.</span> <span class='ocrx_word' id='word_1_9' title='bbox 650 568 761 636; x_wconf 77' lang='grc' dir='ltr'>Τήν</span> <span class='ocrx_word' id='word_1_10' title='bbox 795 568 889 641; x_wconf 71' lang='grc' dir='ltr'>μὲν</span> <span class='ocrx_word' id='word_1_11' title='bbox 920 569 1022 643; x_wconf 77' lang='grc' dir='ltr'>γὰρ</span> <span class='ocrx_word' id='word_1_12' title='bbox 1053 572 1133 640; x_wconf 74' lang='grc' dir='ltr'>τῷ</span> <span class='ocrx_word' id='word_1_13' title='bbox 1161 567 1268 622; x_wconf 83' lang='grc' dir='ltr'>ἀπὸ</span> <span class='ocrx_word' id='word_1_14' title='bbox 1302 573 1398 622; x_wconf 76' lang='grc' dir='ltr'>τοῦ</span> <span class='ocrx_word' id='word_1_15' title='bbox 1448 568 1666 645; x_wconf 88' lang='grc' dir='ltr'>Μορὲου</span> <span class='ocrx_word' id='word_1_16' title='bbox 1718 570 1926 645; x_wconf 75' lang='grc' dir='ltr'>εὐγενεῖ</span> <span class='ocrx_word' id='word_1_17' title='bbox 1972 575 2080 623; x_wconf 85' lang='grc' dir='ltr'>Λα·</span> <span class='ocrx_word' id='word_1_18' title='bbox 2112 571 2170 637; x_wconf 77' lang='grc' dir='ltr'><strong>Α</strong></span> <span class='ocrx_word' id='word_1_19' title='bbox 2200 567 2369 631; x_wconf 82' lang='grc' dir='ltr'>λικῶς</span> <span class='ocrx_word' id='word_1_20' title='bbox 2421 569 2589 623; x_wconf 86' lang='grc' dir='ltr'>πάντα</span> <span class='ocrx_word' id='word_1_21' title='bbox 2646 588 2851 642; x_wconf 86' lang='grc' dir='ltr'>τροπον</span> <span class='ocrx_word' id='word_1_22' title='bbox 2911 567 3102 642; x_wconf 79' lang='grc' dir='ltr'>ἐπείρα</span> <span class='ocrx_word' id='word_1_23' title='bbox 3158 575 3259 638; x_wconf 76' lang='grc' dir='ltr'>τῆς</span> <span class='ocrx_word' id='word_1_24' title='bbox 3308 567 3663 645; x_wconf 78' lang='grc' dir='ltr'>σωφροσύνης</span> <span class='ocrx_word' id='word_1_25' title='bbox 3692 590 3850 643; x_wconf 88' lang='grc' dir='ltr'>περι-</span> 
     </span>
    </p>
   </div>
   <div class='ocr_carea' id='block_1_5' title="bbox 425 651 2087 734">
    <p class='ocr_par' dir='ltr' id='par_1_5' title="bbox 425 651 2087 734">
     <span class='ocr_line' id='line_1_5' title="bbox 425 651 2087 734; baseline -0.001 -21"><span class='ocrx_word' id='word_1_26' title='bbox 425 657 557 731; x_wconf 85' lang='grc' dir='ltr'>τίνῳ</span> <span class='ocrx_word' id='word_1_27' title='bbox 584 653 751 728; x_wconf 69' lang='grc' dir='ltr'>Μαΐῳ</span> <span class='ocrx_word' id='word_1_28' title='bbox 785 651 1193 732; x_wconf 77' lang='grc' dir='ltr'>Διϐελικούρτῳ</span> <span class='ocrx_word' id='word_1_29' title='bbox 1226 655 1511 732; x_wconf 89' lang='grc' dir='ltr'>λεγομένῳ</span> <span class='ocrx_word' id='word_1_30' title='bbox 1543 666 1773 734; x_wconf 82' lang='grc' dir='ltr'>συνῆγεν</span> <span class='ocrx_word' id='word_1_31' title='bbox 1807 658 1881 721; x_wconf 75' lang='grc' dir='ltr'>εἷς</span> <span class='ocrx_word' id='word_1_32' title='bbox 1917 658 2087 733; x_wconf 85' lang='grc' dir='ltr'>λέχος</span> 
     </span>
    </p>
   </div>
   <div class='ocr_carea' id='block_1_6' title="bbox 426 743 2086 822">
    <p class='ocr_par' dir='ltr' id='par_1_6' title="bbox 426 743 2086 822">
     <span class='ocr_line' id='line_1_6' title="bbox 426 743 2086 822; baseline -0.001 -21"><span class='ocrx_word' id='word_1_33' title='bbox 426 746 667 801; x_wconf 77' lang='grc' dir='ltr'>ἐντεῦθεν</span> <span class='ocrx_word' id='word_1_34' title='bbox 728 743 1254 817; x_wconf 80' lang='grc' dir='ltr'>ἐνδημήσαντι,τὴν</span> <span class='ocrx_word' id='word_1_35' title='bbox 1312 745 1367 801; x_wconf 78' lang='grc' dir='ltr'>δὲ</span> <span class='ocrx_word' id='word_1_36' title='bbox 1419 745 1668 822; x_wconf 74' lang='grc' dir='ltr'>δευτέραν</span> <span class='ocrx_word' id='word_1_37' title='bbox 1721 748 1935 819; x_wconf 84' lang='grc' dir='ltr'>Λατίνῳ</span> <span class='ocrx_word' id='word_1_38' title='bbox 1990 768 2086 820; x_wconf 84' lang='grc' dir='ltr'>με·</span> 
     </span>
    </p>
   </div>
   <div class='ocr_carea' id='block_1_7' title="bbox 425 830 2083 913">
    <p class='ocr_par' dir='ltr' id='par_1_7' title="bbox 425 830 2083 913">
     <span class='ocr_line' id='line_1_7' title="bbox 425 830 2083 913; baseline 0 -24"><span class='ocrx_word' id='word_1_39' title='bbox 425 841 660 909; x_wconf 83' lang='grc' dir='ltr'>γιστᾶνι,</span> <span class='ocrx_word' id='word_1_40' title='bbox 722 836 780 889; x_wconf 81' lang='grc' dir='ltr'>ὃν</span> <span class='ocrx_word' id='word_1_41' title='bbox 837 832 895 888; x_wconf 70' lang='grc' dir='ltr'>ἂν</span> <span class='ocrx_word' id='word_1_42' title='bbox 954 834 1147 889; x_wconf 75' lang='grc' dir='ltr'>ἐκεῖνοι</span> <span class='ocrx_word' id='word_1_43' title='bbox 1202 840 1352 913; x_wconf 75' lang='grc' dir='ltr'>φαῖεν</span> <span class='ocrx_word' id='word_1_44' title='bbox 1430 835 1784 909; x_wconf 79' lang='grc' dir='ltr'>σεμνύνοντες</span> <span class='ocrx_word' id='word_1_45' title='bbox 1870 830 2083 904; x_wconf 73' lang='grc' dir='ltr'>κὸντον,</span> 
     </span>
    </p>
   </div>
   <div class='ocr_carea' id='block_1_8' title="bbox 430 921 2083 997">
    <p class='ocr_par' dir='ltr' id='par_1_8' title="bbox 430 921 2083 997">
     <span class='ocr_line' id='line_1_8' title="bbox 430 921 2083 997; baseline -0.001 -18"><span class='ocrx_word' id='word_1_46' title='bbox 430 921 605 997; x_wconf 72' lang='grc' dir='ltr'>ὄνομα</span> <span class='ocrx_word' id='word_1_47' title='bbox 666 921 1007 997; x_wconf 81' lang='grc' dir='ltr'>Βιντιμίλια,</span> <span class='ocrx_word' id='word_1_48' title='bbox 1064 924 1169 978; x_wconf 84' lang='grc' dir='ltr'>ἀπὸ</span> <span class='ocrx_word' id='word_1_49' title='bbox 1228 924 1487 986; x_wconf 88' lang='grc' dir='ltr'>Γεννούας</span> <span class='ocrx_word' id='word_1_50' title='bbox 1545 925 1667 980; x_wconf 87' lang='grc' dir='ltr'>τότε</span> <span class='ocrx_word' id='word_1_51' title='bbox 1725 922 2083 997; x_wconf 73' lang='grc' dir='ltr'>προσελθόντι</span> 
     </span>
    </p>
   </div>
   <div class='ocr_carea' id='block_1_9' title="bbox 428 1011 2084 1090">
    <p class='ocr_par' dir='ltr' id='par_1_9' title="bbox 428 1011 2084 1090">
     <span class='ocr_line' id='line_1_9' title="bbox 428 1011 2084 1090; baseline -0.001 -22"><span class='ocrx_word' id='word_1_52' title='bbox 428 1015 563 1069; x_wconf 83' lang='grc' dir='ltr'>κατά</span> <span class='ocrx_word' id='word_1_53' title='bbox 593 1016 786 1090; x_wconf 76' lang='grc' dir='ltr'>φήμην</span> <span class='ocrx_word' id='word_1_54' title='bbox 832 1019 912 1085; x_wconf 74' lang='grc' dir='ltr'>τῷ</span> <span class='ocrx_word' id='word_1_55' title='bbox 967 1012 1201 1089; x_wconf 83' lang='grc' dir='ltr'>βασιλεῖ,</span> <span class='ocrx_word' id='word_1_56' title='bbox 1238 1013 1315 1075; x_wconf 83' lang='grc' dir='ltr'>εἰς</span> <span class='ocrx_word' id='word_1_57' title='bbox 1366 1015 1542 1089; x_wconf 86' lang='grc' dir='ltr'>γάμον</span> <span class='ocrx_word' id='word_1_58' title='bbox 1605 1012 1794 1075; x_wconf 79' lang='grc' dir='ltr'>ἐκδοὺς</span> <span class='ocrx_word' id='word_1_59' title='bbox 1837 1014 1925 1068; x_wconf 78' lang='grc' dir='ltr'>καὶ</span> <span class='ocrx_word' id='word_1_60' title='bbox 1979 1011 2084 1067; x_wconf 87' lang='grc' dir='ltr'>δώ-</span> 
     </span>
    </p>
   </div>
   <div class='ocr_carea' id='block_1_10' title="bbox 430 1102 2087 1180">
    <p class='ocr_par' dir='ltr' id='par_1_10' title="bbox 430 1102 2087 1180">
     <span class='ocr_line' id='line_1_10' title="bbox 430 1102 2087 1180; baseline -0.001 -23"><span class='ocrx_word' id='word_1_61' title='bbox 430 1123 546 1177; x_wconf 86' lang='grc' dir='ltr'>ροις</span> <span class='ocrx_word' id='word_1_62' title='bbox 590 1104 657 1158; x_wconf 74' lang='grc' dir='ltr'>τὰ</span> <span class='ocrx_word' id='word_1_63' title='bbox 711 1102 893 1157; x_wconf 81' lang='grc' dir='ltr'>εἰκότα</span> <span class='ocrx_word' id='word_1_64' title='bbox 939 1102 1493 1180; x_wconf 76' lang='grc' dir='ltr'>φιλοφρονησάμενος</span> <span class='ocrx_word' id='word_1_65' title='bbox 1522 1104 1841 1177; x_wconf 70' lang='grc' dir='ltr'>ἀποπέμπει</span> <span class='ocrx_word' id='word_1_66' title='bbox 1893 1103 2087 1176; x_wconf 83' lang='grc' dir='ltr'>σύναμ’</span> 
     </span>
    </p>
   </div>
   <div class='ocr_carea' id='block_1_11' title="bbox 430 1190 2087 1270">
    <p class='ocr_par' dir='ltr' id='par_1_11' title="bbox 430 1190 2087 1270">
     <span class='ocr_line' id='line_1_11' title="bbox 430 1190 2087 1270; baseline -0.001 -22"><span class='ocrx_word' id='word_1_67' title='bbox 430 1193 604 1267; x_wconf 71' lang='grc' dir='ltr'>ἐκείνῃ</span> <span class='ocrx_word' id='word_1_68' title='bbox 636 1192 878 1267; x_wconf 85' lang='grc' dir='ltr'>συζύγῳ,</span> <span class='ocrx_word' id='word_1_69' title='bbox 909 1194 1009 1261; x_wconf 76' lang='grc' dir='ltr'>τὴν</span> <span class='ocrx_word' id='word_1_70' title='bbox 1045 1190 1102 1247; x_wconf 70' lang='grc' dir='ltr'>δὲ</span> <span class='ocrx_word' id='word_1_71' title='bbox 1129 1192 1315 1269; x_wconf 80' lang='grc' dir='ltr'>τρίτην</span> <span class='ocrx_word' id='word_1_72' title='bbox 1352 1192 1655 1267; x_wconf 87' lang='grc' dir='ltr'>Βουλγάρῳ</span> <span class='ocrx_word' id='word_1_73' title='bbox 1705 1198 1784 1266; x_wconf 77' lang='grc' dir='ltr'>τῷ</span> <span class='ocrx_word' id='word_1_74' title='bbox 1836 1200 2087 1270; x_wconf 84' lang='grc' dir='ltr'>Σφεντισ-</span> 
     </span>
    </p>
   </div>
   <div class='ocr_carea' id='block_1_12' title="bbox 428 1277 2083 1356">
    <p class='ocr_par' dir='ltr' id='par_1_12' title="bbox 428 1277 2083 1356">
     <span class='ocr_line' id='line_1_12' title="bbox 428 1277 2083 1356; baseline 0 -21"><span class='ocrx_word' id='word_1_75' title='bbox 428 1277 618 1354; x_wconf 77' lang='grc' dir='ltr'>θλάϐῳ</span> <span class='ocrx_word' id='word_1_76' title='bbox 670 1283 807 1336; x_wconf 72' lang='grc' dir='ltr'>κατὰ</span> <span class='ocrx_word' id='word_1_77' title='bbox 854 1281 1064 1338; x_wconf 78' lang='grc' dir='ltr'>Μυσίαν</span> <span class='ocrx_word' id='word_1_78' title='bbox 1116 1286 1224 1336; x_wconf 87' lang='grc' dir='ltr'>τῶν</span> <span class='ocrx_word' id='word_1_79' title='bbox 1277 1284 1413 1336; x_wconf 82' lang='grc' dir='ltr'>κατᾶ</span> <span class='ocrx_word' id='word_1_80' title='bbox 1468 1283 1557 1337; x_wconf 84' lang='grc' dir='ltr'>τὸν</span> <span class='ocrx_word' id='word_1_81' title='bbox 1617 1286 1792 1355; x_wconf 82' lang='grc' dir='ltr'>Αἷμον</span> <span class='ocrx_word' id='word_1_82' title='bbox 1858 1282 2083 1356; x_wconf 78' lang='grc' dir='ltr'>ὀρεινῶν</span> 
     </span>
    </p>
   </div>
   <div class='ocr_carea' id='block_1_13' title="bbox 426 1369 2086 1447">
    <p class='ocr_par' dir='ltr' id='par_1_13' title="bbox 426 1369 2086 1447">
     <span class='ocr_line' id='line_1_13' title="bbox 426 1369 2086 1447; baseline -0.001 -20"><span class='ocrx_word' id='word_1_83' title='bbox 426 1370 657 1446; x_wconf 76' lang='grc' dir='ltr'>ἄρχοντι</span> <span class='ocrx_word' id='word_1_84' title='bbox 718 1369 931 1427; x_wconf 81' lang='grc' dir='ltr'>δίδωσι.</span> <span class='ocrx_word' id='word_1_85' title='bbox 968 1370 1072 1425; x_wconf 85' lang='grc' dir='ltr'>Καὶ</span> <span class='ocrx_word' id='word_1_86' title='bbox 1136 1370 1309 1432; x_wconf 76' lang='grc' dir='ltr'>οὕτως</span> <span class='ocrx_word' id='word_1_87' title='bbox 1360 1371 1576 1426; x_wconf 77' lang='grc' dir='ltr'>ἐκείνων</span> <span class='ocrx_word' id='word_1_88' title='bbox 1627 1371 1963 1447; x_wconf 79' lang='grc' dir='ltr'>ἀπαλλαγεὶς</span> <span class='ocrx_word' id='word_1_89' title='bbox 1994 1370 2086 1425; x_wconf 88' lang='grc' dir='ltr'>καὶ</span> 
     </span>
    </p>
   </div>
   <div class='ocr_carea' id='block_1_14' title="bbox 427 1458 2083 1537">
    <p class='ocr_par' dir='ltr' id='par_1_14' title="bbox 427 1458 2083 1537">
     <span class='ocr_line' id='line_1_14' title="bbox 427 1458 2083 1537; baseline -0.001 -22"><span class='ocrx_word' id='word_1_90' title='bbox 427 1466 539 1515; x_wconf 87' lang='grc' dir='ltr'>τῶν</span> <span class='ocrx_word' id='word_1_91' title='bbox 571 1458 869 1537; x_wconf 82' lang='grc' dir='ltr'>φροντίδων</span> <span class='ocrx_word' id='word_1_92' title='bbox 897 1465 1006 1514; x_wconf 89' lang='grc' dir='ltr'>τῶν</span> <span class='ocrx_word' id='word_1_93' title='bbox 1039 1460 1125 1514; x_wconf 80' lang='grc' dir='ltr'>ἐπὶ</span> <span class='ocrx_word' id='word_1_94' title='bbox 1183 1459 1404 1523; x_wconf 80' lang='grc' dir='ltr'>ταύταις</span> <span class='ocrx_word' id='word_1_95' title='bbox 1456 1459 1639 1537; x_wconf 68' lang='grc' dir='ltr'>ῥαΐσας</span> <span class='ocrx_word' id='word_1_96' title='bbox 1696 1461 1903 1533; x_wconf 73' lang='grc' dir='ltr'>ἑτέραις</span> <span class='ocrx_word' id='word_1_97' title='bbox 1947 1459 2083 1534; x_wconf 87' lang='grc' dir='ltr'>πρά-</span> 
     </span>
    </p>
   </div>
   <div class='ocr_carea' id='block_1_15' title="bbox 428 1543 977 1619">
    <p class='ocr_par' dir='ltr' id='par_1_15' title="bbox 428 1543 977 1619">
     <span class='ocr_line' id='line_1_15' title="bbox 428 1543 977 1619; baseline 0.002 -15"><span class='ocrx_word' id='word_1_98' title='bbox 428 1550 565 1619; x_wconf 82' lang='grc' dir='ltr'>ξεσιν</span> <span class='ocrx_word' id='word_1_99' title='bbox 601 1543 977 1605; x_wconf 79' lang='grc' dir='ltr'>ἐπιϐάλλεται.</span> 
     </span>
    </p>
   </div>
   <div class='ocr_carea' id='block_1_16' title="bbox 571 1688 1937 1764">
    <p class='ocr_par' dir='ltr' id='par_1_16' title="bbox 571 1688 1937 1764">
     <span class='ocr_line' id='line_1_16' title="bbox 571 1688 1937 1764; baseline 0 -17"><span class='ocrx_word' id='word_1_100' title='bbox 571 1692 632 1759; x_wconf 81' lang='grc' dir='ltr'>ζ’.</span> <span class='ocrx_word' id='word_1_101' title='bbox 664 1690 738 1745; x_wconf 79' lang='grc' dir='ltr'>Τὰ</span> <span class='ocrx_word' id='word_1_102' title='bbox 765 1690 901 1745; x_wconf 81' lang='grc' dir='ltr'>κατὰ</span> <span class='ocrx_word' id='word_1_103' title='bbox 930 1691 1027 1759; x_wconf 74' lang='grc' dir='ltr'>τὴν</span> <span class='ocrx_word' id='word_1_104' title='bbox 1064 1688 1345 1745; x_wconf 84' lang='grc' dir='ltr'>δέσποιναν</span> <span class='ocrx_word' id='word_1_105' title='bbox 1378 1690 1684 1764; x_wconf 63' lang='grc' dir='ltr'>Ἀλαμάναν</span> <span class='ocrx_word' id='word_1_106' title='bbox 1722 1693 1937 1747; x_wconf 80' lang='grc' dir='ltr'>Ἀνναν.</span> 
     </span>
    </p>
   </div>
   <div class='ocr_carea' id='block_1_17' title="bbox 496 1814 2083 1891">
    <p class='ocr_par' dir='ltr' id='par_1_17' title="bbox 496 1814 2083 1891">
     <span class='ocr_line' id='line_1_17' title="bbox 496 1814 2083 1891; baseline 0.001 -21"><span class='ocrx_word' id='word_1_107' title='bbox 496 1818 585 1885; x_wconf 87' lang='grc' dir='ltr'>[Ρ.</span> <span class='ocrx_word' id='word_1_108' title='bbox 649 1816 773 1886; x_wconf 80' lang='grc'>121]</span> <span class='ocrx_word' id='word_1_109' title='bbox 831 1814 1029 1879; x_wconf 84' lang='grc' dir='ltr'>Φθάνει</span> <span class='ocrx_word' id='word_1_110' title='bbox 1093 1816 1187 1888; x_wconf 73' lang='grc' dir='ltr'>μὲν</span> <span class='ocrx_word' id='word_1_111' title='bbox 1270 1814 1359 1869; x_wconf 75' lang='grc' dir='ltr'>οὖν</span> <span class='ocrx_word' id='word_1_112' title='bbox 1430 1820 1508 1887; x_wconf 77' lang='grc' dir='ltr'>τῷ</span> <span class='ocrx_word' id='word_1_113' title='bbox 1580 1816 1716 1891; x_wconf 86' lang='grc' dir='ltr'>πρὸς</span> <span class='ocrx_word' id='word_1_114' title='bbox 1771 1815 2083 1889; x_wconf 86' lang='grc' dir='ltr'>Ἀλαμάναν</span> 
     </span>
    </p>
   </div>
   <div class='ocr_carea' id='block_1_18' title="bbox 426 1906 2045 1929">
    <p class='ocr_par' dir='ltr' id='par_1_18' title="bbox 426 1906 2045 1929">
     <span class='ocr_line' id='line_1_18' title="bbox 426 1906 2045 1929; baseline 0 0"><span class='ocrx_word' id='word_1_115' title='bbox 426 1910 625 1929; x_wconf 68' lang='grc' dir='ltr'>νι-...--..</span> <span class='ocrx_word' id='word_1_116' title='bbox 684 1906 745 1929; x_wconf 68' lang='lat'>31..</span> <span class='ocrx_word' id='word_1_117' title='bbox 813 1909 1159 1929; x_wconf 27' lang='lat' dir='ltr'>__,_.__-__‘.&quot;!_a__.</span> <span class='ocrx_word' id='word_1_118' title='bbox 1217 1906 1296 1929; x_wconf 58' lang='lat'>1—,</span> <span class='ocrx_word' id='word_1_119' title='bbox 1334 1906 1381 1929; x_wconf 65' lang='grc' dir='ltr'>,Ἴ</span> <span class='ocrx_word' id='word_1_120' title='bbox 1407 1906 1417 1925; x_wconf 64' lang='grc' dir='ltr'><em>θ</em></span> <span class='ocrx_word' id='word_1_121' title='bbox 1460 1926 1509 1929; x_wconf 66' lang='grc'>-..</span> <span class='ocrx_word' id='word_1_122' title='bbox 1548 1906 1655 1929; x_wconf 65' lang='grc' dir='ltr'>-τ.--</span> <span class='ocrx_word' id='word_1_123' title='bbox 1681 1926 1686 1929; x_wconf 92' lang='grc'>.</span> <span class='ocrx_word' id='word_1_124' title='bbox 1744 1908 1757 1929; x_wconf 81' lang='grc' dir='ltr'>ς</span> <span class='ocrx_word' id='word_1_125' title='bbox 1818 1911 1904 1929; x_wconf 28' lang='grc' dir='ltr'>ἀμ·-</span> <span class='ocrx_word' id='word_1_126' title='bbox 1985 1915 1998 1929; x_wconf 74' lang='grc' dir='ltr'><strong>Α</strong></span> <span class='ocrx_word' id='word_1_127' title='bbox 2034 1908 2045 1926; x_wconf 86' lang='grc' dir='ltr'><strong><em>Ι</em></strong></span> 
     </span>
    </p>
   </div>
   <div class='ocr_carea' id='block_1_19' title="bbox 452 1904 2160 2000">
    <p class='ocr_par' dir='ltr' id='par_1_19' title="bbox 452 1904 2160 2000">
     <span class='ocr_line' id='line_1_19' title="bbox 452 1904 2160 2000; baseline 0.002 -42"><span class='ocrx_word' id='word_1_128' title='bbox 452 1910 649 1973; x_wconf 80' lang='grc' dir='ltr'>Ανναν,</span> <span class='ocrx_word' id='word_1_129' title='bbox 684 1906 745 1972; x_wconf 82' lang='grc' dir='ltr'>ἣν</span> <span class='ocrx_word' id='word_1_130' title='bbox 808 1909 1160 1959; x_wconf 78' lang='grc' dir='ltr'>συνοικοῦσαν</span> <span class='ocrx_word' id='word_1_131' title='bbox 1213 1906 1296 1959; x_wconf 83' lang='grc' dir='ltr'>ἐπ’</span> <span class='ocrx_word' id='word_1_132' title='bbox 1328 1904 1510 1979; x_wconf 80' lang='grc' dir='ltr'>ὀλίγον</span> <span class='ocrx_word' id='word_1_133' title='bbox 1545 1906 1687 1980; x_wconf 62' lang='grc' dir='ltr'>εἶχεν</span> <span class='ocrx_word' id='word_1_134' title='bbox 1738 1908 1764 1960; x_wconf 92' lang='grc' dir='ltr'>ὁ</span> <span class='ocrx_word' id='word_1_135' title='bbox 1813 1911 1909 1960; x_wconf 77' lang='grc' dir='ltr'>τοῦ</span> <span class='ocrx_word' id='word_1_136' title='bbox 1970 1908 2082 1961; x_wconf 90' lang='grc' dir='ltr'>Λά-</span> <span class='ocrx_word' id='word_1_137' title='bbox 2112 1933 2160 2000; x_wconf 83' lang='grc' dir='ltr'><strong>Β</strong></span> 
     </span>
    </p>
   </div>
   <div class='ocr_carea' id='block_1_20' title="bbox 428 1992 2077 2071">
    <p class='ocr_par' dir='ltr' id='par_1_20' title="bbox 428 1992 2077 2071">
     <span class='ocr_line' id='line_1_20' title="bbox 428 1992 2077 2071; baseline 0.002 -24"><span class='ocrx_word' id='word_1_138' title='bbox 428 2013 584 2067; x_wconf 85' lang='grc' dir='ltr'>σκαρι</span> <span class='ocrx_word' id='word_1_139' title='bbox 632 1994 816 2069; x_wconf 69' lang='grc' dir='ltr'>πατὴρ</span> <span class='ocrx_word' id='word_1_140' title='bbox 869 1993 1124 2063; x_wconf 80' lang='grc' dir='ltr'>Ἰωάννης</span> <span class='ocrx_word' id='word_1_141' title='bbox 1171 1993 1221 2048; x_wconf 85' lang='grc' dir='ltr'>έν</span> <span class='ocrx_word' id='word_1_142' title='bbox 1276 1993 1491 2068; x_wconf 79' lang='grc' dir='ltr'>ἐσχάτῳ</span> <span class='ocrx_word' id='word_1_143' title='bbox 1536 1996 1701 2068; x_wconf 77' lang='grc' dir='ltr'>γήρᾳ,</span> <span class='ocrx_word' id='word_1_144' title='bbox 1736 1992 2077 2071; x_wconf 82' lang='grc' dir='ltr'>Φρεδερίχου</span> 
     </span>
    </p>
   </div>
   <div class='ocr_carea' id='block_1_21' title="bbox 422 2080 2082 2158">
    <p class='ocr_par' dir='ltr' id='par_1_21' title="bbox 422 2080 2082 2158">
     <span class='ocr_line' id='line_1_21' title="bbox 422 2080 2082 2158; baseline 0.001 -21"><span class='ocrx_word' id='word_1_145' title='bbox 422 2087 519 2137; x_wconf 75' lang='grc' dir='ltr'>τοῦ</span> <span class='ocrx_word' id='word_1_146' title='bbox 572 2090 672 2152; x_wconf 81' lang='grc' dir='ltr'>τῆς</span> <span class='ocrx_word' id='word_1_147' title='bbox 736 2081 992 2145; x_wconf 84' lang='grc' dir='ltr'>Σικελίας</span> <span class='ocrx_word' id='word_1_148' title='bbox 1046 2085 1316 2157; x_wconf 83' lang='grc' dir='ltr'>ἄρχοντος</span> <span class='ocrx_word' id='word_1_149' title='bbox 1375 2080 1566 2154; x_wconf 75' lang='grc' dir='ltr'>παῖδα,</span> <span class='ocrx_word' id='word_1_150' title='bbox 1626 2088 1722 2137; x_wconf 73' lang='grc' dir='ltr'>τοῦ</span> <span class='ocrx_word' id='word_1_151' title='bbox 1792 2085 1982 2158; x_wconf 72' lang='grc' dir='ltr'>Μαφρὲ</span> <span class='ocrx_word' id='word_1_152' title='bbox 2035 2082 2082 2138; x_wconf 88' lang='grc' dir='ltr'>δ’</span> 
     </span>
    </p>
   </div>
   <div class='ocr_carea' id='block_1_22' title="bbox 423 2167 2081 2249">
    <p class='ocr_par' dir='ltr' id='par_1_22' title="bbox 423 2167 2081 2249">
     <span class='ocr_line' id='line_1_22' title="bbox 423 2167 2081 2249; baseline 0.001 -22"><span class='ocrx_word' id='word_1_153' title='bbox 423 2169 691 2249; x_wconf 72' lang='grc' dir='ltr'>ἀδελφὴν,</span> <span class='ocrx_word' id='word_1_154' title='bbox 725 2174 786 2241; x_wconf 76' lang='grc' dir='ltr'>ἣν</span> <span class='ocrx_word' id='word_1_155' title='bbox 844 2169 909 2240; x_wconf 79' lang='grc' dir='ltr'>δὴ</span> <span class='ocrx_word' id='word_1_156' title='bbox 956 2173 1045 2226; x_wconf 80' lang='grc' dir='ltr'>καὶ</span> <span class='ocrx_word' id='word_1_157' title='bbox 1109 2171 1168 2226; x_wconf 81' lang='grc' dir='ltr'>ἐκ</span> <span class='ocrx_word' id='word_1_158' title='bbox 1217 2167 1506 2247; x_wconf 77' lang='grc' dir='ltr'>πρεσϐείας</span> <span class='ocrx_word' id='word_1_159' title='bbox 1534 2171 1799 2236; x_wconf 76' lang='grc' dir='ltr'>ἐλθοῦσαν</span> <span class='ocrx_word' id='word_1_160' title='bbox 1858 2176 2081 2228; x_wconf 85' lang='grc' dir='ltr'>ταινιώ-</span> 
     </span>
    </p>
   </div>
   <div class='ocr_carea' id='block_1_23' title="bbox 432 2258 2080 2338">
    <p class='ocr_par' dir='ltr' id='par_1_23' title="bbox 432 2258 2080 2338">
     <span class='ocr_line' id='line_1_23' title="bbox 432 2258 2080 2338; baseline 0.002 -24"><span class='ocrx_word' id='word_1_161' title='bbox 432 2282 526 2321; x_wconf 88' lang='grc' dir='ltr'>σας</span> <span class='ocrx_word' id='word_1_162' title='bbox 561 2263 589 2315; x_wconf 87' lang='grc' dir='ltr'>ὁ</span> <span class='ocrx_word' id='word_1_163' title='bbox 614 2258 888 2331; x_wconf 81' lang='grc' dir='ltr'>δηλωθεὶς</span> <span class='ocrx_word' id='word_1_164' title='bbox 923 2259 1176 2335; x_wconf 78' lang='grc' dir='ltr'>βασιλεὺς</span> <span class='ocrx_word' id='word_1_165' title='bbox 1208 2262 1464 2331; x_wconf 84' lang='grc' dir='ltr'>Ἰωάννης</span> <span class='ocrx_word' id='word_1_166' title='bbox 1512 2260 1822 2338; x_wconf 77' lang='grc' dir='ltr'>Αύγούσταν</span> <span class='ocrx_word' id='word_1_167' title='bbox 1869 2260 2080 2327; x_wconf 81' lang='grc' dir='ltr'>δεικνὺς</span> 
     </span>
    </p>
   </div>
   <div class='ocr_carea' id='block_1_24' title="bbox 430 2346 2078 2426">
    <p class='ocr_par' dir='ltr' id='par_1_24' title="bbox 430 2346 2078 2426">
     <span class='ocr_line' id='line_1_24' title="bbox 430 2346 2078 2426; baseline 0.002 -23"><span class='ocrx_word' id='word_1_168' title='bbox 430 2349 676 2405; x_wconf 79' lang='grc' dir='ltr'>σύνοικον</span> <span class='ocrx_word' id='word_1_169' title='bbox 731 2351 848 2424; x_wconf 71' lang='grc' dir='ltr'>εἶχε</span> <span class='ocrx_word' id='word_1_170' title='bbox 895 2350 987 2404; x_wconf 84' lang='grc' dir='ltr'>καὶ</span> <span class='ocrx_word' id='word_1_171' title='bbox 1037 2346 1272 2425; x_wconf 69' lang='grc' dir='ltr'>ἔστεργε,</span> <span class='ocrx_word' id='word_1_172' title='bbox 1303 2383 1372 2393; x_wconf 88' lang='grc'><strong><em>-</em></strong></span> <span class='ocrx_word' id='word_1_173' title='bbox 1414 2355 1493 2423; x_wconf 80' lang='grc' dir='ltr'>τῷ</span> <span class='ocrx_word' id='word_1_174' title='bbox 1542 2355 1672 2425; x_wconf 78' lang='grc' dir='ltr'>γοῦν</span> <span class='ocrx_word' id='word_1_175' title='bbox 1724 2353 1859 2426; x_wconf 82' lang='grc' dir='ltr'>πρὸς</span> <span class='ocrx_word' id='word_1_176' title='bbox 1912 2352 2078 2422; x_wconf 72' lang='grc' dir='ltr'>αὐτὴν</span> 
     </span>
    </p>
   </div>
   <div class='ocr_carea' id='block_1_25' title="bbox 431 2436 2080 2519">
    <p class='ocr_par' dir='ltr' id='par_1_25' title="bbox 431 2436 2080 2519">
     <span class='ocr_line' id='line_1_25' title="bbox 431 2436 2080 2519; baseline 0.002 -26"><span class='ocrx_word' id='word_1_177' title='bbox 431 2436 594 2519; x_wconf 72' lang='grc' dir='ltr'>ἔρωτι</span> <span class='ocrx_word' id='word_1_178' title='bbox 628 2440 655 2493; x_wconf 89' lang='grc' dir='ltr'>ὁ</span> <span class='ocrx_word' id='word_1_179' title='bbox 692 2438 949 2515; x_wconf 83' lang='grc' dir='ltr'>βασιλεὺς</span> <span class='ocrx_word' id='word_1_180' title='bbox 998 2438 1236 2513; x_wconf 75' lang='grc' dir='ltr'>Μιχαὴλ</span> <span class='ocrx_word' id='word_1_181' title='bbox 1286 2439 1453 2501; x_wconf 76' lang='grc' dir='ltr'>ἁλοὺς</span> <span class='ocrx_word' id='word_1_182' title='bbox 1502 2439 1553 2493; x_wconf 83' lang='grc' dir='ltr'>ἐν</span> <span class='ocrx_word' id='word_1_183' title='bbox 1597 2438 1832 2518; x_wconf 81' lang='grc' dir='ltr'>ἀσφαλεῖ</span> <span class='ocrx_word' id='word_1_184' title='bbox 1864 2442 1959 2513; x_wconf 72' lang='grc' dir='ltr'>μὲν</span> <span class='ocrx_word' id='word_1_185' title='bbox 2010 2444 2080 2497; x_wconf 77' lang='grc' dir='ltr'>εἶ-</span> 
     </span>
    </p>
   </div>
   <div class='ocr_carea' id='block_1_26' title="bbox 428 2525 2081 2605">
    <p class='ocr_par' dir='ltr' id='par_1_26' title="bbox 428 2525 2081 2605">
     <span class='ocr_line' id='line_1_26' title="bbox 428 2525 2081 2605; baseline 0.001 -22"><span class='ocrx_word' id='word_1_186' title='bbox 428 2548 526 2604; x_wconf 81' lang='grc' dir='ltr'>χεν</span> <span class='ocrx_word' id='word_1_187' title='bbox 555 2527 634 2605; x_wconf 84' lang='grc' dir='ltr'>ἐφ’</span> <span class='ocrx_word' id='word_1_188' title='bbox 668 2528 713 2601; x_wconf 83' lang='grc' dir='ltr'>ᾧ</span> <span class='ocrx_word' id='word_1_189' title='bbox 763 2529 911 2602; x_wconf 85' lang='grc' dir='ltr'>τάχα</span> <span class='ocrx_word' id='word_1_190' title='bbox 971 2529 1047 2600; x_wconf 80' lang='grc' dir='ltr'>μὴ</span> <span class='ocrx_word' id='word_1_191' title='bbox 1102 2525 1400 2603; x_wconf 84' lang='grc' dir='ltr'>ἀποδρᾶναι</span> <span class='ocrx_word' id='word_1_192' title='bbox 1445 2529 1583 2604; x_wconf 80' lang='grc' dir='ltr'>πρὸς</span> <span class='ocrx_word' id='word_1_193' title='bbox 1636 2529 1763 2590; x_wconf 75' lang='grc' dir='ltr'>τοὺς</span> <span class='ocrx_word' id='word_1_194' title='bbox 1819 2529 2081 2605; x_wconf 84' lang='grc' dir='ltr'>οἰκείους,</span> 
     </span>
    </p>
   </div>
   <div class='ocr_carea' id='block_1_27' title="bbox 426 2613 2080 2694">
    <p class='ocr_par' dir='ltr' id='par_1_27' title="bbox 426 2613 2080 2694">
     <span class='ocr_line' id='line_1_27' title="bbox 426 2613 2080 2694; baseline 0.003 -23"><span class='ocrx_word' id='word_1_195' title='bbox 426 2616 585 2690; x_wconf 80' lang='grc' dir='ltr'>ὅμως</span> <span class='ocrx_word' id='word_1_196' title='bbox 642 2613 688 2671; x_wconf 87' lang='grc' dir='ltr'>δ’</span> <span class='ocrx_word' id='word_1_197' title='bbox 750 2618 931 2691; x_wconf 80' lang='grc' dir='ltr'>ἐκείνῃ</span> <span class='ocrx_word' id='word_1_198' title='bbox 1003 2623 1253 2692; x_wconf 83' lang='grc' dir='ltr'>προνοῶν</span> <span class='ocrx_word' id='word_1_199' title='bbox 1336 2622 1444 2672; x_wconf 87' lang='grc' dir='ltr'>τῶν</span> <span class='ocrx_word' id='word_1_200' title='bbox 1519 2615 1841 2688; x_wconf 82' lang='grc' dir='ltr'>ἐπιτηδείων</span> <span class='ocrx_word' id='word_1_201' title='bbox 1928 2622 2080 2694; x_wconf 85' lang='grc' dir='ltr'>βασι-</span> 
     </span>
    </p>
   </div>
   <div class='ocr_carea' id='block_1_28' title="bbox 420 2814 2073 2890">
    <p class='ocr_par' dir='ltr' id='par_1_28' title="bbox 420 2814 2073 2890">
     <span class='ocr_line' id='line_1_28' title="bbox 420 2814 2073 2890; baseline 0.002 -19"><span class='ocrx_word' id='word_1_202' title='bbox 420 2818 618 2888; x_wconf 86' lang='lat' dir='ltr'>posset</span> <span class='ocrx_word' id='word_1_203' title='bbox 648 2814 875 2873; x_wconf 87' lang='lat' dir='ltr'>occasio</span> <span class='ocrx_word' id='word_1_204' title='bbox 907 2819 963 2870; x_wconf 86' lang='lat' dir='ltr'>et</span> <span class='ocrx_word' id='word_1_205' title='bbox 993 2815 1129 2871; x_wconf 89' lang='lat' dir='ltr'>oriri</span> <span class='ocrx_word' id='word_1_206' title='bbox 1158 2816 1519 2887; x_wconf 79' lang='lat' dir='ltr'>perturbatio</span> <span class='ocrx_word' id='word_1_207' title='bbox 1552 2816 1665 2871; x_wconf 84' lang='lat' dir='ltr'>sibi</span> <span class='ocrx_word' id='word_1_208' title='bbox 1715 2817 2073 2890; x_wconf 76' lang='lat' dir='ltr'>familiaeque</span> 
     </span>
    </p>
   </div>
   <div class='ocr_carea' id='block_1_29' title="bbox 418 2906 2069 2979">
    <p class='ocr_par' dir='ltr' id='par_1_29' title="bbox 418 2906 2069 2979">
     <span class='ocr_line' id='line_1_29' title="bbox 418 2906 2069 2979; baseline 0 -18"><span class='ocrx_word' id='word_1_209' title='bbox 418 2922 484 2961; x_wconf 90' lang='lat' dir='ltr'>su</span> <span class='ocrx_word' id='word_1_210' title='bbox 496 2923 571 2961; x_wconf 73' lang='lat' dir='ltr'>ra:</span> <span class='ocrx_word' id='word_1_211' title='bbox 590 2906 942 2977; x_wconf 84' lang='lat' dir='ltr'>periculosa.</span> <span class='ocrx_word' id='word_1_212' title='bbox 961 2907 1145 2978; x_wconf 84' lang='lat' dir='ltr'>Igitur</span> <span class='ocrx_word' id='word_1_213' title='bbox 1160 2923 1334 2962; x_wconf 89' lang='lat' dir='ltr'>uuam</span> <span class='ocrx_word' id='word_1_214' title='bbox 1353 2908 1587 2978; x_wconf 86' lang='lat' dir='ltr'>quidem</span> <span class='ocrx_word' id='word_1_215' title='bbox 1603 2908 1870 2979; x_wconf 90' lang='lat' dir='ltr'>ipsarum</span> <span class='ocrx_word' id='word_1_216' title='bbox 1886 2908 2069 2964; x_wconf 90' lang='lat' dir='ltr'>nobili</span> 
     </span>
    </p>
   </div>
   <div class='ocr_carea' id='block_1_30' title="bbox 422 2996 2071 3069">
    <p class='ocr_par' dir='ltr' id='par_1_30' title="bbox 422 2996 2071 3069">
     <span class='ocr_line' id='line_1_30' title="bbox 422 2996 2071 3069; baseline 0.002 -19"><span class='ocrx_word' id='word_1_217' title='bbox 422 2996 625 3051; x_wconf 90' lang='lat' dir='ltr'>Latino</span> <span class='ocrx_word' id='word_1_218' title='bbox 658 2997 809 3054; x_wconf 89' lang='lat' dir='ltr'>Maio</span> <span class='ocrx_word' id='word_1_219' title='bbox 840 2998 909 3052; x_wconf 89' lang='lat' dir='ltr'>de</span> <span class='ocrx_word' id='word_1_220' title='bbox 943 2996 1248 3052; x_wconf 87' lang='lat' dir='ltr'>Bellicurto</span> <span class='ocrx_word' id='word_1_221' title='bbox 1280 2997 1426 3051; x_wconf 80' lang='grc'>181</span> <span class='ocrx_word' id='word_1_222' title='bbox 1475 3004 1836 3069; x_wconf 89' lang='lat' dir='ltr'>nuncupato,</span> <span class='ocrx_word' id='word_1_223' title='bbox 1872 2998 1971 3068; x_wconf 88' lang='lat' dir='ltr'>qui</span> <span class='ocrx_word' id='word_1_224' title='bbox 2002 3014 2071 3054; x_wconf 83' lang='lat' dir='ltr'>ex</span> 
     </span>
    </p>
   </div>
   <div class='ocr_carea' id='block_1_31' title="bbox 427 3082 2072 3157">
    <p class='ocr_par' dir='ltr' id='par_1_31' title="bbox 427 3082 2072 3157">
     <span class='ocr_line' id='line_1_31' title="bbox 427 3082 2072 3157; baseline 0.004 -21"><span class='ocrx_word' id='word_1_225' title='bbox 427 3082 635 3150; x_wconf 85' lang='lat' dir='ltr'>Moreo,</span> <span class='ocrx_word' id='word_1_226' title='bbox 670 3086 827 3140; x_wconf 91' lang='lat' dir='ltr'>unde</span> <span class='ocrx_word' id='word_1_227' title='bbox 856 3089 1019 3142; x_wconf 89' lang='lat' dir='ltr'>ortus</span> <span class='ocrx_word' id='word_1_228' title='bbox 1051 3089 1197 3151; x_wconf 87' lang='lat' dir='ltr'>erat,</span> <span class='ocrx_word' id='word_1_229' title='bbox 1223 3085 1789 3157; x_wconf 80' lang='lat' dir='ltr'>Constantinopolim</span> <span class='ocrx_word' id='word_1_230' title='bbox 1819 3088 2072 3142; x_wconf 88' lang='lat' dir='ltr'>advene-</span> 
     </span>
    </p>
   </div>
   <div class='ocr_carea' id='block_1_32' title="bbox 426 3173 2073 3244">
    <p class='ocr_par' dir='ltr' id='par_1_32' title="bbox 426 3173 2073 3244">
     <span class='ocr_line' id='line_1_32' title="bbox 426 3173 2073 3244; baseline 0.002 -18"><span class='ocrx_word' id='word_1_231' title='bbox 426 3176 530 3237; x_wconf 89' lang='lat' dir='ltr'>rat,</span> <span class='ocrx_word' id='word_1_232' title='bbox 560 3173 937 3230; x_wconf 88' lang='lat' dir='ltr'>matrimonio</span> <span class='ocrx_word' id='word_1_233' title='bbox 994 3174 1339 3244; x_wconf 76' lang='lat' dir='ltr'>conjunxit;</span> <span class='ocrx_word' id='word_1_234' title='bbox 1375 3174 1620 3229; x_wconf 77' lang='lat' dir='ltr'>alteram</span> <span class='ocrx_word' id='word_1_235' title='bbox 1673 3175 1878 3231; x_wconf 89' lang='lat' dir='ltr'>Latino</span> <span class='ocrx_word' id='word_1_236' title='bbox 1933 3176 2073 3230; x_wconf 92' lang='lat' dir='ltr'>item</span> 
     </span>
    </p>
   </div>
   <div class='ocr_carea' id='block_1_33' title="bbox 422 3261 2073 3334">
    <p class='ocr_par' dir='ltr' id='par_1_33' title="bbox 422 3261 2073 3334">
     <span class='ocr_line' id='line_1_33' title="bbox 422 3261 2073 3334; baseline 0.002 -19"><span class='ocrx_word' id='word_1_237' title='bbox 422 3261 753 3333; x_wconf 87' lang='lat' dir='ltr'>megistani,</span> <span class='ocrx_word' id='word_1_238' title='bbox 779 3280 954 3334; x_wconf 87' lang='lat' dir='ltr'>quem</span> <span class='ocrx_word' id='word_1_239' title='bbox 980 3264 1071 3320; x_wconf 91' lang='lat' dir='ltr'>sui</span> <span class='ocrx_word' id='word_1_240' title='bbox 1098 3263 1526 3334; x_wconf 81' lang='lat' dir='ltr'>perhonorifico</span> <span class='ocrx_word' id='word_1_241' title='bbox 1551 3265 1702 3333; x_wconf 85' lang='lat' dir='ltr'>apud</span> <span class='ocrx_word' id='word_1_242' title='bbox 1726 3264 1886 3334; x_wconf 82' lang='lat' dir='ltr'>ipsos</span> <span class='ocrx_word' id='word_1_243' title='bbox 1905 3281 2073 3318; x_wconf 49' lang='lat' dir='ltr'>voca-</span> 
     </span>
    </p>
   </div>
   <div class='ocr_carea' id='block_1_34' title="bbox 421 3348 2075 3423">
    <p class='ocr_par' dir='ltr' id='par_1_34' title="bbox 421 3348 2075 3423">
     <span class='ocr_line' id='line_1_34' title="bbox 421 3348 2075 3423; baseline 0.002 -20"><span class='ocrx_word' id='word_1_244' title='bbox 421 3348 559 3404; x_wconf 92' lang='lat' dir='ltr'>bulo</span> <span class='ocrx_word' id='word_1_245' title='bbox 588 3356 823 3405; x_wconf 90' lang='lat' dir='ltr'>contum</span> <span class='ocrx_word' id='word_1_246' title='bbox 868 3350 1263 3422; x_wconf 85' lang='lat' dir='ltr'>appellabant,</span> <span class='ocrx_word' id='word_1_247' title='bbox 1299 3352 1537 3407; x_wconf 88' lang='lat' dir='ltr'>nomine</span> <span class='ocrx_word' id='word_1_248' title='bbox 1588 3351 1939 3417; x_wconf 89' lang='lat' dir='ltr'>Vintimilia,</span> <span class='ocrx_word' id='word_1_249' title='bbox 1972 3354 2075 3423; x_wconf 86' lang='lat' dir='ltr'>qui</span> 
     </span>
    </p>
   </div>
   <div class='ocr_carea' id='block_1_35' title="bbox 2193 655 3851 732">
    <p class='ocr_par' dir='ltr' id='par_1_35' title="bbox 2193 655 3851 732">
     <span class='ocr_line' id='line_1_35' title="bbox 2193 655 3851 732; baseline 0.001 -21"><span class='ocrx_word' id='word_1_250' title='bbox 2193 658 2454 732; x_wconf 86' lang='grc' dir='ltr'>γενέσθαι,</span> <span class='ocrx_word' id='word_1_251' title='bbox 2510 659 2598 721; x_wconf 83' lang='grc' dir='ltr'>Ὡς</span> <span class='ocrx_word' id='word_1_252' title='bbox 2656 655 2702 711; x_wconf 87' lang='grc' dir='ltr'>δ’</span> <span class='ocrx_word' id='word_1_253' title='bbox 2764 656 2862 711; x_wconf 79' lang='grc' dir='ltr'>οὐκ</span> <span class='ocrx_word' id='word_1_254' title='bbox 2910 655 3091 721; x_wconf 69' lang='grc' dir='ltr'>ἔπειθε</span> <span class='ocrx_word' id='word_1_255' title='bbox 3166 655 3357 712; x_wconf 81' lang='grc' dir='ltr'>πολλὰ</span> <span class='ocrx_word' id='word_1_256' title='bbox 3431 658 3685 732; x_wconf 86' lang='grc' dir='ltr'>πράττων</span> <span class='ocrx_word' id='word_1_257' title='bbox 3761 659 3851 712; x_wconf 82' lang='grc' dir='ltr'>καὶ</span> 
     </span>
    </p>
   </div>
   <div class='ocr_carea' id='block_1_36' title="bbox 2195 744 3853 822">
    <p class='ocr_par' dir='ltr' id='par_1_36' title="bbox 2195 744 3853 822">
     <span class='ocr_line' id='line_1_36' title="bbox 2195 744 3853 822; baseline 0.001 -22"><span class='ocrx_word' id='word_1_258' title='bbox 2195 744 2535 819; x_wconf 78' lang='grc' dir='ltr'>δεξιούμενος</span> <span class='ocrx_word' id='word_1_259' title='bbox 2595 744 2763 819; x_wconf 74' lang='grc' dir='ltr'>(μηδὲ</span> <span class='ocrx_word' id='word_1_260' title='bbox 2840 748 2942 822; x_wconf 75' lang='grc' dir='ltr'>γὰρ</span> <span class='ocrx_word' id='word_1_261' title='bbox 3022 746 3081 801; x_wconf 77' lang='grc' dir='ltr'>ἂν</span> <span class='ocrx_word' id='word_1_262' title='bbox 3146 748 3315 801; x_wconf 77' lang='grc' dir='ltr'>καλὸν</span> <span class='ocrx_word' id='word_1_263' title='bbox 3378 748 3511 801; x_wconf 74' lang='grc' dir='ltr'>εἶναι</span> <span class='ocrx_word' id='word_1_264' title='bbox 3570 747 3605 815; x_wconf 76' lang='grc' dir='ltr'>ἢ</span> <span class='ocrx_word' id='word_1_265' title='bbox 3661 746 3853 821; x_wconf 86' lang='grc' dir='ltr'>εύπρε-</span> 
     </span>
    </p>
   </div>
   <div class='ocr_carea' id='block_1_37' title="bbox 2193 832 3851 912">
    <p class='ocr_par' dir='ltr' id='par_1_37' title="bbox 2193 832 3851 912">
     <span class='ocr_line' id='line_1_37' title="bbox 2193 832 3851 912; baseline 0.001 -23"><span class='ocrx_word' id='word_1_266' title='bbox 2193 836 2289 898; x_wconf 76' lang='grc' dir='ltr'>πὲς</span> <span class='ocrx_word' id='word_1_267' title='bbox 2380 832 2648 911; x_wconf 82' lang='grc' dir='ltr'>βασιλέως</span> <span class='ocrx_word' id='word_1_268' title='bbox 2723 835 3025 891; x_wconf 78' lang='grc' dir='ltr'>ἀκούσασαν</span> <span class='ocrx_word' id='word_1_269' title='bbox 3112 833 3363 909; x_wconf 81' lang='grc' dir='ltr'>δάμαρτα</span> <span class='ocrx_word' id='word_1_270' title='bbox 3411 856 3421 868; x_wconf 90' lang='grc'>·</span> <span class='ocrx_word' id='word_1_271' title='bbox 3487 835 3630 891; x_wconf 79' lang='grc' dir='ltr'>οὕτω</span> <span class='ocrx_word' id='word_1_272' title='bbox 3697 835 3851 912; x_wconf 83' lang='grc' dir='ltr'>μεγί-</span> 
     </span>
    </p>
   </div>
   <div class='ocr_carea' id='block_1_38' title="bbox 2193 920 3851 1002">
    <p class='ocr_par' dir='ltr' id='par_1_38' title="bbox 2193 920 3851 1002">
     <span class='ocr_line' id='line_1_38' title="bbox 2193 920 3851 1002; baseline 0.001 -24"><span class='ocrx_word' id='word_1_273' title='bbox 2193 946 2322 980; x_wconf 92' lang='grc' dir='ltr'>στου</span> <span class='ocrx_word' id='word_1_274' title='bbox 2394 925 2482 979; x_wconf 80' lang='grc' dir='ltr'>καὶ</span> <span class='ocrx_word' id='word_1_275' title='bbox 2566 920 2801 1002; x_wconf 74' lang='grc' dir='ltr'>φοϐεροῦ</span> <span class='ocrx_word' id='word_1_276' title='bbox 2878 925 2927 978; x_wconf 84' lang='grc' dir='ltr'>ἐν</span> <span class='ocrx_word' id='word_1_277' title='bbox 2994 924 3198 999; x_wconf 76' lang='grc' dir='ltr'>ὑστέρῳ</span> <span class='ocrx_word' id='word_1_278' title='bbox 3254 927 3314 979; x_wconf 91' lang='grc' dir='ltr'>τὸ</span> <span class='ocrx_word' id='word_1_279' title='bbox 3374 924 3541 999; x_wconf 89' lang='grc' dir='ltr'>λέχος</span> <span class='ocrx_word' id='word_1_280' title='bbox 3596 924 3851 1001; x_wconf 69' lang='grc' dir='ltr'>αἰσχῦναι</span> 
     </span>
    </p>
   </div>
   <div class='ocr_carea' id='block_1_39' title="bbox 2190 1011 3847 1087">
    <p class='ocr_par' dir='ltr' id='par_1_39' title="bbox 2190 1011 3847 1087">
     <span class='ocr_line' id='line_1_39' title="bbox 2190 1011 3847 1087; baseline -0.001 -19"><span class='ocrx_word' id='word_1_281' title='bbox 2190 1014 2280 1068; x_wconf 84' lang='grc' dir='ltr'>καὶ</span> <span class='ocrx_word' id='word_1_282' title='bbox 2338 1019 2415 1087; x_wconf 71' lang='grc' dir='ltr'>τῷ</span> <span class='ocrx_word' id='word_1_283' title='bbox 2474 1011 2678 1087; x_wconf 81' lang='grc' dir='ltr'>δούλῳ,</span> <span class='ocrx_word' id='word_1_284' title='bbox 2733 1014 2777 1068; x_wconf 80' lang='grc' dir='ltr'>εἷ</span> <span class='ocrx_word' id='word_1_285' title='bbox 2840 1015 2927 1068; x_wconf 76' lang='grc' dir='ltr'>καὶ</span> <span class='ocrx_word' id='word_1_286' title='bbox 2994 1013 3277 1087; x_wconf 84' lang='grc' dir='ltr'>βασιλεύοι</span> <span class='ocrx_word' id='word_1_287' title='bbox 3335 1017 3449 1081; x_wconf 77' lang='grc' dir='ltr'>νῦν,</span> <span class='ocrx_word' id='word_1_288' title='bbox 3507 1013 3847 1069; x_wconf 83' lang='grc' dir='ltr'>παλλακεύε-</span> 
     </span>
    </p>
   </div>
   <div class='ocr_carea' id='block_1_40' title="bbox 2193 1100 3851 1179">
    <p class='ocr_par' dir='ltr' id='par_1_40' title="bbox 2193 1100 3851 1179">
     <span class='ocr_line' id='line_1_40' title="bbox 2193 1100 3851 1179; baseline 0.001 -22"><span class='ocrx_word' id='word_1_289' title='bbox 2193 1106 2313 1158; x_wconf 83' lang='grc' dir='ltr'>σθαι</span> <span class='ocrx_word' id='word_1_290' title='bbox 2389 1104 2649 1179; x_wconf 86' lang='grc' dir='ltr'>μεγίστην</span> <span class='ocrx_word' id='word_1_291' title='bbox 2728 1102 2888 1158; x_wconf 72' lang='grc' dir='ltr'>οὖσαν</span> <span class='ocrx_word' id='word_1_292' title='bbox 2976 1102 3035 1158; x_wconf 82' lang='grc' dir='ltr'>ἐκ</span> <span class='ocrx_word' id='word_1_293' title='bbox 3122 1104 3438 1179; x_wconf 80' lang='grc' dir='ltr'>μεγίστων),</span> <span class='ocrx_word' id='word_1_294' title='bbox 3498 1100 3665 1158; x_wconf 80' lang='grc' dir='ltr'>ἄλλον</span> <span class='ocrx_word' id='word_1_295' title='bbox 3731 1103 3851 1159; x_wconf 75' lang='grc' dir='ltr'>τινα</span> 
     </span>
    </p>
   </div>
   <div class='ocr_carea' id='block_1_41' title="bbox 2190 1191 3846 1268">
    <p class='ocr_par' dir='ltr' id='par_1_41' title="bbox 2190 1191 3846 1268">
     <span class='ocr_line' id='line_1_41' title="bbox 2190 1191 3846 1268; baseline -0.002 -20"><span class='ocrx_word' id='word_1_296' title='bbox 2190 1193 2391 1267; x_wconf 83' lang='grc' dir='ltr'>τρόπον</span> <span class='ocrx_word' id='word_1_297' title='bbox 2463 1191 2603 1267; x_wconf 80' lang='grc' dir='ltr'>ἔγνω</span> <span class='ocrx_word' id='word_1_298' title='bbox 2676 1193 2985 1268; x_wconf 83' lang='grc' dir='ltr'>θεραπεύειν</span> <span class='ocrx_word' id='word_1_299' title='bbox 3058 1192 3149 1246; x_wconf 86' lang='grc' dir='ltr'>τὸν</span> <span class='ocrx_word' id='word_1_300' title='bbox 3200 1196 3562 1267; x_wconf 80' lang='grc' dir='ltr'>τυραννοῦντα</span> <span class='ocrx_word' id='word_1_301' title='bbox 3623 1193 3846 1265; x_wconf 71' lang='grc' dir='ltr'>μανικὸν</span> 
     </span>
    </p>
   </div>
   <div class='ocr_carea' id='block_1_42' title="bbox 2191 1280 3849 1357">
    <p class='ocr_par' dir='ltr' id='par_1_42' title="bbox 2191 1280 3849 1357">
     <span class='ocr_line' id='line_1_42' title="bbox 2191 1280 3849 1357; baseline -0.001 -20"><span class='ocrx_word' id='word_1_302' title='bbox 2191 1280 2385 1357; x_wconf 74' lang='grc' dir='ltr'>ἔρωτα.</span> <span class='ocrx_word' id='word_1_303' title='bbox 2420 1282 2521 1339; x_wconf 81' lang='grc' dir='ltr'>Καὶ</span> <span class='ocrx_word' id='word_1_304' title='bbox 2573 1280 2638 1351; x_wconf 79' lang='grc' dir='ltr'>δὴ</span> <span class='ocrx_word' id='word_1_305' title='bbox 2696 1282 2832 1355; x_wconf 80' lang='grc' dir='ltr'>αὐτῇ</span> <span class='ocrx_word' id='word_1_306' title='bbox 2894 1283 2986 1355; x_wconf 71' lang='grc' dir='ltr'>μὲν</span> <span class='ocrx_word' id='word_1_307' title='bbox 3050 1281 3318 1357; x_wconf 85' lang='grc' dir='ltr'>ὑπέσχετο</span> <span class='ocrx_word' id='word_1_308' title='bbox 3372 1282 3545 1352; x_wconf 71' lang='grc' dir='ltr'>ἑαυτῷ</span> <span class='ocrx_word' id='word_1_309' title='bbox 3604 1282 3849 1336; x_wconf 83' lang='grc' dir='ltr'>συνοικί-</span> 
     </span>
    </p>
   </div>
   <div class='ocr_carea' id='block_1_43' title="bbox 2194 1368 3847 1448">
    <p class='ocr_par' dir='ltr' id='par_1_43' title="bbox 2194 1368 3847 1448">
     <span class='ocr_line' id='line_1_43' title="bbox 2194 1368 3847 1448; baseline -0.001 -22"><span class='ocrx_word' id='word_1_310' title='bbox 2194 1378 2299 1440; x_wconf 85' lang='grc' dir='ltr'>ζειν</span> <span class='ocrx_word' id='word_1_311' title='bbox 2348 1371 2423 1433; x_wconf 83' lang='grc' dir='ltr'>εἷς</span> <span class='ocrx_word' id='word_1_312' title='bbox 2466 1372 2641 1447; x_wconf 86' lang='grc' dir='ltr'>γάμον</span> <span class='ocrx_word' id='word_1_313' title='bbox 2696 1370 2895 1448; x_wconf 84' lang='grc' dir='ltr'>ἀφέντα</span> <span class='ocrx_word' id='word_1_314' title='bbox 2937 1372 3035 1439; x_wconf 80' lang='grc' dir='ltr'>τήν</span> <span class='ocrx_word' id='word_1_315' title='bbox 3089 1371 3301 1441; x_wconf 71' lang='grc' dir='ltr'>ἑαυτοῦ,</span> <span class='ocrx_word' id='word_1_316' title='bbox 3333 1369 3480 1439; x_wconf 69' lang='grc' dir='ltr'>πλὴν</span> <span class='ocrx_word' id='word_1_317' title='bbox 3531 1368 3614 1425; x_wconf 83' lang='grc' dir='ltr'>ἐπὶ</span> <span class='ocrx_word' id='word_1_318' title='bbox 3650 1368 3847 1425; x_wconf 82' lang='grc' dir='ltr'>δοκού-</span> 
     </span>
    </p>
   </div>
   <div class='ocr_carea' id='block_1_44' title="bbox 2193 1456 3848 1538">
    <p class='ocr_par' dir='ltr' id='par_1_44' title="bbox 2193 1456 3848 1538">
     <span class='ocr_line' id='line_1_44' title="bbox 2193 1456 3848 1538; baseline -0.001 -23"><span class='ocrx_word' id='word_1_319' title='bbox 2193 1482 2309 1522; x_wconf 90' lang='grc' dir='ltr'>σαις</span> <span class='ocrx_word' id='word_1_320' title='bbox 2367 1459 2620 1535; x_wconf 78' lang='grc' dir='ltr'>εὐλόγοις</span> <span class='ocrx_word' id='word_1_321' title='bbox 2679 1464 3035 1538; x_wconf 82' lang='grc' dir='ltr'>προφάσεσιν,</span> <span class='ocrx_word' id='word_1_322' title='bbox 3098 1459 3159 1521; x_wconf 78' lang='grc' dir='ltr'>ἃς</span> <span class='ocrx_word' id='word_1_323' title='bbox 3216 1459 3309 1514; x_wconf 80' lang='grc' dir='ltr'>καὶ</span> <span class='ocrx_word' id='word_1_324' title='bbox 3386 1456 3700 1535; x_wconf 62' lang='grc' dir='ltr'>προύτεινεν</span> <span class='ocrx_word' id='word_1_325' title='bbox 3760 1459 3848 1514; x_wconf 76' lang='grc' dir='ltr'>ἐπὶ</span> 
     </span>
    </p>
   </div>
   <div class='ocr_carea' id='block_1_45' title="bbox 2190 1546 3846 1625">
    <p class='ocr_par' dir='ltr' id='par_1_45' title="bbox 2190 1546 3846 1625">
     <span class='ocr_line' id='line_1_45' title="bbox 2190 1546 3846 1625; baseline -0.001 -21"><span class='ocrx_word' id='word_1_326' title='bbox 2190 1549 2442 1616; x_wconf 84' lang='grc' dir='ltr'>πολλῶν,</span> <span class='ocrx_word' id='word_1_327' title='bbox 2475 1548 2653 1619; x_wconf 77' lang='grc' dir='ltr'>καλήν</span> <span class='ocrx_word' id='word_1_328' title='bbox 2706 1550 2801 1622; x_wconf 76' lang='grc' dir='ltr'>μὲν</span> <span class='ocrx_word' id='word_1_329' title='bbox 2860 1550 2995 1603; x_wconf 78' lang='grc' dir='ltr'>εἶναι</span> <span class='ocrx_word' id='word_1_330' title='bbox 3043 1550 3142 1617; x_wconf 72' lang='grc' dir='ltr'>τὴν</span> <span class='ocrx_word' id='word_1_331' title='bbox 3199 1546 3485 1622; x_wconf 76' lang='grc' dir='ltr'>Θεοδώραν</span> <span class='ocrx_word' id='word_1_332' title='bbox 3520 1549 3686 1622; x_wconf 80' lang='grc' dir='ltr'>(οὕτω</span> <span class='ocrx_word' id='word_1_333' title='bbox 3743 1551 3846 1625; x_wconf 75' lang='grc' dir='ltr'>γὰρ</span> 
     </span>
    </p>
   </div>
   <div class='ocr_carea' id='block_1_46' title="bbox 2192 1637 3845 1715">
    <p class='ocr_par' dir='ltr' id='par_1_46' title="bbox 2192 1637 3845 1715">
     <span class='ocr_line' id='line_1_46' title="bbox 2192 1637 3845 1715; baseline 0 -22"><span class='ocrx_word' id='word_1_334' title='bbox 2192 1640 2508 1713; x_wconf 84' lang='grc' dir='ltr'>ὠνομάζετο</span> <span class='ocrx_word' id='word_1_335' title='bbox 2538 1642 2572 1709; x_wconf 82' lang='grc' dir='ltr'>ἠ</span> <span class='ocrx_word' id='word_1_336' title='bbox 2608 1638 2921 1715; x_wconf 84' lang='grc' dir='ltr'>Αύγούστα)</span> <span class='ocrx_word' id='word_1_337' title='bbox 2951 1638 3041 1693; x_wconf 80' lang='grc' dir='ltr'>καὶ</span> <span class='ocrx_word' id='word_1_338' title='bbox 3091 1639 3280 1713; x_wconf 85' lang='grc' dir='ltr'>γένους</span> <span class='ocrx_word' id='word_1_339' title='bbox 3312 1637 3461 1708; x_wconf 82' lang='grc' dir='ltr'>ἀξίου</span> <span class='ocrx_word' id='word_1_340' title='bbox 3501 1638 3697 1693; x_wconf 90' lang='grc' dir='ltr'>τούτου</span> <span class='ocrx_word' id='word_1_341' title='bbox 3747 1640 3845 1712; x_wconf 82' lang='grc' dir='ltr'>βα-</span> 
     </span>
    </p>
   </div>
   <div class='ocr_carea' id='block_1_47' title="bbox 2193 1724 3844 1802">
    <p class='ocr_par' dir='ltr' id='par_1_47' title="bbox 2193 1724 3844 1802">
     <span class='ocr_line' id='line_1_47' title="bbox 2193 1724 3844 1802; baseline -0.001 -20"><span class='ocrx_word' id='word_1_342' title='bbox 2193 1728 2433 1799; x_wconf 68' lang='grc' dir='ltr'>σιλικοῦ,</span> <span class='ocrx_word' id='word_1_343' title='bbox 2486 1730 2576 1783; x_wconf 87' lang='grc' dir='ltr'>καὶ</span> <span class='ocrx_word' id='word_1_344' title='bbox 2642 1725 2812 1801; x_wconf 67' lang='grc' dir='ltr'>μηδὲν</span> <span class='ocrx_word' id='word_1_345' title='bbox 2872 1724 3020 1802; x_wconf 76' lang='grc' dir='ltr'>ἔχεις</span> <span class='ocrx_word' id='word_1_346' title='bbox 3087 1727 3428 1782; x_wconf 79' lang='grc' dir='ltr'>ἐπαιτιᾶσθαι</span> <span class='ocrx_word' id='word_1_347' title='bbox 3476 1728 3511 1797; x_wconf 73' lang='grc' dir='ltr'>ἢ</span> <span class='ocrx_word' id='word_1_348' title='bbox 3565 1727 3755 1800; x_wconf 84' lang='grc' dir='ltr'>γένους</span> <span class='ocrx_word' id='word_1_349' title='bbox 3810 1728 3844 1797; x_wconf 77' lang='grc' dir='ltr'><strong>ἢ</strong></span> 
     </span>
    </p>
   </div>
   <div class='ocr_carea' id='block_1_48' title="bbox 2192 1811 3847 1895">
    <p class='ocr_par' dir='ltr' id='par_1_48' title="bbox 2192 1811 3847 1895">
     <span class='ocr_line' id='line_1_48' title="bbox 2192 1811 3847 1895; baseline -0.003 -22"><span class='ocrx_word' id='word_1_350' title='bbox 2192 1818 2549 1895; x_wconf 85' lang='grc' dir='ltr'>σωφροσύνης</span> <span class='ocrx_word' id='word_1_351' title='bbox 2605 1818 2826 1894; x_wconf 89' lang='grc' dir='ltr'>τρόπων</span> <span class='ocrx_word' id='word_1_352' title='bbox 2885 1811 3386 1893; x_wconf 78' lang='grc' dir='ltr'>παραϐεϐασμὲνων</span> <span class='ocrx_word' id='word_1_353' title='bbox 3418 1816 3453 1885; x_wconf 71' lang='grc' dir='ltr'><strong>ἢ</strong></span> <span class='ocrx_word' id='word_1_354' title='bbox 3484 1819 3581 1870; x_wconf 77' lang='grc' dir='ltr'>τοῦ</span> <span class='ocrx_word' id='word_1_355' title='bbox 3638 1816 3713 1888; x_wconf 82' lang='grc' dir='ltr'>μὴ</span> <span class='ocrx_word' id='word_1_356' title='bbox 3758 1815 3847 1893; x_wconf 86' lang='grc' dir='ltr'>φί-</span> 
     </span>
    </p>
   </div>
   <div class='ocr_carea' id='block_1_49' title="bbox 2193 1900 3846 1982">
    <p class='ocr_par' dir='ltr' id='par_1_49' title="bbox 2193 1900 3846 1982">
     <span class='ocr_line' id='line_1_49' title="bbox 2193 1900 3846 1982; baseline -0.002 -20"><span class='ocrx_word' id='word_1_357' title='bbox 2193 1905 2429 1982; x_wconf 85' lang='grc' dir='ltr'>λανδρον</span> <span class='ocrx_word' id='word_1_358' title='bbox 2498 1908 2630 1961; x_wconf 79' lang='grc' dir='ltr'>εἶναι</span> <span class='ocrx_word' id='word_1_359' title='bbox 2700 1905 2790 1961; x_wconf 80' lang='grc' dir='ltr'>καί</span> <span class='ocrx_word' id='word_1_360' title='bbox 2850 1906 2902 1960; x_wconf 73' lang='grc' dir='ltr'>οἱ</span> <span class='ocrx_word' id='word_1_361' title='bbox 2956 1904 3104 1976; x_wconf 77' lang='grc' dir='ltr'>ἀξίαν</span> <span class='ocrx_word' id='word_1_362' title='bbox 3182 1900 3627 1977; x_wconf 75' lang='grc' dir='ltr'>συμϐασιλεύειν.</span> <span class='ocrx_word' id='word_1_363' title='bbox 3682 1902 3846 1959; x_wconf 85' lang='grc' dir='ltr'>Ἀλλ’</span> 
     </span>
    </p>
   </div>
   <div class='ocr_carea' id='block_1_50' title="bbox 2190 1993 3844 2073">
    <p class='ocr_par' dir='ltr' id='par_1_50' title="bbox 2190 1993 3844 2073">
     <span class='ocr_line' id='line_1_50' title="bbox 2190 1993 3844 2073; baseline -0.003 -21"><span class='ocrx_word' id='word_1_364' title='bbox 2190 1998 2476 2073; x_wconf 83' lang='grc' dir='ltr'>ἀναγκαῖον</span> <span class='ocrx_word' id='word_1_365' title='bbox 2538 1997 2673 2051; x_wconf 78' lang='grc' dir='ltr'>εἶναι</span> <span class='ocrx_word' id='word_1_366' title='bbox 2748 1997 2967 2057; x_wconf 84' lang='grc' dir='ltr'>πάντως</span> <span class='ocrx_word' id='word_1_367' title='bbox 3044 1993 3505 2072; x_wconf 84' lang='grc' dir='ltr'>εύφυλακτότερον</span> <span class='ocrx_word' id='word_1_368' title='bbox 3561 1994 3650 2048; x_wconf 81' lang='grc' dir='ltr'>καὶ</span> <span class='ocrx_word' id='word_1_369' title='bbox 3707 1995 3844 2066; x_wconf 85' lang='grc' dir='ltr'>πρὸς</span> 
     </span>
    </p>
   </div>
   <div class='ocr_carea' id='block_1_51' title="bbox 2188 2081 3841 2162">
    <p class='ocr_par' dir='ltr' id='par_1_51' title="bbox 2188 2081 3841 2162">
     <span class='ocr_line' id='line_1_51' title="bbox 2188 2081 3841 2162; baseline -0.003 -19"><span class='ocrx_word' id='word_1_370' title='bbox 2188 2088 2315 2151; x_wconf 71' lang='grc' dir='ltr'>τοὺς</span> <span class='ocrx_word' id='word_1_371' title='bbox 2363 2086 2594 2162; x_wconf 76' lang='grc' dir='ltr'>ἐχθροὺς</span> <span class='ocrx_word' id='word_1_372' title='bbox 2641 2081 2788 2160; x_wconf 78' lang='grc' dir='ltr'>ἔχειν</span> <span class='ocrx_word' id='word_1_373' title='bbox 2837 2085 2924 2141; x_wconf 82' lang='grc' dir='ltr'>ἐπὶ</span> <span class='ocrx_word' id='word_1_374' title='bbox 2964 2088 3062 2153; x_wconf 79' lang='grc' dir='ltr'>τῆς</span> <span class='ocrx_word' id='word_1_375' title='bbox 3091 2084 3305 2147; x_wconf 87' lang='grc' dir='ltr'>πόλεως</span> <span class='ocrx_word' id='word_1_376' title='bbox 3340 2082 3518 2151; x_wconf 73' lang='grc' dir='ltr'>ὄντας,</span> <span class='ocrx_word' id='word_1_377' title='bbox 3551 2086 3617 2153; x_wconf 68' lang='grc' dir='ltr'>ἧς</span> <span class='ocrx_word' id='word_1_378' title='bbox 3676 2083 3841 2147; x_wconf 89' lang='grc' dir='ltr'>πολις</span> 
     </span>
    </p>
   </div>
   <div class='ocr_carea' id='block_1_52' title="bbox 2194 2172 3841 2251">
    <p class='ocr_par' dir='ltr' id='par_1_52' title="bbox 2194 2172 3841 2251">
     <span class='ocr_line' id='line_1_52' title="bbox 2194 2172 3841 2251; baseline -0.002 -20"><span class='ocrx_word' id='word_1_379' title='bbox 2194 2178 2287 2251; x_wconf 73' lang='grc' dir='ltr'>μὶν</span> <span class='ocrx_word' id='word_1_380' title='bbox 2340 2178 2367 2232; x_wconf 89' lang='grc' dir='ltr'>ὁ</span> <span class='ocrx_word' id='word_1_381' title='bbox 2419 2173 2588 2245; x_wconf 79' lang='grc' dir='ltr'>ζῆλος</span> <span class='ocrx_word' id='word_1_382' title='bbox 2639 2177 2936 2250; x_wconf 82' lang='grc' dir='ltr'>ἀναγκαῖος</span> <span class='ocrx_word' id='word_1_383' title='bbox 2997 2173 3042 2228; x_wconf 86' lang='grc' dir='ltr'>δ’</span> <span class='ocrx_word' id='word_1_384' title='bbox 3093 2176 3121 2228; x_wconf 84' lang='grc' dir='ltr'>ὁ</span> <span class='ocrx_word' id='word_1_385' title='bbox 3173 2172 3445 2244; x_wconf 82' lang='grc' dir='ltr'>κίνδυνος,</span> <span class='ocrx_word' id='word_1_386' title='bbox 3478 2172 3577 2227; x_wconf 79' lang='grc' dir='ltr'>οὐκ</span> <span class='ocrx_word' id='word_1_387' title='bbox 3633 2172 3841 2246; x_wconf 85' lang='grc' dir='ltr'>ὀλίγων</span> 
     </span>
    </p>
   </div>
   <div class='ocr_carea' id='block_1_53' title="bbox 2191 2260 3842 2344">
    <p class='ocr_par' dir='ltr' id='par_1_53' title="bbox 2191 2260 3842 2344">
     <span class='ocr_line' id='line_1_53' title="bbox 2191 2260 3842 2344; baseline -0.004 -23"><span class='ocrx_word' id='word_1_388' title='bbox 2191 2266 2496 2344; x_wconf 80' lang='grc' dir='ltr'>ἐπεισφρεῖν</span> <span class='ocrx_word' id='word_1_389' title='bbox 2549 2263 2816 2340; x_wconf 77' lang='grc' dir='ltr'>ἐχόντων,</span> <span class='ocrx_word' id='word_1_390' title='bbox 2848 2265 2939 2319; x_wconf 82' lang='grc' dir='ltr'>καὶ</span> <span class='ocrx_word' id='word_1_391' title='bbox 2987 2264 3137 2318; x_wconf 79' lang='grc' dir='ltr'>ταῦτ’</span> <span class='ocrx_word' id='word_1_392' title='bbox 3167 2262 3395 2317; x_wconf 87' lang='grc' dir='ltr'>Ἰταλῶν</span> <span class='ocrx_word' id='word_1_393' title='bbox 3442 2267 3550 2318; x_wconf 85' lang='grc' dir='ltr'>τῶν</span> <span class='ocrx_word' id='word_1_394' title='bbox 3600 2260 3842 2338; x_wconf 79' lang='grc' dir='ltr'>ἐχόντων</span> 
     </span>
    </p>
   </div>
   <div class='ocr_carea' id='block_1_54' title="bbox 2189 2350 3842 2431">
    <p class='ocr_par' dir='ltr' id='par_1_54' title="bbox 2189 2350 3842 2431">
     <span class='ocr_line' id='line_1_54' title="bbox 2189 2350 3842 2431; baseline -0.004 -20"><span class='ocrx_word' id='word_1_395' title='bbox 2189 2355 2479 2431; x_wconf 84' lang='grc' dir='ltr'>πρότερον,</span> <span class='ocrx_word' id='word_1_396' title='bbox 2536 2352 3045 2428; x_wconf 81' lang='grc' dir='ltr'>παρακεκνισμένων</span> <span class='ocrx_word' id='word_1_397' title='bbox 3100 2352 3191 2407; x_wconf 82' lang='grc' dir='ltr'>καὶ</span> <span class='ocrx_word' id='word_1_398' title='bbox 3250 2350 3439 2415; x_wconf 81' lang='grc' dir='ltr'>ἄλλως</span> <span class='ocrx_word' id='word_1_399' title='bbox 3514 2352 3590 2413; x_wconf 86' lang='grc' dir='ltr'>εἰς</span> <span class='ocrx_word' id='word_1_400' title='bbox 3655 2358 3842 2424; x_wconf 81' lang='grc' dir='ltr'>μῆνιν,</span> 
     </span>
    </p>
   </div>
   <div class='ocr_carea' id='block_1_55' title="bbox 2190 2441 3844 2521">
    <p class='ocr_par' dir='ltr' id='par_1_55' title="bbox 2190 2441 3844 2521">
     <span class='ocr_line' id='line_1_55' title="bbox 2190 2441 3844 2521; baseline -0.004 -21"><span class='ocrx_word' id='word_1_401' title='bbox 2190 2445 2273 2500; x_wconf 79' lang='grc' dir='ltr'>ὅτι</span> <span class='ocrx_word' id='word_1_402' title='bbox 2333 2443 2552 2521; x_wconf 79' lang='grc' dir='ltr'>ἔχοντες</span> <span class='ocrx_word' id='word_1_403' title='bbox 2627 2443 2997 2520; x_wconf 79' lang='grc' dir='ltr'>ἀφῃρέθησαν.</span> <span class='ocrx_word' id='word_1_404' title='bbox 3061 2441 3163 2498; x_wconf 85' lang='grc' dir='ltr'>Καὶ</span> <span class='ocrx_word' id='word_1_405' title='bbox 3222 2445 3313 2495; x_wconf 80' lang='grc' dir='ltr'>νῦν</span> <span class='ocrx_word' id='word_1_406' title='bbox 3382 2442 3844 2517; x_wconf 81' lang='grc' dir='ltr'>παρακινηθέντας</span> 
     </span>
    </p>
   </div>
   <div class='ocr_carea' id='block_1_56' title="bbox 2192 2526 3845 2609">
    <p class='ocr_par' dir='ltr' id='par_1_56' title="bbox 2192 2526 3845 2609">
     <span class='ocr_line' id='line_1_56' title="bbox 2192 2526 3845 2609; baseline -0.003 -21"><span class='ocrx_word' id='word_1_407' title='bbox 2192 2533 2387 2590; x_wconf 79' lang='grc' dir='ltr'>στόλον</span> <span class='ocrx_word' id='word_1_408' title='bbox 2458 2533 2747 2588; x_wconf 84' lang='grc' dir='ltr'>ἀκούεσθαι</span> <span class='ocrx_word' id='word_1_409' title='bbox 2825 2527 3057 2609; x_wconf 76' lang='grc' dir='ltr'>φοϐερὸν</span> <span class='ocrx_word' id='word_1_410' title='bbox 3133 2529 3496 2605; x_wconf 77' lang='grc' dir='ltr'>ἐξαρτύεσθαι,</span> <span class='ocrx_word' id='word_1_411' title='bbox 3556 2528 3752 2591; x_wconf 77' lang='grc' dir='ltr'>αὐτοὺς</span> <span class='ocrx_word' id='word_1_412' title='bbox 3798 2526 3845 2583; x_wconf 84' lang='grc' dir='ltr'>δ’</span> 
     </span>
    </p>
   </div>
   <div class='ocr_carea' id='block_1_57' title="bbox 2189 2615 3843 2696">
    <p class='ocr_par' dir='ltr' id='par_1_57' title="bbox 2189 2615 3843 2696">
     <span class='ocr_line' id='line_1_57' title="bbox 2189 2615 3843 2696; baseline -0.004 -17"><span class='ocrx_word' id='word_1_413' title='bbox 2189 2624 2456 2679; x_wconf 84' lang='grc' dir='ltr'>ἀντωπεῖν</span> <span class='ocrx_word' id='word_1_414' title='bbox 2537 2622 2738 2696; x_wconf 79' lang='grc' dir='ltr'>ὁρμαῖς</span> <span class='ocrx_word' id='word_1_415' title='bbox 2813 2620 3091 2682; x_wconf 86' lang='grc' dir='ltr'>τοιαύταις</span> <span class='ocrx_word' id='word_1_416' title='bbox 3174 2621 3250 2692; x_wconf 81' lang='grc' dir='ltr'>μὴ</span> <span class='ocrx_word' id='word_1_417' title='bbox 3311 2615 3459 2693; x_wconf 78' lang='grc' dir='ltr'>ἔχειν</span> <span class='ocrx_word' id='word_1_418' title='bbox 3496 2640 3508 2652; x_wconf 89' lang='grc'><strong>·</strong></span> <span class='ocrx_word' id='word_1_419' title='bbox 3561 2615 3684 2674; x_wconf 68' lang='grc' dir='ltr'>οὔτε</span> <span class='ocrx_word' id='word_1_420' title='bbox 3736 2620 3843 2693; x_wconf 80' lang='grc' dir='ltr'>γᾶρ</span> 
     </span>
    </p>
   </div>
   <div class='ocr_carea' id='block_1_58' title="bbox 2180 2817 3844 2885">
    <p class='ocr_par' dir='ltr' id='par_1_58' title="bbox 2180 2817 3844 2885">
     <span class='ocr_line' id='line_1_58' title="bbox 2180 2817 3844 2885; baseline -0.002 -10"><span class='ocrx_word' id='word_1_421' title='bbox 2180 2837 2303 2877; x_wconf 86' lang='lat' dir='ltr'>sam</span> <span class='ocrx_word' id='word_1_422' title='bbox 2338 2820 2624 2876; x_wconf 85' lang='lat' dir='ltr'>hactenus</span> <span class='ocrx_word' id='word_1_423' title='bbox 2657 2819 2876 2874; x_wconf 84' lang='lat' dir='ltr'>famam</span> <span class='ocrx_word' id='word_1_424' title='bbox 2906 2821 3221 2885; x_wconf 87' lang='lat' dir='ltr'>transacta,</span> <span class='ocrx_word' id='word_1_425' title='bbox 3251 2817 3486 2872; x_wconf 84' lang='lat' dir='ltr'>viduam</span> <span class='ocrx_word' id='word_1_426' title='bbox 3512 2817 3752 2872; x_wconf 85' lang='lat' dir='ltr'>maximi</span> <span class='ocrx_word' id='word_1_427' title='bbox 3785 2822 3844 2872; x_wconf 89' lang='lat' dir='ltr'>et</span> 
     </span>
    </p>
   </div>
   <div class='ocr_carea' id='block_1_59' title="bbox 2184 2906 3840 2980">
    <p class='ocr_par' dir='ltr' id='par_1_59' title="bbox 2184 2906 3840 2980">
     <span class='ocr_line' id='line_1_59' title="bbox 2184 2906 3840 2980; baseline -0.002 -15"><span class='ocrx_word' id='word_1_428' title='bbox 2184 2909 2577 2980; x_wconf 81' lang='lat' dir='ltr'>potentissimi</span> <span class='ocrx_word' id='word_1_429' title='bbox 2605 2909 2759 2965; x_wconf 72' lang='lat'>182</span> <span class='ocrx_word' id='word_1_430' title='bbox 2780 2907 3173 2979; x_wconf 85' lang='lat' dir='ltr'>imperatoris,</span> <span class='ocrx_word' id='word_1_431' title='bbox 3193 2906 3598 2962; x_wconf 86' lang='lat' dir='ltr'>contaminare</span> <span class='ocrx_word' id='word_1_432' title='bbox 3623 2907 3840 2962; x_wconf 90' lang='lat' dir='ltr'>lectum</span> 
     </span>
    </p>
   </div>
   <div class='ocr_carea' id='block_1_60' title="bbox 2182 2996 3842 3072">
    <p class='ocr_par' dir='ltr' id='par_1_60' title="bbox 2182 2996 3842 3072">
     <span class='ocr_line' id='line_1_60' title="bbox 2182 2996 3842 3072; baseline -0.002 -16"><span class='ocrx_word' id='word_1_433' title='bbox 2182 3002 2311 3072; x_wconf 88' lang='lat' dir='ltr'>ejus</span> <span class='ocrx_word' id='word_1_434' title='bbox 2342 3005 2399 3056; x_wconf 89' lang='lat' dir='ltr'>et</span> <span class='ocrx_word' id='word_1_435' title='bbox 2428 2998 2738 3071; x_wconf 88' lang='lat' dir='ltr'>augustale</span> <span class='ocrx_word' id='word_1_436' title='bbox 2769 3000 2950 3054; x_wconf 90' lang='lat' dir='ltr'>decus</span> <span class='ocrx_word' id='word_1_437' title='bbox 2975 3015 3106 3053; x_wconf 92' lang='lat' dir='ltr'>cum</span> <span class='ocrx_word' id='word_1_438' title='bbox 3131 2996 3351 3052; x_wconf 84' lang='lat' dir='ltr'>illustri</span> <span class='ocrx_word' id='word_1_439' title='bbox 3381 2996 3667 3052; x_wconf 82' lang='lat' dir='ltr'>memoria</span> <span class='ocrx_word' id='word_1_440' title='bbox 3688 2996 3842 3052; x_wconf 87' lang='lat' dir='ltr'>tanti</span> 
     </span>
    </p>
   </div>
   <div class='ocr_carea' id='block_1_61' title="bbox 2190 3085 3843 3161">
    <p class='ocr_par' dir='ltr' id='par_1_61' title="bbox 2190 3085 3843 3161">
     <span class='ocr_line' id='line_1_61' title="bbox 2190 3085 3843 3161; baseline -0.002 -16"><span class='ocrx_word' id='word_1_441' title='bbox 2190 3089 2459 3161; x_wconf 85' lang='lat' dir='ltr'>conjugis</span> <span class='ocrx_word' id='word_1_442' title='bbox 2478 3088 2803 3144; x_wconf 81' lang='lat' dir='ltr'>foedissimo</span> <span class='ocrx_word' id='word_1_443' title='bbox 2822 3087 3095 3159; x_wconf 88' lang='lat' dir='ltr'>pellicatu</span> <span class='ocrx_word' id='word_1_444' title='bbox 3117 3086 3449 3159; x_wconf 86' lang='lat' dir='ltr'>proﬂigare,</span> <span class='ocrx_word' id='word_1_445' title='bbox 3476 3085 3843 3157; x_wconf 89' lang='lat' dir='ltr'>subjiciendo</span> 
     </span>
    </p>
   </div>
   <div class='ocr_carea' id='block_1_62' title="bbox 2184 3172 3848 3246">
    <p class='ocr_par' dir='ltr' id='par_1_62' title="bbox 2184 3172 3848 3246">
     <span class='ocr_line' id='line_1_62' title="bbox 2184 3172 3848 3246; baseline -0.003 -15"><span class='ocrx_word' id='word_1_446' title='bbox 2184 3192 2312 3231; x_wconf 87' lang='lat' dir='ltr'>sese</span> <span class='ocrx_word' id='word_1_447' title='bbox 2344 3175 2497 3246; x_wconf 85' lang='lat' dir='ltr'>turpi</span> <span class='ocrx_word' id='word_1_448' title='bbox 2531 3173 2762 3229; x_wconf 87' lang='lat' dir='ltr'>libidini</span> <span class='ocrx_word' id='word_1_449' title='bbox 2798 3173 2950 3228; x_wconf 87' lang='lat' dir='ltr'>servi</span> <span class='ocrx_word' id='word_1_450' title='bbox 2982 3172 3118 3228; x_wconf 90' lang='lat' dir='ltr'>olim</span> <span class='ocrx_word' id='word_1_451' title='bbox 3170 3175 3300 3243; x_wconf 88' lang='lat' dir='ltr'>ejus</span> <span class='ocrx_word' id='word_1_452' title='bbox 3341 3189 3408 3229; x_wconf 91' lang='lat' dir='ltr'>ac</span> <span class='ocrx_word' id='word_1_453' title='bbox 3438 3173 3682 3241; x_wconf 83' lang='lat' dir='ltr'>subditi,</span> <span class='ocrx_word' id='word_1_454' title='bbox 3712 3172 3848 3227; x_wconf 91' lang='lat' dir='ltr'>licet</span> 
     </span>
    </p>
   </div>
   <div class='ocr_carea' id='block_1_63' title="bbox 2185 3261 3850 3335">
    <p class='ocr_par' dir='ltr' id='par_1_63' title="bbox 2185 3261 3850 3335">
     <span class='ocr_line' id='line_1_63' title="bbox 2185 3261 3850 3335; baseline -0.002 -16"><span class='ocrx_word' id='word_1_455' title='bbox 2185 3264 2358 3319; x_wconf 87' lang='lat' dir='ltr'>hodie</span> <span class='ocrx_word' id='word_1_456' title='bbox 2388 3264 2459 3318; x_wconf 88' lang='lat' dir='ltr'>ad</span> <span class='ocrx_word' id='word_1_457' title='bbox 2494 3263 2810 3335; x_wconf 90' lang='lat' dir='ltr'>imperium</span> <span class='ocrx_word' id='word_1_458' title='bbox 2833 3263 3034 3317; x_wconf 86' lang='lat' dir='ltr'>evecti.</span> <span class='ocrx_word' id='word_1_459' title='bbox 3059 3262 3240 3331; x_wconf 87' lang='lat' dir='ltr'>Cujus</span> <span class='ocrx_word' id='word_1_460' title='bbox 3263 3261 3667 3317; x_wconf 89' lang='lat' dir='ltr'>honestissimi</span> <span class='ocrx_word' id='word_1_461' title='bbox 3690 3266 3850 3317; x_wconf 89' lang='lat' dir='ltr'>certa</span> 
     </span>
    </p>
   </div>
   <div class='ocr_carea' id='block_1_64' title="bbox 2184 3346 3843 3424">
    <p class='ocr_par' dir='ltr' id='par_1_64' title="bbox 2184 3346 3843 3424">
     <span class='ocr_line' id='line_1_64' title="bbox 2184 3346 3843 3424; baseline -0.002 -16"><span class='ocrx_word' id='word_1_462' title='bbox 2184 3352 2487 3424; x_wconf 89' lang='lat' dir='ltr'>proposita</span> <span class='ocrx_word' id='word_1_463' title='bbox 2511 3369 2644 3407; x_wconf 91' lang='lat' dir='ltr'>cum</span> <span class='ocrx_word' id='word_1_464' title='bbox 2668 3356 2868 3407; x_wconf 86' lang='lat' dir='ltr'>tamen</span> <span class='ocrx_word' id='word_1_465' title='bbox 2894 3351 3216 3422; x_wconf 83' lang='lat' dir='ltr'>prudenter</span> <span class='ocrx_word' id='word_1_466' title='bbox 3235 3346 3537 3407; x_wconf 87' lang='lat' dir='ltr'>vereretur</span> <span class='ocrx_word' id='word_1_467' title='bbox 3558 3367 3843 3422; x_wconf 85' lang='lat' dir='ltr'>quorsum</span> 
     </span>
    </p>
   </div>
   <div class='ocr_carea' id='block_1_65' title="bbox 420 3439 3843 3535">
    <p class='ocr_par' dir='ltr' id='par_1_65' title="bbox 420 3439 3843 3535">
     <span class='ocr_line' id='line_1_65' title="bbox 420 3439 3843 3535; baseline 0 -42"><span class='ocrx_word' id='word_1_468' title='bbox 420 3442 558 3494; x_wconf 93' lang='lat' dir='ltr'>tunc</span> <span class='ocrx_word' id='word_1_469' title='bbox 593 3440 805 3495; x_wconf 83' lang='lat' dir='ltr'>famam</span> <span class='ocrx_word' id='word_1_470' title='bbox 839 3444 1077 3495; x_wconf 89' lang='lat' dir='ltr'>secutus</span> <span class='ocrx_word' id='word_1_471' title='bbox 1107 3457 1175 3498; x_wconf 84' lang='lat' dir='ltr'>ex</span> <span class='ocrx_word' id='word_1_472' title='bbox 1205 3441 1349 3496; x_wconf 90' lang='lat' dir='ltr'>urbe</span> <span class='ocrx_word' id='word_1_473' title='bbox 1379 3443 1577 3496; x_wconf 87' lang='lat' dir='ltr'>Genua</span> <span class='ocrx_word' id='word_1_474' title='bbox 1599 3443 1669 3497; x_wconf 92' lang='lat' dir='ltr'>ad</span> <span class='ocrx_word' id='word_1_475' title='bbox 1704 3441 2072 3515; x_wconf 87' lang='lat' dir='ltr'>imperatoris</span> <span class='ocrx_word' id='word_1_476' title='bbox 2105 3468 2147 3535; x_wconf 64' lang='grc' dir='ltr'>α</span> <span class='ocrx_word' id='word_1_477' title='bbox 2189 3458 2357 3497; x_wconf 89' lang='lat' dir='ltr'>amor</span> <span class='ocrx_word' id='word_1_478' title='bbox 2380 3442 2675 3513; x_wconf 88' lang='lat' dir='ltr'>impotens</span> <span class='ocrx_word' id='word_1_479' title='bbox 2706 3441 2999 3512; x_wconf 84' lang='lat' dir='ltr'>desperati</span> <span class='ocrx_word' id='word_1_480' title='bbox 3025 3456 3335 3496; x_wconf 83' lang='lat' dir='ltr'>successus</span> <span class='ocrx_word' id='word_1_481' title='bbox 3366 3440 3535 3495; x_wconf 85' lang='lat' dir='ltr'>furiis</span> <span class='ocrx_word' id='word_1_482' title='bbox 3565 3439 3843 3495; x_wconf 89' lang='lat' dir='ltr'>incensus</span> 
     </span>
    </p>
   </div>
   <div class='ocr_carea' id='block_1_66' title="bbox 416 3528 2070 3599">
    <p class='ocr_par' dir='ltr' id='par_1_66' title="bbox 416 3528 2070 3599">
     <span class='ocr_line' id='line_1_66' title="bbox 416 3528 2070 3599; baseline 0.002 -17"><span class='ocrx_word' id='word_1_483' title='bbox 416 3528 759 3583; x_wconf 86' lang='lat' dir='ltr'>comitatum</span> <span class='ocrx_word' id='word_1_484' title='bbox 787 3535 1132 3596; x_wconf 86' lang='lat' dir='ltr'>accesserat,</span> <span class='ocrx_word' id='word_1_485' title='bbox 1168 3546 1407 3585; x_wconf 88' lang='lat' dir='ltr'>uxorem</span> <span class='ocrx_word' id='word_1_486' title='bbox 1437 3531 1619 3599; x_wconf 92' lang='lat' dir='ltr'>dedit,</span> <span class='ocrx_word' id='word_1_487' title='bbox 1652 3536 1710 3585; x_wconf 89' lang='lat' dir='ltr'>et</span> <span class='ocrx_word' id='word_1_488' title='bbox 1741 3532 1912 3585; x_wconf 88' lang='lat' dir='ltr'>donis</span> <span class='ocrx_word' id='word_1_489' title='bbox 1938 3547 2070 3586; x_wconf 92' lang='lat' dir='ltr'>eum</span> 
     </span>
    </p>
   </div>
   <div class='ocr_carea' id='block_1_67' title="bbox 419 3617 2075 3690">
    <p class='ocr_par' dir='ltr' id='par_1_67' title="bbox 419 3617 2075 3690">
     <span class='ocr_line' id='line_1_67' title="bbox 419 3617 2075 3690; baseline 0.002 -19"><span class='ocrx_word' id='word_1_490' title='bbox 419 3617 751 3689; x_wconf 82' lang='lat' dir='ltr'>magniﬁcis</span> <span class='ocrx_word' id='word_1_491' title='bbox 777 3618 1129 3673; x_wconf 84' lang='lat' dir='ltr'>honoratum</span> <span class='ocrx_word' id='word_1_492' title='bbox 1156 3617 1211 3672; x_wconf 91' lang='lat' dir='ltr'>in</span> <span class='ocrx_word' id='word_1_493' title='bbox 1240 3619 1486 3690; x_wconf 90' lang='lat' dir='ltr'>patriam</span> <span class='ocrx_word' id='word_1_494' title='bbox 1516 3636 1646 3673; x_wconf 90' lang='lat' dir='ltr'>cum</span> <span class='ocrx_word' id='word_1_495' title='bbox 1675 3636 1822 3673; x_wconf 90' lang='lat' dir='ltr'>nova</span> <span class='ocrx_word' id='word_1_496' title='bbox 1845 3619 2075 3674; x_wconf 87' lang='lat' dir='ltr'>remisit</span> 
     </span>
    </p>
   </div>
   <div class='ocr_carea' id='block_1_68' title="bbox 407 3706 2073 3778">
    <p class='ocr_par' dir='ltr' id='par_1_68' title="bbox 407 3706 2073 3778">
     <span class='ocr_line' id='line_1_68' title="bbox 407 3706 2073 3778; baseline -0.001 -16"><span class='ocrx_word' id='word_1_497' title='bbox 407 3707 691 3777; x_wconf 71' lang='lat' dir='ltr'>conjuge.</span> <span class='ocrx_word' id='word_1_498' title='bbox 710 3708 964 3762; x_wconf 86' lang='lat' dir='ltr'>Tertiam</span> <span class='ocrx_word' id='word_1_499' title='bbox 990 3706 1554 3778; x_wconf 86' lang='lat' dir='ltr'>collocavitBulgaro</span> <span class='ocrx_word' id='word_1_500' title='bbox 1573 3707 2073 3778; x_wconf 84' lang='lat' dir='ltr'>Sphentisthlabo,</span> 
     </span>
    </p>
   </div>
   <div class='ocr_carea' id='block_1_69' title="bbox 418 3795 2071 3867">
    <p class='ocr_par' dir='ltr' id='par_1_69' title="bbox 418 3795 2071 3867">
     <span class='ocr_line' id='line_1_69' title="bbox 418 3795 2071 3867; baseline 0 -17"><span class='ocrx_word' id='word_1_501' title='bbox 418 3800 711 3851; x_wconf 80' lang='lat' dir='ltr'>montanae</span> <span class='ocrx_word' id='word_1_502' title='bbox 744 3796 900 3851; x_wconf 92' lang='lat' dir='ltr'>circa</span> <span class='ocrx_word' id='word_1_503' title='bbox 924 3800 1192 3851; x_wconf 75' lang='lat' dir='ltr'>Haemum</span> <span class='ocrx_word' id='word_1_504' title='bbox 1223 3795 1477 3867; x_wconf 88' lang='lat' dir='ltr'>regionis</span> <span class='ocrx_word' id='word_1_505' title='bbox 1497 3795 1555 3850; x_wconf 92' lang='lat' dir='ltr'>in</span> <span class='ocrx_word' id='word_1_506' title='bbox 1586 3796 1768 3867; x_wconf 82' lang='lat' dir='ltr'>Mysia</span> <span class='ocrx_word' id='word_1_507' title='bbox 1799 3796 2071 3867; x_wconf 88' lang='lat' dir='ltr'>principi.</span> 
     </span>
    </p>
   </div>
   <div class='ocr_carea' id='block_1_70' title="bbox 416 3884 2075 3956">
    <p class='ocr_par' dir='ltr' id='par_1_70' title="bbox 416 3884 2075 3956">
     <span class='ocr_line' id='line_1_70' title="bbox 416 3884 2075 3956; baseline -0.001 -17"><span class='ocrx_word' id='word_1_508' title='bbox 416 3884 629 3956; x_wconf 90' lang='lat' dir='ltr'>Sicque</span> <span class='ocrx_word' id='word_1_509' title='bbox 661 3885 753 3940; x_wconf 87' lang='lat' dir='ltr'>his</span> <span class='ocrx_word' id='word_1_510' title='bbox 782 3885 1143 3955; x_wconf 89' lang='lat' dir='ltr'>imperatorii</span> <span class='ocrx_word' id='word_1_511' title='bbox 1198 3885 1430 3955; x_wconf 89' lang='lat' dir='ltr'>generis</span> <span class='ocrx_word' id='word_1_512' title='bbox 1487 3884 1832 3939; x_wconf 87' lang='lat' dir='ltr'>mulieribus</span> <span class='ocrx_word' id='word_1_513' title='bbox 1873 3884 2075 3956; x_wconf 88' lang='lat' dir='ltr'>procul</span> 
     </span>
    </p>
   </div>
   <div class='ocr_carea' id='block_1_71' title="bbox 421 3972 2076 4045">
    <p class='ocr_par' dir='ltr' id='par_1_71' title="bbox 421 3972 2076 4045">
     <span class='ocr_line' id='line_1_71' title="bbox 421 3972 2076 4045; baseline 0 -16"><span class='ocrx_word' id='word_1_514' title='bbox 421 3975 779 4044; x_wconf 82' lang='lat' dir='ltr'>amendatis,</span> <span class='ocrx_word' id='word_1_515' title='bbox 823 3972 1054 4029; x_wconf 90' lang='lat' dir='ltr'>solutus</span> <span class='ocrx_word' id='word_1_516' title='bbox 1087 3990 1154 4029; x_wconf 89' lang='lat' dir='ltr'>ea</span> <span class='ocrx_word' id='word_1_517' title='bbox 1186 3978 1351 4045; x_wconf 89' lang='lat' dir='ltr'>parte</span> <span class='ocrx_word' id='word_1_518' title='bbox 1374 3990 1670 4040; x_wconf 90' lang='lat' dir='ltr'>curarum,</span> <span class='ocrx_word' id='word_1_519' title='bbox 1715 3974 1846 4029; x_wconf 90' lang='lat' dir='ltr'>aliis</span> <span class='ocrx_word' id='word_1_520' title='bbox 1872 3991 1972 4045; x_wconf 93' lang='lat' dir='ltr'>pro</span> <span class='ocrx_word' id='word_1_521' title='bbox 1991 3992 2076 4029; x_wconf 84' lang='lat' dir='ltr'>ar-</span> 
     </span>
    </p>
   </div>
   <div class='ocr_carea' id='block_1_72' title="bbox 421 4062 2073 4134">
    <p class='ocr_par' dir='ltr' id='par_1_72' title="bbox 421 4062 2073 4134">
     <span class='ocr_line' id='line_1_72' title="bbox 421 4062 2073 4134; baseline 0.002 -17"><span class='ocrx_word' id='word_1_522' title='bbox 421 4062 600 4118; x_wconf 86' lang='lat' dir='ltr'>bitrio</span> <span class='ocrx_word' id='word_1_523' title='bbox 632 4064 906 4134; x_wconf 85' lang='lat' dir='ltr'>gerendis</span> <span class='ocrx_word' id='word_1_524' title='bbox 930 4065 1055 4134; x_wconf 89' lang='lat' dir='ltr'>jam</span> <span class='ocrx_word' id='word_1_525' title='bbox 1090 4064 1446 4119; x_wconf 88' lang='lat' dir='ltr'>securiorem</span> <span class='ocrx_word' id='word_1_526' title='bbox 1472 4063 1756 4134; x_wconf 87' lang='lat' dir='ltr'>applicuit</span> <span class='ocrx_word' id='word_1_527' title='bbox 1785 4064 2073 4121; x_wconf 89' lang='lat' dir='ltr'>animum.</span> 
     </span>
    </p>
   </div>
   <div class='ocr_carea' id='block_1_73' title="bbox 759 4206 1735 4263">
    <p class='ocr_par' dir='ltr' id='par_1_73' title="bbox 759 4206 1735 4263">
     <span class='ocr_line' id='line_1_73' title="bbox 759 4206 1735 4263; baseline 0.004 -4"><span class='ocrx_word' id='word_1_528' title='bbox 759 4207 815 4262; x_wconf 88' lang='lat'>7.</span> <span class='ocrx_word' id='word_1_529' title='bbox 850 4207 925 4262; x_wconf 81' lang='lat' dir='ltr'>De</span> <span class='ocrx_word' id='word_1_530' title='bbox 955 4206 1178 4263; x_wconf 82' lang='lat' dir='ltr'>domina</span> <span class='ocrx_word' id='word_1_531' title='bbox 1209 4209 1367 4262; x_wconf 84' lang='lat' dir='ltr'>Anna</span> <span class='ocrx_word' id='word_1_532' title='bbox 1396 4208 1735 4263; x_wconf 81' lang='lat' dir='ltr'>Alamanna.</span> 
     </span>
    </p>
   </div>
   <div class='ocr_carea' id='block_1_74' title="bbox 494 4331 2076 4403">
    <p class='ocr_par' dir='ltr' id='par_1_74' title="bbox 494 4331 2076 4403">
     <span class='ocr_line' id='line_1_74' title="bbox 494 4331 2076 4403; baseline 0 -16"><span class='ocrx_word' id='word_1_533' title='bbox 494 4337 646 4388; x_wconf 82' lang='lat' dir='ltr'>Ante</span> <span class='ocrx_word' id='word_1_534' title='bbox 675 4331 873 4389; x_wconf 92' lang='lat' dir='ltr'>omnia</span> <span class='ocrx_word' id='word_1_535' title='bbox 898 4333 1348 4387; x_wconf 88' lang='lat' dir='ltr'>memorandum</span> <span class='ocrx_word' id='word_1_536' title='bbox 1376 4335 1463 4387; x_wconf 87' lang='lat' dir='ltr'>est</span> <span class='ocrx_word' id='word_1_537' title='bbox 1486 4332 1625 4403; x_wconf 91' lang='lat' dir='ltr'>quid</span> <span class='ocrx_word' id='word_1_538' title='bbox 1652 4334 1721 4387; x_wconf 84' lang='lat' dir='ltr'>de</span> <span class='ocrx_word' id='word_1_539' title='bbox 1750 4334 1916 4389; x_wconf 89' lang='lat' dir='ltr'>Anna</span> <span class='ocrx_word' id='word_1_540' title='bbox 1950 4332 2076 4388; x_wconf 87' lang='lat' dir='ltr'>Ala-</span> 
     </span>
    </p>
   </div>
   <div class='ocr_carea' id='block_1_75' title="bbox 423 4420 2078 4495">
    <p class='ocr_par' dir='ltr' id='par_1_75' title="bbox 423 4420 2078 4495">
     <span class='ocr_line' id='line_1_75' title="bbox 423 4420 2078 4495; baseline 0.001 -18"><span class='ocrx_word' id='word_1_541' title='bbox 423 4439 644 4478; x_wconf 89' lang='lat' dir='ltr'>manna</span> <span class='ocrx_word' id='word_1_542' title='bbox 657 4420 983 4477; x_wconf 89' lang='lat' dir='ltr'>tentaverit.</span> <span class='ocrx_word' id='word_1_543' title='bbox 1003 4421 1208 4477; x_wconf 84' lang='lat' dir='ltr'>Fuerat</span> <span class='ocrx_word' id='word_1_544' title='bbox 1224 4421 1346 4478; x_wconf 65' lang='lat' dir='ltr'>haec</span> <span class='ocrx_word' id='word_1_545' title='bbox 1360 4422 1567 4492; x_wconf 81' lang='lat' dir='ltr'>exiguo</span> <span class='ocrx_word' id='word_1_546' title='bbox 1580 4427 1844 4494; x_wconf 89' lang='lat' dir='ltr'>tempore</span> <span class='ocrx_word' id='word_1_547' title='bbox 1866 4425 2078 4495; x_wconf 85' lang='lat' dir='ltr'>conjux</span> 
     </span>
    </p>
   </div>
   <div class='ocr_carea' id='block_1_76' title="bbox 418 4510 2075 4582">
    <p class='ocr_par' dir='ltr' id='par_1_76' title="bbox 418 4510 2075 4582">
     <span class='ocr_line' id='line_1_76' title="bbox 418 4510 2075 4582; baseline -0.002 -13"><span class='ocrx_word' id='word_1_548' title='bbox 418 4512 669 4569; x_wconf 89' lang='lat' dir='ltr'>Joannis</span> <span class='ocrx_word' id='word_1_549' title='bbox 699 4511 969 4582; x_wconf 88' lang='lat' dir='ltr'>Augusti,</span> <span class='ocrx_word' id='word_1_550' title='bbox 1005 4511 1187 4582; x_wconf 88' lang='lat' dir='ltr'>patris</span> <span class='ocrx_word' id='word_1_551' title='bbox 1247 4510 1531 4565; x_wconf 90' lang='lat' dir='ltr'>Theodori</span> <span class='ocrx_word' id='word_1_552' title='bbox 1586 4511 1875 4580; x_wconf 87' lang='lat' dir='ltr'>Lascaris,</span> <span class='ocrx_word' id='word_1_553' title='bbox 1909 4513 1979 4567; x_wconf 92' lang='lat' dir='ltr'>ab</span> <span class='ocrx_word' id='word_1_554' title='bbox 2011 4529 2075 4567; x_wconf 88' lang='lat' dir='ltr'>eo</span> 
     </span>
    </p>
   </div>
   <div class='ocr_carea' id='block_1_77' title="bbox 420 4599 2074 4672">
    <p class='ocr_par' dir='ltr' id='par_1_77' title="bbox 420 4599 2074 4672">
     <span class='ocr_line' id='line_1_77' title="bbox 420 4599 2074 4672; baseline -0.001 -15"><span class='ocrx_word' id='word_1_555' title='bbox 420 4603 601 4658; x_wconf 90' lang='lat' dir='ltr'>ducta</span> <span class='ocrx_word' id='word_1_556' title='bbox 632 4601 689 4655; x_wconf 93' lang='lat' dir='ltr'>in</span> <span class='ocrx_word' id='word_1_557' title='bbox 724 4604 981 4656; x_wconf 84' lang='lat' dir='ltr'>extremo</span> <span class='ocrx_word' id='word_1_558' title='bbox 1013 4600 1197 4663; x_wconf 89' lang='lat' dir='ltr'>senio,</span> <span class='ocrx_word' id='word_1_559' title='bbox 1225 4599 1502 4655; x_wconf 75' lang='lat' dir='ltr'>Friderici</span> <span class='ocrx_word' id='word_1_560' title='bbox 1524 4599 1730 4655; x_wconf 72' lang='lat' dir='ltr'>Sicilia:</span> <span class='ocrx_word' id='word_1_561' title='bbox 1759 4600 1911 4672; x_wconf 89' lang='lat' dir='ltr'>regis</span> <span class='ocrx_word' id='word_1_562' title='bbox 1936 4601 2074 4672; x_wconf 86' lang='lat' dir='ltr'>ﬁlia,</span> 
     </span>
    </p>
   </div>
   <div class='ocr_carea' id='block_1_78' title="bbox 424 4687 2077 4761">
    <p class='ocr_par' dir='ltr' id='par_1_78' title="bbox 424 4687 2077 4761">
     <span class='ocr_line' id='line_1_78' title="bbox 424 4687 2077 4761; baseline -0.001 -14"><span class='ocrx_word' id='word_1_563' title='bbox 424 4690 710 4747; x_wconf 74' lang='lat' dir='ltr'>Manl‘redi</span> <span class='ocrx_word' id='word_1_564' title='bbox 742 4706 928 4755; x_wconf 89' lang='lat' dir='ltr'>soror,</span> <span class='ocrx_word' id='word_1_565' title='bbox 960 4706 1137 4761; x_wconf 90' lang='lat' dir='ltr'>quam</span> <span class='ocrx_word' id='word_1_566' title='bbox 1171 4705 1204 4743; x_wconf 92' lang='lat' dir='ltr'>a</span> <span class='ocrx_word' id='word_1_567' title='bbox 1232 4687 1442 4759; x_wconf 84' lang='lat' dir='ltr'>legatis</span> <span class='ocrx_word' id='word_1_568' title='bbox 1495 4689 1566 4743; x_wconf 89' lang='lat' dir='ltr'>ad</span> <span class='ocrx_word' id='word_1_569' title='bbox 1617 4706 1739 4744; x_wconf 87' lang='lat' dir='ltr'>eam</span> <span class='ocrx_word' id='word_1_570' title='bbox 1776 4706 2077 4746; x_wconf 90' lang='lat' dir='ltr'>accersen-</span> 
     </span>
    </p>
   </div>
   <div class='ocr_carea' id='block_1_79' title="bbox 425 4777 2077 4847">
    <p class='ocr_par' dir='ltr' id='par_1_79' title="bbox 425 4777 2077 4847">
     <span class='ocr_line' id='line_1_79' title="bbox 425 4777 2077 4847; baseline 0 -12"><span class='ocrx_word' id='word_1_571' title='bbox 425 4782 560 4836; x_wconf 89' lang='lat' dir='ltr'>dam</span> <span class='ocrx_word' id='word_1_572' title='bbox 593 4780 795 4835; x_wconf 87' lang='lat' dir='ltr'>missis</span> <span class='ocrx_word' id='word_1_573' title='bbox 829 4780 1141 4834; x_wconf 88' lang='lat' dir='ltr'>deductam</span> <span class='ocrx_word' id='word_1_574' title='bbox 1168 4782 1224 4832; x_wconf 86' lang='lat' dir='ltr'>et</span> <span class='ocrx_word' id='word_1_575' title='bbox 1250 4777 1520 4847; x_wconf 85' lang='lat' dir='ltr'>solemni,</span> <span class='ocrx_word' id='word_1_576' title='bbox 1547 4778 1937 4834; x_wconf 86' lang='lat' dir='ltr'>coronationis</span> <span class='ocrx_word' id='word_1_577' title='bbox 1961 4780 2077 4835; x_wconf 90' lang='lat' dir='ltr'>ritu</span> 
     </span>
    </p>
   </div>
   <div class='ocr_carea' id='block_1_80' title="bbox 424 4866 2085 4941">
    <p class='ocr_par' dir='ltr' id='par_1_80' title="bbox 424 4866 2085 4941">
     <span class='ocr_line' id='line_1_80' title="bbox 424 4866 2085 4941; baseline 0.001 -17"><span class='ocrx_word' id='word_1_578' title='bbox 424 4872 754 4941; x_wconf 81' lang='lat' dir='ltr'>Augustam</span> <span class='ocrx_word' id='word_1_579' title='bbox 786 4868 1142 4924; x_wconf 87' lang='lat' dir='ltr'>declaratam</span> <span class='ocrx_word' id='word_1_580' title='bbox 1176 4870 1539 4925; x_wconf 84' lang='lat' dir='ltr'>memoratus</span> <span class='ocrx_word' id='word_1_581' title='bbox 1570 4866 1885 4938; x_wconf 83' lang='lat' dir='ltr'>imperator</span> <span class='ocrx_word' id='word_1_582' title='bbox 1908 4869 2085 4925; x_wconf 86' lang='lat' dir='ltr'>Joan-</span> 
     </span>
    </p>
   </div>
   <div class='ocr_carea' id='block_1_81' title="bbox 426 4955 2088 5029">
    <p class='ocr_par' dir='ltr' id='par_1_81' title="bbox 426 4955 2088 5029">
     <span class='ocr_line' id='line_1_81' title="bbox 426 4955 2088 5029; baseline -0.001 -14"><span class='ocrx_word' id='word_1_583' title='bbox 426 4976 531 5015; x_wconf 90' lang='lat' dir='ltr'>nes</span> <span class='ocrx_word' id='word_1_584' title='bbox 592 4974 855 5024; x_wconf 83' lang='lat' dir='ltr'>uxorem,</span> <span class='ocrx_word' id='word_1_585' title='bbox 904 4972 1145 5027; x_wconf 88' lang='lat' dir='ltr'>eamque</span> <span class='ocrx_word' id='word_1_586' title='bbox 1203 4972 1528 5028; x_wconf 89' lang='lat' dir='ltr'>percaram,</span> <span class='ocrx_word' id='word_1_587' title='bbox 1560 4955 1863 5012; x_wconf 84' lang='lat' dir='ltr'>habuerat.</span> <span class='ocrx_word' id='word_1_588' title='bbox 1900 4959 2088 5029; x_wconf 90' lang='lat' dir='ltr'>Hujus</span> 
     </span>
    </p>
   </div>
   <div class='ocr_carea' id='block_1_82' title="bbox 431 5044 2086 5119">
    <p class='ocr_par' dir='ltr' id='par_1_82' title="bbox 431 5044 2086 5119">
     <span class='ocr_line' id='line_1_82' title="bbox 431 5044 2086 5119; baseline -0.002 -14"><span class='ocrx_word' id='word_1_589' title='bbox 431 5065 629 5105; x_wconf 87' lang='lat' dir='ltr'>amore</span> <span class='ocrx_word' id='word_1_590' title='bbox 660 5050 868 5119; x_wconf 88' lang='lat' dir='ltr'>captus</span> <span class='ocrx_word' id='word_1_591' title='bbox 900 5046 1221 5117; x_wconf 88' lang='lat' dir='ltr'>imperator</span> <span class='ocrx_word' id='word_1_592' title='bbox 1246 5044 1485 5101; x_wconf 84' lang='lat' dir='ltr'>Michael</span> <span class='ocrx_word' id='word_1_593' title='bbox 1508 5046 1825 5102; x_wconf 89' lang='lat' dir='ltr'>custodivit</span> <span class='ocrx_word' id='word_1_594' title='bbox 1847 5064 1971 5102; x_wconf 90' lang='lat' dir='ltr'>eam</span> <span class='ocrx_word' id='word_1_595' title='bbox 1998 5049 2086 5103; x_wconf 93' lang='lat' dir='ltr'>di-</span> 
     </span>
    </p>
   </div>
   <div class='ocr_carea' id='block_1_83' title="bbox 426 5136 2088 5210">
    <p class='ocr_par' dir='ltr' id='par_1_83' title="bbox 426 5136 2088 5210">
     <span class='ocr_line' id='line_1_83' title="bbox 426 5136 2088 5210; baseline 0 -17"><span class='ocrx_word' id='word_1_596' title='bbox 426 5138 679 5210; x_wconf 89' lang='lat' dir='ltr'>ligenter</span> <span class='ocrx_word' id='word_1_597' title='bbox 709 5153 779 5192; x_wconf 90' lang='lat' dir='ltr'>ne</span> <span class='ocrx_word' id='word_1_598' title='bbox 802 5136 1015 5192; x_wconf 89' lang='lat' dir='ltr'>rediret</span> <span class='ocrx_word' id='word_1_599' title='bbox 1048 5136 1118 5191; x_wconf 92' lang='lat' dir='ltr'>ad</span> <span class='ocrx_word' id='word_1_600' title='bbox 1143 5153 1306 5201; x_wconf 89' lang='lat' dir='ltr'>suos,</span> <span class='ocrx_word' id='word_1_601' title='bbox 1331 5136 1643 5207; x_wconf 82' lang='lat' dir='ltr'>magniﬁce</span> <span class='ocrx_word' id='word_1_602' title='bbox 1668 5141 1859 5191; x_wconf 90' lang='lat' dir='ltr'>tamen</span> <span class='ocrx_word' id='word_1_603' title='bbox 1882 5136 1995 5208; x_wconf 89' lang='lat' dir='ltr'>ipsi</span> <span class='ocrx_word' id='word_1_604' title='bbox 2022 5155 2088 5193; x_wconf 90' lang='lat' dir='ltr'>ac</span> 
     </span>
    </p>
   </div>
   <div class='ocr_carea' id='block_1_84' title="bbox 428 5224 2090 5300">
    <p class='ocr_par' dir='ltr' id='par_1_84' title="bbox 428 5224 2090 5300">
     <span class='ocr_line' id='line_1_84' title="bbox 428 5224 2090 5300; baseline 0 -17"><span class='ocrx_word' id='word_1_605' title='bbox 428 5228 588 5300; x_wconf 87' lang='lat' dir='ltr'>regie</span> <span class='ocrx_word' id='word_1_606' title='bbox 620 5243 746 5298; x_wconf 74' lang='lat' dir='ltr'>quae</span> <span class='ocrx_word' id='word_1_607' title='bbox 779 5243 927 5298; x_wconf 89' lang='lat' dir='ltr'>opus</span> <span class='ocrx_word' id='word_1_608' title='bbox 975 5224 1088 5296; x_wconf 90' lang='lat' dir='ltr'>ipsi</span> <span class='ocrx_word' id='word_1_609' title='bbox 1120 5229 1285 5280; x_wconf 85' lang='lat' dir='ltr'>erant</span> <span class='ocrx_word' id='word_1_610' title='bbox 1342 5226 1410 5280; x_wconf 90' lang='lat' dir='ltr'>ad</span> <span class='ocrx_word' id='word_1_611' title='bbox 1474 5225 1690 5280; x_wconf 91' lang='lat' dir='ltr'>victum</span> <span class='ocrx_word' id='word_1_612' title='bbox 1745 5224 2090 5299; x_wconf 86' lang='lat' dir='ltr'>cultumque</span> 
     </span>
    </p>
   </div>
   <div class='ocr_carea' id='block_1_85' title="bbox 438 5313 2092 5389">
    <p class='ocr_par' dir='ltr' id='par_1_85' title="bbox 438 5313 2092 5389">
     <span class='ocr_line' id='line_1_85' title="bbox 438 5313 2092 5389; baseline 0.001 -18"><span class='ocrx_word' id='word_1_613' title='bbox 438 5317 857 5389; x_wconf 88' lang='lat' dir='ltr'>suppeditans,</span> <span class='ocrx_word' id='word_1_614' title='bbox 884 5320 945 5369; x_wconf 90' lang='lat' dir='ltr'>at</span> <span class='ocrx_word' id='word_1_615' title='bbox 966 5314 1192 5369; x_wconf 91' lang='lat' dir='ltr'>nullam</span> <span class='ocrx_word' id='word_1_616' title='bbox 1224 5330 1339 5368; x_wconf 90' lang='lat' dir='ltr'>non</span> <span class='ocrx_word' id='word_1_617' title='bbox 1373 5313 1607 5369; x_wconf 88' lang='lat' dir='ltr'>interim</span> <span class='ocrx_word' id='word_1_618' title='bbox 1627 5316 1942 5371; x_wconf 87' lang='lat' dir='ltr'>admovens</span> <span class='ocrx_word' id='word_1_619' title='bbox 1964 5333 2092 5373; x_wconf 88' lang='lat' dir='ltr'>ma-</span> 
     </span>
    </p>
   </div>
   <div class='ocr_carea' id='block_1_86' title="bbox 438 5403 2092 5477">
    <p class='ocr_par' dir='ltr' id='par_1_86' title="bbox 438 5403 2092 5477">
     <span class='ocr_line' id='line_1_86' title="bbox 438 5403 2092 5477; baseline 0.001 -16"><span class='ocrx_word' id='word_1_620' title='bbox 438 5406 677 5461; x_wconf 88' lang='lat' dir='ltr'>chinam</span> <span class='ocrx_word' id='word_1_621' title='bbox 713 5405 783 5460; x_wconf 87' lang='lat' dir='ltr'>ad</span> <span class='ocrx_word' id='word_1_622' title='bbox 818 5405 970 5475; x_wconf 88' lang='lat' dir='ltr'>ejus,</span> <span class='ocrx_word' id='word_1_623' title='bbox 1001 5403 1050 5458; x_wconf 88' lang='lat' dir='ltr'>si</span> <span class='ocrx_word' id='word_1_624' title='bbox 1110 5420 1229 5475; x_wconf 89' lang='lat' dir='ltr'>qua</span> <span class='ocrx_word' id='word_1_625' title='bbox 1260 5404 1485 5459; x_wconf 87' lang='lat' dir='ltr'>ratione</span> <span class='ocrx_word' id='word_1_626' title='bbox 1518 5408 1717 5476; x_wconf 89' lang='lat' dir='ltr'>posset</span> <span class='ocrx_word' id='word_1_627' title='bbox 1748 5405 2092 5477; x_wconf 86' lang='lat' dir='ltr'>pudicitiam</span> 
     </span>
    </p>
   </div>
   <div class='ocr_carea' id='block_1_87' title="bbox 443 5492 2094 5568">
    <p class='ocr_par' dir='ltr' id='par_1_87' title="bbox 443 5492 2094 5568">
     <span class='ocr_line' id='line_1_87' title="bbox 443 5492 2094 5568; baseline -0.001 -15"><span class='ocrx_word' id='word_1_628' title='bbox 443 5495 925 5568; x_wconf 84' lang='lat' dir='ltr'>expugnandam.</span> <span class='ocrx_word' id='word_1_629' title='bbox 953 5492 1015 5548; x_wconf 90' lang='lat' dir='ltr'>In</span> <span class='ocrx_word' id='word_1_630' title='bbox 1041 5509 1157 5563; x_wconf 93' lang='lat' dir='ltr'>quo</span> <span class='ocrx_word' id='word_1_631' title='bbox 1183 5494 1402 5548; x_wconf 86' lang='lat' dir='ltr'>frustra</span> <span class='ocrx_word' id='word_1_632' title='bbox 1424 5494 1715 5560; x_wconf 79' lang='lat' dir='ltr'>fuit,artes</span> <span class='ocrx_word' id='word_1_633' title='bbox 1736 5495 1864 5564; x_wconf 91' lang='lat' dir='ltr'>ejus</span> <span class='ocrx_word' id='word_1_634' title='bbox 1889 5512 2094 5552; x_wconf 88' lang='lat' dir='ltr'>omnes</span> 
     </span>
    </p>
   </div>
   <div class='ocr_carea' id='block_1_88' title="bbox 427 5580 2094 5657">
    <p class='ocr_par' dir='ltr' id='par_1_88' title="bbox 427 5580 2094 5657">
     <span class='ocr_line' id='line_1_88' title="bbox 427 5580 2094 5657; baseline -0.001 -17"><span class='ocrx_word' id='word_1_635' title='bbox 427 5585 821 5654; x_wconf 87' lang='lat' dir='ltr'>indiosasque</span> <span class='ocrx_word' id='word_1_636' title='bbox 850 5580 1167 5637; x_wconf 88' lang='lat' dir='ltr'>blanditias</span> <span class='ocrx_word' id='word_1_637' title='bbox 1212 5586 1481 5637; x_wconf 85' lang='lat' dir='ltr'>matrona</span> <span class='ocrx_word' id='word_1_638' title='bbox 1510 5581 1849 5654; x_wconf 85' lang='lat' dir='ltr'>repellente,</span> <span class='ocrx_word' id='word_1_639' title='bbox 1873 5584 2094 5657; x_wconf 82' lang='lat' dir='ltr'>quippe</span> 
     </span>
    </p>
   </div>
   <div class='ocr_carea' id='block_1_89' title="bbox 429 5671 2095 5747">
    <p class='ocr_par' dir='ltr' id='par_1_89' title="bbox 429 5671 2095 5747">
     <span class='ocr_line' id='line_1_89' title="bbox 429 5671 2095 5747; baseline 0 -18"><span class='ocrx_word' id='word_1_640' title='bbox 429 5691 562 5747; x_wconf 71' lang='lat' dir='ltr'>quae</span> <span class='ocrx_word' id='word_1_641' title='bbox 583 5671 877 5745; x_wconf 89' lang='lat' dir='ltr'>sapienter</span> <span class='ocrx_word' id='word_1_642' title='bbox 890 5672 1188 5742; x_wconf 89' lang='lat' dir='ltr'>reputaret</span> <span class='ocrx_word' id='word_1_643' title='bbox 1201 5686 1372 5741; x_wconf 90' lang='lat' dir='ltr'>quam</span> <span class='ocrx_word' id='word_1_644' title='bbox 1389 5671 1738 5742; x_wconf 88' lang='lat' dir='ltr'>probrosum</span> <span class='ocrx_word' id='word_1_645' title='bbox 1759 5672 1905 5728; x_wconf 81' lang='lat' dir='ltr'>foret</span> <span class='ocrx_word' id='word_1_646' title='bbox 1917 5690 1980 5729; x_wconf 90' lang='lat' dir='ltr'>se</span> <span class='ocrx_word' id='word_1_647' title='bbox 1993 5673 2095 5729; x_wconf 89' lang='lat' dir='ltr'>tali</span> 
     </span>
    </p>
   </div>
   <div class='ocr_carea' id='block_1_90' title="bbox 438 5758 2098 5834">
    <p class='ocr_par' dir='ltr' id='par_1_90' title="bbox 438 5758 2098 5834">
     <span class='ocr_line' id='line_1_90' title="bbox 438 5758 2098 5834; baseline -0.001 -13"><span class='ocrx_word' id='word_1_648' title='bbox 438 5769 635 5822; x_wconf 88' lang='lat' dir='ltr'>ortam</span> <span class='ocrx_word' id='word_1_649' title='bbox 670 5762 858 5830; x_wconf 88' lang='lat' dir='ltr'>domo,</span> <span class='ocrx_word' id='word_1_650' title='bbox 890 5760 1009 5816; x_wconf 91' lang='lat' dir='ltr'>vita</span> <span class='ocrx_word' id='word_1_651' title='bbox 1037 5758 1098 5816; x_wconf 91' lang='lat' dir='ltr'>in</span> <span class='ocrx_word' id='word_1_652' title='bbox 1130 5776 1366 5818; x_wconf 89' lang='lat' dir='ltr'>summa</span> <span class='ocrx_word' id='word_1_653' title='bbox 1395 5761 1678 5833; x_wconf 86' lang='lat' dir='ltr'>dignitate</span> <span class='ocrx_word' id='word_1_654' title='bbox 1710 5778 1813 5834; x_wconf 92' lang='lat' dir='ltr'>per</span> <span class='ocrx_word' id='word_1_655' title='bbox 1850 5761 2098 5820; x_wconf 75' lang='lat' dir='ltr'>inoffen-</span> 
     </span>
    </p>
   </div>
   <div class='ocr_carea' id='block_1_91' title="bbox 2184 3529 3839 3601">
    <p class='ocr_par' dir='ltr' id='par_1_91' title="bbox 2184 3529 3839 3601">
     <span class='ocr_line' id='line_1_91' title="bbox 2184 3529 3839 3601; baseline -0.001 -16"><span class='ocrx_word' id='word_1_656' title='bbox 2184 3531 2244 3585; x_wconf 91' lang='lat' dir='ltr'>in</span> <span class='ocrx_word' id='word_1_657' title='bbox 2277 3531 2584 3600; x_wconf 87' lang='lat' dir='ltr'>tyrannica</span> <span class='ocrx_word' id='word_1_658' title='bbox 2643 3529 2883 3587; x_wconf 89' lang='lat' dir='ltr'>licentia</span> <span class='ocrx_word' id='word_1_659' title='bbox 2916 3532 3116 3601; x_wconf 88' lang='lat' dir='ltr'>posset</span> <span class='ocrx_word' id='word_1_660' title='bbox 3162 3543 3490 3600; x_wconf 89' lang='lat' dir='ltr'>erumpere,</span> <span class='ocrx_word' id='word_1_661' title='bbox 3552 3529 3839 3600; x_wconf 88' lang='lat' dir='ltr'>optimum</span> 
     </span>
    </p>
   </div>
   <div class='ocr_carea' id='block_1_92' title="bbox 2179 3617 3841 3690">
    <p class='ocr_par' dir='ltr' id='par_1_92' title="bbox 2179 3617 3841 3690">
     <span class='ocr_line' id='line_1_92' title="bbox 2179 3617 3841 3690; baseline -0.001 -17"><span class='ocrx_word' id='word_1_662' title='bbox 2179 3623 2333 3675; x_wconf 83' lang='lat' dir='ltr'>factu</span> <span class='ocrx_word' id='word_1_663' title='bbox 2384 3619 2611 3690; x_wconf 89' lang='lat' dir='ltr'>putavit</span> <span class='ocrx_word' id='word_1_664' title='bbox 2642 3620 2792 3674; x_wconf 85' lang='lat' dir='ltr'>hanc</span> <span class='ocrx_word' id='word_1_665' title='bbox 2824 3617 3170 3674; x_wconf 71' lang='lat' dir='ltr'>deliniendze</span> <span class='ocrx_word' id='word_1_666' title='bbox 3213 3618 3523 3690; x_wconf 85' lang='lat' dir='ltr'>ﬂagrantis</span> <span class='ocrx_word' id='word_1_667' title='bbox 3552 3618 3841 3688; x_wconf 90' lang='lat' dir='ltr'>cupidita-</span> 
     </span>
    </p>
   </div>
   <div class='ocr_carea' id='block_1_93' title="bbox 2179 3706 3835 3780">
    <p class='ocr_par' dir='ltr' id='par_1_93' title="bbox 2179 3706 3835 3780">
     <span class='ocr_line' id='line_1_93' title="bbox 2179 3706 3835 3780; baseline -0.001 -18"><span class='ocrx_word' id='word_1_668' title='bbox 2179 3708 2254 3763; x_wconf 88' lang='lat' dir='ltr'>tis</span> <span class='ocrx_word' id='word_1_669' title='bbox 2288 3708 2435 3763; x_wconf 90' lang='lat' dir='ltr'>inire</span> <span class='ocrx_word' id='word_1_670' title='bbox 2468 3708 2779 3764; x_wconf 90' lang='lat' dir='ltr'>rationem.</span> <span class='ocrx_word' id='word_1_671' title='bbox 2812 3706 2969 3763; x_wconf 80' lang='lat' dir='ltr'>Dixit</span> <span class='ocrx_word' id='word_1_672' title='bbox 3024 3707 3366 3780; x_wconf 89' lang='lat' dir='ltr'>imperatori</span> <span class='ocrx_word' id='word_1_673' title='bbox 3413 3707 3835 3778; x_wconf 90' lang='lat' dir='ltr'>haudquadam</span> 
     </span>
    </p>
   </div>
   <div class='ocr_carea' id='block_1_94' title="bbox 2179 3796 3833 3868">
    <p class='ocr_par' dir='ltr' id='par_1_94' title="bbox 2179 3796 3833 3868">
     <span class='ocr_line' id='line_1_94' title="bbox 2179 3796 3833 3868; baseline -0.001 -16"><span class='ocrx_word' id='word_1_674' title='bbox 2179 3813 2239 3852; x_wconf 88' lang='lat' dir='ltr'>se</span> <span class='ocrx_word' id='word_1_675' title='bbox 2270 3798 2584 3853; x_wconf 90' lang='lat' dir='ltr'>abhorrere</span> <span class='ocrx_word' id='word_1_676' title='bbox 2612 3799 2685 3852; x_wconf 91' lang='lat' dir='ltr'>ab</span> <span class='ocrx_word' id='word_1_677' title='bbox 2713 3798 2842 3868; x_wconf 88' lang='lat' dir='ltr'>ejus</span> <span class='ocrx_word' id='word_1_678' title='bbox 2874 3796 3174 3868; x_wconf 89' lang='lat' dir='ltr'>conjugio,</span> <span class='ocrx_word' id='word_1_679' title='bbox 3199 3797 3247 3851; x_wconf 88' lang='lat' dir='ltr'>si</span> <span class='ocrx_word' id='word_1_680' title='bbox 3277 3796 3413 3868; x_wconf 84' lang='lat' dir='ltr'>quis</span> <span class='ocrx_word' id='word_1_681' title='bbox 3436 3797 3647 3853; x_wconf 89' lang='lat' dir='ltr'>modus</span> <span class='ocrx_word' id='word_1_682' title='bbox 3669 3814 3833 3868; x_wconf 85' lang='lat' dir='ltr'>repe-</span> 
     </span>
    </p>
   </div>
   <div class='ocr_carea' id='block_1_95' title="bbox 2177 3885 3834 3957">
    <p class='ocr_par' dir='ltr' id='par_1_95' title="bbox 2177 3885 3834 3957">
     <span class='ocr_line' id='line_1_95' title="bbox 2177 3885 3834 3957; baseline 0.001 -17"><span class='ocrx_word' id='word_1_683' title='bbox 2177 3887 2391 3940; x_wconf 87' lang='lat' dir='ltr'>riretur</span> <span class='ocrx_word' id='word_1_684' title='bbox 2411 3887 2541 3957; x_wconf 87' lang='lat' dir='ltr'>ejus</span> <span class='ocrx_word' id='word_1_685' title='bbox 2573 3885 2831 3955; x_wconf 87' lang='lat' dir='ltr'>legitime</span> <span class='ocrx_word' id='word_1_686' title='bbox 2862 3890 3181 3956; x_wconf 86' lang='lat' dir='ltr'>sancteque</span> <span class='ocrx_word' id='word_1_687' title='bbox 3198 3886 3834 3951; x_wconf 88' lang='lat' dir='ltr'>committendi.Quare</span> 
     </span>
    </p>
   </div>
   <div class='ocr_carea' id='block_1_96' title="bbox 2177 3974 3834 4046">
    <p class='ocr_par' dir='ltr' id='par_1_96' title="bbox 2177 3974 3834 4046">
     <span class='ocr_line' id='line_1_96' title="bbox 2177 3974 3834 4046; baseline -0.002 -14"><span class='ocrx_word' id='word_1_688' title='bbox 2177 3975 2393 4032; x_wconf 90' lang='lat' dir='ltr'>videret</span> <span class='ocrx_word' id='word_1_689' title='bbox 2420 3975 2632 4046; x_wconf 90' lang='lat' dir='ltr'>ecquid</span> <span class='ocrx_word' id='word_1_690' title='bbox 2654 3992 2720 4031; x_wconf 91' lang='lat' dir='ltr'>eo</span> <span class='ocrx_word' id='word_1_691' title='bbox 2752 3992 2867 4046; x_wconf 92' lang='lat' dir='ltr'>quo</span> <span class='ocrx_word' id='word_1_692' title='bbox 2890 3991 3049 4030; x_wconf 89' lang='lat' dir='ltr'>nunc</span> <span class='ocrx_word' id='word_1_693' title='bbox 3072 3979 3229 4030; x_wconf 90' lang='lat' dir='ltr'>esset</span> <span class='ocrx_word' id='word_1_694' title='bbox 3256 3974 3594 4045; x_wconf 89' lang='lat' dir='ltr'>implicatus</span> <span class='ocrx_word' id='word_1_695' title='bbox 3628 3976 3834 4032; x_wconf 88' lang='lat' dir='ltr'>matri-</span> 
     </span>
    </p>
   </div>
   <div class='ocr_carea' id='block_1_97' title="bbox 2180 4062 3838 4135">
    <p class='ocr_par' dir='ltr' id='par_1_97' title="bbox 2180 4062 3838 4135">
     <span class='ocr_line' id='line_1_97' title="bbox 2180 4062 3838 4135; baseline 0 -15"><span class='ocrx_word' id='word_1_696' title='bbox 2180 4065 2377 4120; x_wconf 91' lang='lat' dir='ltr'>monio</span> <span class='ocrx_word' id='word_1_697' title='bbox 2408 4080 2536 4119; x_wconf 90' lang='lat' dir='ltr'>sese</span> <span class='ocrx_word' id='word_1_698' title='bbox 2564 4064 2673 4119; x_wconf 90' lang='lat' dir='ltr'>rite</span> <span class='ocrx_word' id='word_1_699' title='bbox 2700 4067 2901 4135; x_wconf 88' lang='lat' dir='ltr'>posset</span> <span class='ocrx_word' id='word_1_700' title='bbox 2928 4062 3243 4118; x_wconf 81' lang='lat' dir='ltr'>exsolvere.</span> <span class='ocrx_word' id='word_1_701' title='bbox 3276 4063 3401 4117; x_wconf 88' lang='lat' dir='ltr'>Tali</span> <span class='ocrx_word' id='word_1_702' title='bbox 3454 4080 3601 4119; x_wconf 87' lang='lat' dir='ltr'>nexu</span> <span class='ocrx_word' id='word_1_703' title='bbox 3655 4064 3838 4120; x_wconf 87' lang='lat' dir='ltr'>libero</span> 
     </span>
    </p>
   </div>
   <div class='ocr_carea' id='block_1_98' title="bbox 2180 4150 3838 4223">
    <p class='ocr_par' dir='ltr' id='par_1_98' title="bbox 2180 4150 3838 4223">
     <span class='ocr_line' id='line_1_98' title="bbox 2180 4150 3838 4223; baseline -0.002 -14"><span class='ocrx_word' id='word_1_704' title='bbox 2180 4170 2262 4219; x_wconf 90' lang='lat' dir='ltr'>se,</span> <span class='ocrx_word' id='word_1_705' title='bbox 2298 4157 2359 4207; x_wconf 91' lang='lat' dir='ltr'>ut</span> <span class='ocrx_word' id='word_1_706' title='bbox 2389 4152 2656 4218; x_wconf 88' lang='lat' dir='ltr'>honeste,</span> <span class='ocrx_word' id='word_1_707' title='bbox 2681 4151 2762 4206; x_wconf 88' lang='lat' dir='ltr'>ita</span> <span class='ocrx_word' id='word_1_708' title='bbox 2792 4168 2906 4206; x_wconf 90' lang='lat' dir='ltr'>non</span> <span class='ocrx_word' id='word_1_709' title='bbox 2941 4150 3240 4207; x_wconf 90' lang='lat' dir='ltr'>illibenter</span> <span class='ocrx_word' id='word_1_710' title='bbox 3266 4154 3464 4223; x_wconf 86' lang='lat' dir='ltr'>postea</span> <span class='ocrx_word' id='word_1_711' title='bbox 3495 4156 3838 4223; x_wconf 88' lang='lat' dir='ltr'>nupturam.</span> 
     </span>
    </p>
   </div>
   <div class='ocr_carea' id='block_1_99' title="bbox 2178 4238 3843 4305">
    <p class='ocr_par' dir='ltr' id='par_1_99' title="bbox 2178 4238 3843 4305">
     <span class='ocr_line' id='line_1_99' title="bbox 2178 4238 3843 4305; baseline -0.001 -9"><span class='ocrx_word' id='word_1_712' title='bbox 2178 4240 2407 4297; x_wconf 85' lang='lat' dir='ltr'>Arrexit</span> <span class='ocrx_word' id='word_1_713' title='bbox 2436 4257 2611 4297; x_wconf 89' lang='lat' dir='ltr'>aures</span> <span class='ocrx_word' id='word_1_714' title='bbox 2643 4241 2713 4295; x_wconf 90' lang='lat' dir='ltr'>ad</span> <span class='ocrx_word' id='word_1_715' title='bbox 2747 4257 2815 4296; x_wconf 91' lang='lat' dir='ltr'>eo</span> <span class='ocrx_word' id='word_1_716' title='bbox 2867 4238 3138 4305; x_wconf 85' lang='lat' dir='ltr'>Michael,</span> <span class='ocrx_word' id='word_1_717' title='bbox 3170 4244 3228 4295; x_wconf 90' lang='lat' dir='ltr'>et</span> <span class='ocrx_word' id='word_1_718' title='bbox 3274 4240 3593 4296; x_wconf 85' lang='lat' dir='ltr'>excitatum</span> <span class='ocrx_word' id='word_1_719' title='bbox 3645 4241 3843 4297; x_wconf 90' lang='lat' dir='ltr'>oblata</span> 
     </span>
    </p>
   </div>
   <div class='ocr_carea' id='block_1_100' title="bbox 2182 4329 3844 4404">
    <p class='ocr_par' dir='ltr' id='par_1_100' title="bbox 2182 4329 3844 4404">
     <span class='ocr_line' id='line_1_100' title="bbox 2182 4329 3844 4404; baseline -0.001 -17"><span class='ocrx_word' id='word_1_720' title='bbox 2182 4347 2285 4404; x_wconf 87' lang='lat' dir='ltr'>spe</span> <span class='ocrx_word' id='word_1_721' title='bbox 2316 4330 2582 4387; x_wconf 88' lang='lat' dir='ltr'>animum</span> <span class='ocrx_word' id='word_1_722' title='bbox 2606 4330 2815 4398; x_wconf 86' lang='lat' dir='ltr'>cupide</span> <span class='ocrx_word' id='word_1_723' title='bbox 2844 4329 3091 4386; x_wconf 88' lang='lat' dir='ltr'>advertit</span> <span class='ocrx_word' id='word_1_724' title='bbox 3123 4331 3193 4385; x_wconf 92' lang='lat' dir='ltr'>ad</span> <span class='ocrx_word' id='word_1_725' title='bbox 3220 4330 3761 4387; x_wconf 88' lang='lat' dir='ltr'>comminiscendas</span> <span class='ocrx_word' id='word_1_726' title='bbox 3786 4336 3844 4386; x_wconf 91' lang='lat' dir='ltr'>et</span> 
     </span>
    </p>
   </div>
   <div class='ocr_carea' id='block_1_101' title="bbox 2182 4418 3844 4492">
    <p class='ocr_par' dir='ltr' id='par_1_101' title="bbox 2182 4418 3844 4492">
     <span class='ocr_line' id='line_1_101' title="bbox 2182 4418 3844 4492; baseline 0.001 -17"><span class='ocrx_word' id='word_1_727' title='bbox 2182 4420 2400 4492; x_wconf 89' lang='lat' dir='ltr'>quibus</span> <span class='ocrx_word' id='word_1_728' title='bbox 2431 4437 2580 4492; x_wconf 91' lang='lat' dir='ltr'>opus</span> <span class='ocrx_word' id='word_1_729' title='bbox 2609 4424 2737 4476; x_wconf 87' lang='lat' dir='ltr'>erat</span> <span class='ocrx_word' id='word_1_730' title='bbox 2765 4419 3083 4475; x_wconf 83' lang='lat' dir='ltr'>artiﬁciose</span> <span class='ocrx_word' id='word_1_731' title='bbox 3113 4418 3504 4476; x_wconf 88' lang='lat' dir='ltr'>insinuandas</span> <span class='ocrx_word' id='word_1_732' title='bbox 3545 4419 3844 4492; x_wconf 89' lang='lat' dir='ltr'>speciosas</span> 
     </span>
    </p>
   </div>
   <div class='ocr_carea' id='block_1_102' title="bbox 2182 4508 3843 4581">
    <p class='ocr_par' dir='ltr' id='par_1_102' title="bbox 2182 4508 3843 4581">
     <span class='ocr_line' id='line_1_102' title="bbox 2182 4508 3843 4581; baseline 0.002 -17"><span class='ocrx_word' id='word_1_733' title='bbox 2182 4526 2392 4565; x_wconf 88' lang='lat' dir='ltr'>causas</span> <span class='ocrx_word' id='word_1_734' title='bbox 2430 4509 2831 4581; x_wconf 62' lang='lat' dir='ltr'>repudiandae,</span> <span class='ocrx_word' id='word_1_735' title='bbox 2857 4525 3035 4580; x_wconf 88' lang='lat' dir='ltr'>quam</span> <span class='ocrx_word' id='word_1_736' title='bbox 3066 4508 3320 4565; x_wconf 88' lang='lat' dir='ltr'>habebat</span> <span class='ocrx_word' id='word_1_737' title='bbox 3348 4508 3410 4563; x_wconf 89' lang='lat' dir='ltr'>in</span> <span class='ocrx_word' id='word_1_738' title='bbox 3441 4510 3843 4578; x_wconf 89' lang='lat' dir='ltr'>contubernio,</span> 
     </span>
    </p>
   </div>
   <div class='ocr_carea' id='block_1_103' title="bbox 2183 4597 3846 4670">
    <p class='ocr_par' dir='ltr' id='par_1_103' title="bbox 2183 4597 3846 4670">
     <span class='ocr_line' id='line_1_103' title="bbox 2183 4597 3846 4670; baseline 0.001 -17"><span class='ocrx_word' id='word_1_739' title='bbox 2183 4597 2471 4670; x_wconf 89' lang='lat' dir='ltr'>conjugis.</span> <span class='ocrx_word' id='word_1_740' title='bbox 2501 4599 2715 4654; x_wconf 87' lang='lat' dir='ltr'>Aiebat</span> <span class='ocrx_word' id='word_1_741' title='bbox 2738 4597 2895 4653; x_wconf 85' lang='lat' dir='ltr'>haud</span> <span class='ocrx_word' id='word_1_742' title='bbox 2947 4615 3009 4654; x_wconf 88' lang='lat' dir='ltr'>se</span> <span class='ocrx_word' id='word_1_743' title='bbox 3056 4597 3184 4654; x_wconf 89' lang='lat' dir='ltr'>hire</span> <span class='ocrx_word' id='word_1_744' title='bbox 3230 4597 3459 4654; x_wconf 84' lang='lat' dir='ltr'>inficias</span> <span class='ocrx_word' id='word_1_745' title='bbox 3507 4597 3685 4655; x_wconf 87' lang='lat' dir='ltr'>talem</span> <span class='ocrx_word' id='word_1_746' title='bbox 3716 4617 3846 4659; x_wconf 87' lang='lat' dir='ltr'>esse</span> 
     </span>
    </p>
   </div>
   <div class='ocr_carea' id='block_1_104' title="bbox 2182 4686 3846 4759">
    <p class='ocr_par' dir='ltr' id='par_1_104' title="bbox 2182 4686 3846 4759">
     <span class='ocr_line' id='line_1_104' title="bbox 2182 4686 3846 4759; baseline 0.001 -18"><span class='ocrx_word' id='word_1_747' title='bbox 2182 4688 2544 4743; x_wconf 87' lang='lat' dir='ltr'>Theodoram</span> <span class='ocrx_word' id='word_1_748' title='bbox 2578 4686 2656 4758; x_wconf 92' lang='lat' dir='ltr'>(id</span> <span class='ocrx_word' id='word_1_749' title='bbox 2689 4691 2814 4742; x_wconf 89' lang='lat' dir='ltr'>erat</span> <span class='ocrx_word' id='word_1_750' title='bbox 2844 4690 3121 4758; x_wconf 60' lang='lat' dir='ltr'>Augustae</span> <span class='ocrx_word' id='word_1_751' title='bbox 3155 4688 3392 4757; x_wconf 90' lang='lat' dir='ltr'>nomen)</span> <span class='ocrx_word' id='word_1_752' title='bbox 3420 4687 3484 4757; x_wconf 84' lang='lat' dir='ltr'>in</span> <span class='ocrx_word' id='word_1_753' title='bbox 3532 4704 3647 4759; x_wconf 91' lang='lat' dir='ltr'>qua</span> <span class='ocrx_word' id='word_1_754' title='bbox 3697 4688 3846 4751; x_wconf 84' lang='lat' dir='ltr'>nihil</span> 
     </span>
    </p>
   </div>
   <div class='ocr_carea' id='block_1_105' title="bbox 2191 4774 3847 4848">
    <p class='ocr_par' dir='ltr' id='par_1_105' title="bbox 2191 4774 3847 4848">
     <span class='ocr_line' id='line_1_105' title="bbox 2191 4774 3847 4848; baseline 0.001 -17"><span class='ocrx_word' id='word_1_755' title='bbox 2191 4777 2262 4831; x_wconf 92' lang='lat' dir='ltr'>ad</span> <span class='ocrx_word' id='word_1_756' title='bbox 2294 4775 2439 4847; x_wconf 87' lang='lat' dir='ltr'>regii</span> <span class='ocrx_word' id='word_1_757' title='bbox 2472 4775 2703 4847; x_wconf 90' lang='lat' dir='ltr'>generis</span> <span class='ocrx_word' id='word_1_758' title='bbox 2730 4774 3079 4842; x_wconf 87' lang='lat' dir='ltr'>claritatem,</span> <span class='ocrx_word' id='word_1_759' title='bbox 3114 4776 3185 4830; x_wconf 85' lang='lat' dir='ltr'>ad</span> <span class='ocrx_word' id='word_1_760' title='bbox 3219 4776 3511 4847; x_wconf 65' lang='lat' dir='ltr'>pudicitiae</span> <span class='ocrx_word' id='word_1_761' title='bbox 3542 4777 3742 4848; x_wconf 89' lang='lat' dir='ltr'>decus,</span> <span class='ocrx_word' id='word_1_762' title='bbox 3775 4777 3847 4832; x_wconf 91' lang='lat' dir='ltr'>ad</span> 
     </span>
    </p>
   </div>
   <div class='ocr_carea' id='block_1_106' title="bbox 2198 4864 3853 4937">
    <p class='ocr_par' dir='ltr' id='par_1_106' title="bbox 2198 4864 3853 4937">
     <span class='ocr_line' id='line_1_106' title="bbox 2198 4864 3853 4937; baseline 0.001 -16"><span class='ocrx_word' id='word_1_763' title='bbox 2198 4881 2429 4921; x_wconf 90' lang='lat' dir='ltr'>morum</span> <span class='ocrx_word' id='word_1_764' title='bbox 2460 4864 2835 4920; x_wconf 88' lang='lat' dir='ltr'>sanctitatem</span> <span class='ocrx_word' id='word_1_765' title='bbox 2868 4868 2972 4920; x_wconf 90' lang='lat' dir='ltr'>aut</span> <span class='ocrx_word' id='word_1_766' title='bbox 3003 4864 3300 4920; x_wconf 81' lang='lat' dir='ltr'>caritatem</span> <span class='ocrx_word' id='word_1_767' title='bbox 3333 4865 3393 4919; x_wconf 90' lang='lat' dir='ltr'>in</span> <span class='ocrx_word' id='word_1_768' title='bbox 3427 4865 3618 4922; x_wconf 85' lang='lat' dir='ltr'>virum</span> <span class='ocrx_word' id='word_1_769' title='bbox 3651 4870 3853 4937; x_wconf 88' lang='lat' dir='ltr'>posset</span> 
     </span>
    </p>
   </div>
   <div class='ocr_carea' id='block_1_107' title="bbox 2196 4953 3855 5027">
    <p class='ocr_par' dir='ltr' id='par_1_107' title="bbox 2196 4953 3855 5027">
     <span class='ocr_line' id='line_1_107' title="bbox 2196 4953 3855 5027; baseline 0.001 -17"><span class='ocrx_word' id='word_1_770' title='bbox 2196 4954 2513 5026; x_wconf 88' lang='lat' dir='ltr'>requirere,</span> <span class='ocrx_word' id='word_1_771' title='bbox 2547 4954 2868 5025; x_wconf 87' lang='lat' dir='ltr'>quominus</span> <span class='ocrx_word' id='word_1_772' title='bbox 2919 4953 3333 5027; x_wconf 81' lang='lat' dir='ltr'>dignissimam</span> <span class='ocrx_word' id='word_1_773' title='bbox 3392 4954 3673 5010; x_wconf 89' lang='lat' dir='ltr'>fateretur</span> <span class='ocrx_word' id='word_1_774' title='bbox 3722 4973 3855 5027; x_wconf 68' lang='lat' dir='ltr'>qua:</span> 
     </span>
    </p>
   </div>
   <div class='ocr_carea' id='block_1_108' title="bbox 2198 5043 3853 5116">
    <p class='ocr_par' dir='ltr' id='par_1_108' title="bbox 2198 5043 3853 5116">
     <span class='ocr_line' id='line_1_108' title="bbox 2198 5043 3853 5116; baseline 0.001 -15"><span class='ocrx_word' id='word_1_775' title='bbox 2198 5062 2395 5101; x_wconf 87' lang='lat' dir='ltr'>secum</span> <span class='ocrx_word' id='word_1_776' title='bbox 2428 5043 2765 5116; x_wconf 88' lang='lat' dir='ltr'>imperaret.</span> <span class='ocrx_word' id='word_1_777' title='bbox 2796 5044 3300 5101; x_wconf 88' lang='lat' dir='ltr'>Considerandum</span> <span class='ocrx_word' id='word_1_778' title='bbox 3343 5047 3538 5100; x_wconf 91' lang='lat' dir='ltr'>tamen</span> <span class='ocrx_word' id='word_1_779' title='bbox 3569 5062 3700 5101; x_wconf 88' lang='lat' dir='ltr'>esse</span> <span class='ocrx_word' id='word_1_780' title='bbox 3747 5064 3853 5102; x_wconf 83' lang='lat' dir='ltr'>ne-</span> 
     </span>
    </p>
   </div>
   <div class='ocr_carea' id='block_1_109' title="bbox 2198 5132 3854 5204">
    <p class='ocr_par' dir='ltr' id='par_1_109' title="bbox 2198 5132 3854 5204">
     <span class='ocr_line' id='line_1_109' title="bbox 2198 5132 3854 5204; baseline 0.001 -15"><span class='ocrx_word' id='word_1_781' title='bbox 2198 5134 2530 5189; x_wconf 87' lang='lat' dir='ltr'>cessitatem</span> <span class='ocrx_word' id='word_1_782' title='bbox 2565 5149 2821 5204; x_wconf 85' lang='lat' dir='ltr'>gravem,</span> <span class='ocrx_word' id='word_1_783' title='bbox 2857 5132 3147 5187; x_wconf 89' lang='lat' dir='ltr'>immineti</span> <span class='ocrx_word' id='word_1_784' title='bbox 3180 5150 3337 5187; x_wconf 90' lang='lat' dir='ltr'>nunc</span> <span class='ocrx_word' id='word_1_785' title='bbox 3369 5134 3545 5193; x_wconf 82' lang='lat' dir='ltr'>rebus</span> <span class='ocrx_word' id='word_1_786' title='bbox 3575 5135 3854 5191; x_wconf 80' lang='lat' dir='ltr'>Romanis</span> 
     </span>
    </p>
   </div>
   <div class='ocr_carea' id='block_1_110' title="bbox 2200 5221 3856 5296">
    <p class='ocr_par' dir='ltr' id='par_1_110' title="bbox 2200 5221 3856 5296">
     <span class='ocr_line' id='line_1_110' title="bbox 2200 5221 3856 5296; baseline 0.001 -18"><span class='ocrx_word' id='word_1_787' title='bbox 2200 5222 2377 5279; x_wconf 88' lang='lat' dir='ltr'>atroci</span> <span class='ocrx_word' id='word_1_788' title='bbox 2436 5222 2694 5293; x_wconf 86' lang='lat' dir='ltr'>periculo</span> <span class='ocrx_word' id='word_1_789' title='bbox 2754 5221 3119 5294; x_wconf 85' lang='lat' dir='ltr'>impositam,</span> <span class='ocrx_word' id='word_1_790' title='bbox 3180 5222 3424 5280; x_wconf 91' lang='lat' dir='ltr'>sollicite</span> <span class='ocrx_word' id='word_1_791' title='bbox 3493 5225 3856 5296; x_wconf 66' lang='lat' dir='ltr'>praecavendi</span> 
     </span>
    </p>
   </div>
   <div class='ocr_carea' id='block_1_111' title="bbox 2197 5312 3854 5387">
    <p class='ocr_par' dir='ltr' id='par_1_111' title="bbox 2197 5312 3854 5387">
     <span class='ocr_line' id='line_1_111' title="bbox 2197 5312 3854 5387; baseline 0.002 -20"><span class='ocrx_word' id='word_1_792' title='bbox 2197 5313 2537 5368; x_wconf 88' lang='lat' dir='ltr'>Latinorum</span> <span class='ocrx_word' id='word_1_793' title='bbox 2613 5312 2754 5376; x_wconf 90' lang='lat' dir='ltr'>iras,</span> <span class='ocrx_word' id='word_1_794' title='bbox 2815 5316 3014 5383; x_wconf 87' lang='lat' dir='ltr'>erepta</span> <span class='ocrx_word' id='word_1_795' title='bbox 3086 5329 3273 5384; x_wconf 89' lang='lat' dir='ltr'>nuper</span> <span class='ocrx_word' id='word_1_796' title='bbox 3345 5314 3854 5387; x_wconf 89' lang='lat' dir='ltr'>Constantinopoli</span> 
     </span>
    </p>
   </div>
   <div class='ocr_carea' id='block_1_112' title="bbox 2202 5401 3860 5474">
    <p class='ocr_par' dir='ltr' id='par_1_112' title="bbox 2202 5401 3860 5474">
     <span class='ocr_line' id='line_1_112' title="bbox 2202 5401 3860 5474; baseline 0.002 -17"><span class='ocrx_word' id='word_1_797' title='bbox 2202 5402 2542 5459; x_wconf 81' lang='lat' dir='ltr'>furentium.</span> <span class='ocrx_word' id='word_1_798' title='bbox 2579 5401 2803 5474; x_wconf 89' lang='lat' dir='ltr'>Opibus</span> <span class='ocrx_word' id='word_1_799' title='bbox 2829 5402 2991 5474; x_wconf 90' lang='lat' dir='ltr'>ipsos</span> <span class='ocrx_word' id='word_1_800' title='bbox 3032 5408 3087 5459; x_wconf 87' lang='lat' dir='ltr'>et</span> <span class='ocrx_word' id='word_1_801' title='bbox 3139 5420 3383 5460; x_wconf 88' lang='lat' dir='ltr'>numero</span> <span class='ocrx_word' id='word_1_802' title='bbox 3432 5406 3646 5473; x_wconf 89' lang='lat' dir='ltr'>valere,</span> <span class='ocrx_word' id='word_1_803' title='bbox 3680 5422 3860 5462; x_wconf 88' lang='lat' dir='ltr'>causa</span> 
     </span>
    </p>
   </div>
   <div class='ocr_carea' id='block_1_113' title="bbox 2202 5491 3863 5567">
    <p class='ocr_par' dir='ltr' id='par_1_113' title="bbox 2202 5491 3863 5567">
     <span class='ocr_line' id='line_1_113' title="bbox 2202 5491 3863 5567; baseline 0.004 -25"><span class='ocrx_word' id='word_1_804' title='bbox 2202 5507 2434 5563; x_wconf 79' lang='lat' dir='ltr'>quoque</span> <span class='ocrx_word' id='word_1_805' title='bbox 2466 5491 2684 5547; x_wconf 88' lang='lat' dir='ltr'>irritari</span> <span class='ocrx_word' id='word_1_806' title='bbox 2736 5492 3135 5548; x_wconf 88' lang='lat' dir='ltr'>communiter</span> <span class='ocrx_word' id='word_1_807' title='bbox 3185 5493 3506 5566; x_wconf 88' lang='lat' dir='ltr'>plausibili,</span> <span class='ocrx_word' id='word_1_808' title='bbox 3539 5494 3744 5567; x_wconf 89' lang='lat' dir='ltr'>pulsos</span> <span class='ocrx_word' id='word_1_809' title='bbox 3788 5510 3863 5548; x_wconf 84' lang='lat' dir='ltr'>ex</span> 
     </span>
    </p>
   </div>
   <div class='ocr_carea' id='block_1_114' title="bbox 2203 5580 3862 5655">
    <p class='ocr_par' dir='ltr' id='par_1_114' title="bbox 2203 5580 3862 5655">
     <span class='ocr_line' id='line_1_114' title="bbox 2203 5580 3862 5655; baseline 0.001 -17"><span class='ocrx_word' id='word_1_810' title='bbox 2203 5581 2573 5655; x_wconf 76' lang='lat' dir='ltr'>possessione</span> <span class='ocrx_word' id='word_1_811' title='bbox 2602 5580 2885 5638; x_wconf 90' lang='lat' dir='ltr'>diuturna</span> <span class='ocrx_word' id='word_1_812' title='bbox 2916 5586 2974 5638; x_wconf 88' lang='lat' dir='ltr'>et</span> <span class='ocrx_word' id='word_1_813' title='bbox 3005 5582 3208 5638; x_wconf 89' lang='lat' dir='ltr'>multis</span> <span class='ocrx_word' id='word_1_814' title='bbox 3236 5583 3542 5655; x_wconf 84' lang='lat' dir='ltr'>spoliatos,</span> <span class='ocrx_word' id='word_1_815' title='bbox 3566 5600 3695 5655; x_wconf 80' lang='lat' dir='ltr'>quae</span> <span class='ocrx_word' id='word_1_816' title='bbox 3728 5599 3862 5655; x_wconf 89' lang='lat' dir='ltr'>pro-</span> 
     </span>
    </p>
   </div>
   <div class='ocr_carea' id='block_1_115' title="bbox 2205 5671 3861 5745">
    <p class='ocr_par' dir='ltr' id='par_1_115' title="bbox 2205 5671 3861 5745">
     <span class='ocr_line' id='line_1_115' title="bbox 2205 5671 3861 5745; baseline 0.001 -18"><span class='ocrx_word' id='word_1_817' title='bbox 2205 5672 2334 5745; x_wconf 88' lang='lat' dir='ltr'>pria</span> <span class='ocrx_word' id='word_1_818' title='bbox 2362 5672 2584 5727; x_wconf 85' lang='lat' dir='ltr'>dudum</span> <span class='ocrx_word' id='word_1_819' title='bbox 2638 5671 3059 5743; x_wconf 89' lang='lat' dir='ltr'>carissimaque</span> <span class='ocrx_word' id='word_1_820' title='bbox 3108 5671 3456 5730; x_wconf 86' lang='lat' dir='ltr'>habuerant.</span> <span class='ocrx_word' id='word_1_821' title='bbox 3490 5672 3861 5729; x_wconf 88' lang='lat' dir='ltr'>Concitatum</span> 
     </span>
    </p>
   </div>
   <div class='ocr_carea' id='block_1_116' title="bbox 2206 5760 3861 5835">
    <p class='ocr_par' dir='ltr' id='par_1_116' title="bbox 2206 5760 3861 5835">
     <span class='ocr_line' id='line_1_116' title="bbox 2206 5760 3861 5835; baseline -0.001 -16"><span class='ocrx_word' id='word_1_822' title='bbox 2206 5761 2396 5819; x_wconf 88' lang='lat' dir='ltr'>audiri</span> <span class='ocrx_word' id='word_1_823' title='bbox 2427 5764 2621 5819; x_wconf 86' lang='lat' dir='ltr'>totum</span> <span class='ocrx_word' id='word_1_824' title='bbox 2647 5760 2931 5819; x_wconf 88' lang='lat' dir='ltr'>Italorum</span> <span class='ocrx_word' id='word_1_825' title='bbox 2973 5778 3210 5831; x_wconf 89' lang='lat' dir='ltr'>nomen,</span> <span class='ocrx_word' id='word_1_826' title='bbox 3242 5766 3301 5819; x_wconf 91' lang='lat' dir='ltr'>et</span> <span class='ocrx_word' id='word_1_827' title='bbox 3353 5763 3570 5819; x_wconf 89' lang='lat' dir='ltr'>armari</span> <span class='ocrx_word' id='word_1_828' title='bbox 3627 5763 3861 5835; x_wconf 89' lang='lat' dir='ltr'>conspi-</span> 
     </span>
    </p>
   </div>
  </div>
