  <div class='ocr_page' id='page_1' title='image "/cluster/home/n/w/nwhite01/storage/ocr_20150623/143:no.1/coo.31924054870484/319.png"; bbox 0 0 4112 6424; ppageno 0'>
   <div class='ocr_carea' id='block_1_1' title="bbox 309 421 417 476">
    <p class='ocr_par' dir='ltr' id='par_1_1' title="bbox 309 421 417 476">
     <span class='ocr_line' id='line_1_1' title="bbox 309 421 417 476; baseline -0.009 0"><span class='ocrx_word' id='word_1_1' title='bbox 309 421 417 476; x_wconf 85' lang='grc'><strong>623</strong></span> 
     </span>
    </p>
   </div>
   <div class='ocr_carea' id='block_1_2' title="bbox 309 543 1262 619">
    <p class='ocr_par' dir='ltr' id='par_1_2' title="bbox 309 543 1262 619">
     <span class='ocr_line' id='line_1_2' title="bbox 309 543 1262 619; baseline -0.003 -19"><span class='ocrx_word' id='word_1_2' title='bbox 309 544 463 601; x_wconf 84' lang='grc' dir='ltr'>ναυσὶ</span> <span class='ocrx_word' id='word_1_3' title='bbox 541 543 828 608; x_wconf 87' lang='grc' dir='ltr'>τοσαύταις</span> <span class='ocrx_word' id='word_1_4' title='bbox 912 545 1044 599; x_wconf 72' lang='grc' dir='ltr'>εἶναι</span> <span class='ocrx_word' id='word_1_5' title='bbox 1127 544 1262 619; x_wconf 75' lang='grc' dir='ltr'>πρὸς</span> 
     </span>
    </p>
   </div>
   <div class='ocr_carea' id='block_1_3' title="bbox 1251 631 1970 708">
    <p class='ocr_par' dir='ltr' id='par_1_3' title="bbox 1251 631 1970 708">
     <span class='ocr_line' id='line_1_3' title="bbox 1251 631 1970 708; baseline -0.001 -22"><span class='ocrx_word' id='word_1_6' title='bbox 1251 632 1617 708; x_wconf 66' lang='grc' dir='ltr'>στρατεύμασι</span> <span class='ocrx_word' id='word_1_7' title='bbox 1701 631 1970 703; x_wconf 72' lang='grc' dir='ltr'>πολεμεῖν</span> 
     </span>
    </p>
   </div>
   <div class='ocr_carea' id='block_1_4' title="bbox 1350 541 1584 605">
    <p class='ocr_par' dir='ltr' id='par_1_4' title="bbox 1350 541 1584 605">
     <span class='ocr_line' id='line_1_4' title="bbox 1350 541 1584 605; baseline -0.004 -8"><span class='ocrx_word' id='word_1_8' title='bbox 1350 541 1584 605; x_wconf 78' lang='grc' dir='ltr'>ἐκείνους</span> 
     </span>
    </p>
   </div>
   <div class='ocr_carea' id='block_1_5' title="bbox 317 633 1166 709">
    <p class='ocr_par' dir='ltr' id='par_1_5' title="bbox 317 633 1166 709">
     <span class='ocr_line' id='line_1_5' title="bbox 317 633 1166 709; baseline -0.006 -19"><span class='ocrx_word' id='word_1_9' title='bbox 317 633 442 690; x_wconf 74' lang='grc' dir='ltr'>οὔτε</span> <span class='ocrx_word' id='word_1_10' title='bbox 525 636 632 709; x_wconf 68' lang='grc' dir='ltr'>μήν</span> <span class='ocrx_word' id='word_1_11' title='bbox 712 633 858 696; x_wconf 69' lang='grc' dir='ltr'>θ’ίους</span> <span class='ocrx_word' id='word_1_12' title='bbox 931 639 978 688; x_wconf 86' lang='grc' dir='ltr'>τ’</span> <span class='ocrx_word' id='word_1_13' title='bbox 1036 635 1166 687; x_wconf 70' lang='grc' dir='ltr'>εἶναι</span> 
     </span>
    </p>
   </div>
   <div class='ocr_carea' id='block_1_6' title="bbox 316 720 1972 800">
    <p class='ocr_par' dir='ltr' id='par_1_6' title="bbox 316 720 1972 800">
     <span class='ocr_line' id='line_1_6' title="bbox 316 720 1972 800; baseline -0.004 -19"><span class='ocrx_word' id='word_1_14' title='bbox 316 726 454 781; x_wconf 85' lang='grc' dir='ltr'><strong>κατά</strong></span> <span class='ocrx_word' id='word_1_15' title='bbox 510 732 632 800; x_wconf 78' lang='grc' dir='ltr'><strong>γῆν.</strong></span> <span class='ocrx_word' id='word_1_16' title='bbox 683 724 816 786; x_wconf 83' lang='grc' dir='ltr'>Τοὺς</span> <span class='ocrx_word' id='word_1_17' title='bbox 896 722 951 777; x_wconf 70' lang='grc' dir='ltr'><strong>δὲ</strong></span> <span class='ocrx_word' id='word_1_18' title='bbox 1031 721 1384 796; x_wconf 68' lang='grc' dir='ltr'>Βουλγάρους</span> <span class='ocrx_word' id='word_1_19' title='bbox 1453 721 1541 776; x_wconf 84' lang='grc' dir='ltr'><strong>καὶ</strong></span> <span class='ocrx_word' id='word_1_20' title='bbox 1604 721 1798 784; x_wconf 73' lang='grc' dir='ltr'>αὐτοὺς</span> <span class='ocrx_word' id='word_1_21' title='bbox 1859 720 1972 776; x_wconf 86' lang='grc' dir='ltr'>ἐτέ-</span> 
     </span>
    </p>
   </div>
   <div class='ocr_carea' id='block_1_7' title="bbox 322 808 1970 890">
    <p class='ocr_par' dir='ltr' id='par_1_7' title="bbox 322 808 1970 890">
     <span class='ocr_line' id='line_1_7' title="bbox 322 808 1970 890; baseline -0.004 -20"><span class='ocrx_word' id='word_1_22' title='bbox 322 828 492 890; x_wconf 88' lang='grc' dir='ltr'>ρωθεν</span> <span class='ocrx_word' id='word_1_23' title='bbox 565 813 808 869; x_wconf 77' lang='grc' dir='ltr'>ἀπειλεῖν</span> <span class='ocrx_word' id='word_1_24' title='bbox 873 808 1180 867; x_wconf 72' lang='grc' dir='ltr'>εἰσϐάλλειν</span> <span class='ocrx_word' id='word_1_25' title='bbox 1241 809 1330 865; x_wconf 76' lang='grc' dir='ltr'><strong>διὰ</strong></span> <span class='ocrx_word' id='word_1_26' title='bbox 1386 811 1620 886; x_wconf 72' lang='grc' dir='ltr'>Θρᾴκης,</span> <span class='ocrx_word' id='word_1_27' title='bbox 1681 812 1772 866; x_wconf 81' lang='grc' dir='ltr'><strong>καὶ</strong></span> <span class='ocrx_word' id='word_1_28' title='bbox 1825 809 1970 884; x_wconf 78' lang='grc' dir='ltr'><strong>μᾶλ-</strong></span> 
     </span>
    </p>
   </div>
   <div class='ocr_carea' id='block_1_8' title="bbox 325 900 1974 976">
    <p class='ocr_par' dir='ltr' id='par_1_8' title="bbox 325 900 1974 976">
     <span class='ocr_line' id='line_1_8' title="bbox 325 900 1974 976; baseline -0.006 -16"><span class='ocrx_word' id='word_1_29' title='bbox 325 905 418 960; x_wconf 86' lang='grc' dir='ltr'><strong>λον</strong></span> <span class='ocrx_word' id='word_1_30' title='bbox 471 912 571 973; x_wconf 76' lang='grc' dir='ltr'>τῆς</span> <span class='ocrx_word' id='word_1_31' title='bbox 628 905 706 973; x_wconf 82' lang='grc' dir='ltr'>τῷ</span> <span class='ocrx_word' id='word_1_32' title='bbox 763 907 869 957; x_wconf 77' lang='grc' dir='ltr'>τῶν</span> <span class='ocrx_word' id='word_1_33' title='bbox 927 901 1285 976; x_wconf 81' lang='grc' dir='ltr'>Βουλγάρων,</span> <span class='ocrx_word' id='word_1_34' title='bbox 1321 903 1548 976; x_wconf 71' lang='grc' dir='ltr'>ἄρχοντι</span> <span class='ocrx_word' id='word_1_35' title='bbox 1582 900 1974 973; x_wconf 75' lang='grc' dir='ltr'>Κωνσταντί-ιῳ</span> 
     </span>
    </p>
   </div>
   <div class='ocr_carea' id='block_1_9' title="bbox 323 989 1970 1064">
    <p class='ocr_par' dir='ltr' id='par_1_9' title="bbox 323 989 1970 1064">
     <span class='ocr_line' id='line_1_9' title="bbox 323 989 1970 1064; baseline -0.002 -17"><span class='ocrx_word' id='word_1_36' title='bbox 323 995 676 1061; x_wconf 76' lang='grc' dir='ltr'>συνοικούσης</span> <span class='ocrx_word' id='word_1_37' title='bbox 726 992 959 1064; x_wconf 77' lang='grc' dir='ltr'><strong>Εἰρήνης</strong></span> <span class='ocrx_word' id='word_1_38' title='bbox 1014 992 1087 1062; x_wconf 78' lang='grc' dir='ltr'>μή</span> <span class='ocrx_word' id='word_1_39' title='bbox 1139 991 1364 1062; x_wconf 73' lang='grc' dir='ltr'>ἠρεμεῖν</span> <span class='ocrx_word' id='word_1_40' title='bbox 1415 989 1589 1058; x_wconf 78' lang='grc' dir='ltr'>ἐώσης</span> <span class='ocrx_word' id='word_1_41' title='bbox 1618 991 1708 1044; x_wconf 87' lang='grc' dir='ltr'><strong>τὸν</strong></span> <span class='ocrx_word' id='word_1_42' title='bbox 1737 991 1970 1064; x_wconf 73' lang='grc' dir='ltr'>σύζυγον</span> 
     </span>
    </p>
   </div>
   <div class='ocr_carea' id='block_1_10' title="bbox 322 1077 1971 1157">
    <p class='ocr_par' dir='ltr' id='par_1_10' title="bbox 322 1077 1971 1157">
     <span class='ocr_line' id='line_1_10' title="bbox 322 1077 1971 1157; baseline -0.004 -18"><span class='ocrx_word' id='word_1_43' title='bbox 322 1088 390 1157; x_wconf 71' lang='grc' dir='ltr'>τῇ</span> <span class='ocrx_word' id='word_1_44' title='bbox 445 1085 580 1156; x_wconf 87' lang='grc' dir='ltr'>πρὸς</span> <span class='ocrx_word' id='word_1_45' title='bbox 624 1084 714 1136; x_wconf 92' lang='grc' dir='ltr'>τὸν</span> <span class='ocrx_word' id='word_1_46' title='bbox 770 1079 1127 1155; x_wconf 66' lang='grc' dir='ltr'>βασιλεύοντα</span> <span class='ocrx_word' id='word_1_47' title='bbox 1175 1079 1462 1153; x_wconf 80' lang='grc' dir='ltr'>ἀπεχθείᾳ.</span> <span class='ocrx_word' id='word_1_48' title='bbox 1503 1077 1696 1150; x_wconf 76' lang='grc' dir='ltr'>Κύκλῳ</span> <span class='ocrx_word' id='word_1_49' title='bbox 1731 1081 1812 1151; x_wconf 83' lang='grc' dir='ltr'><strong>[Ρ.</strong></span> <span class='ocrx_word' id='word_1_50' title='bbox 1849 1080 1971 1151; x_wconf 78' lang='grc'><strong>122]</strong></span> 
     </span>
    </p>
   </div>
   <div class='ocr_carea' id='block_1_11' title="bbox 321 1166 1974 1246">
    <p class='ocr_par' dir='ltr' id='par_1_11' title="bbox 321 1166 1974 1246">
     <span class='ocr_line' id='line_1_11' title="bbox 321 1166 1974 1246; baseline -0.003 -20"><span class='ocrx_word' id='word_1_51' title='bbox 321 1177 452 1246; x_wconf 79' lang='grc' dir='ltr'>γοῦν</span> <span class='ocrx_word' id='word_1_52' title='bbox 499 1175 606 1226; x_wconf 60' lang='grc' dir='ltr'>τῶν</span> <span class='ocrx_word' id='word_1_53' title='bbox 668 1170 880 1244; x_wconf 80' lang='grc' dir='ltr'>ἐχθρῶν</span> <span class='ocrx_word' id='word_1_54' title='bbox 958 1171 1441 1244; x_wconf 85' lang='grc' dir='ltr'>παρακινουμένων</span> <span class='ocrx_word' id='word_1_55' title='bbox 1501 1175 1702 1242; x_wconf 82' lang='grc' dir='ltr'>χρῆναι</span> <span class='ocrx_word' id='word_1_56' title='bbox 1763 1166 1974 1242; x_wconf 82' lang='grc' dir='ltr'>φυλάσ-</span> 
     </span>
    </p>
   </div>
   <div class='ocr_carea' id='block_1_12' title="bbox 320 1254 1973 1324">
    <p class='ocr_par' dir='ltr' id='par_1_12' title="bbox 320 1254 1973 1324">
     <span class='ocr_line' id='line_1_12' title="bbox 320 1254 1973 1324; baseline -0.003 -8"><span class='ocrx_word' id='word_1_57' title='bbox 320 1263 500 1316; x_wconf 82' lang='grc' dir='ltr'>σεσθαι</span> <span class='ocrx_word' id='word_1_58' title='bbox 550 1260 646 1323; x_wconf 82' lang='grc' dir='ltr'><strong>τάς</strong></span> <span class='ocrx_word' id='word_1_59' title='bbox 697 1260 961 1322; x_wconf 72' lang='grc' dir='ltr'>ἐπιθέσεις</span> <span class='ocrx_word' id='word_1_60' title='bbox 1007 1258 1080 1319; x_wconf 83' lang='grc' dir='ltr'><strong>εἰς</strong></span> <span class='ocrx_word' id='word_1_61' title='bbox 1129 1259 1256 1312; x_wconf 79' lang='grc' dir='ltr'>ὅσον</span> <span class='ocrx_word' id='word_1_62' title='bbox 1302 1254 1550 1324; x_wconf 79' lang='grc' dir='ltr'>δυνατὸν,</span> <span class='ocrx_word' id='word_1_63' title='bbox 1586 1255 1735 1318; x_wconf 78' lang='grc' dir='ltr'>ἰδίως</span> <span class='ocrx_word' id='word_1_64' title='bbox 1771 1255 1826 1311; x_wconf 78' lang='grc' dir='ltr'><strong>δὲ</strong></span> <span class='ocrx_word' id='word_1_65' title='bbox 1885 1256 1973 1311; x_wconf 71' lang='lat'><strong>3:-</strong></span> 
     </span>
    </p>
   </div>
   <div class='ocr_carea' id='block_1_13' title="bbox 321 1344 1971 1422">
    <p class='ocr_par' dir='ltr' id='par_1_13' title="bbox 321 1344 1971 1422">
     <span class='ocr_line' id='line_1_13' title="bbox 321 1344 1971 1422; baseline -0.003 -18"><span class='ocrx_word' id='word_1_66' title='bbox 321 1348 484 1405; x_wconf 83' lang='grc' dir='ltr'>διέναι</span> <span class='ocrx_word' id='word_1_67' title='bbox 541 1351 629 1404; x_wconf 80' lang='grc' dir='ltr'><strong>καὶ</strong></span> <span class='ocrx_word' id='word_1_68' title='bbox 691 1348 817 1411; x_wconf 76' lang='grc' dir='ltr'>τοὺς</span> <span class='ocrx_word' id='word_1_69' title='bbox 874 1355 972 1418; x_wconf 76' lang='grc' dir='ltr'>τῆς</span> <span class='ocrx_word' id='word_1_70' title='bbox 1036 1344 1322 1422; x_wconf 79' lang='grc' dir='ltr'>βασιλίδος</span> <span class='ocrx_word' id='word_1_71' title='bbox 1355 1349 1558 1416; x_wconf 73' lang='grc' dir='ltr'>’Ἀννης</span> <span class='ocrx_word' id='word_1_72' title='bbox 1616 1347 1851 1407; x_wconf 78' lang='grc' dir='ltr'>οἰκείους</span> <span class='ocrx_word' id='word_1_73' title='bbox 1898 1347 1971 1408; x_wconf 84' lang='grc' dir='ltr'>ὡς</span> 
     </span>
    </p>
   </div>
   <div class='ocr_carea' id='block_1_14' title="bbox 317 1433 1973 1512">
    <p class='ocr_par' dir='ltr' id='par_1_14' title="bbox 317 1433 1973 1512">
     <span class='ocr_line' id='line_1_14' title="bbox 317 1433 1973 1512; baseline -0.004 -18"><span class='ocrx_word' id='word_1_74' title='bbox 317 1439 552 1512; x_wconf 74' lang='grc' dir='ltr'>ἑτοίμως</span> <span class='ocrx_word' id='word_1_75' title='bbox 599 1436 687 1493; x_wconf 74' lang='grc' dir='ltr'><strong>διὰ</strong></span> <span class='ocrx_word' id='word_1_76' title='bbox 737 1438 938 1508; x_wconf 86' lang='grc' dir='ltr'>ταύτην</span> <span class='ocrx_word' id='word_1_77' title='bbox 987 1437 1267 1498; x_wconf 87' lang='grc' dir='ltr'>κάκείνους</span> <span class='ocrx_word' id='word_1_78' title='bbox 1314 1442 1431 1498; x_wconf 86' lang='grc' dir='ltr'>τοῖς</span> <span class='ocrx_word' id='word_1_79' title='bbox 1484 1433 1678 1497; x_wconf 77' lang='grc' dir='ltr'>ἄλλοις</span> <span class='ocrx_word' id='word_1_80' title='bbox 1727 1436 1973 1510; x_wconf 73' lang='grc' dir='ltr'>σύνεξορο</span> 
     </span>
    </p>
   </div>
   <div class='ocr_carea' id='block_1_15' title="bbox 320 1525 1973 1602">
    <p class='ocr_par' dir='ltr' id='par_1_15' title="bbox 320 1525 1973 1602">
     <span class='ocr_line' id='line_1_15' title="bbox 320 1525 1973 1602; baseline -0.004 -18"><span class='ocrx_word' id='word_1_81' title='bbox 320 1531 614 1601; x_wconf 75' lang='grc' dir='ltr'>μήσοντας.</span> <span class='ocrx_word' id='word_1_82' title='bbox 657 1527 721 1584; x_wconf 85' lang='grc' dir='ltr'><strong>Εἰ</strong></span> <span class='ocrx_word' id='word_1_83' title='bbox 770 1525 828 1581; x_wconf 82' lang='grc' dir='ltr'>δέ</span> <span class='ocrx_word' id='word_1_84' title='bbox 882 1548 933 1582; x_wconf 90' lang='grc' dir='ltr'><strong>τι</strong></span> <span class='ocrx_word' id='word_1_85' title='bbox 966 1526 1516 1602; x_wconf 81' lang='grc' dir='ltr'>προμηθευσαίμεθα,</span> <span class='ocrx_word' id='word_1_86' title='bbox 1543 1531 1794 1600; x_wconf 85' lang='grc' dir='ltr'>κρεῖττον</span> <span class='ocrx_word' id='word_1_87' title='bbox 1855 1546 1973 1580; x_wconf 83' lang='grc' dir='ltr'>και-</span> 
     </span>
    </p>
   </div>
   <div class='ocr_carea' id='block_1_16' title="bbox 316 1613 1972 1694">
    <p class='ocr_par' dir='ltr' id='par_1_16' title="bbox 316 1613 1972 1694">
     <span class='ocr_line' id='line_1_16' title="bbox 316 1613 1972 1694; baseline -0.004 -21"><span class='ocrx_word' id='word_1_88' title='bbox 316 1619 406 1694; x_wconf 87' lang='grc' dir='ltr'>ρὸν</span> <span class='ocrx_word' id='word_1_89' title='bbox 465 1615 711 1693; x_wconf 82' lang='grc' dir='ltr'>ἔχοντες,</span> <span class='ocrx_word' id='word_1_90' title='bbox 745 1619 819 1688; x_wconf 79' lang='grc' dir='ltr'>μὴ</span> <span class='ocrx_word' id='word_1_91' title='bbox 887 1615 1052 1689; x_wconf 84' lang='grc' dir='ltr'>μόνον</span> <span class='ocrx_word' id='word_1_92' title='bbox 1105 1615 1338 1690; x_wconf 79' lang='grc' dir='ltr'>ἐχθροὺς</span> <span class='ocrx_word' id='word_1_93' title='bbox 1382 1614 1645 1684; x_wconf 84' lang='grc' dir='ltr'>ἐκείνους,</span> <span class='ocrx_word' id='word_1_94' title='bbox 1683 1614 1827 1670; x_wconf 85' lang='grc' dir='ltr'><strong>ἀλΛά</strong></span> <span class='ocrx_word' id='word_1_95' title='bbox 1883 1613 1972 1668; x_wconf 84' lang='grc' dir='ltr'><strong>καὶ</strong></span> 
     </span>
    </p>
   </div>
   <div class='ocr_carea' id='block_1_17' title="bbox 317 1702 1973 1785">
    <p class='ocr_par' dir='ltr' id='par_1_17' title="bbox 317 1702 1973 1785">
     <span class='ocr_line' id='line_1_17' title="bbox 317 1702 1973 1785; baseline -0.002 -23"><span class='ocrx_word' id='word_1_96' title='bbox 317 1706 514 1785; x_wconf 85' lang='grc' dir='ltr'>φίλους</span> <span class='ocrx_word' id='word_1_97' title='bbox 575 1708 838 1782; x_wconf 82' lang='grc' dir='ltr'>γενέσθαι,</span> <span class='ocrx_word' id='word_1_98' title='bbox 901 1703 1256 1777; x_wconf 66' lang='grc' dir='ltr'>αἰδουμένους</span> <span class='ocrx_word' id='word_1_99' title='bbox 1313 1704 1376 1758; x_wconf 87' lang='grc' dir='ltr'>τὸ</span> <span class='ocrx_word' id='word_1_100' title='bbox 1457 1702 1652 1774; x_wconf 70' lang='grc' dir='ltr'>κῆδος,</span> <span class='ocrx_word' id='word_1_101' title='bbox 1709 1703 1798 1757; x_wconf 77' lang='grc' dir='ltr'><strong>καὶ</strong></span> <span class='ocrx_word' id='word_1_102' title='bbox 1855 1704 1973 1758; x_wconf 83' lang='grc' dir='ltr'>κατ’</span> 
     </span>
    </p>
   </div>
   <div class='ocr_carea' id='block_1_18' title="bbox 321 1792 1971 1873">
    <p class='ocr_par' dir='ltr' id='par_1_18' title="bbox 321 1792 1971 1873">
     <span class='ocr_line' id='line_1_18' title="bbox 321 1792 1971 1873; baseline -0.004 -20"><span class='ocrx_word' id='word_1_103' title='bbox 321 1798 659 1873; x_wconf 77' lang='grc' dir='ltr'>ἀγχιστείαν,</span> <span class='ocrx_word' id='word_1_104' title='bbox 719 1795 769 1851; x_wconf 77' lang='grc' dir='ltr'>εἷ’</span> <span class='ocrx_word' id='word_1_105' title='bbox 826 1796 1207 1867; x_wconf 67' lang='grc' dir='ltr'>συνοικίσομεν</span> <span class='ocrx_word' id='word_1_106' title='bbox 1262 1794 1472 1855; x_wconf 69' lang='grc' dir='ltr'>ἑαυτοῖς</span> <span class='ocrx_word' id='word_1_107' title='bbox 1558 1795 1657 1861; x_wconf 75' lang='grc' dir='ltr'>τὴν</span> <span class='ocrx_word' id='word_1_108' title='bbox 1729 1792 1971 1860; x_wconf 81' lang='grc' dir='ltr'>ἐκείνων,</span> 
     </span>
    </p>
   </div>
   <div class='ocr_carea' id='block_1_19' title="bbox 1617 417 2421 476">
    <p class='ocr_par' dir='ltr' id='par_1_19' title="bbox 1617 417 2421 476">
     <span class='ocr_line' id='line_1_19' title="bbox 1617 417 2421 476; baseline 0.001 -3"><span class='ocrx_word' id='word_1_109' title='bbox 1617 417 1917 476; x_wconf 82' lang='lat' dir='ltr'><strong>GEORGII</strong></span> <span class='ocrx_word' id='word_1_110' title='bbox 1957 418 2421 474; x_wconf 73' lang='lat' dir='ltr'><strong>PACHYMEBE</strong></span> 
     </span>
    </p>
   </div>
   <div class='ocr_carea' id='block_1_20' title="bbox 1674 539 3757 620">
    <p class='ocr_par' dir='ltr' id='par_1_20' title="bbox 1674 539 3757 620">
     <span class='ocr_line' id='line_1_20' title="bbox 1674 539 3757 620; baseline 0 -23"><span class='ocrx_word' id='word_1_111' title='bbox 1674 541 1915 618; x_wconf 68' lang='grc' dir='ltr'>ἀντέχειν</span> <span class='ocrx_word' id='word_1_112' title='bbox 1945 584 1958 612; x_wconf 94' lang='grc'><strong>,</strong></span> <span class='ocrx_word' id='word_1_113' title='bbox 1991 553 2046 620; x_wconf 69' lang='grc' dir='ltr'><strong>Α</strong></span> <span class='ocrx_word' id='word_1_114' title='bbox 2075 542 2166 597; x_wconf 88' lang='grc' dir='ltr'>τὸν</span> <span class='ocrx_word' id='word_1_115' title='bbox 2199 541 2487 615; x_wconf 81' lang='grc' dir='ltr'>Μανουήλ,</span> <span class='ocrx_word' id='word_1_116' title='bbox 2522 543 2635 598; x_wconf 80' lang='grc' dir='ltr'>εἶτα</span> <span class='ocrx_word' id='word_1_117' title='bbox 2667 539 2725 598; x_wconf 81' lang='grc' dir='ltr'><strong>δὲ</strong></span> <span class='ocrx_word' id='word_1_118' title='bbox 2781 543 2871 598; x_wconf 81' lang='grc' dir='ltr'><strong>καὶ</strong></span> <span class='ocrx_word' id='word_1_119' title='bbox 2927 543 3020 598; x_wconf 85' lang='grc' dir='ltr'>τὸν</span> <span class='ocrx_word' id='word_1_120' title='bbox 3072 542 3334 616; x_wconf 80' lang='grc' dir='ltr'>περιόντα</span> <span class='ocrx_word' id='word_1_121' title='bbox 3365 539 3757 617; x_wconf 75' lang='grc' dir='ltr'><strong>Ἀνδρόνικον⁹</strong></span> 
     </span>
    </p>
   </div>
   <div class='ocr_carea' id='block_1_21' title="bbox 3628 415 3742 472">
    <p class='ocr_par' dir='ltr' id='par_1_21' title="bbox 3628 415 3742 472">
     <span class='ocr_line' id='line_1_21' title="bbox 3628 415 3742 472; baseline -0.009 0"><span class='ocrx_word' id='word_1_122' title='bbox 3628 415 3742 472; x_wconf 76' lang='grc'><strong>624</strong></span> 
     </span>
    </p>
   </div>
   <div class='ocr_carea' id='block_1_22' title="bbox 2079 631 3744 710">
    <p class='ocr_par' dir='ltr' id='par_1_22' title="bbox 2079 631 3744 710">
     <span class='ocr_line' id='line_1_22' title="bbox 2079 631 3744 710; baseline 0.001 -24"><span class='ocrx_word' id='word_1_123' title='bbox 2079 632 2136 686; x_wconf 79' lang='grc' dir='ltr'><strong>’ὸν</strong></span> <span class='ocrx_word' id='word_1_124' title='bbox 2201 631 2502 707; x_wconf 83' lang='grc' dir='ltr'>βασιλικῶς</span> <span class='ocrx_word' id='word_1_125' title='bbox 2551 634 2578 688; x_wconf 98' lang='lat'><strong>6</strong></span> <span class='ocrx_word' id='word_1_126' title='bbox 2627 634 2808 709; x_wconf 77' lang='grc' dir='ltr'>πατὴρ</span> <span class='ocrx_word' id='word_1_127' title='bbox 2866 635 3076 710; x_wconf 81' lang='grc' dir='ltr'>τρέφοι,</span> <span class='ocrx_word' id='word_1_128' title='bbox 3110 634 3200 688; x_wconf 88' lang='grc' dir='ltr'><strong>καὶ</strong></span> <span class='ocrx_word' id='word_1_129' title='bbox 3251 632 3439 707; x_wconf 88' lang='grc' dir='ltr'>τρίτον</span> <span class='ocrx_word' id='word_1_130' title='bbox 3497 634 3590 688; x_wconf 87' lang='grc' dir='ltr'><strong>τὸν</strong></span> <span class='ocrx_word' id='word_1_131' title='bbox 3649 632 3744 688; x_wconf 73' lang='grc' dir='ltr'><strong>ἐπὶ</strong></span> 
     </span>
    </p>
   </div>
   <div class='ocr_carea' id='block_1_23' title="bbox 2078 721 3741 801">
    <p class='ocr_par' dir='ltr' id='par_1_23' title="bbox 2078 721 3741 801">
     <span class='ocr_line' id='line_1_23' title="bbox 2078 721 3741 801; baseline 0.001 -27"><span class='ocrx_word' id='word_1_132' title='bbox 2078 728 2176 790; x_wconf 78' lang='grc' dir='ltr'>τῆς</span> <span class='ocrx_word' id='word_1_133' title='bbox 2224 721 2440 785; x_wconf 86' lang='grc' dir='ltr'>πόλεως</span> <span class='ocrx_word' id='word_1_134' title='bbox 2487 722 2814 797; x_wconf 78' lang='grc' dir='ltr'>γεννηθέντα</span> <span class='ocrx_word' id='word_1_135' title='bbox 2863 723 2955 778; x_wconf 87' lang='grc' dir='ltr'>τὸν</span> <span class='ocrx_word' id='word_1_136' title='bbox 3005 722 3529 801; x_wconf 80' lang='grc' dir='ltr'>ΙΙορφυρογέννητον</span> <span class='ocrx_word' id='word_1_137' title='bbox 3588 730 3741 777; x_wconf 81' lang='grc' dir='ltr'>Κων-</span> 
     </span>
    </p>
   </div>
   <div class='ocr_carea' id='block_1_24' title="bbox 2081 811 3744 891">
    <p class='ocr_par' dir='ltr' id='par_1_24' title="bbox 2081 811 3744 891">
     <span class='ocr_line' id='line_1_24' title="bbox 2081 811 3744 891; baseline 0.002 -28"><span class='ocrx_word' id='word_1_138' title='bbox 2081 817 2382 882; x_wconf 85' lang='grc' dir='ltr'>σταντῖνον,</span> <span class='ocrx_word' id='word_1_139' title='bbox 2439 816 2664 866; x_wconf 75' lang='grc' dir='ltr'>τοιαῦτα</span> <span class='ocrx_word' id='word_1_140' title='bbox 2736 812 2900 876; x_wconf 76' lang='grc' dir='ltr'>πάθοι</span> <span class='ocrx_word' id='word_1_141' title='bbox 2953 811 3365 891; x_wconf 66' lang='grc' dir='ltr'>ἀπολειφθεῖσα,</span> <span class='ocrx_word' id='word_1_142' title='bbox 3417 814 3744 888; x_wconf 81' lang='grc' dir='ltr'>στερηθεῖσα</span> 
     </span>
    </p>
   </div>
   <div class='ocr_carea' id='block_1_25' title="bbox 2087 897 3747 976">
    <p class='ocr_par' dir='ltr' id='par_1_25' title="bbox 2087 897 3747 976">
     <span class='ocr_line' id='line_1_25' title="bbox 2087 897 3747 976; baseline 0.003 -25"><span class='ocrx_word' id='word_1_143' title='bbox 2087 899 2179 970; x_wconf 77' lang='grc' dir='ltr'><strong>μὲν</strong></span> <span class='ocrx_word' id='word_1_144' title='bbox 2233 903 2330 953; x_wconf 75' lang='grc' dir='ltr'><strong>τοῦ</strong></span> <span class='ocrx_word' id='word_1_145' title='bbox 2388 897 2603 974; x_wconf 79' lang='grc' dir='ltr'>ἀνδρὸς,</span> <span class='ocrx_word' id='word_1_146' title='bbox 2651 903 2969 974; x_wconf 85' lang='grc' dir='ltr'>στερηθεῖσα</span> <span class='ocrx_word' id='word_1_147' title='bbox 3017 899 3074 957; x_wconf 75' lang='grc' dir='ltr'><strong>δὲ</strong></span> <span class='ocrx_word' id='word_1_148' title='bbox 3127 902 3218 956; x_wconf 87' lang='grc' dir='ltr'><strong>καὶ</strong></span> <span class='ocrx_word' id='word_1_149' title='bbox 3276 909 3376 972; x_wconf 79' lang='grc' dir='ltr'>τῆς</span> <span class='ocrx_word' id='word_1_150' title='bbox 3429 901 3747 976; x_wconf 78' lang='grc' dir='ltr'>βασιλείας,</span> 
     </span>
    </p>
   </div>
   <div class='ocr_carea' id='block_1_26' title="bbox 2080 987 3744 1066">
    <p class='ocr_par' dir='ltr' id='par_1_26' title="bbox 2080 987 3744 1066">
     <span class='ocr_line' id='line_1_26' title="bbox 2080 987 3744 1066; baseline 0.005 -26"><span class='ocrx_word' id='word_1_151' title='bbox 2080 988 2167 1041; x_wconf 84' lang='grc' dir='ltr'><strong>καὶ</strong></span> <span class='ocrx_word' id='word_1_152' title='bbox 2242 987 2419 1058; x_wconf 79' lang='grc' dir='ltr'>πάσης</span> <span class='ocrx_word' id='word_1_153' title='bbox 2504 988 2885 1066; x_wconf 79' lang='grc' dir='ltr'>ἀπερῥιμμένη</span> <span class='ocrx_word' id='word_1_154' title='bbox 2943 998 3134 1065; x_wconf 80' lang='grc' dir='ltr'>τιμῆς,</span> <span class='ocrx_word' id='word_1_155' title='bbox 3183 992 3282 1059; x_wconf 79' lang='grc' dir='ltr'>τὴν</span> <span class='ocrx_word' id='word_1_156' title='bbox 3345 989 3391 1045; x_wconf 81' lang='grc' dir='ltr'><strong>δ’</strong></span> <span class='ocrx_word' id='word_1_157' title='bbox 3445 991 3744 1060; x_wconf 82' lang='grc' dir='ltr'>ἀντίζηλον</span> 
     </span>
    </p>
   </div>
   <div class='ocr_carea' id='block_1_27' title="bbox 2081 1076 3741 1155">
    <p class='ocr_par' dir='ltr' id='par_1_27' title="bbox 2081 1076 3741 1155">
     <span class='ocr_line' id='line_1_27' title="bbox 2081 1076 3741 1155; baseline 0.003 -25"><span class='ocrx_word' id='word_1_158' title='bbox 2081 1077 2170 1130; x_wconf 77' lang='grc' dir='ltr'><strong>ἐπὶ</strong></span> <span class='ocrx_word' id='word_1_159' title='bbox 2199 1082 2295 1132; x_wconf 72' lang='grc' dir='ltr'>τοῦ</span> <span class='ocrx_word' id='word_1_160' title='bbox 2329 1078 2524 1153; x_wconf 85' lang='grc' dir='ltr'>θρόνου</span> <span class='ocrx_word' id='word_1_161' title='bbox 2573 1087 2673 1150; x_wconf 80' lang='grc' dir='ltr'>τῆς</span> <span class='ocrx_word' id='word_1_162' title='bbox 2735 1079 3016 1155; x_wconf 81' lang='grc' dir='ltr'>βασιλείας</span> <span class='ocrx_word' id='word_1_163' title='bbox 3058 1083 3238 1153; x_wconf 79' lang='grc' dir='ltr'>ὁρῶσα</span> <span class='ocrx_word' id='word_1_164' title='bbox 3296 1076 3741 1154; x_wconf 76' lang='grc' dir='ltr'>συμϐασιλεύου-</span> 
     </span>
    </p>
   </div>
   <div class='ocr_carea' id='block_1_28' title="bbox 2083 1166 3746 1246">
    <p class='ocr_par' dir='ltr' id='par_1_28' title="bbox 2083 1166 3746 1246">
     <span class='ocr_line' id='line_1_28' title="bbox 2083 1166 3746 1246; baseline 0.003 -26"><span class='ocrx_word' id='word_1_165' title='bbox 2083 1188 2175 1220; x_wconf 86' lang='grc' dir='ltr'><strong>σαν</strong></span> <span class='ocrx_word' id='word_1_166' title='bbox 2235 1171 2314 1238; x_wconf 82' lang='grc' dir='ltr'>τῷ</span> <span class='ocrx_word' id='word_1_167' title='bbox 2373 1166 2545 1242; x_wconf 82' lang='grc' dir='ltr'>ἀνδρί.</span> <span class='ocrx_word' id='word_1_168' title='bbox 2580 1171 2739 1225; x_wconf 85' lang='grc' dir='ltr'>’ΌΟεν</span> <span class='ocrx_word' id='word_1_169' title='bbox 2793 1171 2882 1225; x_wconf 88' lang='grc' dir='ltr'><strong>καὶ</strong></span> <span class='ocrx_word' id='word_1_170' title='bbox 2926 1172 3062 1245; x_wconf 83' lang='grc' dir='ltr'>πρὸς</span> <span class='ocrx_word' id='word_1_171' title='bbox 3093 1171 3185 1226; x_wconf 88' lang='grc' dir='ltr'><strong>τὸν</strong></span> <span class='ocrx_word' id='word_1_172' title='bbox 3214 1172 3566 1246; x_wconf 81' lang='grc' dir='ltr'>πατριάρχην</span> <span class='ocrx_word' id='word_1_173' title='bbox 3600 1169 3746 1244; x_wconf 82' lang='grc' dir='ltr'>πέμ-</span> 
     </span>
    </p>
   </div>
   <div class='ocr_carea' id='block_1_29' title="bbox 2081 1256 3748 1339">
    <p class='ocr_par' dir='ltr' id='par_1_29' title="bbox 2081 1256 3748 1339">
     <span class='ocr_line' id='line_1_29' title="bbox 2081 1256 3748 1339; baseline 0.002 -29"><span class='ocrx_word' id='word_1_174' title='bbox 2081 1260 2226 1329; x_wconf 82' lang='grc' dir='ltr'>ψασα</span> <span class='ocrx_word' id='word_1_175' title='bbox 2284 1256 2509 1312; x_wconf 64' lang='grc' dir='ltr'>ἱκετεύει</span> <span class='ocrx_word' id='word_1_176' title='bbox 2567 1259 2824 1330; x_wconf 80' lang='grc' dir='ltr'>τοιαύτην</span> <span class='ocrx_word' id='word_1_177' title='bbox 2887 1260 3168 1339; x_wconf 70' lang='grc' dir='ltr'>συμφορὰν</span> <span class='ocrx_word' id='word_1_178' title='bbox 3259 1261 3458 1333; x_wconf 74' lang='grc' dir='ltr'>ἀμῦναι</span> <span class='ocrx_word' id='word_1_179' title='bbox 3545 1259 3748 1333; x_wconf 79' lang='grc' dir='ltr'>ταύτῃ,</span> 
     </span>
    </p>
   </div>
   <div class='ocr_carea' id='block_1_30' title="bbox 2080 1346 3751 1425">
    <p class='ocr_par' dir='ltr' id='par_1_30' title="bbox 2080 1346 3751 1425">
     <span class='ocr_line' id='line_1_30' title="bbox 2080 1346 3751 1425; baseline 0.002 -25"><span class='ocrx_word' id='word_1_180' title='bbox 2080 1347 2168 1400; x_wconf 85' lang='grc' dir='ltr'><strong>καὶ</strong></span> <span class='ocrx_word' id='word_1_181' title='bbox 2228 1346 2411 1418; x_wconf 81' lang='grc' dir='ltr'>νόμων</span> <span class='ocrx_word' id='word_1_182' title='bbox 2467 1347 2622 1402; x_wconf 84' lang='grc' dir='ltr'>Θείων</span> <span class='ocrx_word' id='word_1_183' title='bbox 2683 1349 3022 1425; x_wconf 81' lang='grc' dir='ltr'>ὑπερμαχεῖν</span> <span class='ocrx_word' id='word_1_184' title='bbox 3075 1349 3237 1420; x_wconf 80' lang='grc' dir='ltr'>ἀξιοῖ.</span> <span class='ocrx_word' id='word_1_185' title='bbox 3277 1356 3371 1411; x_wconf 79' lang='grc' dir='ltr'>⁸ος</span> <span class='ocrx_word' id='word_1_186' title='bbox 3429 1347 3496 1418; x_wconf 78' lang='grc' dir='ltr'>δὴ</span> <span class='ocrx_word' id='word_1_187' title='bbox 3560 1349 3751 1421; x_wconf 85' lang='grc' dir='ltr'>μαθὼν</span> 
     </span>
    </p>
   </div>
   <div class='ocr_carea' id='block_1_31' title="bbox 2080 1435 3745 1514">
    <p class='ocr_par' dir='ltr' id='par_1_31' title="bbox 2080 1435 3745 1514">
     <span class='ocr_line' id='line_1_31' title="bbox 2080 1435 3745 1514; baseline 0.002 -25"><span class='ocrx_word' id='word_1_188' title='bbox 2080 1435 2169 1489; x_wconf 80' lang='grc' dir='ltr'><strong>καὶ</strong></span> <span class='ocrx_word' id='word_1_189' title='bbox 2229 1435 2518 1508; x_wconf 74' lang='grc' dir='ltr'>ἀγάμενος,</span> <span class='ocrx_word' id='word_1_190' title='bbox 2572 1437 2617 1490; x_wconf 83' lang='grc' dir='ltr'>εἰ</span> <span class='ocrx_word' id='word_1_191' title='bbox 2676 1439 2949 1500; x_wconf 83' lang='grc' dir='ltr'>τοιούτοις</span> <span class='ocrx_word' id='word_1_192' title='bbox 3024 1438 3338 1514; x_wconf 82' lang='grc' dir='ltr'>ἐπιχειροίη</span> <span class='ocrx_word' id='word_1_193' title='bbox 3390 1439 3418 1492; x_wconf 91' lang='lat'><strong>6</strong></span> <span class='ocrx_word' id='word_1_194' title='bbox 3481 1437 3745 1514; x_wconf 77' lang='grc' dir='ltr'>βασιλεὺς</span> 
     </span>
    </p>
   </div>
   <div class='ocr_carea' id='block_1_32' title="bbox 2082 1523 3740 1597">
    <p class='ocr_par' dir='ltr' id='par_1_32' title="bbox 2082 1523 3740 1597">
     <span class='ocr_line' id='line_1_32' title="bbox 2082 1523 3740 1597; baseline 0.002 -18"><span class='ocrx_word' id='word_1_195' title='bbox 2082 1524 2170 1579; x_wconf 79' lang='grc' dir='ltr'><strong>καί</strong></span> <span class='ocrx_word' id='word_1_196' title='bbox 2204 1523 2396 1595; x_wconf 81' lang='grc' dir='ltr'>ἀνέδην</span> <span class='ocrx_word' id='word_1_197' title='bbox 2438 1530 2543 1580; x_wconf 77' lang='grc' dir='ltr'>τῶν</span> <span class='ocrx_word' id='word_1_198' title='bbox 2586 1525 2817 1591; x_wconf 85' lang='grc' dir='ltr'>ἀθίκτων</span> <span class='ocrx_word' id='word_1_199' title='bbox 2873 1530 3118 1597; x_wconf 81' lang='grc' dir='ltr'>ἅπτεται,</span> <span class='ocrx_word' id='word_1_200' title='bbox 3152 1529 3227 1590; x_wconf 84' lang='grc' dir='ltr'>ὡς</span> <span class='ocrx_word' id='word_1_201' title='bbox 3283 1528 3374 1583; x_wconf 89' lang='grc' dir='ltr'><strong>καὶ</strong></span> <span class='ocrx_word' id='word_1_202' title='bbox 3429 1527 3559 1590; x_wconf 80' lang='grc' dir='ltr'>τοὺς</span> <span class='ocrx_word' id='word_1_203' title='bbox 3616 1548 3740 1582; x_wconf 80' lang='grc' dir='ltr'>κει-</span> 
     </span>
    </p>
   </div>
   <div class='ocr_carea' id='block_1_33' title="bbox 2087 1613 3737 1686">
    <p class='ocr_par' dir='ltr' id='par_1_33' title="bbox 2087 1613 3737 1686">
     <span class='ocr_line' id='line_1_33' title="bbox 2087 1613 3737 1686; baseline 0.002 -19"><span class='ocrx_word' id='word_1_204' title='bbox 2087 1613 2281 1684; x_wconf 84' lang='grc' dir='ltr'>μένους</span> <span class='ocrx_word' id='word_1_205' title='bbox 2339 1614 2540 1686; x_wconf 83' lang='grc' dir='ltr'>νόμους</span> <span class='ocrx_word' id='word_1_206' title='bbox 2592 1615 2802 1672; x_wconf 64' lang='grc' dir='ltr'>ἐθέλειν</span> <span class='ocrx_word' id='word_1_207' title='bbox 2853 1623 3206 1686; x_wconf 85' lang='grc' dir='ltr'>καταπατεῖν,</span> <span class='ocrx_word' id='word_1_208' title='bbox 3256 1618 3419 1679; x_wconf 83' lang='grc' dir='ltr'>αὐτὸς</span> <span class='ocrx_word' id='word_1_209' title='bbox 3473 1622 3737 1680; x_wconf 69' lang='grc' dir='ltr'>τοιοῦτος</span> 
     </span>
    </p>
   </div>
   <div class='ocr_carea' id='block_1_34' title="bbox 2087 1704 3737 1782">
    <p class='ocr_par' dir='ltr' id='par_1_34' title="bbox 2087 1704 3737 1782">
     <span class='ocr_line' id='line_1_34' title="bbox 2087 1704 3737 1782; baseline 0.003 -25"><span class='ocrx_word' id='word_1_210' title='bbox 2087 1705 2161 1775; x_wconf 79' lang='grc' dir='ltr'>μή</span> <span class='ocrx_word' id='word_1_211' title='bbox 2196 1704 2558 1777; x_wconf 79' lang='grc' dir='ltr'>νομιζόμενος</span> <span class='ocrx_word' id='word_1_212' title='bbox 2590 1709 2872 1782; x_wconf 71' lang='grc' dir='ltr'>πρότερον,</span> <span class='ocrx_word' id='word_1_213' title='bbox 2908 1705 3057 1762; x_wconf 85' lang='grc' dir='ltr'>δεινά</span> <span class='ocrx_word' id='word_1_214' title='bbox 3085 1707 3258 1763; x_wconf 82' lang='grc' dir='ltr'>ἐποίει</span> <span class='ocrx_word' id='word_1_215' title='bbox 3301 1708 3391 1763; x_wconf 83' lang='grc' dir='ltr'><strong>καί</strong></span> <span class='ocrx_word' id='word_1_216' title='bbox 3448 1704 3737 1779; x_wconf 75' lang='grc' dir='ltr'>διεμήνυε,</span> 
     </span>
    </p>
   </div>
   <div class='ocr_carea' id='block_1_35' title="bbox 2079 1793 3742 1870">
    <p class='ocr_par' dir='ltr' id='par_1_35' title="bbox 2079 1793 3742 1870">
     <span class='ocr_line' id='line_1_35' title="bbox 2079 1793 3742 1870; baseline 0.002 -24"><span class='ocrx_word' id='word_1_217' title='bbox 2079 1793 2140 1847; x_wconf 89' lang='grc' dir='ltr'>τὸ</span> <span class='ocrx_word' id='word_1_218' title='bbox 2176 1794 2270 1865; x_wconf 76' lang='grc' dir='ltr'><strong>μὲν</strong></span> <span class='ocrx_word' id='word_1_219' title='bbox 2304 1793 2601 1863; x_wconf 81' lang='grc' dir='ltr'>ὀνειδίζων,</span> <span class='ocrx_word' id='word_1_220' title='bbox 2633 1797 2694 1850; x_wconf 87' lang='grc' dir='ltr'>τὸ</span> <span class='ocrx_word' id='word_1_221' title='bbox 2743 1794 2788 1850; x_wconf 83' lang='grc' dir='ltr'>δ’</span> <span class='ocrx_word' id='word_1_222' title='bbox 2820 1796 3070 1852; x_wconf 81' lang='grc' dir='ltr'>ἐπισείων</span> <span class='ocrx_word' id='word_1_223' title='bbox 3127 1797 3316 1870; x_wconf 86' lang='grc' dir='ltr'>ἐκείνῳ</span> <span class='ocrx_word' id='word_1_224' title='bbox 3373 1798 3464 1851; x_wconf 85' lang='grc' dir='ltr'><strong>καὶ</strong></span> <span class='ocrx_word' id='word_1_225' title='bbox 3523 1798 3622 1864; x_wconf 83' lang='grc' dir='ltr'>τήν</span> <span class='ocrx_word' id='word_1_226' title='bbox 3682 1797 3742 1850; x_wconf 90' lang='grc' dir='ltr'><strong>ἐκ</strong></span> 
     </span>
    </p>
   </div>
   <div class='ocr_carea' id='block_1_36' title="bbox 322 1881 3736 1988">
    <p class='ocr_par' dir='ltr' id='par_1_36' title="bbox 322 1881 3736 1988">
     <span class='ocr_line' id='line_1_36' title="bbox 322 1881 3736 1988; baseline -0.001 -46"><span class='ocrx_word' id='word_1_227' title='bbox 322 1889 540 1948; x_wconf 71' lang='grc' dir='ltr'>οἰκείως</span> <span class='ocrx_word' id='word_1_228' title='bbox 599 1888 736 1960; x_wconf 88' lang='grc' dir='ltr'>πρὸς</span> <span class='ocrx_word' id='word_1_229' title='bbox 792 1888 938 1954; x_wconf 75' lang='grc' dir='ltr'>ἡμᾶς</span> <span class='ocrx_word' id='word_1_230' title='bbox 1009 1881 1262 1958; x_wconf 74' lang='grc' dir='ltr'>ἔχοντας.</span> <span class='ocrx_word' id='word_1_231' title='bbox 1318 1888 1494 1938; x_wconf 74' lang='grc' dir='ltr'>Ταῦτα</span> <span class='ocrx_word' id='word_1_232' title='bbox 1549 1887 1646 1937; x_wconf 77' lang='grc' dir='ltr'><strong>τοῦ</strong></span> <span class='ocrx_word' id='word_1_233' title='bbox 1708 1881 2050 1988; x_wconf 75' lang='grc' dir='ltr'><strong>βασιλέωςΒ</strong></span> <span class='ocrx_word' id='word_1_234' title='bbox 2083 1887 2214 1936; x_wconf 70' lang='grc' dir='ltr'>Θεοῦ</span> <span class='ocrx_word' id='word_1_235' title='bbox 2272 1883 2652 1958; x_wconf 77' lang='grc' dir='ltr'>ἀγανάκτησιν.</span> <span class='ocrx_word' id='word_1_236' title='bbox 2703 1888 2811 1947; x_wconf 71' lang='grc' dir='ltr'><strong>Τὰς</strong></span> <span class='ocrx_word' id='word_1_237' title='bbox 2869 1883 2926 1940; x_wconf 83' lang='grc' dir='ltr'>δέ</span> <span class='ocrx_word' id='word_1_238' title='bbox 2980 1907 3040 1960; x_wconf 87' lang='grc' dir='ltr'>γε</span> <span class='ocrx_word' id='word_1_239' title='bbox 3088 1885 3388 1960; x_wconf 73' lang='grc' dir='ltr'>προφάσεις</span> <span class='ocrx_word' id='word_1_240' title='bbox 3448 1884 3524 1948; x_wconf 86' lang='grc' dir='ltr'><strong>ὠς</strong></span> <span class='ocrx_word' id='word_1_241' title='bbox 3584 1885 3736 1939; x_wconf 78' lang='grc' dir='ltr'>ἱστὸν</span> 
     </span>
     <span class='ocr_line' id='line_1_37' title="bbox 328 1971 3711 1988; baseline 0 0"><span class='ocrx_word' id='word_1_242' title='bbox 328 1979 354 1988; x_wconf 59' lang='grc' dir='ltr'><strong><em>η</em></strong></span> <span class='ocrx_word' id='word_1_243' title='bbox 431 1976 449 1988; x_wconf 57' lang='grc' dir='ltr'><strong>ς</strong></span> <span class='ocrx_word' id='word_1_244' title='bbox 618 1977 626 1988; x_wconf 94' lang='grc'><em>.</em></span> <span class='ocrx_word' id='word_1_245' title='bbox 863 1975 876 1988; x_wconf 78' lang='lat'><strong>.</strong></span> <span class='ocrx_word' id='word_1_246' title='bbox 1199 1977 1226 1988; x_wconf 76' lang='lat'><strong>-</strong></span> <span class='ocrx_word' id='word_1_247' title='bbox 1317 1972 1372 1988; x_wconf 56' lang='grc' dir='ltr'><strong>κ,</strong></span> <span class='ocrx_word' id='word_1_248' title='bbox 1614 1971 1657 1988; x_wconf 72' lang='grc' dir='ltr'>,ν</span> <span class='ocrx_word' id='word_1_249' title='bbox 1759 1984 1773 1988; x_wconf 79' lang='lat'><strong>-</strong></span> <span class='ocrx_word' id='word_1_250' title='bbox 1914 1972 1927 1988; x_wconf 62' lang='grc' dir='ltr'><strong>ε</strong></span> <span class='ocrx_word' id='word_1_251' title='bbox 2095 1971 2180 1988; x_wconf 72' lang='grc' dir='ltr'>,ι</span> <span class='ocrx_word' id='word_1_252' title='bbox 2383 1971 2484 1988; x_wconf 54' lang='grc' dir='ltr'>κη</span> <span class='ocrx_word' id='word_1_253' title='bbox 2677 1976 2691 1988; x_wconf 81' lang='lat'><strong>.</strong></span> <span class='ocrx_word' id='word_1_254' title='bbox 2798 1977 2809 1988; x_wconf 58' lang='grc' dir='ltr'><strong>ι</strong></span> <span class='ocrx_word' id='word_1_255' title='bbox 2957 1972 3007 1988; x_wconf 72' lang='grc' dir='ltr'><strong>,ο</strong></span> <span class='ocrx_word' id='word_1_256' title='bbox 3167 1981 3189 1988; x_wconf 83' lang='lat'><strong><em>_</em></strong></span> <span class='ocrx_word' id='word_1_257' title='bbox 3395 1977 3407 1988; x_wconf 92' lang='lat'><strong>.</strong></span> <span class='ocrx_word' id='word_1_258' title='bbox 3482 1974 3554 1988; x_wconf 64' lang='grc' dir='ltr'>η.</span> <span class='ocrx_word' id='word_1_259' title='bbox 3701 1974 3711 1988; x_wconf 93' lang='grc'><strong><em>.</em></strong></span> 
     </span>
    </p>
   </div>
   <div class='ocr_carea' id='block_1_37' title="bbox 326 1971 1970 2053">
    <p class='ocr_par' dir='ltr' id='par_1_37' title="bbox 326 1971 1970 2053">
     <span class='ocr_line' id='line_1_38' title="bbox 326 1971 1970 2053; baseline -0.004 -20"><span class='ocrx_word' id='word_1_260' title='bbox 326 1976 729 2053; x_wconf 79' lang='grc' dir='ltr'>βουλευομένου</span> <span class='ocrx_word' id='word_1_261' title='bbox 788 1975 878 2029; x_wconf 77' lang='grc' dir='ltr'><strong>καὶ</strong></span> <span class='ocrx_word' id='word_1_262' title='bbox 939 1977 1268 2050; x_wconf 75' lang='grc' dir='ltr'>σοφιστικῶς</span> <span class='ocrx_word' id='word_1_263' title='bbox 1317 1972 1576 2047; x_wconf 87' lang='grc' dir='ltr'>λέγοντος</span> <span class='ocrx_word' id='word_1_264' title='bbox 1609 1971 1811 2045; x_wconf 82' lang='grc' dir='ltr'>(ἔπειθε</span> <span class='ocrx_word' id='word_1_265' title='bbox 1867 1972 1970 2045; x_wconf 77' lang='grc' dir='ltr'><strong>γὰρ</strong></span> 
     </span>
    </p>
   </div>
   <div class='ocr_carea' id='block_1_38' title="bbox 323 2059 1974 2140">
    <p class='ocr_par' dir='ltr' id='par_1_38' title="bbox 323 2059 1974 2140">
     <span class='ocr_line' id='line_1_39' title="bbox 323 2059 1974 2140; baseline -0.005 -18"><span class='ocrx_word' id='word_1_266' title='bbox 323 2069 351 2122; x_wconf 91' lang='lat'><strong>6</strong></span> <span class='ocrx_word' id='word_1_267' title='bbox 409 2064 637 2121; x_wconf 85' lang='grc' dir='ltr'>ἐκκαίων</span> <span class='ocrx_word' id='word_1_268' title='bbox 699 2062 986 2140; x_wconf 77' lang='grc' dir='ltr'>ἔρως,καὶ</span> <span class='ocrx_word' id='word_1_269' title='bbox 1049 2060 1263 2135; x_wconf 80' lang='grc' dir='ltr'>μᾶλλον</span> <span class='ocrx_word' id='word_1_270' title='bbox 1323 2062 1472 2135; x_wconf 81' lang='grc' dir='ltr'><strong>παρά</strong></span> <span class='ocrx_word' id='word_1_271' title='bbox 1524 2068 1624 2131; x_wconf 80' lang='grc' dir='ltr'><strong>τῆς</strong></span> <span class='ocrx_word' id='word_1_272' title='bbox 1681 2059 1974 2130; x_wconf 78' lang='grc' dir='ltr'>δεσποίνης</span> 
     </span>
    </p>
   </div>
   <div class='ocr_carea' id='block_1_39' title="bbox 320 2147 1974 2228">
    <p class='ocr_par' dir='ltr' id='par_1_39' title="bbox 320 2147 1974 2228">
     <span class='ocr_line' id='line_1_40' title="bbox 320 2147 1974 2228; baseline -0.005 -17"><span class='ocrx_word' id='word_1_273' title='bbox 320 2156 526 2223; x_wconf 76' lang='grc' dir='ltr'>’Λννης</span> <span class='ocrx_word' id='word_1_274' title='bbox 575 2151 1098 2228; x_wconf 74' lang='grc' dir='ltr'>περιφρονούμενος)</span> <span class='ocrx_word' id='word_1_275' title='bbox 1147 2152 1182 2219; x_wconf 84' lang='grc' dir='ltr'>ἡ</span> <span class='ocrx_word' id='word_1_276' title='bbox 1235 2148 1454 2224; x_wconf 84' lang='grc' dir='ltr'>βασιλὶς</span> <span class='ocrx_word' id='word_1_277' title='bbox 1497 2147 1753 2224; x_wconf 83' lang='grc' dir='ltr'>Θεοδώρα</span> <span class='ocrx_word' id='word_1_278' title='bbox 1807 2161 1974 2213; x_wconf 87' lang='grc' dir='ltr'>πυθο-</span> 
     </span>
    </p>
   </div>
   <div class='ocr_carea' id='block_1_40' title="bbox 325 2237 1973 2319">
    <p class='ocr_par' dir='ltr' id='par_1_40' title="bbox 325 2237 1973 2319">
     <span class='ocr_line' id='line_1_41' title="bbox 325 2237 1973 2319; baseline -0.005 -20"><span class='ocrx_word' id='word_1_279' title='bbox 325 2247 457 2317; x_wconf 82' lang='grc' dir='ltr'>μένη</span> <span class='ocrx_word' id='word_1_280' title='bbox 513 2243 772 2319; x_wconf 82' lang='grc' dir='ltr'>χαλεπῶς</span> <span class='ocrx_word' id='word_1_281' title='bbox 815 2243 955 2317; x_wconf 75' lang='grc' dir='ltr'>εἶχεν</span> <span class='ocrx_word' id='word_1_282' title='bbox 1008 2239 1236 2313; x_wconf 77' lang='grc' dir='ltr'>ἐνέγκαι,</span> <span class='ocrx_word' id='word_1_283' title='bbox 1267 2239 1316 2293; x_wconf 79' lang='grc' dir='ltr'><strong>εἲ</strong></span> <span class='ocrx_word' id='word_1_284' title='bbox 1365 2237 1620 2294; x_wconf 79' lang='grc' dir='ltr'>δέσποινα</span> <span class='ocrx_word' id='word_1_285' title='bbox 1669 2238 1973 2311; x_wconf 77' lang='grc' dir='ltr'>ἐστεμμένη</span> 
     </span>
    </p>
   </div>
   <div class='ocr_carea' id='block_1_41' title="bbox 321 2326 1979 2406">
    <p class='ocr_par' dir='ltr' id='par_1_41' title="bbox 321 2326 1979 2406">
     <span class='ocr_line' id='line_1_42' title="bbox 321 2326 1979 2406; baseline -0.003 -19"><span class='ocrx_word' id='word_1_286' title='bbox 321 2335 453 2388; x_wconf 74' lang='grc' dir='ltr'>οὖσα</span> <span class='ocrx_word' id='word_1_287' title='bbox 519 2332 608 2387; x_wconf 82' lang='grc' dir='ltr'><strong>καὶ</strong></span> <span class='ocrx_word' id='word_1_288' title='bbox 662 2331 860 2406; x_wconf 85' lang='grc' dir='ltr'>γνησία</span> <span class='ocrx_word' id='word_1_289' title='bbox 918 2331 1080 2406; x_wconf 78' lang='grc' dir='ltr'>γυνὴ,</span> <span class='ocrx_word' id='word_1_290' title='bbox 1143 2331 1229 2384; x_wconf 84' lang='grc' dir='ltr'>ὑπ’</span> <span class='ocrx_word' id='word_1_291' title='bbox 1290 2327 1445 2402; x_wconf 84' lang='grc' dir='ltr'>ἀνδρί</span> <span class='ocrx_word' id='word_1_292' title='bbox 1505 2351 1565 2383; x_wconf 88' lang='grc' dir='ltr'><strong>τε</strong></span> <span class='ocrx_word' id='word_1_293' title='bbox 1619 2333 1699 2400; x_wconf 78' lang='grc' dir='ltr'>τῷ</span> <span class='ocrx_word' id='word_1_294' title='bbox 1763 2326 1979 2404; x_wconf 84' lang='grc' dir='ltr'>βασιλεῖ</span> 
     </span>
    </p>
   </div>
   <div class='ocr_carea' id='block_1_42' title="bbox 318 2416 1975 2492">
    <p class='ocr_par' dir='ltr' id='par_1_42' title="bbox 318 2416 1975 2492">
     <span class='ocr_line' id='line_1_43' title="bbox 318 2416 1975 2492; baseline -0.003 -15"><span class='ocrx_word' id='word_1_295' title='bbox 318 2425 550 2478; x_wconf 79' lang='grc' dir='ltr'>τεκοῦσα</span> <span class='ocrx_word' id='word_1_296' title='bbox 580 2419 797 2492; x_wconf 84' lang='grc' dir='ltr'>παῖδας,</span> <span class='ocrx_word' id='word_1_297' title='bbox 825 2419 914 2474; x_wconf 89' lang='grc' dir='ltr'><strong>καὶ</strong></span> <span class='ocrx_word' id='word_1_298' title='bbox 947 2422 1163 2490; x_wconf 83' lang='grc' dir='ltr'>πρῶτον</span> <span class='ocrx_word' id='word_1_299' title='bbox 1221 2417 1315 2490; x_wconf 75' lang='grc' dir='ltr'>μὲν</span> <span class='ocrx_word' id='word_1_300' title='bbox 1365 2417 1740 2492; x_wconf 81' lang='grc' dir='ltr'>ἀποιχόμενον</span> <span class='ocrx_word' id='word_1_301' title='bbox 1805 2416 1975 2472; x_wconf 78' lang='grc' dir='ltr'>ἄλλον</span> 
     </span>
    </p>
   </div>
   <div class='ocr_carea' id='block_1_43' title="bbox 321 2614 1972 2697">
    <p class='ocr_par' dir='ltr' id='par_1_43' title="bbox 321 2614 1972 2697">
     <span class='ocr_line' id='line_1_44' title="bbox 321 2614 1972 2697; baseline -0.004 -18"><span class='ocrx_word' id='word_1_302' title='bbox 321 2627 486 2680; x_wconf 90' lang='lat' dir='ltr'><strong>rante</strong></span> <span class='ocrx_word' id='word_1_303' title='bbox 499 2621 790 2678; x_wconf 76' lang='lat' dir='ltr'><strong>sententia</strong></span> <span class='ocrx_word' id='word_1_304' title='bbox 806 2619 1182 2697; x_wconf 83' lang='lat' dir='ltr'><strong>potentiaque</strong></span> <span class='ocrx_word' id='word_1_305' title='bbox 1198 2614 1692 2674; x_wconf 77' lang='lat' dir='ltr'><strong>feracissimarum</strong></span> <span class='ocrx_word' id='word_1_306' title='bbox 1709 2616 1972 2689; x_wconf 90' lang='lat' dir='ltr'><strong>gentium</strong></span> 
     </span>
    </p>
   </div>
   <div class='ocr_carea' id='block_1_44' title="bbox 323 2707 1975 2786">
    <p class='ocr_par' dir='ltr' id='par_1_44' title="bbox 323 2707 1975 2786">
     <span class='ocr_line' id='line_1_45' title="bbox 323 2707 1975 2786; baseline -0.004 -20"><span class='ocrx_word' id='word_1_307' title='bbox 323 2711 798 2786; x_wconf 87' lang='lat' dir='ltr'><strong>potentissimam</strong></span> <span class='ocrx_word' id='word_1_308' title='bbox 830 2709 1101 2773; x_wconf 84' lang='lat' dir='ltr'><strong>classem,</strong></span> <span class='ocrx_word' id='word_1_309' title='bbox 1135 2707 1228 2762; x_wconf 91' lang='lat' dir='ltr'><strong>cui</strong></span> <span class='ocrx_word' id='word_1_310' title='bbox 1261 2708 1355 2762; x_wconf 85' lang='lat' dir='ltr'><strong>vix</strong></span> <span class='ocrx_word' id='word_1_311' title='bbox 1377 2707 1590 2763; x_wconf 79' lang='lat' dir='ltr'><strong>habeat</strong></span> <span class='ocrx_word' id='word_1_312' title='bbox 1619 2710 1975 2773; x_wconf 84' lang='lat' dir='ltr'><strong>Romanum,</strong></span> 
     </span>
    </p>
   </div>
   <div class='ocr_carea' id='block_1_45' title="bbox 323 2795 1975 2872">
    <p class='ocr_par' dir='ltr' id='par_1_45' title="bbox 323 2795 1975 2872">
     <span class='ocr_line' id='line_1_46' title="bbox 323 2795 1975 2872; baseline -0.004 -17"><span class='ocrx_word' id='word_1_313' title='bbox 323 2819 436 2872; x_wconf 91' lang='lat' dir='ltr'><strong>quo</strong></span> <span class='ocrx_word' id='word_1_314' title='bbox 467 2817 624 2857; x_wconf 89' lang='lat' dir='ltr'><strong>nunc</strong></span> <span class='ocrx_word' id='word_1_315' title='bbox 651 2805 809 2856; x_wconf 88' lang='lat' dir='ltr'><strong>statu</strong></span> <span class='ocrx_word' id='word_1_316' title='bbox 858 2803 968 2866; x_wconf 89' lang='lat' dir='ltr'><strong>est,</strong></span> <span class='ocrx_word' id='word_1_317' title='bbox 999 2797 1312 2869; x_wconf 89' lang='lat' dir='ltr'><strong>imperium</strong></span> <span class='ocrx_word' id='word_1_318' title='bbox 1346 2796 1488 2868; x_wconf 90' lang='lat' dir='ltr'><strong>quid</strong></span> <span class='ocrx_word' id='word_1_319' title='bbox 1543 2795 1689 2852; x_wconf 81' lang='lat' dir='ltr'><strong>satis</strong></span> <span class='ocrx_word' id='word_1_320' title='bbox 1718 2795 1975 2850; x_wconf 86' lang='lat' dir='ltr'><strong>validum</strong></span> 
     </span>
    </p>
   </div>
   <div class='ocr_carea' id='block_1_46' title="bbox 325 2884 1979 2962">
    <p class='ocr_par' dir='ltr' id='par_1_46' title="bbox 325 2884 1979 2962">
     <span class='ocr_line' id='line_1_47' title="bbox 325 2884 1979 2962; baseline -0.005 -16"><span class='ocrx_word' id='word_1_321' title='bbox 325 2894 604 2962; x_wconf 90' lang='lat' dir='ltr'><strong>opponat.</strong></span> <span class='ocrx_word' id='word_1_322' title='bbox 637 2894 835 2960; x_wconf 85' lang='lat' dir='ltr'><strong>Neque</strong></span> <span class='ocrx_word' id='word_1_323' title='bbox 865 2887 1156 2943; x_wconf 89' lang='lat' dir='ltr'><strong>maritimo</strong></span> <span class='ocrx_word' id='word_1_324' title='bbox 1181 2891 1466 2957; x_wconf 89' lang='lat' dir='ltr'><strong>apparatu</strong></span> <span class='ocrx_word' id='word_1_325' title='bbox 1490 2885 1644 2941; x_wconf 84' lang='lat' dir='ltr'><strong>haud</strong></span> <span class='ocrx_word' id='word_1_326' title='bbox 1670 2884 1847 2939; x_wconf 88' lang='lat' dir='ltr'><strong>dubie</strong></span> <span class='ocrx_word' id='word_1_327' title='bbox 1866 2884 1979 2937; x_wconf 84' lang='lat' dir='ltr'><strong>im-</strong></span> 
     </span>
    </p>
   </div>
   <div class='ocr_carea' id='block_1_47' title="bbox 325 2975 1978 3053">
    <p class='ocr_par' dir='ltr' id='par_1_47' title="bbox 325 2975 1978 3053">
     <span class='ocr_line' id='line_1_48' title="bbox 325 2975 1978 3053; baseline -0.004 -18"><span class='ocrx_word' id='word_1_328' title='bbox 325 2997 518 3053; x_wconf 89' lang='lat' dir='ltr'><strong>pares,</strong></span> <span class='ocrx_word' id='word_1_329' title='bbox 551 2979 928 3035; x_wconf 82' lang='lat' dir='ltr'><strong>terrestribus</strong></span> <span class='ocrx_word' id='word_1_330' title='bbox 959 2975 1168 3032; x_wconf 81' lang='lat' dir='ltr'><strong>saltem</strong></span> <span class='ocrx_word' id='word_1_331' title='bbox 1199 2975 1384 3047; x_wconf 82' lang='lat' dir='ltr'><strong>copiis</strong></span> <span class='ocrx_word' id='word_1_332' title='bbox 1414 2976 1594 3030; x_wconf 80' lang='lat' dir='ltr'><strong>ﬁdere</strong></span> <span class='ocrx_word' id='word_1_333' title='bbox 1636 2990 1978 3045; x_wconf 87' lang='lat' dir='ltr'><strong>possumus,</strong></span> 
     </span>
    </p>
   </div>
   <div class='ocr_carea' id='block_1_48' title="bbox 327 3062 1980 3140">
    <p class='ocr_par' dir='ltr' id='par_1_48' title="bbox 327 3062 1980 3140">
     <span class='ocr_line' id='line_1_49' title="bbox 327 3062 1980 3140; baseline -0.005 -16"><span class='ocrx_word' id='word_1_334' title='bbox 327 3069 545 3140; x_wconf 88' lang='lat' dir='ltr'><strong>quibus</strong></span> <span class='ocrx_word' id='word_1_335' title='bbox 577 3068 718 3121; x_wconf 90' lang='lat' dir='ltr'><strong>salis</strong></span> <span class='ocrx_word' id='word_1_336' title='bbox 761 3066 978 3137; x_wconf 82' lang='lat' dir='ltr'><strong>negotii</strong></span> <span class='ocrx_word' id='word_1_337' title='bbox 1039 3066 1329 3120; x_wconf 84' lang='lat' dir='ltr'><strong>facessent</strong></span> <span class='ocrx_word' id='word_1_338' title='bbox 1385 3069 1733 3134; x_wconf 81' lang='lat' dir='ltr'><strong>exurgentes</strong></span> <span class='ocrx_word' id='word_1_339' title='bbox 1783 3079 1812 3118; x_wconf 95' lang='lat' dir='ltr'>e</span> <span class='ocrx_word' id='word_1_340' title='bbox 1843 3062 1980 3117; x_wconf 88' lang='lat' dir='ltr'><strong>Bul-</strong></span> 
     </span>
    </p>
   </div>
   <div class='ocr_carea' id='block_1_49' title="bbox 326 3152 1979 3230">
    <p class='ocr_par' dir='ltr' id='par_1_49' title="bbox 326 3152 1979 3230">
     <span class='ocr_line' id='line_1_50' title="bbox 326 3152 1979 3230; baseline -0.004 -17"><span class='ocrx_word' id='word_1_341' title='bbox 326 3159 490 3230; x_wconf 88' lang='lat' dir='ltr'><strong>garia</strong></span> <span class='ocrx_word' id='word_1_342' title='bbox 519 3157 668 3212; x_wconf 78' lang='lat' dir='ltr'><strong>I83</strong></span> <span class='ocrx_word' id='word_1_343' title='bbox 704 3161 922 3224; x_wconf 88' lang='lat' dir='ltr'><strong>motus,</strong></span> <span class='ocrx_word' id='word_1_344' title='bbox 954 3156 1108 3210; x_wconf 89' lang='lat' dir='ltr'><strong>unde</strong></span> <span class='ocrx_word' id='word_1_345' title='bbox 1155 3153 1604 3209; x_wconf 88' lang='lat' dir='ltr'><strong>Constantinum</strong></span> <span class='ocrx_word' id='word_1_346' title='bbox 1656 3152 1979 3224; x_wconf 80' lang='lat' dir='ltr'><strong>principem</strong></span> 
     </span>
    </p>
   </div>
   <div class='ocr_carea' id='block_1_50' title="bbox 2083 1971 3748 2054">
    <p class='ocr_par' dir='ltr' id='par_1_50' title="bbox 2083 1971 3748 2054">
     <span class='ocr_line' id='line_1_51' title="bbox 2083 1971 3748 2054; baseline 0.002 -28"><span class='ocrx_word' id='word_1_347' title='bbox 2083 1971 2329 2046; x_wconf 75' lang='grc' dir='ltr'>ἀράχνης</span> <span class='ocrx_word' id='word_1_348' title='bbox 2380 1971 2562 2028; x_wconf 77' lang='grc' dir='ltr'>διέλυε</span> <span class='ocrx_word' id='word_1_349' title='bbox 2595 1994 2606 2006; x_wconf 91' lang='grc'><strong>·</strong></span> <span class='ocrx_word' id='word_1_350' title='bbox 2638 1976 2700 2029; x_wconf 86' lang='grc' dir='ltr'>τὸ</span> <span class='ocrx_word' id='word_1_351' title='bbox 2749 1977 2852 2050; x_wconf 87' lang='grc' dir='ltr'><strong>γάρ</strong></span> <span class='ocrx_word' id='word_1_352' title='bbox 2903 1972 3072 2054; x_wconf 70' lang='grc' dir='ltr'>φόϐον</span> <span class='ocrx_word' id='word_1_353' title='bbox 3107 1981 3251 2040; x_wconf 85' lang='grc' dir='ltr'>θεῖον</span> <span class='ocrx_word' id='word_1_354' title='bbox 3283 1977 3407 2049; x_wconf 86' lang='grc' dir='ltr'>παρ’</span> <span class='ocrx_word' id='word_1_355' title='bbox 3439 1974 3596 2030; x_wconf 67' lang='grc' dir='ltr'>οὐδὲν</span> <span class='ocrx_word' id='word_1_356' title='bbox 3653 1974 3748 2028; x_wconf 84' lang='grc' dir='ltr'>τί-</span> 
     </span>
    </p>
   </div>
   <div class='ocr_carea' id='block_1_51' title="bbox 2085 2060 3740 2142">
    <p class='ocr_par' dir='ltr' id='par_1_51' title="bbox 2085 2060 3740 2142">
     <span class='ocr_line' id='line_1_52' title="bbox 2085 2060 3740 2142; baseline 0.002 -27"><span class='ocrx_word' id='word_1_357' title='bbox 2085 2065 2266 2124; x_wconf 80' lang='grc' dir='ltr'>θεσθαι</span> <span class='ocrx_word' id='word_1_358' title='bbox 2321 2068 2503 2126; x_wconf 80' lang='grc' dir='ltr'>κακῶς</span> <span class='ocrx_word' id='word_1_359' title='bbox 2552 2065 2748 2140; x_wconf 89' lang='grc' dir='ltr'>κρίνειν</span> <span class='ocrx_word' id='word_1_360' title='bbox 2811 2064 3019 2128; x_wconf 77' lang='grc' dir='ltr'>εἰδότος</span> <span class='ocrx_word' id='word_1_361' title='bbox 3075 2066 3208 2120; x_wconf 74' lang='grc' dir='ltr'>εἶναι</span> <span class='ocrx_word' id='word_1_362' title='bbox 3265 2067 3327 2120; x_wconf 87' lang='grc' dir='ltr'>τὸ</span> <span class='ocrx_word' id='word_1_363' title='bbox 3387 2060 3643 2142; x_wconf 75' lang='grc' dir='ltr'>φοϐερὰν,</span> <span class='ocrx_word' id='word_1_364' title='bbox 3675 2065 3740 2119; x_wconf 87' lang='grc' dir='ltr'>τὸ</span> 
     </span>
    </p>
   </div>
   <div class='ocr_carea' id='block_1_52' title="bbox 2091 2148 3739 2232">
    <p class='ocr_par' dir='ltr' id='par_1_52' title="bbox 2091 2148 3739 2232">
     <span class='ocr_line' id='line_1_53' title="bbox 2091 2148 3739 2232; baseline 0.003 -29"><span class='ocrx_word' id='word_1_365' title='bbox 2091 2151 2272 2222; x_wconf 84' lang='grc' dir='ltr'>μέντοι</span> <span class='ocrx_word' id='word_1_366' title='bbox 2332 2173 2390 2226; x_wconf 82' lang='grc' dir='ltr'>γε</span> <span class='ocrx_word' id='word_1_367' title='bbox 2445 2152 2575 2215; x_wconf 75' lang='grc' dir='ltr'>τοὺς</span> <span class='ocrx_word' id='word_1_368' title='bbox 2630 2153 2803 2217; x_wconf 85' lang='grc' dir='ltr'>θείους</span> <span class='ocrx_word' id='word_1_369' title='bbox 2880 2156 3084 2226; x_wconf 80' lang='grc' dir='ltr'>νόμους</span> <span class='ocrx_word' id='word_1_370' title='bbox 3159 2151 3444 2229; x_wconf 74' lang='grc' dir='ltr'>φοϐεῖσθαι</span> <span class='ocrx_word' id='word_1_371' title='bbox 3505 2148 3739 2232; x_wconf 75' lang='grc' dir='ltr'>ἀφοϐίαν</span> 
     </span>
    </p>
   </div>
   <div class='ocr_carea' id='block_1_53' title="bbox 2088 2239 3751 2318">
    <p class='ocr_par' dir='ltr' id='par_1_53' title="bbox 2088 2239 3751 2318">
     <span class='ocr_line' id='line_1_54' title="bbox 2088 2239 3751 2318; baseline 0.004 -25"><span class='ocrx_word' id='word_1_372' title='bbox 2088 2240 2217 2293; x_wconf 83' lang='grc' dir='ltr'>εἶναι</span> <span class='ocrx_word' id='word_1_373' title='bbox 2272 2239 2529 2313; x_wconf 87' lang='grc' dir='ltr'>μεγίστην</span> <span class='ocrx_word' id='word_1_374' title='bbox 2587 2248 2665 2314; x_wconf 77' lang='grc' dir='ltr'><strong>τῷ</strong></span> <span class='ocrx_word' id='word_1_375' title='bbox 2722 2239 3075 2318; x_wconf 75' lang='grc' dir='ltr'>φοϐουμένῳ,</span> <span class='ocrx_word' id='word_1_376' title='bbox 3121 2244 3217 2299; x_wconf 72' lang='grc' dir='ltr'>κᾶν</span> <span class='ocrx_word' id='word_1_377' title='bbox 3275 2244 3305 2298; x_wconf 79' lang='grc' dir='ltr'>ὅ</span> <span class='ocrx_word' id='word_1_378' title='bbox 3355 2265 3407 2298; x_wconf 87' lang='grc' dir='ltr'><strong>τι</strong></span> <span class='ocrx_word' id='word_1_379' title='bbox 3467 2243 3751 2315; x_wconf 87' lang='grc' dir='ltr'>προτείνοι</span> 
     </span>
    </p>
   </div>
   <div class='ocr_carea' id='block_1_54' title="bbox 2087 2326 3752 2409">
    <p class='ocr_par' dir='ltr' id='par_1_54' title="bbox 2087 2326 3752 2409">
     <span class='ocr_line' id='line_1_55' title="bbox 2087 2326 3752 2409; baseline 0.004 -27"><span class='ocrx_word' id='word_1_380' title='bbox 2087 2349 2168 2390; x_wconf 85' lang='grc' dir='ltr'><strong>τις</strong></span> <span class='ocrx_word' id='word_1_381' title='bbox 2199 2327 2286 2382; x_wconf 85' lang='grc' dir='ltr'><strong>ἐπὶ</strong></span> <span class='ocrx_word' id='word_1_382' title='bbox 2315 2335 2395 2402; x_wconf 78' lang='grc' dir='ltr'>τῷ</span> <span class='ocrx_word' id='word_1_383' title='bbox 2425 2326 2633 2396; x_wconf 78' lang='grc' dir='ltr'>φοϐεῖν.</span> <span class='ocrx_word' id='word_1_384' title='bbox 2668 2335 2852 2389; x_wconf 75' lang='grc' dir='ltr'>Ταῦτα</span> <span class='ocrx_word' id='word_1_385' title='bbox 2879 2337 2975 2387; x_wconf 75' lang='grc' dir='ltr'><strong>τοῦ</strong></span> <span class='ocrx_word' id='word_1_386' title='bbox 3015 2334 3364 2408; x_wconf 79' lang='grc' dir='ltr'>πατριάρχου</span> <span class='ocrx_word' id='word_1_387' title='bbox 3414 2333 3504 2388; x_wconf 83' lang='grc' dir='ltr'><strong>καὶ</strong></span> <span class='ocrx_word' id='word_1_388' title='bbox 3553 2332 3752 2409; x_wconf 83' lang='grc' dir='ltr'>λέγον-</span> 
     </span>
    </p>
   </div>
   <div class='ocr_carea' id='block_1_55' title="bbox 2087 2418 3746 2497">
    <p class='ocr_par' dir='ltr' id='par_1_55' title="bbox 2087 2418 3746 2497">
     <span class='ocr_line' id='line_1_56' title="bbox 2087 2418 3746 2497; baseline 0.004 -25"><span class='ocrx_word' id='word_1_389' title='bbox 2087 2439 2180 2481; x_wconf 87' lang='grc' dir='ltr'><strong>τος</strong></span> <span class='ocrx_word' id='word_1_390' title='bbox 2234 2420 2322 2473; x_wconf 82' lang='grc' dir='ltr'><strong>καὶ</strong></span> <span class='ocrx_word' id='word_1_391' title='bbox 2381 2423 2704 2492; x_wconf 81' lang='grc' dir='ltr'>μηνύοντος,</span> <span class='ocrx_word' id='word_1_392' title='bbox 2738 2418 2816 2478; x_wconf 78' lang='grc' dir='ltr'>ἔτι</span> <span class='ocrx_word' id='word_1_393' title='bbox 2849 2420 2894 2477; x_wconf 88' lang='grc' dir='ltr'>δ’</span> <span class='ocrx_word' id='word_1_394' title='bbox 2923 2423 3146 2497; x_wconf 73' lang='grc' dir='ltr'>ἑτοίμου</span> <span class='ocrx_word' id='word_1_395' title='bbox 3201 2419 3356 2487; x_wconf 77' lang='grc' dir='ltr'>ὄντος</span> <span class='ocrx_word' id='word_1_396' title='bbox 3409 2423 3746 2479; x_wconf 82' lang='grc' dir='ltr'>ἀποκόπτειν</span> 
     </span>
    </p>
   </div>
   <div class='ocr_carea' id='block_1_56' title="bbox 2083 2617 3746 2691">
    <p class='ocr_par' dir='ltr' id='par_1_56' title="bbox 2083 2617 3746 2691">
     <span class='ocr_line' id='line_1_57' title="bbox 2083 2617 3746 2691; baseline 0.006 -20"><span class='ocrx_word' id='word_1_397' title='bbox 2083 2617 2224 2672; x_wconf 86' lang='lat' dir='ltr'><strong>dora</strong></span> <span class='ocrx_word' id='word_1_398' title='bbox 2272 2621 2541 2688; x_wconf 77' lang='lat' dir='ltr'><strong>graviter,</strong></span> <span class='ocrx_word' id='word_1_399' title='bbox 2579 2623 2642 2674; x_wconf 88' lang='lat' dir='ltr'><strong>ut</strong></span> <span class='ocrx_word' id='word_1_400' title='bbox 2687 2626 2812 2676; x_wconf 90' lang='lat' dir='ltr'><strong>erat</strong></span> <span class='ocrx_word' id='word_1_401' title='bbox 2860 2626 3342 2691; x_wconf 86' lang='lat' dir='ltr'><strong>consentaneum,</strong></span> <span class='ocrx_word' id='word_1_402' title='bbox 3375 2621 3527 2678; x_wconf 86' lang='lat' dir='ltr'><strong>tulit.</strong></span> <span class='ocrx_word' id='word_1_403' title='bbox 3557 2625 3746 2690; x_wconf 89' lang='lat' dir='ltr'><strong>Quam</strong></span> 
     </span>
    </p>
   </div>
   <div class='ocr_carea' id='block_1_57' title="bbox 2085 2707 3753 2787">
    <p class='ocr_par' dir='ltr' id='par_1_57' title="bbox 2085 2707 3753 2787">
     <span class='ocr_line' id='line_1_58' title="bbox 2085 2707 3753 2787; baseline 0.005 -25"><span class='ocrx_word' id='word_1_404' title='bbox 2085 2708 2240 2762; x_wconf 87' lang='lat' dir='ltr'><strong>enim</strong></span> <span class='ocrx_word' id='word_1_405' title='bbox 2279 2707 2712 2764; x_wconf 88' lang='lat' dir='ltr'><strong>intolerandum</strong></span> <span class='ocrx_word' id='word_1_406' title='bbox 2738 2711 3105 2766; x_wconf 71' lang='lat' dir='ltr'><strong>contumeliae</strong></span> <span class='ocrx_word' id='word_1_407' title='bbox 3135 2727 3323 2782; x_wconf 89' lang='lat' dir='ltr'><strong>genus</strong></span> <span class='ocrx_word' id='word_1_408' title='bbox 3358 2713 3480 2768; x_wconf 83' lang='lat' dir='ltr'><strong>fore</strong></span> <span class='ocrx_word' id='word_1_409' title='bbox 3514 2731 3576 2768; x_wconf 89' lang='lat' dir='ltr'><strong>se</strong></span> <span class='ocrx_word' id='word_1_410' title='bbox 3606 2713 3753 2787; x_wconf 90' lang='lat' dir='ltr'><strong>legi-</strong></span> 
     </span>
    </p>
   </div>
   <div class='ocr_carea' id='block_1_58' title="bbox 2086 2798 3752 2872">
    <p class='ocr_par' dir='ltr' id='par_1_58' title="bbox 2086 2798 3752 2872">
     <span class='ocr_line' id='line_1_59' title="bbox 2086 2798 3752 2872; baseline 0.006 -20"><span class='ocrx_word' id='word_1_411' title='bbox 2086 2798 2293 2852; x_wconf 88' lang='lat' dir='ltr'><strong>timam</strong></span> <span class='ocrx_word' id='word_1_412' title='bbox 2325 2801 2657 2870; x_wconf 88' lang='lat' dir='ltr'><strong>conjugem,</strong></span> <span class='ocrx_word' id='word_1_413' title='bbox 2693 2817 2819 2872; x_wconf 67' lang='lat' dir='ltr'><strong>quae</strong></span> <span class='ocrx_word' id='word_1_414' title='bbox 2853 2801 2972 2855; x_wconf 81' lang='lat' dir='ltr'><strong>viro</strong></span> <span class='ocrx_word' id='word_1_415' title='bbox 3013 2801 3350 2872; x_wconf 81' lang='lat' dir='ltr'><strong>imperatori</strong></span> <span class='ocrx_word' id='word_1_416' title='bbox 3404 2809 3521 2858; x_wconf 90' lang='lat' dir='ltr'><strong>tres</strong></span> <span class='ocrx_word' id='word_1_417' title='bbox 3554 2821 3752 2862; x_wconf 76' lang='lat' dir='ltr'><strong>mares</strong></span> 
     </span>
    </p>
   </div>
   <div class='ocr_carea' id='block_1_59' title="bbox 2087 2887 3754 2964">
    <p class='ocr_par' dir='ltr' id='par_1_59' title="bbox 2087 2887 3754 2964">
     <span class='ocr_line' id='line_1_60' title="bbox 2087 2887 3754 2964; baseline 0.005 -24"><span class='ocrx_word' id='word_1_418' title='bbox 2087 2887 2429 2957; x_wconf 88' lang='lat' dir='ltr'><strong>peperisset,</strong></span> <span class='ocrx_word' id='word_1_419' title='bbox 2467 2888 2719 2959; x_wconf 89' lang='lat' dir='ltr'><strong>primum</strong></span> <span class='ocrx_word' id='word_1_420' title='bbox 2755 2888 3080 2946; x_wconf 87' lang='lat' dir='ltr'><strong>Manuelem</strong></span> <span class='ocrx_word' id='word_1_421' title='bbox 3115 2891 3232 2945; x_wconf 82' lang='lat' dir='ltr'><strong>fato</strong></span> <span class='ocrx_word' id='word_1_422' title='bbox 3268 2893 3754 2964; x_wconf 73' lang='lat' dir='ltr'><strong>praereptum,al-</strong></span> 
     </span>
    </p>
   </div>
   <div class='ocr_carea' id='block_1_60' title="bbox 2090 2977 3752 3054">
    <p class='ocr_par' dir='ltr' id='par_1_60' title="bbox 2090 2977 3752 3054">
     <span class='ocr_line' id='line_1_61' title="bbox 2090 2977 3752 3054; baseline 0.005 -24"><span class='ocrx_word' id='word_1_423' title='bbox 2090 2980 2280 3030; x_wconf 89' lang='lat' dir='ltr'><strong>terum</strong></span> <span class='ocrx_word' id='word_1_424' title='bbox 2338 2977 2740 3033; x_wconf 87' lang='lat' dir='ltr'><strong>Andronicum</strong></span> <span class='ocrx_word' id='word_1_425' title='bbox 2801 2980 3202 3050; x_wconf 87' lang='lat' dir='ltr'><strong>superstitem,</strong></span> <span class='ocrx_word' id='word_1_426' title='bbox 3262 2981 3420 3049; x_wconf 77' lang='lat' dir='ltr'><strong>regie</strong></span> <span class='ocrx_word' id='word_1_427' title='bbox 3492 2999 3526 3037; x_wconf 91' lang='lat' dir='ltr'><strong>a</strong></span> <span class='ocrx_word' id='word_1_428' title='bbox 3586 2987 3752 3054; x_wconf 85' lang='lat' dir='ltr'><strong>patre</strong></span> 
     </span>
    </p>
   </div>
   <div class='ocr_carea' id='block_1_61' title="bbox 2089 3066 3748 3143">
    <p class='ocr_par' dir='ltr' id='par_1_61' title="bbox 2089 3066 3748 3143">
     <span class='ocr_line' id='line_1_62' title="bbox 2089 3066 3748 3143; baseline 0.004 -23"><span class='ocrx_word' id='word_1_429' title='bbox 2089 3066 2429 3133; x_wconf 89' lang='lat' dir='ltr'><strong>educatum,</strong></span> <span class='ocrx_word' id='word_1_430' title='bbox 2461 3070 2721 3134; x_wconf 87' lang='lat' dir='ltr'><strong>tertium,</strong></span> <span class='ocrx_word' id='word_1_431' title='bbox 2754 3085 2822 3124; x_wconf 82' lang='lat' dir='ltr'><strong>ex</strong></span> <span class='ocrx_word' id='word_1_432' title='bbox 2865 3085 2980 3139; x_wconf 91' lang='lat' dir='ltr'><strong>quo</strong></span> <span class='ocrx_word' id='word_1_433' title='bbox 3028 3070 3601 3143; x_wconf 85' lang='lat' dir='ltr'><strong>Constantinopolim</strong></span> <span class='ocrx_word' id='word_1_434' title='bbox 3634 3073 3748 3128; x_wconf 86' lang='lat' dir='ltr'><strong>mi-</strong></span> 
     </span>
    </p>
   </div>
   <div class='ocr_carea' id='block_1_62' title="bbox 2091 3156 3736 3231">
    <p class='ocr_par' dir='ltr' id='par_1_62' title="bbox 2091 3156 3736 3231">
     <span class='ocr_line' id='line_1_63' title="bbox 2091 3156 3736 3231; baseline 0.005 -23"><span class='ocrx_word' id='word_1_435' title='bbox 2091 3163 2419 3224; x_wconf 85' lang='lat' dir='ltr'><strong>graverant,</strong></span> <span class='ocrx_word' id='word_1_436' title='bbox 2453 3156 2534 3211; x_wconf 90' lang='lat' dir='ltr'><strong>ibi</strong></span> <span class='ocrx_word' id='word_1_437' title='bbox 2591 3163 2795 3213; x_wconf 87' lang='lat' dir='ltr'><strong>natum</strong></span> <span class='ocrx_word' id='word_1_438' title='bbox 2837 3159 2894 3213; x_wconf 90' lang='lat' dir='ltr'><strong>in</strong></span> <span class='ocrx_word' id='word_1_439' title='bbox 2948 3177 3231 3231; x_wconf 83' lang='lat' dir='ltr'><strong>purpura,</strong></span> <span class='ocrx_word' id='word_1_440' title='bbox 3261 3160 3736 3228; x_wconf 84' lang='lat' dir='ltr'><strong>Constantinum,</strong></span> 
     </span>
    </p>
   </div>
   <div class='ocr_carea' id='block_1_63' title="bbox 327 3242 3746 3330">
    <p class='ocr_par' dir='ltr' id='par_1_63' title="bbox 327 3242 3746 3330">
     <span class='ocr_line' id='line_1_64' title="bbox 327 3242 3746 3330; baseline 0.001 -27"><span class='ocrx_word' id='word_1_441' title='bbox 327 3247 564 3303; x_wconf 84' lang='lat' dir='ltr'><strong>assidue</strong></span> <span class='ocrx_word' id='word_1_442' title='bbox 594 3246 652 3301; x_wconf 91' lang='lat' dir='ltr'><strong>in</strong></span> <span class='ocrx_word' id='word_1_443' title='bbox 673 3263 782 3302; x_wconf 92' lang='lat' dir='ltr'><strong>nos</strong></span> <span class='ocrx_word' id='word_1_444' title='bbox 801 3243 1174 3302; x_wconf 86' lang='lat' dir='ltr'><strong>stimulatum</strong></span> <span class='ocrx_word' id='word_1_445' title='bbox 1201 3242 1630 3298; x_wconf 85' lang='lat' dir='ltr'><strong>ardentissimis</strong></span> <span class='ocrx_word' id='word_1_446' title='bbox 1655 3242 1982 3313; x_wconf 88' lang='lat' dir='ltr'><strong>instigatio-</strong></span> <span class='ocrx_word' id='word_1_447' title='bbox 2019 3263 2062 3330; x_wconf 65' lang='grc' dir='ltr'><strong>ρ</strong></span> <span class='ocrx_word' id='word_1_448' title='bbox 2101 3244 2235 3298; x_wconf 86' lang='lat' dir='ltr'><strong>inde</strong></span> <span class='ocrx_word' id='word_1_449' title='bbox 2300 3245 2881 3316; x_wconf 84' lang='lat' dir='ltr'><strong>Porphyrogenitum,</strong></span> <span class='ocrx_word' id='word_1_450' title='bbox 2917 3259 3044 3318; x_wconf 82' lang='lat' dir='ltr'><strong>post</strong></span> <span class='ocrx_word' id='word_1_451' title='bbox 3074 3255 3239 3304; x_wconf 90' lang='lat' dir='ltr'><strong>tanta</strong></span> <span class='ocrx_word' id='word_1_452' title='bbox 3293 3251 3492 3305; x_wconf 86' lang='lat' dir='ltr'><strong>merita</strong></span> <span class='ocrx_word' id='word_1_453' title='bbox 3523 3250 3746 3306; x_wconf 84' lang='lat' dir='ltr'><strong>nullius</strong></span> 
     </span>
    </p>
   </div>
   <div class='ocr_carea' id='block_1_64' title="bbox 330 3330 1986 3406">
    <p class='ocr_par' dir='ltr' id='par_1_64' title="bbox 330 3330 1986 3406">
     <span class='ocr_line' id='line_1_65' title="bbox 330 3330 1986 3406; baseline -0.004 -15"><span class='ocrx_word' id='word_1_454' title='bbox 330 3339 507 3392; x_wconf 90' lang='lat' dir='ltr'><strong>nibus</strong></span> <span class='ocrx_word' id='word_1_455' title='bbox 539 3339 734 3392; x_wconf 88' lang='lat' dir='ltr'><strong>Irenes</strong></span> <span class='ocrx_word' id='word_1_456' title='bbox 762 3335 1030 3406; x_wconf 83' lang='lat' dir='ltr'><strong>conjugis</strong></span> <span class='ocrx_word' id='word_1_457' title='bbox 1064 3333 1234 3388; x_wconf 89' lang='lat' dir='ltr'><strong>nobis</strong></span> <span class='ocrx_word' id='word_1_458' title='bbox 1266 3333 1614 3404; x_wconf 70' lang='lat' dir='ltr'><strong>perinfensze</strong></span> <span class='ocrx_word' id='word_1_459' title='bbox 1645 3330 1858 3386; x_wconf 90' lang='lat' dir='ltr'><strong>minari</strong></span> <span class='ocrx_word' id='word_1_460' title='bbox 1884 3347 1986 3384; x_wconf 84' lang='lat' dir='ltr'><strong>au-</strong></span> 
     </span>
    </p>
   </div>
   <div class='ocr_carea' id='block_1_65' title="bbox 329 3419 1988 3497">
    <p class='ocr_par' dir='ltr' id='par_1_65' title="bbox 329 3419 1988 3497">
     <span class='ocr_line' id='line_1_66' title="bbox 329 3419 1988 3497; baseline -0.005 -15"><span class='ocrx_word' id='word_1_461' title='bbox 329 3427 525 3482; x_wconf 89' lang='lat' dir='ltr'><strong>dimus</strong></span> <span class='ocrx_word' id='word_1_462' title='bbox 548 3426 935 3497; x_wconf 89' lang='lat' dir='ltr'><strong>irruptionem</strong></span> <span class='ocrx_word' id='word_1_463' title='bbox 968 3425 1024 3478; x_wconf 89' lang='lat' dir='ltr'><strong>in</strong></span> <span class='ocrx_word' id='word_1_464' title='bbox 1060 3429 1243 3478; x_wconf 88' lang='lat' dir='ltr'><strong>terras</strong></span> <span class='ocrx_word' id='word_1_465' title='bbox 1271 3425 1504 3477; x_wconf 82' lang='lat' dir='ltr'><strong>nostras</strong></span> <span class='ocrx_word' id='word_1_466' title='bbox 1529 3437 1630 3491; x_wconf 90' lang='lat' dir='ltr'><strong>per</strong></span> <span class='ocrx_word' id='word_1_467' title='bbox 1654 3419 1988 3474; x_wconf 82' lang='lat' dir='ltr'><strong>Thraciam.</strong></span> 
     </span>
    </p>
   </div>
   <div class='ocr_carea' id='block_1_66' title="bbox 332 3508 1991 3571">
    <p class='ocr_par' dir='ltr' id='par_1_66' title="bbox 332 3508 1991 3571">
     <span class='ocr_line' id='line_1_67' title="bbox 332 3508 1991 3571; baseline -0.004 0"><span class='ocrx_word' id='word_1_468' title='bbox 332 3516 395 3571; x_wconf 89' lang='lat' dir='ltr'><strong>In</strong></span> <span class='ocrx_word' id='word_1_469' title='bbox 427 3521 595 3570; x_wconf 79' lang='lat' dir='ltr'><strong>tanta</strong></span> <span class='ocrx_word' id='word_1_470' title='bbox 626 3514 1004 3568; x_wconf 82' lang='lat' dir='ltr'><strong>multitudine</strong></span> <span class='ocrx_word' id='word_1_471' title='bbox 1031 3518 1088 3566; x_wconf 92' lang='lat' dir='ltr'><strong>et</strong></span> <span class='ocrx_word' id='word_1_472' title='bbox 1131 3511 1292 3566; x_wconf 87' lang='lat' dir='ltr'><strong>rabie</strong></span> <span class='ocrx_word' id='word_1_473' title='bbox 1340 3509 1724 3566; x_wconf 89' lang='lat' dir='ltr'><strong>coorientium</strong></span> <span class='ocrx_word' id='word_1_474' title='bbox 1776 3508 1833 3562; x_wconf 89' lang='lat' dir='ltr'><strong>in</strong></span> <span class='ocrx_word' id='word_1_475' title='bbox 1884 3525 1991 3564; x_wconf 92' lang='lat' dir='ltr'><strong>nos</strong></span> 
     </span>
    </p>
   </div>
   <div class='ocr_carea' id='block_1_67' title="bbox 331 3597 1985 3673">
    <p class='ocr_par' dir='ltr' id='par_1_67' title="bbox 331 3597 1985 3673">
     <span class='ocr_line' id='line_1_68' title="bbox 331 3597 1985 3673; baseline -0.005 -14"><span class='ocrx_word' id='word_1_476' title='bbox 331 3622 402 3660; x_wconf 82' lang='lat' dir='ltr'><strong>ex</strong></span> <span class='ocrx_word' id='word_1_477' title='bbox 431 3605 588 3659; x_wconf 90' lang='lat' dir='ltr'><strong>omni</strong></span> <span class='ocrx_word' id='word_1_478' title='bbox 642 3603 861 3658; x_wconf 89' lang='lat' dir='ltr'><strong>circum</strong></span> <span class='ocrx_word' id='word_1_479' title='bbox 916 3609 1078 3673; x_wconf 88' lang='lat' dir='ltr'><strong>parle</strong></span> <span class='ocrx_word' id='word_1_480' title='bbox 1149 3599 1643 3655; x_wconf 79' lang='lat' dir='ltr'><strong>ferocissimorum</strong></span> <span class='ocrx_word' id='word_1_481' title='bbox 1703 3597 1985 3661; x_wconf 85' lang='lat' dir='ltr'><strong>hostium,</strong></span> 
     </span>
    </p>
   </div>
   <div class='ocr_carea' id='block_1_68' title="bbox 336 3689 1988 3765">
    <p class='ocr_par' dir='ltr' id='par_1_68' title="bbox 336 3689 1988 3765">
     <span class='ocr_line' id='line_1_69' title="bbox 336 3689 1988 3765; baseline -0.004 -17"><span class='ocrx_word' id='word_1_482' title='bbox 336 3696 470 3765; x_wconf 85' lang='lat' dir='ltr'><strong>quis</strong></span> <span class='ocrx_word' id='word_1_483' title='bbox 504 3710 621 3748; x_wconf 90' lang='lat' dir='ltr'><strong>non</strong></span> <span class='ocrx_word' id='word_1_484' title='bbox 651 3692 810 3746; x_wconf 87' lang='lat' dir='ltr'><strong>videt</strong></span> <span class='ocrx_word' id='word_1_485' title='bbox 857 3690 1268 3747; x_wconf 90' lang='lat' dir='ltr'><strong>consulturum</strong></span> <span class='ocrx_word' id='word_1_486' title='bbox 1330 3689 1533 3761; x_wconf 84' lang='lat' dir='ltr'><strong>utique</strong></span> <span class='ocrx_word' id='word_1_487' title='bbox 1580 3689 1988 3743; x_wconf 68' lang='lat' dir='ltr'><strong>circumventas</strong></span> 
     </span>
    </p>
   </div>
   <div class='ocr_carea' id='block_1_69' title="bbox 337 3779 1987 3854">
    <p class='ocr_par' dir='ltr' id='par_1_69' title="bbox 337 3779 1987 3854">
     <span class='ocr_line' id='line_1_70' title="bbox 337 3779 1987 3854; baseline -0.002 -17"><span class='ocrx_word' id='word_1_488' title='bbox 337 3783 601 3854; x_wconf 89' lang='lat' dir='ltr'><strong>undique</strong></span> <span class='ocrx_word' id='word_1_489' title='bbox 633 3780 992 3853; x_wconf 65' lang='lat' dir='ltr'><strong>reipublicae,</strong></span> <span class='ocrx_word' id='word_1_490' title='bbox 1025 3780 1125 3851; x_wconf 92' lang='lat' dir='ltr'><strong>qui</strong></span> <span class='ocrx_word' id='word_1_491' title='bbox 1185 3779 1410 3835; x_wconf 84' lang='lat' dir='ltr'><strong>dederit</strong></span> <span class='ocrx_word' id='word_1_492' title='bbox 1466 3795 1701 3850; x_wconf 87' lang='lat' dir='ltr'><strong>operam</strong></span> <span class='ocrx_word' id='word_1_493' title='bbox 1743 3794 1987 3834; x_wconf 91' lang='lat' dir='ltr'><strong>numero</strong></span> 
     </span>
    </p>
   </div>
   <div class='ocr_carea' id='block_1_70' title="bbox 336 3867 1988 3949">
    <p class='ocr_par' dir='ltr' id='par_1_70' title="bbox 336 3867 1988 3949">
     <span class='ocr_line' id='line_1_71' title="bbox 336 3867 1988 3949; baseline -0.003 -22"><span class='ocrx_word' id='word_1_494' title='bbox 336 3889 540 3928; x_wconf 90' lang='lat' dir='ltr'><strong>eorum</strong></span> <span class='ocrx_word' id='word_1_495' title='bbox 576 3871 895 3926; x_wconf 90' lang='lat' dir='ltr'><strong>minuendo</strong></span> <span class='ocrx_word' id='word_1_496' title='bbox 920 3869 1276 3949; x_wconf 85' lang='lat' dir='ltr'><strong>quibusdam</strong></span> <span class='ocrx_word' id='word_1_497' title='bbox 1304 3873 1404 3922; x_wconf 86' lang='lat' dir='ltr'><strong>aut</strong></span> <span class='ocrx_word' id='word_1_498' title='bbox 1425 3873 1492 3922; x_wconf 85' lang='lat' dir='ltr'><strong>ad</strong></span> <span class='ocrx_word' id='word_1_499' title='bbox 1524 3873 1782 3922; x_wconf 88' lang='lat' dir='ltr'><strong>nostram</strong></span> <span class='ocrx_word' id='word_1_500' title='bbox 1808 3867 1988 3922; x_wconf 87' lang='lat' dir='ltr'><strong>socie-</strong></span> 
     </span>
    </p>
   </div>
   <div class='ocr_carea' id='block_1_71' title="bbox 334 3957 1984 4017">
    <p class='ocr_par' dir='ltr' id='par_1_71' title="bbox 334 3957 1984 4017">
     <span class='ocr_line' id='line_1_72' title="bbox 334 3957 1984 4017; baseline -0.003 0"><span class='ocrx_word' id='word_1_501' title='bbox 334 3966 518 4017; x_wconf 89' lang='lat' dir='ltr'><strong>tatem</strong></span> <span class='ocrx_word' id='word_1_502' title='bbox 553 3959 915 4016; x_wconf 83' lang='lat' dir='ltr'><strong>attrahendis</strong></span> <span class='ocrx_word' id='word_1_503' title='bbox 945 3965 1048 4015; x_wconf 90' lang='lat' dir='ltr'><strong>aut</strong></span> <span class='ocrx_word' id='word_1_504' title='bbox 1105 3975 1136 4013; x_wconf 90' lang='lat' dir='ltr'><strong>a</strong></span> <span class='ocrx_word' id='word_1_505' title='bbox 1167 3957 1466 4014; x_wconf 88' lang='lat' dir='ltr'><strong>communi</strong></span> <span class='ocrx_word' id='word_1_506' title='bbox 1526 3961 1680 4012; x_wconf 84' lang='lat' dir='ltr'><strong>certe</strong></span> <span class='ocrx_word' id='word_1_507' title='bbox 1733 3957 1984 4012; x_wconf 89' lang='lat' dir='ltr'><strong>aliorum</strong></span> 
     </span>
    </p>
   </div>
   <div class='ocr_carea' id='block_1_72' title="bbox 333 4047 1984 4123">
    <p class='ocr_par' dir='ltr' id='par_1_72' title="bbox 333 4047 1984 4123">
     <span class='ocr_line' id='line_1_73' title="bbox 333 4047 1984 4123; baseline -0.004 -17"><span class='ocrx_word' id='word_1_508' title='bbox 333 4051 766 4123; x_wconf 87' lang='lat' dir='ltr'><strong>conspiratione</strong></span> <span class='ocrx_word' id='word_1_509' title='bbox 796 4047 1343 4118; x_wconf 72' lang='lat' dir='ltr'><strong>abducendis‘2jam</strong></span> <span class='ocrx_word' id='word_1_510' title='bbox 1379 4047 1522 4101; x_wconf 87' lang='lat' dir='ltr'><strong>illud</strong></span> <span class='ocrx_word' id='word_1_511' title='bbox 1556 4047 1699 4102; x_wconf 88' lang='lat' dir='ltr'><strong>satis</strong></span> <span class='ocrx_word' id='word_1_512' title='bbox 1730 4051 1984 4111; x_wconf 89' lang='lat' dir='ltr'><strong>constat,</strong></span> 
     </span>
    </p>
   </div>
   <div class='ocr_carea' id='block_1_73' title="bbox 330 4135 1984 4212">
    <p class='ocr_par' dir='ltr' id='par_1_73' title="bbox 330 4135 1984 4212">
     <span class='ocr_line' id='line_1_74' title="bbox 330 4135 1984 4212; baseline -0.003 -16"><span class='ocrx_word' id='word_1_513' title='bbox 330 4141 388 4196; x_wconf 90' lang='lat' dir='ltr'><strong>in</strong></span> <span class='ocrx_word' id='word_1_514' title='bbox 425 4139 632 4212; x_wconf 89' lang='lat' dir='ltr'><strong>primis</strong></span> <span class='ocrx_word' id='word_1_515' title='bbox 666 4139 1006 4195; x_wconf 89' lang='lat' dir='ltr'><strong>Latinorum</strong></span> <span class='ocrx_word' id='word_1_516' title='bbox 1039 4138 1264 4193; x_wconf 90' lang='lat' dir='ltr'><strong>ditione</strong></span> <span class='ocrx_word' id='word_1_517' title='bbox 1295 4154 1360 4191; x_wconf 89' lang='lat' dir='ltr'><strong>ac</strong></span> <span class='ocrx_word' id='word_1_518' title='bbox 1394 4137 1447 4189; x_wconf 89' lang='lat' dir='ltr'><strong>vi</strong></span> <span class='ocrx_word' id='word_1_519' title='bbox 1481 4135 1690 4191; x_wconf 91' lang='lat' dir='ltr'><strong>bellica</strong></span> <span class='ocrx_word' id='word_1_520' title='bbox 1721 4137 1984 4206; x_wconf 85' lang='lat' dir='ltr'><strong>impera-</strong></span> 
     </span>
    </p>
   </div>
   <div class='ocr_carea' id='block_1_74' title="bbox 327 4225 1980 4301">
    <p class='ocr_par' dir='ltr' id='par_1_74' title="bbox 327 4225 1980 4301">
     <span class='ocr_line' id='line_1_75' title="bbox 327 4225 1980 4301; baseline -0.004 -16"><span class='ocrx_word' id='word_1_521' title='bbox 327 4230 489 4286; x_wconf 87' lang='lat' dir='ltr'><strong>tricis</strong></span> <span class='ocrx_word' id='word_1_522' title='bbox 524 4234 701 4285; x_wconf 77' lang='lat' dir='ltr'><strong>Annae</strong></span> <span class='ocrx_word' id='word_1_523' title='bbox 735 4236 1012 4301; x_wconf 85' lang='lat' dir='ltr'><strong>cognatos</strong></span> <span class='ocrx_word' id='word_1_524' title='bbox 1058 4226 1373 4282; x_wconf 87' lang='lat' dir='ltr'><strong>numerari.</strong></span> <span class='ocrx_word' id='word_1_525' title='bbox 1412 4226 1585 4281; x_wconf 88' lang='lat' dir='ltr'><strong>Porro</strong></span> <span class='ocrx_word' id='word_1_526' title='bbox 1646 4225 1792 4280; x_wconf 90' lang='lat' dir='ltr'><strong>istos</strong></span> <span class='ocrx_word' id='word_1_527' title='bbox 1821 4241 1980 4281; x_wconf 84' lang='lat' dir='ltr'><strong>com-</strong></span> 
     </span>
    </p>
   </div>
   <div class='ocr_carea' id='block_1_75' title="bbox 324 4315 1979 4388">
    <p class='ocr_par' dir='ltr' id='par_1_75' title="bbox 324 4315 1979 4388">
     <span class='ocr_line' id='line_1_76' title="bbox 324 4315 1979 4388; baseline -0.004 -14"><span class='ocrx_word' id='word_1_528' title='bbox 324 4321 607 4374; x_wconf 90' lang='lat' dir='ltr'><strong>munione</strong></span> <span class='ocrx_word' id='word_1_529' title='bbox 637 4319 896 4374; x_wconf 88' lang='lat' dir='ltr'><strong>nominis</strong></span> <span class='ocrx_word' id='word_1_530' title='bbox 927 4335 992 4372; x_wconf 91' lang='lat' dir='ltr'><strong>ac</strong></span> <span class='ocrx_word' id='word_1_531' title='bbox 1022 4316 1254 4388; x_wconf 86' lang='lat' dir='ltr'><strong>generis</strong></span> <span class='ocrx_word' id='word_1_532' title='bbox 1286 4316 1430 4370; x_wconf 85' lang='lat' dir='ltr'><strong>satis</strong></span> <span class='ocrx_word' id='word_1_533' title='bbox 1456 4330 1558 4385; x_wconf 88' lang='lat' dir='ltr'><strong>per</strong></span> <span class='ocrx_word' id='word_1_534' title='bbox 1589 4331 1651 4369; x_wconf 91' lang='lat' dir='ltr'><strong>se</strong></span> <span class='ocrx_word' id='word_1_535' title='bbox 1683 4331 1900 4385; x_wconf 90' lang='lat' dir='ltr'><strong>pronos</strong></span> <span class='ocrx_word' id='word_1_536' title='bbox 1923 4315 1979 4368; x_wconf 91' lang='lat' dir='ltr'><strong>in</strong></span> 
     </span>
    </p>
   </div>
   <div class='ocr_carea' id='block_1_76' title="bbox 323 4404 1983 4479">
    <p class='ocr_par' dir='ltr' id='par_1_76' title="bbox 323 4404 1983 4479">
     <span class='ocr_line' id='line_1_77' title="bbox 323 4404 1983 4479; baseline -0.002 -15"><span class='ocrx_word' id='word_1_537' title='bbox 323 4413 519 4479; x_wconf 88' lang='lat' dir='ltr'><strong>partes</strong></span> <span class='ocrx_word' id='word_1_538' title='bbox 546 4407 809 4463; x_wconf 91' lang='lat' dir='ltr'><strong>hostium</strong></span> <span class='ocrx_word' id='word_1_539' title='bbox 842 4411 1181 4462; x_wconf 89' lang='lat' dir='ltr'><strong>nostrorum</strong></span> <span class='ocrx_word' id='word_1_540' title='bbox 1235 4404 1482 4475; x_wconf 75' lang='lat' dir='ltr'><strong>propriae</strong></span> <span class='ocrx_word' id='word_1_541' title='bbox 1543 4404 1602 4458; x_wconf 89' lang='lat' dir='ltr'><strong>in</strong></span> <span class='ocrx_word' id='word_1_542' title='bbox 1637 4421 1744 4460; x_wconf 91' lang='lat' dir='ltr'><strong>nos</strong></span> <span class='ocrx_word' id='word_1_543' title='bbox 1772 4405 1983 4461; x_wconf 64' lang='lat' dir='ltr'><strong>saevius</strong></span> 
     </span>
    </p>
   </div>
   <div class='ocr_carea' id='block_1_77' title="bbox 321 4497 1982 4568">
    <p class='ocr_par' dir='ltr' id='par_1_77' title="bbox 321 4497 1982 4568">
     <span class='ocr_line' id='line_1_78' title="bbox 321 4497 1982 4568; baseline -0.001 -12"><span class='ocrx_word' id='word_1_544' title='bbox 321 4500 776 4556; x_wconf 89' lang='lat' dir='ltr'><strong>commovebunt</strong></span> <span class='ocrx_word' id='word_1_545' title='bbox 799 4515 1014 4563; x_wconf 69' lang='lat' dir='ltr'><strong>causae,</strong></span> <span class='ocrx_word' id='word_1_546' title='bbox 1039 4498 1369 4568; x_wconf 71' lang='lat' dir='ltr'><strong>repetendae</strong></span> <span class='ocrx_word' id='word_1_547' title='bbox 1391 4497 1487 4551; x_wconf 90' lang='lat' dir='ltr'><strong>red</strong></span> <span class='ocrx_word' id='word_1_548' title='bbox 1500 4497 1855 4568; x_wconf 73' lang='lat' dir='ltr'><strong>ucendszque</strong></span> <span class='ocrx_word' id='word_1_549' title='bbox 1877 4500 1982 4554; x_wconf 87' lang='lat' dir='ltr'><strong>do-</strong></span> 
     </span>
    </p>
   </div>
   <div class='ocr_carea' id='block_1_78' title="bbox 321 4585 1974 4659">
    <p class='ocr_par' dir='ltr' id='par_1_78' title="bbox 321 4585 1974 4659">
     <span class='ocr_line' id='line_1_79' title="bbox 321 4585 1974 4659; baseline 0.001 -15"><span class='ocrx_word' id='word_1_550' title='bbox 321 4606 483 4644; x_wconf 88' lang='lat' dir='ltr'><strong>mum</strong></span> <span class='ocrx_word' id='word_1_551' title='bbox 504 4588 956 4659; x_wconf 65' lang='lat' dir='ltr'><strong>consanguinea:</strong></span> <span class='ocrx_word' id='word_1_552' title='bbox 981 4590 1258 4641; x_wconf 71' lang='lat' dir='ltr'><strong>matronae</strong></span> <span class='ocrx_word' id='word_1_553' title='bbox 1286 4585 1455 4656; x_wconf 90' lang='lat' dir='ltr'><strong>quasi</strong></span> <span class='ocrx_word' id='word_1_554' title='bbox 1481 4586 1727 4641; x_wconf 65' lang='lat' dir='ltr'><strong>detentae</strong></span> <span class='ocrx_word' id='word_1_555' title='bbox 1751 4604 1783 4642; x_wconf 90' lang='lat' dir='ltr'><strong>a</strong></span> <span class='ocrx_word' id='word_1_556' title='bbox 1807 4589 1974 4645; x_wconf 90' lang='lat' dir='ltr'><strong>nobis</strong></span> 
     </span>
    </p>
   </div>
   <div class='ocr_carea' id='block_1_79' title="bbox 311 4679 1974 4754">
    <p class='ocr_par' dir='ltr' id='par_1_79' title="bbox 311 4679 1974 4754">
     <span class='ocr_line' id='line_1_80' title="bbox 311 4679 1974 4754; baseline 0 -18"><span class='ocrx_word' id='word_1_557' title='bbox 311 4681 562 4754; x_wconf 88' lang='lat' dir='ltr'><strong>indigna</strong></span> <span class='ocrx_word' id='word_1_558' title='bbox 619 4679 911 4744; x_wconf 87' lang='lat' dir='ltr'><strong>custodia,</strong></span> <span class='ocrx_word' id='word_1_559' title='bbox 945 4679 1060 4734; x_wconf 91' lang='lat' dir='ltr'><strong>nisi</strong></span> <span class='ocrx_word' id='word_1_560' title='bbox 1124 4684 1350 4733; x_wconf 87' lang='lat' dir='ltr'><strong>mature</strong></span> <span class='ocrx_word' id='word_1_561' title='bbox 1405 4693 1788 4748; x_wconf 86' lang='lat' dir='ltr'><strong>precavemus</strong></span> <span class='ocrx_word' id='word_1_562' title='bbox 1819 4685 1876 4734; x_wconf 90' lang='lat' dir='ltr'><strong>et</strong></span> <span class='ocrx_word' id='word_1_563' title='bbox 1906 4697 1974 4736; x_wconf 85' lang='lat' dir='ltr'><strong>ex</strong></span> 
     </span>
    </p>
   </div>
   <div class='ocr_carea' id='block_1_80' title="bbox 309 4767 1964 4842">
    <p class='ocr_par' dir='ltr' id='par_1_80' title="bbox 309 4767 1964 4842">
     <span class='ocr_line' id='line_1_81' title="bbox 309 4767 1964 4842; baseline 0 -18"><span class='ocrx_word' id='word_1_564' title='bbox 309 4771 439 4842; x_wconf 87' lang='lat' dir='ltr'><strong>ipsa</strong></span> <span class='ocrx_word' id='word_1_565' title='bbox 469 4769 608 4826; x_wconf 88' lang='lat' dir='ltr'><strong>mali</strong></span> <span class='ocrx_word' id='word_1_566' title='bbox 635 4786 812 4824; x_wconf 84' lang='lat' dir='ltr'><strong>causa</strong></span> <span class='ocrx_word' id='word_1_567' title='bbox 834 4767 1158 4824; x_wconf 87' lang='lat' dir='ltr'><strong>remedium</strong></span> <span class='ocrx_word' id='word_1_568' title='bbox 1185 4767 1523 4838; x_wconf 69' lang='lat' dir='ltr'><strong>quaerimus,</strong></span> <span class='ocrx_word' id='word_1_569' title='bbox 1547 4768 1892 4838; x_wconf 89' lang='lat' dir='ltr'><strong>tempestiva</strong></span> <span class='ocrx_word' id='word_1_570' title='bbox 1915 4770 1964 4826; x_wconf 92' lang='lat' dir='ltr'><strong>si</strong></span> 
     </span>
    </p>
   </div>
   <div class='ocr_carea' id='block_1_81' title="bbox 312 4856 1962 4932">
    <p class='ocr_par' dir='ltr' id='par_1_81' title="bbox 312 4856 1962 4932">
     <span class='ocr_line' id='line_1_82' title="bbox 312 4856 1962 4932; baseline 0 -18"><span class='ocrx_word' id='word_1_571' title='bbox 312 4877 574 4932; x_wconf 88' lang='lat' dir='ltr'><strong>unquam</strong></span> <span class='ocrx_word' id='word_1_572' title='bbox 605 4859 890 4914; x_wconf 82' lang='lat' dir='ltr'><strong>afﬁnitate</strong></span> <span class='ocrx_word' id='word_1_573' title='bbox 921 4856 1472 4927; x_wconf 88' lang='lat' dir='ltr'><strong>contrahenda,qua</strong></span> <span class='ocrx_word' id='word_1_574' title='bbox 1496 4857 1962 4928; x_wconf 88' lang='lat' dir='ltr'><strong>pr0pinquorum</strong></span> 
     </span>
    </p>
   </div>
   <div class='ocr_carea' id='block_1_82' title="bbox 308 4945 1963 5004">
    <p class='ocr_par' dir='ltr' id='par_1_82' title="bbox 308 4945 1963 5004">
     <span class='ocr_line' id='line_1_83' title="bbox 308 4945 1963 5004; baseline 0.001 -2"><span class='ocrx_word' id='word_1_575' title='bbox 308 4951 560 5004; x_wconf 64' lang='lat' dir='ltr'><strong>dominas</strong></span> <span class='ocrx_word' id='word_1_576' title='bbox 594 4955 772 5004; x_wconf 70' lang='lat' dir='ltr'><strong>Anna:</strong></span> <span class='ocrx_word' id='word_1_577' title='bbox 807 4964 918 5003; x_wconf 90' lang='lat' dir='ltr'><strong>non</strong></span> <span class='ocrx_word' id='word_1_578' title='bbox 953 4947 1145 5002; x_wconf 90' lang='lat' dir='ltr'><strong>solum</strong></span> <span class='ocrx_word' id='word_1_579' title='bbox 1178 4950 1551 5001; x_wconf 85' lang='lat' dir='ltr'><strong>exarmentur</strong></span> <span class='ocrx_word' id='word_1_580' title='bbox 1585 4945 1682 5000; x_wconf 65' lang='lat' dir='ltr'><strong>ira:</strong></span> <span class='ocrx_word' id='word_1_581' title='bbox 1717 4947 1963 5004; x_wconf 85' lang='lat' dir='ltr'><strong>sublatis</strong></span> 
     </span>
    </p>
   </div>
   <div class='ocr_carea' id='block_1_83' title="bbox 306 5035 1963 5105">
    <p class='ocr_par' dir='ltr' id='par_1_83' title="bbox 306 5035 1963 5105">
     <span class='ocr_line' id='line_1_84' title="bbox 306 5035 1963 5105; baseline 0.001 -14"><span class='ocrx_word' id='word_1_582' title='bbox 306 5037 616 5092; x_wconf 87' lang='lat' dir='ltr'><strong>incentivis</strong></span> <span class='ocrx_word' id='word_1_583' title='bbox 648 5038 915 5093; x_wconf 90' lang='lat' dir='ltr'><strong>odiorum</strong></span> <span class='ocrx_word' id='word_1_584' title='bbox 966 5036 1066 5092; x_wconf 91' lang='lat' dir='ltr'><strong>sed</strong></span> <span class='ocrx_word' id='word_1_585' title='bbox 1116 5035 1292 5091; x_wconf 90' lang='lat' dir='ltr'><strong>etiam</strong></span> <span class='ocrx_word' id='word_1_586' title='bbox 1347 5051 1578 5090; x_wconf 85' lang='lat' dir='ltr'><strong>amores</strong></span> <span class='ocrx_word' id='word_1_587' title='bbox 1625 5035 1963 5105; x_wconf 86' lang='lat' dir='ltr'><strong>auxiliaque</strong></span> 
     </span>
    </p>
   </div>
   <div class='ocr_carea' id='block_1_84' title="bbox 306 5125 1959 5198">
    <p class='ocr_par' dir='ltr' id='par_1_84' title="bbox 306 5125 1959 5198">
     <span class='ocr_line' id='line_1_85' title="bbox 306 5125 1959 5198; baseline 0 -16"><span class='ocrx_word' id='word_1_588' title='bbox 306 5127 713 5192; x_wconf 89' lang='lat' dir='ltr'><strong>concilientur,</strong></span> <span class='ocrx_word' id='word_1_589' title='bbox 747 5133 1028 5198; x_wconf 86' lang='lat' dir='ltr'><strong>tanquam</strong></span> <span class='ocrx_word' id='word_1_590' title='bbox 1063 5125 1266 5197; x_wconf 89' lang='lat' dir='ltr'><strong>utique</strong></span> <span class='ocrx_word' id='word_1_591' title='bbox 1298 5125 1646 5196; x_wconf 89' lang='lat' dir='ltr'><strong>propinquis</strong></span> <span class='ocrx_word' id='word_1_592' title='bbox 1672 5131 1728 5181; x_wconf 88' lang='lat' dir='ltr'><strong>et</strong></span> <span class='ocrx_word' id='word_1_593' title='bbox 1760 5143 1959 5182; x_wconf 89' lang='lat' dir='ltr'><strong>neces-</strong></span> 
     </span>
    </p>
   </div>
   <div class='ocr_carea' id='block_1_85' title="bbox 306 5215 1958 5288">
    <p class='ocr_par' dir='ltr' id='par_1_85' title="bbox 306 5215 1958 5288">
     <span class='ocr_line' id='line_1_86' title="bbox 306 5215 1958 5288; baseline 0 -16"><span class='ocrx_word' id='word_1_594' title='bbox 306 5217 564 5272; x_wconf 85' lang='lat' dir='ltr'><strong>situdine</strong></span> <span class='ocrx_word' id='word_1_595' title='bbox 595 5218 871 5272; x_wconf 89' lang='lat' dir='ltr'><strong>connubii</strong></span> <span class='ocrx_word' id='word_1_596' title='bbox 932 5232 1064 5271; x_wconf 90' lang='lat' dir='ltr'><strong>cum</strong></span> <span class='ocrx_word' id='word_1_597' title='bbox 1124 5231 1322 5272; x_wconf 88' lang='lat' dir='ltr'><strong>sorore</strong></span> <span class='ocrx_word' id='word_1_598' title='bbox 1379 5215 1660 5270; x_wconf 83' lang='lat' dir='ltr'><strong>Manfredi</strong></span> <span class='ocrx_word' id='word_1_599' title='bbox 1721 5216 1958 5288; x_wconf 76' lang='lat' dir='ltr'><strong>{iliaque</strong></span> 
     </span>
    </p>
   </div>
   <div class='ocr_carea' id='block_1_86' title="bbox 304 5305 1955 5377">
    <p class='ocr_par' dir='ltr' id='par_1_86' title="bbox 304 5305 1955 5377">
     <span class='ocr_line' id='line_1_87' title="bbox 304 5305 1955 5377; baseline 0.002 -20"><span class='ocrx_word' id='word_1_600' title='bbox 304 5305 720 5375; x_wconf 82' lang='lat' dir='ltr'><strong>Fridericijam</strong></span> <span class='ocrx_word' id='word_1_601' title='bbox 745 5310 912 5376; x_wconf 81' lang='lat' dir='ltr'><strong>quasi</strong></span> <span class='ocrx_word' id='word_1_602' title='bbox 945 5307 1285 5362; x_wconf 89' lang='lat' dir='ltr'><strong>domesticis</strong></span> <span class='ocrx_word' id='word_1_603' title='bbox 1318 5306 1600 5377; x_wconf 90' lang='lat' dir='ltr'><strong>ipsorum.</strong></span> <span class='ocrx_word' id='word_1_604' title='bbox 1637 5305 1799 5361; x_wconf 87' lang='lat' dir='ltr'><strong>Talia</strong></span> <span class='ocrx_word' id='word_1_605' title='bbox 1831 5324 1955 5362; x_wconf 88' lang='lat' dir='ltr'><strong>ver-</strong></span> 
     </span>
    </p>
   </div>
   <div class='ocr_carea' id='block_1_87' title="bbox 303 5393 1955 5466">
    <p class='ocr_par' dir='ltr' id='par_1_87' title="bbox 303 5393 1955 5466">
     <span class='ocr_line' id='line_1_88' title="bbox 303 5393 1955 5466; baseline 0.001 -18"><span class='ocrx_word' id='word_1_606' title='bbox 303 5410 434 5449; x_wconf 89' lang='lat' dir='ltr'><strong>sare</strong></span> <span class='ocrx_word' id='word_1_607' title='bbox 465 5393 660 5449; x_wconf 90' lang='lat' dir='ltr'><strong>animo</strong></span> <span class='ocrx_word' id='word_1_608' title='bbox 685 5411 751 5449; x_wconf 91' lang='lat' dir='ltr'><strong>ac</strong></span> <span class='ocrx_word' id='word_1_609' title='bbox 774 5395 1108 5466; x_wconf 77' lang='lat' dir='ltr'><strong>sophisticis</strong></span> <span class='ocrx_word' id='word_1_610' title='bbox 1141 5395 1450 5450; x_wconf 86' lang='lat' dir='ltr'><strong>honestare</strong></span> <span class='ocrx_word' id='word_1_611' title='bbox 1479 5395 1680 5451; x_wconf 84' lang='lat' dir='ltr'><strong>conari</strong></span> <span class='ocrx_word' id='word_1_612' title='bbox 1714 5395 1955 5452; x_wconf 91' lang='lat' dir='ltr'><strong>rationi-</strong></span> 
     </span>
    </p>
   </div>
   <div class='ocr_carea' id='block_1_88' title="bbox 299 5483 1952 5555">
    <p class='ocr_par' dir='ltr' id='par_1_88' title="bbox 299 5483 1952 5555">
     <span class='ocr_line' id='line_1_89' title="bbox 299 5483 1952 5555; baseline 0.003 -18"><span class='ocrx_word' id='word_1_613' title='bbox 299 5483 412 5538; x_wconf 90' lang='lat' dir='ltr'><strong>bus</strong></span> <span class='ocrx_word' id='word_1_614' title='bbox 460 5483 869 5555; x_wconf 85' lang='lat' dir='ltr'><strong>imperatorem</strong></span> <span class='ocrx_word' id='word_1_615' title='bbox 902 5487 1100 5554; x_wconf 87' lang='lat' dir='ltr'><strong>(prout</strong></span> <span class='ocrx_word' id='word_1_616' title='bbox 1158 5485 1427 5553; x_wconf 73' lang='lat' dir='ltr'><strong>adigebat</strong></span> <span class='ocrx_word' id='word_1_617' title='bbox 1483 5485 1650 5539; x_wconf 90' lang='lat' dir='ltr'><strong>illum</strong></span> <span class='ocrx_word' id='word_1_618' title='bbox 1701 5503 1952 5543; x_wconf 85' lang='lat' dir='ltr'><strong>exurens</strong></span> 
     </span>
    </p>
   </div>
   <div class='ocr_carea' id='block_1_89' title="bbox 297 5570 1952 5639">
    <p class='ocr_par' dir='ltr' id='par_1_89' title="bbox 297 5570 1952 5639">
     <span class='ocr_line' id='line_1_90' title="bbox 297 5570 1952 5639; baseline 0.004 -14"><span class='ocrx_word' id='word_1_619' title='bbox 297 5570 506 5627; x_wconf 90' lang='lat' dir='ltr'><strong>intime</strong></span> <span class='ocrx_word' id='word_1_620' title='bbox 521 5589 790 5628; x_wconf 63' lang='lat' dir='ltr'><strong>vesanus</strong></span> <span class='ocrx_word' id='word_1_621' title='bbox 812 5589 997 5639; x_wconf 91' lang='lat' dir='ltr'><strong>amor,</strong></span> <span class='ocrx_word' id='word_1_622' title='bbox 1015 5572 1245 5626; x_wconf 89' lang='lat' dir='ltr'><strong>irrideri</strong></span> <span class='ocrx_word' id='word_1_623' title='bbox 1269 5589 1396 5628; x_wconf 86' lang='lat' dir='ltr'><strong>sese</strong></span> <span class='ocrx_word' id='word_1_624' title='bbox 1417 5591 1449 5628; x_wconf 91' lang='lat' dir='ltr'><strong>a</strong></span> <span class='ocrx_word' id='word_1_625' title='bbox 1473 5591 1504 5629; x_wconf 92' lang='lat' dir='ltr'><strong>a</strong></span> <span class='ocrx_word' id='word_1_626' title='bbox 1524 5574 1763 5629; x_wconf 90' lang='lat' dir='ltr'><strong>domina</strong></span> <span class='ocrx_word' id='word_1_627' title='bbox 1787 5581 1952 5631; x_wconf 84' lang='lat' dir='ltr'><strong>Anna</strong></span> 
     </span>
    </p>
   </div>
   <div class='ocr_carea' id='block_1_90' title="bbox 295 5660 1948 5732">
    <p class='ocr_par' dir='ltr' id='par_1_90' title="bbox 295 5660 1948 5732">
     <span class='ocr_line' id='line_1_91' title="bbox 295 5660 1948 5732; baseline 0.005 -20"><span class='ocrx_word' id='word_1_628' title='bbox 295 5661 353 5713; x_wconf 89' lang='lat' dir='ltr'><strong>et</strong></span> <span class='ocrx_word' id='word_1_629' title='bbox 381 5675 529 5715; x_wconf 86' lang='lat' dir='ltr'><strong>vana</strong></span> <span class='ocrx_word' id='word_1_630' title='bbox 558 5662 788 5732; x_wconf 80' lang='lat' dir='ltr'><strong>objecta</strong></span> <span class='ocrx_word' id='word_1_631' title='bbox 819 5660 1079 5729; x_wconf 87' lang='lat' dir='ltr'><strong>imagine</strong></span> <span class='ocrx_word' id='word_1_632' title='bbox 1103 5677 1406 5731; x_wconf 80' lang='lat' dir='ltr'><strong>nunquam</strong></span> <span class='ocrx_word' id='word_1_633' title='bbox 1443 5665 1773 5719; x_wconf 89' lang='lat' dir='ltr'><strong>successuri</strong></span> <span class='ocrx_word' id='word_1_634' title='bbox 1810 5682 1948 5721; x_wconf 93' lang='lat' dir='ltr'><strong>con-</strong></span> 
     </span>
    </p>
   </div>
   <div class='ocr_carea' id='block_1_91' title="bbox 287 5746 1948 5828">
    <p class='ocr_par' dir='ltr' id='par_1_91' title="bbox 287 5746 1948 5828">
     <span class='ocr_line' id='line_1_92' title="bbox 287 5746 1948 5828; baseline 0.006 -26"><span class='ocrx_word' id='word_1_635' title='bbox 287 5746 444 5828; x_wconf 81' lang='lat' dir='ltr'><strong>jugii</strong></span> <span class='ocrx_word' id='word_1_636' title='bbox 465 5748 664 5806; x_wconf 88' lang='lat' dir='ltr'><strong>deludi</strong></span> <span class='ocrx_word' id='word_1_637' title='bbox 682 5767 796 5807; x_wconf 91' lang='lat' dir='ltr'><strong>non</strong></span> <span class='ocrx_word' id='word_1_638' title='bbox 815 5748 1188 5821; x_wconf 89' lang='lat' dir='ltr'><strong>sentientem)</strong></span> <span class='ocrx_word' id='word_1_639' title='bbox 1202 5751 1448 5808; x_wconf 89' lang='lat' dir='ltr'><strong>audiens</strong></span> <span class='ocrx_word' id='word_1_640' title='bbox 1466 5755 1732 5825; x_wconf 87' lang='lat' dir='ltr'><strong>Augusta</strong></span> <span class='ocrx_word' id='word_1_641' title='bbox 1753 5754 1914 5812; x_wconf 89' lang='lat' dir='ltr'><strong>Theo</strong></span> <span class='ocrx_word' id='word_1_642' title='bbox 1928 5787 1948 5800; x_wconf 90' lang='lat'><strong>-</strong></span> 
     </span>
    </p>
   </div>
   <div class='ocr_carea' id='block_1_92' title="bbox 2102 3335 3744 3408">
    <p class='ocr_par' dir='ltr' id='par_1_92' title="bbox 2102 3335 3744 3408">
     <span class='ocr_line' id='line_1_93' title="bbox 2102 3335 3744 3408; baseline 0.005 -22"><span class='ocrx_word' id='word_1_643' title='bbox 2102 3339 2458 3404; x_wconf 86' lang='lat' dir='ltr'><strong>compertam</strong></span> <span class='ocrx_word' id='word_1_644' title='bbox 2528 3335 2712 3407; x_wconf 67' lang='lat' dir='ltr'><strong>culpa:</strong></span> <span class='ocrx_word' id='word_1_645' title='bbox 2780 3338 3100 3408; x_wconf 72' lang='lat' dir='ltr'><strong>repudiari,</strong></span> <span class='ocrx_word' id='word_1_646' title='bbox 3157 3338 3540 3403; x_wconf 84' lang='lat' dir='ltr'><strong>exauctorari,</strong></span> <span class='ocrx_word' id='word_1_647' title='bbox 3597 3338 3744 3408; x_wconf 88' lang='lat' dir='ltr'><strong>viro,</strong></span> 
     </span>
    </p>
   </div>
   <div class='ocr_carea' id='block_1_93' title="bbox 2100 3422 3752 3498">
    <p class='ocr_par' dir='ltr' id='par_1_93' title="bbox 2100 3422 3752 3498">
     <span class='ocr_line' id='line_1_94' title="bbox 2100 3422 3752 3498; baseline 0.005 -23"><span class='ocrx_word' id='word_1_648' title='bbox 2100 3422 2369 3493; x_wconf 85' lang='lat' dir='ltr'><strong>imperio,</strong></span> <span class='ocrx_word' id='word_1_649' title='bbox 2402 3424 2623 3480; x_wconf 89' lang='lat' dir='ltr'><strong>honore</strong></span> <span class='ocrx_word' id='word_1_650' title='bbox 2652 3426 2814 3480; x_wconf 91' lang='lat' dir='ltr'><strong>omni</strong></span> <span class='ocrx_word' id='word_1_651' title='bbox 2848 3428 3133 3497; x_wconf 85' lang='lat' dir='ltr'><strong>privatam</strong></span> <span class='ocrx_word' id='word_1_652' title='bbox 3168 3429 3364 3498; x_wconf 81' lang='lat' dir='ltr'><strong>abjici,</strong></span> <span class='ocrx_word' id='word_1_653' title='bbox 3398 3433 3454 3483; x_wconf 90' lang='lat' dir='ltr'><strong>et</strong></span> <span class='ocrx_word' id='word_1_654' title='bbox 3481 3427 3752 3484; x_wconf 66' lang='lat' dir='ltr'><strong>aemulam</strong></span> 
     </span>
    </p>
   </div>
   <div class='ocr_carea' id='block_1_94' title="bbox 2097 3511 3747 3575">
    <p class='ocr_par' dir='ltr' id='par_1_94' title="bbox 2097 3511 3747 3575">
     <span class='ocr_line' id='line_1_95' title="bbox 2097 3511 3747 3575; baseline 0.006 -11"><span class='ocrx_word' id='word_1_655' title='bbox 2097 3513 2153 3564; x_wconf 91' lang='lat' dir='ltr'><strong>in</strong></span> <span class='ocrx_word' id='word_1_656' title='bbox 2191 3511 2381 3567; x_wconf 65' lang='lat' dir='ltr'><strong>letum</strong></span> <span class='ocrx_word' id='word_1_657' title='bbox 2414 3530 2587 3569; x_wconf 90' lang='lat' dir='ltr'><strong>suum</strong></span> <span class='ocrx_word' id='word_1_658' title='bbox 2620 3514 2910 3570; x_wconf 90' lang='lat' dir='ltr'><strong>intrusam</strong></span> <span class='ocrx_word' id='word_1_659' title='bbox 2944 3517 3098 3572; x_wconf 71' lang='grc'><strong>184</strong></span> <span class='ocrx_word' id='word_1_660' title='bbox 3145 3533 3402 3575; x_wconf 89' lang='lat' dir='ltr'><strong>cernere.</strong></span> <span class='ocrx_word' id='word_1_661' title='bbox 3437 3519 3552 3574; x_wconf 86' lang='lat' dir='ltr'><strong>Hoc</strong></span> <span class='ocrx_word' id='word_1_662' title='bbox 3585 3523 3747 3574; x_wconf 87' lang='lat' dir='ltr'><strong>metu</strong></span> 
     </span>
    </p>
   </div>
   <div class='ocr_carea' id='block_1_95' title="bbox 2097 3602 3758 3677">
    <p class='ocr_par' dir='ltr' id='par_1_95' title="bbox 2097 3602 3758 3677">
     <span class='ocr_line' id='line_1_96' title="bbox 2097 3602 3758 3677; baseline 0.007 -23"><span class='ocrx_word' id='word_1_663' title='bbox 2097 3602 2274 3656; x_wconf 87' lang='lat' dir='ltr'><strong>anxia</strong></span> <span class='ocrx_word' id='word_1_664' title='bbox 2307 3603 2489 3658; x_wconf 83' lang='lat' dir='ltr'><strong>mittit</strong></span> <span class='ocrx_word' id='word_1_665' title='bbox 2519 3605 2588 3657; x_wconf 89' lang='lat' dir='ltr'><strong>ad</strong></span> <span class='ocrx_word' id='word_1_666' title='bbox 2625 3604 3019 3675; x_wconf 86' lang='lat' dir='ltr'><strong>patriarcham</strong></span> <span class='ocrx_word' id='word_1_667' title='bbox 3057 3606 3159 3677; x_wconf 92' lang='lat' dir='ltr'><strong>qui</strong></span> <span class='ocrx_word' id='word_1_668' title='bbox 3191 3625 3325 3662; x_wconf 90' lang='lat' dir='ltr'><strong>eum</strong></span> <span class='ocrx_word' id='word_1_669' title='bbox 3359 3625 3466 3663; x_wconf 91' lang='lat' dir='ltr'><strong>suo</strong></span> <span class='ocrx_word' id='word_1_670' title='bbox 3517 3608 3758 3665; x_wconf 84' lang='lat' dir='ltr'><strong>nomine</strong></span> 
     </span>
    </p>
   </div>
   <div class='ocr_carea' id='block_1_96' title="bbox 2096 3691 3760 3769">
    <p class='ocr_par' dir='ltr' id='par_1_96' title="bbox 2096 3691 3760 3769">
     <span class='ocr_line' id='line_1_97' title="bbox 2096 3691 3760 3769; baseline 0.004 -23"><span class='ocrx_word' id='word_1_671' title='bbox 2096 3691 2445 3761; x_wconf 88' lang='lat' dir='ltr'><strong>suppliciter</strong></span> <span class='ocrx_word' id='word_1_672' title='bbox 2476 3701 2745 3765; x_wconf 85' lang='lat' dir='ltr'><strong>rogarent</strong></span> <span class='ocrx_word' id='word_1_673' title='bbox 2780 3699 2842 3748; x_wconf 89' lang='lat' dir='ltr'><strong>ut</strong></span> <span class='ocrx_word' id='word_1_674' title='bbox 2875 3700 2994 3750; x_wconf 90' lang='lat' dir='ltr'><strong>tam</strong></span> <span class='ocrx_word' id='word_1_675' title='bbox 3029 3701 3285 3751; x_wconf 89' lang='lat' dir='ltr'><strong>atrocem</strong></span> <span class='ocrx_word' id='word_1_676' title='bbox 3319 3714 3353 3752; x_wconf 86' lang='lat' dir='ltr'><strong>a</strong></span> <span class='ocrx_word' id='word_1_677' title='bbox 3378 3714 3441 3752; x_wconf 92' lang='lat' dir='ltr'><strong>se</strong></span> <span class='ocrx_word' id='word_1_678' title='bbox 3466 3697 3760 3769; x_wconf 87' lang='lat' dir='ltr'><strong>injuriam‘</strong></span> 
     </span>
    </p>
   </div>
   <div class='ocr_carea' id='block_1_97' title="bbox 2096 3781 3758 3854">
    <p class='ocr_par' dir='ltr' id='par_1_97' title="bbox 2096 3781 3758 3854">
     <span class='ocr_line' id='line_1_98' title="bbox 2096 3781 3758 3854; baseline 0.004 -20"><span class='ocrx_word' id='word_1_679' title='bbox 2096 3785 2336 3846; x_wconf 87' lang='lat' dir='ltr'><strong>arceret,</strong></span> <span class='ocrx_word' id='word_1_680' title='bbox 2369 3781 2830 3854; x_wconf 89' lang='lat' dir='ltr'><strong>dignareturque</strong></span> <span class='ocrx_word' id='word_1_681' title='bbox 2862 3800 2965 3854; x_wconf 92' lang='lat' dir='ltr'><strong>pro</strong></span> <span class='ocrx_word' id='word_1_682' title='bbox 2997 3801 3107 3840; x_wconf 90' lang='lat' dir='ltr'><strong>sua</strong></span> <span class='ocrx_word' id='word_1_683' title='bbox 3150 3788 3503 3842; x_wconf 86' lang='lat' dir='ltr'><strong>auctoritate</strong></span> <span class='ocrx_word' id='word_1_684' title='bbox 3561 3786 3758 3841; x_wconf 88' lang='lat' dir='ltr'><strong>deter-</strong></span> 
     </span>
    </p>
   </div>
   <div class='ocr_carea' id='block_1_98' title="bbox 2095 3872 3758 3947">
    <p class='ocr_par' dir='ltr' id='par_1_98' title="bbox 2095 3872 3758 3947">
     <span class='ocr_line' id='line_1_99' title="bbox 2095 3872 3758 3947; baseline 0.003 -24"><span class='ocrx_word' id='word_1_685' title='bbox 2095 3887 2218 3924; x_wconf 90' lang='lat' dir='ltr'><strong>rere</strong></span> <span class='ocrx_word' id='word_1_686' title='bbox 2272 3872 2706 3940; x_wconf 87' lang='lat' dir='ltr'><strong>imperatorem,</strong></span> <span class='ocrx_word' id='word_1_687' title='bbox 2763 3889 2837 3928; x_wconf 90' lang='lat' dir='ltr'><strong>ne</strong></span> <span class='ocrx_word' id='word_1_688' title='bbox 2894 3879 3012 3928; x_wconf 87' lang='lat' dir='ltr'><strong>tam</strong></span> <span class='ocrx_word' id='word_1_689' title='bbox 3075 3880 3342 3945; x_wconf 85' lang='lat' dir='ltr'><strong>proterve</strong></span> <span class='ocrx_word' id='word_1_690' title='bbox 3394 3891 3609 3931; x_wconf 84' lang='lat' dir='ltr'><strong>uxores</strong></span> <span class='ocrx_word' id='word_1_691' title='bbox 3645 3891 3758 3947; x_wconf 89' lang='lat' dir='ltr'><strong>pro</strong></span> 
     </span>
    </p>
   </div>
   <div class='ocr_carea' id='block_1_99' title="bbox 2090 3959 3751 4034">
    <p class='ocr_par' dir='ltr' id='par_1_99' title="bbox 2090 3959 3751 4034">
     <span class='ocr_line' id='line_1_100' title="bbox 2090 3959 3751 4034; baseline 0.004 -22"><span class='ocrx_word' id='word_1_692' title='bbox 2090 3959 2260 4022; x_wconf 80' lang='lat' dir='ltr'><strong>libito</strong></span> <span class='ocrx_word' id='word_1_693' title='bbox 2284 3962 2703 4016; x_wconf 90' lang='lat' dir='ltr'><strong>commutando</strong></span> <span class='ocrx_word' id='word_1_694' title='bbox 2727 3961 2940 4018; x_wconf 89' lang='lat' dir='ltr'><strong>divinis</strong></span> <span class='ocrx_word' id='word_1_695' title='bbox 2962 3962 3192 4034; x_wconf 89' lang='lat' dir='ltr'><strong>legibus</strong></span> <span class='ocrx_word' id='word_1_696' title='bbox 3212 3963 3458 4019; x_wconf 89' lang='lat' dir='ltr'><strong>illuders</strong></span> <span class='ocrx_word' id='word_1_697' title='bbox 3482 3966 3751 4020; x_wconf 88' lang='lat' dir='ltr'><strong>auderet.</strong></span> 
     </span>
    </p>
   </div>
   <div class='ocr_carea' id='block_1_100' title="bbox 2093 4049 3751 4125">
    <p class='ocr_par' dir='ltr' id='par_1_100' title="bbox 2093 4049 3751 4125">
     <span class='ocr_line' id='line_1_101' title="bbox 2093 4049 3751 4125; baseline 0.002 -21"><span class='ocrx_word' id='word_1_698' title='bbox 2093 4050 2338 4104; x_wconf 88' lang='lat' dir='ltr'><strong>Miratus</strong></span> <span class='ocrx_word' id='word_1_699' title='bbox 2375 4049 2691 4120; x_wconf 91' lang='lat' dir='ltr'><strong>plurimum</strong></span> <span class='ocrx_word' id='word_1_700' title='bbox 2726 4052 2835 4106; x_wconf 91' lang='lat' dir='ltr'><strong>hoc</strong></span> <span class='ocrx_word' id='word_1_701' title='bbox 2857 4052 3104 4108; x_wconf 91' lang='lat' dir='ltr'><strong>audiens</strong></span> <span class='ocrx_word' id='word_1_702' title='bbox 3129 4055 3460 4123; x_wconf 87' lang='lat' dir='ltr'><strong>patriarcha</strong></span> <span class='ocrx_word' id='word_1_703' title='bbox 3480 4058 3570 4110; x_wconf 88' lang='lat' dir='ltr'><strong>est</strong></span> <span class='ocrx_word' id='word_1_704' title='bbox 3589 4053 3751 4125; x_wconf 89' lang='lat' dir='ltr'><strong>cogi-</strong></span> 
     </span>
    </p>
   </div>
   <div class='ocr_carea' id='block_1_101' title="bbox 2094 4140 3750 4214">
    <p class='ocr_par' dir='ltr' id='par_1_101' title="bbox 2094 4140 3750 4214">
     <span class='ocr_line' id='line_1_102' title="bbox 2094 4140 3750 4214; baseline 0.004 -22"><span class='ocrx_word' id='word_1_705' title='bbox 2094 4140 2202 4192; x_wconf 88' lang='lat' dir='ltr'><strong>tari</strong></span> <span class='ocrx_word' id='word_1_706' title='bbox 2235 4140 2626 4211; x_wconf 88' lang='lat' dir='ltr'><strong>attentarique</strong></span> <span class='ocrx_word' id='word_1_707' title='bbox 2649 4156 2738 4195; x_wconf 91' lang='lat' dir='ltr'><strong>res</strong></span> <span class='ocrx_word' id='word_1_708' title='bbox 2761 4140 2907 4196; x_wconf 88' lang='lat' dir='ltr'><strong>tales</strong></span> <span class='ocrx_word' id='word_1_709' title='bbox 2931 4142 3002 4197; x_wconf 90' lang='lat' dir='ltr'><strong>ab</strong></span> <span class='ocrx_word' id='word_1_710' title='bbox 3028 4141 3404 4212; x_wconf 84' lang='lat' dir='ltr'><strong>imperatore,</strong></span> <span class='ocrx_word' id='word_1_711' title='bbox 3429 4141 3624 4214; x_wconf 90' lang='lat' dir='ltr'><strong>palam</strong></span> <span class='ocrx_word' id='word_1_712' title='bbox 3650 4142 3750 4198; x_wconf 89' lang='lat' dir='ltr'><strong>in-</strong></span> 
     </span>
    </p>
   </div>
   <div class='ocr_carea' id='block_1_102' title="bbox 2091 4227 3750 4303">
    <p class='ocr_par' dir='ltr' id='par_1_102' title="bbox 2091 4227 3750 4303">
     <span class='ocr_line' id='line_1_103' title="bbox 2091 4227 3750 4303; baseline 0.003 -21"><span class='ocrx_word' id='word_1_713' title='bbox 2091 4227 2384 4282; x_wconf 88' lang='lat' dir='ltr'><strong>concessis</strong></span> <span class='ocrx_word' id='word_1_714' title='bbox 2415 4227 2700 4296; x_wconf 89' lang='lat' dir='ltr'><strong>inbiante,</strong></span> <span class='ocrx_word' id='word_1_715' title='bbox 2727 4246 2833 4284; x_wconf 92' lang='lat' dir='ltr'><strong>nec</strong></span> <span class='ocrx_word' id='word_1_716' title='bbox 2862 4235 3095 4285; x_wconf 90' lang='lat' dir='ltr'><strong>verente</strong></span> <span class='ocrx_word' id='word_1_717' title='bbox 3129 4248 3232 4303; x_wconf 92' lang='lat' dir='ltr'><strong>per</strong></span> <span class='ocrx_word' id='word_1_718' title='bbox 3261 4231 3638 4287; x_wconf 80' lang='lat' dir='ltr'><strong>conculcatas</strong></span> <span class='ocrx_word' id='word_1_719' title='bbox 3668 4230 3750 4288; x_wconf 92' lang='lat' dir='ltr'><strong>le-</strong></span> 
     </span>
    </p>
   </div>
   <div class='ocr_carea' id='block_1_103' title="bbox 2089 4317 3743 4392">
    <p class='ocr_par' dir='ltr' id='par_1_103' title="bbox 2089 4317 3743 4392">
     <span class='ocr_line' id='line_1_104' title="bbox 2089 4317 3743 4392; baseline 0.003 -20"><span class='ocrx_word' id='word_1_720' title='bbox 2089 4333 2188 4389; x_wconf 91' lang='lat' dir='ltr'><strong>ges</strong></span> <span class='ocrx_word' id='word_1_721' title='bbox 2217 4317 2275 4372; x_wconf 91' lang='lat' dir='ltr'><strong>in</strong></span> <span class='ocrx_word' id='word_1_722' title='bbox 2307 4317 2697 4388; x_wconf 87' lang='lat' dir='ltr'><strong>cupiditatum</strong></span> <span class='ocrx_word' id='word_1_723' title='bbox 2732 4319 3085 4390; x_wconf 86' lang='lat' dir='ltr'><strong>obsequium</strong></span> <span class='ocrx_word' id='word_1_724' title='bbox 3107 4325 3541 4392; x_wconf 73' lang='lat' dir='ltr'><strong>rucre,quantae</strong></span> <span class='ocrx_word' id='word_1_725' title='bbox 3571 4321 3743 4377; x_wconf 90' lang='lat' dir='ltr'><strong>illum</strong></span> 
     </span>
    </p>
   </div>
   <div class='ocr_carea' id='block_1_104' title="bbox 2089 4406 3746 4476">
    <p class='ocr_par' dir='ltr' id='par_1_104' title="bbox 2089 4406 3746 4476">
     <span class='ocr_line' id='line_1_105' title="bbox 2089 4406 3746 4476; baseline 0.004 -16"><span class='ocrx_word' id='word_1_726' title='bbox 2089 4406 2363 4476; x_wconf 78' lang='lat' dir='ltr'><strong>nequitias</strong></span> <span class='ocrx_word' id='word_1_727' title='bbox 2387 4423 2658 4476; x_wconf 83' lang='lat' dir='ltr'><strong>capacem</strong></span> <span class='ocrx_word' id='word_1_728' title='bbox 2683 4425 2798 4464; x_wconf 93' lang='lat' dir='ltr'><strong>non</strong></span> <span class='ocrx_word' id='word_1_729' title='bbox 2819 4415 2954 4465; x_wconf 85' lang='lat' dir='ltr'><strong>ante</strong></span> <span class='ocrx_word' id='word_1_730' title='bbox 2975 4410 3348 4466; x_wconf 80' lang='lat' dir='ltr'><strong>credidisset.</strong></span> <span class='ocrx_word' id='word_1_731' title='bbox 3375 4412 3560 4476; x_wconf 89' lang='lat' dir='ltr'><strong>Quare</strong></span> <span class='ocrx_word' id='word_1_732' title='bbox 3582 4411 3746 4467; x_wconf 86' lang='lat' dir='ltr'><strong>haud</strong></span> 
     </span>
    </p>
   </div>
   <div class='ocr_carea' id='block_1_105' title="bbox 2089 4496 3749 4570">
    <p class='ocr_par' dir='ltr' id='par_1_105' title="bbox 2089 4496 3749 4570">
     <span class='ocr_line' id='line_1_106' title="bbox 2089 4496 3749 4570; baseline 0.004 -20"><span class='ocrx_word' id='word_1_733' title='bbox 2089 4496 2343 4551; x_wconf 88' lang='lat' dir='ltr'><strong>molliter</strong></span> <span class='ocrx_word' id='word_1_734' title='bbox 2361 4496 2761 4569; x_wconf 64' lang='lat' dir='ltr'><strong>castigandam</strong></span> <span class='ocrx_word' id='word_1_735' title='bbox 2787 4503 2944 4553; x_wconf 81' lang='lat' dir='ltr'><strong>ratus</strong></span> <span class='ocrx_word' id='word_1_736' title='bbox 2966 4505 3386 4570; x_wconf 89' lang='lat' dir='ltr'><strong>erumpentem</strong></span> <span class='ocrx_word' id='word_1_737' title='bbox 3413 4500 3473 4555; x_wconf 90' lang='lat' dir='ltr'><strong>in</strong></span> <span class='ocrx_word' id='word_1_738' title='bbox 3506 4505 3627 4556; x_wconf 86' lang='lat' dir='ltr'><strong>tam</strong></span> <span class='ocrx_word' id='word_1_739' title='bbox 3651 4501 3749 4556; x_wconf 85' lang='lat' dir='ltr'><strong>in-</strong></span> 
     </span>
    </p>
   </div>
   <div class='ocr_carea' id='block_1_106' title="bbox 2087 4587 3747 4662">
    <p class='ocr_par' dir='ltr' id='par_1_106' title="bbox 2087 4587 3747 4662">
     <span class='ocr_line' id='line_1_107' title="bbox 2087 4587 3747 4662; baseline 0.004 -22"><span class='ocrx_word' id='word_1_740' title='bbox 2087 4587 2448 4642; x_wconf 83' lang='lat' dir='ltr'><strong>vrrecundos</strong></span> <span class='ocrx_word' id='word_1_741' title='bbox 2480 4603 2662 4642; x_wconf 90' lang='lat' dir='ltr'><strong>ausus</strong></span> <span class='ocrx_word' id='word_1_742' title='bbox 2692 4587 3011 4658; x_wconf 88' lang='lat' dir='ltr'><strong>insaniam,</strong></span> <span class='ocrx_word' id='word_1_743' title='bbox 3045 4589 3396 4661; x_wconf 86' lang='lat' dir='ltr'><strong>gravissime</strong></span> <span class='ocrx_word' id='word_1_744' title='bbox 3425 4589 3594 4645; x_wconf 90' lang='lat' dir='ltr'><strong>illum</strong></span> <span class='ocrx_word' id='word_1_745' title='bbox 3629 4607 3747 4662; x_wconf 86' lang='lat' dir='ltr'><strong>qua</strong></span> 
     </span>
    </p>
   </div>
   <div class='ocr_carea' id='block_1_107' title="bbox 2083 4677 3743 4750">
    <p class='ocr_par' dir='ltr' id='par_1_107' title="bbox 2083 4677 3743 4750">
     <span class='ocr_line' id='line_1_108' title="bbox 2083 4677 3743 4750; baseline 0.004 -21"><span class='ocrx_word' id='word_1_746' title='bbox 2083 4677 2486 4746; x_wconf 84' lang='lat' dir='ltr'><strong>exprobrando</strong></span> <span class='ocrx_word' id='word_1_747' title='bbox 2506 4694 2622 4746; x_wconf 90' lang='lat' dir='ltr'><strong>qua</strong></span> <span class='ocrx_word' id='word_1_748' title='bbox 2640 4677 3008 4749; x_wconf 82' lang='lat' dir='ltr'><strong>objurgando</strong></span> <span class='ocrx_word' id='word_1_749' title='bbox 3038 4679 3348 4750; x_wconf 78' lang='lat' dir='ltr'><strong>increpuit,</strong></span> <span class='ocrx_word' id='word_1_750' title='bbox 3371 4680 3548 4735; x_wconf 86' lang='lat' dir='ltr'><strong>minis</strong></span> <span class='ocrx_word' id='word_1_751' title='bbox 3565 4679 3743 4736; x_wconf 85' lang='lat' dir='ltr'><strong>etiam</strong></span> 
     </span>
    </p>
   </div>
   <div class='ocr_carea' id='block_1_108' title="bbox 2077 4765 3746 4842">
    <p class='ocr_par' dir='ltr' id='par_1_108' title="bbox 2077 4765 3746 4842">
     <span class='ocr_line' id='line_1_109' title="bbox 2077 4765 3746 4842; baseline 0.004 -23"><span class='ocrx_word' id='word_1_752' title='bbox 2077 4765 2922 4822; x_wconf 60' lang='lat' dir='ltr'><strong>intentatisiraedivinteﬁimnl</strong></span> <span class='ocrx_word' id='word_1_753' title='bbox 2941 4767 3288 4839; x_wconf 84' lang='lat' dir='ltr'><strong>allegatosin</strong></span> <span class='ocrx_word' id='word_1_754' title='bbox 3305 4770 3600 4824; x_wconf 89' lang='lat' dir='ltr'><strong>obtentum</strong></span> <span class='ocrx_word' id='word_1_755' title='bbox 3615 4787 3746 4842; x_wconf 81' lang='lat' dir='ltr'><strong>pro_</strong></span> 
     </span>
    </p>
   </div>
   <div class='ocr_carea' id='block_1_109' title="bbox 2075 4855 3748 4928">
    <p class='ocr_par' dir='ltr' id='par_1_109' title="bbox 2075 4855 3748 4928">
     <span class='ocr_line' id='line_1_110' title="bbox 2075 4855 3748 4928; baseline 0.004 -20"><span class='ocrx_word' id='word_1_756' title='bbox 2075 4860 2251 4910; x_wconf 71' lang='lat' dir='ltr'><strong>ter-vae</strong></span> <span class='ocrx_word' id='word_1_757' title='bbox 2271 4855 2518 4910; x_wconf 66' lang='lat' dir='ltr'><strong>lasciviae</strong></span> <span class='ocrx_word' id='word_1_758' title='bbox 2545 4861 2858 4924; x_wconf 77' lang='lat' dir='ltr'><strong>praetextus</strong></span> <span class='ocrx_word' id='word_1_759' title='bbox 2883 4863 2946 4912; x_wconf 91' lang='lat' dir='ltr'><strong>ut</strong></span> <span class='ocrx_word' id='word_1_760' title='bbox 2965 4857 3113 4914; x_wconf 91' lang='lat' dir='ltr'><strong>telas</strong></span> <span class='ocrx_word' id='word_1_761' title='bbox 3137 4875 3491 4914; x_wconf 88' lang='lat' dir='ltr'><strong>aranearum</strong></span> <span class='ocrx_word' id='word_1_762' title='bbox 3516 4861 3748 4928; x_wconf 70' lang='lat' dir='ltr'><strong>amovit</strong></span> 
     </span>
    </p>
   </div>
   <div class='ocr_carea' id='block_1_110' title="bbox 2073 4945 3746 5016">
    <p class='ocr_par' dir='ltr' id='par_1_110' title="bbox 2073 4945 3746 5016">
     <span class='ocr_line' id='line_1_111' title="bbox 2073 4945 3746 5016; baseline 0.003 -18"><span class='ocrx_word' id='word_1_763' title='bbox 2073 4945 2462 5016; x_wconf 80' lang='lat' dir='ltr'><strong>dilflavitque,</strong></span> <span class='ocrx_word' id='word_1_764' title='bbox 2480 4947 2779 5016; x_wconf 86' lang='lat' dir='ltr'><strong>sapienter</strong></span> <span class='ocrx_word' id='word_1_765' title='bbox 2803 4963 3051 5002; x_wconf 88' lang='lat' dir='ltr'><strong>monens</strong></span> <span class='ocrx_word' id='word_1_766' title='bbox 3078 4948 3393 5004; x_wconf 82' lang='lat' dir='ltr'><strong>formidare</strong></span> <span class='ocrx_word' id='word_1_767' title='bbox 3409 4951 3522 5005; x_wconf 87' lang='lat' dir='ltr'><strong>vim</strong></span> <span class='ocrx_word' id='word_1_768' title='bbox 3547 4949 3746 5004; x_wconf 81' lang='lat' dir='ltr'><strong>homi-</strong></span> 
     </span>
    </p>
   </div>
   <div class='ocr_carea' id='block_1_111' title="bbox 2074 5035 3738 5109">
    <p class='ocr_par' dir='ltr' id='par_1_111' title="bbox 2074 5035 3738 5109">
     <span class='ocr_line' id='line_1_112' title="bbox 2074 5035 3738 5109; baseline 0.003 -20"><span class='ocrx_word' id='word_1_769' title='bbox 2074 5051 2214 5089; x_wconf 90' lang='lat' dir='ltr'><strong>num</strong></span> <span class='ocrx_word' id='word_1_770' title='bbox 2248 5039 2306 5090; x_wconf 93' lang='lat' dir='ltr'><strong>et</strong></span> <span class='ocrx_word' id='word_1_771' title='bbox 2341 5035 2437 5090; x_wconf 89' lang='lat' dir='ltr'><strong>Dei</strong></span> <span class='ocrx_word' id='word_1_772' title='bbox 2471 5051 2686 5090; x_wconf 88' lang='lat' dir='ltr'><strong>numen</strong></span> <span class='ocrx_word' id='word_1_773' title='bbox 2721 5052 2787 5091; x_wconf 90' lang='lat' dir='ltr'><strong>ac</strong></span> <span class='ocrx_word' id='word_1_774' title='bbox 2809 5035 3049 5109; x_wconf 88' lang='lat' dir='ltr'><strong>vigilem</strong></span> <span class='ocrx_word' id='word_1_775' title='bbox 3075 5037 3135 5092; x_wconf 93' lang='lat' dir='ltr'><strong>in</strong></span> <span class='ocrx_word' id='word_1_776' title='bbox 3170 5037 3394 5094; x_wconf 89' lang='lat' dir='ltr'><strong>scelera</strong></span> <span class='ocrx_word' id='word_1_777' title='bbox 3417 5038 3738 5094; x_wconf 86' lang='lat' dir='ltr'><strong>vindictam</strong></span> 
     </span>
    </p>
   </div>
   <div class='ocr_carea' id='block_1_112' title="bbox 2071 5124 3735 5200">
    <p class='ocr_par' dir='ltr' id='par_1_112' title="bbox 2071 5124 3735 5200">
     <span class='ocr_line' id='line_1_113' title="bbox 2071 5124 3735 5200; baseline 0.004 -21"><span class='ocrx_word' id='word_1_778' title='bbox 2071 5124 2279 5179; x_wconf 87' lang='lat' dir='ltr'><strong>audaci</strong></span> <span class='ocrx_word' id='word_1_779' title='bbox 2314 5124 2546 5178; x_wconf 81' lang='lat' dir='ltr'><strong>licentia</strong></span> <span class='ocrx_word' id='word_1_780' title='bbox 2589 5141 2866 5196; x_wconf 82' lang='lat' dir='ltr'><strong>spernere</strong></span> <span class='ocrx_word' id='word_1_781' title='bbox 2897 5125 3136 5182; x_wconf 90' lang='lat' dir='ltr'><strong>nonnisi</strong></span> <span class='ocrx_word' id='word_1_782' title='bbox 3182 5128 3312 5199; x_wconf 85' lang='lat' dir='ltr'><strong>ejus</strong></span> <span class='ocrx_word' id='word_1_783' title='bbox 3360 5145 3489 5184; x_wconf 91' lang='lat' dir='ltr'><strong>esse</strong></span> <span class='ocrx_word' id='word_1_784' title='bbox 3510 5129 3608 5200; x_wconf 85' lang='lat' dir='ltr'><strong>qui</strong></span> <span class='ocrx_word' id='word_1_785' title='bbox 3661 5129 3735 5185; x_wconf 90' lang='lat' dir='ltr'><strong>de</strong></span> 
     </span>
    </p>
   </div>
   <div class='ocr_carea' id='block_1_113' title="bbox 2067 5213 3732 5288">
    <p class='ocr_par' dir='ltr' id='par_1_113' title="bbox 2067 5213 3732 5288">
     <span class='ocr_line' id='line_1_114' title="bbox 2067 5213 3732 5288; baseline 0.004 -20"><span class='ocrx_word' id='word_1_786' title='bbox 2067 5231 2200 5268; x_wconf 90' lang='lat' dir='ltr'><strong>vere</strong></span> <span class='ocrx_word' id='word_1_787' title='bbox 2260 5213 2622 5269; x_wconf 81' lang='lat' dir='ltr'><strong>terribilibus</strong></span> <span class='ocrx_word' id='word_1_788' title='bbox 2682 5215 2936 5286; x_wconf 87' lang='lat' dir='ltr'><strong>pessime</strong></span> <span class='ocrx_word' id='word_1_789' title='bbox 2991 5217 3242 5288; x_wconf 89' lang='lat' dir='ltr'><strong>judicet,</strong></span> <span class='ocrx_word' id='word_1_790' title='bbox 3271 5217 3410 5273; x_wconf 90' lang='lat' dir='ltr'><strong>hinc</strong></span> <span class='ocrx_word' id='word_1_791' title='bbox 3487 5219 3732 5288; x_wconf 89' lang='lat' dir='ltr'><strong>quidem</strong></span> 
     </span>
    </p>
   </div>
   <div class='ocr_carea' id='block_1_114' title="bbox 2068 5303 3738 5376">
    <p class='ocr_par' dir='ltr' id='par_1_114' title="bbox 2068 5303 3738 5376">
     <span class='ocr_line' id='line_1_115' title="bbox 2068 5303 3738 5376; baseline 0.003 -17"><span class='ocrx_word' id='word_1_792' title='bbox 2068 5304 2250 5359; x_wconf 87' lang='lat' dir='ltr'><strong>stulte</strong></span> <span class='ocrx_word' id='word_1_793' title='bbox 2275 5303 2718 5374; x_wconf 86' lang='lat' dir='ltr'><strong>trepidus,inde</strong></span> <span class='ocrx_word' id='word_1_794' title='bbox 2752 5311 3105 5376; x_wconf 67' lang='lat' dir='ltr'><strong>praepostere</strong></span> <span class='ocrx_word' id='word_1_795' title='bbox 3135 5322 3406 5362; x_wconf 89' lang='lat' dir='ltr'><strong>securus.</strong></span> <span class='ocrx_word' id='word_1_796' title='bbox 3440 5310 3738 5373; x_wconf 67' lang='lat' dir='ltr'><strong>Qumcun-</strong></span> 
     </span>
    </p>
   </div>
   <div class='ocr_carea' id='block_1_115' title="bbox 2067 5391 3735 5466">
    <p class='ocr_par' dir='ltr' id='par_1_115' title="bbox 2067 5391 3735 5466">
     <span class='ocr_line' id='line_1_116' title="bbox 2067 5391 3735 5466; baseline 0.004 -20"><span class='ocrx_word' id='word_1_797' title='bbox 2067 5409 2180 5464; x_wconf 91' lang='lat' dir='ltr'><strong>que</strong></span> <span class='ocrx_word' id='word_1_798' title='bbox 2211 5391 2319 5445; x_wconf 88' lang='lat' dir='ltr'><strong>sibi</strong></span> <span class='ocrx_word' id='word_1_799' title='bbox 2355 5392 2591 5446; x_wconf 87' lang='lat' dir='ltr'><strong>demum</strong></span> <span class='ocrx_word' id='word_1_800' title='bbox 2618 5396 2908 5447; x_wconf 89' lang='lat' dir='ltr'><strong>terrorum</strong></span> <span class='ocrx_word' id='word_1_801' title='bbox 2943 5399 3176 5466; x_wconf 89' lang='lat' dir='ltr'><strong>spectra</strong></span> <span class='ocrx_word' id='word_1_802' title='bbox 3216 5411 3393 5466; x_wconf 90' lang='lat' dir='ltr'><strong>prave</strong></span> <span class='ocrx_word' id='word_1_803' title='bbox 3446 5396 3735 5452; x_wconf 74' lang='grc' dir='ltr'><strong>Γοιιωίᾱο-</strong></span> 
     </span>
    </p>
   </div>
   <div class='ocr_carea' id='block_1_116' title="bbox 2063 5480 3732 5555">
    <p class='ocr_par' dir='ltr' id='par_1_116' title="bbox 2063 5480 3732 5555">
     <span class='ocr_line' id='line_1_117' title="bbox 2063 5480 3732 5555; baseline 0.003 -19"><span class='ocrx_word' id='word_1_804' title='bbox 2063 5481 2173 5537; x_wconf 91' lang='lat' dir='ltr'><strong>losi</strong></span> <span class='ocrx_word' id='word_1_805' title='bbox 2206 5480 2563 5552; x_wconf 79' lang='lat' dir='ltr'><strong>conﬁngant,</strong></span> <span class='ocrx_word' id='word_1_806' title='bbox 2592 5481 2822 5537; x_wconf 88' lang='lat' dir='ltr'><strong>divinas</strong></span> <span class='ocrx_word' id='word_1_807' title='bbox 2855 5483 3036 5538; x_wconf 80' lang='lat' dir='ltr'><strong>vereri</strong></span> <span class='ocrx_word' id='word_1_808' title='bbox 3076 5483 3234 5555; x_wconf 87' lang='lat' dir='ltr'><strong>leges</strong></span> <span class='ocrx_word' id='word_1_809' title='bbox 3257 5501 3454 5540; x_wconf 87' lang='lat' dir='ltr'><strong>veram</strong></span> <span class='ocrx_word' id='word_1_810' title='bbox 3485 5485 3732 5541; x_wconf 88' lang='lat' dir='ltr'><strong>demum</strong></span> 
     </span>
    </p>
   </div>
   <div class='ocr_carea' id='block_1_117' title="bbox 2063 5570 3730 5642">
    <p class='ocr_par' dir='ltr' id='par_1_117' title="bbox 2063 5570 3730 5642">
     <span class='ocr_line' id='line_1_118' title="bbox 2063 5570 3730 5642; baseline 0.001 -16"><span class='ocrx_word' id='word_1_811' title='bbox 2063 5570 2442 5626; x_wconf 89' lang='lat' dir='ltr'><strong>securitatem</strong></span> <span class='ocrx_word' id='word_1_812' title='bbox 2480 5585 2631 5625; x_wconf 89' lang='lat' dir='ltr'><strong>esse.</strong></span> <span class='ocrx_word' id='word_1_813' title='bbox 2668 5570 2972 5627; x_wconf 87' lang='lat' dir='ltr'><strong>Desineret</strong></span> <span class='ocrx_word' id='word_1_814' title='bbox 3029 5572 3212 5642; x_wconf 87' lang='lat' dir='ltr'><strong>igitur</strong></span> <span class='ocrx_word' id='word_1_815' title='bbox 3259 5589 3410 5628; x_wconf 89' lang='lat' dir='ltr'><strong>vana</strong></span> <span class='ocrx_word' id='word_1_816' title='bbox 3473 5574 3730 5630; x_wconf 82' lang='lat' dir='ltr'><strong>commi-</strong></span> 
     </span>
    </p>
   </div>
   <div class='ocr_carea' id='block_1_118' title="bbox 2061 5656 3736 5738">
    <p class='ocr_par' dir='ltr' id='par_1_118' title="bbox 2061 5656 3736 5738">
     <span class='ocr_line' id='line_1_119' title="bbox 2061 5656 3736 5738; baseline 0.003 -23"><span class='ocrx_word' id='word_1_817' title='bbox 2061 5659 2206 5715; x_wconf 88' lang='lat' dir='ltr'><strong>nisci</strong></span> <span class='ocrx_word' id='word_1_818' title='bbox 2238 5663 2293 5714; x_wconf 92' lang='lat' dir='ltr'><strong>et</strong></span> <span class='ocrx_word' id='word_1_819' title='bbox 2323 5656 2776 5728; x_wconf 88' lang='lat' dir='ltr'><strong>trepidationem</strong></span> <span class='ocrx_word' id='word_1_820' title='bbox 2806 5659 3043 5715; x_wconf 87' lang='lat' dir='ltr'><strong>inanem</strong></span> <span class='ocrx_word' id='word_1_821' title='bbox 3070 5662 3234 5730; x_wconf 89' lang='lat' dir='ltr'><strong>justo</strong></span> <span class='ocrx_word' id='word_1_822' title='bbox 3285 5666 3342 5716; x_wconf 89' lang='lat' dir='ltr'><strong>et</strong></span> <span class='ocrx_word' id='word_1_823' title='bbox 3374 5669 3580 5719; x_wconf 89' lang='lat' dir='ltr'><strong>sancto</strong></span> <span class='ocrx_word' id='word_1_824' title='bbox 3624 5662 3736 5738; x_wconf 70' lang='lat' dir='ltr'><strong>Dei</strong></span> 
     </span>
    </p>
   </div>
   <div class='ocr_carea' id='block_1_119' title="bbox 2060 5746 3735 5826">
    <p class='ocr_par' dir='ltr' id='par_1_119' title="bbox 2060 5746 3735 5826">
     <span class='ocr_line' id='line_1_120' title="bbox 2060 5746 3735 5826; baseline 0.002 -22"><span class='ocrx_word' id='word_1_825' title='bbox 2060 5754 2220 5804; x_wconf 89' lang='lat' dir='ltr'><strong>metu</strong></span> <span class='ocrx_word' id='word_1_826' title='bbox 2253 5746 2694 5818; x_wconf 79' lang='lat' dir='ltr'><strong>comprimeret.</strong></span> <span class='ocrx_word' id='word_1_827' title='bbox 2731 5749 2858 5804; x_wconf 76' lang='lat' dir='ltr'><strong>Haec</strong></span> <span class='ocrx_word' id='word_1_828' title='bbox 2891 5753 2948 5804; x_wconf 89' lang='lat' dir='ltr'><strong>et</strong></span> <span class='ocrx_word' id='word_1_829' title='bbox 3006 5749 3101 5805; x_wconf 90' lang='lat' dir='ltr'><strong>his</strong></span> <span class='ocrx_word' id='word_1_830' title='bbox 3165 5755 3563 5808; x_wconf 83' lang='lat' dir='ltr'><strong>consentanea</strong></span> <span class='ocrx_word' id='word_1_831' title='bbox 3593 5767 3735 5826; x_wconf 81' lang='lat' dir='ltr'><strong>gra-</strong></span> 
     </span>
    </p>
   </div>
  </div>
