4112 6428
415 444 528 501 625

1486 437 1580 490 DE
1626 435 1996 491 MICHAELE
2034 435 2479 494 PALIEOLOGO
2517 440 2650 493 LIB.
2693 443 2790 496 III.

3737 443 3846 498 626

418 571 650 637 ἐκεῖνον,
683 568 727 622 εἷ
759 565 901 622 ἄλλο
930 586 982 620 τι
1013 562 1265 640 πράττοι,
1296 566 1397 628 τῆς
1438 565 1536 616 τοῦ
1589 564 1830 635 Χριστοῦ
1873 559 2081 631 ὁλομε-
2115 574 2164 637 Α
2197 564 2293 615 τοῦ
2324 563 2517 617 πάππα
2545 564 2633 618 καὶ
2663 569 2771 621 τῶν
2801 570 2898 622 τοῦ
2924 566 3137 638 πάππα,
3164 567 3255 623 καὶ
3282 567 3356 632 ὡς
3385 567 3543 623 αὐτοῖ
3572 573 3724 646 φαῖεν
3755 567 3839 640 ἃν,

421 658 569 720 λείας
604 659 681 720 ὡς
717 656 888 728 μέλος
923 654 1158 723 σεσηπὸς
1189 649 1299 722 ἤδη
1333 651 1425 706 καὶ
1457 649 1739 726 θεραπείαν
1784 650 1860 716 μὴ
1911 669 2084 724 προσ-

424 750 662 820 ιέμενον,
716 746 837 801 ἐπεὶ
881 744 1019 818 ἔγνω
1071 740 1451 816 προσκρούσας
1482 741 1510 794 ὁ
1545 738 1800 815 βασιλεὺς
1855 737 2080 813 ἰσχυρο-

425 837 568 912 τέρῳ
594 841 704 890 τῶν
739 834 904 890 αὐτοῦ
955 831 1232 906 δυνάμεων
1285 831 1373 885 καὶ
1423 831 1498 893 ὡς
1541 829 1677 903 πρὸς
1708 832 1898 901 Κρῆτα
1942 847 2079 900 κρη-

421 929 560 996 τίζει
618 925 778 995 δῆθεν
827 926 920 979 τὸν
969 920 1078 993 ἤδη
1134 922 1377 994 μαθόντα
1416 920 1512 981 τὰς
1544 917 1751 972 ἐκείνου
1784 918 2080 992 ὑπιχειρή-

429 1037 537 1078 σεις
584 1013 738 1089 (οὐδὲ
780 1016 881 1090 γὰρ
931 1011 1018 1067 ἐπὶ
1064 1011 1254 1085 μικρὸν
1307 1007 1420 1063 οὐδ’
1461 1007 1674 1062 ἐκείνου
1721 1008 1947 1079 ἠρεμεῖν
1999 1003 2081 1060 ε’ἒπι

424 1104 554 1168 τοὺς
609 1102 910 1180 λογισμοὺς
969 1104 1003 1170 ἡ
1052 1105 1149 1156 τοῦ
1192 1097 1385 1160 παιδὸς
1422 1100 1672 1153 Ἰωάννου
1703 1095 1790 1151 ἐπὶ
1819 1099 1889 1170 τῇ
1926 1097 2077 1172 βασι-

425 1193 546 1266 λείᾳ
597 1193 947 1268 παρόρασις),
1003 1189 1254 1264 πρύμναν
1302 1210 1362 1242 τε
1403 1188 1679 1262 κρούεται,
1734 1187 1796 1240 τὸ
1844 1189 1942 1240 τοῦ
1990 1184 2081 1240 Λό·

426 1306 548 1360 γου,
607 1284 699 1338 καὶ
759 1283 834 1345 ὡς
889 1283 1033 1355 εἶχεν
1099 1275 1391 1354 ἐφοδιάσας
1445 1279 1545 1346 τὴν
1606 1274 1889 1330 δέσποιναν
1949 1279 2078 1330 ’Ἀν-

423 1396 519 1430 ναν
578 1373 666 1428 ἐπὶ
722 1372 792 1426 τὰ
847 1371 1022 1424 οἰκεῖα
1079 1369 1313 1441 πέμπειν
1346 1368 1599 1438 αἱρεῖται,
1633 1367 1716 1436 [Ρ.
1759 1367 1876 1435 123]
1929 1361 2075 1432 πλὴν

426 1463 507 1518 ἐπ’
561 1457 869 1536 ἀνταμοιϐῇ
926 1464 1023 1514 τοῦ
1081 1459 1229 1533 παρα
1300 1454 1556 1532 τάδελφῷ
1618 1455 1821 1524 ταύτης
1883 1455 2078 1532 Μαφρὲ

429 1554 802 1628 κατεχομένου
879 1549 1166 1624 Καίσαρος·
1248 1546 1361 1602 ἐκεῖ
1429 1546 1530 1620 γάρ
1602 1547 1655 1599 οἱ
1713 1546 1740 1599 6
1817 1545 2074 1617 πενθερὸς

425 1641 631 1696 ἐκείνου
659 1639 894 1715 Μιχαὴλ
928 1640 955 1694 ὁ
987 1636 1253 1707 δεσπότης
1298 1639 1486 1690 τοῦτον
1532 1637 1802 1708 κρατήσας
1850 1632 2074 1706 ἐξέπεμ-

419 1734 536 1804 ψεν,
598 1731 672 1791 ὡς
729 1728 1073 1804 προείρηται.
1131 1729 1256 1783 ’Ότι
1312 1723 1370 1780 δὲ
1421 1728 1622 1796 σκῆψις
1679 1725 1739 1793 ἦν
1795 1723 1982 1795 ἐκείνῳ
2011 1725 2073 1778 τὸ

424 1814 904 1895 προϐαλλόμενον,
935 1819 1024 1872 καὶ
1063 1815 1226 1890 μόνον
1254 1809 1455 1881 ἔρωτος
1487 1813 1739 1888 θεραπεία
1762 1813 1851 1867 καὶ
1885 1812 1946 1868 ού
1977 1817 2072 1867 τοῦ

2185 658 2286 720 τῆς
2312 652 2489 706 αὐτῶν
2524 653 2868 726 Ἐκκλησίας.
2902 655 3044 713 Οὐδὲ
3071 659 3171 734 γὰρ
3222 653 3520 713 ἐϐούλοντο
3549 657 3686 711 κατὰ
3713 656 3842 718 τοὺς

2189 739 2396 804 ἄλλους
2445 744 2534 797 καὶ
2583 743 2733 799 αύτοῖ
2784 746 3048 810 εύπειθεῖν
3099 769 3156 803 τε
3187 748 3276 802 καὶ
3320 745 3842 810 ὑποκατακλίνεσθαι

2188 832 2304 884 καθ’
2362 833 2391 885 6'
2446 854 2496 886 τι
2559 831 2702 906 λέξοι
2755 835 2844 889 καὶ
2902 835 3094 909 πράξοι
3153 835 3669 906 ὁτῆςΈκκλησίας
3699 835 3843 890 ἐπει-

2191 919 2498 992 λημμένος,
2530 920 2656 976 ἀλλ’
2715 923 3045 996 αὐτονόμοις
3105 925 3315 1000 χαίρειν
3369 927 3568 1000 ὁρμαῖς
3626 925 3715 980 καὶ
3748 922 3841 979 οὕ-

2186 1030 2294 1072 τως
2349 1009 2436 1065 ἐπὶ
2472 1011 2725 1074 Σικελίας
2758 1013 2846 1066 καὶ
2896 1019 3003 1067 τῶν
3039 1014 3190 1076 ἐκτὸς
3232 1017 3330 1084 τήν
3381 1015 3561 1089 ἀρχὴν
3592 1013 3838 1069 διοικεῖν.

2186 1094 2555 1174 ’Υὸριοπαθῶν
2592 1100 2638 1156 δ’
2669 1104 2696 1157 ὁ
2736 1101 2960 1166 πάππας
3005 1104 3144 1178 πρὸς
3173 1109 3358 1173 ταῦτα,
3394 1105 3567 1181 εὑρὼν
3602 1101 3844 1179 δραστή-

2188 1211 2300 1266 Ριον
2355 1189 2543 1267 ἄνδρα,
2603 1190 2835 1272 ἀδελφὸν
2888 1194 3059 1269 ῥηγὸς
3109 1200 3219 1251 τῶν
3269 1197 3657 1272 Φραντζίσκων
3716 1191 3842 1250 ὅντα

2186 1281 2276 1335 καὶ
2334 1281 2408 1342 εἰς
2455 1280 2679 1342 κόντους
2725 1284 3050 1357 τεταγμένον
3100 1283 3191 1337 τὸν
3225 1283 3534 1357 Κάρουλον,
3582 1284 3676 1337 τὸν
3720 1283 3837 1337 κατ’

2185 1368 2400 1424 ἐκείνων
2460 1371 2534 1432 ὡς
2594 1368 2755 1440 δῆθεν
2816 1371 3131 1427 ἀποστατῶν
3192 1373 3480 1449 ἐγχειρίζει
3538 1372 3836 1446 πόλεμον,

2183 1460 2340 1530 τάξας
2395 1458 2598 1514 ἐκεῖνον
2637 1507 2650 1532 ,
2712 1461 2788 1524 εἷς
2844 1464 2944 1531 τήν
3003 1462 3178 1516 αὐτῶν
3234 1463 3392 1539 ρἤα,
3441 1463 3531 1518 καὶ
3589 1461 3834 1532 πόλεμον

2183 1546 2444 1620 ἐμϐαλὼν
2493 1549 2721 1612 ἐκείνοις
2767 1549 3006 1606 ἐντεῦθεν
3061 1552 3364 1625 ἀκήρυκτον
3410 1554 3491 1625 [Ρ.
3541 1554 3663 1624 124]
3714 1555 3836 1610 Πῶς

2183 1637 2273 1694 οὖν
2325 1639 2377 1693 οἱ
2407 1638 2564 1694 τόσον
2601 1637 2986 1717 διαφερόμενοι
3015 1641 3152 1714 πρὸς
3191 1641 3284 1695 τὸν
3334 1639 3619 1710 Κάρουλον
3670 1642 3836 1712 ὁμαι-

2181 1734 2348 1804 χιιεῖν
2403 1729 2537 1802 μετὰ
2584 1734 2682 1783 τοῦ
2735 1729 3011 1804 βασιλέως
3061 1727 3296 1803 ἔμελλον
3349 1731 3610 1799 πώποσε;
3641 1731 3836 1801 ’Ὀμως

2177 1821 2239 1874 τὸ
2296 1817 2676 1892 μελετώμενον
2724 1819 3091 1894 ἀπεκρούσθη,
3140 1820 3230 1874 καὶ
3278 1822 3305 1876 6
3359 1820 3613 1896 βασιλεὺς
3647 1815 3830 1893 ἔμενεν

416 1912 602 1963 κοινοῖ)
634 1909 968 1984 προμήθεια.
1018 1907 1045 1960 δ
1093 1910 1200 1960 τῶν
1251 1905 1590 1980 πραγμάτων
1641 1900 1800 1966 εἰδὼς
1828 1899 2069 1976 ἀκριϐῶς
2104 1952 2151 2017 Β
2182 1909 2269 1965 ἐπὶ
2319 1911 2524 1981 τρόπου
2567 1910 2657 1963 καὶ
2703 1910 2769 1964 τὰ
2822 1910 2987 1964 αὐτοῦ
3047 1909 3297 1985 ἔπραττε.
3348 1913 3424 1965 Τὰ
3483 1910 3529 1965 δ’
3585 1911 3723 1980 ἦσαν
3771 1910 3834 1964 τὸ

463 1999 476 2016 \
629 1995 649 2017 Ἴ
674 1999 683 2017 1
951 1995 970 2017 Ἴ
1063 1994 1107 2017 Ιν
1147 2016 1150 2017 ,
1181 2016 1186 2017 γ
2188 2001 2216 2017 n
2291 1998 2311 2017 Ν
2341 2001 2353 2016 \
2457 2001 2470 2017 ρ
2568 2000 2578 2017 Ι
2783 2000 2793 2014 \
2909 1997 2934 2017 ν
3293 2001 3318 2017 ﬂ
3508 2001 3521 2017 9
3670 1999 3715 2017 lu

415 1999 517 2068 τὴν
558 1995 792 2072 μελέτην
827 1994 1217 2072 συνελογίζετο.

508 2165 575 2230 η’.
618 2160 694 2212 Τὰ
733 2157 868 2212 κατὰ
903 2153 1269 2232 τὸν-ἀδελφὸν
1312 2156 1652 2232 ᾋννηςᾳτῆς
1693 2152 1989 2226 δεσποίνης

852 2229 1042 2306 Μαφρὲ
1080 2229 1166 2283 καὶ
1186 2225 1298 2284 ’τὸν
1343 2225 1643 2301 Κάρουλον.

493 2361 555 2415 Ἡ
587 2359 690 2433 γὰρ
721 2362 885 2416 Ἄννα
917 2355 1258 2432 Φρεδερίχου
1310 2357 1407 2431 μὶν
1450 2357 1516 2426 ἦν
1563 2357 1826 2431 θυγάτηρ,
1884 2357 2073 2431 Μαφρὲ

419 2445 466 2502 δ’
499 2445 835 2524 αὐταδέλφη,
857 2446 930 2509 ὡς
964 2448 991 2501 ὁ
1016 2445 1181 2521 λόγος
1203 2446 1406 2523 φθάσας
1429 2443 1726 2518 ἐδήλωσεν,
1751 2446 2067 2500 ἀποστατῶν

419 2649 599 2703 vitate
629 2647 728 2702 tali
766 2664 1012 2718 persona
1063 2647 1242 2718 digna
1282 2651 1614 2702 monentem
1649 2647 2068 2718 patriarcham,

419 2737 692 2808 clareque
741 2736 986 2808 insuper
1016 2736 1342 2791 minantem
1395 2753 1524 2792 sese
1571 2736 1764 2805 illum,
1797 2737 1846 2792 si
1897 2753 2070 2808 porro

424 2827 679 2898 cogitata
711 2830 1100 2897 promoveret,
1133 2843 1163 2881 e
1193 2825 1406 2881 Christi
1438 2842 1678 2897 corpore
1709 2825 1866 2880 velut
1897 2843 2075 2881 mem-

428 2919 596 2971 brum
634 2915 932 2987 putridum
967 2918 1026 2968 et
1080 2915 1436 2970 curationem
1473 2931 1752 2986 respuens
1775 2914 2072 2969 abscissu-

429 3022 581 3074 rum,
615 3004 900 3060 reveritus
931 3003 1268 3073 imperator,
1302 3009 1403 3058 aut
1436 3004 1629 3070 potius
1668 3005 1950 3059 confusus
1981 3005 2076 3058 de-

447 3094 729 3166 prehensa
759 3095 948 3164 turpis
977 3095 1092 3150 voti
1127 3095 1507 3163 conscientia,
1548 3103 1943 3167 eventumque
1976 3096 2077 3149 de-

436 3200 678 3256 sperans
713 3183 884 3255 cmpti
939 3183 1214 3238 facultate
1255 3185 1432 3255 (quod
1484 3201 1614 3238 sero
1663 3185 1972 3247 sentiebat)
2020 3189 2078 3239 et

431 3273 656 3328 viribus
678 3273 1022 3344 superioris,
1056 3274 1299 3344 insuper
1325 3279 1594 3328 metuens
1627 3290 1698 3329 ne
1728 3279 1949 3329 veteres
1985 3291 2078 3344 pa-

2187 1998 2390 2075 βουλὰς
2451 2000 2693 2078 ὑφαίνειν
2748 2000 2838 2054 σὺν
2900 1997 3208 2076 ἄρχουσιν,
3288 2001 3437 2063 ὅπως
3497 1999 3835 2069 ἀνακτίζοιτο

2187 2089 2283 2161 μὲν
2342 2093 2376 2158 ἡ
2435 2088 2600 2148 πόλις
2657 2087 2746 2143 διὰ
2800 2091 3012 2165 ταχέων
3058 2089 3141 2144 ἐπ’
3174 2088 3368 2162 ἀδήλῳ
3425 2095 3503 2162 τῷ
3551 2091 3604 2144 τί
3634 2088 3837 2147 Ἰταλοὶ

2184 2185 2436 2256 φρονοῖεν
2467 2177 2590 2253 περί
2623 2180 2790 2248 αὐτῆς
2821 2178 2961 2254 (δέος
3002 2179 3105 2254 γὰρ
3143 2181 3218 2252 μὴ
3271 2181 3488 2257 ἀφανῶς
3519 2178 3835 2252 ἐπιθοῖντο),

2182 2269 2332 2330 ὅπως
2390 2265 2449 2323 δὲ
2504 2267 2812 2346 φυλαχθείη
2872 2267 3172 2340 Ῥωμαίοις
3219 2269 3549 2324 ἐπιστάντων
3593 2268 3835 2335 ἐκείνων,

2180 2359 2270 2414 καὶ
2322 2359 2396 2432 μὴ
2448 2359 2699 2435 φανέντες
2735 2358 3022 2436 λαφύξαιεν
3055 2360 3128 2420 ὡς
3185 2357 3236 2430 ἐξ
3291 2360 3531 2436 ἀνάγκης
3579 2359 3835 2435 κραταιό-

2176 2469 2332 2522 τερον
2390 2447 2693 2521 ἐπιθέμενοι
2737 2493 2751 2507 .
2811 2446 2948 2502 Οὐδὲ
3002 2447 3104 2522 γὰρ
3157 2450 3383 2524 ἠρεμεῖν
3439 2449 3568 2503 οὐδὲ
3641 2447 3833 2524 μικρὸν

2182 2666 2246 2703 ac
2276 2648 2507 2720 placitis
2531 2649 2896 2704 moderantis
2921 2647 3235 2704 Ecclesiam
3258 2648 3548 2718 volebant,
3578 2651 3679 2705 sed
3705 2650 3840 2704 affe-

2183 2740 2420 2793 ctabant
2443 2739 2930 2810 usurpabantque
2962 2738 3183 2793 nemini
3205 2738 3520 2794 obnoxiam
3543 2738 3838 2794 licentiam

2182 2829 2390 2899 agendi
2423 2834 2470 2883 el
2499 2828 2799 2882 statuendi
2825 2833 2998 2897 prout
3029 2827 3254 2887 liberet,
3279 2843 3344 2881 ac
3367 2826 3450 2881 sic
3474 2833 3587 2880 tab
3615 2827 3672 2881 in
3699 2827 3840 2882 Sici-

2185 2917 2263 2972 lia
2282 2934 2454 2987 quam
2477 2924 2757 2986 extrema,
2781 2916 2951 2987 pleno
2967 2921 3024 2970 et
3042 2916 3268 2969 nullum
3291 2920 3640 2985 agnoscente
3662 2931 3836 2985 supe-

2187 3009 2396 3064 riorem
2429 3006 2714 3074 dominio,
2748 3023 3008 3077 regnare.
3053 3009 3312 3071 Quarum
3370 3003 3832 3060 intolerabilium

2185 3098 2538 3168 injuriarum
2565 3101 2775 3151 nactus
2802 3112 2951 3166 papa
2987 3095 3264 3150 idoneum
3290 3093 3536 3150 ultorem
3563 3094 3833 3149 Carolum

2189 3191 2424 3243 fratrem
2446 3186 2598 3256 regis
2620 3187 2993 3250 Francorum,
3019 3201 3084 3238 ex
3103 3188 3406 3238 contorum
3424 3183 3543 3238 sive
3556 3183 3834 3238 comitum

2188 3264 2412 3338 ordine,
2445 3276 2633 3330 virum
2680 3280 3010 3344 strenuum,
3046 3273 3197 3329 bello
3246 3287 3380 3329 eum
3415 3272 3674 3344 praefecit
3719 3271 3834 3327 illis

426 3362 696 3418 triarchaa
727 3363 786 3417 in
836 3379 899 3417 se
928 3362 1281 3418 offensiones
1309 3363 1383 3418 ob
1415 3368 1675 3419 amotum
1717 3365 1791 3418 ab
1842 3363 2072 3435 imperii
2105 3401 2146 3467 ρ
2187 3365 2366 3420 veluti
2403 3362 2722 3418 rebellibus
2745 3367 2800 3417 et
2832 3363 3114 3434 apostatis
3139 3361 3382 3430 indicto,
3412 3377 3658 3432 regnum
3686 3359 3834 3432 ipsis

422 3453 668 3525 collegio
699 3452 986 3508 Joannem
1023 3453 1344 3517 refricaret,
1378 3470 1444 3508 ac
1462 3457 1614 3508 clare
1637 3455 1870 3508 tandem
1906 3454 2073 3507 intel-

421 3541 613 3615 ligens
647 3545 863 3595 frustra
895 3557 956 3595 se
988 3541 1184 3596 fucum
1217 3541 1656 3613 perspicacibus
1689 3542 1840 3598 185
1886 3546 2074 3598 facere

426 3635 701 3689 conatum
731 3633 1076 3700 erumpente
1104 3630 1163 3684 in
1198 3629 1466 3685 notitiam
1491 3631 1640 3686 male
1671 3635 1825 3686 tecta
1848 3632 2070 3699 fraude,

428 3721 761 3791 remigium,
798 3727 863 3773 ut
892 3721 978 3774 sic
999 3718 1229 3791 loquar,
1261 3719 1536 3787 inhibuit,
1569 3727 1625 3775 et
1646 3723 1814 3791 quasi
1842 3738 1876 3776 a
1898 3738 2073 3776 cursu

425 3816 644 3867 temere
676 3808 842 3865 initio
873 3825 935 3865 se
968 3809 1294 3880 reprimens
1325 3809 1614 3877 incubuit,
1650 3811 1802 3880 quod
1839 3811 2073 3876 dicitur,

424 3901 483 3955 in
512 3915 775 3972 porram,
812 3904 962 3954 retro
993 3897 1205 3954 cessim
1231 3898 1491 3967 nitendo,
1525 3915 1673 3954 novo
1713 3899 1982 3955 videlicet
2011 3917 2078 3953 ex

428 4005 489 4044 re
519 3993 688 4058 capto
749 3988 1013 4058 consilio,
1073 3988 1409 4042 dimittendi
1443 3990 1511 4042 ad
1567 4006 1674 4044 sua
1699 3989 1930 4061 copioso
1993 3991 2077 4042 in-

427 4081 714 4134 structam
747 4077 958 4132 viatico
990 4076 1284 4132 dominam
1310 4079 1558 4147 Annam,
1585 4083 1860 4133 caeterum
1887 4083 2080 4149 postu-

429 4168 560 4224 lans
591 4184 724 4222 cum
761 4183 830 4222 ea
862 4166 1187 4237 permutari
1219 4171 1276 4222 et
1297 4167 1554 4222 vicissim
1580 4167 1828 4223 liberum
1862 4169 2078 4222 dimitti

433 4257 723 4312 Caesarem
749 4255 900 4328 apud
928 4255 1291 4310 Manlredum
1315 4263 1400 4312 An
1413 4273 1496 4310 nte
1523 4258 1756 4313 fratrem
1781 4259 2079 4312 detentum

433 4362 500 4401 eo
533 4345 753 4417 quippe
785 4343 953 4399 illum
978 4362 1010 4398 a
1041 4361 1103 4399 se
1136 4344 1286 4400 bello
1319 4350 1557 4416 captum
1594 4348 1724 4417 ejus
1757 4364 1923 4402 socer
1953 4348 2087 4400 des—

434 4441 576 4507 pota
606 4433 848 4489 Michael
881 4434 1215 4488 ducendum
1262 4440 1585 4502 curaverat,
1622 4440 1685 4489 ut
1715 4437 1935 4490 dictum
1977 4440 2086 4491 est.

436 4530 618 4580 Porro
650 4524 823 4579 istam
863 4523 935 4577 ab
966 4523 1315 4593 imperatore
1348 4529 1702 4581 ostentatam
1735 4524 2089 4581 sollicitudi-

437 4631 570 4671 nem
597 4615 956 4687 praacavendi
982 4631 1052 4668 ne
1077 4615 1308 4684 cognati
1330 4616 1506 4669 Annae
1528 4618 1806 4689 Augustae
1832 4633 1966 4671 cum
1989 4632 2091 4670 ca:-

439 4706 583 4762 teris
624 4706 849 4762 Latinis
885 4705 1314 4776 conspirarent,
1347 4707 1492 4762 nihil
1525 4708 1637 4762 nisi
1670 4725 1883 4763 vanum
1917 4715 1974 4762 et
2005 4710 2090 4762 in-

2183 3458 2448 3526 creptum
2478 3453 2562 3508 illi
2599 3453 2866 3508 tribuens
2899 3469 3074 3523 quam
3107 3450 3332 3523 optimo
3353 3451 3486 3520 jure
3514 3449 3830 3521 possiden-

2181 3546 2342 3614 dum,
2378 3544 2424 3597 si
2449 3561 2549 3598 eos
2577 3543 2626 3596 vi
2653 3549 2710 3598 et
2732 3544 2914 3598 armis
2941 3543 3074 3596 inde
3098 3541 3376 3614 pelleret;
3405 3541 3459 3595 id
3486 3541 3640 3613 quod
3662 3555 3830 3594 sum-

2183 3649 2281 3687 ma
2311 3649 2418 3704 ope
2448 3638 2587 3686 tunc
2619 3647 2748 3686 cum
2785 3631 3034 3686 maxime
3067 3629 3161 3684 ille
3193 3629 3404 3684 ardens
3427 3627 3692 3699 nihilque
3716 3643 3832 3683 non

2183 3738 2426 3776 movens
2457 3721 2797 3775 conabatur.
2833 3721 3135 3785 Quodnam
3168 3735 3327 3790 ergo,
3359 3734 3578 3789 qumso,
3612 3717 3835 3788 pericu-

2183 3809 2307 3862 lum
2336 3813 2479 3872 erat,
2504 3825 2577 3863 ne
2607 3808 2704 3862 isti
2729 3809 2882 3862 186
2905 3825 3037 3862 cum
3063 3808 3264 3863 Carolo
3286 3806 3623 3862 communis
3645 3806 3702 3860 in
3729 3823 3835 3861 nos

2186 3897 2574 3968 expeditionis
2591 3899 2930 3952 societatem
2964 3896 3204 3965 inirent,
3220 3897 3460 3966 quicum
3478 3895 3836 3967 capitalibus

2189 3987 2491 4044 commissi
2525 3986 2674 4041 odiis
2706 3986 3069 4040 internecino
3100 3985 3254 4039 bello
3285 3985 3353 4038 de
3378 3988 3533 4039 statu
3559 3989 3618 4040 et
3649 3985 3838 4039 salute

2190 4076 2599 4132 dimicabant?
2631 4075 2692 4130 In
2725 4074 2883 4129 hunc
2915 4074 3156 4129 modum
3188 4073 3301 4128 illae
3341 4073 3413 4127 de
3447 4089 3590 4128 novo
3633 4073 3838 4143 conju-

2191 4167 2284 4239 gio
2314 4164 2684 4235 imperatoris
2705 4163 3088 4234 cogitationes
3107 4167 3492 4230 evanuerunt,
3518 4161 3646 4232 ipso
3678 4163 3735 4215 in
3761 4161 3842 4214 of-

2193 4256 2323 4312 ﬁcio
2353 4258 2730 4328 permanente
2745 4269 2808 4308 ac
2830 4252 2898 4307 de
2919 4256 3124 4307 caetero
3144 4251 3369 4306 intento
3385 4251 3558 4306 rebus
3580 4249 3724 4305 suis.
3747 4253 3842 4305 In-

2192 4353 2280 4401 ter
2293 4363 2439 4417 quas
2458 4362 2489 4415 q
2503 4362 2585 4398 me
2601 4349 2656 4399 tu
2670 4361 2738 4398 nc
2755 4345 3060 4414 urgebant,
3079 4339 3703 4396 erantdeliberationes
3719 4355 3845 4394 creo

2195 4439 2299 4492 bro
2315 4436 2385 4490 ab
2400 4433 2724 4490 illohabittc
2739 4450 2868 4488 cum
2901 4432 3106 4504 primis
3119 4447 3360 4486 suorum
3377 4429 3845 4485 derestauranda

2199 4523 2641 4598 quamprimum
2678 4523 2839 4586 urbe,
2871 4522 3077 4592 sicque
3109 4520 3268 4576 omni
3305 4521 3710 4590 praesidiorum
3745 4535 3846 4590 ge-

2200 4631 2336 4671 nere
2367 4621 2424 4670 ct
2452 4613 2688 4668 intentae
2719 4610 2932 4683 vigilite
2977 4613 3240 4666 custodia
3275 4610 3588 4676 ﬁrmanda,
3622 4614 3686 4663 ut
3715 4624 3843 4680 quae

2201 4721 2414 4762 arcano
2447 4700 2776 4772 comparari
2809 4701 3144 4754 ferebantur
3157 4700 3224 4752 ad
3242 4715 3369 4751 eam
3385 4698 3845 4769 recuperandam

441 4797 819 4852 verisimilem
841 4802 1184 4868 praetextum
1210 4798 1391 4851 fuisse
1415 4799 1571 4852 vafra
1593 4798 1970 4854 simulatione
1992 4799 2085 4854 ob—
2127 4784 2170 4849 Ι)
2204 4795 2496 4850 insidiosas
2527 4791 2862 4846 molitiones
2900 4787 3260 4850 Latinorum,
3295 4786 3765 4857 quandocunque
3787 4785 3847 4839 in

441 4890 673 4942 tantum
721 4886 930 4942 vitioso
963 4888 1143 4943 amori
1179 4904 1289 4957 quo
1336 4886 1643 4958 ﬂagrabat,
1679 4887 1871 4959 palam
1904 4906 2084 4960 appa-

439 4978 560 5033 ruit
590 4982 810 5034 statum
845 4995 1038 5034 rerum
1073 4983 1215 5033 tunc
1245 4980 1571 5035 Italicarum
1594 4998 1662 5035 ex
1682 4998 1814 5036 vero
1847 4980 2086 5036 scicnti-

439 5069 572 5124 bus.

435 5213 488 5266 8.
525 5213 598 5268 De
639 5214 816 5283 fratre
845 5213 1087 5271 dominae
1128 5214 1305 5271 Anna:
1349 5214 1648 5285 illan/reda,
1681 5220 1731 5270 et
1763 5216 1830 5270 de
1871 5215 2086 5272 Carolo.

511 5337 842 5393 Fridericus
863 5338 1017 5392 enim
1043 5342 1100 5394 et
1121 5338 1740 5410 Manfredus,quorum
1767 5339 1933 5393 illum
1960 5340 2088 5410 qui-

444 5427 578 5481 dem
627 5428 805 5481 Annaa
841 5433 1085 5498 patrem,
1122 5429 1276 5483 hunc
1308 5431 1542 5484 fratrem
1595 5428 1776 5484 fuisse
1808 5429 2090 5495 diximus,

445 5516 620 5572 ambo
653 5532 686 5570 a
717 5532 868 5587 papa
897 5519 954 5571 et
987 5534 1148 5588 papae
1171 5518 1436 5590 partibus
1465 5519 1818 5583 defecerant,
1844 5523 1898 5574 et
1932 5518 2088 5573 utibi

447 5605 867 5678 loquebantur,
919 5611 1404 5662 excommunicati
1441 5610 1512 5663 ab
1546 5609 1800 5663 Ecclesia
1832 5609 2093 5680 ipsorum

444 5712 590 5751 suas
621 5695 735 5750 sibi
785 5695 1035 5750 seorsim
1069 5711 1160 5752 res
1213 5698 1524 5755 habebant.
1575 5698 1701 5754 Non
1733 5697 1891 5752 enim
1943 5697 2098 5754 sicut

449 5782 640 5839 centeri
675 5783 1078 5856 obtemperare
1101 5802 1166 5840 ac
1190 5802 1252 5841 se
1284 5787 1606 5859 morigeros
1638 5788 1893 5859 praebere
1908 5786 2099 5858 jussis

2197 4885 2316 4938 vim
2334 4883 2688 4953 erupissent,
2705 4895 2981 4936 successu
3009 4878 3452 4932 frustrarentur.
3467 4875 3850 4931 Timebantur

2199 4976 2354 5028 enim
2388 4971 2628 5027 occulta;
2660 4975 2812 5026 artes
2843 4973 2898 5023 et
2929 4967 3322 5039 proditionum
3358 4966 3611 5020 fraudes.
3639 4966 3847 5036 ϐορίου

2198 5081 2326 5119 rum
2345 5078 2578 5134 quoque
2593 5075 2658 5116 ac
2675 5063 2946 5115 caeteroru
2959 5074 3013 5112 m
3030 5060 3416 5128 apparatuum
3449 5054 3585 5110 belli
3602 5056 3849 5110 curaba-

2194 5156 2384 5222 tur,ut
2413 5156 2644 5208 tantum
2665 5155 2822 5204 esset
2849 5149 2917 5203 ad
2947 5164 3185 5201 manum
3219 5151 3505 5217 quantum
3541 5162 3690 5216 opus
3730 5149 3855 5200 erat

2200 5247 2270 5298 ad
2307 5242 2764 5316 prohibendum,
2800 5255 2869 5293 ne
2902 5236 3096 5292 statim
3149 5239 3322 5305 atque
3353 5235 3408 5289 in
3471 5239 3852 5306 conspectum

2202 5335 2364 5388 urbis
2396 5331 2651 5386 venisset
2680 5324 3070 5383 formidabilis
3109 5323 3224 5386 ille,
3259 5341 3434 5395 quem
3471 5327 3678 5379 l'amae
3734 5327 3858 5378 erat

2203 5421 2498 5486 adornari,
2523 5417 2812 5474 exercitus
2836 5415 3267 5478 ltalorum,eam
3291 5412 3759 5482 absorberet,scd
3785 5413 3856 5466 ab

2201 5512 2370 5566 illurn
2384 5505 2848 5580 mzquantuzuvis
2870 5501 3317 5560 vehementibus
3340 5501 3747 5558 defenderetur
3764 5499 3856 5554 in-

2205 5602 2462 5658 sultibus
2483 5606 2536 5652 et
2562 5598 2824 5652 Romano
2849 5594 3093 5666 imperio
3118 5597 3463 5648 servaretur.
3501 5592 3859 5662 Frequentes

2207 5707 2376 5764 porro
2395 5685 2799 5744 memorabant
2820 5683 3007 5739 nuntii
3035 5681 3190 5738 haud
3214 5697 3443 5737 cessare
3471 5679 3590 5734 ulla
3611 5680 3669 5734 in
3697 5685 3858 5751 parte

2212 5780 2412 5849 Italos,
2430 5777 2530 5832 sed
2549 5777 2604 5831 in
2621 5774 3005 5847 expeditionis
3027 5780 3310 5848 apparatu
3328 5769 3548 5842 duplici
3562 5772 3715 5825 totos
3731 5783 3860 5824 esse
