4112 6426
274 451 380 505 627

1584 449 1890 506 GEORGII
1927 446 2393 505 PACHYMERB

3588 452 3699 507 628

268 572 561 643 ἠκούοντο,
593 570 741 626 ἀλλὰ
772 572 965 626 στόλον
1002 573 1258 645 μέγιστον
1287 571 1392 625 ἀπὸ
1433 576 1536 644 γῆς
1587 570 1675 623 καὶ
1726 566 1921 622 θαλάσ·
1952 570 2008 635 Α
2038 569 2233 623 ἱκανῶν
2292 569 2367 632 εἷς
2416 569 2682 645 γεωργίαν
2729 574 2836 625 τῶν
2888 571 3159 647 ἀρουρῷν,
3216 570 3354 627 ὅπου
3401 573 3459 627 ἃν
3508 572 3698 643 εἷ’ἡσαν

270 684 369 733 σης
399 662 534 717 κατᾶ
560 668 663 730 τῆς
696 662 911 722 πόλεως
945 660 1309 734 ἐξαρτύεσθαι.

270 784 331 837 θ’.
391 783 579 840 ’Όπως
639 778 867 851 σανίσιν⁸
906 779 1233 851 ἀνυψοῦντο-
1278 776 1344 831 τὰ
1398 777 1536 851 πρὸς
1588 779 1657 848 τῇ
1720 774 1921 851 θαλάσ-

344 874 408 925 σῃ
463 850 642 925 τείχη,
702 852 793 904 καὶ
851 847 939 903 δια
989 847 1068 906 τί.
1137 849 1240 903 Καὶ
1302 847 1451 923 περὶ’
1487 848 1799 921 έτοιμασίας
1828 850 1923 901 τοῦ

346 922 637 999 βασιλέως.

343 1021 551 1077 Ἐδόκει
600 1026 729 1095 γοῦν
788 1022 923 1094 πρὸς
988 1020 1056 1073 τὰ
1129 1020 1474 1094 παραστάντα
1551 1016 1641 1073 διὰ
1711 1018 1924 1093 ταχέων

271 1114 506 1185 ἀνυψοῦν
566 1112 631 1164 τά
679 1110 838 1183 τείχη
871 1114 972 1174 τῆς
1006 1107 1245 1177 πόλεως,
1296 1111 1385 1163 καὶ
1422 1107 1637 1181 μᾶλλον
1692 1108 1759 1161 τά
1789 1108 1926 1181 πρὸς

265 1206 334 1275 τῇ
387 1200 646 1272 θαλάσσῃ,
698 1197 729 1252 ἃ
780 1197 845 1266 δὴ
898 1197 985 1252 καὶ
1038 1198 1306 1273 χθαμαλὰ
1353 1198 1509 1266 ἦσαν·
1554 1198 1783 1257 εἶ’κότως
1833 1207 1925 1259 θα-

261 1290 763 1363 λασσοκρατοῦντος
846 1286 969 1341 τότε
1054 1292 1151 1341 τοῦ
1230 1288 1464 1361 πρώτως
1551 1286 1926 1359 ἀνεγείραντος

265 1377 671 1435 Κωνσταντίνου
718 1382 813 1430 τοῦ
864 1376 971 1451 οὐχ
1002 1378 1166 1445 ἧττον
1217 1378 1279 1430 τὸ
1324 1371 1482 1437 σέϐας
1515 1374 1549 1443 ἢ
1581 1377 1676 1436 τὰς
1710 1373 1930 1449 πράξεις

270 1468 571 1543 μεγίστου,
631 1464 1049 1541 κατεπείγοντος
1104 1464 1160 1519 δῖε
1212 1470 1309 1519 τοῦ
1362 1469 1597 1540 καιροῦ,
1654 1463 1772 1518 ἐπεὶ
1833 1462 1931 1517 οὐκ

269 1558 448 1632 ἔχοιεν
505 1556 728 1630 πέτραις
765 1554 856 1608 σῦν
905 1558 1107 1625 τιτάνῳ
1155 1555 1254 1622 τὴν
1302 1553 1735 1626 ἀνοικοδόμησιν
1783 1552 1927 1607 ἐκτε-

268 1646 406 1716 λεῖν,
465 1646 681 1718 μόσυσι,
712 1643 883 1699 σανίσι
914 1642 1198 1704 πλατείαις
1242 1644 1331 1697 καὶ
1384 1643 1679 1717 έπιμήκεσι
1726 1641 1817 1695 σὺν
1850 1646 1929 1713 τῷ

264 1736 356 1790 καὶ
390 1730 648 1810 στιϐαράς
699 1734 834 1807 πρὸς
886 1733 949 1787 τὸ
998 1738 1118 1796 ταῖς
1148 1732 1435 1809 ἐπιφοραῖς
1489 1733 1735 1808 ἀντέχειν
1773 1733 1927 1798 εἶναι,

265 1825 392 1887 τούς
440 1845 499 1878 τε
545 1822 783 1897 πύργους
832 1822 919 1877 καὶ
969 1823 1035 1876 τὰ
1088 1823 1249 1898 τείχη
1312 1826 1691 1895 προσανυψοῦν
1726 1864 1740 1890 ,
1790 1822 1927 1897 πρὸς

2029 657 2184 712 αῦται
2214 659 2303 714 καὶ
2334 662 2461 734 παρ’
2517 662 2589 714 ὧν
2648 662 2994 736 κατέχοιντο,
3042 666 3151 715 τῶν
3202 660 3351 724 ἐντὸς
3404 659 3547 739 λέγω
3595 672 3696 734 τῆς

2029 746 2267 820 πόλεως,
2318 749 2515 811 αὐτοὺς
2567 756 2827 825 γεωργεῖν
2884 746 3030 825 ἕχείν
3082 755 3336 813 νεοῦντας
3393 754 3484 806 καὶ
3544 755 3699 809 σπεί-

2032 859 2224 912 ροντας
2284 839 2373 892 καὶ
2435 839 2784 912 θερίζοντας,
2840 839 2917 901 ὡς
2965 839 3099 893 εἶναι
3158 840 3249 893 καὶ
3307 845 3425 903 τοῖς
3486 842 3696 917 ἀνθρώ-

2031 949 2155 989 ποις
2189 929 2431 1002 αὐταρκη
2482 930 2713 1005 τροφὴν,
2751 932 2831 1001 [Ρ.
2869 931 2990 1001 125]
3037 930 3175 1003 πρὸς
3222 934 3300 1000 τῷ
3350 929 3439 983 καὶ
3490 931 3694 1007 ταρίχη

2030 1019 2463 1091 προεισαχθῆναι
2496 1022 2657 1072 τοῦτο
2700 1019 2797 1089 μεν
2848 1018 2898 1089 ἐξ
2937 1018 3090 1073 ὑείων
3125 1023 3298 1093 κρεῶν
3347 1024 3513 1074 τοῦτο
3548 1018 3606 1075 δέ
3636 1041 3700 1095 γε

2033 1105 2119 1158 καὶ
2152 1104 2212 1158 ἐκ
2257 1107 2352 1159 τοῦ
2398 1109 2505 1159 τῶν
2558 1100 2850 1178 προϐάτων
2892 1104 3189 1180 γάλακτος,
3240 1107 3330 1159 καὶ
3361 1108 3525 1181 χιλὸν
3577 1113 3699 1169 τοῖς

2031 1194 2225 1257 ἳπποις
2258 1196 2717 1270 προσαπομένειν,
2751 1194 2885 1249 εἶναι
2917 1191 2975 1249 δὲ
3024 1196 3114 1249 καὶ
3164 1200 3498 1271 γεωργοῦσιν
3548 1196 3699 1259 ἐντὸς

2033 1284 2100 1338 τὰ
2157 1282 2207 1343 ἐς
2266 1286 2473 1361 τροφὴν
2553 1284 2898 1358 ἀνθρωπίνην
2956 1288 3061 1337 τῶν
3121 1285 3274 1352 ζώων
3353 1284 3405 1355 ἐξ
3459 1285 3698 1359 ἀνάγκης

2034 1372 2446 1448 περιγινόμενα,
2497 1374 2571 1437 ὡς
2611 1374 2823 1450 τρέφειν
2881 1373 3089 1427 ἱκπνωί
3151 1372 3362 1448 ἔχουσι.
3427 1371 3705 1449 Περιϐλή-

2041 1484 2180 1535 ματα
2230 1460 2287 1516 δὲ
2336 1462 2395 1516 ἐκ
2442 1462 2637 1538 βοείων
2692 1460 2975 1537 δερμάτων
3017 1468 3139 1524 ταῖς
3174 1462 3377 1518 σανίσιν
3432 1463 3703 1529 ἐπιτεθεῖ-

2037 1554 2179 1623 σθαι,
2234 1552 2309 1624 μή
2358 1553 2444 1605 καὶ
2499 1556 2605 1627 πῦρ
2662 1551 2978 1613 έναύσαντες
3018 1550 3287 1607 ἐκκαίοιεν
3320 1554 3372 1606 οἱ
3404 1553 3697 1626 πολέμιοι.

2035 1642 2115 1697 Τὰ
2150 1642 2244 1713 μὲν
2296 1638 2386 1695 οῦν
2428 1644 2535 1694 τῶν
2570 1638 2801 1695 σανίδων
2852 1640 2929 1702 εἷς
2960 1640 3113 1716 ἔργον
3147 1636 3327 1711 ἐξέϐη,
3376 1643 3465 1697 καὶ
3496 1643 3698 1718 πύργοι

2042 1731 2136 1803 μὲν
2182 1730 2255 1791 ὡς
2306 1730 2390 1783 ἐπὶ
2437 1735 2581 1802 τρεῖς
2615 1731 2912 1803 ἀνυψοῦντο
2949 1732 3176 1804 πήχεις,
3208 1729 3370 1805 τείχη
3406 1729 3465 1786 δέ
3494 1731 3698 1787 ἀναλό-

2035 1840 2146 1894 γως
2195 1824 2311 1882 τοῖς
2352 1819 2580 1893 πύργοις
2607 1820 2705 1887 τήν
2736 1815 2902 1889 αὔξην
2937 1814 3273 1891 ἐλάμϐανονο
3322 1821 3389 1874 τά
3420 1818 3477 1875 δὲ
3525 1820 3697 1876 λοιπὰ

271 1912 328 1968 δέ
399 1934 458 1987 γε
507 1913 569 1967 τὸ
638 1912 921 1987 αὐτάρκως
980 1908 1124 1986 ἔχειν
1193 1916 1301 1965 τῶν
1380 1911 1708 1981 άνθεξὸντων
1774 1908 1925 1971 ἐντὸς
1961 1934 2005 1998 Β
2042 1909 2415 1981 ὑπερετίθεντο
2470 1910 2541 1970 ὡς
2591 1907 2679 1963 ἐπὶ
2731 1913 2928 1983 καιροῦ
2976 1911 3289 1984 πράξοντες.
3342 1913 3416 1966 Τὸ
3474 1910 3520 1966 δ’
3569 1911 3699 1967 ἐλα-

270 2005 487 2072 πλῆθος
551 2005 895 2077 στρατιωτῶν
950 1996 1140 2074 ἔξωθεν
1198 2000 1529 2071 εἷσοικίζειν,
1589 1998 1735 2068 πλὴν
1801 1998 1925 2053 ἐλα-

272 2097 420 2169 φρῶν
472 2090 548 2153 ὠς
601 2091 749 2153 ἐντὸς
806 2090 1075 2161 μενόντων
1108 2089 1193 2143 ἐπὶ
1227 2093 1324 2143 τοῦ
1353 2093 1451 2154 τῆς
1484 2088 1671 2163 μάχης
1702 2092 1919 2162 καιροῦ,

261 2184 325 2250 ἣν
386 2179 443 2234 δέ
498 2201 555 2233 τε
612 2177 723 2233 δέοι
778 2180 866 2233 καὶ
928 2178 1034 2232 ἀπὸ
1063 2186 1167 2251 γῆς
1208 2178 1447 2255 ἐκφέρειν
1480 2178 1751 2249 πόλεμον,
1786 2178 1920 2230 εἴναι

261 2269 391 2331 τοὺς
467 2269 947 2339 ὑποστησομένους
1019 2267 1077 2322 ἐκ
1161 2264 1577 2341 στρατευμάτων
1666 2264 1915 2341 μεγάλων

268 2358 571 2434 βασιλικῶν
608 2402 621 2414 .
675 2357 749 2411 Τά
802 2355 859 2411 δέ
916 2378 978 2431 γε
1034 2363 1133 2426 τῆς
1188 2364 1401 2434 τροφῆς
1456 2356 1665 2424 αὐτοῖς,
1729 2356 1773 2411 εί
1832 2353 1916 2409 ἐπί

267 2450 533 2521 μήκιστον
592 2446 954 2521 παραμένοιεν
1010 2448 1475 2521 προσκαθήμενοι,
1526 2444 1763 2518 ἑτοίμως
1810 2445 1915 2498 ἀπὸ

262 2543 363 2606 τῆς
423 2536 639 2599 πόλεως
694 2533 1071 2608 ἑτοιμάζεσθαι
1106 2556 1118 2569 ·
1189 2534 1549 2611 εἰσαχθέντων
1608 2535 1707 2610 γὰρ
1770 2536 1914 2609 βοῶν

274 2756 409 2793 nam
446 2742 503 2794 et
540 2737 787 2793 classem
821 2736 1198 2792 instruebant
1230 2736 1573 2804 maximam,
1606 2753 1733 2807 qua:
1775 2734 1924 2791 mari

274 2844 397 2884 rem
431 2832 681 2899 gereret,
732 2830 789 2881 et
820 2832 1155 2882 terrestrem
1188 2826 1507 2882 exercitum
1543 2825 1923 2896 praevalidum

280 2917 615 2984 armabant,
648 2932 759 2986 quo
794 2915 933 2971 urbs
968 2916 1361 2986 undecunque
1393 2920 1850 2987 Oppugnaretur.

270 3034 325 3086 9.
365 3033 425 3090 Ut
455 3033 653 3086 mania
686 3031 844 3086 urbis
875 3046 999 3100 quae
1026 3046 1180 3084 mare
1209 3034 1459 3099 spectant
1488 3034 1744 3100 suggestu
1768 3030 1926 3084 tabu-

346 3105 529 3158 larum
587 3106 755 3158 aucta
814 3101 949 3172 sint,
984 3109 1036 3155 et
1090 3118 1255 3172 quam
1303 3102 1366 3156 ob
1396 3118 1647 3157 causam.
1698 3105 1836 3156 Tum
1865 3101 1929 3156 de

342 3184 540 3231 caztero
572 3173 923 3245 imperatoris
950 3176 1246 3244 apparatu.

2040 2004 2197 2074 φροῐς
2246 1999 2354 2051 τῶν
2407 1999 2752 2071 στρατιωτῶν
2802 1998 3023 2067 οἰκίζειν
3079 2001 3179 2068 τήν
3228 2000 3393 2055 πόλιν
3432 2002 3523 2056 γαὶ
3574 2001 3698 2057 λίαν

2029 2085 2111 2140 ἐπ’
2168 2086 2405 2162 ἀνάγκης
2466 2090 2639 2161 εἶχεν,
2699 2089 2837 2142 ὅπου
2896 2110 2959 2163 γε
3016 2088 3107 2142 καὶ
3160 2087 3375 2144 Λάκωσι
3418 2088 3701 2154 πλείστοις

2029 2174 2247 2251 ὕστερον
2301 2175 2358 2229 ἐκ
2415 2181 2512 2230 τοῦ
2562 2177 3154 2255 Μορέου’ἀφιγμένοις
3212 2178 3536 2255 ἐπιμερίσας
3593 2182 3689 2236 τό·

2028 2285 2163 2326 πους
2196 2264 2282 2318 ἐπὶ
2313 2272 2412 2333 τῆς
2446 2264 2662 2327 πόλεως
2708 2272 2942 2341 παρεῖχε
2987 2272 3258 2320 κατοικεῖν
3307 2268 3382 2332 ὡς
3410 2268 3687 2345 αὐτόχθο-

2029 2376 2102 2422 σι,
2162 2353 2250 2407 καὶ
2312 2350 2501 2429 ρόγαις
2560 2355 2800 2425 ἐτησίοις
2855 2353 3203 2430 δωρούμενος
3260 2358 3349 2412 καὶ
3406 2358 3693 2423 πλείστοις

2026 2440 2219 2506 ἄλλοις
2277 2443 2718 2520 φιλοτιμήμασιν
2776 2442 2864 2499 ἐπὶ
2941 2444 3179 2508 πολλοῖς
3236 2448 3325 2501 καὶ
3389 2446 3541 2511 ἐντὸς
3597 2450 3690 2505 καὶ

2024 2530 2177 2593 ἐκτὸς
2232 2530 2459 2605 ἐχρῆτο,
2511 2533 2583 2594 ὡς
2626 2531 2773 2603 ἀξίαν
2827 2526 3024 2608 τριϐὴν
3084 2533 3134 2587 ἐν
3168 2531 3440 2608 πολέμοις
3473 2534 3689 2611 ἔχουσι.

2034 2734 2329 2803 tendoque
2360 2734 2716 2791 conﬁcerent
2750 2736 3029 2793 frumenti
3060 2739 3214 2811 quod
3249 2742 3406 2794 esset
3436 2756 3587 2811 opus
3617 2741 3689 2795 ad

2036 2839 2331 2877 annonam
2365 2823 2423 2877 in
2458 2823 2600 2879 urbe
2632 2825 2999 2896 degentium,
3034 2828 3233 2883 addita
3264 2844 3440 2899 quam
3476 2830 3698 2901 pariter

2034 2912 2191 2966 intro
2222 2912 2457 2983 congeri
2490 2914 2735 2968 curabat
2765 2916 2932 2987 copia
2957 2932 3168 2985 magna
3199 2917 3547 2973 duratorum
3572 2918 3695 2974 sale

2038 3018 2105 3056 ac
2140 3002 2300 3055 fumo
2335 3002 2406 3056 ad
2458 3001 2802 3057 diuturnam
2845 3005 3348 3061 conservationem
3402 3006 3693 3075 ciborum,

2039 3090 2252 3161 partim
2286 3107 2351 3145 ex
2383 3090 2577 3145 suillis
2628 3091 2928 3160 carnibus,
2964 3094 3180 3165 partim
3210 3110 3275 3149 ex
3323 3093 3494 3150 ovino
3526 3096 3695 3153 lacte.

2041 3179 2178 3233 Feni
2230 3195 2464 3249 quoque
2498 3179 2614 3235 vim
2647 3181 2943 3251 ingentem
2994 3183 3053 3237 in
3088 3183 3371 3253 pabulum
3404 3200 3689 3256 equorum

349 3273 550 3329 Visum
604 3272 785 3344 igitur
814 3275 902 3328 est
951 3271 1351 3327 necessarium
1384 3272 1454 3327 ad
1498 3272 1919 3327 occurrendum
1956 3266 1997 3333 C
2036 3268 2318 3339 reposuit,
2360 3285 2472 3323 non
2508 3268 2783 3324 defutura
2808 3270 2955 3341 ipsis
2989 3271 3263 3343 agricolis
3300 3274 3449 3328 intra
3490 3274 3688 3327 urbem

280 3363 643 3418 instantibus
690 3366 825 3417 ante
856 3360 1053 3417 omnia
1110 3377 1343 3416 summa
1376 3361 1672 3416 celeritate
1715 3360 1929 3415 mwnia

276 3453 441 3507 urbis
492 3450 779 3520 attollere,
825 3450 1144 3522 praesertim
1180 3467 1308 3521 qua:
1355 3467 1512 3505 mare
1558 3451 1925 3521 spectabant,

274 3542 488 3613 quippe
519 3558 648 3611 quas
681 3540 997 3595 humiliora
1027 3546 1214 3608 erant,
1238 3556 1305 3594 eo
1340 3540 1437 3609 qui
1458 3539 1744 3606 condidit,
1771 3540 1927 3611 quod

276 3630 425 3685 mari
456 3629 883 3692 dominaretur,
919 3628 1149 3683 munire
1180 3627 1278 3682 illa
1312 3628 1655 3696 diligentius
1678 3644 1744 3683 ea
1767 3632 1929 3699 parte

278 3717 646 3791 superﬂuum
672 3722 817 3773 rato.
839 3717 894 3772 Is
926 3716 1494 3787 fuitConstantinus,
1513 3734 1624 3771 non
1648 3717 1928 3787 religione

280 3809 481 3863 minus
513 3824 691 3877 quam
725 3806 999 3861 civilibus
1032 3812 1089 3861 et
1121 3805 1344 3862 bellicis
1375 3806 1520 3861 actis
1554 3807 1807 3861 maxime
1838 3806 1931 3861 in-

283 3898 496 3967 clytus.
521 3896 810 3959 Quiavero
826 3895 1117 3967 angustiis
1138 3895 1420 3967 temporis
1446 3896 1805 3967 urgebantur
1828 3912 1931 3951 nec

283 3993 462 4057 petrae
493 3991 550 4040 et
580 3985 705 4039 calx
727 3986 797 4039 ad
830 4002 1073 4039 manum
1096 3990 1283 4054 erant,
1314 3985 1529 4041 tabulis
1553 3985 1687 4041 latis
1718 3991 1932 4056 etprae-

281 4076 471 4146 longis
505 4076 594 4128 usi
627 4074 917 4141 trabibus,
951 4092 1099 4145 quas
1148 4074 1247 4129 ubi
1280 4075 1583 4129 deﬁciebat
1615 4076 1931 4129 summitas

290 4163 676 4235 depressioris
726 4164 903 4229 muri,
938 4162 1147 4219 validis
1196 4164 1442 4218 nexibus
1493 4163 1738 4217 aadiﬁcio
1779 4163 1925 4218 I87

278 4253 456 4325 priori
489 4253 959 4320 committebant,
1004 4259 1353 4324 suggestum
1388 4269 1614 4307 coronze
1648 4253 1932 4307 mccnium

277 4348 335 4397 et
364 4341 741 4414 surgentibus
764 4340 1183 4411 perintervalla
1206 4341 1473 4395 turribus
1490 4342 1931 4409 adstruxerunt,

278 4440 566 4501 quantum
600 4430 898 4485 sufﬁceret
928 4431 999 4483 ad
1047 4431 1331 4501 tegendos
1363 4430 1524 4485 intus
1558 4430 1932 4499 defensores;

280 4535 534 4591 quorum
569 4534 641 4572 ne
672 4518 903 4573 deesset
924 4518 1111 4589 copia,
1146 4518 1284 4573 foris
1316 4518 1526 4573 accivit
1565 4522 1620 4574 et
1651 4519 1805 4575 intra
1837 4538 1933 4575 ur-

277 4610 411 4665 bem
427 4605 748 4676 collocavit,
765 4606 1081 4662 domiciliis
1097 4608 1375 4679 pommrio
1390 4608 1622 4675 vicinis,
1652 4625 1932 4681 magnum

276 4714 590 4755 numerum
615 4696 1023 4752 militumlevis
1046 4702 1353 4752 armatura":
1383 4715 1394 4753 :
1415 4716 1527 4752 non
1550 4698 1705 4752 enim
1730 4698 1934 4755 loricis

274 4795 600 4860 caeteroque
630 4785 792 4858 gravi
825 4791 1111 4857 apparatu
1144 4805 1293 4857 opus
1326 4791 1449 4842 erat
1482 4789 1833 4858 pugnaturis
1865 4808 1935 4844 ex

276 4884 418 4946 tuto,
451 4878 648 4949 pinnis
675 4891 978 4930 murorum
1016 4876 1474 4946 protegentibus.
1509 4876 1654 4930 Nam
1690 4877 1761 4931 ad
1796 4894 1936 4931 eru-

274 4966 530 5038 ptiones,
564 4966 609 5020 si
642 4982 790 5035 quas
823 4981 967 5019 usus
998 4964 1136 5020 belli
1189 4969 1474 5036 posceret,
1508 4969 1564 5020 et
1595 4970 1830 5036 apertas
1877 4968 1935 5022 in

276 5072 482 5126 campo
515 5054 930 5109 dimicationes
962 5071 1094 5107 cum
1132 5054 1569 5121 obsessoribus,
1600 5060 1808 5125 prmsto
1841 5058 1937 5111 ad-

279 5144 508 5199 futuros
540 5142 947 5212 cataphractos
971 5159 1001 5196 e
1023 5142 1233 5197 castris
1261 5142 1586 5212 majoribus
1622 5144 1933 5213 imperato-

276 5250 389 5289 rcs.
426 5229 682 5285 Providit
724 5234 920 5286 autem
955 5247 1025 5285 ne
1050 5232 1443 5305 prmsiiliariis
1480 5232 1639 5286 hisce
1688 5235 1933 5290 urbanis

273 5322 554 5378 alimenta
586 5335 844 5388 unquam
874 5318 1163 5385 deforent,
1198 5325 1729 5393 quantumcunque
1762 5324 1935 5378 dura-

273 5414 349 5467 rit
380 5408 635 5475 obsidio,
663 5408 762 5462 sed
795 5410 951 5463 esset
981 5425 1213 5479 semper
1243 5411 1467 5465 affatim
1500 5412 1655 5465 unde
1686 5412 1831 5481 ipsis
1865 5431 1933 5468 ex

270 5502 416 5555 urbe
447 5497 966 5567 suppeditarentur
995 5497 1061 5549 ad
1097 5498 1312 5551 victum
1347 5500 1713 5566 necessaria;
1750 5518 1931 5571 quam

274 5591 343 5644 ad
365 5603 488 5642 rem
514 5584 839 5639 introduxit
862 5584 919 5637 in
943 5585 1145 5639 urbem
1178 5588 1351 5641 boum
1380 5605 1712 5656 numerum,
1742 5607 1932 5660 quan-

277 5686 373 5735 tus
407 5674 702 5729 suiticeret
733 5672 977 5728 culturae
1037 5691 1379 5744 camporum
1422 5677 1928 5747 suburbanorurn,

272 5778 526 5837 quorum
543 5779 719 5833 opera
737 5762 1012 5820 industrii
1028 5763 1295 5833 agricola:
1312 5766 1550 5833 arando,
1570 5768 1815 5823 serendo
1834 5785 1923 5823 me

2037 3357 2389 3428 degentibus
2416 3362 2472 3412 et.
2501 3374 2568 3412 ex
2593 3374 2659 3413 ea
2684 3359 2740 3413 in
2760 3358 3050 3415 culturam
3069 3361 3225 3417 ruris
3244 3361 3686 3433 undiquevicini

2037 3446 2299 3516 quotidie
2334 3447 2657 3518 prodituris
2688 3448 2864 3504 etiam
2899 3449 3226 3507 obsidionis
3258 3456 3518 3523 tempore
3550 3469 3692 3523 qua-

2036 3535 2171 3589 dam
2204 3534 2371 3605 copia
2401 3536 2667 3590 carnium
2692 3537 2873 3593 etiam
2899 3539 3250 3611 recentium,
3277 3541 3561 3597 nonnullo
3584 3542 3693 3597 uti-

2036 3639 2149 3693 que
2174 3640 2416 3679 numero
2441 3625 2783 3681 animalium
2808 3628 3168 3683 suburbanis
3192 3630 3429 3701 pascuis
3453 3631 3699 3697 alendo;

2039 3713 2193 3768 unde
2225 3730 2338 3768 non
2372 3714 2565 3769 solum
2600 3715 2836 3771 soboles
2880 3724 3276 3774 succresceret
3308 3724 3447 3790 apta
3479 3720 3698 3775 labori-

2038 3806 2147 3860 bus
2181 3807 2363 3860 aratri
2394 3825 2460 3861 ac
2493 3807 2765 3879 plaustri,
2800 3810 2899 3864 sed
2942 3827 3071 3881 quae
3107 3812 3163 3865 in
3200 3812 3424 3867 macelli
3466 3830 3701 3885 quoque

2039 3909 2104 3947 ac
2137 3908 2477 3949 mensarum
2505 3912 2679 3950 usum
2707 3896 2999 3951 urbanum
3025 3898 3376 3955 abundaret.
3405 3901 3578 3957 Porro
3602 3919 3703 3957 co-

2038 3983 2124 4036 ria
2157 3983 2331 4037 boum
2367 3984 2449 4038 sic
2483 3984 2539 4038 in
2574 3986 2739 4040 cibos
2764 3986 3214 4056 absumptorum
3240 3988 3459 4061 imponi
3495 3991 3705 4064 agglu-

2038 4071 2860 4143 tinariquejubebatexterius
2886 4076 2957 4131 iis
2982 4077 3218 4148 tabulis,
3245 4096 3391 4149 quas
3419 4080 3539 4135 dixi
3572 4098 3704 4134 mu-

2041 4164 2120 4217 ris
2148 4162 2381 4217 additas
2408 4162 2736 4235 fuisse,quo
2762 4164 2876 4220 illae
2900 4172 3346 4238 protegerentur
3366 4171 3704 4241 abigneho-

2041 4251 2184 4317 stili,
2218 4252 2263 4305 si
2304 4252 2447 4306 forte
2482 4253 2842 4323 injiceretur.
2876 4257 2954 4309 Ac
2986 4262 3304 4329 suggestus
3336 4259 3573 4329 quidem
3607 4259 3707 4315 ille

2043 4356 2345 4395 murorum
2372 4358 2439 4395 ex
2464 4343 2733 4413 materia,
2760 4344 2845 4398 uti
2888 4344 3224 4402 destinatus
3250 4348 3458 4418 fuerat,
3491 4365 3693 4420 perac-

2041 4434 2138 4483 tus
2160 4434 2469 4495 cst,turres
2487 4431 2761 4487 attollens
2779 4450 2959 4504 supra
2980 4435 3193 4491 molem
3221 4438 3474 4508 priorem
3494 4439 3562 4493 ad
3586 4443 3707 4495 tres

2043 4518 2294 4584 cubitos,
2323 4522 2379 4573 et
2413 4522 2626 4575 moenia
2660 4521 2952 4590 similiter,
2987 4524 3182 4580 debita
3216 4527 3597 4598 proportione
3627 4528 3701 4581 ad

1976 4639 2021 4703 Β
2053 4616 2264 4663 turres.
2298 4611 2512 4663 Caetera
2543 4611 2695 4679 ejus,
2728 4612 2960 4681 generis
2995 4617 3058 4667 ut
3091 4616 3291 4670 minus
3342 4617 3612 4688 urgentia
3641 4616 3701 4670 in

2057 4714 2314 4768 praesens
2331 4698 2478 4752 I88
2496 4716 2600 4754 suo
2623 4704 2883 4770 tempore
2896 4703 3353 4761 curandadilata
3369 4710 3528 4761 sunt.
3549 4705 3700 4762 Illud

2046 4788 2260 4857 quippe
2286 4788 2412 4857 jam
2453 4804 2605 4843 nunc
2638 4789 3041 4845 necessarium
3076 4797 3305 4848 mature
3337 4811 3403 4849 ac
3429 4812 3561 4849 cum
3587 4795 3705 4851 sol-

2046 4874 2349 4930 licitudine
2391 4880 2683 4944 curatum,
2736 4883 2800 4932 ut
2851 4880 3108 4951 expediti
3141 4881 3464 4955 leviterque
3495 4885 3706 4940 armati

2047 4964 2265 5020 milites
2289 4966 2359 5019 ad
2382 4966 2539 5020 urbis
2570 4966 2904 5035 praesidium
2924 4968 3132 5026 idoneo
3159 4988 3424 5042 numero,
3450 4974 3707 5030 admotis

2046 5054 2265 5108 circum
2294 5054 2551 5123 undique
2574 5056 2853 5125 pommrio
2876 5057 3215 5125 domiciliis,
3252 5061 3706 5119 collocarentur.

2044 5146 2167 5208 Quo
2200 5143 2258 5198 in
2287 5159 2491 5211 genere
2524 5142 2851 5200 Laconibus
2886 5146 3159 5216 plurimis
3188 5167 3217 5205 e
3243 5151 3437 5209 Moreo
3463 5156 3593 5224 post
3618 5170 3705 5207 re-

2043 5239 2270 5303 ceptam
2305 5233 2877 5305 ConstantinOpolim
2913 5238 3194 5307 profectis
3218 5240 3536 5312 assignatis
3557 5242 3704 5298 locis

2042 5325 2194 5377 ardes
2221 5322 2508 5392 attribuit,
2536 5323 2920 5393 pensionibus
2945 5326 3099 5399 illos,
3124 5333 3409 5401 tanquam
3434 5330 3481 5387 si
3506 5335 3708 5387 essent

2042 5411 2352 5483 indigenae,
2374 5414 2586 5468 annuis
2601 5412 2851 5478 donans,
2873 5422 3193 5487 caeteraque
3216 5420 3465 5489 plurima
3483 5421 3705 5477 libera-

2045 5501 2199 5555 litate
2227 5500 2338 5555 sibi
2368 5502 2722 5556 devincicns.
2761 5502 2923 5559 Unde
2955 5504 3087 5561 illos
3121 5515 3420 5581 promptos
3452 5510 3709 5567 habebat

2042 5591 2109 5645 ad
2132 5589 2352 5660 qumvis
2382 5590 2684 5661 obsequia,
2715 5591 3085 5665 libentesque
3110 5594 3362 5654 libenter
3378 5600 3702 5657 adhibebat

2042 5681 2111 5734 ad
2150 5678 2336 5733 multa
2370 5679 2534 5734 intus
2566 5684 2804 5735 etextra
2840 5683 3065 5752 urbem,
3090 5686 3308 5757 quippe
3348 5705 3457 5742 usu
3492 5690 3702 5746 idoneo

2038 5768 2311 5839 praeditos
2339 5768 2417 5822 rei
2440 5768 2678 5825 bellicae.
2708 5769 3048 5829 Gasmulico
3070 5774 3209 5845 quin
3229 5777 3407 5833 etiam
3429 5778 3706 5851 Hybrida-
