4112 6420
369 427 478 484 629

1434 431 1532 482 DE
1568 427 1943 484 MICHAELE
1977 421 2424 478 PALEOLOGO
2463 423 2578 476 LIB
2642 427 2740 478 III.

3687 423 3801 478 630

362 555 451 623 Τῷ
501 549 558 604 δέ
615 570 678 624 γε
738 547 1124 622 Γασμουλικῷ,
1168 548 1260 613 οὓς
1312 547 1378 620 δὴ
1442 549 1780 624 συμμίκτους
1831 549 1865 616 ἡ
1914 549 2020 600 τῶν
2053 549 2106 616 Α
2137 545 2233 600 νὸν
2283 547 2422 620 πρὸς
2471 542 2661 620 ἄρχειν
2710 543 2815 616 ἕξει
2876 547 2951 618 μὴ
2983 546 3111 609 τοὺς
3146 546 3424 616 ὑπηκόους
3481 544 3798 620 εὐεργετῶν.

367 641 596 698 Ἰταλῶν
642 638 815 694 εἷ’πειε
873 638 1099 713 γλῶσσα
1153 641 1311 713 (ἦσαν
1371 640 1476 714 γὰρ
1538 636 1597 694 ἔκ
1633 660 1692 694 τε
1738 635 2027 710 Ῥωμαίων

368 730 460 786 καὶ
511 728 760 784 Λατίνων
840 731 1271 803 γεγεννημένοι),
1329 729 1766 806 προσανεπαύετο
1824 725 1999 798 ἐκπέμ

365 840 483 874 πων
539 817 626 873 ἐπὶ
685 821 832 888 νηῶν
869 836 881 848 ⁶
943 819 1078 886 ἦσαν
1137 819 1238 894 γὰρ
1306 821 1367 872 τὸ
1445 819 1537 891 μὶν
1610 818 1895 892 προμηθὲς
1954 815 2028 878 εἷς

370 906 653 980 πολέμους
702 907 793 961 καὶ
845 907 1059 961 συνετὸν
1109 906 1167 961 ἐκ
1196 908 1509 980 Ῥωμαίων,
1539 909 1600 961 τὸ
1652 905 1697 961 δ’
1731 905 2030 981 ὁρμητικόν

361 1018 418 1053 τε
473 996 565 1052 καὶ
617 993 844 1060 αὔθαδες
902 996 962 1050 ἐκ
1018 995 1268 1051 Λατίνων
1337 993 1580 1070 ἔχοντες.
1648 996 1749 1050 Καὶ
1831 992 2027 1049 στόλον

365 1087 582 1161 μέτριον
644 1084 954 1159 ἐξηρτύετο,
1013 1086 1104 1140 καὶ
1167 1090 1507 1159 προσεκτᾶτο
1564 1087 1635 1139 τὰ
1689 1089 1797 1139 τῶν
1848 1085 2029 1153 νήσων

363 1174 646 1250 ἒγγύτερα,
682 1173 844 1250 ῥόγας
897 1175 991 1246 μὲν
1054 1174 1370 1229 ἀποτάττων
1415 1175 1603 1238 αὐτοῖς
1652 1173 1711 1229 ἐκ
1760 1178 1856 1228 τοῦ
1907 1193 2027 1228 κοι-

362 1268 456 1319 νοῦ
501 1261 755 1336 ταμιείου
802 1263 892 1317 καὶ
937 1262 1289 1340 φιλοτιμίαις
1323 1259 1494 1336 αὔξων
1535 1267 1632 1326 τὰς
1690 1262 2023 1339 προθυμίας,

364 1347 785 1424 ἀντιλαμϐάνων
848 1349 894 1406 δ’
931 1352 991 1407 ἐκ
1026 1361 1129 1422 τῆς
1177 1352 1396 1407 ἐκείνων
1450 1350 1691 1423 σπουδῆς
1717 1353 1805 1408 καὶ
1865 1353 2023 1427 ἐργα-

369 1441 490 1504 σίας
547 1440 793 1496 πλείονα.
832 1442 964 1516 Εἶχε
1013 1442 1116 1517 γὰρ
1159 1447 1278 1503 ταῖς
1323 1441 1606 1512 ἀληθείαις
1649 1443 1740 1498 καὶ
1787 1443 1850 1496 τὸ
1882 1442 2023 1516 εὐερο

365 1530 579 1606 γετικὸν
660 1531 796 1605 πρὸς
880 1532 1150 1598 ἅπαντας,
1211 1531 1297 1584 καὶ
1371 1531 1706 1608 ἀμφοτέραις
1779 1529 2021 1601 ἐξήντλει

358 1617 588 1674 πολλῶν
647 1619 1157 1694 προαποκειμένων,
1222 1621 1324 1676 οὐκ
1389 1619 1511 1676 οἶδα
1601 1617 1708 1674 εἷ’τε
1783 1641 1864 1682 τις
1920 1621 2019 1689 τὴν

357 1707 514 1785 φύσιν
564 1713 818 1771 τοιοῦτος
882 1707 1047 1780 ὢν,ἥ
1097 1709 1578 1786 προσποιούμενος
1615 1707 1684 1763 δι’
1717 1707 1863 1764 ἄλλα
1925 1709 2019 1782 μέ-

356 1819 516 1873 γιστα
592 1797 656 1852 τὸ
743 1797 1066 1872 φιλότιμον,
1157 1801 1552 1874 ἀναγκαστικάς
1632 1798 1728 1860 τὰς
1803 1798 2017 1860 εὐνοίας

2142 638 2331 698 ’Όστις
2365 633 2422 689 δὲ
2457 634 2758 710 βασιλεύων
2791 635 3061 710 γλίσχρος
3095 635 3206 691 ἐστὶ
3255 637 3418 710 πρὸςπ
3449 636 3512 689 τὸ
3563 632 3795 697 διδόναι,

2142 724 2343 785 ἐκεῖνος
2376 725 2582 794 σκηνὴν
2618 723 2918 798 βασιλείας,
2954 726 3017 779 οὐ
3069 725 3349 801 βασιλείαν
3405 724 3795 800 μεταχειρίζει.

2140 817 2226 886 [Ρ.
2281 816 2406 888 126]
2466 815 2780 888 Τεκμήριον
2835 811 2890 868 δὲ
2943 816 2969 866 ὁ
3028 813 3116 869 ἐπὶ
3175 821 3381 884 σκηνῆς
3445 813 3795 889 Ἀγαμέμνων

2138 904 2228 966 καὶ
2286 904 2586 977 Οἰνόμαος,
2646 901 2912 966 Οἰδίπους
2987 924 3048 958 τε
3104 903 3193 958 καὶ
3252 905 3304 958 o't
3363 896 3414 974 ἐξ
3471 906 3640 960 αὐτοῦ
3704 897 3794 959 καὶ

2139 990 2447 1068 ’Ἄδραστος
2507 991 2762 1066 βασιλεὺς
2795 999 3031 1066 Ἄργους
3089 993 3179 1047 καὶ
3239 993 3291 1047 οἱ
3323 990 3536 1062 λοιποὶ,
3563 991 3656 1048 ⁹ίνα
3717 995 3792 1066 μή

2136 1081 2505 1136 καθ”’ὲκαστον
2560 1079 2706 1155 λέγω
2758 1085 2868 1134 τῶν
2929 1079 3014 1135 ἐπὶ
3067 1087 3274 1151 σκηνῆς
3331 1079 3622 1156 βασιλέων.
3657 1081 3795 1136 Πότε

2135 1173 2235 1246 γὰρ
2265 1170 2315 1241 ἐξ
2349 1169 2567 1225 ἐκείνων
2600 1191 2684 1230 τις
2715 1173 2771 1224 εὖ
2829 1170 3017 1237 πάθοι,
3047 1171 3180 1225 πότε
3238 1168 3296 1224 δὲ
3351 1172 3440 1225 καὶ
3501 1171 3790 1246 εὐεργετη-

2137 1260 2276 1330 Οείη,
2342 1259 2786 1333 ὑποκρινομένων
2849 1259 2916 1315 τὰ
2977 1264 3086 1314 τῶν
3146 1257 3413 1334 βασιλέων
3473 1259 3788 1334 πρόσωπα;

2135 1347 2292 1405 Ἀλλ’
2350 1348 2576 1409 ἐκείνοις
2637 1349 2730 1420 μὲν
2789 1342 2899 1402 ἔστι
2957 1349 3047 1402 καὶ
3095 1346 3485 1424 ἀπολογεῖσθαι
3542 1349 3630 1403 καὶ
3685 1351 3786 1417 τήν

2138 1439 2342 1512 μέμψιν
2399 1436 2702 1515 διαφεύγειν
2761 1439 2860 1506 τὴν
2917 1441 3025 1491 τῶν
3057 1435 3284 1493 πολλῶν
3323 1459 3334 1472 ·
3369 1439 3632 1511 σχήματα
3684 1439 3785 1514 γὰρ

2133 1527 2443 1603 προσώπων
2497 1528 2588 1581 καὶ
2650 1526 2710 1580 οὐ
2762 1527 3031 1600 πρόσωπα
3061 1521 3217 1588 ὄντας
3251 1523 3450 1600 ἀνέίγκη
3498 1526 3586 1580 καὶ
3642 1529 3784 1602 σχή-

2137 1638 2263 1689 μασι
2329 1616 2519 1690 μόνοις
2581 1614 2874 1690 εὐεργετεῖν
2903 1636 2915 1648 ·
2945 1613 3162 1676 τούτοις
3214 1611 3270 1668 δέ
3317 1635 3380 1688 γε
3405 1613 3486 1675 τίς
3515 1613 3786 1690 ἀπολογία

2131 1712 2220 1767 καὶ
2257 1708 2652 1765 ὑπολέλειπται
2682 1709 2757 1779 μὴ
2794 1704 3075 1775 διδοῦσινς
3113 1706 3176 1763 Εἴ
3223 1704 3268 1760 δ’
3300 1705 3415 1774 οὖν,
3448 1705 3593 1761 ἀλλᾶ
3635 1727 3783 1782 σχη-

2135 1802 2452 1875 ματίζονται
2481 1797 2569 1852 καὶ
2597 1798 2750 1851 οὗτοι
2791 1797 2880 1850 τὸν
2935 1794 3179 1870 βασιλέα,
3217 1792 3463 1870 βασιλεῖς
3511 1795 3587 1867 μὴ
3637 1791 3787 1858 ὅντες

360 1885 829 1960 ὑποποιούμενος,
862 1889 938 1953 ὡς
967 1887 1130 1958 δῆθεν
1164 1889 1262 1944 οὐκ
1291 1887 1519 1952 ἐκδίκως
1546 1889 1730 1963 ἄρξας,
1761 1889 1795 1957 ἢ
1848 1889 1909 1942 τό
1958 1910 2016 1961 γε
2047 1923 2092 1988 Β
2137 1888 2266 1963 μηδ’
2295 1890 2568 1944 ὁπωσοῦν.
2600 1889 2851 1940 Τοιοῦτοι
2885 1882 2932 1939 δ’
2962 1881 3113 1946 ὄντες
3158 1884 3211 1938 τί
3262 1884 3467 1956 ἀξιοῦσι
3497 1889 3779 1957 τιμᾶσθαι,

353 1976 559 2053 τρίτον,
608 1977 750 2051 πρὸς
833 1979 931 2041 τὰς
1003 1984 1112 2034 τῶν
1189 1981 1470 2055 προτέρων
1533 1977 1802 2055 βασιλέων
1859 1978 2008 2052 εὐερ-

350 2065 530 2142 γεσίας
607 2061 1099 2138 ἀντιϐαλλόμενος,
1151 2066 1245 2123 κᾶν
1328 2070 1404 2141 μὴ
1479 2068 1635 2124 τόσον
1723 2069 2002 2143 εὐηργέτει

357 2154 489 2229 μηδ’
522 2155 717 2217 οὕτως.
753 2157 904 2219 Τέως
962 2154 1019 2212 δέ
1075 2179 1134 2232 γε
1189 2160 1324 2213 κατά
1376 2159 1621 2234 βασιλεῖς
1667 2159 2003 2232 ἠναγκάζετο

351 2245 595 2320 ’χρῆσθαι
646 2249 762 2305 τοῖς
814 2248 1121 2320 πράγμασι,
1161 2248 1235 2320 μὴ
1293 2248 1384 2302 καὶ
1433 2245 1578 2320 δόξοι
1612 2253 1884 2318 σκηνικῶς
1941 2247 2003 2302 τὸ

351 2335 546 2408 ἄρχειν
603 2331 962 2404 ἐπιτηδεύων.
1019 2332 1152 2390 Οὔτε
1207 2336 1307 2412 γὰρ
1363 2334 1525 2406 ἤλιος
1601 2337 1855 2400 ποθεινὸς
1925 2337 2000 2409 μή

347 2422 444 2486 τὰς
499 2423 719 2484 ἀκτῖνας
778 2424 1062 2499 παρίσχων
1120 2430 1283 2480 τοῦτο
1341 2427 1436 2497 μὶν
1491 2430 1561 2501 γῇ
1619 2430 1780 2480 τοῦτο
1834 2424 1882 2480 δ’
1912 2426 2001 2480 ἀν-

350 2513 599 2587 Θρώποις
630 2512 721 2566 καὶ
750 2513 913 2580 ζώοις
947 2515 1165 2587 ἅπασιν,
1198 2511 1320 2569 οὕτε
1374 2515 1628 2590 βασιλεὺς
1676 2517 1738 2570 τὸ
1798 2513 1999 2586 ἀληθι-

279 2749 286 2756 -
357 2729 491 2769 rum
523 2730 757 2787 genere,
791 2731 941 2786 quos
975 2713 1254 2772 Italorum
1288 2715 1490 2788 lingua
1508 2716 1818 2773 commisto
1859 2717 2007 2772 dice-

359 2803 735 2874 ret,conﬁdit,
752 2808 976 2877 partem
999 2804 1574 2876 tulibusreipublicaa
1606 2805 2004 2873 committens,

361 2892 629 2947 navalem
665 2893 937 2949 videlicet
954 2893 1519 2967 militiam,inquam
1554 2911 1754 2950 eorum
1784 2894 2004 2967 pleros-

363 2997 476 3050 que
503 2981 873 3052 conscripsit,
898 2988 1067 3054 aptos
1097 2985 1146 3038 ei
1171 2983 1455 3039 functioni
1499 2988 1699 3055 utpote
1751 2985 2006 3055 pruden-

363 3067 504 3123 tiam
552 3070 973 3142 solertiamque
1003 3088 1071 3126 ex
1110 3073 1410 3140 Romanis,
1445 3074 1733 3146 impetum
1775 3091 1909 3128 vero
1949 3078 2004 3128 et

362 3159 663 3216 audaciam
677 3162 969 3217 exLatinis
1003 3163 1272 3219 haustam
1306 3164 1479 3219 simul
1495 3164 2006 3236 habentes.ltaque

359 3267 427 3306 ex
467 3249 560 3306 his
610 3251 861 3306 maXime
909 3252 1157 3308 classem
1217 3254 1488 3308 instruxit
1519 3254 1658 3310 satis
1707 3271 2002 3327 magnam,

2128 1981 2203 2052 μὴ
2263 1975 2542 2047 ἀληθινῶς
2607 1974 3032 2050 βασιλεύοντεςς
3084 1976 3118 2042 ἡ
3177 1974 3283 2048 γὰρ
3355 1973 3493 2044 τιμὴ
3563 1973 3781 2049 βασιλεῖ

2120 2067 2278 2140 μετὸν
2326 2065 2416 2120 καὶ
2489 2064 2551 2118 οὐ
2630 2066 2902 2134 σκηνικῶς
2984 2061 3350 2136 βασιλεύοντι.
3407 2063 3571 2125 Ταῦθ’
3620 2063 3761 2138 ὁρῶν

2114 2154 2452 2221 ἐκεῖνος,καὶ
2489 2151 2702 2226 μᾶλλον
2755 2151 2806 2222 ἐξ
2858 2152 3102 2224 ὑπογύου
3158 2151 3379 2226 βλέπων
3435 2150 3562 2214 τοὺς
3621 2151 3769 2226 παρᾶ

2111 2250 2219 2301 τῶν
2254 2243 2602 2307 ἀπελθόντων
2669 2239 2936 2316 βασιλέων
2985 2240 3492 2316 εὐεργετουμένους,
3526 2239 3768 2304 συνειδὸς

2114 2336 2260 2411 ἔχων
2319 2334 2618 2409 ἠλέγχετο,
2651 2332 2740 2387 καὶ
2797 2331 3073 2406 εὐηργέτει
3121 2331 3234 2404 μὲν,
3267 2332 3417 2400 πλὴν
3479 2331 3589 2405 οὐχ
3644 2330 3770 2386 ὅσον

2113 2425 2328 2494 ἐκεῖνοι,
2360 2426 2423 2479 τὸ
2484 2424 2578 2496 μὲν
2629 2419 2718 2476 διὰ
2764 2423 2864 2490 τήν
2911 2421 3152 2494 ἀνάγκην
3201 2418 3293 2474 καὶ
3337 2417 3468 2482 τοὺς
3501 2418 3771 2495 ἐλέγχους

2114 2512 2307 2576 δεδιὼς
2340 2514 2413 2576 ὡς
2446 2515 2563 2568 κατ’
2595 2508 2918 2588 ὀφθαλμοὺς
2969 2505 3152 2578 ὄντας,
3182 2509 3244 2564 τὸ
3296 2505 3354 2562 δὲ
3401 2508 3556 2585 φύσει
3616 2510 3770 2585 χρώ-

2115 2715 2528 2786 imperatorem
2585 2713 2896 2770 videretur.
2933 2717 3009 2768 Ut
3038 2714 3194 2769 enim
3227 2714 3502 2770 amabilis
3545 2713 3633 2770 sol
3657 2730 3769 2769 non

2115 2809 2272 2860 esset
2306 2803 2415 2858 nisi
2449 2804 2643 2859 radios
2677 2807 3001 2875 spargeret,
3027 2820 3130 2875 per
3151 2819 3300 2874 quos
3338 2805 3509 2874 juvat
3563 2808 3770 2868 terras,

2116 2894 2385 2950 homines
2417 2898 2474 2947 et
2503 2898 2746 2948 cunctas
2772 2894 3126 2961 animantes,
3159 2894 3242 2947 ita
3291 2893 3390 2948 ille
3439 2910 3640 2948 verum
3673 2893 3768 2947 in-

2117 2989 2242 3039 star
2271 2982 2553 3056 principis
2592 2997 2704 3037 non
2739 2983 2934 3048 habet,
2969 2982 3066 3051 qui
3109 2981 3412 3036 cumulare
3465 2982 3768 3038 beneﬁciis

2116 3091 2232 3128 non
2253 3075 2447 3128 studet
2461 3071 3239 3142 eosquibusimperat.Mea,
3255 3071 3768 3143 inquam,senten-

2116 3163 2322 3234 tia,qui
2344 3163 2497 3234 regis
2520 3163 2740 3217 habens
2761 3177 2974 3216 nomen
3000 3176 3211 3232 parcus
3241 3165 3300 3216 et
3330 3161 3538 3216 tardus
3569 3162 3640 3216 ad
3673 3162 3768 3217 do-

2116 3253 2378 3306 nandum
2408 3254 2515 3318 est,
2563 3249 2952 3306 simulacrum
2980 3253 3038 3304 et
3084 3248 3306 3304 larvam
3348 3253 3538 3321 gestat
3584 3249 3768 3321 regni,

359 3357 478 3411 qua
508 3340 732 3395 vicinas
763 3341 992 3397 insulas
1023 3343 1390 3413 recuperavit
1442 3348 1499 3399 et
1556 3343 1836 3412 obtinuit,
1895 3344 2005 3399 sti-
2041 3356 2082 3420 C
2119 3340 2566 3395 minimeautem
2584 3355 2779 3394 veram
2795 3339 2923 3408 ejus
2954 3337 3108 3392 tituli
3129 3337 3492 3404 maiestatem
3521 3338 3767 3393 obtinet.

357 3429 572 3500 pendia
603 3434 660 3484 et
686 3430 1124 3502 donativaipsis
1157 3449 1225 3486 ex
1254 3431 1457 3488 aerario
1488 3433 1788 3488 communi
1839 3449 2004 3487 cons-

351 3517 596 3586 tituens,
621 3535 686 3572 ac
709 3535 839 3573 cum
860 3519 974 3574 ﬁde
996 3526 1448 3590 repraesentans,
1473 3520 1724 3592 aliisque
1749 3520 2005 3592 praemiis

360 3605 513 3662 ultro
547 3607 799 3663 subinde
831 3608 984 3664 datis
1019 3608 1379 3664 alacritatem
1423 3609 1689 3681 ipsorum
1739 3610 2005 3664 excitans

357 3711 725 3768 augensque,
759 3697 1140 3769 vicissimque
1171 3698 1242 3752 ab
1273 3697 1345 3752 iis
1378 3697 1579 3753 utilem
1611 3713 1843 3768 operam
1876 3703 2004 3753 stu-

358 3784 646 3857 diumque
679 3786 736 3840 in
770 3787 1055 3858 obsequia
1084 3786 1258 3842 etiam
1294 3786 1624 3858 periculosa
1659 3793 2001 3859 promptum

354 3874 668 3944 recipiens.
701 3875 918 3931 Habuit
948 3876 1100 3930 enim
1126 3875 1218 3930 hic
1251 3876 1568 3946 imperator
1597 3892 1725 3932 vere
1747 3876 2004 3932 liberali-

359 3967 542 4019 tatem
577 3964 634 4018 in
668 3982 841 4020 omne
873 3965 1183 4020 hominum
1217 3981 1403 4037 genus
1437 3967 1704 4029 effusam,
1760 3973 2005 4038 utraque

359 4052 640 4109 hauriens
672 4071 851 4110 manu
882 4072 949 4110 ex
981 4059 1184 4127 parata
1213 4055 1378 4126 copia
1409 4056 1779 4111 conditarum
1831 4056 2007 4130 longa

361 4142 1086 4216 parcimoniaopum,quaa
1108 4145 1220 4200 late
1251 4146 1628 4216 spargeretin
1664 4163 1807 4201 usus
1827 4162 2004 4218 egen-

358 4233 534 4299 tium,
571 4232 726 4289 haud
770 4234 1042 4304 equidem
1076 4234 1196 4290 scio
1255 4251 1328 4289 an
1369 4235 1648 4290 instinctu
1694 4234 2006 4308 indoleque

362 4326 611 4387 naturai,
631 4340 704 4379 an
727 4323 958 4393 judicio
989 4323 1171 4380 animi
1188 4324 1260 4380 ob
1279 4329 1620 4396 praesentem
1642 4326 1865 4396 ejusrei
1894 4326 2006 4381 uti-

356 4409 582 4467 litatem
615 4413 860 4467 beneﬁci
895 4429 1108 4468 nomen
1142 4413 1486 4478 eliectantis,
1511 4429 1578 4470 eo
1610 4413 1832 4470 scllicet
1882 4415 2006 4471 adi-

357 4506 532 4573 gente
559 4502 912 4557 necessitate
937 4504 1208 4574 paranda:
1241 4503 1326 4558 sic
1356 4504 1512 4575 vulgi
1565 4504 2004 4573 benovolentize,

359 4606 477 4661 qua
513 4589 573 4644 in
636 4591 843 4659 primis
901 4607 1049 4662 opus
1081 4591 1233 4646 189
1267 4596 1390 4646 erat
1448 4593 1495 4647 ei
1532 4594 1628 4662 qui
1685 4594 1795 4648 sibi
1849 4599 2008 4649 esset

357 4679 632 4736 conscius
657 4679 918 4752 usurpatl
954 4681 1157 4735 fraude
1191 4697 1296 4735 nec
1319 4682 1481 4750 juste
1511 4683 1768 4752 possessi
1793 4683 2005 4753 princi-

359 4772 767 4840 patus.Potest
795 4775 853 4823 et
878 4769 1049 4824 tertia
1063 4770 1376 4841 excogitari
1393 4787 1593 4840 causa,
1610 4788 1734 4839 quae
1751 4773 2002 4828 Michae-

355 4857 468 4913 lem
503 4857 895 4931 Palaeologum
917 4860 986 4913 ad
1015 4858 1172 4930 large
1204 4858 1477 4929 plurimis
1517 4861 2004 4918 benefaciendum

355 4949 614 5020 potuerit
642 4949 963 5020 impellare,
997 4949 1291 5005 aemulatio
1324 4949 1515 5005 laudis
1546 4951 1605 5005 in
1647 4951 1757 5007 isto
1797 4968 2008 5024 genere

358 5038 648 5111 praeclara;
677 5039 914 5094 illarum
943 5040 1042 5111 qui
1092 5045 1227 5094 ante
1286 5040 1478 5112 ipsum
1537 5039 2007 5112 imperaverant;

358 5143 612 5199 quorum
647 5129 901 5185 effusum
934 5129 1198 5185 studium
1223 5131 1366 5184 bene
1387 5130 1648 5184 merendi
1682 5131 2010 5186 tribuendi-

361 5235 478 5289 que
509 5235 579 5274 ex
609 5219 788 5290 priori
814 5220 1099 5274 memoria
1129 5235 1262 5273 cum
1280 5223 1588 5289 repeteret,
1624 5237 1922 5292 nunquam
1949 5238 2010 5276 se

359 5312 614 5379 putaret,
647 5308 1032 5380 quantumuis
1059 5307 1216 5378 large
1251 5307 1468 5378 passim
1493 5309 2007 5366 donandoconare-

359 5401 478 5463 tur,
515 5398 692 5452 decus
723 5397 1106 5469 hocipsorum
1143 5413 1208 5451 ac
1232 5399 1447 5451 famam
1481 5415 1704 5464 aequare
1727 5399 2010 5455 imitando

361 5491 464 5543 aut
497 5485 754 5558 assequi.
789 5485 928 5541 Mihi
962 5486 1200 5557 quidem
1233 5486 1318 5540 sic
1350 5485 1780 5554 videtur,illum
1797 5505 1865 5543 ex
1895 5506 2010 5560 quo

363 5575 738 5648 imperatoris
770 5591 982 5630 nomen
1015 5580 1439 5646 assumpserat,
1470 5574 1752 5631 indixisse
1774 5577 1884 5631 sibi
1927 5578 2010 5633 in-

365 5665 737 5721 clactabilem
774 5664 1179 5720 necessitatem
1201 5663 1575 5735 imperatorio
1596 5680 1754 5719 more
1777 5668 2009 5738 agendi,

369 5772 442 5812 ne
474 5771 588 5810 non
621 5769 750 5809 vere
780 5752 1067 5824 imperare
1096 5753 1199 5808 sed
1233 5751 1390 5809 velut
1420 5753 1477 5808 in
1523 5769 1698 5809 scena
1727 5754 2012 5814 simulare

2119 3433 2472 3504 Argumento
2496 3432 2617 3486 sint
2642 3429 2724 3484 illi
2758 3428 3031 3484 iralatitii
3058 3444 3371 3483 scenarum
3405 3443 3590 3502 reges,
3616 3433 3765 3500 Aga-

2115 3538 2411 3590 memnon,
2459 3510 2856 3588 OEnomanus,
2889 3518 3148 3589 OEdipus
3197 3525 3254 3573 et
3303 3517 3484 3588 hujus
3526 3519 3768 3590 posteri,

2110 3612 2399 3667 Adrastus
2450 3627 2687 3682 quoque
2725 3612 3007 3680 Argorum
3039 3624 3156 3674 rex,
3183 3611 3237 3662 et
3264 3622 3335 3661 ne
3357 3606 3624 3679 singulos
3654 3623 3766 3661 nu-

2112 3715 2354 3769 merem,
2392 3701 2522 3769 ejus
2556 3701 2752 3754 formas
2785 3699 2975 3753 caeteri
3011 3717 3025 3764 ;
3059 3717 3089 3750 «ι
3113 3696 3329 3767 quibus
3361 3695 3462 3766 qui
3504 3712 3765 3768 unquam

2112 3794 2510 3861 spectatorum
2545 3789 2864 3860 patientem
2926 3785 3072 3858 ipsis
3113 3802 3350 3856 operam
3397 3785 3650 3841 inhisnti
3688 3785 3766 3842 si-

2112 3878 2292 3935 lentio
2311 3880 2604 3941 dentium,
2638 3877 2779 3931 dum
2814 3893 2875 3932 se
2897 3875 3210 3946 magnifice
3224 3878 3526 3931 ostentant
3548 3875 3604 3929 in
3625 3892 3767 3946 pur—

2113 3986 2258 4040 pura
2274 3986 2384 4023 non
2403 3970 2757 4029 sua,mutuai
2773 3965 3092 4036 quidquam
3109 3964 3766 4036 accepitgratieemuem

2113 4075 2296 4114 unum
2319 4059 2603 4128 juverunt
2634 4072 2693 4110 re
2711 4053 2831 4109 ulla
2847 4055 2874 4108 ?
2895 4054 3305 4108 Cuicommodi
3325 4053 3647 4125 quidquam
3666 4060 3770 4109 aut

2113 4148 2250 4205 doni
2295 4145 2896 4214 tribuerunt?Atque
2932 4143 2984 4196 hi
3035 4143 3273 4211 quidem
3327 4143 3765 4198 excusationem

2112 4239 2331 4294 habent
2377 4235 2694 4308 purgandae
2747 4234 2814 4289 ad
2881 4230 3167 4304 populum
3203 4229 3624 4286 illiberalitatis
3655 4249 3770 4286 sua:

2115 4325 2676 4400 plausibilem,quod
2702 4321 2996 4394 personati
3015 4321 3428 4376 tantummodo
3462 4321 3768 4392 suntprin-

2112 4418 2160 4473 ci
2175 4432 2309 4488 pes;
2343 4431 2523 4486 quare
2553 4413 2696 4484 ipsis
2728 4413 2799 4467 ad
2833 4419 3128 4481 utcunque
3159 4410 3600 4482 defungendum
3643 4427 3768 4483 pre-

2112 4507 2271 4562 curio
2297 4505 2408 4559 isto
2434 4503 2692 4574 quodam
2731 4501 2922 4557 ofﬁcio
2955 4499 3248 4555 simulala:
3280 4500 3346 4554 ad
3382 4499 3585 4555 horam
3607 4506 3766 4572 pote-

2113 4595 2286 4650 statis
2318 4594 2551 4647 abundc
2603 4592 2682 4646 sit
2716 4589 2997 4646 simulata
3026 4589 3167 4643 item
3217 4594 3274 4643 et
3314 4605 3460 4645 vano
3491 4605 3770 4662 expressa

2113 4692 2281 4758 gestu
2340 4683 2752 4739 beneficentia.
2797 4684 2870 4737 At
2927 4681 3058 4736 istis
3107 4680 3207 4751 qui
3268 4696 3436 4735 veros
3492 4697 3554 4736 se
3603 4697 3768 4753 reges

2117 4780 2344 4848 putant,
2381 4773 2523 4844 quid
2557 4773 2626 4827 ad
2657 4771 3058 4826 defensionem
3089 4767 3480 4838 relinquitur;
3514 4770 3626 4824 nisi
3653 4771 3765 4825 lar-

2116 4866 2374 4935 giantur,
2407 4878 2522 4933 quo
2556 4860 2758 4914 minus
2799 4859 2858 4912 in
2887 4859 3242 4912 larvatorum
3277 4873 3510 4928 quoque
3559 4874 3765 4931 regum

2121 4969 2436 5008 numerum
2471 4967 2538 5005 ac
2579 4964 2810 5021 gregem
2869 4945 3282 5018 compingendi
3323 4945 3490 5000 sint?
3520 4951 3770 5004 Prorsus

2121 5058 2254 5096 vero
2304 5039 2657 5096 exturbandi
2707 5037 2997 5108 longeque
3054 5035 3440 5090 submovendi
3490 5051 3524 5090 ει
3589 5053 3769 5093 censu

2122 5131 2276 5186 I90
2334 5147 2400 5185 ac
2452 5144 2734 5183 concessu
2776 5140 3042 5180 verorum
3104 5123 3459 5194 principum,
3517 5141 3770 5196 quorum

2121 5220 2222 5291 qui
2265 5235 2402 5290 ergo
2453 5217 2567 5273 sibi
2615 5216 2895 5270 honorem
2947 5217 3246 5284 arrogant,
3281 5229 3415 5267 cum
3469 5215 3615 5272 tales
3656 5234 3772 5272 non

2121 5309 2286 5364 sint?
2312 5308 2454 5362 Nam
2511 5307 2698 5361 honor
2732 5304 2890 5376 regis
2939 5303 3056 5357 veri
3107 5303 3342 5372 propria
3389 5319 3484 5358 res
3513 5309 3622 5372 est,
3658 5324 3772 5362 non

2121 5397 2289 5453 mimi
2321 5396 2649 5451 diademate
2683 5393 3053 5449 Iarvati.Haec
3084 5391 3331 5446 Michael
3356 5393 3511 5449 clare
3544 5396 3769 5467 perspi-

2121 5487 2302 5554 ciens,
2338 5501 2404 5539 ac
2435 5483 2720 5539 beneﬁcia
2752 5500 2876 5554 qua:
2901 5497 3116 5554 magna
3146 5479 3206 5535 in
3222 5480 3434 5537 mullos
3464 5485 3773 5540 exstabant

2121 5576 2381 5648 priorum
2419 5575 2862 5644 imperatorum,
2896 5571 3020 5626 suis
3051 5575 3394 5642 comparata
3441 5572 3770 5642 praecellere

2121 5665 2382 5723 sentiens
2410 5681 2422 5732 ;
2467 5663 2787 5734 simulque.
2823 5661 2976 5733 quod
3006 5660 3134 5732 ipse
3156 5661 3538 5716 convincente
3561 5661 3766 5720 intime

2122 5753 2484 5812 conscientia
2522 5751 2740 5808 tacitus
2789 5751 3100 5816 fatebatur,
3137 5765 3208 5804 ne
3252 5748 3347 5805 alii
3400 5755 3766 5810 monstrante
