4112 6416
308 404 412 459 631

1619 394 1923 450 GEORGII
1960 392 2425 448 PACHYMERB

3624 392 3734 450 632

317 547 502 602 μενος,
537 524 668 590 ἴσως
701 527 778 599 μή
828 522 1228 600 παρακατέχειν
1288 518 1616 593 αἱρούμενος
1677 518 1823 586 ζωὴν
1876 536 1971 572 τα·
2001 519 2052 586 Α
2087 516 2213 592 φασί
2271 535 2435 584 τινες,
2467 515 2648 592 ἀρχὴν
2706 514 2750 571 δ’
2800 515 2931 572 εἶναι
2982 516 3047 572 τὸ
3103 520 3220 573 οἷον
3279 525 3738 596 κατασιγασθῆναι

316 615 614 689 λαιπώρων
673 614 998 688 ἀνθρώπων,
1043 614 1149 664 τῶν
1223 605 1500 684 προῦργου
1557 607 1754 668 παντὸς
1815 606 1972 678 ἀναγ-

316 705 473 759 καίου
527 705 777 779 πορίζειν
834 701 1059 776 ἔχοντος
1118 699 1216 765 τὴν
1267 697 1475 774 τροφὴν
1538 695 1626 750 ἐπὶ
1685 695 1968 768 θεραπείαν

318 793 534 848 ἐκείνων
593 793 784 847 ἰόντων
843 790 979 844 κατά
1033 810 1085 842 τι
1167 788 1399 862 ἀρχαῖον
1477 787 1738 858 νόμιμον.
1797 782 1974 840 Ἀλλὰ

316 885 483 936 ταῦτα
545 881 640 954 μὶν
690 879 826 940 τίσως
880 877 969 932 καὶ
1022 875 1375 951 παρακαίρια,
1405 874 1485 951 ἐφ’
1517 873 1562 946 ᾧ
1606 873 1770 945 μόνον
1805 868 1971 940 δεῖξαι

319 970 471 1047 φύσει
526 968 727 1045 προσὸν
786 973 854 1042 τῇ
914 964 1164 1042 βασιλείᾳ
1219 965 1283 1018 τὸ
1343 963 1698 1039 εὐεργετικόν.
1736 961 1808 1015 Οῦ
1837 959 1974 1014 ἐκεῖο

317 1081 408 1120 νος
439 1057 720 1132 αὑτᾶρκως
755 1062 1030 1130 μετεῖχεν,
1061 1055 1122 1109 οὐ
1152 1055 1217 1108 τὰ
1248 1052 1434 1108 πολλά
1482 1073 1542 1127 γε
1595 1048 1974 1125 μικρολογού-

323 1170 500 1220 μενος.
535 1145 866 1205 Ἀπέστελλε
924 1144 981 1200 δὲ
1037 1145 1128 1199 καὶ
1181 1145 1319 1214 πρὸς
1375 1141 1502 1204 τοὺς
1542 1139 1823 1212 ἐπιὸὁξους
1875 1141 1974 1207 τῆς

322 1237 574 1306 Ἰταλίας,
608 1239 695 1292 καὶ
755 1235 967 1309 μᾶλλον
1028 1235 1153 1295 τοὺς
1211 1239 1312 1302 τῆς
1365 1229 1721 1302 Ἐκκλησίας,
1779 1225 1976 1306 φίλους

319 1326 551 1389 ἐκείνους
581 1325 670 1381 καὶ
706 1325 975 1399 μακρόθεν
1004 1325 1305 1396 κτώμενος.

319 1437 371 1492 ι’.
418 1437 604 1496 Ὅπως
657 1435 748 1488 τὸν
799 1433 1051 1500 Ἰωάννην
1113 1428 1448 1502 ὁῗβασιλεὺς
1504 1424 1746 1482 ἐκποδὼν
1803 1428 1976 1480 ποιῶν

986 1501 1304 1578 ἐξετύφλου.

389 1599 474 1669 [Ρ.
510 1598 634 1668 127]
668 1596 806 1651 Τότε
864 1591 910 1649 δ’
943 1591 1332 1666 ἐνευκαιρήσας
1379 1589 1439 1645 ἐκ
1480 1594 1588 1644 τῶν
1641 1585 1828 1642 ἄλλων
1887 1589 1980 1643 τὸν

317 1693 416 1754 τῆς
475 1683 700 1760 καρδίας
752 1679 994 1756 ἔμμονον
1053 1681 1320 1755 λογισμὸν
1394 1675 1532 1753 ἔγνω
1589 1674 1987 1757 καταστέλλειν.

321 1776 602 1836 κακίστοις
661 1774 1110 1848 ἐπιχειρήμασιν.
1163 1772 1225 1825 Ὁ
1287 1771 1380 1841 μὲν
1439 1767 1528 1822 οῦν
1591 1768 1861 1843 λογισμὸς
1915 1767 1978 1821 τὸ

325 1865 416 1919 καὶ
457 1862 725 1919 εἷσέπειτά
776 1863 827 1916 οἱ
873 1864 1160 1938 συνάρχειν
1210 1861 1302 1916 τὸν
1350 1860 1600 1928 Ἰωάννην
1678 1859 1768 1912 καὶ
1827 1854 1976 1912 δυοῖν

325 1951 589 2027 κεφαλαὶν
618 1954 702 2022 (τὸ
753 1956 848 2006 τοῦ
898 1949 1093 2026 λόγου)
1142 1950 1263 2022 μίαν
1321 1950 1620 2004 ἐπικεῖσθαι
1665 1945 1976 2020 καλύπτραν

333 2043 421 2098 καὶ
479 2041 600 2098 λίαν
653 2039 860 2112 ἀπᾷδον
911 2043 1051 2115 εἶχε,
1085 2041 1262 2115 χωρὶς
1305 2039 1394 2093 καὶ
1423 2041 1521 2092 τοῦ
1555 2039 1632 2109 μή
1665 2035 1716 2091 έν
1751 2034 1983 2113 ἀσφαλεῖ

334 2131 684 2195 καθίστασθαι
721 2153 731 2162 ·
790 2131 883 2185 τὸν
945 2129 1038 2202 μὲν
1096 2131 1196 2205 γὰρ
1275 2129 1430 2189 οὗτος
1505 2127 1596 2180 τὸν
1671 2123 1717 2180 δ’
1775 2125 1980 2189 ἐκεῖνος

334 2220 566 2296 στέρξοι,
600 2221 699 2274 ἀνά
754 2221 919 2294 μέρος
977 2217 1323 2293 ἆποστέργων
1368 2217 1458 2271 τὸν
1504 2214 1705 2290 ἓτερον,
1746 2215 1840 2269 καὶ
1887 2214 1979 2270 οὕ-

330 2330 439 2372 τως
494 2305 720 2363 ἑίτακτον
770 2309 832 2363 τὸ
877 2306 1223 2382 πολύαρχον.
1273 2312 1482 2380 Χρῆναι
1527 2309 1656 2380 γοῦν
1710 2300 1978 2359 σϐεννύειν

328 2400 390 2454 τὸ
417 2399 491 2461 εἰς
521 2397 724 2453 ἐκεῖνον
756 2402 864 2452 τῶν
897 2396 1126 2452 πολλῶν
1189 2395 1414 2472 θάρρος,
1445 2394 1534 2448 καὶ
1594 2391 1659 2463 δὴ
1715 2394 1982 2468 καταρξά-

331 2509 490 2562 μενον
522 2486 791 2546 τελειοῦν.
825 2489 1034 2561 ’Ἡμισυ
1093 2485 1193 2561 γὰρ
1251 2488 1350 2540 τοῦ
1393 2485 1593 2548 παντὸς
1648 2484 1746 2552 τήν
1798 2482 1979 2558 ἀρχήν

327 2709 524 2748 rerum
558 2691 852 2747 evidentia
873 2692 1178 2746 cernerent
1209 2691 1264 2742 et
1295 2686 1353 2742 in
1387 2701 1450 2742 se
1472 2685 1760 2740 invidiose
1782 2683 1981 2756 loque-

328 2786 551 2846 rentur,
586 2786 880 2846 metuens,
899 2793 1025 2834 cum
1040 2777 1221 2848 hujus
1243 2773 1979 2846 praecavendaignominim

332 2870 700 2940 necessitate,
736 2874 863 2924 tum
895 2867 1090 2924 indole
1122 2867 1286 2922 bonae
1337 2871 1555 2920 natura
1589 2863 1743 2918 haud
1794 2862 1980 2918 susti-

335 2964 510 3016 nente
555 2959 733 3014 vitam
793 2958 1142 3014 miserorum
1221 2953 1983 3010 hominum’intevertenda

335 3049 619 3120 operariis
653 3049 920 3104 mercede
942 3045 1182 3117 injustis
1213 3045 1472 3099 detinere
1504 3042 1803 3108 manibus,
1827 3040 1982 3113 quod

337 3139 755 3210 antiquissima
781 3137 871 3192 lex
891 3139 1067 3204 vetat,
1101 3134 1362 3190 stimulis
1389 3133 1545 3188 ultro
1576 3131 1794 3187 additis
1825 3131 1982 3186 haud

340 3228 615 3285 mollibus
630 3228 890 3282 innatam
907 3226 978 3281 ad
998 3227 1140 3280 bene
1157 3223 1394 3279 merend
1409 3240 1504 3276 um
1531 3221 1982 3293 propensionem

2077 607 2178 674 τήν
2237 605 2444 660 ἐκείνου
2492 608 2742 680 μνήμην,
2774 608 2847 669 ὠς
2905 605 3047 680 μηδέ
3084 609 3375 683 συνάρχειν
3407 606 3734 682 ὑπολαμϐάο

2077 706 2259 759 νεσθαι
2295 716 2308 728 ο
2341 697 2402 750 τὸ
2433 695 2533 770 γὰρ
2581 695 2668 749 καὶ
2713 693 2963 772 δεύτερον
3020 697 3356 776 στεφομένου
3417 700 3494 773 μὴ
3547 699 3732 755 κάκεῖ·

2079 806 2169 840 νον
2200 787 2552 856 συντιμᾶσθαι
2577 785 2666 840 καὶ
2717 792 3171 860 συνευφημεῖσθαι
3229 793 3326 843 τοῦ
3381 790 3732 865 πατριάρχου

2082 876 2370 947 πὲφοντος
2429 875 2608 949 ἠρέμα
2665 896 2783 938 πως
2836 876 3089 952 ὑπορρεῖν
3151 879 3382 952 ἀνάγκη,
3413 879 3503 934 καί
3547 881 3598 953 γ’
3644 879 3732 934 εὐ·

2082 964 2243 1039 χερὶς
2292 961 2350 1017 ἂν
2412 965 2544 1018 εἶναι
2599 964 2687 1019 καὶ
2741 965 2802 1019 τὸ
2861 963 3028 1020 πλέον
3081 966 3414 1036 ἐπιτεθῆναι,
3465 968 3540 1030 ὡς
3601 965 3736 1041 μηδ’

2083 1050 2283 1108 ἐλπίδα
2342 1051 2756 1130 ὑπολελεῖφθαι.
2817 1054 3047 1117 Τούτοις
3131 1059 3738 1133 καταστρατηγηθέπτος

2081 1147 2197 1204 τοῖς
2255 1139 2548 1217 λογισμοῖς
2592 1147 2690 1196 τοῦ
2753 1142 3022 1216 βασιλέως
3064 1145 3314 1218 (ὑπέκαιε
3355 1146 3456 1220 γὰρ
3490 1145 3650 1202 αὑτὸν
3711 1147 3740 1202 ὁ

2082 1235 2181 1301 τῆς
2228 1231 2533 1306 μοναρχίας
2589 1227 2749 1305 ἔρως,
2789 1233 2879 1288 καὶ
2936 1235 3035 1302 τὴν
3094 1236 3520 1309 παρερχομένην
3581 1233 3740 1309 δόξαν

2083 1321 2211 1396 περί
2263 1321 2523 1385 πλείονος
2571 1321 2735 1375 ἐτίθει
2790 1326 2886 1376 τοῦ
2915 1324 3064 1377 θείου
3121 1319 3295 1400 φόϐου
3328 1321 3416 1378 διὰ
3471 1326 3570 1393 τήν
3631 1329 3734 1381 τοῦ

2085 1411 2344 1473 πλείονος
2378 1408 2576 1485 ὄρεξιν)
2611 1411 2820 1485 βουλὴν
2857 1413 3177 1487 βουλεύεται
3221 1411 3370 1486 μάλα.
3421 1414 3516 1486 μὲν
3547 1415 3739 1490 αἰσχί-

2085 1521 2242 1570 στην,
2298 1498 2449 1573 μάλα
2507 1498 2565 1554 δὲ
2621 1501 2711 1555 καὶ
2787 1505 2922 1556 Θεοῦ
2987 1501 3180 1578 πόρῥω
3256 1499 3590 1577 βάλλουσαν,
3649 1504 3742 1559 καὶ

2086 1588 2304 1662 πέμψας
2365 1587 2665 1667 ἐκτυφλοῦν
2722 1589 2815 1645 τὸν
2873 1587 3041 1646 παῖδα
3115 1589 3462 1665 προσέταττε,
3523 1590 3742 1649 παιδίον

2085 1675 2296 1733 ἁπαλὸν
2347 1678 2436 1733 καὶ
2489 1677 2657 1750 μηδὲν
2705 1675 2782 1734 ἔτι
2843 1677 3037 1754 σχεδὸν
3086 1678 3290 1742 τελέως
3319 1679 3355 1750 ἢ
3401 1681 3466 1736 τὸ
3522 1683 3744 1757 χαίρειν

2085 1768 2120 1836 ἢ
2150 1768 2213 1823 τὸ
2237 1767 2526 1832 λυπεῖσθαι
2557 1769 2852 1842 μαθὸν,καί
2877 1771 2928 1824 κ’
2958 1769 3010 1825 ἐν
3045 1769 3147 1843 ἴσῳ
3176 1771 3452 1843 τιθέμενον
3482 1771 3545 1826 τό
3573 1773 3622 1826 τ’
3643 1773 3741 1845 ἄρ-

2087 1877 2205 1934 χειν
2235 1857 2324 1912 καὶ
2350 1859 2412 1912 τὸ
2444 1859 2730 1933 ἄρχεσθαι,
2764 1859 2916 1932 μόνῳ
2949 1856 3006 1914 δέ
3033 1865 3114 1932 τῷ
3143 1861 3457 1936 πατριάρχῃ
3489 1866 3744 1918 πιστεῦον

2085 1948 2175 2002 καὶ
2205 1952 2320 2009 τοῖς
2351 1946 2494 2002 οὕτω
2526 1950 2592 2002 τὰ
2623 1951 2738 2002 κατ’
2771 1947 2930 2004 αὑτὸν
2964 1946 3255 2022 διοικοῦσι,
3277 1949 3367 2005 καὶ
3401 1948 3542 2023 μηδὲ
3574 1952 3659 2005 ὅτι
3692 1951 3747 2007 τί

2092 2036 2230 2092 ἐστιν
2266 2037 2429 2113 ὅρκος
2461 2036 2695 2110 εἰδὸς,ἐξ
2718 2040 2780 2094 οὗ
2801 2041 2889 2094 καὶ
2925 2039 3140 2116 θαρῥεῖν
3160 2041 3278 2115 εἶχε
3311 2041 3406 2114 μὶν
3437 2040 3538 2096 οὐκ
3560 2043 3748 2112 αὐτὸς,

2091 2125 2220 2182 ἀλλ’
2251 2128 2304 2181 οἱ
2361 2128 2485 2203 περὶ
2537 2127 2763 2199 ἐκεῖνον,
2799 2128 3004 2184 ἐκεῖνον
3059 2129 3344 2199 σώζεσθαι.
3378 2130 3587 2186 Γίνεται
3614 2130 3745 2205 γοῦν

2095 2216 2170 2280 ὡς
2219 2217 2320 2285 τὴν
2370 2217 2552 2293 ἀρχὴν
2591 2218 2964 2294 προσετάχθη,
2991 2218 3082 2274 καὶ
3122 2223 3222 2274 τοῦ
3256 2217 3488 2294 βρέφους
3549 2221 3748 2296 μικρὸν

2097 2301 2469 2380 ὑπερϐεϐηκὸς
2523 2304 2741 2362 παιδίον
2801 2313 3067 2383 στερεῖται
3123 2313 3222 2364 τοῦ
3283 2307 3528 2384 βλέπειν,
3583 2315 3748 2366 τοῦτο

2099 2393 2264 2468 μόνον
2314 2395 2954 2473 φιλανθρωπευσαμένων
3035 2402 3143 2453 τῶν
3229 2397 3745 2474 ἐξυπηρετουμένων

2091 2488 2172 2556 τῷ
2229 2490 2412 2560 μιαρῷ
2460 2485 2807 2560 τολμήματι,
2834 2487 2895 2542 τὸ
2949 2489 3026 2560 μή
3075 2485 3324 2564 σιδήροις
3379 2487 3746 2565 ἐκπυρωθεῖσι

2088 2683 2298 2755 capite,
2352 2691 2697 2760 matureque
2742 2689 3114 2761 exstinguere
3138 2705 3270 2744 mox
3326 2693 3674 2762 erupturam
3707 2707 3739 2748 e

2091 2773 2349 2831 scintilla
2377 2775 2703 2847 ﬂammam;
2753 2794 2858 2834 nec
2890 2794 3121 2834 cessare
3159 2778 3220 2834 in
3266 2780 3743 2836 consummando

2091 2863 2247 2933 quod
2299 2864 2663 2934 inchoatum,
2712 2867 2831 2923 imo
2880 2871 3216 2938 promotum
3267 2867 3388 2932 sit;
3423 2867 3742 2925 dimidium

2091 2951 2250 3008 enim
2282 2954 2463 3010 totius
2497 2961 2649 3012 recte
2675 2958 2786 3012 dici
2821 2957 3090 3028 empisse,
3120 2961 3371 3028 emptum
3405 2962 3602 3014 autem
3633 2959 3746 3014 du-

2093 3041 2234 3097 dum
2265 3047 2323 3098 et
2352 3044 2586 3115 quidem
2611 3045 2876 3115 feliciter,
2911 3046 2966 3101 id
3001 3045 3562 3119 negotium,abolita
3587 3065 3746 3120 paene

2094 3133 2256 3204 pueri
2293 3135 2572 3190 memoria
2603 3152 2670 3190 ac
2701 3135 2932 3190 nemine
2951 3136 3074 3206 jam
3107 3135 3224 3191 fere
3256 3137 3546 3207 imperare
3567 3136 3734 3192 illum

2095 3222 2392 3292 epinante,
2423 3224 2626 3295 utique
2659 3224 2935 3280 Michaele
2966 3224 3148 3280 semel
3181 3241 3248 3280 ac
3308 3226 3418 3292 bis,
3451 3225 3576 3282 sine
3617 3225 3738 3280 ulla

337 3316 625 3373 incitavit.
673 3316 782 3371 Sed
814 3315 937 3369 hmo
987 3313 1236 3370 otiosius
1267 3316 1324 3367 et
1358 3312 1504 3366 forte
1536 3309 1984 3381 intermpestive
2014 3327 2057 3393 ρ
2097 3310 2284 3382 ipsius
2320 3319 2382 3367 ut
2414 3313 2643 3384 imperii
2673 3314 2906 3385 collegas
2930 3314 3351 3371 acclamatione
3381 3318 3479 3370 aut
3498 3315 3738 3370 omnino

334 3402 1200 3478 disputamus.Suftieiatigitur
1231 3400 1518 3454 hactenus
1549 3401 1986 3453 demonstrasse

332 3500 547 3551 natura
562 3495 945 3566 conjunctum
970 3507 1106 3546 cum
1139 3505 1420 3561 suprema
1445 3492 1731 3559 potestate
1753 3487 1986 3542 benefa-

331 3584 522 3640 ciendi
557 3584 820 3638 studium
850 3598 999 3637 esse.
1035 3581 1158 3643 Quo
1192 3578 1308 3647 ille,
1343 3581 1631 3649 quantum
1681 3580 1771 3630 sat
1809 3581 1984 3647 esset,

334 3672 615 3744 praeditus
638 3671 810 3726 etiam
844 3671 913 3724 ad
948 3669 1208 3723 illustres
1243 3683 1344 3739 per
1374 3665 1600 3721 Italiam
1631 3665 1804 3735 vires,
1838 3682 1983 3736 prae-

336 3761 541 3818 sertim
574 3760 957 3816 ecclesiastici
992 3758 1242 3824 ordinis,
1266 3757 1439 3828 pretii
1474 3773 1586 3811 non
1610 3755 1803 3827 exigui
1831 3757 1986 3810 dona

341 3851 522 3917 misit,
554 3851 724 3923 longe
755 3866 1061 3922 aucupans
1103 3849 1212 3903 sibi
1264 3846 1746 3917 utilem‘gratiam
1780 3861 1982 3900 eorum

339 3942 411 3996 ad
445 3957 692 3996 arcanas
745 3938 1216 4012 opportunitates
1245 3935 1631 3993 consiliorum
1684 3939 1983 3990 votorum-

339 4046 474 4102 que,
507 4048 634 4104 quae
664 4035 860 4087 mente
890 4030 1179 4084 versabat.

372 4141 458 4195 10.
495 4141 557 4196 Ut
579 4145 825 4196 amotum
852 4140 925 4194 ab
946 4137 1169 4209 imperii
1188 4137 1464 4192 consortio
1483 4139 1760 4191 Joannem
1773 4134 1949 4204 impe-

868 4219 1021 4266 rator
1048 4209 1434 4265 excaecavcrit.

404 4305 625 4356 Horum
674 4316 858 4356 unum
897 4304 1044 4364 erat,
1077 4303 1136 4354 et
1173 4295 1461 4369 profunde
1513 4294 1754 4365 quidem
1787 4293 1985 4349 animo

335 4391 514 4444 fixum
546 4390 806 4460 olimque
851 4394 1172 4457 versatum,
1211 4383 1524 4456 expunctio
1560 4382 1793 4454 pupilli,
1816 4383 1988 4454 cujus

336 4478 709 4550 cogitationis
748 4494 816 4534 ex
846 4478 1132 4533 hactenus
1181 4478 1480 4544 utcunque
1521 4471 1896 4527 dissimulata
1922 4471 1980 4525 in

338 4583 486 4639 Opus
529 4571 793 4640 apertum
853 4565 1168 4638 aliquando
1202 4562 1561 4636 proferenda
1617 4563 1986 4617 commodam

2096 3404 2415 3473 mentione,
2465 3408 2740 3461 coronato
2786 3420 2890 3476 per
2936 3404 3260 3460 solemnem
3321 3423 3355 3461 a
3412 3404 3745 3478 patriarcha

2090 3493 2499 3549 caeremoniam
2525 3511 2539 3562 ;
2564 3496 2720 3550 unde
2751 3496 2973 3552 sensim
3005 3495 3271 3552 difﬂuere
3300 3513 3368 3552 ac
3401 3511 3748 3554 evanescere

2091 3581 2249 3637 hunc
2297 3582 2457 3638 illius
2489 3583 2771 3640 honorem
2801 3601 3042 3640 necesse
3072 3585 3169 3654 sit,
3206 3589 3272 3641 ut
3305 3584 3474 3641 facile
3496 3585 3624 3656 jam
3667 3587 3745 3650 sit

2092 3673 2246 3743 quod
2281 3673 2446 3729 deest
2464 3674 2700 3741 addere,
2726 3691 2792 3730 ac
2825 3675 3124 3746 fastigium
3148 3675 3262 3731 alte
3278 3676 3406 3746 jam
3429 3677 3750 3733 exstructis

2093 3761 2482 3834 ultimamque
2499 3763 2656 3818 velut
2688 3781 2927 3819 manum
2960 3765 3122 3836 operi
3155 3769 3748 3837 provectoimponere

2091 3852 2376 3907 demenda
2433 3851 2488 3906 in
2556 3858 2856 3924 posterum
2933 3853 3095 3909 omni
3139 3869 3262 3925 spe.
3321 3855 3624 3925 Ejusmodi
3688 3855 3747 3908 in

2094 3939 2396 3996 Michaelis
2428 3943 2645 4007 animo,
2679 3941 2905 3998 calcata
2927 3943 3082 4012 juris
3111 3947 3169 3999 et
3207 3943 3358 4014 aequi
3401 3944 3750 4011 reverentia,

2093 4031 2485 4103 praevalebant
2515 4032 2707 4104 impiae
2727 4033 3134 4105 cogitationes,
3165 4032 3490 4090 ambitione
3531 4050 3750 4092 vesana

2093 4125 2316 4176 etcaeco
2348 4137 2543 4177 amore
2577 4122 2938 4193 principatus
2971 4123 3321 4193 posthabere
3351 4122 3520 4178 ﬂuxa
3540 4123 3741 4196 gloriae

2092 4210 2194 4266 Dei
2227 4216 2446 4266 metum
2480 4212 2885 4267 suadentibus.
2923 4213 3127 4284 Itaque
3173 4211 3266 4267 his
3317 4211 3749 4284 impulsoribus

2093 4300 2402 4372 eXpeditur
2433 4302 2691 4372 impetus
2722 4301 2781 4356 in
2805 4300 3065 4357 immane
3091 4319 3267 4373 quem
3304 4307 3467 4358 atrox
3507 4302 3747 4373 Deoque

2094 4405 2335 4444 exosum
2383 4390 2631 4456 facinus,
2661 4390 3303 4462 mittenteimperatore
3325 4391 3423 4462 qui
3448 4392 3749 4461 suojussu

2093 4482 2704 4550 excaecarentpuerum
2723 4478 2916 4534 adhuc
2943 4479 3246 4544 tenellum,
3271 4483 3328 4536 et
3349 4480 3599 4535 necdum
3630 4483 3752 4535 fere

2095 4567 2237 4638 quid
2269 4567 2345 4621 sit
2373 4567 2656 4637 gaudium
2685 4573 2787 4622 aut
2815 4567 2982 4623 dolor
3015 4567 3294 4622 scientem
3338 4585 3442 4639 per
3490 4571 3748 4638 etatem,

324 4674 498 4719 nunc
541 4656 652 4712 sibi
694 4658 1002 4711 videbatur
1051 4655 1544 4726 Opportunitatem
1575 4652 1857 4723 temporis
1890 4667 1984 4705 na-
2015 4693 2061 4758 Β
2097 4649 2602 4758 cuiqueidemaut
2624 4647 3454 4758 penindeessetimperare‘vel
3477 4649 3750 4720 subesse,

341 4752 490 4805 ctus.
519 4748 853 4804 Absurdum
881 4751 937 4802 et
963 4745 1502 4819 perincommodum
1522 4741 1766 4813 putabat
1797 4741 1984 4796 adhin-

342 4855 467 4894 rere
499 4839 678 4894 istum
713 4838 824 4893 sibi
859 4853 1102 4908 puerum
1139 4834 1366 4905 imperii
1397 4831 1702 4902 collegam,
1730 4845 1834 4885 nec
1868 4847 1984 4884 ma-

339 4929 431 5000 gis
445 4927 748 4984 tolerabile
762 4931 865 4983 aut
881 4925 1047 4982 facile
1061 4942 1240 4997 quam
1255 4922 1560 4994 duo(quod
1584 4920 1768 4989 aiunt)
1792 4920 1986 4990 capita

341 5035 458 5072 uno
498 5017 609 5084 tegi
643 5016 814 5088 pileo.
832 5017 978 5072 Nam
1005 5021 1392 5087 praeterquam
1411 5011 1566 5083 quod
1587 5011 1670 5065 sic
1691 5016 1896 5063 nutare
1920 5025 1986 5063 ac

339 5107 586 5161 minime
612 5107 724 5160 sibi
757 5111 976 5160 certum
1012 5103 1388 5159 existimabat
1419 5101 1538 5155 fore
1588 5097 1983 5169 principatum

337 5196 486 5249 191
551 5211 748 5258 suum,
808 5195 955 5249 votis
1003 5189 1604 5248 videlicethomiuum
1654 5187 1879 5252 divisis,
1927 5192 1986 5242 et

340 5283 695 5354 quibusdam
721 5285 958 5352 quidem
987 5283 1084 5336 uni
1125 5283 1374 5336 duorum
1411 5277 1981 5350 Augustorum,aliis

338 5370 917 5435 alteristudentibus,
941 5370 1119 5426 etiam
1144 5367 1504 5439 perturbatio
1533 5365 1869 5437 reipublicae
1904 5372 1985 5422 to-

341 5463 462 5517 tius
484 5465 682 5530 etqum
705 5466 1039 5530 sequuntur
1065 5476 1132 5513 ex
1158 5460 1439 5529 regimine
1473 5456 1722 5528 plurium
1758 5456 1982 5510 incom-

344 5550 520 5605 moda
543 5550 826 5619 indejure
847 5548 1227 5604 timebantur.
1245 5547 1494 5601 Omnino
1518 5546 1694 5616 igitur
1713 5544 1985 5615 exiiedire

341 5637 566 5695 semina
597 5638 923 5694 novitatum
958 5637 1014 5690 in
1057 5636 1376 5690 multorum
1404 5635 1527 5704 jam
1561 5634 1794 5703 animis,
1823 5635 1985 5704 pueri

339 5727 573 5797 fiducia,
608 5725 967 5799 periculosos
999 5741 1178 5782 ausus
1229 5722 1662 5794 designantium
1693 5722 1984 5779 eliderein

2098 4737 2367 4809 infantia,
2418 4754 2544 4808 quae
2603 4737 2841 4794 vixdum
2883 4741 3236 4807 excesserat,
3287 4738 3497 4794 talium
3547 4754 3748 4794 rerum

2094 4827 2402 4898 ignorante
2433 4827 2772 4894 discrimen,
2817 4827 3286 4899 acquiescentem
3329 4831 3521 4883 autem
3573 4828 3751 4884 unice
3787 4827 3797 4834 ’

2096 4915 2231 4972 fidei
2280 4916 2770 4989 providentiaeque
2802 4915 3166 4988 patriarchas,
3218 4916 3577 4974 nescientem
3611 4933 3750 4974 vero

2095 5007 2236 5078 quid
2260 5006 2664 5077 juramentum
2697 5007 2775 5061 sit
2812 5022 3062 5077 quaeque
3089 5007 3180 5062 vis
3217 5005 3520 5078 religionis
3553 5005 3748 5076 istius,

2096 5111 2274 5166 quam
2308 5112 2423 5150 non
2457 5097 2603 5167 ipse,
2636 5095 2738 5150 sed
2761 5094 2802 5149 ii
2824 5095 3041 5168 quibus
3064 5099 3188 5151 erat
3211 5095 3747 5167 curaeprofuturam

2095 5185 2146 5240 ei
2181 5186 2252 5240 ad
2287 5185 2526 5240 tutelam
2547 5185 3045 5257 securitatemque
3080 5185 3300 5241 frustra
3347 5189 3751 5256 speraverant.

2100 5275 2248 5330 I92
2285 5275 2428 5344 Ergo
2455 5274 2717 5345 privatur
2746 5275 2930 5329 oculis
2964 5274 3241 5346 parvulus
3270 5273 3511 5346 paulum
3537 5291 3747 5346 supcr-

2094 5363 2800 5435 gressusinfantiam,hoc
2816 5363 3005 5420 solum
3030 5363 3753 5434 humaneindulgentibus

2099 5453 2382 5508 ministris
2406 5454 2637 5508 barbari
2671 5455 2958 5522 mandati,
2992 5463 3054 5508 ut
3089 5471 3199 5508 non
3259 5453 3459 5508 ferreis
3491 5454 3670 5509 clavis
3719 5470 3752 5510 e

2099 5544 2328 5598 fornace
2358 5542 2747 5598 candentibus
2763 5541 3305 5599 oeellostenollulos
3339 5543 3622 5613 foderent,
3646 5545 3751 5599 sed

2093 5631 2450 5702 crepitaculo
2483 5633 2736 5703 quodam
2770 5632 2954 5702 ignito
2988 5632 3130 5688 aciei
3192 5632 3487 5688 luminum
3519 5633 3752 5703 objecta

2093 5722 2336 5778 videndi
2355 5722 2688 5778 facultatem
2704 5723 3085 5778 absumerent
3108 5725 3164 5779 et
3179 5721 3403 5779 sensim
3435 5723 3750 5780 arefectam
