4112 6446
397 429 506 486 633

1483 430 1577 482 DE
1614 428 1990 485 MICHAELE
2030 427 2475 485 PALEOLOGO
2512 428 2645 485 LIB.
2684 433 2782 486 III.

3710 428 3816 485 634

392 554 523 617 τοὺς
554 551 877 628 ὀφθαλμοὺς
929 552 1296 627 λυμήνασθαι,
1349 552 1476 609 ἀλλ’
1517 551 1699 627 ἠχείῳ
1727 552 1837 607 τινὶ
1867 572 2055 626 πυρω-
2086 552 2415 622 Ατελοῦντι
2473 554 2914 631 γραμματικοὺς,
2976 555 3372 631 ὑπὶρπαθουντι
3422 551 3466 609 δ’
3517 552 3671 629 ὅμως
3721 557 3818 609 τοῦ

395 645 545 710 θέντι
602 643 689 698 ἐπὶ
748 645 857 697 τῶν
904 637 1079 715 ὄψεων
1128 644 1417 720 φερομένῳ
1465 641 1760 713 ἐξοπτῆσαι
1805 646 1887 714 τῷ
1934 662 2056 696 νεα-

392 734 565 805 νίωιῳ
618 731 751 793 τοὺς
811 730 1135 809 ὀφθαλμοὺς
1198 731 1680 806 ἀπομαρανοὲντας
1751 735 1820 805 τῇ
1894 729 2055 785 ἐκπυ-

399 825 565 898 ρώσει
626 821 715 875 καὶ
770 821 953 894 ἠρέμα
1013 815 1330 885 σόεσθέντας
1382 822 1444 875 τὸ
1495 820 1741 875 ὀπτικόν.
1795 821 1941 876 Μεθὸ
1999 817 2057 875 δὲ

395 914 547 967 ταῦτ’
598 909 884 983 ἐτολμήθη
942 911 1079 964 κατᾶ
1132 912 1231 979 τήν
1302 910 1511 985 ἡμέραν
1561 915 1663 978 τῆς
1716 910 1911 982 ἑορτῆς
1957 913 2055 964 τοῦ

397 1008 683 1075 Σωτῆρος,
745 1000 860 1054 καθ’
918 1000 979 1067 ἣν
1032 997 1133 1074 ἄρα
1180 998 1271 1053 καὶ
1322 999 1577 1074 ἐγεννήθη
1631 1000 1715 1072 [Ρ.
1753 1000 1875 1071 128]
1907 998 2052 1073 χειρὶ

398 1091 493 1164 μὲν
552 1089 854 1166 παρανόμῳ
888 1131 902 1158 ,
959 1088 1246 1163 προστάξει
1303 1086 1361 1143 δὲ
1415 1090 1895 1164 παρανομωτέρα,
1957 1089 2051 1165 φὲ-

394 1201 577 1256 ροντες
637 1180 838 1257 φόρτον
890 1178 1122 1234 ἐλεεινὸν
1184 1181 1275 1234 καὶ
1332 1181 1447 1233 οἷον
1511 1176 1725 1253 ἄψυχον
1781 1182 1860 1249 τῷ
1917 1179 2053 1253 πρὸς

394 1270 667 1338 θάλασσαν
719 1274 829 1325 τῶν
884 1269 1231 1341 Νικητιάτων
1286 1276 1385 1339 τῆς
1442 1264 1747 1339 Δακιϐύζης
1804 1269 2049 1345 φρουρίῳ

392 1358 446 1415 ἰν
505 1357 737 1434 ἀσφαλεῖ
790 1358 1214 1426 κατακλείουσι,
1274 1356 1363 1412 καὶ
1422 1359 1474 1412 oi
1547 1358 1773 1434 φρουροί
1835 1356 2051 1433 ἐγκαθί-

393 1469 633 1518 στανται,
719 1448 1124 1523 ἀποταχθὲντος
1200 1446 1503 1522 αὐτάρκους
1584 1445 1893 1521 σιτηρεσίου
1970 1451 2050 1519 τῷ

393 1536 851 1614 ἑγκεκλεισμένῳ.
910 1539 1111 1613 "Opiter.
1143 1534 1190 1592 δ’
1245 1536 1441 1592 ἐκεῖνοι
1494 1536 1584 1592 καὶ
1643 1535 1910 1600 συνθεσίαι
1959 1536 2050 1591 καὶ

394 1626 731 1700 ἐμπεδώσεις
780 1629 1003 1701 φρικταὶ
1052 1627 1126 1689 ὡς
1181 1624 1401 1701 λάχανα
1446 1623 1781 1696 κατεδήδοτο
1834 1623 2052 1700 βασιλεῖ

391 1716 648 1774 δοκοῦντι
676 1718 984 1795 θεοφίλειαν
1019 1715 1191 1793 ἔχειν,
1223 1714 1293 1771 δι’
1318 1718 1379 1787 ἣν
1411 1717 1501 1771 καὶ
1532 1714 1875 1791 προύτιμᾶτο
1904 1716 2050 1790 παρὰ

388 1810 488 1874 τῆς
522 1806 851 1877 Ἐκκλησὶας
883 1806 960 1867 εἷς
990 1807 1089 1875 τήν
1123 1806 1323 1882 ἀρχήν.
1360 1803 1513 1862 Ἀλλ’
1542 1806 1609 1874 ἦν
1639 1802 1744 1881 ἄρα
1785 1806 1846 1859 τὸ
1891 1805 2049 1881 λεγό-

394 1916 553 1968 μενον
588 1894 916 1965 ἀληθὶς,ὡς
957 1896 1137 1970 Ἀρχή
1196 1892 1355 1965 δείξει
1406 1892 1593 1968 ἄνδρα·
1647 1890 1812 1966 ἔδειξε
1859 1893 1961 1967 γὰρ
2014 1896 2048 1962 ἡ

390 1985 538 2059 ἀρχὴ
587 1982 859 2053 κάκεῖνον,
911 1984 1062 2046 ὅπως
1112 1981 1276 2056 ἔμελὲ
1324 1984 1375 2037 οἱ
1419 1986 1516 2037 τοῦ
1566 1980 1777 2037 δικαίου
1820 1981 1909 2036 καὶ
1952 1989 2052 2052 τῆς

386 2073 511 2147 περὶ
540 2074 636 2128 τὸν
692 2073 820 2128 Θεὸν
873 2067 1181 2134 εὐλαϐείας.
1237 2070 1388 2141 Πλὴν
1440 2070 1773 2148 τυφλώττων
1804 2070 2051 2133 κάκεῖνος

384 2165 453 2237 τῇ
484 2169 585 2232 τῆς
642 2160 805 2233 δόξης
855 2162 1180 2235 ματαιότητι
1228 2162 1332 2230 τὴν
1378 2162 1564 2236 ψυχὴν
1599 2159 1900 2234 ἐκτυφλοῦν
1934 2159 2052 2215 ἐκέ-

389 2252 515 2309 λευε
542 2256 870 2326 σωματικῶς
898 2253 989 2306 τὸν
1020 2249 1311 2309 ἀναίτιον..

392 2359 478 2415 ια’.
530 2357 786 2433 Τὰ-περὶ
834 2362 932 2433 τοῦ
984 2352 1646 2433 ’ρλοϐώλουλΜανου-ἦλ,
1674 2356 1765 2411 καὶ
1794 2363 1895 2427 τῆς
1942 2361 2049 2412 τῶν

632 2425 845 2485 λοιπῶν
882 2425 1239 2504 ὑποόλέψεως
1273 2428 1362 2484 διὰ
1390 2430 1481 2484 τὸν
1516 2425 1796 2500 Ἰωάννην.

457 2519 597 2577 Τότε
657 2516 715 2574 δὲ
770 2519 861 2574 καὶ
932 2518 1110 2581 αἴτίας
1180 2518 1535 2591 πλασάμενος
1587 2516 1670 2591 τῷ
1738 2514 2048 2591 Ὀλοϐώλῳ

388 2608 678 2678 Μανουὴλ,
708 2606 917 2682 παιδίῳ
963 2629 1027 2683 γε
1075 2603 1190 2663 ὄντι
1238 2606 1327 2662 καὶ
1379 2606 1456 2670 εἷς
1485 2605 1613 2669 τοὺς
1661 2606 1895 2670 οἰκείους
1926 2607 2048 2663 τότε

394 2736 867 2809 depascerentur.
902 2737 964 2792 Id
1002 2736 1228 2793 facinus
1260 2752 1442 2806 supra
1495 2751 1732 2791 omnem
1792 2736 2033 2792 modum

385 2824 619 2881 crudele
651 2825 747 2881 die
769 2825 1033 2880 omnium
1058 2825 1431 2880 sanctissima
1453 2828 1511 2879 et
1535 2824 1787 2880 maxime
1810 2825 2033 2893 festiva,

389 2913 599 2970 Christi
632 2913 952 2969 Salvatcris
985 2913 1169 2969 nostri
1226 2913 1430 2981 natali,
1463 2917 1864 2986 perpetratum
1924 2918 2035 2983 est,

395 3004 667 3058 manibus
700 3002 1155 3068 scelestissimis,
1181 3003 1459 3058 mandato
1484 3003 1664 3057 multo
1682 3004 1857 3057 etiam
1883 3004 2037 3058 dete-

397 3092 699 3148 stabiliori.
722 3094 844 3157 Quo
870 3092 1065 3148 statim
1094 3092 1244 3147 facto
1266 3092 1803 3163 harpymimmanes
1825 3092 2036 3148 iisdem

387 3181 705 3254 unguibus,
737 3181 955 3252 quibus
988 3182 1243 3252 praedam
1266 3180 1565 3237 innoxiam
1589 3182 2035 3237 exearniticave-

2166 642 2420 699 Ἰωάννου
2461 644 2688 698 τοιαῦτα
2716 643 2983 708 παθόντος
3012 640 3235 711 ἀδίκως,
3269 644 3314 697 ὢ
3345 640 3467 713 δίκη
3497 644 3509 699 Ι
3555 642 3644 697 καὶ
3674 641 3821 716 παρᾶ

2163 733 2225 787 τὸ
2278 732 2445 801 εἰκὸς,
2498 734 2805 811 ἀφαιρεῖται
2857 733 3006 809 ῥινὸς
3052 734 3222 802 αὐτῆς
3259 733 3392 805 μετὰ
3416 737 3523 786 τῶν
3559 731 3813 807 χειλὲων.

2161 822 2406 883 Ἐκεῖνος
2464 820 2522 876 δὲ
2567 822 2873 898 παραυτίκα
2921 820 3319 897 ῥακενδυτῆσας
3360 823 3459 890 τὴν
3514 822 3685 894 μονὴν
3719 825 3815 875 τοῦ

2164 908 2491 987 Προδρόμου
2524 910 2849 986 εἰσέρχεται.
2885 912 2983 966 Καὶ
3014 910 3081 980 δὴ
3124 910 3330 975 ἄλλους
3386 910 3678 972 πλεῖστους
3724 909 3814 965 διὰ

2158 1001 2328 1055 ταῦτα
2382 997 2829 1073 ὑποϐλεπὸμενος
2884 1001 3012 1064 τοὺς
3075 1001 3168 1073 μὲν
3230 1000 3282 1055 ἐν
3342 997 3571 1073 οὐδεμιᾷ
3629 994 3813 1054 ἔταττε

2165 1089 2351 1165 μοίρᾳ,
2380 1089 2507 1151 τοὺς
2539 1088 2596 1144 δὲ
2619 1089 2708 1145 καὶ
2757 1089 3000 1159 ἐκόλαζε.
3035 1092 3296 1146 Τοιοῦτον
3346 1089 3450 1163 γὰρ
3493 1089 3556 1143 τὸ
3611 1089 3687 1161 μή
3722 1087 3808 1142 εὐ-

2158 1180 2344 1252 νόμως
2403 1177 2591 1254 ἄρχειν
2650 1177 2797 1234 ἀλλὰ
2851 1184 3205 1255 τυραννικῶς’
3266 1180 3349 1241 οἷς
3404 1178 3507 1254 γὰρ
3567 1176 3811 1253 ἁμαρτά-

2158 1289 2265 1323 νειν
2327 1265 2610 1341 συμϐαίνει
2670 1269 2762 1324 τὸν
2834 1268 3105 1343 ἄρχοντας
3176 1267 3391 1330 τούτοις
3455 1266 3808 1339 ὑπειδόμενον

2158 1357 2286 1419 τοὺς
2344 1362 2452 1412 τῶν
2508 1358 2808 1433 ἀνθρώπων
2866 1356 3275 1428 εὐσυνειδήτους
3336 1358 3634 1432 ἄχθεσθαι,
3694 1356 3809 1410 ἐπεὶ

2161 1446 2262 1502 οὐκ
2307 1443 2449 1502 ἔστιν
2508 1445 2709 1502 ἐκεῖνον
2783 1452 3060 1520 μετανοεῖν
3131 1446 3211 1523 ἐφ’
3270 1447 3351 1507 οἷς
3412 1444 3662 1520 ἐπραχθη
3719 1445 3809 1499 καὶ

2159 1537 2491 1611 συγγνώμην
2548 1541 2728 1608 ζητεῖν
2789 1535 3249 1610 παραιτούμενον,
3319 1537 3522 1609 ἀνάγκη
3583 1532 3808 1597 δικαίως

2158 1624 2480 1681 πιστεύοντα
2529 1624 2927 1701 ἀπεχθάνεσθαι
2990 1630 3165 1697 μισεῖν
3224 1623 3464 1686 ἐντεῦθεν
3512 1623 3639 1685 τοὺς
3674 1624 3810 1678 ὑπο-

2158 1716 2487 1788 νοουμένους
2547 1716 2634 1770 καὶ
2694 1721 2956 1789 τιμωρεῖν
2991 1755 3004 1769 .
3064 1716 3165 1769 Ἦν
3226 1712 3318 1767 οὖν
3382 1712 3505 1767 τότε
3555 1713 3693 1767 κατὰ
3746 1713 3807 1765 τὸ

2161 1806 2383 1879 ἀρχεῖον
2432 1806 2648 1881 ταραχή
2700 1805 2985 1879 λογισμῶν
3024 1798 3180 1880 φόϐῳ
3212 1803 3542 1875 σύμμικτος,
3572 1805 3681 1856 τῶν
3714 1802 3807 1874 μὲν

2159 1892 2445 1967 λογισμῶν
2480 1894 2566 1968 [Ρ.
2601 1896 2723 1966 129]
2758 1891 2900 1965 μηδὲ
2935 1894 3025 1947 τὸν
3060 1891 3368 1966 ἀνάλγητον
3397 1890 3551 1966 φύσει
3582 1892 3809 1965 ἠρεμεῖν

2161 1978 2396 2048 ἐώντων,
2424 1983 2520 2034 τοῦ
2552 1977 2609 2035 δὲ
2641 1975 2836 2055 φόϐου,
2870 1982 2944 2043 ὡς
2980 1982 3053 2053 μή
3086 2000 3170 2042 τις
3206 1980 3390 2052 μαθὼν
3414 1977 3811 2053 προσαγγείλοι

2158 2067 2247 2122 καὶ
2282 2067 2343 2122 οὗ
2372 2070 2546 2145 φυκτά
2593 2071 2644 2123 οἱ
2696 2070 2765 2124 τὰ
2791 2075 2891 2138 τῆς
2923 2067 3201 2130 κολάσεως
3251 2070 3489 2138 γένοιτο,
3539 2068 3809 2139 παρευοὺς

2160 2156 2576 2219 συστέλλοντος
2612 2155 2760 2226 δεινή
2800 2158 2903 2233 γὰρ
2948 2158 2999 2211 ἐν
3048 2158 3478 2233 προσαγγελίαις
3529 2155 3812 2233 διαφερόν-

2156 2267 2267 2309 τως
2293 2250 2359 2316 iv
2391 2249 2425 2316 ἡ
2458 2251 2553 2301 τοῦ
2583 2268 2703 2302 τινα
2729 2245 2906 2303 δοκεῖν
2949 2248 3298 2323 προσκεῖσθαι
3327 2250 3407 2319 τῷ
3438 2243 3592 2301 παιδὶ
3623 2246 3814 2302 Ἰωάν-

2156 2356 2222 2411 νῃ
2252 2337 2341 2391 καὶ
2370 2342 2670 2410 συμπαθεῖν
2681 2379 2694 2391 .

2163 2445 2253 2520 ιβ’.
2311 2444 2393 2501 Τὰ
2446 2445 2594 2520 κατὰ.
2636 2442 2765 2520 τους
2846 2442 3150 2520 Ζυγηνοὺς,
3215 2441 3367 2520 ὅπως
3437 2443 3809 2514 ἆπεστάτησαν

2570 2514 2841 2591 βασιλέως
2879 2513 2965 2570 διᾶ
2992 2516 3083 2570 τὸν
3112 2517 3397 2585 Ἰωάννην.

2229 2606 2366 2679 Παρ’
2420 2606 2481 2675 ἣν
2533 2604 2705 2660 αἰτίαν
2762 2605 2853 2660 καὶ
2910 2604 3095 2681 ὀλίγον
3154 2604 3374 2682 ὕστερον
3437 2606 3489 2661 οἱ
3544 2606 3680 2661 κατὰ
3706 2610 3809 2676 τῆς

2148 2733 2307 2789 Alios
2335 2733 2474 2789 item
2509 2732 2796 2805 plurimos
2814 2733 3071 2789 similem
3094 2733 3167 2789 ob
3190 2749 3431 2789 causam
3456 2734 3568 2790 sibi
3596 2749 3805 2805 suspe-

2147 2828 2272 2878 ctos
2299 2822 2639 2893 invisosque
2661 2821 2874 2893 partim
2903 2822 3062 2878 ultus
3079 2823 3504 2879 contumelioso
3526 2823 3798 2894 neglectu

2146 2916 2254 2979 est,
2288 2911 2512 2967 nullam
2547 2928 2748 2966 eorum
2807 2911 2866 2966 in
2926 2912 3343 2968 distributione
3401 2913 3687 2968 bonorum
3731 2928 3795 2967 ac

2148 3018 2462 3058 munerum
2486 3001 2770 3056 rationem
2788 3000 3251 3072 habens,partim
3276 3002 3540 3072 qumsitis
3563 3005 3798 3073 praetex-

2145 3090 2307 3146 tibus
2336 3090 2486 3145 male
2512 3090 2804 3145 multavit.
2839 3094 2920 3144 En
2956 3090 3180 3145 fructus
3210 3089 3441 3161 imperii
3476 3107 3586 3146 non
3627 3091 3800 3162 juxta

2145 3177 2301 3249 leges
2328 3181 2631 3252 tyrannice
2682 3178 2829 3250 parti
2888 3179 3178 3251 gestique.
3239 3179 3464 3251 Quippe
3523 3178 3796 3252 princeps

381 3275 541 3336 rant,
564 3287 717 3326 onus
742 3270 1075 3325 miserabile
1094 3270 1429 3342 corpusculi
1452 3270 1583 3326 luce
1630 3271 1777 3326 cassi
1802 3276 1859 3326 et
1878 3271 2038 3327 velut
2066 3269 2110 3337 C
2147 3268 2503 3334 istiusmodi,
2547 3284 2674 3340 quae
2697 3267 2858 3341 large
2884 3268 3239 3337 peccaverit;
3274 3285 3408 3324 cum
3442 3286 3473 3323 a
3496 3269 3695 3340 probis
3741 3273 3799 3325 et

380 3360 640 3416 exanimi
674 3359 944 3415 tollentes
971 3359 1030 3415 in
1063 3375 1257 3415 arcem
1293 3358 1440 3415 illud
1472 3360 1829 3415 maritimam
1866 3360 2043 3417 Nice-

379 3449 685 3516 tiatarum,
724 3449 1017 3520 Dacibjzae
1046 3447 1291 3514 dictam,
1325 3449 1742 3519 importarunt,
1775 3453 1904 3504 tuta
1923 3449 2044 3505 illic

382 3543 441 3594 et
466 3539 900 3610 impenetrabili
924 3538 1189 3593 custodia
1211 3538 1529 3593 tenendum
1556 3538 1826 3595 ﬁdissimi
1848 3540 2042 3610 prissi-

383 3628 485 3698 dii,
520 3644 756 3684 annona
776 3627 833 3682 in
870 3626 1154 3683 alimenta
1175 3626 1411 3696 inclusi,
1434 3631 1724 3697 quantum
1753 3635 1843 3683 sat
1873 3630 2039 3697 foret,

385 3717 640 3790 provisa.
667 3719 1010 3773 iuramenta
1040 3733 1211 3789 porro
1232 3716 1334 3771 illa
1355 3721 1411 3772 et
1431 3720 1599 3787 pacta
1620 3712 2042 3789 exquisitasque

384 3809 457 3863 ad
480 3807 827 3862 firmandam
849 3806 1022 3862 ﬁdem
1048 3806 1373 3875 cautiones,
1395 3805 1696 3860 horrendae
1719 3806 2043 3876 quinetiam

387 3898 654 3951 dirarum
676 3894 1133 3965 imprecationes
1157 3894 1215 3948 in
1240 3893 1634 3957 fallentem,ut
1655 3894 1813 3951 olera
1834 3895 2041 3967 deglu-

385 3985 494 4041 tita
524 3989 667 4040 sunt
697 3986 769 4039 ab
802 3985 1154 4055 imperatore
1186 3983 1530 4053 religionem
1563 3983 1779 4041 habere
1812 3984 1954 4051 viso,
1985 3990 2043 4041 et

384 4080 451 4129 ut
479 4074 581 4130 tati
614 4073 825 4129 eximie
855 4074 927 4128 ab
960 4072 1222 4128 Ecclesia
1253 4073 1535 4129 honorato
1560 4090 1790 4145 praeque
1811 4075 2040 4131 cunctis

382 4165 454 4221 ad
478 4163 793 4235 imperium
820 4167 1107 4235 promoto.
1134 4166 1348 4217 Verum
1374 4178 1585 4235 nempe
1602 4167 1695 4218 est
1715 4164 1869 4235 quod
1894 4164 2040 4219 dici-

380 4258 498 4322 tur,
523 4252 901 4322 Magistratus
931 4252 1200 4307 ostendet
1229 4252 1445 4307 virum.
1476 4251 1623 4307 Nam
1655 4251 1813 4307 hunc
1845 4253 2039 4324 quatis

384 4348 560 4409 esset,
586 4340 780 4414 palam
814 4341 1072 4396 ostendit
1104 4340 1506 4412 magistratus:
1538 4357 1719 4413 quam
1749 4341 1833 4397 illi
1885 4358 2037 4398 cura:

375 4433 479 4503 jus
512 4431 717 4502 fasque
747 4435 922 4497 esset,
974 4430 1167 4501 qualis
1220 4435 1380 4485 esset
1435 4430 1495 4485 in
1554 4430 1740 4485 Deum
1798 4431 2034 4503 pietate,

379 4521 807 4577 demonstravit
829 4518 1166 4589 imperium.
1190 4518 1475 4574 Caeterum
1498 4523 1819 4574 excazcatus
1851 4525 1908 4575 et
1938 4520 2037 4575 ille

382 4610 607 4679 animo,
640 4612 699 4663 et
729 4606 1070 4680 caliginosis
1101 4606 1334 4662 nebulis
1365 4606 1563 4678 gloria:
1622 4609 1855 4663 caducis
1887 4625 2034 4664 veras
2064 4643 2111 4708 Β

379 4699 669 4755 mentium
702 4696 852 4751 lucis
883 4696 1103 4751 intuitu
1136 4697 1380 4763 amisso,
1414 4696 1634 4752 nefarie
1661 4699 1905 4768 pascepit
1940 4696 2033 4753 in-

378 4791 681 4844 nocentem
716 4786 844 4842 visu
878 4785 1141 4856 corporis
1173 4784 1409 4856 privari.

381 4897 465 4950 14.
503 4897 574 4951 De
606 4894 866 4951 Holobolo
896 4890 1169 4958 Manuele,
1203 4900 1257 4947 et
1294 4891 1360 4946 de
1386 4891 1797 4963 suspicionibus
1845 4892 2029 4949 odiis-

736 4982 839 5037 que
868 4964 930 5019 in
961 4964 1205 5035 reliquos
1233 4966 1460 5020 Joannis
1488 4980 1674 5019 causa.

446 5056 647 5128 Neque
678 5055 789 5110 hoc
818 5056 1152 5123 contentus,
1184 5053 1455 5108 conﬁctis
1491 5057 1627 5109 tunc
1672 5053 1869 5109 causis
1908 5059 2033 5109 Ma-

376 5145 611 5202 nuelem
650 5143 1018 5213 Holobolum,
1052 5158 1302 5214 puerum
1360 5148 1571 5199 tenerae
1632 5142 1821 5198 intutis
1879 5147 1935 5198 et
1969 5143 2029 5198 in

376 5233 837 5292 domesticorum
868 5231 1392 5303 grammaticorum
1454 5237 1589 5287 tunc
1646 5232 1850 5288 ordine
1877 5232 2028 5288 I93

373 5326 722 5390 merentem,
751 5320 906 5392 quod
936 5322 987 5375 is
1005 5320 1261 5393 graviter
1283 5321 1431 5377 ferre
1451 5321 1609 5376 visus
1630 5325 1784 5377 esset
1808 5338 1930 5391 quae
1968 5321 2027 5376 in

370 5415 659 5472 Joannem
692 5417 813 5469 tam
845 5410 1162 5467 crudeliter
1190 5415 1319 5466 acta
1338 5411 1581 5479 viderat,
1609 5429 1783 5483 quam
1809 5412 2030 5481 injuste

370 5506 578 5578 (testor
600 5504 703 5573 jus
732 5506 790 5558 et
819 5502 1100 5572 aequum),
1135 5518 1310 5572 quam
1334 5500 1492 5556 ultra
1521 5518 1752 5556 omnem
1790 5503 2028 5559 modum

373 5593 734 5662 immaniter,
758 5590 1014 5647 mutilari
1039 5591 1186 5647 foede
1208 5592 1386 5662 jussit
1407 5591 1670 5647 abscisso
1693 5606 1824 5646 cum
1849 5591 2029 5648 labris

374 5700 541 5739 naso.
578 5681 679 5737 Ille
720 5684 916 5737 autem
948 5679 1242 5736 miserita
1269 5680 1630 5736 deformatus
1676 5681 2028 5738 centunculo

373 5771 620 5828 indutus
644 5770 703 5826 in
729 5768 1152 5826 monasterium
1180 5772 1563 5826 Precurscris
1588 5770 1895 5842 ingressus
1913 5776 2024 5828 est.

2149 3357 2318 3414 bonae
2330 3357 2699 3415 conscientiae
2712 3358 3051 3414 hominibus
3068 3362 3169 3413 aut
3187 3359 3667 3413 animadverterit
3697 3363 3799 3413 aut

2150 3447 2489 3518 suspicatus
2519 3448 2694 3503 fuerit
2723 3447 3062 3519 vituperari,
3107 3449 3449 3503 exardescat
3496 3448 3555 3503 in
3615 3448 3798 3504 furias

2149 3552 2389 3592 necesse
2418 3541 2544 3605 est;
2578 3541 2637 3591 et
2657 3538 2758 3607 qui
2782 3536 3180 3607 paenitentiam
3206 3537 3467 3608 proﬁteri
3493 3553 3798 3609 perperam

2147 3631 2413 3682 actorum
2438 3631 2540 3682 aut
2558 3626 2783 3681 veniam
2808 3641 3043 3697 poscere
3064 3625 3316 3681 alienum
3342 3644 3495 3682 asua
3516 3626 3798 3698 dignitate

2148 3732 2215 3769 ac
2245 3721 2431 3769 morte
2463 3716 2631 3785 pejus
2663 3715 2968 3770 vitandum
3020 3722 3278 3782 censeat,
3332 3722 3456 3772 toto
3507 3710 3799 3772 incumbit

2148 3804 2346 3859 animo
2378 3804 2449 3859 ad
2474 3803 2931 3860 existimandum
2958 3821 3071 3876 prae
3095 3821 3276 3876 seque
3300 3806 3604 3861 ferendum
3631 3805 3797 3876 justa

2145 3911 2276 3949 esse
2307 3912 2434 3965 quae
2469 3895 2619 3950 fecit.
2654 3895 2817 3949 Unde
2847 3895 2987 3965 quid
3022 3905 3113 3950 est
3156 3911 3525 3968 consequens
3570 3896 3681 3951 nisi
3734 3900 3798 3952 ut

2146 3984 2337 4039 odisse
2369 3988 2612 4056 cogatur
2640 3988 2696 4039 et
2731 4001 2834 4054 pro
2892 3984 3116 4040 viribus
3148 3984 3349 4040 ulcisci
3410 4002 3579 4041 secus
3607 3987 3677 4041 de
3736 4004 3798 4042 se

2146 4077 2454 4129 censentes
2475 4073 2503 4127 ?
2530 4077 2672 4129 Erat
2700 4090 2838 4145 ergo
2864 4080 3002 4129 tunc
3034 4074 3094 4129 in
3127 4074 3262 4130 aula
3292 4076 3795 4149 eonfusiocogita-

2146 4164 2374 4219 tionum
2405 4167 2561 4218 metu
2596 4162 2892 4235 perplexa.
2926 4163 3072 4218 Nam
3132 4163 3271 4218 hinc
3325 4165 3562 4235 quidem
3623 4182 3795 4222 nemo

2145 4252 2417 4325 quamvis
2449 4252 2609 4308 ferus
2638 4256 2697 4307 et
2726 4252 2796 4307 ad
2827 4267 3068 4307 sensum
3116 4251 3506 4308 humanitatis
3564 4253 3795 4325 gelidus

2144 4344 2465 4398 informare
2483 4341 2680 4397 animo
2700 4347 2928 4413 poterat
2944 4342 3224 4414 tragicam
3250 4343 3504 4415 speciem
3528 4344 3795 4400 exercitae

2143 4433 2203 4488 in
2230 4433 2474 4505 puerulo
2496 4433 2625 4504 ejus
2648 4432 2757 4488 loci
2776 4449 3015 4504 prorsus
3044 4432 3277 4488 innoxio
3291 4433 3654 4489 crudelitatis
3676 4438 3795 4490 tam

2143 4521 2440 4589 immanis,
2469 4521 2613 4593 quin
2646 4527 3113 4577 commoveretur
3141 4522 3349 4578 intime
3396 4528 3454 4578 et
3482 4524 3554 4579 ad
3604 4524 3794 4579 vindi-

2142 4612 2397 4666 candum
2421 4611 2785 4667 incitaretur:
2802 4611 2941 4667 inde
2968 4610 3185 4683 pariter
3203 4628 3406 4668 omnes
3426 4614 3793 4686 constringe-

2145 4702 2246 4757 bat
2271 4708 2465 4757 metus
2496 4708 2553 4757 et
2582 4702 2920 4758 sollicitudo
2952 4704 3242 4773 cujusque
3274 4705 3345 4758 de
3378 4719 3439 4759 se
3471 4704 3620 4775 ipso,
3647 4722 3717 4761 ne
3743 4706 3793 4760 si

2142 4791 2295 4862 quod
2321 4796 2623 4846 emanaret
2653 4791 2903 4847 istorum
2937 4805 3219 4846 sensuum
3253 4790 3558 4859 indicium,
3583 4793 3795 4864 cupide

2142 4878 2452 4935 collectum
2485 4898 2519 4934 a
2549 4880 2771 4952 paratis
2820 4878 3180 4936 delatoribus
3227 4881 3298 4935 ad
3332 4881 3563 4952 tyranni
3619 4899 3794 4938 aures

2143 4969 2490 5040 perveniret,
2525 4974 2798 5025 secutura
2827 4968 3025 5022 statim
3058 4968 3377 5023 inevitabili
3403 4986 3587 5040 eaque
3610 4972 3791 5025 atroci

2144 5073 2334 5128 pcena,
2366 5057 2659 5130 siquidem
2695 5074 2764 5112 ex
2795 5056 2956 5113 omni
2988 5073 3199 5129 genere
3257 5058 3621 5114 delationum
3677 5060 3791 5115 illae

2139 5145 2637 5216 impotentissime
2668 5144 3091 5217 celerrimeque
3121 5148 3569 5203 concitabantin
3595 5150 3792 5204 saevis-

2140 5236 2325 5293 simos
2360 5237 2584 5291 furores
2616 5234 2917 5291 Michaelis
2948 5235 3235 5303 animum,
3256 5252 3383 5308 quas
3415 5238 3487 5293 de
3515 5239 3791 5311 quopiam

2142 5326 2289 5381 forte
2313 5325 2651 5380 nuntiarent
2681 5324 2991 5379 condolere
3040 5324 3211 5381 illum
3260 5327 3471 5383 Joanni
3526 5345 3706 5400 puero
3737 5332 3795 5384 et

2140 5430 2343 5471 casum
2378 5416 2506 5485 ejus
2537 5430 2685 5486 aegre
2720 5416 2886 5469 ferre.

2141 5522 2227 5576 12.
2272 5523 2344 5576 De
2390 5521 2634 5595 Zygenisf
2672 5524 2787 5595 sive
2829 5525 3129 5592 montanis,
3180 5532 3239 5578 ut
3291 5525 3350 5578 in
3400 5527 3792 5595 imperatOrem

2555 5593 2885 5649 rebellarint
2926 5597 3156 5651 Joannis
3184 5612 3370 5652 causa.

2214 5686 2453 5754 PrOpter
2484 5698 2663 5754 quam
2694 5699 2935 5740 causam
2967 5683 3142 5740 etiam
3179 5684 3350 5757 paulo
3370 5687 3504 5757 post
3530 5690 3791 5757 agrestes

2141 5772 2239 5844 qui
2271 5770 2494 5828 vicinos
2523 5770 2723 5827 Nicaea;
2756 5777 2989 5829 montes
3010 5772 3292 5842 incolunt,
3324 5778 3584 5830 aratores
3601 5774 3788 5831 homi-
