4112 6414
310 387 418 445 635

1617 409 1860 465 GEORG
1868 413 1919 465 ιι
1964 412 2433 468 PACHYMERB

3636 412 3747 467 636

312 515 545 611 Νικαίας
622 519 799 611 τᾶκρα
864 527 1125 597 χωρῖται,
1202 527 1428 601 ἀγρόται
1508 530 1603 603 μὲν
1677 527 1827 593 ὄντες
1878 534 1964 588 καὶ
1999 539 2053 605 Α
2083 556 2201 597 σαις
2229 542 2351 601 ταῖς
2378 539 2497 592 κατ’
2549 537 2751 593 ἐκεῖνον
2802 535 3135 611 προυθμίαις
3168 532 3431 607 ἐνεδίδου,
3478 535 3570 590 καὶ
3610 538 3749 593 ἅπαν

313 604 558 679 γεωργίᾳ
609 610 995 684 προσέχοντες,
1058 613 1351 689 Οαῤῥαλέοι
1409 616 1694 686 δ’ἀλλως,
1753 621 1969 677 πίσυνοι

311 694 513 786 τόξοις,
545 697 683 786 Δμιδίμα
739 696 795 752 δὲ
852 700 943 754 καὶ
1003 709 1118 764 ταῖς
1170 707 1308 760 κατά
1365 712 1497 783 σφᾶς
1542 712 1878 786 δυσχωρίαις
1910 714 1970 766 τὸ

315 785 505 838 πιστὸν
542 783 761 861 ἔχοντες
794 790 867 851 ὡς
920 792 980 845 οὐ
1015 791 1217 867 ῥᾳδίως
1245 798 1561 870 πεισόμενοι
1592 798 1688 856 κᾶν
1718 822 1769 854 τι
1800 800 1967 876 πράτ-

310 894 478 942 τοιεν,
536 875 780 942 εὐσόντες
833 877 1034 948 ἥκοντά
1090 886 1252 938 ποθεν
1295 888 1571 943 νεανίσκον
1629 891 1773 962 νόσῳ
1806 889 1967 945 λελυ-

319 963 591 1036 μασμένον
674 967 800 1029 τοὺς
878 971 1219 1044 ὀφθαλμοὺς,
1297 979 1487 1052 φήμης
1564 979 1969 1053 προοδευούσης

315 1051 521 1146 ἐκείνου
580 1056 744 1146 ,παρά
811 1064 917 1112 τῶν
998 1068 1483 1138 συσκευασαμένων
1531 1070 1593 1124 τὸ
1655 1068 1836 1146 δρᾶμα
1893 1074 1965 1134 ὡς

312 1141 473 1205 αὐτὸς
532 1141 614 1212 εἶή
666 1147 728 1199 τὸ
759 1146 973 1203 παιδίον
1034 1151 1063 1204 ὅ
1110 1154 1386 1225 Ἰωάννης,
1420 1159 1579 1231 ἀπρὶξ
1612 1163 1966 1236 συναχθέντες

315 1227 537 1303 ἔχονται
568 1233 785 1303 τούτου,
828 1237 939 1310 ἅμα
987 1240 1080 1311 μὲν
1130 1242 1202 1303 ὡς
1254 1241 1520 1301 δεσπότου
1556 1250 1967 1323 ὑπονοουμένου

311 1319 514 1417 σφίσιν,
577 1323 658 1400 ἐφ’
717 1326 868 1401 ᾧπερ
925 1330 1039 1417 καὶ,
1075 1333 1260 1405 ὅρκοις
1304 1342 1422 1398 τοῖς
1454 1339 1590 1411 πρὸς
1620 1341 1711 1393 τὸν
1763 1319 1969 1417 πατέρα

310 1406 635 1481 πεδούμενοι
675 1420 794 1475 ταῖς
842 1416 974 1490 ὑπὲρ
1025 1416 1237 1475 ἐκείνου
1268 1426 1597 1498 προθυμίαις
1646 1406 1964 1507 ἐσφάδαζόν,

313 1509 426 1579 ἅμα
484 1506 542 1562 δὲ
592 1510 682 1563 καὶ
757 1511 830 1573 ὡς
904 1512 1229 1591 ἠδικημένῳ
1304 1506 1787 1597 προσαμύνοντες.
1869 1530 1966 1583 Καὶ

313 1597 634 1652 ἀποστατεῖν
688 1597 946 1674 ἤρξαντο,
1001 1606 1165 1674 οῆλοι
1212 1604 1357 1671 ὄντες
1402 1611 1450 1685 ἐξ
1501 1615 1573 1667 ὧν
1606 1614 1821 1671 ἐποίουν
1852 1624 1969 1682 τοῖς

311 1683 733 1779 ἐπιθησομένοις
791 1690 1268 1765 πολεμησείοντες.
1320 1683 1444 1756 Καὶ*
1478 1700 1543 1772 δὴ
1592 1708 1967 1779 περιστείλαν-

308 1795 395 1836 τες
422 1781 539 1837 τοῖς
571 1777 770 1832 εῗκόσιν
806 1779 1014 1837 ἐκεῖνον
1065 1789 1152 1840 καί
1199 1786 1471 1853 δουλικῶς
1529 1797 1967 1873 προσφερόμενοι

309 1864 583 1938 προίστων
647 1868 720 1929 εἷς
783 1870 1009 1944 βασιλέα
1058 1878 1147 1930 καὶ
1223 1880 1352 1956 ὑπὲρ
1404 1882 1567 1938 αὐτοῦ
1642 1864 1970 1941 κινδυνεύειν

311 1954 539 2028 ὥρμων.
594 1959 654 2014 Ὀ
690 1961 873 2030 μέντοι
920 1984 983 2037 γε
1038 1966 1297 2040 βασιλεὺς
1349 1973 1533 2043 μαθὼν
1584 1976 1649 2030 τά
1690 1979 1813 2051 περὶ
1842 1981 1970 2033 τού-

308 2065 431 2136 του,
485 2046 657 2115 ἀνέζει
711 2071 768 2104 τε
824 2056 902 2122 τῷ
959 2056 1115 2127 θυμῷ
1172 2060 1261 2113 καὶ
1322 2065 1578 2125 καθεκτὸς
1638 2065 1736 2120 οὐκ
1781 2069 1867 2136 ἦν,
1926 2069 1970 2123 εἰ

315 2129 476 2207 ἄκραι
528 2141 774 2191 τοιαῦται
823 2149 1204 2212 παρασπᾶσθαι
1254 2154 1353 2217 τῆς
1398 2149 1765 2228 ἐντρεχοῦσης
1795 2157 1972 2227 φέμης

319 2219 472 2276 ἕνεκα
522 2222 949 2299 κινδυνεύουσιν,
1008 2232 1058 2303 ἐξ
1117 2235 1188 2287 ὧν
1242 2235 1386 2301 εἷλκὸς
1442 2219 1593 2295 εἶναι,
1627 2219 1731 2297 καὶ,
1769 2219 1971 2308 ἄλλους

314 2320 724 2387 παρακινεῖσθαι
782 2318 1073 2385 πλείστους
1128 2324 1469 2385 ἀποπατεῖν.
1520 2333 1677 2396 *Οθεν
1724 2336 1813 2389 καὶ
1867 2339 1969 2390 πά-

312 2519 415 2600 nes
439 2507 671 2600 (δι-194
692 2509 1062 2581 agriculturae
1088 2520 1478 2592 attendentes,
1503 2525 1677 2582 fortes
1700 2527 1959 2600 alioquin

311 2597 368 2647 et
402 2595 675 2690 audaces,
709 2601 966 2690 arcubus
1025 2605 1177 2673 freti,
1239 2610 1415 2666 simul
1448 2621 1667 2685 autem,
1724 2595 1963 2690 propter

312 2684 690 2753 asperitatem
714 2688 1151 2751 inaccessorum
1166 2698 1420 2756 saltuum
1436 2684 1878 2763 etcacumi-num
1901 2708 1958 2763 in

309 2949 721 3041 imperatorem
752 2956 1071 3028 irritarent,
1094 2980 1225 3019 cum
1249 2949 1957 3041 invenissentvprofectum

309 3039 505 3093 nescio
539 3043 691 3097 unde
723 3046 1222 3107 adolescentulum
1254 3058 1455 3112 morbo
1487 3039 1865 3127 exere—catum,
1888 3063 1960 3117 de

309 3144 425 3197 quo
452 3128 607 3184 fama
628 3135 1116 3209 praeiveratopera
1136 3146 1531 3213 quorumdam
1552 3148 1723 3204 istius
1749 3151 1956 3205 fabula:

311 3218 604 3273 artificum
637 3237 765 3278 esse
799 3224 964 3281 illum
996 3246 1242 3300 puerum
1275 3234 1588 3303 Joannem,
1622 3243 1953 3312 congregati

313 3322 527 3378 magno
548 3313 1265 3377 numeroirrevocabiliter
1295 3323 1345 3378 ei
1365 3325 1740 3383 adhaeserunt
1769 3335 1832 3384 ut
1853 3347 1958 3386 suo

313 3396 572 3487 domino,
608 3415 783 3470 quem
818 3404 1087 3463 videlicet
1134 3410 1329 3480 ipsum
1382 3430 1511 3470 esse
1567 3417 1962 3487 opinabantur

311 3485 597 3543 Theodori
624 3506 811 3562 nuper
832 3494 1179 3567 imperantis
1203 3501 1413 3573 lilium,
1438 3505 1533 3560 cui
1560 3485 1622 3561 se
1645 3508 1961 3565 obstrictos

309 3573 730 3669 existimabant
752 3581 1034 3653 religione
1061 3593 1411 3647 sacramenti
1445 3595 1669 3650 dudum
1705 3598 1776 3652 ab
1814 3597 1958 3669 ipsis

309 3663 419 3718 rite
450 3669 713 3736 concepti
743 3668 801 3723 in
833 3673 1006 3728 verba
1037 3676 1323 3734 Theodori
1357 3684 1542 3753 patris
1561 3690 1616 3739 et
1638 3663 1960 3744 decessoris

312 3753 463 3846 ejus,
498 3754 1048 3846 studioqueiugenti
1069 3767 1140 3820 ad
1165 3768 1395 3838 quidvis
1423 3790 1527 3843 pro
1559 3774 1739 3846 hujus
1771 3776 1961 3834 salute

312 3857 379 3935 ac
396 3841 425 3893 d
438 3840 1027 3912 ignitateaudendum
1042 3840 1527 3934 subeundumque
1542 3840 1958 3935 inc'ubuerunt,

317 3929 536 4029 ultores
570 3935 793 4029 iniuriae
825 3942 1037 3998 atrocis
1070 3944 1180 4016 ipsi
1212 3948 1373 4005 factae
1405 3929 1467 4008 se
1504 3953 1776 4011 ferentes.
1812 3929 1961 4029 Ergo

314 4019 506 4112 palam
534 4023 605 4077 ab
629 4024 980 4097 imperatore
1000 4033 1357 4108 defecerunt,
1385 4041 1433 4094 si
1452 4042 1553 4112 qui
1576 4044 1647 4098 ab
1670 4061 1735 4099 eo
1758 4019 1964 4101 contra

312 4109 815 4181 venirent,acriter
831 4135 892 4173 se
921 4123 1228 4181 restituros
1244 4145 1308 4182 ac
1332 4109 1741 4204 qualecunque
1755 4134 1962 4191 discri-

314 4214 445 4254 men
480 4218 689 4274 pugnze
724 4204 1114 4268 libentissime
1147 4216 1410 4273 adituros
1468 4221 1958 4279 demonstrantes.

315 4288 574 4383 Primum
598 4295 864 4351 omnium
887 4303 1096 4357 vestitu
1122 4310 1452 4377 ornatuque
1472 4312 1743 4379 Augustae
1768 4315 1959 4383 maje-

316 4379 453 4432 stati
487 4397 743 4452 congruo
774 4385 1048 4443 indutum
1082 4391 1629 4470 circumdatumque
1680 4379 1959 4459 comitatu

314 4482 446 4522 eum
482 4471 987 4563 utimperatorem
1022 4496 1385 4551 agnoverunt
1408 4487 1854 4563 colueruntque,
1896 4511 1961 4549 ac

316 4570 376 4609 se
410 4573 513 4653 pro
544 4557 644 4614 illo
676 4564 937 4633 cujusvis
970 4570 1212 4638 periculi
1254 4574 1440 4631 aleam
1483 4578 1681 4647 jacere
1729 4557 1961 4653 paratos

2080 625 2143 679 τδ
2174 630 2561 701 στρατιωτικὸν
2623 628 2675 682 ἐν
2732 632 2915 699 ταυτῷ
2974 625 3238 696 συλλέξας
3294 623 3595 680 ἀπέστελλε
3644 649 3745 683 πο-

2082 714 2287 788 λέμους
2316 725 2733 791 πολεμήσοντας
2767 716 3092 794 ἐμφυλίους.
3146 717 3243 770 Καί
3293 738 3357 791 γε
3403 713 3612 770 πολλοὶ
3642 722 3744 785 τῆς

2080 806 2215 860 κατά
2274 812 2406 879 σφᾶς
2466 807 2657 882 ἰσχύος
2728 808 3034 880 κρείττονες
3092 805 3295 879 ὥρμων
3358 802 3581 875 δοκήσει
3636 812 3739 874 τῆς

2079 898 2215 969 πρὸς
2272 896 2498 963 βασιλέα
2546 900 2785 964 εὐνοίας,
2834 897 2923 953 καὶ
2974 896 3084 972 ἔρις
3116 897 3182 963 ἦν
3216 894 3280 965 ἤν
3312 917 3395 957 τις
3438 892 3742 968 προκινδυ-

2079 985 2266 1048 νεύσας
2301 986 2612 1060 χαρίσαιτο.
2664 992 2745 1057 [Ρ.
2784 988 2906 1061 130]
2938 988 3005 1043 Οἱ
3036 983 3092 1040 δὲ
3128 986 3391 1057 μαθόντες
3423 982 3565 1038 οὕτω
3596 983 3742 1039 πολ-

2083 1074 2213 1138 λοὺς
2261 1079 2376 1131 καθ’
2417 1077 2593 1131 αὐτῶν
2640 1077 2930 1151 ὁρμῶντας
2986 1078 3059 1137 ὡς
3099 1076 3415 1130 ἀποστατῶν
3466 1071 3741 1149 ἄντικρυς,

2080 1169 2178 1235 τὴν
2258 1168 2352 1239 μὲν
2432 1167 2760 1222 ἀποστασίαν
2834 1165 3051 1221 πολλοῦ
3123 1187 3275 1227 τινος
3344 1164 3739 1241 συγκαλύπτειν

2081 1255 2327 1327 ἐδέησαν,
2384 1252 2524 1312 ὥστε
2581 1259 2669 1312 καὶ
2741 1256 3067 1333 ὡμολόγουν
3109 1258 3200 1311 καὶ
3248 1257 3385 1332 μέγα
3423 1277 3475 1310 τι
3522 1253 3745 1311 ἐδόκουν

2079 1348 2331 1421 πράττειν
2392 1348 2468 1410 εἰς
2527 1346 2726 1423 δεῖγμα
2775 1354 2876 1416 τῆς
2933 1348 3069 1402 κατά
3127 1353 3260 1425 σφᾶς
3319 1341 3587 1407 εὐσεϐείας
3620 1392 3635 1418 ,
3695 1344 3749 1399 εἷ’

2080 1459 2143 1511 γε
2189 1439 2278 1493 καὶ
2326 1440 2459 1514 ὑπὲρ
2505 1437 2777 1514 βασιλέως
2824 1440 2914 1493 καὶ
2966 1436 3311 1510 ἠδικημένου
3353 1434 3739 1505 κινδυνεύοιεν,

2082 1528 2182 1585 Καὶ
2242 1527 2494 1601 σύνθημα
2541 1532 2606 1597 ἦν
2669 1528 2893 1592 ἐκείνοις
2921 1524 2999 1596 ἓν,
3060 1529 3095 1597 ἢ
3156 1532 3307 1596 νικᾷν
3348 1528 3383 1598 ἢ
3417 1528 3621 1589 πάντας
3648 1526 3743 1580 πί-

2079 1638 2251 1672 πτειν.
2311 1620 2468 1675 Ὀθεν
2528 1618 2883 1693 περισχόντες
2934 1618 3001 1672 τά
3041 1616 3403 1691 ὀχυρώματα,
3438 1617 3527 1670 ἀπ’
3560 1616 3737 1671 αὐτῶν

2078 1729 2137 1762 τε
2164 1709 2231 1762 τὰ
2262 1706 2350 1761 διά
2378 1705 2547 1779 τόξων
2608 1707 2743 1781 βέλη
2796 1708 3001 1763 ἐνίεσαν
3048 1710 3165 1761 καθ’
3217 1709 3365 1770 ὅστις
3406 1705 3466 1760 ἃν
3513 1707 3601 1760 καὶ
3646 1705 3736 1779 ἐγ-

2078 1796 2177 1870 γὺς
2226 1792 2608 1873 προσϐάλλοι,
2657 1798 2745 1852 καὶ
2792 1795 3191 1872 προπηδῶντες
3234 1801 3492 1872 γυμνῖται
3537 1796 3738 1871 προσέ-

2005 1923 2048 1987 B
2081 1881 2312 1954 ϐαλλον,
2372 1887 2558 1961 τόλμῃ
2610 1908 2666 1941 τε
2722 1887 3159 1959 προσπίπτοντες
3214 1886 3422 1959 μείζονι
3471 1886 3738 1955 κατηκόν-

2078 1981 2227 2045 τιζον
2280 1978 2354 2047 μὴ
2410 1976 2879 2053 καταθαρῥοῦντας
2933 1975 3150 2031 ἐκείνων
3209 1974 3337 2038 τοὺς
3378 1976 3736 2048 στρατιώτας.

2083 2068 2149 2123 Οἱ
2182 2063 2239 2120 δὲ
2269 2066 2359 2120 καὶ
2409 2072 2698 2130 πονοῦντες
2750 2065 3039 2141 ὑφίσταντο
3088 2066 3174 2119 καὶ
3212 2063 3382 2119 δεινὸν
3432 2070 3737 2132 ποιοῦντες,

2082 2157 2126 2211 εἰ
2159 2156 2379 2219 πλείους
2414 2157 2619 2232 ὀλίγων
2654 2160 2740 2212 καὶ
2775 2155 3024 2231 ἄγροικοι
3058 2158 3289 2211 ἀστικῶν
3339 2152 3737 2230 περιγένοιντοθ

2081 2242 2488 2319 προσεϐοήθουν
2520 2269 2578 2302 τε
2627 2246 2929 2317 ἀλλήλοις,
2976 2248 3066 2301 καὶ
3126 2245 3419 2301 ἐπέπιπτον
3475 2246 3739 2320 κραταιό-

2078 2358 2257 2412 τερον,
2289 2338 2379 2391 καὶ
2412 2336 2659 2399 πολλοὺς
2725 2338 2818 2410 μὲν
2869 2334 3137 2413 ἔφθειρον,
3192 2336 3256 2390 οὐ
3316 2337 3422 2409 μὴν
3485 2333 3541 2391 δὲ
3597 2335 3739 2391 ὣστε

2064 2529 2265 2601 cupidi
2297 2545 2403 2601 pro
2432 2545 2495 2584 se
2522 2528 2778 2602 quisque
2807 2530 3165 2584 ostentanda:
3188 2529 3497 2601 praecipuae
3528 2529 3728 2599 cujus-

2069 2620 2205 2675 dam
2229 2635 2367 2688 erga
2388 2618 2798 2690 imperatorem
2825 2618 3416 2687 benevolentim,l95
3457 2617 3723 2673 certatim

2071 2724 2198 2764 sese
2221 2715 2428 2763 mutuo
2454 2709 3113 2778 praeverteresludentes
3136 2707 3414 2779 periculis
3447 2707 3601 2762 ultro
3626 2708 3722 2761 de-

2070 2798 2379 2869 poscendis
2411 2798 2835 2868 adeundisque.
2859 2796 2948 2851 llli
2977 2813 3146 2868 porro
3162 2813 3310 2868 quos
3334 2797 3444 2851 iste
3475 2813 3726 2867 appara-

2069 2893 2162 2941 tus
2195 2887 2448 2956 petebat,
2482 2903 2615 2940 cum
2646 2887 2954 2942 audissent
2984 2891 3217 2941 tantum
3241 2886 3298 2941 in
3323 2901 3385 2939 se
3407 2902 3723 2940 numerum

2067 2975 2537 3047 oppugnantium
2570 2975 2807 3030 immitti
2842 2981 3124 3046 tanquam
3158 2975 3216 3029 in
3251 2991 3382 3031 vere
3404 2975 3651 3030 rebelles
3672 2981 3729 3031 et

2063 3064 2263 3120 hostes
2294 3064 2544 3136 imperii,
2580 3064 2915 3120 rebellionis
2948 3065 3182 3134 quidem
3219 3064 3497 3134 probrum
3544 3068 3722 3135 atque

2068 3153 2348 3208 invidiam
2375 3154 2541 3209 enixe
2565 3154 2955 3225 depellebant:
2983 3154 3123 3225 quin
3151 3160 3355 3209 contra
3375 3154 3722 3225 proﬁteban-

2069 3246 2170 3297 tur
2200 3246 2257 3297 et
2288 3241 2441 3297 ultro
2468 3242 2771 3310 jactabant
2802 3258 3016 3313 magno
3048 3257 3109 3297 se
3135 3242 3342 3313 utique
3372 3243 3718 3297 documento

2073 3337 2403 3386 monstrare
2436 3332 2606 3385 ﬁdem
2643 3348 2706 3385 ac
2738 3332 3011 3401 pietatem
3035 3347 3225 3397 suam,
3260 3332 3359 3403 qui
3392 3348 3490 3401 pro
3531 3330 3716 3399 impe-

2070 3425 2257 3475 ratore
2289 3437 2322 3474 a
2347 3419 2698 3491 gravissima
2732 3419 2951 3489 injuria
2979 3419 3336 3475 vindicando
3368 3418 3557 3490 capita
3607 3419 3725 3473 for-

2068 3512 2364 3580 tunasque
2396 3525 2533 3563 suas
2567 3509 2828 3580 ipsorum
2863 3510 2973 3563 sub
3021 3513 3346 3564 extremum
3408 3508 3725 3563 discrimen

2068 3598 2384 3653 mitterent.
2420 3602 2606 3664 Quare
2641 3599 2746 3654 hac
2779 3598 3025 3653 animati
3059 3597 3419 3653 conscientia
3448 3598 3557 3669 pia:
3590 3596 3728 3653 belli

2069 3704 2283 3753 causae,
2310 3688 2422 3743 hoc
2456 3688 2622 3757 quasi
2654 3705 2754 3758 pro
2789 3693 3009 3743 tessera
3061 3688 3116 3741 in
3141 3704 3238 3743 ore
3260 3704 3327 3742 ac
3356 3687 3577 3742 mutuis
3601 3704 3722 3741 ser-

2072 3778 2347 3833 monibus
2379 3778 2616 3833 assidue
2649 3777 2946 3833 habebant
2980 3779 3122 3833 forte
3146 3783 3320 3849 atque
3351 3777 3728 3833 irrevocabile

2072 3867 2441 3939 propositum
2473 3866 2743 3922 vincendi
2777 3872 2878 3921 aut
2927 3867 3167 3922 omnino
3226 3866 3539 3922 moriendi.
3573 3871 3726 3938 Ergo

2072 3956 2317 4012 insessis
2352 3973 2565 4027 magna
2588 3955 2969 4011 multitudine
3001 3957 3235 4012 arcibus
3281 3972 3347 4011 ac
3379 3956 3554 4010 editis
3608 3957 3723 4011 situ

2069 4046 2380 4114 locis,inde
2410 4045 2701 4116 ingentem
2734 4046 2980 4100 telorum
3011 4046 3125 4100 vim
3161 4045 3604 4115 ejaculabantur
3634 4062 3726 4100 ar-

2072 4138 2257 4191 cubus
2282 4135 2719 4206 tuebanturque
2750 4135 3007 4205 spatium
3033 4134 3187 4190 intra
3210 4136 3463 4203 jactum,
3488 4151 3560 4189 ne
3590 4136 3723 4204 quis

2073 4243 2139 4282 eo
2172 4242 2233 4281 se
2266 4225 2504 4296 impune
2537 4226 2909 4280 admoveret:
2944 4225 3045 4279 sed
3065 4230 3121 4279 et
3143 4225 3332 4280 auctis
3357 4240 3487 4279 mox
3505 4224 3723 4279 animis

2072 4314 2444 4386 prosilientes
2475 4314 2631 4380 inde,
2683 4314 2811 4369 sine
2865 4314 3061 4370 loricis
3121 4319 3178 4370 et
3234 4313 3440 4385 galeis,
3500 4314 3723 4369 irruere

2073 4404 2369 4459 audebant
2402 4420 2578 4458 manu
2609 4404 2780 4473 facta,
2798 4408 2855 4457 et
2874 4403 3027 4459 ultro
3045 4420 3423 4476 aggressores
3441 4404 3726 4459 lacessere

2072 4494 2274 4550 crebro
2296 4493 2631 4564 jaculorum
2667 4494 2874 4549 missu.
2901 4494 3127 4558 Quibus
3160 4494 3376 4549 milites
3410 4494 3724 4565 imperato-

2072 4584 2176 4652 ris,
2209 4584 2366 4637 haud
2401 4584 2529 4637 ausi
2566 4585 2917 4639 descendere
2950 4585 3006 4637 in
3029 4589 3323 4638 certamen
3349 4585 3616 4639 cominus
3638 4582 3723 4637 vel

316 4647 1578 4744 professis‘unt.Quibusimperatorcognitis
1602 4647 1965 4727 incredibili-
1996 4662 2041 4726 Ι)
2074 4647 2238 4744 τίει]υο
2272 4690 2333 4728 se
2364 4689 2573 4744 campo
2617 4674 2875 4742 credere,
2924 4677 3053 4727 tuta
3110 4673 3311 4744 procul
3362 4672 3725 4744 jaculatione

310 4739 400 4790 ter
428 4740 866 4807 exarsit,mistis
895 4746 981 4802 ira
1003 4754 1275 4822 metuque
1294 4753 1759 4828 indignationem
1789 4762 1959 4817 vehe-

313 4828 741 4887 mentissimam
773 4833 1248 4897 incendentibus.
1286 4845 1459 4901 Extra
1482 4847 1637 4901 enim
1658 4865 1786 4905 sese
1817 4851 1961 4906 fere-

310 4915 484 4971 batur
505 4936 636 4975 eum
662 4923 955 4994 cogitabat
974 4926 1073 4983 illa
1096 4930 1263 4985 fama:
1288 4931 1403 4988 late
1426 4937 1691 5005 vagantis
1710 4940 1963 4995 vanitate

314 5005 630 5075 periclitari
666 5027 814 5077 sese,
848 5015 1024 5070 neilli
1061 5025 1289 5075 montes
1320 5028 1377 5076 et
1422 5040 1583 5079 arces
1630 5027 1778 5081 tanti
1838 5046 1965 5083 mo-

313 5095 493 5188 menti
523 5114 554 5188 a
576 5114 682 5188 suo
708 5101 949 5172 imperio
971 5107 1381 5179 avellerentur;
1405 5113 1702 5186 simulque
1724 5122 1961 5188 reputa-

311 5183 412 5279 bat
424 5186 818 5244 verisimiliter
832 5193 964 5249 inde
978 5202 1311 5254 secuturam
1329 5183 1713 5272 plurimorum
1731 5183 1961 5279 quoque

314 5274 576 5368 aliorum,
601 5278 1007 5339 defectionem.
1059 5289 1343 5351 Quocirca
1393 5298 1606 5364 totum,
1657 5274 1772 5368 quo
1823 5274 1961 5354 tunc

312 5368 473 5453 motu
496 5364 681 5453 primo
697 5370 907 5425 ardens
926 5373 1228 5447 ﬂagrabat,
1255 5382 1542 5453 impetum
1562 5385 1658 5440 ira:
1674 5364 1960 5443 continuo

310 5452 635 5509 admisitad
655 5472 850 5513 severe
866 5465 1305 5534 quamprimum
1320 5452 1737 5530 vindicandam
1754 5476 1959 5532 horum

310 5540 711 5600 rebellionem.
740 5546 939 5618 Itaque
969 5553 1165 5610 subito
1201 5557 1446 5615 immisit
1477 5563 1535 5617 in
1586 5564 1745 5619 istud
1797 5566 1961 5623 civile

310 5630 532 5726 bellum
565 5637 776 5726 raptim
809 5641 1070 5713 undique
1097 5651 1328 5703 coactas
1380 5650 1610 5723 imperii
1643 5656 1863 5726 copias,
1900 5658 1957 5711 in

311 5720 526 5790 quibus
557 5723 818 5799 plerique
850 5730 1154 5789 alacritate
1187 5737 1433 5795 ruebant
1467 5720 1959 5817 mribus—majori,

2073 4763 2528 4834 respondebant,
2566 4780 2775 4832 magna
2808 4763 3069 4833 pernicie
3128 4763 3418 4832 ipsorum,
3469 4780 3601 4818 cum
3663 4763 3722 4817 in

2074 4852 2365 4907 confertos
2384 4851 2612 4906 nullum
2631 4851 2811 4907 telum
2830 4852 2941 4906 iret
2976 4852 3207 4907 irritum
3226 4852 3329 4907 .Illi
3348 4853 3726 4924 indignantes

2072 4945 2300 4996 tantum
2336 4942 2535 4997 inferri
2569 4941 2682 4996 sibi
2715 4941 2914 4996 damni
2939 4958 3054 4997 non
3089 4942 3160 4997 ab
3192 4942 3447 4997 exercitu
3482 4943 3603 4997 acie
3632 4944 3722 4997 in-

2071 5034 2293 5086 structo
2318 5032 2416 5085 sed
2454 5048 2485 5084 a
2503 5029 2877 5101 praesidiariis
2894 5030 3216 5086 stationum
3241 5031 3493 5101 sparsim
3513 5022 3725 5102 pesita-

2073 5121 2293 5188 rum,in
2327 5136 2577 5190 quarum
2613 5118 2885 5175 viciniam
2920 5120 3227 5189 irruerent,
3258 5121 3581 5191 ingensque
3613 5120 3723 5175 rati

2072 5226 2248 5265 suum
2279 5210 2528 5265 dedecus
2558 5210 2607 5265 si
2640 5209 2835 5280 plures
2868 5227 2900 5263 a
2934 5209 3136 5279 paucis
3184 5215 3241 5264 et
3270 5209 3462 5265 durati
3515 5210 3726 5279 frigore

2072 5302 2353 5353 montano
2375 5315 2438 5351 ac
2462 5298 2682 5353 rustico
2706 5298 2902 5353 labore
2929 5298 3001 5353 ab
3027 5298 3333 5354 innutritis
3356 5298 3473 5354 otio
3498 5299 3722 5355 urbano

2071 5388 2417 5459 deliciisque
2448 5388 2832 5458 vincerentur,
2868 5390 3295 5445 concurrebant
3345 5389 3550 5460 majori
3605 5408 3724 5445 nu-

2073 5496 2233 5533 mero
2267 5483 2438 5549 atque
2468 5478 2715 5551 impetu,
2735 5488 2940 5535 mutuo
2956 5496 3016 5535 se
3031 5479 3332 5535 hortantes
3347 5480 3727 5549 adjuvantes-

2072 5585 2203 5639 que;
2241 5569 2394 5623 unde
2427 5573 2483 5621 et
2518 5569 2714 5640 plures
2748 5569 3011 5639 ipsorum
3052 5570 3292 5639 contigit
3321 5569 3529 5625 cadere
3574 5573 3731 5626 stra-

2068 5675 2317 5727 gemque
2348 5676 2461 5713 non
2504 5674 2740 5729 parvam
2762 5660 2874 5713 edi.
2904 5659 3019 5715 Nec
3046 5664 3241 5715 tamen
3268 5659 3322 5713 id
3350 5660 3419 5714 ad
3448 5659 3724 5716 minuen-

2070 5748 2204 5802 dam
2224 5748 2531 5803 audaciam
2558 5764 2763 5803 eorum
2787 5748 3294 5822 remittendosque
3317 5749 3589 5805 ardentes
3611 5749 3723 5805 im-
