4112 6460
344 427 453 483 637

1432 435 1530 488 ΒΕ
1569 432 1940 488 MICHAELE
1978 426 2407 489 PALIOLOGO
2442 434 2575 489 LIB.
2620 438 2720 489 III.

3664 439 3771 494 638

342 553 433 607 καὶ
493 551 779 628 ὑποχαλᾷν
811 554 878 624 ἦν
934 553 1028 617 τὰς
1080 555 1256 631 ὁρμὰς
1290 555 1459 634 σφίσι.
1505 553 1735 611 Μᾶλλον
1775 555 1868 628 μὲν
1905 553 1997 608 οὗν
2031 560 2081 628 Α
2113 554 2325 629 τολμᾷν
2385 555 2673 613 εἷσελθεῖν.
2734 559 3001 615 Ἕπιπτον
3056 557 3237 614 τοίνυν
3292 561 3409 615 καθ’
3459 562 3671 637 ἡμέραν
3720 548 3774 618 θ’ι

342 643 707 716 κακουμένοις
756 643 847 698 καὶ
897 646 1047 720 παρὰ
1115 647 1216 715 τήν
1276 647 1456 700 αὐτῶν
1507 643 1784 719 ὑπόληψιν
1844 643 1999 716 ἐπῄει

342 732 713 810 ἀνδρίζεσθαι,
762 736 849 790 καὶ
885 736 1104 812 ἀπτὲρῳ
1156 736 1315 812 τάχει
1345 739 1439 800 τάς
1494 735 1806 812 δυσχωρίας
1838 756 2000 790 κατα-

343 821 716 898 λαμϐάνοντες
778 826 866 879 ἀπ’
927 826 1104 881 αὐτῶν
1164 826 1439 899 ἠμύνοντο
1493 825 1815 902 βάλλοντες.
1867 828 2002 886 Τοῖς

341 913 399 970 δὲ
457 912 583 970 οὔτε
639 916 775 970 κατά
830 917 927 979 τὰς
986 919 1264 993 φάραγγας
1322 919 1582 993 προσιτὸν
1642 918 1732 986 ἧν,
1790 916 1881 970 καὶ
1938 916 2000 969 τὸ

343 1007 607 1083 μακρόθεν
663 1007 886 1082 βάλλειν
951 1011 1176 1079 μάταιον
1240 1009 1552 1083 ἐνομίζετο·
1613 1006 2001 1080 ἐπενδυόμενοι

336 1097 435 1173 γὰρ
492 1094 693 1151 ἐκεῖνοι
743 1096 810 1151 τὰ
869 1094 1063 1172 δένδρα
1116 1096 1340 1173 βάλλειν
1380 1100 1473 1172 μὲν
1508 1099 1658 1173 εἶχον
1691 1097 1781 1152 καὶ
1814 1096 2002 1151 εὐστο-

410 1190 432 1201 -
585 1186 631 1238 θ,
722 1183 750 1204 ν
993 1185 1007 1208 κ
1100 1190 1118 1217 λ
1262 1186 1275 1205 ν
1580 1189 1593 1207 ,
1858 1185 1871 1201 ς
1919 1184 1930 1205 ρ

340 1205 458 1261 χειν
513 1206 580 1239 κα
692 1207 752 1239 ου
807 1207 890 1247 τις
945 1208 1007 1241 το
1062 1187 1224 1263 βελος
1257 1189 1491 1251 εντείνας
1540 1210 1602 1243 το
1660 1186 1814 1260 τόξον
1848 1206 1996 1258 ανιῃ,

343 1272 639 1350 βάλλεσθαι
674 1271 732 1328 δὲ
758 1272 885 1328 οὐδὲ
944 1275 1007 1329 τὸ
1065 1277 1315 1352 παράπαν
1366 1277 1456 1346 ἦν.
1486 1275 1908 1353 Ἀπορουμένων
1945 1271 2002 1328 δὲ

337 1365 596 1419 πάντοθεν
627 1365 735 1418 τῶν
792 1364 944 1427 ἐκτὸς
977 1363 1145 1438 μηδὲν
1180 1365 1424 1442 ἐχόντων
1568 1361 1999 1444 προσϐάλλοιεν,

336 1452 509 1509 ἐδόκει
569 1458 675 1530 πῦρ
726 1455 941 1510 ὲνιέναι’
1002 1457 1168 1531 ταύτῃ
1210 1459 1300 1513 καὶ
1346 1459 1449 1534 γάρ
1510 1459 1599 1513 καὶ
1655 1457 1836 1531 μόνως
1864 1457 1998 1510 ἀπο-

334 1545 707 1620 χωρησάντων
765 1543 961 1607 αύτοὺς
1018 1544 1166 1621 ἔχειν
1220 1548 1538 1622 ἐγγίζοντας
1602 1552 1718 1610 τοῖς
1774 1545 2001 1610 οἰκείοις

333 1635 510 1690 αὐτῶν
540 1634 933 1693 ἐπεισπίπτειν.
998 1638 1156 1694 Ἀλλ’
1213 1642 1247 1708 ἡ
1301 1636 1581 1715 δυσχωρία
1612 1639 1719 1713 οὐχ
1754 1639 2000 1708 ὑπήκουε

333 1732 414 1799 τῷ
468 1727 616 1803 πυρί·
666 1727 747 1805 ἐφ’
798 1727 922 1784 ὅσον
950 1728 1051 1805 γάρ
1100 1730 1162 1784 τὸ
1194 1734 1299 1803 πῦρ
1349 1730 1578 1800 ἥπτετο,
1614 1729 1701 1785 ἐπὶ
1731 1733 1994 1784 τοσοῦτον

338 1818 757 1893 ὑποχωροῦντες
815 1819 1006 1875 ἐκεῖνοι
1065 1821 1200 1876 κατὰ
1274 1823 1469 1897 θάτερα
1526 1819 1998 1893 παραταττόμενοι

2112 645 2481 719 δοκιμώτατοι
2512 651 2581 721 τῇ
2615 653 2711 701 τοῦ
2743 650 2918 721 θυμοῦ
2969 650 3425 725 παραθηγόμενοι
3471 653 3629 721 ζὲσει,
3681 657 3770 710 καὶ

2111 736 2209 792 οὐκ
2261 736 2344 791 ἐπ’
2402 733 2585 812 ὀλίγον
2646 736 3102 810 ἐκαινοτομοῦντο
3166 740 3545 812 στρατεύματα
3589 744 3678 797 οἷά
3716 766 3773 799 τε

2111 826 2372 884 δοκοῦντα
2411 830 2499 883 καὶ
2543 828 2794 903 μεγάλων
2847 827 3131 898 δυνάμεων
3184 839 3622 906 κατευμεγεοεῖν,
3675 835 3770 898 οὓς

2110 916 2299 993 ὀλίγοι
2350 921 2491 981 τινὲς
2522 919 2656 993 πρὸς
2685 917 2922 981 ἐκείνους
2951 919 3175 981 πλείους
3208 916 3367 983 ὄντας
3415 921 3503 976 καὶ
3538 921 3767 997 ἀγρόται

2110 1004 2197 1063 ἐπὶ
2251 1007 2509 1064 πλεῖστον
2562 1014 2664 1064 τοῦ
2718 1006 2912 1085 καιροῦ
2966 1009 3337 1082 κακουμένους
3391 1016 3471 1082 τῷ
3531 1011 3767 1085 πολέμῳ

2106 1097 2571 1172 κατηγωνίζοντο.
2627 1098 2771 1172 Πρὸς
2816 1093 3036 1158 τούτοις
3082 1116 3141 1150 τε
3189 1096 3342 1151 αὐτοὶ
3396 1099 3491 1170 μὲν
3524 1099 3662 1167 ἦσαν
3712 1100 3765 1153 ἐν

2109 1187 2362 1264 ἀσφαλεῖ,
2409 1186 2504 1241 κᾶν
2558 1187 2586 1240 ὅ
2629 1207 2680 1240 τι
2726 1190 2933 1241 ποιοῖεν
2988 1185 3040 1239 οἱ
3088 1182 3196 1258 ιἐξω
3242 1187 3317 1258 μή
3360 1185 3659 1257 ἐπαΐοντες,
3690 1194 3769 1261 τῷ

2105 1283 2223 1339 τοῖς
2254 1278 2445 1338 τόποις
2476 1280 2935 1352 κατωχυρῶσοαι,
2967 1275 3061 1329 κᾶν
3093 1271 3319 1339 πλείους
3371 1274 3447 1330 ἔτι
3480 1272 3769 1350 προσϐάλ-

2109 1368 2277 1424 λοιεν·
2325 1364 2452 1421 οὐδὲ
2498 1366 2597 1441 γὰρ
2642 1365 2709 1435 ἦν
2759 1364 2793 1434 ἢ
2845 1364 3041 1429 αὐτοὺς
3088 1362 3529 1441 προσπίπτοντας
3579 1365 3763 1437 ἀλλή-

2107 1456 2228 1519 λοις
2278 1458 2360 1530 [Ρ.
2416 1458 2538 1526 131]
2593 1458 2662 1528 τῇ
2726 1452 2874 1530 ῥύμῃ
2930 1458 3037 1508 τῶν
3096 1455 3265 1527 τόξων
3329 1449 3457 1527 μηδ’
3510 1455 3758 1531 ἀντιχεῖν

2106 1541 2332 1621 ἔχοντας
2387 1543 2866 1620 παραπόλλυσθαι.
2914 1543 3195 1604 Ἐκείνους
3246 1540 3323 1616 δὲ,
3374 1542 3425 1597 εἷ’
3468 1543 3575 1598 πού
3616 1563 3761 1599 ποτε

2104 1636 2194 1691 καὶ
2253 1636 2551 1709 μερισθεῖεν
2607 1632 2744 1687 κατᾶ
2799 1631 2986 1707 χρείας
3032 1631 3292 1706 ἀνάγκην,
3347 1629 3759 1707 ἀπολελειμμέ-

2103 1745 2230 1787 νους
2282 1722 2505 1799 ὀλίγους
2569 1721 2879 1794 ἑκασταχοῦ
2952 1717 3281 1775 κινδυνεύειν
3341 1716 3646 1776 συνέϐαινεν
3707 1721 3759 1793 ἐξ

2105 1813 2278 1876 αἰτίας
2328 1817 2425 1867 τοῦ
2466 1810 2596 1873 τοὺς
2632 1811 2724 1883 μὶν
2775 1811 2876 1879 τὴν
2928 1810 3115 1885 χώραν
3150 1812 3286 1883 πρὸς
3321 1810 3499 1864 αὐτῶν
3532 1808 3760 1885 ἔχοντας

337 1908 559 1965 ἐκάκουν
614 1910 745 1974 τοὺς
797 1909 1027 1974 ἐνιέντας
1085 1913 1175 1966 καὶ
1230 1896 1573 1970 ἀπεκώλυον.
1638 1912 1894 1973 Ἐκείνοις
1948 1907 1998 1963 δ’
2030 1903 2193 2003 Βκαὶ
2246 1900 2416 1976 μηδὲν
2476 1899 2554 1963 εἷς
2611 1896 2862 1953 κίνδυνῠν
2910 1898 3046 1953 κατά
3102 1898 3275 1953 νώτου
3335 1896 3758 1974 προσδοκῶντας

337 1999 471 2068 ἦσαν
501 1999 644 2054 οὕτω
686 2002 778 2054 καὶ
807 2000 873 2055 τὰ
915 2003 1030 2056 κατ’
1083 2002 1229 2057 οἶκον
1260 2001 1313 2057 ἐν
1348 2002 1598 2071 ἀσφαλεῖ,
1633 2003 1709 2064 ὡς
1738 2006 1994 2077 γυναῖκας

342 2088 436 2162 μὲν
482 2088 573 2143 καὶ
626 2087 890 2164 παιδάρια
932 2096 1053 2153 ταῖς
1108 2088 1403 2165 ὀσωτέραις
1448 2088 1814 2167 παραδύεσθαι
1865 2087 1990 2143 δυσ-

339 2181 543 2253 χωρίαι
579 2224 592 2248 ,
679 2182 769 2234 καὶ
827 2187 1082 2256 σταυροῖς
1142 2179 1199 2236 δὲ
1257 2184 1551 2255 ἐπιμήκεσι
1610 2184 1697 2237 καὶ
1760 2181 1988 2253 ἀμάξαις

336 2265 647 2346 διειλῆφθαι
704 2270 795 2325 τὸν
854 2269 1043 2345 κύκλῳ
1088 2271 1281 2341 τόπον,
1331 2273 1407 2335 ὡς
1459 2270 1588 2346 μηδ’
1639 2268 1991 2334 εἷ’σϐαΛόντας

330 2473 500 2541 petus
532 2468 755 2525 valuit:
790 2468 932 2541 quin
984 2471 1178 2541 potius
1220 2471 1540 2541 inopinata)
1591 2486 1766 2527 sensu
1801 2469 1983 2525 cladis

326 2559 486 2615 velut
506 2558 752 2614 stimulo
785 2560 855 2614 ad
889 2561 1365 2616 contendendum
1388 2559 1617 2616 enixius
1637 2559 1985 2630 viriliusque

327 2648 716 2720 pugnandum
751 2648 981 2704 incitari
1024 2650 1135 2704 visi
1170 2654 1329 2706 sunt.
1362 2650 1564 2721 Itaque
1604 2649 1731 2705 suis
1771 2647 1985 2704 redditi

330 2737 581 2808 rupibus
627 2753 693 2791 ac
719 2736 883 2809 jugis
933 2737 1129 2805 inviis,
1163 2754 1278 2808 quo
1312 2753 1548 2792 summa
1596 2736 1891 2792 celeritate
1924 2752 1984 2791 se

331 2831 698 2896 receperunt,
714 2824 853 2880 inne
868 2830 1086 2880 tantam
1105 2842 1576 2897 quoquoversum
1596 2827 1847 2880 telorum
1865 2825 1984 2878 vim

337 2915 572 2971 assidue
599 2916 754 2970 I96
789 2916 1167 2987 spargebant,
1202 2921 1266 2971 ut
1295 2916 1468 2989 plane
1490 2917 1616 2987 jam
1651 2915 1795 2971 nulli
1822 2932 1985 2971 secu-

340 3020 441 3058 rus
471 3009 620 3060 esset
648 3006 846 3059 aditus
875 3006 1280 3077 subjectarum
1316 3006 1579 3061 vallium.
1604 3005 1823 3061 Jaculis
1854 3022 1986 3060 vero

344 3091 541 3163 procul
564 3094 1183 3165 impetercjaculantes
1204 3111 1272 3149 ex
1300 3093 1415 3149 alto
1443 3112 1653 3149 vanum
1683 3094 1988 3165 experien-

340 3178 420 3234 tia
449 3179 880 3252 deprehensum
917 3185 1005 3236 est
1031 3198 1043 3236 :
1069 3199 1203 3236 nam
1221 3182 1320 3253 qui
1354 3183 1497 3237 adid
1532 3200 1592 3239 se
1613 3182 1989 3254 accingerent

335 3267 394 3324 in
429 3270 557 3341 ipso
589 3276 801 3325 conatu
831 3272 1107 3326 tendendi
1140 3288 1312 3327 arcus
1341 3274 1899 3344 praeoccupabantur
1930 3276 1986 3326 et

336 3360 748 3415 sternebantur
778 3361 1009 3431 sagittis
1040 3366 1478 3428 montanorum,
1512 3379 1542 3417 e
1573 3362 1772 3419 densis
1804 3361 1988 3417 ramis

324 3450 601 3504 arborum
636 3465 784 3520 quas
809 3449 1227 3505 inscenderant
1253 3451 1439 3506 otiose
1469 3468 1534 3506 ac
1558 3468 1764 3506 secure
1797 3452 1851 3505 in
1888 3468 1985 3505 ex-

320 3538 787 3610 positaundique
807 3538 1263 3609 collimantium,
1299 3541 1531 3595 nemine
1556 3539 1687 3596 illos
1726 3540 1985 3595 vicissim

330 3627 666 3699 contingere
694 3628 909 3697 jaculis
939 3626 1191 3695 valente,
1227 3628 1446 3700 quippe
1487 3645 1604 3683 non
1636 3630 1987 3701 conspicuos

328 3716 429 3771 sed
450 3714 622 3787 plane
645 3719 831 3770 tectos
858 3716 1101 3770 obtentu
1129 3715 1446 3770 frondium.
1474 3715 1536 3769 In
1587 3715 1806 3786 quibus
1830 3716 1986 3770 diffi-

325 3805 646 3860 cultatibus
670 3804 930 3860 melioris
953 3804 1156 3877 in0pes
1179 3804 1409 3860 consilii
1428 3805 1646 3860 milites
1670 3804 1985 3876 imperato-

328 3896 409 3949 ris
443 3895 733 3965 optimum
770 3894 921 3948 factu
949 3894 1512 3966 judicaruntignem
1538 3894 1777 3964 injicere
1800 3893 1985 3949 obviis

328 3981 623 4038 saltibus:
662 3982 826 4037 silvis
860 3983 1015 4037 enim
1049 3982 1291 4037 ﬂamma
1333 3982 1635 4054 populatis
1667 3983 1988 4054 sperabant

325 4087 665 4127 recessuros
697 4072 851 4126 haud
888 4071 1066 4126 dubie
1093 4072 1367 4138 rusticos,
1400 4077 1457 4127 et
1486 4072 1596 4128 iter
1622 4077 1888 4141 apertum
1914 4072 1983 4128 iri

322 4163 395 4217 ad
430 4161 673 4216 intimas
705 4160 962 4215 latebras
996 4177 1221 4230 eorum,
1255 4161 1353 4216 ubi
1379 4161 1631 4217 familias
1656 4162 1984 4217 absconde-

321 4254 475 4305 rant.
500 4252 784 4306 Caeterum
812 4267 882 4305 ne
902 4250 955 4304 id
982 4250 1221 4321 quidem
1246 4266 1587 4306 successum
1603 4250 1832 4315 habuit,
1858 4250 1985 4323 ipsa

320 4340 528 4395 eadem
562 4340 836 4394 obstante
856 4339 1199 4395 difﬁcultate
1219 4339 1505 4407 locorum,
1527 4342 1815 4411 siquidem
1845 4357 1981 4396 cum

324 4431 384 4484 in
402 4445 578 4483 unam
598 4434 827 4500 partem
844 4428 1299 4484 incumbebatur
1321 4430 1698 4486 immittenda
1720 4431 1979 4500 ﬂamma,

322 4518 462 4573 inde
490 4518 782 4590 fugientes
807 4517 1014 4573 rustici
1047 4518 1162 4573 alio
1193 4518 1448 4584 coibant,
1484 4520 1639 4574 unde
1673 4520 1981 4575 commodo

2104 1998 2308 2075 ἔχοιεν,
2352 1999 2758 2075 τετραμμένους
2796 1998 2930 2072 πρὸς
2980 1997 3110 2059 τοὺς
3160 1998 3414 2072 πρόσθεν,
3467 1996 3754 2067 ἐπηλυλα-

2103 2091 2362 2163 ζομὲνους
2403 2089 2493 2143 καὶ
2540 2086 2767 2148 τούτους
2799 2085 2857 2141 ἐκ
2897 2081 3080 2163 φόϐων
3134 2084 3396 2160 δένδρεσι,
3443 2086 3750 2161 κατολιγω-

2102 2184 2237 2256 ρεῖν,
2292 2178 2417 2239 τοὺς
2477 2175 2535 2231 δὲ
2591 2173 3012 2251 προσδοκῶντας
3071 2174 3153 2236 ἐφ’
3210 2177 3372 2230 ἅπασι
3423 2176 3513 2231 καὶ
3561 2175 3751 2248 κύκλῳ

2098 2269 2190 2324 τὸν
2245 2264 2491 2323 κίνδυνον
2569 2263 2967 2341 ἐκδεχομένους
3043 2262 3353 2339 πολυωρεῖν
3387 2308 3405 2337 ,
3464 2265 3553 2320 καὶ
3613 2262 3755 2320 οὕτω

2095 2483 2167 2522 ne
2198 2470 2358 2520 tanto
2392 2464 2630 2537 quidem
2664 2462 3041 2535 paucioribus
3067 2478 3240 2532 quam
3276 2462 3388 2533 ipsi
3411 2466 3628 2531 essent,
3652 2461 3754 2518 iis-

2094 2556 2347 2625 demque
2378 2554 2449 2608 ab
2474 2557 2665 2607 aratro
2698 2568 2763 2607 ao
2795 2552 3023 2607 sarculo
3047 2551 3466 2607 semiermibus
3500 2551 3755 2608 rusticu-

2097 2645 2169 2699 lis
2199 2642 2564 2698 debellandis
2605 2657 2795 2712 pares,
2830 2657 2964 2695 cum
2999 2640 3215 2710 quibus
3249 2641 3447 2710 utique
3482 2658 3554 2696 ne
3585 2658 3755 2712 isquo

2097 2732 2333 2805 quidem
2366 2732 2566 2796 Marte,
2598 2730 2699 2785 sed
2731 2729 2902 2801 longe
2924 2728 3108 2801 pejori
3140 2746 3247 2783 sua
3269 2735 3449 2795 sorte,
3476 2728 3755 2801 plurimis

2097 2838 2338 2877 suorum
2372 2820 2521 2874 I97
2548 2818 2754 2873 inultis
2776 2818 3143 2885 cadentibus,
3165 2818 3366 2873 tandiu
3395 2822 3752 2889 pugnarent.

2098 2911 2254 2966 Inter
2285 2911 2406 2965 haac
2450 2912 2866 2964 montanorum
2901 2908 3122 2979 optimo
3177 2909 3301 2963 loco
3337 2923 3430 2962 res
3463 2913 3651 2963 erant.
3690 2912 3755 2964 In

2101 3006 2227 3057 tuto
2251 2999 2365 3071 ipsi
2398 2999 2670 3070 laresque
2702 3014 2767 3053 ac
2807 2998 3055 3069 pignora
3086 2997 3373 3069 ipsorum,
3409 3014 3524 3052 non
3577 3000 3753 3054 modo

2100 3091 2244 3147 citra
2261 3088 2618 3159 telijactum,
2646 3087 2744 3143 sed
2770 3088 2971 3156 etiam,
2996 3086 3282 3159 quidquid
3307 3087 3473 3144 intus
3494 3092 3757 3159 agerent,

2100 3184 2264 3236 extra
2296 3178 2570 3234 notitiam
2602 3182 2660 3232 et
2690 3192 2929 3232 sensum
2967 3176 3186 3232 frustra
3217 3178 3441 3232 dudum
3475 3177 3757 3233 obsiden-

2103 3270 2254 3335 tium
2287 3268 2548 3335 stabant,
2599 3265 2855 3321 naturali
2886 3266 3003 3321 situ
3034 3270 3091 3322 et
3126 3267 3439 3337 asperitate
3484 3266 3754 3323 locorum

2098 3360 2332 3415 abunde
2365 3358 2599 3413 muniti.
2631 3361 2843 3411 Contra
2873 3373 3047 3426 quam
3080 3356 3128 3411 si
3158 3356 3244 3411 vel
3281 3356 3542 3412 insanire
3563 3373 3753 3429 oppu-

2096 3448 2667 3521 gnatoribusliberet
2681 3447 2874 3519 palam
2889 3453 3094 3502 contra
3107 3447 3345 3503 nitendo
3360 3446 3752 3503 acieinstruc-

2094 3544 2174 3609 ta,
2210 3538 2349 3609 quid
2368 3537 2528 3592 aliud
2549 3536 3123 3608 quamignominiam
3148 3537 3361 3591 damno
3378 3537 3754 3592 cumularent

2097 3645 2202 3684 sua
2228 3626 2418 3700 capita
2452 3644 2555 3697 pro
2601 3626 2796 3696 scopis
2827 3626 3205 3681 ostendentes
3236 3624 3752 3682 exercitatissimis

2098 3717 2370 3787 arquitis,
2404 3733 2473 3771 ex
2495 3715 2608 3771 alto
2640 3719 2836 3770 ettuto
2853 3715 2910 3769 in
2928 3716 3168 3771 densam
3191 3716 3425 3770 turbam
3446 3732 3750 3787 nunquam

2085 3806 2249 3877 jactu
2283 3806 2448 3861 irrito
2469 3805 2790 3860 vibraturis
2809 3804 3084 3875 spicula?
3116 3806 3273 3870 Quod
3301 3804 3349 3859 si
3379 3820 3491 3860 non
3516 3805 3753 3860 univer-

2093 3895 2178 3949 sis
2210 3892 2387 3948 simul
2420 3894 2607 3965 ecpiis
2636 3895 2735 3949 sed
2790 3910 2893 3964 per
2924 3892 3260 3964 manipulos
3311 3900 3646 3965 segregatos
3694 3898 3752 3949 et

2094 3998 2358 4039 seorsum
2393 3983 2699 4038 immissos
2732 3987 3059 4037 tentaretur
3088 3982 3372 4049 assultus,
3407 3982 3461 4037 id
3512 3999 3747 4054 quoque

2093 4089 2222 4128 cum
2260 4073 2478 4128 frustra
2508 4076 2634 4126 tum
2669 4071 2996 4143 perniciose
3037 4072 3253 4126 factum
3289 4071 3359 4124 iri
3392 4072 3750 4143 experientia

2094 4163 2478 4218 monstrabat.
2512 4161 2655 4216 Nam
2692 4160 2792 4232 qui
2817 4161 3104 4215 hactenus
3132 4160 3205 4214 ob
3228 4158 3489 4215 locorum
3526 4162 3744 4215 multos

2093 4251 2269 4308 simul
2303 4268 2419 4306 non
2444 4250 2804 4322 capientium
2831 4249 3135 4320 angustias
3161 4248 3491 4304 necessario
3517 4248 3689 4303 divisi
3716 4266 3749 4303 a

2092 4342 2316 4398 caeteris
2349 4340 2583 4412 aggredi
2620 4344 2933 4395 montanos
2962 4339 3289 4405 voluerant,
3321 4342 3421 4392 aut
3451 4338 3508 4392 in
3535 4341 3744 4393 conatu

2090 4431 2447 4497 ceciderant,
2496 4433 2598 4485 aut
2630 4430 2781 4486 male
2810 4428 3046 4485 multati
3084 4428 3268 4484 coacti
3319 4428 3551 4484 fuerant
3589 4443 3745 4483 rece‘

2090 4520 2246 4576 dere.
2279 4520 2459 4590 Cujus
2488 4519 2565 4574 rei
2600 4535 2779 4575 causa
2810 4524 2954 4583 erat,
2985 4519 3140 4589 quod
3174 4518 3359 4574 nostri
3391 4518 3749 4574 conscientia

320 4609 381 4662 in
406 4585 800 4663 incendiarios
827 4607 990 4676 jactu
1019 4606 1147 4661 telis
1172 4623 1269 4663 eos
1292 4607 1976 4679 configebant,prohibe-
2015 4585 2058 4650 Β
2090 4585 2419 4665 castrorum
2451 4608 2565 4665 late
2593 4614 2804 4664 cuncta
2855 4626 2982 4680 quae
3004 4585 3047 4663 ia
3078 4613 3239 4680 tergo
3270 4612 3436 4664 erant
3467 4608 3741 4663 obsiden-

320 4698 583 4769 bantque
616 4713 687 4751 ne
720 4696 1065 4767 perﬁcerent
1093 4697 1253 4767 quod
1285 4702 1583 4766 ceperant.
1617 4703 1796 4753 Porro
1828 4698 1974 4769 ipsis

319 4791 453 4842 tuta
482 4784 826 4841 erantdomi
858 4785 1095 4840 omnia:
1133 4783 1410 4839 mulieres
1434 4785 1589 4840 enim
1622 4790 1679 4841 et
1702 4786 1975 4857 parvulos

321 4878 383 4932 in
418 4875 586 4931 sinus
619 4874 1529 4945 intimosmaximeabruptorum
1556 4874 1975 4931 submoverant

321 4965 638 5031 montium,
669 4969 953 5035 septoque
984 4963 1060 5017 ibi
1086 4964 1277 5018 valido
1300 4964 1597 5019 decussim
1625 4963 1972 5021 innexarum

317 5070 419 5127 per
444 5053 759 5109 circuitum
782 5051 1041 5107 trabium
1065 5051 1442 5122 vallaverant,
1472 5056 1533 5107 ut
1556 5069 1742 5123 neque
1765 5053 1813 5108 si
1838 5055 1971 5123 quis

313 5149 588 5199 nostroru
600 5158 654 5196 m
671 5142 929 5196 militum
944 5158 1204 5212 eousque
1218 5145 1569 5212 penetraret,
1582 5143 1972 5198 tentareintra

309 5232 368 5287 id
393 5231 611 5287 vallum
631 5231 854 5286 aditum
874 5231 1019 5285 foret
1040 5230 1781 5289 ausurus.Ducebaturhoc
1798 5233 1970 5288 modo

313 5321 629 5386 bellum,et
642 5320 774 5376 telis
791 5326 1208 5376 montanorum
1223 5320 1391 5375 multi
1414 5321 1677 5391 quotidie
1702 5323 1966 5391 Romani,

307 5412 472 5483 iique
498 5427 567 5466 ex
598 5409 1129 5481 praestantissimis,
1161 5410 1467 5465 cadebant.
1496 5410 1642 5465 Tum
1672 5402 1967 5467 enimvero

313 5501 520 5557 ardere
551 5500 638 5554 ira
663 5498 954 5554 exercitus
976 5503 1033 5554 et
1053 5515 1330 5555 successu
1357 5499 1832 5572 inopinatissimo
1856 5502 1966 5555 fre-

313 5605 497 5659 mere,
533 5589 703 5661 quasi
738 5590 837 5659 qui
869 5587 1148 5643 hactenus
1182 5603 1243 5642 se
1292 5588 1533 5643 idoneos
1578 5589 1844 5644 arbitrati
1878 5590 1962 5663 vel

313 5677 654 5734 fortissimis
685 5681 742 5731 et
768 5675 1272 5732 exercitatissimis
1303 5676 1428 5749 pari
1464 5694 1708 5734 numero
1763 5679 1962 5751 profli-

316 5768 532 5840 gandis
553 5766 759 5839 copiis,
794 5781 949 5821 nunc
970 5766 1366 5837 experimento
1388 5766 1965 5838 deprehenderentur

2086 4698 2236 4753 tium
2268 4697 2681 4753 circumveniri
2714 4714 2829 4752 non
2861 4699 3160 4759 timentes.
3191 4701 3249 4753 et
3277 4696 3336 4751 in
3371 4698 3527 4753 solos
3550 4714 3618 4751 ex
3643 4697 3742 4751 ad-

2085 4802 2251 4842 verso
2285 4787 2506 4858 positos
2539 4787 2745 4841 intenti
2777 4786 2997 4853 hostes,
3030 4802 3284 4858 quorum
3318 4784 3581 4857 plerique
3622 4802 3737 4840 non

2086 4876 2474 4948 aspectabiles
2507 4875 2939 4931 latebantinter
2963 4891 3161 4930 ramos
3192 4874 3471 4929 arborum
3504 4878 3560 4929 et
3591 4874 3741 4930 late-

2084 4967 2221 5022 bras
2237 4966 2617 5022 familiarium
2636 4968 2945 5030 silvarum,
2961 4966 3109 5020 falsa
3122 4965 3438 5020 securitate
3454 4966 3743 5037 provehe-

2084 5055 2301 5110 bantur
2330 5056 2387 5110 in
2420 5055 2546 5111 loca
2578 5056 2733 5110 unde
2766 5058 3035 5126 receptus
3068 5070 3183 5107 non
3218 5059 3395 5122 esset,
3420 5058 3732 5126 propterea

2081 5146 2235 5216 quod
2269 5146 2650 5201 observantes
2680 5161 2882 5199 eorum
2915 5145 3219 5199 incautum
3256 5160 3632 5216 progressum
3667 5161 3736 5200 ex

2080 5234 2308 5290 occulto
2341 5233 2544 5289 rustici
2574 5233 2983 5304 eruptionibus
3005 5232 3734 5305 illosopportunisalalere

2079 5328 2180 5380 aut
2209 5341 2242 5379 a
2272 5330 2456 5394 tergo,
2492 5323 2647 5377 unde
2679 5322 2921 5377 minime
2952 5322 3293 5391 timebatur,
3326 5324 3509 5380 coorti
3542 5325 3731 5380 caede-

2077 5415 2236 5469 bant.
2274 5413 2447 5467 Porro
2476 5410 2574 5465 ille
2605 5411 2730 5481 ipse
2760 5417 2952 5466 metus
2982 5418 3038 5467 et
3058 5411 3394 5468 sollicitudo
3421 5418 3730 5469 montano-

2079 5520 2230 5568 rum,
2265 5500 2663 5574 reputantium
2711 5519 2774 5557 se
2802 5518 3020 5571 paucos
3050 5519 3083 5557 a
3115 5502 3409 5573 plurimis,
3444 5503 3569 5558 loco
3611 5519 3728 5559 unc

2076 5593 2310 5648 clausos
2340 5591 2412 5645 ab
2427 5608 2459 5644 u
2472 5590 2763 5645 niversam
2776 5589 3062 5646 latocircu
3075 5607 3125 5646 m
3144 5594 3439 5663 regionem
3455 5592 3727 5647 obtinen-

2076 5684 2236 5739 tibus
2270 5678 2494 5752 impeti,
2532 5680 2778 5735 acuebat
2806 5697 3009 5736 eorum
3042 5680 3301 5753 vigiliam
3334 5680 3391 5735 in
3434 5680 3719 5749 excubiis,

2076 5789 2147 5827 ne
2179 5771 2427 5843 opprimi
2455 5786 2487 5824 a
2522 5769 2741 5826 nostris
2773 5770 2888 5825 ulla
2931 5770 2988 5825 in
3036 5776 3196 5841 parte
3226 5769 3539 5842 improviso
3591 5787 3724 5842 pos-
