4112 6442
297 411 404 468 639

1600 406 1904 465 GEORGII
1942 404 2409 461 PACHYMERB

3616 403 3726 458 640

301 538 534 609 συχναῖς
590 534 728 587 ὅπου
797 532 1049 609 παρείκοι
1102 532 1426 608 χρωμένους
1474 536 1593 593 ταῖς
1652 527 1948 602 ἐκδρομαῖς
1980 521 2347 595 ΑἸωάννην,
2400 527 2530 601 μηγ⁹
2591 526 2651 581 ἂν
2710 527 2905 589 πάντες
2966 526 3198 602 λέγοιεν·
3260 526 3417 581 αὐτὸν
3448 527 3549 602 γάρ
3581 525 3725 581 ἀπο-

303 622 670 678 ἐπεισπίπτειν
733 622 822 677 καὶ
883 622 1150 697 ῥοπάλοις
1216 623 1301 695 (οὐ
1356 622 1460 697 γάρ
1520 622 1666 695 εἶχον
1728 618 1957 678 ἅπαντες

301 714 529 785 σπάθας)
580 713 1063 785 καταγωνίζεσΟαι.
1125 712 1279 765 Οὕτω
1334 716 1461 785 γοῦν
1512 710 1599 765 ἐπὶ
1657 707 1806 764 πολὺ
1860 708 1957 760 τοῦ

298 802 550 875 πολέμου
598 804 983 875 συνισταμένου
1033 804 1123 855 καὶ
1171 806 1278 854 τῶν
1326 798 1659 876 πραγμάτιον
1693 792 1959 872 τριϐομέ-

301 913 430 960 νων,
501 891 586 946 Eni
666 890 762 945 οὐκ
838 891 904 959 ἧν
963 891 1111 967 σιρίσι
1176 886 1519 965 μαχομένοις
1593 886 1957 962 περιγίνεσθαι

307 984 415 1034 τῶν
476 979 918 1051 ἀνθισταμένων,
980 977 1215 1052 ἔγνωσαν
1278 980 1575 1039 εύσυνέτως
1632 976 1959 1051 ὑπέρχεσθαι

308 1071 423 1141 μετ’
471 1070 717 1145 εἰρήνης,
778 1069 839 1123 ού
900 1071 1102 1133 πάντας
1162 1071 1292 1142 ἅμα
1350 1066 1586 1123 ἀδύνατα
1632 1069 1732 1142 γάρ
1784 1063 1961 1118 οὕτως

302 1158 368 1225 ἧν
427 1157 813 1221 ὑποκλίνεσοαι
874 1156 1297 1231 σπενδομένους·
1354 1163 1469 1218 τοῖς
1524 1158 1624 1231 γάρ
1684 1156 1734 1225 ἐξ
1783 1155 1962 1228 ἀρχῆς

305 1243 672 1317 ἐγνωσμένοις
738 1242 1067 1318 ἐμμένοντες
1146 1238 1506 1317 μεταϐάλλειν
1587 1239 1821 1316 ᾐδοῦντο
1872 1240 1961 1293 τὸν

303 1333 539 1405 πλησίον
573 1331 819 1405 ἕκαστος,
880 1334 969 1389 καὶ
1025 1334 1088 1388 τὸ
1143 1331 1369 1387 δύσελπι
1419 1332 1565 1410 σφίσι
1619 1336 1826 1405 προσῆν
1887 1329 1962 1392 ὡς

307 1424 715 1497 ἀπολουμένοις
765 1424 810 1479 εἰ
857 1422 1080 1480 ἐνδοῖεν.
1132 1427 1226 1494 Τῷ
1266 1444 1352 1477 τοι
1398 1423 1486 1475 καὶ
1534 1423 1651 1484 καθ’
1701 1417 1793 1474 ἕνα
1822 1420 1963 1489 πέμ-

306 1536 503 1577 ποντες
550 1520 660 1570 τῶν
714 1516 808 1587 μὲν
868 1508 1187 1586 συμϐάντων
1217 1513 1515 1586 ἀμνηστίαν
1544 1510 1689 1587 ἔχειν
1740 1511 1829 1565 καὶ
1867 1512 1963 1585 βα-

307 1604 465 1660 σιλέα
493 1604 582 1659 καὶ
616 1603 815 1665 αὐτοὺς
852 1605 1238 1677 ὑπισχνοῦντο,
1280 1601 1505 1663 ἐκείνοις
1540 1599 1597 1656 δὲ
1630 1601 1706 1673 μὴ
1738 1597 1962 1668 διηνεκῆ

305 1696 405 1762 τῆν
465 1694 550 1748 ἐπὶ
612 1691 891 1754 κακίστοις
951 1692 1211 1766 ὁμόνοιαν
1241 1692 1375 1764 πρὸς
1422 1691 1547 1753 τοὺς
1579 1688 1784 1751 ἄλλους
1818 1686 1963 1763 ἔχειν

306 1786 380 1846 ὡς
437 1783 552 1837 οἷόν
601 1804 659 1837 τε
716 1776 1105 1837 συνεϐούλευον
1140 1826 1153 1850 ,
1212 1780 1304 1836 καὶ
1365 1786 1500 1853 σφᾶς
1535 1824 1547 1847 ,
1603 1779 1648 1834 εἰ
1710 1778 1969 1857 θέλοιενζ

305 1880 551 1948 προῆγον
586 1871 660 1934 ε”ς
693 1872 895 1933 τόπους
947 1872 1399 1944 σεσημασμένους
1449 1866 1625 1939 ὄντας,
1664 1868 1811 1935 πλὴν
1851 1879 1947 1939 μεθ

305 1964 534 2035 ὁμήρων
591 1962 676 2035 (ού
734 1962 834 2038 γὰρ
889 1962 1091 2032 ἀπατᾷν
1163 1958 1515 2036 ὀρέγεσθαι),
1593 1957 1957 2033 ἐντυγχάνειν,

305 2051 355 2124 ἐξ
409 2053 481 2105 ὧν
539 2051 673 2106 εἶναι
732 2050 1018 2123 μανθάνειν
1081 2048 1253 2104 ὁπόσα
1308 2049 1443 2124 πρὸς
1505 2045 1771 2123 βασιλέως
1806 2046 1958 2119 εὑερ-

303 2143 702 2216 γετηθήσονται
750 2137 989 2201 ἐνδόντες
1044 2141 1136 2212 μὲν
1186 2140 1281 2202 τὰς
1338 2138 1606 2199 ἐνστάσεις
1662 2141 1742 2208 τῷ
1800 2136 1956 2189 σπέν-

304 2228 505 2296 δεσθαι,
538 2227 830 2304 προδόντες
886 2226 943 2283 δὲ
987 2229 1077 2283 καὶ
1124 2228 1216 2283 τὸν
1263 2229 1339 2291 είς
1390 2225 1614 2302 βασιλέα
1645 2225 1958 2303 φημιζόμε·

304 2339 395 2374 νον
455 2318 679 2374 πλάνον.
741 2314 901 2387 Μηδέ
946 2318 1046 2393 γάρ
1097 2318 1227 2371 εἶναι
1286 2320 1476 2371 τοῦτον
1532 2316 1621 2370 τὸν
1684 2316 1955 2385 Λάσκαριν

305 2449 456 2502 sent.
491 2450 569 2501 Ac
595 2461 935 2517 quanquam
972 2445 1205 2500 illorum
1242 2444 1496 2514 plerique
1515 2448 1781 2499 carentes
1805 2443 1965 2496 ensi-

305 2536 418 2592 bus
449 2535 641 2591 clavas
674 2534 869 2590 solum
899 2539 956 2590 et
974 2534 1217 2589 ramalia
1232 2534 1453 2589 nodosa
1468 2549 1569 2604 pro
1584 2532 1763 2587 armis
1785 2531 1963 2587 babe-

304 2626 466 2691 bant,
501 2629 699 2680 tamen
734 2625 1048 2691 adjuvante
1091 2623 1404 2695 iniquitate
1434 2622 1695 2677 locorum
1731 2626 1963 2676 nostros

302 2718 598 2784 utcunque
628 2713 849 2783 optime
866 2716 1150 2777 armatos,
1180 2716 1435 2783 pernota
1452 2711 1599 2783 ipsis
1621 2710 1964 2766 diverticula

305 2804 719 2873 deprehensos,
749 2802 1350 2874 facileopprimebant
1370 2802 1821 2871 vincebantque.
1850 2802 1963 2854 llac

308 2892 642 2948 conditione
671 2896 794 2946 tam
818 2891 987 2946 nobis
1011 2892 1298 2946 damnosa
1320 2891 1456 2945 belli
1488 2907 1620 2946 cum
1644 2890 1959 2962 longojam

308 2987 462 3038 esset
492 2986 758 3049 tempore
790 2986 1112 3050 pugnatum
1165 2997 1269 3035 nec
1300 2997 1392 3035 res
1429 2980 1649 3035 exitum
1696 2979 1958 3045 haberet,

305 3072 458 3126 versi
495 3073 562 3125 ad
602 3075 757 3125 artes
783 3070 987 3127 nostri.
1013 3072 1160 3139 quod
1196 3070 1283 3123 vis
1314 3086 1427 3123 non
1450 3069 1809 3131 succederet,
1831 3073 1960 3122 ten-

307 3161 557 3215 tandum
591 3159 699 3215 sibi
736 3162 1039 3229 putarunt,
1066 3159 1112 3214 si
1139 3176 1357 3230 paucos
1379 3158 1583 3212 saltem
1608 3156 1863 3212 hostium
1893 3173 1959 3212 ac

312 3268 415 3323 per
437 3249 620 3305 vicem
656 3250 806 3305 198
820 3247 1107 3320 singulos,
1124 3250 1414 3303 abducere
1437 3265 1501 3302 ac
1524 3246 1959 3317 conspiratione

312 3338 608 3396 communi
625 3342 681 3394 et
698 3339 764 3393 ad
785 3338 945 3409 pacis
969 3338 1378 3394 tractationem
1397 3335 1680 3391 inclinare
1702 3340 1959 3405 possent.

313 3429 482 3485 Ratio
502 3428 622 3483 hinc
652 3433 777 3483 erat
799 3426 1042 3483 consolii
1068 3427 1393 3497 prudentis.
1419 3425 1584 3480 Haud
1609 3425 1965 3495 sperandum

315 3517 625 3573 videbatur
657 3532 829 3588 posse
878 3517 1113 3570 admitti
1146 3532 1211 3570 ac
1256 3515 1340 3570 vel
1374 3513 1565 3569 audiri
1611 3514 1903 3585 patienter
1935 3531 1969 3569 a

314 3605 619 3662 communi
653 3604 899 3661 consilio
957 3605 1171 3676 gentis,
1204 3608 1260 3659 et
1290 3602 1375 3659 ira
1405 3602 1711 3675 ﬂagrantis
1747 3607 1805 3659 et
1827 3620 1966 3659 suc-

316 3713 488 3753 cessu
522 3695 662 3751 belli
702 3694 886 3762 elatae,
935 3694 1381 3766 compositionis
1422 3694 1813 3749 mentionem:
1868 3695 1966 3749 ﬁxi

310 3784 529 3857 quippe
561 3800 768 3839 omnes
802 3792 964 3838 erant
995 3784 1052 3839 in
1088 3785 1385 3855 proposito
1417 3783 1753 3840 vindicandi
1784 3786 1963 3839 tuen-

311 3876 510 3942 dique,
544 3891 717 3945 quem
753 3891 815 3929 se
844 3874 1059 3929 habere
1091 3874 1399 3945 putabant,
1424 3872 1780 3945 legilimisui
1808 3873 1968 3944 prin-

313 3965 499 4036 cipis;
530 3965 599 4018 ad
634 3964 754 4018 haec
777 3962 1022 4019 insidias
1051 3963 1109 4018 in
1135 3963 1517 4019 conventione
1539 3966 1967 4035 suspectantes,

313 4061 370 4112 et
403 4072 517 4110 non
550 4054 677 4109 sine
695 4070 874 4108 causa
892 4057 1220 4109 metuentes
1236 4070 1307 4109 ne
1323 4052 1759 4109 doloseinducti
1774 4051 1968 4123 specie

316 4144 478 4218 pacis
500 4143 916 4198 irritatissimis
935 4143 1207 4198 hostibus
1225 4144 1294 4197 ad
1323 4159 1525 4213 poenas
1548 4146 1772 4196 atroces
1794 4140 1967 4195 dede-

317 4238 541 4302 rentur,
558 4236 770 4287 euncta
782 4232 908 4299 ejus
923 4231 1157 4302 generis
1170 4232 1370 4288 statim
1386 4231 1579 4286 oblata
1596 4229 1966 4300 respuebant.

317 4324 467 4395 Ergo
484 4324 737 4395 primum
757 4322 826 4375 ad
850 4326 1104 4376 unumet
1122 4320 1759 4389 alterum,moxsensim
1776 4334 1971 4373 succe-

320 4415 490 4468 dente
536 4412 768 4482 negotio
811 4411 880 4465 ad
916 4410 1095 4465 alium
1133 4409 1433 4481 aliumque
1468 4409 1786 4463 mittuntur
1829 4408 1969 4464 certi

320 4519 427 4557 nec
450 4501 661 4573 ingrati
681 4499 952 4570 privatim
976 4499 1382 4570 homines,qui
1408 4498 1757 4554 oblivionem
1786 4497 1971 4553 utrin-

320 4607 434 4663 que
468 4594 896 4646 transactorum
930 4593 1352 4660 proponerent,
1376 4587 1721 4660 pollicentes
1751 4587 1974 4659 optima

2066 614 2375 669 κεκλεῖσθαι
2434 620 2513 688 τῷ
2555 614 2661 669 τῶν
2712 616 3058 686 Νικητιάτων
3117 618 3368 693 φρουρίῳ
3415 617 3503 671 καὶ
3555 617 3724 693 ἀσφα-

2068 701 2179 757 λῶν
2226 703 2719 779 ἐγκαθείργνυσθαι.
2772 706 2869 761 ’Ήν
2924 703 2980 760 δέ
3026 727 3109 767 τις
3138 709 3225 760 καὶ
3284 704 3538 781 βούλεται
3592 704 3726 781 βλέ-

2066 813 2186 847 πειν
2234 795 2312 871 ἐφ’
2345 794 2528 869 ὅρκοις
2561 791 2744 849 λαϐὼν
2776 794 2842 850 τὰ
2874 796 3037 851 πιστά
3085 795 3405 873 φρικώδεσι,
3442 799 3724 871 προσεῖναι

2065 887 2159 937 τοτ
2296 883 2338 913 ’ί
2552 884 2565 902 “
2687 885 2697 905 '
2981 886 2993 905 '
3240 886 3253 907 ‘
3588 884 3600 902 ’

2138 905 2261 937 υτον
2299 905 2430 938 ιειαι
2478 906 2567 939 και
2605 883 2849 960 βλεπειν.
2885 890 3117 948 Τούτοις
3166 908 3257 941 και
3307 884 3555 942 πλείοσιν
3584 884 3728 939 εκεί-

2067 993 2190 1034 νους
2240 972 2588 1047 ὑπεξάγοντες
2636 976 2755 1037 καθ’
2800 974 3059 1050 ἡμέραν,
3121 976 3235 1048 ἅμα
3292 973 3349 1030 δὲ
3404 975 3496 1029 καὶ
3552 995 3725 1051 προσ-

2069 1060 2375 1133 πέμποντες
2442 1062 2621 1135 ἱκανὰ,
2683 1062 2848 1136 μόλις
2900 1060 3115 1128 ’ἐπειθον
3166 1066 3256 1119 καὶ
3314 1062 3575 1119 ἐδούλουν
3636 1065 3733 1128 τὰς

2067 1158 2291 1224 γνώμας
2351 1151 2563 1225 χρυσίῳ
2622 1152 2955 1225 μερίζοντες.
2990 1155 3089 1209 Καὶ
3121 1158 3212 1207 νῦν
3267 1155 3361 1225 μὲν
3394 1158 3609 1215 τοῦτον,
3640 1156 3732 1205 νῦν

2072 1238 2130 1294 δὲ
2182 1240 2380 1295 ἐκεῖνον
2444 1242 2815 1316 ὑπερχόμενοι
2873 1248 2988 1305 τοῖς
3051 1243 3358 1317 μηνύμασι,
3406 1247 3569 1298 τοῦτο
3634 1242 3729 1316 μὲν

2070 1330 2481 1401 θεραπεύοντες,
2534 1335 2695 1386 τοῦτο
2729 1329 2785 1387 δέ
2836 1353 2896 1407 γε
2941 1333 3031 1387 καὶ
3082 1334 3513 1407 ὑπισχνούμενοι
3562 1333 3733 1405 παρέ-

2070 1419 2256 1472 πειοον
2315 1419 2443 1480 τοὺς
2501 1417 2769 1489 πολλοὺς,
2829 1421 2918 1477 καὶ
2982 1422 3195 1495 μᾶλλον
3254 1423 3379 1478 τοὺς
3430 1419 3734 1492 ἐπιδήλους

2073 1504 2141 1564 Ol
2195 1506 2251 1561 δὲ
2307 1507 2579 1583 ὁσημέραι
2636 1509 2801 1565 πλέον
2859 1510 3295 1585 μαλακιζόμενοι
3356 1512 3592 1585 ὑποψίαν
3634 1514 3733 1564 τοῦ

2074 1593 2398 1669 προδιδόναι
2429 1604 2693 1672 παρεῖχον
2726 1605 2841 1661 τοῖς
2872 1598 3089 1662 ἄλλοις.
3129 1599 3281 1671 Πλὴν
3312 1601 3401 1655 καὶ
3432 1608 3531 1669 τῆς
3566 1620 3733 1673 μετα-

2077 1678 2252 1752 ϐολῆς
2308 1682 2685 1760 αἰσθανόμενοι
2747 1689 2857 1763 οὑχ
2907 1690 3056 1764 εἶχον
3119 1691 3146 1744 ὁ
3202 1711 3253 1745 τι
3312 1689 3401 1744 καὶ
3454 1686 3736 1761 πράξειαν*

2082 1774 2281 1846 μόνους
2334 1776 2438 1849 γάρ
2505 1776 2634 1840 τοὺς
2707 1776 3105 1851 σπενδομένους
3177 1774 3563 1851 ὑπελάμϐανον
3625 1779 3734 1831 σώ-

2082 1866 2283 1930 ζεσθαι,
2318 1866 2400 1938 [Ρ.
2456 1867 2577 1938 13⁷⁵]
2630 1865 2898 1928 κάκείνοις
2939 1866 3205 1942 ὁσημέραι
3262 1865 3468 1922 πολλοὶ
3529 1887 3734 1938 προσε-

2070 1950 2278 2006 τίθεντο
2339 1949 2443 2007 δέει
2502 1960 2598 2008 τοῦ
2650 1953 2991 2012 κινδυνεύιιν.
3052 1959 3222 2013 Ἦσαν
3279 1956 3335 2011 δὲ
3389 1956 3479 2011 καί
3508 1978 3650 2017 τινες
3683 1954 3736 2009 οἵ

2068 2038 2212 2094 πολὺ
2264 2041 2545 2115 κρείττονα
2601 2046 2692 2099 τάν
2750 2045 2800 2099 ἐν
2859 2050 2937 2117 τῷ
2994 2045 3228 2119 πολέμῳ
3280 2048 3518 2120 ἡγοῦντο
3568 2045 3730 2110 θάνοι-

2066 2148 2158 2183 τον
2204 2137 2303 2199 τῆς
2354 2132 2847 2207 προσδοκωμένης,
2911 2135 2955 2189 εἰ
3009 2137 3332 2206 καθυφεῖντο
3378 2134 3467 2189 καὶ
3523 2132 3732 2209 προδο-

2070 2221 2231 2285 θεῖεν,
2283 2219 2587 2294 κολάσεως,
2631 2223 2720 2278 καὶ
2769 2225 3013 2300 ἀννέχειν
3059 2222 3147 2279 διὰ
3191 2229 3358 2279 ταῦτα
3400 2222 3490 2279 διὰ
3534 2222 3732 2287 τέλους

2071 2303 2298 2374 ἤθελον.

2078 2444 2335 2501 universi
2370 2463 2743 2517 persuasum,
2774 2451 2873 2505 sed
2908 2454 3169 2522 agyrtam
3202 2454 3260 2505 et
3293 2449 3556 2523 planum,
3588 2450 3736 2508 falso

2075 2550 2138 2589 se
2193 2536 2589 2591 venditantem
2653 2539 2892 2593 nomine
2931 2539 3197 2610 ipsisque
3238 2538 3626 2595 illudentem:
3676 2546 3737 2597 et

2076 2624 2452 2680 manifestam
2512 2625 2852 2698 imposturae
2907 2627 3331 2684 convictionem
3390 2629 3734 2701 offerebant,

2075 2715 2288 2769 servari
2321 2730 2524 2770 verum
2557 2716 2848 2772 Joannem
2882 2718 3247 2773 afﬁrmantes
3279 2718 3580 2775 tutissima
3601 2737 3734 2774 cus-

2072 2804 2235 2859 todia
2265 2806 2324 2859 in
2358 2821 2486 2861 arce
2518 2806 2960 2875 Nicetiatarum,
2993 2824 3109 2878 quo
3138 2812 3464 2878 spectatum
3500 2826 3564 2864 se
3595 2826 3733 2865 con-

2071 2893 2219 2947 ferre
2236 2892 2363 2947 sine
2384 2892 2501 2948 ullo
2523 2893 2778 2964 periculo
2796 2900 3034 2965 possent
3058 2911 3070 2951 :
3094 2902 3556 2966 prae-sumpturos
3573 2898 3731 2951 enim

2072 2985 2564 3054 quantascunque
2580 2983 3278 3055 vellentjuramentorum
3301 2990 3402 3039 aut
3420 2987 3731 3058 pignorum

2070 3068 2393 3140 cautiones,
2429 3071 2630 3138 sicque
2662 3072 2816 3127 istuc
2849 3089 3015 3143 isquo
3048 3090 3114 3128 ae
3146 3089 3355 3128 securo
3398 3072 3732 3129 intraturos

2070 3157 2288 3225 animo,
2342 3176 2472 3215 cum
2526 3160 2699 3232 pleno
2772 3162 3018 3216 arbitrio
3069 3162 3236 3216 liberi
3287 3162 3531 3230 reditus,
3579 3164 3728 3216 citra

2075 3245 2257 3301 ullam
2291 3249 2647 3319 suspicionis
2682 3251 2975 3306 umbram.
3008 3252 3311 3320 Ejusmodi
3345 3251 3491 3305 199
3524 3249 3724 3304 blandi

2079 3337 2294 3391 mentis
2320 3336 2722 3407 plausibilium
2741 3356 3080 3395 sermonum
3106 3339 3536 3409 aliquantulum
3557 3338 3727 3393 initio

2078 3425 2427 3481 labefactata
2457 3428 2673 3484 duritie
2719 3429 3116 3499 quorumdam
3148 3445 3178 3484 e
3211 3428 3526 3495 montanis,
3565 3444 3730 3483 acce-

2077 3517 2251 3569 dente
2281 3533 2413 3570 vero
2445 3516 2608 3588 larga
2639 3518 3031 3573 missitatione
3074 3535 3383 3573 munerum
3416 3517 3736 3573 vehemen-

2077 3605 2193 3659 tius
2241 3605 2523 3676 impulsa,
2557 3607 2650 3661 vix
2681 3609 2917 3663 tandem
2956 3608 3080 3663 loco
3126 3609 3325 3671 cessit,
3361 3607 3595 3679 placida
3625 3608 3731 3662 do-

2077 3694 2297 3751 cilitate
2336 3697 2683 3751 succedente
2707 3714 2771 3750 ac
2796 3698 2967 3767 plena
2990 3697 3379 3768 promissione
3399 3697 3516 3753 veri
3537 3698 3596 3751 in
3620 3697 3730 3751 im-

2077 3783 2362 3854 peratoris
2385 3783 2661 3854 obsequia
2688 3784 2887 3852 studii,
2913 3801 3074 3851 auro,
3100 3788 3162 3839 ut
3184 3784 3348 3852 solet,
3370 3784 3735 3839 distrahente

2077 3871 2397 3927 concordes
2428 3876 2485 3926 et
2516 3874 2715 3928 studia
2765 3874 3013 3929 invicem
3044 3879 3294 3944 votaque
3327 3873 3734 3930 committente

2077 3961 2243 4031 prius
2276 3962 2633 4017 unanimiter
2663 3964 3153 4034 conspirantium.
3182 3964 3258 4017 Ea
3285 3964 3509 4019 ratione
3542 3967 3735 4017 traxe—

2078 4050 2292 4104 runtin
2330 4054 2522 4120 partes
2555 4050 2794 4119 multos,
2819 4056 2878 4106 et
2910 4051 2969 4105 in
2995 4052 3066 4107 iis
3090 4052 3435 4124 capitaipsa
3454 4051 3731 4119 nationis,

2077 4139 2422 4195 auctoritate
2452 4140 2575 4195 illic
2596 4146 2653 4195 et
2673 4142 3107 4197 existimatione
3139 4142 3452 4212 principes.
3478 4142 3735 4206 Quibus-

2077 4246 2210 4284 cum
2248 4234 2548 4300 utcunque
2580 4231 2783 4285 isthaac
2813 4230 3027 4286 Arcano
3057 4231 3483 4301 tractabantur,
3529 4235 3587 4285 et
3617 4230 3732 4301 ipsi

2078 4318 2281 4377 sedqu
2315 4319 2602 4389 uelabant,
2635 4328 2828 4377 tamen
2856 4338 2988 4377 cum
3024 4321 3079 4375 in
3114 4321 3639 4377 deliberationibus
3662 4322 3735 4376 de

2080 4409 2231 4465 bello
2279 4414 2335 4464 et
2363 4410 2421 4464 in
2455 4410 2613 4465 omni
2647 4410 3285 4467 occasione-similium
3320 4426 3657 4466 sermonum
3690 4411 3733 4465 ii

2080 4497 2374 4554 molliores
2399 4499 2459 4553 in
2492 4500 2616 4555 dies
2649 4517 2710 4555 se
2761 4500 3109 4572 praeberent,
3143 4500 3544 4573 suspicionem
3597 4500 3734 4556 aliis

2081 4594 2387 4643 moverunt
2416 4590 2583 4659 quasi
2605 4591 2993 4661 proditionem
3021 4592 3470 4646 meditarentur.
3489 4591 3735 4661 Moxque

322 4662 436 4736 fide
489 4680 560 4735 ab
610 4679 966 4751 imperatore
1010 4678 1413 4747 sanciendam,
1466 4677 1516 4732 si
1544 4683 1601 4732 et
1650 4677 1761 4747 ipsi
1814 4677 1973 4747 paria
2004 4662 2047 4726 D
2081 4678 2416 4749 suspicioin
2449 4678 3060 4749 opinionemtransiit,
3085 4681 3315 4737 idoneis
3352 4682 3730 4737 exstantibus

320 4771 611 4843 spondere
643 4770 714 4824 de
746 4786 808 4823 se
844 4769 1079 4824 vellent.
1117 4768 1237 4824 Sub
1271 4768 1391 4823 haec
1424 4767 1810 4822 insinuabant
1839 4782 1967 4821 sese

316 4860 458 4927 illis,
484 4859 670 4915 amice
702 4860 1072 4931 suggerendo
1097 4856 1667 4913 eonsulerentrebus
1700 4856 1826 4911 suis
1850 4856 1965 4925 pri-

315 4950 522 5021 vatim,
576 4966 683 5004 nec
733 4965 881 5004 caeco
913 4965 976 5003 se
1027 4947 1351 5003 multorum
1386 4946 1606 5017 impetu
1654 4943 1712 4999 in
1744 4949 1968 4999 certum

315 5037 559 5091 exitium
595 5036 782 5106 abripi
831 5036 1159 5107 praecipites
1191 5037 1470 5090 sinerent.
1512 5033 1637 5087 Non
1672 5049 1732 5089 se
1766 5036 1967 5104 postu-

318 5126 436 5181 lare
489 5130 554 5179 ut
584 5124 775 5181 verbis
827 5127 1129 5181 crederent
1173 5143 1184 5179 :
1237 5140 1444 5195 capere
1488 5122 1659 5177 licere
1713 5138 1968 5193 praesens

315 5213 783 5285 experimentum
842 5232 1037 5270 rerum
1088 5216 1375 5286 ipsarum.
1423 5212 1638 5268 Venire
1680 5212 1852 5267 modo
1899 5228 1970 5266 ne

316 5308 725 5378 gravarentur,
759 5305 1068 5361 obsidibus
1100 5304 1157 5359 in
1191 5308 1386 5359 tutum
1412 5303 1663 5359 reditum
1691 5302 1967 5372 acceptis,

318 5393 388 5448 ad
422 5392 550 5448 loca
571 5392 900 5465 designata,
933 5394 1031 5446 ubi
1053 5392 1396 5447 distinctius
1418 5390 1828 5462 explicandum
1855 5388 1971 5444 illis

318 5484 468 5539 foret
498 5483 735 5554 quantis
760 5486 959 5537 essent
976 5481 1048 5535 ab
1078 5481 1430 5551 imperatore
1451 5478 1797 5536 cumulandi
1823 5493 1969 5549 prae-

320 5572 477 5639 miis,
512 5571 796 5639 se‘_,‘redire
827 5587 958 5624 cum
974 5584 1040 5624 eo
1075 5570 1129 5623 in
1148 5570 1398 5639 gratiam
1417 5568 1969 5639 vellentimpostore

318 5661 435 5725 illo,
464 5677 566 5730 pro
589 5676 705 5730 quo
726 5662 1111 5730 pugnassent,
1131 5659 1477 5714 abdicando.
1508 5658 1629 5714 Non
1661 5658 1816 5714 enim
1842 5676 1973 5715 esse

325 5746 497 5802 illum
549 5748 838 5804 Joannem
887 5745 1210 5817 Lascarim,
1261 5746 1547 5817 quidquid
1592 5747 1739 5818 ipsis
1770 5746 1978 5805 luisset

2078 4767 2427 4822 mutationis
2445 4766 2649 4838 signis.
2678 4768 2839 4824 Unde
2864 4787 2974 4825 non
3006 4787 3212 4840 parum
3237 4771 3571 4825 conturbari
3594 4787 3735 4825 con-

2077 4854 2552 4926 tigitplerosque,
2567 4856 2835 4911 videlciet
2851 4857 3257 4912 existimantes
3276 4858 3385 4912 sibi
3404 4874 3607 4913 cavere
3621 4856 3732 4912 soli

2079 4962 2145 4999 ac
2175 4945 2423 5000 salutem
2459 4945 2741 5000 duntaxat
2764 4946 3065 5018 proprium
3093 4947 3307 5018 pacisci
3340 4964 3439 5003 eos
3472 4948 3730 5019 quicum

2079 5034 2428 5105 imperatore
2457 5039 2775 5090 tractarent
2800 5051 2811 5090 :
2849 5041 3088 5094 caeteros
3109 5053 3315 5094 omnes
3338 5039 3438 5091 ira:
3471 5038 3731 5093 hostium

2080 5122 2372 5194 expositos
2406 5122 2683 5192 relinqui.
2719 5124 2795 5179 E0
2819 5124 3210 5196 valuithujus
3246 5125 3488 5196 periculi
3518 5130 3735 5192 metus,

2083 5221 2144 5267 ut
2176 5210 2347 5266 multi
2380 5211 2640 5281 quotidie
2662 5214 2733 5267 ad
2768 5230 2867 5268 eos
2884 5214 2978 5284 qui
3006 5214 3339 5269 tractabant
3369 5231 3431 5270 se
3455 5230 3738 5286 aggrega-

2081 5304 2231 5357 rent.
2265 5300 2445 5355 Erant
2476 5304 2670 5356 tamen
2704 5304 2801 5373 qui
2830 5310 3078 5360 mortem
3102 5304 3161 5359 in
3191 5303 3343 5361 bello
3368 5304 3566 5360 minus
3584 5321 3743 5360 acer-

2081 5391 2215 5446 bam
2250 5390 2719 5446 ducerentmalis
2750 5392 3428 5465 suppliciisque,quibus
3455 5410 3517 5449 se
3545 5394 3739 5464 subji-

2082 5480 2322 5534 ciendos
2351 5479 2789 5550 exspectabant,
2815 5482 2863 5537 si
2889 5486 2989 5537 aut
3006 5483 3157 5538 ultro
3180 5482 3454 5538 cederent
3473 5485 3573 5537 aut
3596 5481 3739 5537 alio-

2085 5584 2215 5622 rum
2250 5565 2380 5620 dolo
2415 5569 2886 5635 procederentur.
2940 5572 3127 5635 Quare
3159 5570 3554 5626 obﬁrmabant
3584 5586 3647 5625 se
3680 5573 3747 5625 in

2085 5656 2375 5710 sententia
2409 5656 2713 5712 resistendi
2750 5660 3163 5738 bellandique,
3198 5659 3388 5730 quoad
3438 5660 3741 5715 vincerent

2086 5746 2185 5800 aut
2220 5742 2517 5801 caderent.
