4112 6400
314 401 416 458 641

1397 400 1496 453 DE
1534 398 1906 454 MICHAELE
1944 394 2390 451 PALIEOLOGO
2423 395 2560 449 LIB.
2602 395 2701 448 III.

3631 396 3741 452 642

317 531 408 605 ιγ’.
467 524 812 616 Ἀπολογίαῃ
838 529 946 616 τῷν
984 527 1257 616 fur-qva»,
1292 524 1477 616 (πρὶς,
1511 520 1799 592 ἀλλήλους
1853 519 1972 593 avt?
2007 525 2060 591 Α
2091 517 2351 595 ἅφέμενοι
2407 520 2732 593 μέμφεσθαι,
2784 521 3233 592 συναρπασθεῖσιν
3282 516 3440 578 οὕτος
3488 519 3578 574 καὶ
3621 520 3736 575 κίν-

653 593 750 653 τόῦ
783 595 840 653 ὅν
875 598 950 659 ὡς
984 593 1242 665 Ἰωάννην
1289 593 1634 668 ὑπεδέξαντο.

393 707 474 779 [Ρ.
529 707 653 777 133]
704 704 1126 760 Ἐπλιονέκτουν
1176 699 1483 776 δὲμᾶλλον
1529 702 1580 756 οὶ
1611 700 1701 755 καὶ
1732 699 1798 754 τὰ
1843 697 1976 773 ὑπὲρ

323 801 422 850 τοῦ
473 795 890 872 τυφλώττοντος
939 788 1418 868 προϐαλλόμενοι.
1474 791 1594 860 Καὶ,
1630 815 1656 842 ‹‹
1691 789 1756 846 Τί
1787 789 1912 863 γὰρ,
1949 810 1976 838 >>

322 884 538 960 ἔλεγον,
575 880 842 938 «δίκαιον
879 885 1015 954 ἡμῖν
1061 883 1366 957 πέπρακται
1413 882 1500 936 ἐπὶ
1551 885 1629 951 τῷ
1677 875 1980 947 ἀλλοδαπῷ

319 973 494 1048 τῷδε,
545 973 591 1028 εἰ
641 973 894 1027 κάκεῖνοσ
942 970 1054 1042 εἴη,
1105 971 1152 1027 εἷ
1202 970 1374 1034 ἄλλος
1412 991 1426 1043 ;
1467 967 1644 1038 έοειδή
1699 966 1980 1039 δεξάμενοι

321 1064 564 1138 ἐτίθεμεν
622 1063 754 1137 ὑπὲρ
807 1060 970 1116 αὐτοῦ
1018 1061 1112 1123 τὰς
1167 1063 1369 1136 ψυχὰς,
1416 1064 1672 1134 γυναῖκας
1712 1056 1802 1112 καὶ
1849 1055 1984 1110 αὐτὰ

321 1154 388 1210 τὰ
431 1155 631 1230 γνήσια
677 1147 1157 1226 προϐαλλόμενοι,
1201 1151 1252 1212 ἐς
1288 1149 1346 1213 ὅς
1377 1149 1574 1218 σωθείη
1610 1150 1637 1203 ὁ
1669 1147 1746 1209 εἷς
1792 1151 1984 1221 χεῖρας

323 1242 594 1319 ἡμετέρας
641 1241 988 1318 καταφυγὼν,
1044 1244 1136 1295 νῦν
1190 1235 1592 1313 μεταϐαλόντες
1657 1235 1984 1310 καταπροώι

335 1336 506 1408 μεθα;
537 1332 590 1387 τί
621 1330 668 1386 δ’
699 1335 835 1404 ἡμῖν
870 1331 946 1394 εἰς
990 1328 1295 1405 ἀπολογίαν
1345 1330 1481 1404 πρὸς
1512 1327 1639 1389 τοὺς
1694 1323 1986 1400 μεμφομέ-

328 1443 454 1484 νους
487 1421 687 1476 ἐπεῖται
719 1417 1047 1495 προδοῦσινς
1084 1417 1165 1473 ὅτι
1216 1419 1537 1493 παρώτρυνε
1581 1416 1657 1489 μὴ
1692 1415 1984 1484 θέλονταςς

333 1509 491 1569 Ἀλλ’
517 1513 651 1582 ἡμῖν
673 1508 1039 1584 γλιχομένοις
1065 1508 1198 1582 ὑπὲρ
1221 1505 1486 1562 δεσπότου
1507 1504 1738 1579 πάσχειν
1764 1502 1987 1570 ἐπέστη.

330 1599 488 1658 Ἀλλ’
519 1599 603 1655 ὅτι
631 1599 698 1655 τά
739 1599 858 1653 καθ’
908 1600 1058 1670 ἡμᾶς
1104 1595 1158 1652 έν
1187 1597 1404 1670 ταραχῆ
1459 1593 1780 1664 κατέστησεν
1817 1611 1830 1660 ;
1865 1591 1990 1646 ἀλλ’

330 1694 468 1764 ἡμῖν
518 1711 581 1764 γε
633 1685 1115 1762 προθυμουμένοις
1170 1685 1381 1758 μᾶλλον
1415 1684 1451 1753 ἢ
1481 1683 1664 1756 τούτῳ
1713 1681 1989 1755 μέμψοιτό

331 1801 438 1841 τις.
495 1776 652 1834 Ἀλλ’
709 1778 793 1831 ὅτι
845 1776 1107 1850 ὑπεκρίθη
1159 1775 1252 1829 τὸν
1318 1772 1544 1849 βασιλέα
1593 1773 1680 1827 καὶ
1731 1769 1993 1847 προσικέ-

2083 605 2252 662 δυνων
2301 605 2756 681 έπανῃρημένοις,
2784 607 2982 678 μῶμον
3037 604 3228 680 ἐκείνῳ
3290 603 3736 682 προστρίϐομεν,

2079 697 2170 751 καὶ
2202 696 2318 750 ἀντὶ
2348 701 2445 750 τοῦ
2477 696 2668 764 σώζειν
2724 695 2959 770 μεγίστῳ
3008 695 3243 768 κινδύνῳ
3291 691 3728 773 περιϐάλλομεν,

2084 783 2272 849 ἄλλως
2317 805 2396 853 τε,
2450 784 2494 839 εἶ
2544 787 2633 838 καί
2682 785 2735 838 οἱ
2776 785 2843 838 τὰ
2889 784 3219 861 παγχάλεπα
3266 787 3610 861 πέπρακται,
3664 787 3727 840 τὸ

2082 879 2212 948 γοῦν
2259 881 2455 948 σχῆμα
2499 881 2598 943 τῆς
2649 873 2876 936 ἱκετείας
2931 875 3114 929 ἱκανὸν
3179 877 3266 930 καὶ
3336 878 3429 932 τὸν
3482 874 3736 930 κάκιστον

2085 964 2312 1030 σώζειν.
2367 960 2510 1018 Οὐδὲ
2556 963 2656 1037 γὰρ
2707 962 2766 1016 ἂν
2832 961 2886 1016 τί
2934 970 3127 1026 παθεῖν
3192 963 3436 1034 ἐκεῖνον,
3488 963 3634 1020 ἀλλὰ
3685 963 3737 1019 τί

2085 1058 2263 1106 ποιεῖν
2313 1052 2461 1122 ἄξιον
2506 1054 2654 1124 ἡμᾶς
2703 1057 3055 1126 προσκοπεῖν.
3095 1075 3118 1105 υ
3169 1057 3351 1109 Ταῦτα
3413 1058 3577 1109 τινῶν
3649 1068 3743 1108 Λε-

2085 1139 2289 1216 γόντων
2340 1137 2517 1195 ἐδόκει
2579 1139 2717 1195 τισὶν
2770 1138 2976 1213 ἀδοξεῖν
3040 1142 3109 1195 τὰ
3156 1140 3412 1215 μεγάλα,
3463 1141 3513 1196 εἴ
3577 1164 3744 1198 κατα-

2087 1234 2350 1302 προοῖντο
2383 1230 2477 1284 τὸν
2509 1229 2714 1298 ἱκέτην,
2750 1230 2852 1286 Καὶ
2902 1231 2962 1284 τὸ
3014 1231 3110 1303 μὲν
3159 1229 3430 1302 διηνεκῶς
3476 1230 3746 1305 πολεμεῖν

2089 1319 2204 1392 (καὶ
2253 1319 2356 1394 γὰρ
2407 1315 2466 1372 ἄν
2522 1318 2728 1392 ἀνάγκῃ
2779 1321 2926 1373 τοῦτ’
2976 1321 3107 1373 εἶναι
3161 1321 3236 1392 μὴ
3287 1321 3743 1396 περιγενομένους

2089 1413 2197 1463 τῶν
2248 1408 2484 1476 πάντων,
2536 1412 2698 1462 τοῦτο
2736 1405 2780 1462 δ’
2827 1408 2893 1476 ἦν
2944 1405 3234 1482 ἀδύνατον)
3287 1410 3360 1471 ὡς
3417 1407 3748 1474 κινδυνῶδες

2091 1498 2183 1554 καὶ
2211 1495 2398 1560 ἄλλως
2439 1495 2497 1551 ὃν
2543 1496 2780 1569 ἀπρεπὲς
2832 1497 3118 1572 ἀπέλεγον,
3167 1499 3230 1552 τὸ
3280 1495 3324 1552 δ’
3376 1499 3526 1564 αὖθις
3578 1521 3746 1555 κατα·

2094 1589 2430 1665 προεμένους
2481 1588 2572 1642 τὸν
2626 1586 2772 1657 ξένον
2821 1585 3143 1664 σπένδεσφαι
3187 1587 3477 1662 έπίμωμον
3532 1584 3748 1664 ἔκρινον

2094 1678 2180 1731 καὶ
2242 1674 2426 1731 ἄδικον
2482 1674 2656 1746 πάντη
2717 1676 2855 1750 πρὸς
2907 1675 2998 1732 τὸν
3058 1674 3285 1745 ἥκοντα,
3348 1677 3396 1731 εἷ’
3451 1676 3743 1740 πιστεύσας

2097 1766 2324 1829 ἐκείνοις
2354 1766 2636 1844 σφάζοιτο.
2668 1769 2756 1837 Τῷ
2785 1786 2872 1820 τοι
2921 1766 3009 1820 καὶ
3051 1767 3151 1834 τήν
3206 1765 3376 1839 μέσην
3408 1771 3749 1843 χωροῦντες,

332 1887 527 1937 τευσε;
580 1867 668 1921 καὶ
721 1868 938 1939 πρῶτον
998 1865 1090 1936 μὲν
1145 1863 1225 1924 τίς
1269 1860 1407 1917 οἶδεν
1455 1862 1514 1916 ἂν
1546 1862 1729 1930 ἀληθῆ
1775 1864 1943 1914 ταῦτα
1975 1877 1988 1928 ;
2022 1887 2070 1952 Β
2099 1855 2260 1910 αὐτὸν
2317 1856 2412 1928 μὲν
2465 1855 2694 1910 ἀπεῖπον
2752 1856 2827 1928 μὴ
2870 1853 3215 1931 προδιδόναι,
3262 1854 3463 1918 αὐτοὺς
3491 1855 3549 1911 δὲ
3592 1856 3752 1911 σπέν-

2109 1942 2132 1960 ἡ

338 1957 464 2032 ῥᾷον
498 1955 682 2016 αὐτοῖς
732 1953 904 2009 ἄλλον
954 1953 1071 2007 ἀντὶ
1119 1957 1217 2007 τοῦ
1248 1952 1507 2022 ἀληθοῦς·
1554 1950 1867 2026 ἐμφανίζειν
1899 1948 1992 2002 καὶ

338 2046 566 2116 ἀπατᾷν,
619 2044 664 2098 εἰ
705 2043 1046 2116 έπισταῖμεν,
1078 2043 1112 2111 ἢ
1144 2047 1335 2096 τοῦτον
1389 2040 1562 2096 ἄλλον
1611 2036 1739 2095 ὄντα
1791 2039 1992 2093 ἐκεῖνον

343 2135 778 2208 ὑποκρινεῖσθαι.
832 2133 960 2188 Εἶτα
1009 2126 1147 2185 ἔστω
1197 2131 1286 2186 καὶ
1324 2135 1507 2187 τοῦτο.
1545 2128 1698 2198 Πλὴν
1728 2133 1856 2183 πᾶσι
1895 2128 1991 2200 μὲν

340 2227 375 2293 ἡ
405 2227 504 2278 τοῦ
534 2221 790 2285 πλείονος
835 2218 1036 2295 ἔφεσις,
1079 2220 1169 2274 καὶ
1214 2220 1496 2295 ἀγαπητὸν
1535 2218 1627 2292 μέν
1661 2219 1820 2273 αὐτὸν
1867 2213 1994 2271 ἕκαο

349 2334 478 2368 στον
509 2309 640 2367 ὅντα
667 2313 761 2366 τὸν
805 2307 1253 2382 σπουδαζόμενον
1302 2314 1412 2364 τῶν
1464 2306 1651 2363 καλῶν
1678 2306 1996 2382 τυγχάνειν,

344 2402 389 2457 εἰ
423 2399 468 2456 δ’
501 2399 616 2471 οὖν,
649 2398 796 2454 ’ἀλλᾶ
824 2401 915 2454 καὶ
954 2401 1016 2453 τὸ
1049 2397 1311 2454 δοκοῦντα
1363 2397 1758 2474 μεγαλόνεσθαι
1796 2400 1995 2471 μοῖραν

344 2491 406 2547 οὐ
452 2491 553 2559 τὴν
597 2493 868 2564 τυχοῦσαν
930 2487 1248 2566 φιλοτίμίας
1317 2486 1456 2562 ἔχει.
1518 2485 1583 2544 Τί
1639 2483 1729 2542 οὖν
1786 2485 1997 2546 ἑαυτοῖς

340 2685 429 2742 13.
489 2685 745 2756 Altegata
801 2690 1193 2739 montanorum
1243 2682 1393 2756 inter
1441 2698 1558 2756 sese
1582 2697 1688 2756 pro
1737 2697 1796 2737 eo
1827 2696 1992 2752 quem

542 2754 898 2814 ut'loannem
926 2760 1214 2827 acceptum
1241 2754 1390 2826 apud
1416 2771 1474 2810 se
1498 2754 1796 2809 habebant.

416 2863 674 2920 Maxima
732 2862 942 2919 horum
1004 2880 1142 2934 pars
1171 2867 1296 2918 erat
1326 2861 1742 2918 miserantium
1775 2875 1993 2916 caecum

347 2971 519 3026 quem
550 2953 707 3025 apud
739 2969 801 3008 se
833 2953 1211 3020 habebant,et
1243 2953 1396 3007 factu
1421 2952 1732 3023 indignum
1754 2956 1995 3005 conten-

349 3043 610 3100 dentium
669 3041 862 3110 illum,
924 3042 1262 3115 quicunque
1313 3045 1490 3107 esset,
1554 3041 1819 3112 prodere.
1872 3041 1994 3105 Quo

349 3132 792 3200 enim,aiebant,
823 3133 962 3204 jure
993 3131 1256 3188 alienum
1290 3131 1600 3199 hunc,sivs
1631 3130 1891 3186 Joannes
1909 3137 1997 3184 est

350 3223 618 3280 Lascaris
651 3222 772 3278 sive
804 3239 919 3277 non
952 3226 1042 3278 est
1068 3222 1341 3277 hostibus
1365 3222 1492 3293 ejus
1530 3221 1602 3276 ad
1625 3219 1921 3276 cruciatus
1945 3223 2002 3274 et

2105 1942 2285 2008 δεσθαι
2337 1943 2537 2011 οὕτως,
2569 1944 2616 1998 εἰ
2660 1943 2890 1999 θέλοιεν·
2929 1943 2973 1998 εἰ
3007 1942 3052 1999 δ’
3085 1945 3200 2013 οὗν,
3234 1943 3383 2001 ἀλλὰ
3421 1942 3509 2000 διὰ
3559 1943 3754 2007 τέλους

2109 2035 2375 2108 μάχεσθαι
2435 2033 2792 2089 συνετίθεντο.
2846 2035 2932 2088 Ἐν
2981 2033 3228 2106 τοσούτῳ
3278 2032 3368 2089 οὖν
3416 2038 3515 2090 τοῦ
3559 2039 3754 2111 καιροῦ

2101 2117 2434 2198 τριϐομένου
2491 2122 2581 2176 καὶ
2635 2126 2744 2176 τῶν
2810 2122 2904 2195 μὲν
2967 2119 3137 2195 μηδὲν
3195 2123 3433 2198 ἐχόντων
3485 2126 3564 2197 [Ρ.
3621 2125 3748 2196 434]

2103 2217 2280 2267 ποιεῖν
2316 2254 2330 2280 ,
2375 2215 2484 2265 τῶν
2524 2207 2582 2264 δὲ
2643 2215 2716 2283 μή
2769 2232 2821 2265 τι
2870 2211 3322 2284 ἀποκρινεῖσθαι,
3371 2213 3399 2266 ὁ
3455 2214 3551 2285 μὲν
3603 2211 3752 2282 ξένος

2105 2301 2286 2357 ἀνεῖτο
2317 2301 2532 2377 φεύγειν
2563 2299 2700 2374 πρὸς
2744 2299 2971 2375 Πέρσας,
3017 2303 3102 2363 οἷς
3151 2297 3196 2355 δ’
3246 2302 3382 2370 ἦσαν
3434 2301 3758 2376 ὑποσχέσεις

2105 2392 2252 2466 παρὰ
2298 2393 2406 2444 τῶν
2458 2386 2592 2463 τῇδε
2639 2390 2728 2443 καὶ
2781 2389 3071 2460 συνθεσίαι,
3105 2387 3426 2446 ἐσπένδοντο
3482 2391 3551 2445 τὰ
3594 2392 3761 2445 πιστά

2109 2475 2371 2544 λαϐόντες
2398 2483 2495 2534 τοῦ
2549 2480 2625 2552 μή
2675 2484 2888 2543 παθεῖν.
2922 2480 2988 2536 Οἱ
3038 2476 3096 2533 δὲ
3141 2484 3262 2543 ταῖς
3312 2477 3570 2543 σπονδαῖς
3621 2480 3759 2556 πρὸς

2101 2679 2281 2742 Quem
2319 2678 2524 2748 utique
2556 2677 2862 2733 absentem
2893 2677 3322 2747 desideratum,
3353 2683 3759 2734 occurrentem

2103 2773 2394 2838 evectum,
2427 2783 2494 2822 ac
2522 2768 2569 2823 si
2605 2767 2739 2838 quid
2773 2767 2832 2822 in
2865 2783 2932 2822 eo
2961 2766 3229 2837 deliquit,
3265 2783 3504 2839 peccare
3527 2784 3561 2823 a
3592 2767 3764 2824 nobis

2107 2862 2375 2914 coactum
2408 2856 2558 2912 tueri
2589 2855 2785 2928 potius
2819 2862 2876 2912 et
2909 2872 3146 2912 servare
3178 2857 3526 2914 deberemus
3557 2873 3766 2928 quam,
3847 2874 3850 2876 ‘

2107 2947 2263 3016 quod
2297 2945 2423 3000 sine
2445 2946 2614 3016 justa
2631 2943 3064 3016 vituperatione
3085 2945 3763 3016 nequimusfacere,gra-

2106 3035 2352 3091 vissimo
2368 3034 2533 3090 illum
2555 3035 2814 3106 periculo
2830 3035 3578 3105 exponere,sitientissimis
3593 3051 3767 3092 cruo-

2109 3125 2190 3180 ris
2220 3124 2354 3194 ejus
2387 3123 2583 3196 ipsum
2599 3124 2871 3180 hostibus
2886 3125 3587 3196 condonando.Atquivel
3613 3131 3769 3182 atro-

2109 3213 2338 3269 cissimi
2355 3219 2718 3286 compertum
2736 3214 3184 3286 convictumque
3199 3213 3403 3287 ﬂagitii
3423 3215 3774 3286 pessimum-

349 3329 551 3370 necem
615 3311 888 3367 acerbam
922 3311 1319 3366 dederemus?
1350 3315 1672 3383 Postquam
1706 3311 1864 3366 enim
1898 3325 2000 3379 pro
2033 3327 2076 3395 C
2118 3301 3401 3395 que‘palamcaputha‘bitussupplicisi‘asac
3419 3305 3773 3395 verecundia

344 3402 512 3457 illius
543 3403 610 3456 ad
645 3417 754 3455 nos
785 3401 1181 3472 confugientis
1201 3401 1389 3457 salute
1411 3401 1607 3472 capita
1628 3405 2006 3465 nostra,uxo—

349 3508 442 3547 res
473 3494 530 3547 et
562 3489 915 3546 charissima
940 3506 1188 3562 quisque
1214 3489 1274 3545 in
1306 3489 1626 3545 discrimen
1651 3487 2007 3558 misimus,si

350 3581 512 3636 hunc
545 3582 719 3635 modo
748 3586 972 3636 mutata
1004 3585 1240 3652 repente
1273 3579 1569 3636 sententia
1601 3579 2006 3647 destituimus,

351 3671 488 3742 quid
515 3671 685 3727 nobis
709 3671 780 3726 ad
804 3671 1208 3727 defensionem
1229 3670 1513 3726 faciemus
1536 3668 2007 3740 reliqui,quomi-

353 3777 468 3816 nus
482 3762 555 3816 ab
597 3760 870 3816 omnibus
891 3759 1243 3831 proditionis
1261 3758 1758 3831 perﬁdiosissimae
1774 3758 2009 3812 damne-

354 3867 490 3906 mur
519 3849 547 3903 ?
577 3853 660 3904 An
694 3849 962 3905 dicemus
1019 3865 1126 3904 nos
1158 3849 1230 3904 ab
1263 3848 1391 3920 ipso
1417 3848 1685 3903 nolentes
1717 3844 2009 3918 impulsos

353 3939 765 4010 coactosque?
822 3940 862 3994 A
888 3937 1058 3994 nobis
1109 3939 1236 4009 jam
1264 3942 1436 3994 antea
1490 3938 1711 4009 paratis
1769 3943 1826 3992 et
1855 3935 2011 3991 200

355 4029 745 4100 gestientibus
777 4045 882 4100 pro
913 4027 1154 4083 domino
1185 4027 1412 4098 injuste
1442 4043 1617 4098 passo
1662 4025 2012 4081 vindicando

363 4134 628 4190 pugnare
663 4117 1121 4188 supervenit.An
1154 4115 1297 4172 illud
1317 4115 1857 4186 causabimur,ejus
1879 4131 2016 4186 gra-

358 4209 443 4262 tia
459 4207 834 4279 perturbatas
847 4223 939 4262 res
953 4213 1186 4262 nostras
1203 4206 1363 4263 esse?
1384 4205 1561 4277 Atqui
1585 4210 1795 4260 nostrae
1819 4205 2014 4260 verius

361 4295 647 4369 praecipiti
707 4297 776 4352 ad
805 4297 1144 4352 novandum
1177 4295 1434 4353 audaciae
1471 4312 1643 4367 quam
1680 4294 1813 4350 huic
1844 4293 2018 4366 culpa

357 4386 538 4442 istius
571 4385 866 4441 tumultus
897 4385 1406 4458 imputabitur.An
1429 4387 1584 4458 quod
1610 4401 1672 4440 se
1696 4385 2016 4456 imperato-

357 4491 480 4531 rem
517 4491 647 4530 esse
678 4475 1061 4546 simulavit,et
1082 4477 1266 4530 uttali
1288 4475 1400 4531 sibi
1424 4491 2015 4532 sucurreremusora-

355 4564 469 4619 vit?
503 4563 769 4620 Primum
805 4565 942 4637 quis
969 4565 1084 4619 scit
1112 4564 1431 4620 simulasse
1464 4564 1719 4633 illum,et
1740 4582 1855 4620 non
1887 4581 2017 4620 esse

359 4669 566 4709 verum
600 4656 835 4726 qualem
871 4669 932 4710 se
956 4653 1227 4710 nominat
1250 4641 1537 4709 Joannem
1570 4653 1598 4707 ‘?
1628 4653 1697 4707 Et
1727 4653 1820 4709 cui
1855 4659 2014 4709 certo

357 4743 577 4814 poterit
608 4748 879 4799 constare
911 4742 1079 4798 illum
1104 4741 1494 4814 alium,quem
1513 4743 1820 4798 ostendere
1843 4741 2014 4798 nobis

357 4848 422 4888 se
477 4838 710 4903 paratos
768 4833 954 4899 aiunt,
1015 4832 1378 4887 custoditum
1411 4832 1566 4903 apud
1597 4831 1759 4902 ipsos
1796 4847 2014 4887 caecum

359 4919 867 4978 adolescentulum
927 4938 1127 4978 revera
1181 4922 1468 4978 Joannem
1501 4938 1631 4976 esse
1663 4921 1959 4976 Lascarim
1987 4920 2015 4975 ‘2

361 5010 580 5066 Deinde
608 5016 732 5067 esto
787 5013 887 5076 ita,
920 5011 997 5067 sit
1030 5029 1043 5066 :
1076 5016 1275 5067 tamen
1309 5011 1404 5067 isti
1440 5012 1648 5082 culpae,
1684 5027 1755 5065 ne
1777 5027 1810 5066 a
1843 5011 2013 5065 nobis

357 5104 482 5156 tam
505 5101 1146 5157 atrocitervindicanda
1178 5102 1465 5167 videatur,
1495 5116 1768 5173 magnam
1786 5105 2012 5171 partem

359 5189 620 5245 detrahit
655 5191 885 5246 invidia;
917 5191 1120 5246 innata
1150 5191 1429 5246 omnibus
1459 5196 1518 5246 et
1542 5190 1657 5246 late
1678 5189 2016 5245 communis

363 5278 663 5350 cupiditas
695 5281 943 5351 augendi
977 5282 1273 5335 fortunam
1299 5277 1824 5350 suam,przesertim
1851 5279 2012 5350 inge-

362 5372 530 5424 rente
562 5385 624 5424 se
655 5369 957 5425 crescendi
1005 5369 1310 5426 occasione
1359 5372 1417 5423 et
1447 5368 1662 5423 studiis
1707 5367 2012 5422 hominum

368 5457 526 5513 ultro
558 5459 630 5513 ad
661 5459 887 5529 majora
925 5457 1416 5529 vocantibus;quo
1448 5461 1712 5528 tempore
1741 5460 1876 5527 quis
1901 5473 2017 5512 non

357 5545 784 5618 veniadignam
800 5547 1097 5604 existimet
1112 5547 1494 5604 ambitionem
1509 5547 1638 5617 ejus
1653 5545 1754 5617 qui
1769 5561 2016 5618 regnum

357 5653 394 5691 a
434 5635 770 5692 volentibus
803 5636 1066 5693 delatum
1099 5655 1215 5694 non
1248 5635 1631 5694 recusaverit?
1662 5635 1811 5700 Quid
1845 5635 2021 5707 igitur

366 5724 580 5782 attinet
611 5727 783 5784 nobis
813 5729 985 5799 culpa
1016 5725 1226 5792 solutis
1268 5725 1353 5783 illi
1387 5725 1608 5784 crimen
1638 5724 1965 5798 impingere
1995 5726 2024 5783 ?

2044 4700 2092 4764 D

2119 3391 2514 3463 confugientis
2571 3391 2632 3446 in
2693 3392 2869 3446 fidem
2921 3397 3096 3462 atque
3125 3392 3355 3464 asylum
3391 3393 3769 3464 protectionis

2118 3486 2353 3551 nostrae,
2387 3485 2664 3553 praestare
2693 3483 2974 3538 intactum
2996 3482 3440 3554 immunemque
3471 3483 3774 3540 communi

2118 3571 2511 3627 humanitatis
2537 3570 2728 3627 ofﬁcio
2761 3573 3020 3628 deberet:
3052 3589 3244 3644 neque
3275 3575 3431 3628 enim
3466 3578 3606 3629 tunc
3649 3579 3770 3631 tam

2119 3667 2384 3732 spectare
2414 3665 2710 3734 oporteret
2739 3662 2880 3734 quid
2933 3678 3066 3718 eum
3128 3662 3248 3733 pati
3304 3665 3536 3734 justum
3597 3671 3774 3736 esset,

2121 3765 2299 3821 quam
2333 3751 2472 3821 quid
2494 3767 2602 3807 nos
2625 3752 2813 3807 facere
2835 3752 3085 3808 deceret.
3119 3751 3282 3808 Talia
3305 3754 3550 3823 quidam
3582 3754 3778 3810 disse-

2119 3845 2313 3896 rentes
2329 3842 2762 3911 persuadebant
2776 3842 3073 3914 aliquibus
3091 3860 3205 3898 non
3221 3860 3393 3916 posse
3407 3845 3533 3902 sine
3547 3863 3778 3902 summa

2119 3947 2239 3986 sua
2269 3930 2461 4002 gentis
2493 3930 2738 3986 infamia
2771 3933 2936 4003 prodi
2962 3933 3034 3987 ab
3056 3931 3204 4004 ipsis
3229 3933 3481 4005 dedique
3503 3934 3777 3992 hostibus

2123 4019 2666 4091 supplicem.lidem
2701 4025 2921 4076 tamem
2957 4021 3114 4075 anxii
3146 4038 3344 4077 secum
3371 4023 3774 4094 inquirebant:

2123 4109 2262 4182 quid
2299 4109 2479 4180 igitur
2508 4107 2824 4180 agendum?
2847 4108 3051 4166 Utrum
3087 4111 3474 4182 pugnandum
3498 4129 3730 4185 semper
3750 4113 3778 4168 ?

2122 4201 2184 4255 Id
2213 4199 2430 4271 quippe
2445 4197 2774 4254 necessario
2799 4198 3163 4270 consequiex
3186 4201 3485 4271 proposito
3507 4218 3774 4272 perseve-

2123 4289 2294 4345 randi
2327 4289 2398 4344 ad
2433 4293 2763 4344 extremum
2795 4289 2943 4345 ποι
2975 4287 3037 4343 in
3069 4288 3411 4346 defensione
3433 4291 3776 4362 pueri.Nisi,

2123 4379 2279 4451 quod
2311 4378 2534 4450 sperari
2563 4394 2677 4433 non
2713 4381 2940 4449 poterat
2965 4394 3081 4433 una
3113 4377 3229 4450 ipsi
3257 4395 3365 4435 nec
3395 4395 3611 4451 magna
3630 4397 3778 4452 gens

2124 4471 2466 4526 universum
2494 4469 2553 4524 in
2587 4485 2650 4524 se
2683 4470 3059 4540 conjuratum
3095 4469 3408 4543 imperium
3453 4472 3777 4539 vincerent,

2125 4577 2193 4616 ac
2237 4577 2310 4615 ne
2343 4560 2390 4616 si
2444 4559 2684 4632 quidem
2737 4567 2937 4630 posset
2965 4561 3302 4631 succedere,
3336 4565 3535 4617 tamen
3567 4563 3781 4619 tentari

2123 4650 2482 4706 conveniret.
2513 4648 2617 4704 Hic
2644 4665 2776 4705 vere
2807 4666 2941 4706 cum
2973 4651 3043 4704 ad
3080 4649 3314 4706 unicam
3338 4651 3590 4707 oblatam
3616 4669 3778 4707 com-

2126 4739 2408 4810 ponendae
2432 4737 2593 4809 pacis
2617 4737 2904 4793 rationem
2929 4737 3260 4792 referebant
3280 4737 3652 4807 animum,ad
3678 4739 3778 4794 de-

2127 4827 2412 4883 ditionem
2447 4843 2656 4899 nempe
2691 4827 2855 4898 pueri
2888 4825 3160 4897 hospitis,
3183 4827 3580 4883 abhorrebant
3601 4832 3780 4900 atque

2129 4916 2582 4985 aversabantur,
2633 4915 2952 4987 potiusque
2998 4916 3444 4987 propendebant
3473 4916 3532 4972 in
3566 4933 3784 4989 anceps

2125 5007 2410 5061 damnosu
2423 5021 2594 5076 mque
2615 5004 2931 5061 consilium
2952 5004 3208 5060 bellandi
3241 5006 3312 5060 ad
3331 5013 3658 5062 extremum
3683 5022 3785 5077 pe-

2127 5097 2320 5152 riculo
2357 5111 2732 5168 quocunque.
2767 5099 2920 5151 Inter
2947 5095 3056 5151 hos
3089 5094 3408 5152 multorum
3442 5102 3787 5167 eastus,cum

2126 5185 2302 5257 longa
2320 5183 2729 5256 perplexarum
2745 5184 3170 5241 deliberationu
3183 5203 3236 5241 m
3253 5203 3418 5242 mora
3435 5187 3575 5243 certi
3592 5188 3786 5243 consi-

2128 5276 2188 5331 lii
2217 5275 2362 5330 nihil
2385 5275 2783 5346 expediretur,
2813 5291 3004 5330 caecus
3026 5276 3458 5345 advena,causa
3480 5282 3781 5333 tantorum

2130 5369 2427 5433 motuum,
2462 5364 2758 5420 dimissus
2811 5364 2883 5419 ad
2919 5369 3128 5420 Persas
3169 5365 3338 5438 fugit.
3373 5366 3482 5432 Qui
3513 5383 3686 5438 porro
3717 5383 3786 5423 ex

2131 5454 2430 5510 montanis
2490 5454 2707 5525 pacisci
2769 5470 2904 5508 cum
2938 5453 3157 5511 nostris
3189 5460 3247 5510 et
3277 5472 3491 5512 arcano
3530 5460 3785 5512 tractare

2129 5547 2350 5602 dudum
2386 5550 2706 5616 cceperant,
2737 5545 2778 5600 ii
2812 5544 3130 5615 fcedusjam
3150 5545 3344 5617 palam
3367 5546 3785 5617 icerunt,rece-

2131 5635 2333 5709 ptique
2363 5635 2424 5690 in
2456 5635 2733 5707 gratiam,
2766 5651 2899 5692 cum
2927 5638 3146 5705 essent,
3179 5640 3245 5690 ut
3269 5636 3412 5705 dixi,
3447 5641 3505 5692 et
3537 5637 3704 5692 multi
3729 5639 3787 5691 et

2130 5723 2412 5800 praecipui
2446 5728 2888 5793 montanorum,
2920 5722 3179 5795 reliquos
3210 5722 3572 5783 inﬁrmiores
3625 5724 3788 5782 illius
