4112 6418
346 413 453 466 643

1652 396 1955 452 GEORGII
1998 395 2462 452 PACHYMEBE

3660 397 3771 452 644

345 537 582 596 ἐκείνους
615 532 995 606 ἡμερωθέντες
1025 533 1142 587 τοῖς
1183 522 1380 587 ἄλλοις
1426 526 1606 605 κακῷς
1652 519 1743 574 καὶ
1775 519 1998 589 ἀπηνῶς
2031 522 2085 587 Α
2113 518 2203 572 καὶ
2257 521 2285 573 ὁ
2343 518 2610 591 ἀδικήσας
2670 517 2966 596 κερδαίνειν
3043 518 3192 595 δόξαι
3254 520 3600 594 ἀνεχομένης
3668 528 3775 592 τῆς

348 622 770 700 προσεφέροντο,
820 619 909 673 καὶ
958 614 1306 690 προσετίμων
1360 611 1582 683 ζημίαις
1626 610 1690 664 οὐ
1735 612 1999 684 φορηταῖς

346 696 436 769 καὶ
474 696 710 785 μείζοσιν
745 709 779 777 ἢ
814 707 941 762 ὥστ’
993 706 1223 778 ἐνεγκεῖν
1275 701 1531 762 ἐκείνους.
1565 700 1642 757 Τὸ
1674 696 1719 752 δ’
1752 696 1996 752 ἐλαύνειν

348 803 547 864 ἐκεῖθεν
594 800 964 873 ἐξορίζοντας,
1032 791 1258 865 ἄσμενοι
1329 787 1385 843 ἂν
1458 789 1531 850 εἷς
1575 786 1842 860 τιμωρίαν
1900 805 1996 858 με-

343 891 531 967 γίστην
592 887 916 962 πράξοντες,
972 884 1125 954 ὅμως
1184 878 1497 934 ἐκωλύοντο
1570 880 1866 952 πράττειν,
1919 875 1994 945 μή

344 979 555 1039 καὶτὰς
602 976 767 1051 ἄκρας
811 975 1052 1046 ἐρημοῦν
1109 967 1318 1045 ἀνδρῶν
1360 967 1456 1031 τάς
1504 967 1678 1040 ὁρμὰς
1717 970 1826 1020 τῶν
1860 970 1995 1038 Περ-

348 1073 454 1122 σῶν
506 1069 719 1140 ἀνέχειν
782 1060 1112 1135 δυναμένων.
1174 1062 1356 1115 Ταῦτα
1429 1056 1537 1132 ιιὲρὶ
1584 1056 1712 1117 τοὺς
1757 1058 1995 1129 Τρικοκ-

346 1159 548 1218 κιώτας
606 1154 694 1209 καὶ
744 1153 869 1214 τοὺς
934 1155 1030 1205 τοῦ
1087 1152 1247 1224 ζυγοῦ
1305 1144 1728 1221 διαπραξάμενοι
1788 1142 1994 1217 ἀνεχώ-

346 1267 472 1321 ρουν
507 1244 590 1300 ἐπ’
622 1241 784 1297 οἷ’κων
799 1284 813 1299 .

344 1352 426 1409 ιδ’,
462 1354 649 1412 νΟπως
682 1349 898 1436 γιετέθη
934 1348 961 1401 ὁ
984 1347 1333 1436 πατριάρχης
1371 1344 1558 1436 patng
1587 1340 1655 1396 τὰ
1687 1335 1989 1414 συμϐάντα,

675 1416 764 1476 καὶ
800 1416 947 1482 ὅπως
976 1420 1068 1473 τὸν
1096 1416 1331 1493 βασιλέα
1361 1416 1651 1494 ἀφώρισεν.

409 1515 478 1568 Τὸ
515 1511 695 1585 μέντοι
729 1512 851 1585 περὶ
902 1511 994 1563 τὸν
1047 1504 1217 1562 παῖδα
1257 1505 1514 1575 Ἰωάννην
1567 1498 1800 1577 συμϐὰν,
1838 1502 1991 1575 μέγι-

338 1624 464 1657 στον
515 1600 571 1655 δν
616 1600 650 1670 ἢ
686 1599 824 1653 ὥστε
880 1592 1175 1673 κρυϐῆναι,
1209 1594 1472 1649 ἔκπυστον
1526 1593 1718 1670 γέγονε
1767 1591 1856 1645 καὶ
1908 1594 1988 1661 τῷ

337 1691 671 1766 πατριάρχῃ.
722 1690 782 1746 Ὀ
834 1685 879 1742 δ’
930 1686 1163 1747 ἀκούσας
1220 1683 1271 1738 ἐν
1333 1681 1489 1755 δεινῷ
1543 1681 1701 1745 ἐτίθει
1748 1681 1847 1747 τὴν
1895 1679 1988 1753 ἀγ-

336 1780 545 1855 γελίαν,
578 1778 668 1833 καὶ
704 1777 801 1832 οὐκ
841 1778 988 1850 εἶχεν
1024 1776 1052 1829 ὅ
1082 1796 1133 1828 τι
1165 1773 1253 1827 καὶ
1285 1772 1503 1846 πράξοι,
1555 1766 1679 1824 οὐδὲ
1729 1769 1987 1828 καθεκτὸς

2114 604 2291 678 δίκης.
2347 610 2483 666 «Τὸ
2540 613 2671 684 γοῦν
2732 609 2783 680 ἐξ
2837 612 3085 682 ἠμῶν,‹‹
3121 606 3252 684 ἔφη,
3310 608 3368 663 ἂν
3430 607 3607 680 ἐκείνη
3668 631 3775 665 πε-

2114 696 2390 772 ρίαργοίη,
2425 695 2631 753 δίκαιον
2674 698 2937 774 γίνεσθαι,
2988 699 3061 761 ὡς
3122 696 3180 753 ἂν
3240 703 3323 773 τῷ
3376 700 3499 771 περὶ
3561 698 3772 755 τούτων

2112 788 2429 861 ἀγανακτεῖν
2486 788 2853 862 μισοπόνηροι
2911 787 3175 860 δόξωμεν.
3211 812 3239 840 ››
3299 793 3478 846 Ταῦτα
3540 792 3601 862 [Ρ
3642 793 3768 865 435]

2108 880 2209 932 τοῦ
2266 876 2611 953 πατριάρχου
2672 876 2926 951 λὲγοντος
2994 878 3317 953 ἀπήχθοντο
3380 879 3477 951 μὶν
3536 880 3588 933 οἱ
3638 882 3763 955 περὶ

2110 967 2312 1021 ἐκεῖνον
2376 966 2621 1029 ἐκτόπως
2678 968 2768 1022 καὶ
2828 968 3162 1041 ἀπεστῦγουν
3230 969 3298 1022 τὰ
3356 970 3764 1047 παπραγμένα,

2109 1056 2169 1109 τὸ
2201 1053 2257 1109 δὲ
2284 1061 2384 1109 πᾶν
2442 1054 2526 1110 ἐπ’
2582 1056 2770 1128 ἐκείνῳ
2825 1062 3034 1119 κεῖσθαι
3095 1052 3497 1130 διωμολόγουν,
3546 1057 3623 1122 ὡς
3672 1057 3763 1111 καὶ

2110 1145 2288 1199 αὐτῶν
2353 1144 2656 1218 ἑψομένων,
2689 1143 2741 1199 εἶ’
2787 1166 2838 1199 τι
2892 1143 2955 1199 ἂν
3001 1143 3189 1218 ἐκείνῳ
3236 1145 3325 1199 καὶ
3382 1142 3552 1216 δόξαι.
3603 1148 3665 1207 Ὀ
3707 1144 3765 1203 δὲ

2108 1234 2284 1307 ὅρκων
2346 1234 2563 1289 ἐκείνων
2620 1235 3045 1305 καταπενάξας,
3112 1234 3203 1289 καὶ
3282 1235 3540 1308 μνησθεὶς
3607 1237 3759 1303 ὅπως

2107 1321 2433 1398 ἐμπεδοῖντο
2464 1324 2552 1378 καῖ
2594 1322 2761 1379 ἄλλοι
2824 1326 2901 1398 μὴ
2952 1324 3060 1379 οἶοί
3107 1346 3165 1380 τε
3220 1324 3473 1400 πράττειν
3507 1326 3573 1379 τὰ
3604 1327 3761 1399 ὁμω-

2109 1415 2380 1486 μῡσμὲνα,
2415 1413 2576 1475 αὐτὸς
2622 1413 2684 1468 τὸ
2716 1412 2791 1475 είς
2823 1415 3023 1469 ἐκεῖνον
3058 1414 3193 1483 ἧκον
3236 1419 3413 1469 ποιεῖν
3461 1412 3756 1489 ἀνεδέχετο

2109 1502 2293 1574 μόνος.
2328 1502 2480 1571 Πλὴν
2550 1502 2610 1556 οὐ
2666 1506 2998 1575 σωματικῶς
3055 1505 3304 1580 σφάττειν
3361 1504 3549 1577 ᾑρεῖτο
3611 1502 3761 1576 (οὐδὲ

2101 1592 2202 1667 γὰρ
2262 1591 2451 1664 ἄξιον)·
2514 1590 2638 1646 ὅσον
2693 1589 2737 1645 δ’
2786 1592 2885 1661 ἧκε
2914 1593 3052 1647 κατὰ
3107 1593 3292 1667 ψυχὴν
3346 1594 3625 1669 πράττειν,
3658 1593 3759 1649 οὐκ

2106 1681 2417 1757 ἐρρᾳθύμει.
2471 1682 2548 1739 Τὸ
2581 1680 2626 1735 δ’
2655 1683 2721 1750 ἦν
2756 1681 2972 1743 πάντως
3028 1680 3160 1757 ὅπερ
3206 1680 3297 1736 διὰ
3324 1686 3422 1747 τῆς
3474 1684 3754 1758 μαχαίρας

2100 1776 2198 1827 τοῦ
2247 1771 2553 1843 πνεύματος
2604 1771 2827 1845 γίνεται,
2863 1770 3031 1826 ὅέστι
3067 1770 3220 1847 ῥῆμα
3268 1776 3423 1827 Θεοῦ⁴
3480 1773 3555 1834 ὡς
3607 1771 3753 1827 διαι-

336 1872 402 1938 ἧν
433 1868 643 1925 ἀλύων.
688 1867 817 1923 Εἶτα
873 1866 948 1937 μὴ
980 1863 1161 1939 κρίνας
1192 1859 1450 1936 ἀσφαλῶς
1484 1861 1659 1930 ἑαυτῷ
1689 1857 1775 1911 ἐπῖ
1802 1855 1986 1911 τοιαῦ-
2017 1869 2063 1932 Β
2099 1867 2216 1937 μεῖν
2250 1862 2340 1915 τὸν
2371 1859 2514 1931 ἄξιον
2542 1860 2632 1915 καὶ
2676 1861 2767 1916 τὸν
2816 1860 3051 1933 ἀνάξιον,
3084 1862 3169 1914 καὶ
3204 1862 3296 1916 τὸν
3332 1862 3427 1934 μὲν
3478 1860 3753 1937 εὐλογεῖν,

334 1980 455 2018 ταις
509 1956 729 2031 πράξεσι
783 1958 990 2025 σιωπᾷν
1032 1952 1121 2007 καὶ
1180 1953 1256 2024 μὴ
1302 1950 1561 2019 ἐπεξιέναι
1621 1946 1980 2019 ἐπιτιμῶντα,

330 2045 846 2123 προσκαλεσάμενος
907 2042 1032 2104 τοὺς
1108 2042 1231 2112 περὶ
1296 2039 1461 2094 αὐτὸυ
1529 2037 1835 2112 ἱεράρχας,
1892 2035 1983 2090 καὶ

333 2134 482 2190 δεινὰ
516 2134 845 2209 σχετλιάσας
906 2132 967 2185 τὸ
1010 2135 1229 2206 πρῶτον
1280 2130 1351 2190 ὡς
1403 2128 1746 2203 χλευασοείς,
1778 2125 1867 2179 καὶ
1900 2124 1981 2179 δτι

329 2225 493 2296 νόμοι
525 2227 953 2300 καταφρονοῖντο
995 2224 1129 2275 Θεοῦ
1180 2216 1270 2272 διὰ
1309 2224 1410 2286 τῆς
1452 2221 1561 2270 τῶν
1604 2214 1780 2291 ὅρκων
1809 2234 1981 2289 παρα-

330 2309 521 2374 ϐασίας
575 2310 1110 2385 ὑπεραγανακτήσας,
1153 2306 1315 2369 τέλος
1366 2307 1416 2359 τί
1474 2303 1554 2360 δεῖ
1600 2310 1774 2359 ποιεῖν
1822 2325 1981 2358 κατε-

332 2402 619 2472 σκέπτετο,
670 2401 743 2460 ὡς
808 2400 881 2472 μὴ
938 2394 1135 2471 ψεῦδος
1184 2393 1445 2465 ἀληθείας
1502 2395 1981 2468 κατακαυχήσαιτο

336 2604 529 2678 gentis
561 2604 657 2658 irae
682 2603 1086 2658 ministrorum
1116 2599 1493 2672 imperatoris
1512 2598 1984 2669 objecerunt;qul

336 2711 435 2751 eos
468 2693 674 2748 acerbe
706 2691 1143 2761 crudeliterque
1173 2686 1983 2759 vexarunt,spoliantesinto-

337 2783 657 2838 lerabiliter
684 2782 1017 2849 miseros,et
1043 2779 1243 2833 multae
1275 2778 1793 2834 nominesummas
1815 2777 1885 2831 ab
1910 2776 1982 2832 iis

332 2872 592 2945 pecuniae
608 2871 859 2941 majores
873 2872 1289 2939 extorquentes
1313 2883 1491 2938 quam
1518 2882 1767 2937 quas,ne
1788 2865 1983 2920 vendi-

332 2963 402 3017 lis
433 2962 671 3033 quidem
702 2976 829 3030 quae
864 2958 1159 3013 habebant
1187 2956 1499 3025 universis,
1537 2960 1777 3027 possent
1807 2954 1983 3010 conﬁ-

331 3069 480 3108 cere.
513 3051 626 3105 Nec
661 3050 778 3103 ulla
813 3047 1221 3119 imperatorios
1254 3044 1655 3101 misericordia
1686 3044 1876 3099 tenuit
1907 3044 1979 3098 ab

331 3141 404 3195 iis
460 3138 931 3195 exterminandis
982 3140 1040 3191 et
1073 3135 1457 3191 cxturbandis
1506 3134 1645 3189 sede
1698 3132 1887 3203 patria
1918 3132 1978 3188 in

329 3229 614 3285 ultionem
675 3226 1010 3283 rebellionis
1046 3241 1059 3280 :
1094 3226 1196 3281 sed
1257 3224 1328 3279 ab
1360 3241 1426 3279 eo
1458 3223 1701 3278 consilio
1749 3221 1850 3277 illa
1879 3238 1978 3277 eos

326 3336 466 3374 cura
512 3316 818 3381 revocavit,
851 3316 1005 3386 quod
1055 3314 1439 3384 providebant
1471 3313 1589 3367 fore
1623 3316 1685 3366 ut
1714 3310 1807 3365 his
1841 3310 1977 3364 inde

2090 1954 2181 2006 τὸν
2234 1949 2280 2005 δ’
2335 1950 2631 2022 ἐκπέμπειν
2678 1953 2777 2018 τῆς
2830 1948 3160 2023 ὁΛομελείας
3203 1954 3301 2005 τοῦ
3352 1951 3607 2024 σώματος
3651 1957 3750 2007 τοῦ

2092 2041 2349 2112 Χριστου.
2411 2041 2591 2096 Ταῦτα
2638 2041 2836 2109 στήσας
2885 2039 3005 2102 καθ’
3056 2037 3266 2106 ἑαυτὸν,
3295 2042 3403 2092 τῶν
3452 2036 3640 2095 ἄλλων
3668 2044 3751 2111 τῷ

2098 2128 2191 2200 μὲν
2227 2124 2420 2198 δικαίῳ
2465 2124 2902 2198 δυσωπουμένων
2936 2127 3015 2197 τῷ
3065 2123 3122 2180 δὲ
3175 2121 3395 2202 φοϐερῷ
3446 2126 3749 2182 συστελλο-

2097 2216 2270 2289 μένων
2308 2260 2321 2285 ,
2380 2218 2456 2289 μή
2516 2218 2603 2271 καὶ
2658 2214 2996 2292 ἀνεδέστερον
3056 2216 3468 2291 ἀπεργάσαιντο,
3528 2219 3753 2291 πέμψας

2096 2306 2300 2369 ἐκεῖνος
2344 2306 2456 2379 ἅμα
2502 2326 2559 2361 τε
2607 2303 2827 2382 ἐλέγχει
2872 2301 3214 2374 ἀσεϐνίσαντα
3262 2305 3351 2359 καὶ
3381 2306 3475 2380 ἅμ’
3505 2305 3748 2385 ἐπιφέρει

2091 2396 2188 2463 τὴν
2234 2399 2330 2449 τοῦ
2377 2394 2688 2467 πνεύματος
2738 2395 2915 2468 τομὴν
2967 2394 3060 2449 τὸν
3110 2394 3435 2470 ἀφορισμόν.
3484 2394 3748 2451 Ἐνταῦοά

2096 2616 2250 2664 mus,
2313 2600 2413 2655 sed
2476 2599 2683 2654 saltem
2754 2600 3256 2656 demonstratione
3295 2599 3494 2671 aliqua
3520 2598 3746 2671 insigni

2094 2690 2315 2744 mundo
2348 2693 2403 2744 et
2437 2689 2686 2760 posteris
2708 2690 2912 2745 testari
2933 2706 3046 2745 non
3070 2705 3211 2745 sane
3236 2688 3622 2762 probantibus
3645 2695 3749 2746 aut

2092 2778 2480 2834 tolerantibus
2513 2778 2681 2833 nobis
2713 2783 2773 2834 at
2804 2778 3180 2834 vehementer
3209 2779 3659 2850 indignantibus
3690 2784 3748 2835 et

2092 2868 2675 2937 detestantibus,tam
2705 2874 2868 2925 atrox
2889 2869 3083 2925 scelus
3104 2869 3285 2925 fuisse
3310 2873 3739 2941 perpetratum.

2090 2957 2251 3013 Talia
2282 2957 2557 3030 loquente
2590 2958 2922 3029 patriarcha
2944 2958 3371 3015 exhorruerunt
3402 2960 3473 3013 ad
3496 2959 3747 3015 mentio-

2090 3063 2221 3102 nem
2286 3048 2546 3103 fanaticte
2598 3047 2963 3103 crudelitatis
2994 3049 3094 3119 qui
3130 3050 3373 3103 aderant
3417 3048 3739 3114 antistites,

2091 3136 2368 3208 nulloque
2383 3154 2497 3192 non
2517 3136 2684 3209 signo
2708 3136 3084 3192 declararunt
3105 3136 3435 3193 abominari
3453 3153 3577 3193 sese
3601 3138 3742 3193 totis

2089 3226 2306 3281 animis
2339 3226 2568 3281 facinus
2587 3227 2730 3281 adeo
2762 3226 3137 3283 exsecrabile.
3172 3228 3597 3297 Adjunxerunt,
3630 3226 3735 3280 de-

2088 3320 2349 3371 cerneret
2376 3316 2529 3386 quod
2562 3314 2665 3371 tali
2697 3314 3000 3372 occasione
3032 3316 3119 3371 fas
3150 3319 3206 3371 et
3232 3331 3460 3387 aequum
3494 3329 3731 3385 poscere

330 3409 514 3480 pulsis
547 3424 717 3463 nemo
741 3374 1182 3477 ja'mlessct‘qui
1209 3406 1357 3475 juga
1382 3403 1505 3467 illa,
1535 3399 1976 3473 propugnacula
2006 3374 2048 3441 α
2090 3409 2322 3477 putaret
2357 3374 2889 3476 :ucomprobaturos
2931 3421 3058 3461 sese
3081 3422 3147 3460 ac
3181 3422 3283 3476 pro
3299 3374 3467 3460 .virili
3496 3374 3732 3459 secutu-

330 3498 577 3553 Romani
614 3496 835 3563 limitis,
872 3512 904 3549 a
935 3494 1241 3549 Persarum
1274 3493 1510 3549 assidue
1543 3490 1659 3546 illis
1710 3490 1976 3562 partibus

325 3585 741 3642 insidiantium
776 3584 1092 3652 crebroque
1126 3581 1580 3652 irrumpentium
1622 3579 1976 3635 incursioni-

327 3678 439 3731 bus
474 3679 597 3729 tuta
623 3672 1060 3744 praestaretJlis
1083 3670 1236 3725 circa
1263 3670 1653 3725 Tricocciotas
1676 3674 1727 3725 et
1758 3673 1979 3725 monta-

328 3782 438 3820 nos
474 3764 658 3835 gestis
691 3763 967 3817 Romanae
998 3762 1176 3831 copiae
1208 3762 1448 3816 domum
1484 3764 1867 3816 reverterunt.

343 3872 431 3926 14.
470 3872 531 3927 Ut
580 3871 806 3941 affectus
834 3870 1006 3938 fuerit
1038 3868 1357 3939 patriarcha
1388 3868 1578 3923 audita
1617 3870 1977 3925 excwcan'ane

420 3944 676 4007 Joannis,
701 3950 748 3997 et
783 3951 841 3997 ut
883 3941 1269 4012 imperatorem
1303 3942 1884 3995 excommunicaverit.

398 4033 682 4088 Caeterum
718 4032 871 4103 quod
910 4048 1087 4100 puero
1108 4029 1324 4085 Joanni
1349 4030 1843 4099 evenerat,majus
1867 4028 1977 4083 uti-

334 4138 447 4194 que
476 4127 648 4193 atque
679 4120 935 4176 atrocius
968 4137 1145 4192 quam
1182 4125 1245 4174 ut
1275 4119 1451 4175 taceri
1486 4119 1777 4190 posset,ad
1803 4134 1976 4174 aures

334 4211 683 4284 patriarchae
735 4227 971 4281 quoque
1027 4210 1316 4280 perlatum
1349 4209 1503 4265 202
1553 4214 1662 4263 est.
1698 4210 1752 4263 ls
1806 4224 1975 4280 porro

2086 3512 2203 3550 ros.
2237 3495 2322 3548 Ad
2358 3510 2424 3549 ea
2455 3492 2551 3549 ille
2582 3495 2742 3566 gravi
2777 3510 2843 3549 ex
2870 3493 2987 3550 alto
3019 3498 3253 3566 pectore
3276 3495 3455 3550 ducto
3503 3492 3732 3565 gemitu,

2089 3584 2382 3638 recordari
2404 3600 2467 3638 se
2489 3588 2743 3639 testatus
2763 3600 2881 3655 qua
2903 3581 3585 3655 religionejurisjurandi
3609 3596 3739 3639 sese

2085 3690 2290 3729 omnes
2348 3672 2733 3728 astrinxerint
2788 3673 2858 3727 ad
2892 3672 3092 3728 statim
3120 3672 3535 3727 vindicandam
3574 3671 3738 3727 videt

2094 3778 2269 3817 manu
2326 3761 2656 3833 perﬁdiam,
2692 3762 2751 3815 in
2786 3766 2915 3817 utro
2973 3763 3373 3833 Augustorum
3426 3762 3737 3817 exsisteret

2085 3853 2250 3908 alteri
2276 3858 2480 3907 contra
2509 3858 2675 3923 pacta
2698 3857 2980 3908 conventa
3012 3852 3280 3909 insidiari
3303 3869 3371 3908 ac
3394 3853 3653 3925 grassari
3683 3854 3744 3909 in

2084 3942 2333 3998 alterum
2358 3942 3175 4014 audente,addidit,quoniam
3201 3946 3511 4015 appareret
3531 3943 3741 3999 deesse

2084 4031 2421 4087 facultatem
2480 4032 2706 4087 caeteris
2757 4032 2957 4101 jurata
2985 4030 3365 4102 exsequendi,
3400 4048 3463 4087 se
3494 4031 3736 4101 quidem

2084 4121 2237 4193 quod
2263 4126 2417 4177 esset
2446 4120 2505 4175 in
2538 4137 2599 4176 se
2630 4121 2947 4177 facturum.
2984 4120 3105 4178 Non
3139 4120 3483 4176 stricturum
3536 4125 3737 4176 autem

2086 4209 2427 4265 sensibilem
2460 4208 2722 4281 gladium
2748 4211 2806 4264 in
2831 4226 3047 4281 corpus
3071 4226 3137 4265 ac
3158 4209 3434 4281 jugulum
3461 4209 3737 4282 sacrilegi

2082 4300 2260 4372 (haud
2296 4300 2451 4354 enim
2486 4300 2543 4353 id
2578 4300 2689 4355 sibi
2715 4299 3068 4370 convenire),
3100 4300 3198 4355 sed
3232 4300 3388 4370 quod
3422 4316 3540 4354 suae
3573 4304 3735 4371 pote-

2081 4389 2250 4445 statis
2275 4390 2441 4454 foret,
2501 4388 2744 4444 minime
2778 4393 3191 4444 cunctaturum
3225 4389 3737 4460 exsequi,utendo

2079 4477 2274 4550 gladio
2328 4478 2597 4550 spiritus,
2658 4479 2810 4549 quod
2871 4482 2961 4534 est
2990 4479 3236 4533 verbum
3291 4478 3444 4534 203
3496 4478 3621 4543 Dei,
3656 4479 3731 4533 ad

324 4566 547 4621 Deinde
605 4568 769 4619 ratus
829 4563 982 4619 haud
1018 4580 1292 4620 securum
1353 4580 1481 4620 esse
1516 4563 1629 4619 sibi
1663 4581 1841 4635 super
1869 4563 1972 4619 tali
2080 4567 2459 4623 dividendum
2503 4569 2732 4640 justum
2760 4568 2831 4623 ab
2865 4566 3065 4639 impio,
3100 4571 3157 4622 et
3190 4566 3273 4621 illi
3307 4567 3548 4639 quidem
3582 4566 3733 4624 bene

322 4656 579 4711 facinore
610 4652 783 4709 silere
818 4655 1106 4725 necjusta:
1130 4653 1184 4707 id
1213 4653 1743 4709 animadversionis
1767 4653 1969 4709 ulcisci
2080 4656 2439 4728 precandum
2506 4656 2661 4711 hunc
2720 4673 2854 4711 vero
2917 4655 3383 4712 abscindendum
3443 4655 3730 4711 aChristi

322 4744 600 4813 vindicta,
630 4744 965 4800 convocatis
995 4743 1092 4815 qui
1128 4745 1198 4798 ad
1233 4760 1475 4799 manum
1504 4747 1667 4799 erant
1704 4742 1966 4815 praesuli-
2001 4744 2045 4809 D
2081 4761 2341 4818 corpore.
2400 4750 2534 4802 Haec
2566 4762 2628 4801 se
2675 4745 2846 4817 plane
2880 4748 3067 4801 facere
3099 4745 3430 4801 decrevisse
3461 4762 3592 4801 cum
3626 4745 3728 4801 ille

317 4835 455 4902 bus,
487 4834 740 4907 graviter
770 4850 1136 4905 conquerens
1169 4835 1424 4904 primum
1449 4850 1511 4889 se
1532 4834 1804 4889 delusum
1842 4833 1968 4888 irri-
2078 4834 2495 4905 signiﬁcasset,
2550 4834 2681 4890 aliis
2740 4835 2813 4891 ob
2847 4835 3225 4890 manifestam
3258 4834 3339 4890 rei
3388 4834 3727 4906 aaquitatem

321 4939 570 4994 sumque
628 4928 746 4977 tum
803 4923 951 4978 foede
999 4928 1368 4995 contemptae
1411 4922 1512 4979 Dei
1562 4922 1720 4995 leges
1747 4922 1967 4978 nefaria
2079 4925 2414 4995 improbare
2442 4942 2554 4980 non
2585 4924 2965 4990 audentibus,
2997 4929 3054 4979 et
3084 4928 3515 4980 terroretamen
3566 4923 3725 4979 haud

320 5011 633 5067 violatione
683 5013 1183 5081 juramentorum,
1238 5012 1653 5082 indignitatem
1688 5011 1965 5067 horrendi
2078 5013 2256 5069 dubio
2281 5014 2602 5082 concussis,
2629 5030 2700 5070 ne
2731 5014 2877 5069 diris
2909 5030 3113 5070 omnes
3146 5013 3732 5086 suppliciis,satelli-

318 5098 519 5167 ﬂagitii
555 5100 945 5169 exaggeravit;
980 5117 1045 5154 ac
1086 5100 1340 5171 denique
1360 5098 1805 5154 deliberandum
1835 5118 1966 5172 pro-
2079 5103 2240 5158 tibus
2271 5103 2587 5158 abirritato
2611 5103 3003 5159 anathematis
3028 5102 3729 5175 ignominiaimperatore

322 5187 520 5258 posuit
576 5188 715 5258 quid
777 5188 880 5244 tali
936 5191 1242 5246 occasione
1274 5206 1335 5245 se
1367 5189 1556 5245 facere
1596 5190 1844 5255 deceret,
1896 5207 1967 5247 ne
2079 5192 2390 5262 immissis,
2452 5192 2921 5265 conciderentur,
2981 5193 3314 5265 patriarcha
3344 5194 3724 5265 pronuntiato

326 5277 575 5331 mendax
596 5279 927 5348 perﬁdiade
951 5279 1291 5336 conculcata
1313 5280 1555 5336 veritate
1576 5280 1819 5350 impune
1841 5280 1965 5352 glo-
2078 5282 2273 5353 palam
2328 5286 2387 5337 et
2446 5283 2658 5340 merita
2696 5284 3005 5340 severitate
3059 5284 3369 5355 objurgato
3423 5282 3727 5338 Michaelis

319 5365 598 5435 riaretur,
630 5382 770 5421 neve
800 5372 1101 5438 grassator
1132 5369 1548 5439 iniquissimus
1582 5369 1964 5441 opimo,quod
2077 5374 2327 5445 Augusti
2352 5373 3091 5447 scelere,ipsum,legitima
3118 5376 3343 5447 prolata
3366 5373 3729 5444 talisjudicii

317 5454 750 5510 immanissima
783 5457 1059 5526 rapuerit,
1096 5458 1280 5527 spolio
1310 5459 1965 5529 gauderet,connivente
2077 5466 2652 5538 formula,spirituali
2686 5466 2944 5523 sectione
2979 5484 3012 5521 a
3041 5467 3458 5521 communione
3490 5464 3724 5522 Christo

309 5542 544 5612 iustitia
604 5542 799 5598 ἀίνίοθ
832 5563 845 5612 ;
901 5560 1028 5613 qua}
1060 5544 1109 5599 εί
1141 5546 1287 5613 ευίε,
1322 5553 1385 5602 ut
1416 5547 1765 5621 plerumque
1795 5549 1962 5620 solet,
2075 5555 2437 5610 credentium
2472 5555 2580 5610 rite
2611 5560 2854 5611 resecat.
2888 5554 3019 5610 Fuit
3048 5555 3105 5609 in
3142 5555 3314 5610 modo
3360 5572 3427 5609 ac
3471 5552 3728 5609 circum-

315 5631 704 5704 incompertis
751 5632 1011 5688 humano
1053 5634 1286 5704 ingenio
1344 5636 1608 5693 consiliis
1637 5641 1962 5707 cunctetur,
2076 5643 2296 5699 stantia
2326 5645 2581 5716 quadam
2613 5645 2794 5716 hujus
2825 5644 2962 5700 facti
2995 5644 3151 5716 quod
3177 5645 3314 5713 jure
3346 5643 3479 5714 quis
3527 5659 3730 5715 repre‘

315 5724 517 5777 tamen
537 5721 757 5780 nostris
787 5738 917 5781 esse
935 5723 1244 5787 ofﬁciinon
1266 5723 1558 5798 negligere
1580 5728 1736 5798 quod
1756 5744 1965 5800 possu-
2075 5731 2385 5790 benderet:
2437 5735 2541 5792 sed
2586 5750 2693 5791 nec
2747 5734 2935 5791 defuit
2983 5733 3140 5805 quod
3187 5734 3258 5791 ad
3291 5733 3725 5790 excusationem

326 4302 534 4357 acerbo
564 4305 979 4355 consternatus
1011 4300 1221 4354 nuntio
1259 4299 1549 4353 aestuabat
1578 4296 1797 4363 animo,
1832 4297 1973 4369 quid

322 4394 519 4462 ageret
550 4389 838 4450 incertus;
868 4404 976 4442 nec
1008 4387 1190 4442 teneri
1226 4390 1452 4458 poterat
1483 4385 1626 4456 quin
1651 4403 1713 4441 se
1736 4385 1794 4440 in
1818 4402 1973 4441 cun-

324 4484 418 4533 cta
451 4476 642 4547 palam
684 4475 1115 4531 luctuosissimi
1150 4474 1607 4530 dolorisindicia
1628 4474 1970 4530 effunderet.
