4112 6418
379 402 487 455 645

1448 400 1545 454 ΒΕ
1583 397 1960 453 MICHAELE
2000 397 2065 448 ΡΛ

2178 393 2448 451 ΞΟΙιΟΟιΟ
2484 396 2597 449 LIB
2608 436 2620 448 .
2662 399 2759 449 III.
3689 402 3798 456 646

375 545 460 584 τις
488 524 579 578 καὶ
625 522 901 596 μέμψαιτο
956 527 1069 583 τοῖς
1116 520 1395 595 γεγονόσιν
1427 521 1503 582 ὡς
1534 520 1595 575 οὐ
1643 520 1781 574 κατὰ
1828 518 2031 594 τρόπον
2060 518 2115 585 Α
2145 538 2227 571 σιν
2273 519 2300 570 ὁ
2351 522 2587 589 κρατῶν,
2645 516 2735 571 καὶ
2792 516 2969 572 πόπον
3032 515 3214 581 διδοὺς
3263 525 3339 592 τῷ
3388 517 3582 595 δικαίῳ
3638 526 3797 596 θυμῷ

379 612 624 689 γεγονόσι
662 657 675 682 ,
742 611 830 666 καὶ
911 611 1464 686 ὑπεραπολογήσαιτο
1536 614 1645 664 τῶν
1720 608 2041 683 παρξάντων

378 702 542 758 πάλιν
604 702 679 761 ὡς
741 701 845 755 οὐκ
902 698 1088 761 ἄλλως
1147 703 1321 754 ποιεῖν
1385 698 1646 774 ἐχόντων.
1683 697 1787 753 Καὶ
1842 699 1875 765 ὴ
1944 695 2038 767 μὶν

388 790 613 865 μέμψις,
656 788 741 843 ὅτι
787 788 897 850 θεὶς
939 788 1030 841 τὸν
1082 785 1278 860 δεσμὸν
1336 785 1504 864 ἐφῆκε
1550 791 1666 840 τοῖς
1696 789 1793 839 τοῦ
1826 782 2040 856 κλήρου

383 878 611 954 ψάλλειν
651 877 856 932 ἐκείνου
906 876 1092 950 χάριν,
1145 876 1283 930 ὥστε
1336 877 1388 930 οἱ
1436 876 1527 929 καὶ
1571 879 1855 929 κοινωνεῖν
1901 871 2043 926 ἐκεί-

382 989 507 1029 νους
565 965 654 1021 διὰ
708 970 815 1019 τῶν
876 967 1038 1038 ἱερῶν
1098 964 1355 1035 τελετῶν,
1417 964 1581 1024 αὐτός
1636 984 1695 1016 τε
1745 962 1839 1021 τὰς
1897 960 2043 1032 ἱερὰς

385 1057 555 1113 ἐτέλει
611 1054 1016 1131 μυσταγωγίας,
1073 1054 1153 1113 ἐφ’
1202 1056 1286 1115 αἷς
1337 1056 1401 1121 ἦν
1458 1050 1743 1127 ἀριδήλως
1792 1050 1886 1105 τὸν
1931 1046 2042 1102 δεσο

392 1152 519 1219 μοῖς
578 1147 969 1215 πνευματικοῖς
1038 1142 1406 1216 κατεχόμενον
1486 1138 1915 1212 μνημονεύσθαι.
1978 1136 2042 1192 Ἡ

389 1234 433 1290 δ’
465 1235 553 1290 ἐπὶ
584 1234 800 1294 τούτοις
844 1232 1141 1306 ἀπολογία,
1193 1230 1276 1285 ὅτι
1328 1229 1613 1306 αὐτάρκως
1663 1228 1781 1302 εἶχε
1810 1225 2045 1298 τοιούτῳ

388 1325 670 1395 προσώπῳ
698 1323 765 1375 τὰ
790 1328 890 1391 τῆς
923 1320 1320 1391 ἐπιτιμήσεως,
1374 1319 1447 1380 ὡς
1477 1318 1522 1373 εἰ
1553 1316 1641 1372 καὶ
1690 1316 2044 1390 προσετίθετο

390 1414 587 1482 πλέον,
639 1408 962 1466 κινδυνεύειν
1015 1408 1381 1484 συγκεχύσθαι
1431 1408 1498 1462 τὰ
1544 1408 1720 1461 πάντα
1766 1404 1905 1459 κατὰ
1950 1403 2045 1457 τὸν

391 1497 819 1576 Ἐμπεδόκλειον
871 1504 1133 1573 σφαῖροδ,
1186 1498 1274 1552 καί
1312 1519 1364 1552 τι
1411 1496 1502 1551 καὶ
1551 1495 2044 1570 παράλογονπρο-

394 1587 674 1661 ϐῆναιτοῦ
731 1588 1000 1664 βασιλέως
1044 1584 1533 1650 ἀπαυθαδίσαιντος.
1590 1585 1650 1639 Εἰ
1700 1583 1801 1656 γάρ
1857 1580 2049 1656 δυσχε-

397 1683 482 1758 ρὲς
520 1679 680 1755 μέγαν
733 1679 877 1732 οἶκον
933 1677 1129 1752 μικράν
1191 1673 1481 1749 δυστυχίαν
1538 1672 1810 1747 δέχεσθαι,
1868 1674 2046 1746 ὥσπερ

394 1771 483 1826 καὶ
518 1770 711 1844 μικρὸν
750 1767 1020 1842 μεγάλην,
1055 1764 1181 1820 ἀλ)’
1215 1763 1305 1819 οὖν
1337 1765 1401 1819 τὸ
1432 1766 1529 1833 τήν
1569 1761 1817 1837 μεγάλην
1853 1759 2049 1815 δυστυ-

396 1859 525 1935 χίαν
581 1863 660 1929 τῷ
724 1856 959 1931 μεγίστῳ
1015 1853 1150 1927 οᾭῳ
1199 1853 1617 1908 ὲπεισπεσοῦσαν
1671 1854 1747 1924 μὴ
1804 1850 1940 1904 κατά
1986 1849 2048 1903 τὸ

399 1950 543 2012 εἰκὸς
607 1947 1051 2020 ἐκμειλιχθεῖσαν
1106 1944 1420 2021 καθυφιέναι
1474 1949 1575 2012 τῆς
1636 1940 1896 2010 ἀπηνείας
1946 1939 2049 1993 οὐκ

401 2038 563 2113 ὀλίγα
634 2036 862 2111 βλάψειν
921 2033 979 2089 ἂν
1018 2079 1031 2092 .
1109 2030 1402 2095 Οἰδίποδες
1473 2035 1640 2085 ταῦτα
1711 2029 1800 2083 καὶ
1876 2032 2047 2082 θοῖναι

402 2128 634 2183 Θυέστου
665 2124 753 2179 καὶ
786 2125 986 2178 πλάνοι
1028 2120 1325 2176 Ὀδύσσειοι
1379 2121 1841 2195 μαρτυρήσουσιν.
1893 2116 2051 2175 Οὕτω

405 2218 497 2290 μὲν
546 2215 638 2270 οὖν
686 2219 783 2268 τοῦ
836 2213 1182 2287 πατριάρχου
1241 2210 1604 2282 μετελθόντος
1644 2209 1704 2262 τὸ
1751 2208 1845 2262 τοῦ
1900 2208 2053 2281 βασι-

398 2305 540 2368 λέως
567 2302 841 2377 τόλμημα
865 2349 880 2376 ,
912 2301 1047 2356 ἐκὼν
1086 2302 1160 2373 μὴ
1195 2298 1367 2354 θέλων
1405 2296 1623 2373 δέχεται
1654 2298 1755 2366 τήν
1789 2295 2053 2368 ἐπιτίμη-

399 2510 603 2563 contra
631 2505 894 2562 vicissim
917 2502 1277 2575 allegaretur
1301 2516 1404 2571 pro
1432 2499 1514 2553 sic
1538 2496 1873 2570 agentibus,
1897 2494 2053 2565 quod

399 2598 567 2653 aliter
593 2596 689 2650 vix
732 2598 989 2666 possent.
1040 2592 1479 2661 Inconsequens
1509 2586 1692 2642 videri
1730 2585 1919 2658 potuit
1953 2600 2056 2655 pa-

398 2685 745 2754 triarcham,
778 2681 1284 2739 excommunicato
1324 2676 1674 2733 nominatim
1706 2674 2057 2746 imperatore

401 2775 759 2847 permittere,
777 2771 1277 2843 quemadmodum
1298 2768 1448 2837 fecit,
1466 2766 1694 2822 clericis
1721 2769 1784 2819 ut
1806 2776 2055 2819 consue-

400 2869 489 2919 tas
521 2880 623 2935 pro
674 2878 740 2916 eo
774 2877 975 2932 preces
1025 2860 1218 2931 palam
1268 2858 1326 2911 in
1381 2857 1557 2910 choro
1611 2851 2059 2926 pronuntiarent

405 2953 566 3023 (nam
598 2952 708 3007 hoc
740 2955 864 3006 erat
885 2950 1047 3022 ipsos
1078 2964 1297 3002 cumeo
1329 2946 1386 3000 in
1411 2944 1596 3000 sacris
1619 2940 2059 2999 communicare

406 3041 504 3113 qui
536 3058 568 3096 ο.
596 3041 1009 3097 communione
1033 3037 1335 3092 abscissus
1356 3034 1586 3105 fuerat),
1613 3038 1738 3087 tum
1780 3034 2061 3101 praterea

407 3130 799 3202 patriarcham
847 3129 1046 3199 ipsum
1100 3142 1203 3198 per
1234 3142 1295 3181 se
1344 3125 1572 3197 operari
1607 3122 1689 3177 rei
1734 3122 1963 3187 divinae,
2000 3118 2058 3172 in

408 3237 519 3291 qua
535 3219 760 3275 sciebat
779 3217 1099 3273 honoriﬁce
1119 3214 1567 3271 memorandum
1588 3229 1719 3267 eum
1746 3227 1922 3282 quem
1948 3206 2062 3263 diri

2145 606 2445 681 ἡσύχαζεν,
2498 603 2624 661 οὔτε
2680 606 3031 683 μεμφόμενος
3078 607 3162 681 (ού
3219 608 3318 683 γάρ
3369 610 3421 663 οἱ
3468 611 3659 684 ἀξιον),
3706 616 3797 667 καὶ

2145 697 2211 749 τὰ
2264 700 2362 761 τῆς
2422 698 2667 771 πράξεως
2724 698 2798 758 ὡς
2859 697 3004 770 εἶχεν
3074 696 3417 772 ἀπελογεῖτο.
3494 702 3686 774 Ὅμως
3744 703 3795 757 ἐν

2148 785 2405 862 ἀφύκτοις
2459 786 2562 840 οὐκ
2615 788 2822 860 ἀγνοῶν
2901 788 3276 862 κατεχόμενος
3347 787 3527 862 ἡρέμα
3590 788 3803 868 διέφερε

2148 876 2246 943 τὴν
2295 875 2485 949 ὀργὴν,
2546 875 2633 929 καὶ
2692 877 2879 949 καιρὸν
2940 875 3226 948 μετανοίας
3281 876 3458 949 ἐζήτει
3519 878 3805 954 ἐφ’ᾦτήν

2152 964 2503 1038 συγχώρησιν
2565 962 2810 1036 δέξασθαι
2847 1009 2859 1021 .
2930 965 3163 1035 Ἢλπιζε
3230 967 3333 1042 γάρ
3385 968 3458 1029 ὡς
3510 968 3555 1023 εἷ
3607 972 3801 1046 μικρὸν

2150 1054 2455 1127 ἡσυχάσας,
2490 1055 2600 1107 εἶτα
2633 1058 2970 1129 μεταγνῶναι
3022 1052 3177 1125 δόξας
3231 1057 3331 1124 τὴν
3392 1057 3545 1113 λύσιν
3580 1060 3800 1131 ζητοίη,

2149 1139 2337 1215 ἕψεταί
2369 1143 2420 1196 οἱ
2451 1144 2757 1218 παραυτίκα
2786 1143 2875 1199 καὶ
2906 1146 2941 1212 ἡ
2976 1146 3352 1221 συγχώρησις,

2156 1268 2220 1304 ιε.
2256 1250 2443 1310 Ὅπως
2478 1245 2566 1303 διὰ
2594 1254 2698 1326 τῶν
2750 1251 3021 1326 τριήρεων
3070 1248 3440 1326 ᾗνδραγάθουν
3476 1256 3502 1309 ὁ
3533 1259 3629 1309 τοῦ
3678 1252 3802 1310 στό-

2596 1320 2696 1375 λου
2727 1320 2825 1390 τῆς
2858 1320 3351 1395 Ῥωμαὶδοςλαός.

2227 1409 2289 1480 [Ρ
2326 1410 2446 1478 136]
2480 1407 2701 1479 Ἀμέλει
2748 1429 2832 1462 τοι
2882 1415 2970 1462 καί
3020 1412 3211 1485 μικρὸν
3236 1410 3479 1486 ἐπισχὼν
3528 1413 3594 1467 τά
3637 1414 3803 1468 αὐτοῦ

2154 1490 2432 1570 ἔπραττεν.
2483 1501 2536 1548 Ὁ
2568 1494 2614 1550 δ’
2646 1497 2735 1551 οὗν
2798 1499 2896 1566 σὴς
2947 1503 3043 1553 τοῦ
3102 1497 3406 1563 συνειδότος
3469 1502 3542 1563 ὡς
3607 1502 3794 1557 ὀστέον

2155 1587 2255 1653 τὴν
2301 1583 2525 1661 καρδίαν
2561 1581 2835 1657 εϐόσκετο,
2881 1587 2971 1641 καὶ
3014 1589 3267 1651 ταπεινὸς
3327 1587 3523 1661 ἐδόκει,
3576 1590 3673 1645 κᾶν
3720 1591 3800 1665 τῷ

2157 1669 2376 1748 σοϐαρῷ
2433 1681 2533 1743 τῆς
2595 1674 2872 1749 βασιλείας
2930 1674 3172 1750 αἶ’ρεσθαι
3231 1678 3574 1754 προύνοεῖτο,
3622 1678 3700 1757 ἐφ’
3761 1686 3806 1752 ᾧ

2163 1765 2237 1837 μή
2283 1763 2794 1841 καταφρονούμενος
2846 1766 2935 1819 καὶ
2965 1771 3070 1820 τῶν
3129 1766 3434 1843 ἀναγκαίων
3491 1770 3805 1845 ἀποτυγχά-

2157 1874 2256 1907 νοι.
2291 1853 2366 1908 Τὸ
2423 1858 2551 1928 γοῦν
2610 1854 2861 1910 ναυτικὸν
2922 1854 3100 1925 ἔπλει,
3161 1858 3250 1911 καὶ
3309 1859 3363 1911 αἱ
3392 1860 3638 1934 τριήρεις
3692 1866 3811 1924 ταῖς

2161 1943 2353 2011 νήσοις
2400 1942 2798 2018 προσίσχουσαι
2859 1946 2961 1999 οὐκ
2999 1944 3193 2021 ὀλίγας
3240 1945 3457 2001 ἐκείνων
3490 1948 3682 2023 ᾕρουν,
3715 1949 3806 2004 καὶ

2162 2033 2468 2106 παραυτίκα
2525 2033 2579 2086 αἱ
2636 2032 2865 2088 ἁλοῦσαι
2925 2040 3187 2110 φρουροῖς
3244 2035 3611 2113 ἠσφαλίζοντο
3646 2082 3659 2109 ,
3719 2039 3808 2093 καὶ

2166 2118 2458 2191 Ῥωμαίοις
2540 2125 2920 2195 προσεκτῶντο
2988 2123 3040 2176 αἱ
3096 2122 3345 2186 Λατίνοις
3430 2121 3808 2182 δουλεύουσαι.

2162 2207 2248 2277 Ἐξ
2304 2206 2377 2260 ὧν
2436 2205 2771 2281 ἁλισκομένη
2835 2210 2929 2283 μὲν
2984 2208 3218 2285 ἔγνωστο
3268 2212 3458 2285 Νάξος,
3508 2215 3811 2289 αἱρουμένη

2165 2293 2222 2350 δὲ
2269 2297 2448 2371 Πάρος
2498 2297 2752 2371 ἠκούετο,
2810 2301 2898 2353 καὶ
2948 2299 3101 2362 Κὲως
3158 2300 3247 2355 καὶ
3308 2302 3582 2377 Κάρυστος
3641 2304 3814 2378 Ὠρεῴ

2165 2493 2278 2549 bus
2310 2494 2699 2565 praecipitatos
2731 2497 2967 2569 injuriis
3014 2502 3132 2554 tota
3164 2500 3431 2572 queritur
3470 2502 3815 2573 antiquitas,

2166 2586 2658 2655 responsantibus
2677 2585 2969 2658 hodieque
2988 2590 3228 2659 tragicis
3250 2590 3465 2646 scenis.
3490 2594 3692 2662 Itaque
3716 2609 3818 2663 pa-

2165 2672 2431 2729 triarchae
2465 2692 2620 2730 nunc
2654 2692 2888 2748 quoque
2919 2677 3091 2733 istius
3126 2694 3246 2733 suae
3281 2680 3703 2736 moderationis
3726 2681 3821 2737 hic

2168 2763 2393 2818 fructus
2424 2764 2705 2831 constitit,
2743 2770 2807 2819 ut
2854 2765 3175 2837 imperator
3205 2784 3380 2823 suum
3414 2768 3643 2825 facinus
3676 2787 3822 2826 ana-

2168 2853 2425 2908 themate
2456 2852 2581 2908 diro
2604 2853 2961 2909 vindicatum
2988 2858 3090 2909 aut
3117 2855 3320 2912 tulerit
3344 2861 3443 2912 aut
3468 2858 3617 2914 ferre
3635 2859 3818 2914 simu-

2168 2941 2374 2997 laverit
2395 2944 2705 3013 patienter,
2726 2960 2792 2998 ac
2816 2944 3015 3000 volens
3044 2943 3248 3001 nolens
3274 2947 3572 3002 submissa
3588 2948 3818 3003 ferienti

2170 3033 2411 3102 cervice,
2445 3032 2593 3087 dans
2618 3034 2806 3088 locum
2832 3033 3008 3103 justas
3034 3034 3153 3104 iraa,
3184 3035 3493 3107 quieverit,
3519 3054 3633 3092 non
3659 3054 3823 3091 mur-

2172 3137 2415 3176 murans
2448 3121 2517 3176 de
2549 3139 2743 3194 poena,
2776 3124 2877 3177 sed
2903 3123 3121 3178 factum
3156 3129 3216 3179 ut
3250 3130 3477 3196 poterat
3496 3142 3781 3182 excusans
3808 3143 3821 3181 :

2172 3226 2304 3265 cum
2341 3210 2498 3265 enim
2532 3228 2646 3266 non
2671 3212 2968 3283 ignoraret
2988 3213 3123 3268 talis
3154 3230 3216 3268 se
3239 3219 3601 3286 compertum
3627 3215 3825 3271 crimi-

411 3270 957 3291 1_“__--~_--__-_-_
1764 3270 1780 3282 ,
2693 3270 2726 3283 υ
3374 3270 3386 3286 ,
3758 3270 3761 3271 ν

406 3308 806 3365 anathematis
829 3306 1081 3362 vinculis
1106 3305 1411 3360 irretissct.
1446 3303 1659 3358 Verum
1687 3301 1757 3356 ad
1786 3299 1911 3354 hazc
1942 3296 2057 3352 dici
2092 3270 2133 3336 (ἶ
2176 3300 2266 3354 nis
2291 3300 2440 3370 quod
2470 3299 2631 3354 nulla
2654 3302 2797 3356 satis
2813 3306 3011 3372 posset
3029 3302 3545 3370 defensionedilui,
3581 3305 3823 3373 siquam

410 3404 600 3472 potest
620 3398 827 3453 merito
843 3397 1032 3452 visum
1057 3397 1326 3449 sufﬁcere
1354 3394 1563 3448 debere
1596 3394 1656 3446 in
1680 3390 1787 3446 tali
1814 3404 2065 3460 persona

414 3489 785 3545 severitatem
809 3483 1358 3551 animadversionis,
1382 3499 1513 3553 quas
1536 3480 1759 3551 aliquid
1778 3495 1807 3534 e
1830 3493 2064 3534 summo

414 3578 607 3649 rigore
640 3578 999 3631 remitteret:
1026 3572 1349 3644 periculum
1387 3570 1541 3626 enim
1572 3570 1775 3638 fuisse,
1810 3584 1881 3622 ne
1903 3565 1954 3622 si
1979 3564 2066 3620 vel

414 3663 746 3737 pauxillum
800 3661 935 3734 plus
986 3659 1322 3716 acerbitatis
1368 3658 1791 3713 admisceretur
1839 3654 2071 3725 negotio

414 3771 517 3826 per
539 3770 601 3809 se
619 3753 1068 3819 odioso,cuncta
1090 3750 1288 3805 statim
1307 3748 1537 3802 modico
1563 3743 1932 3801 momentoin
1950 3760 2074 3815 per-

418 3842 631 3898 niciem
651 3840 1013 3913 praecipitata
1032 3856 1137 3893 con
1150 3838 1553 3902 funderentur,
1575 3832 2074 3906 quemadmodum

418 3934 476 3988 in
537 3930 928 4003 Empedocleo
960 3929 1343 4000 contingebat
1398 3926 1591 3997 globo,
1652 3942 1827 3997 quem
1888 3923 2077 3977 ventis

424 4021 774 4092 compressis
804 4024 862 4075 et
901 4018 1110 4091 scpitis
1144 4017 1349 4072 foetum
1384 4016 1433 4072 si
1465 4016 1599 4087 quis
1647 4012 2081 4085 imprudentius

424 4112 839 4176 contrectaret,
872 4125 939 4164 ex
965 4124 1031 4163 eo
1058 4110 1298 4179 repente
1329 4105 1592 4178 procellae
1614 4104 1905 4159 immanes
1936 4119 2084 4158 cun-

424 4205 519 4256 cta
551 4199 667 4255 late
696 4202 1162 4269 conquassantes
1193 4196 1604 4268 erumpebant.
1638 4195 1783 4249 Nam
1816 4210 1932 4264 quo
1966 4209 2082 4247 non

424 4294 551 4345 erat
570 4286 891 4344 verisimile
915 4287 1148 4358 prodire
1170 4284 1561 4342 immanitatis
1586 4300 1757 4356 posse
1779 4283 2083 4339 efferatum

425 4378 606 4433 nimis
639 4377 758 4432 acri
791 4375 1167 4440 contumelia,
1200 4373 1544 4430 irritabilem
1580 4372 1824 4444 alioqui,
1858 4372 1929 4427 ad
1963 4372 2085 4426 haec

425 4484 675 4523 summae
708 4465 1019 4538 potestatis
1058 4463 1171 4519 sibi
1204 4464 1504 4518 conscium
1553 4460 1925 4531 imperatoris
1956 4460 2086 4515 ani-

428 4573 615 4625 mum,
646 4555 740 4612 cui
772 4554 1023 4610 tenendo
1056 4554 1195 4608 dum
1220 4550 1549 4607 vehementi
1572 4551 1895 4621 cupiditate
1920 4566 2085 4621 rape-

2170 3389 2335 3444 intus
2367 3390 2426 3443 in
2462 3390 2662 3444 animo
2711 3390 2993 3446 adversus
3022 3390 3403 3447 ulciscentem
3433 3393 3581 3447 iram
3617 3410 3828 3449 conce-

2174 3478 2281 3549 pit,
2315 3478 2561 3550 prodere
2592 3478 2796 3535 saltem
2848 3480 3099 3551 distulit,
3132 3480 3191 3535 in
3228 3499 3481 3552 prmsens
3513 3487 3825 3539 contentus

2171 3566 2291 3621 leni
2316 3582 2614 3637 responso,
2641 3568 2896 3639 spatium
2913 3568 2980 3623 ad
3006 3569 3403 3640 paenitentiam
3431 3587 3685 3641 poscere,
3710 3588 3829 3642 qua

2177 3655 2501 3725 promereri
2532 3656 2761 3711 veniam
2794 3662 3013 3727 posset,
3047 3657 3130 3713 sic
3161 3674 3359 3714 secum
3393 3660 3685 3715 subducta
3708 3661 3831 3731 spei

2180 3760 2246 3798 ac
2287 3744 2583 3800 rationum
2617 3762 2872 3815 summa,
2908 3752 3041 3818 post
3071 3747 3302 3804 brevem
3328 3749 3588 3805 obnoxia:
3618 3749 3835 3821 quietis

2183 3849 2426 3899 moram,
2464 3834 2511 3888 si
2562 3833 2866 3905 velutjam
2901 3836 3055 3891 datis
3086 3837 3233 3892 satis
3282 3837 3615 3894 illustribus
3648 3840 3837 3911 pceni-

2182 3922 2379 3976 tentias
2423 3939 2541 3977 suae
2587 3923 2770 3993 signis
2844 3925 3380 3982 reconciliationem
3431 3932 3674 3999 peteret,
3723 3928 3845 3983 voti

2186 4010 2386 4066 statim
2413 4028 2475 4066 se
2497 4016 2829 4082 compotem
2859 4013 3149 4081 futurum,
3198 4015 3417 4086 quippe
3444 4033 3576 4072 mox
3607 4017 3677 4071 ab
3703 4033 3845 4072 exo-

2185 4100 2332 4156 ratis
2350 4101 2705 4173 praesidibus
2726 4118 3029 4157 sacrorum
3046 4102 3297 4161 libenter
3318 4105 3841 4177 redintegrandum

2187 4189 2245 4245 in
2280 4196 2501 4246 statum
2535 4191 2877 4262 pristinum.

2226 4301 2313 4357 15.
2347 4301 2409 4357 Ut
2437 4300 2667 4356 navales
2697 4301 3070 4356 Romanorum
3117 4300 3291 4371 copiae
3320 4302 3642 4358 triremibus
3673 4302 3811 4359 bene

2795 4389 2911 4427 rem
2946 4375 3236 4442 gesserint.

2265 4463 2379 4517 Hoc
2415 4461 2660 4517 consilio
2692 4476 2754 4517 se
2783 4460 2979 4532 ipsum
3014 4462 3292 4519 cohibens
3322 4462 3670 4535 aliquandiu
3706 4482 3848 4520 suas

2193 4552 2305 4609 sibi
2340 4553 2610 4624 privatim
2643 4568 2736 4607 res
2768 4552 2998 4623 habuit,
3024 4552 3167 4609 lucti
3198 4553 3541 4627 indulgens,
3573 4571 3709 4611 vero
3741 4556 3854 4611 for-

425 4649 607 4710 retur,
658 4642 933 4697 infirmos
979 4657 1111 4695 esse
1160 4640 1523 4694 verecundiae
1582 4637 1875 4694 cancellos
1904 4645 2083 4707 atque
2114 4628 2161 4694 D
2196 4651 2347 4697 lasse
2380 4641 2599 4709 dolore,
2635 4658 2809 4713 quem
2841 4642 3042 4713 utique
3073 4644 3287 4698 vermis
3331 4644 3733 4714 conscientiae,
3764 4651 3853 4699 te-

428 4733 605 4788 ol‘licii
637 4733 784 4787 satis
833 4734 956 4785 erat
994 4729 1357 4801 experientia
1404 4733 1797 4799 compertum.
1849 4729 2001 4783 Sane
2034 4728 2083 4783 si

430 4839 544 4877 non
580 4823 695 4877 fere
728 4820 1052 4892 patientius
1084 4820 1298 4873 domus
1325 4834 1538 4890 magna
1570 4834 1818 4889 parvum
1844 4818 2086 4872 infortu-

430 4911 594 4965 nium
630 4927 805 4981 quam
841 4910 1054 4964 domus
1087 4924 1264 4980 parva
1313 4907 1538 4962 cladem
1577 4908 1891 4963 maximam
1933 4908 2089 4963 204

429 4998 661 5068 tolerat,
693 4997 830 5068 quis
859 5001 1029 5068 neget
1061 4997 1380 5067 prudenter
1398 4996 1613 5051 factum
1648 5000 1713 5050 ut
1733 4995 1802 5050 de
1835 4994 2089 5050 maxima

430 5090 491 5144 in
516 5088 796 5144 familiam
822 5086 1232 5159 potentissime
1255 5092 1597 5157 regnantem
1623 5085 1953 5141 necessario
1976 5084 2090 5139 im-

432 5178 723 5235 mittenda
745 5176 1102 5242 calamitate,
1123 5181 1410 5247 quantum
1438 5179 1657 5246 posset,
1684 5175 2092 5230 detraheretur

433 5275 489 5324 et
511 5265 1373 5339 adjungerenturdelinimenta
1387 5265 1602 5335 quibus
1619 5265 1920 5319 amarities
1942 5268 2091 5318 tem-

435 5361 758 5430 peraretur,
780 5372 851 5410 ne
867 5354 1295 5424 stimulisjusto
1312 5354 1553 5409 acutiori
1567 5358 1673 5407 bus
1692 5353 1778 5408 ira
1802 5353 2093 5408 concitata

436 5448 747 5503 eti‘erretur
777 5447 837 5501 in
869 5445 1243 5515 desperatum
1275 5442 1567 5514 impetum
1589 5442 1861 5497 universa
1893 5458 2091 5497 secum

436 5552 681 5608 pessum
715 5536 773 5588 in
801 5532 1329 5589 exitiumtrahendi
1350 5532 1593 5587 ‘ITestes
1622 5532 1802 5603 hujus
1817 5532 1896 5587 rei
1923 5531 2093 5589 ΟΕάὶ-

438 5627 646 5698 podes,
681 5641 859 5681 omne
889 5623 1163 5695 Thyestis
1212 5626 1269 5676 et
1301 5620 1525 5693 Ulyssei
1554 5636 1803 5692 errores,
1837 5628 2096 5680 extrema

443 5714 646 5773 omnia
675 5713 946 5782 consilia,
978 5713 1037 5768 in
1072 5728 1200 5784 qua
1230 5711 1458 5782 priscos
1490 5711 1700 5768 heroas
1731 5712 1913 5771 nimis
1943 5714 2095 5770 aeri-

2193 4730 2415 4785 redinis
2448 4729 2637 4785 instar
2666 4747 2800 4785 ossa
2842 4729 3051 4785 intime
3081 4731 3364 4798 rodentis,
3398 4748 3499 4788 cor
3531 4733 3854 4803 depascens

2195 4820 2395 4875 animo
2408 4820 2647 4892 penitus
2673 4818 2959 4887 infigeret.
2986 4819 3125 4874 Inde
3139 4819 3343 4874 habitu
3376 4820 3534 4875 tristi
3561 4820 3854 4877 demisso-

2198 4926 2311 4981 que
2364 4909 2692 4981 majestatis
2742 4906 3130 4979 imperatoriae
3186 4908 3555 4980 deprimebat
3612 4910 3853 4980 fastum,

2198 5014 2329 5063 cum
2358 5015 2424 5054 eo
2455 5003 2655 5053 tamen
2690 5000 2757 5052 ut
2787 4996 2965 5052 simul
2998 5002 3227 5052 caveret
3246 5014 3318 5053 ne
3352 5000 3410 5053 in
3442 5002 3855 5071 contemptum

2200 5087 2596 5160 perniciosum
2650 5087 2829 5141 rebus
2868 5084 2992 5140 suis
3042 5087 3153 5141 ista
3210 5085 3551 5143 humilitate
3601 5089 3856 5145 caderet.

2198 5176 2334 5240 Quae
2363 5175 2543 5247 igitur
2571 5192 2721 5247 opus
2737 5178 2904 5230 erant
2926 5191 3040 5229 non
3059 5174 3341 5231 omittens
3364 5176 3453 5232 vel
3474 5177 3577 5232 tali
3596 5182 3859 5249 tempore

2201 5280 2429 5334 curare,
2455 5263 2642 5334 jussit
2672 5264 2906 5334 prodire
2939 5264 3176 5320 navales
3209 5265 3443 5336 ecpias;
3477 5272 3535 5321 et
3565 5267 3714 5323 205
3751 5268 3858 5322 tri-

2202 5370 2392 5410 remes
2416 5354 2485 5408 ad
2516 5351 2743 5407 insulas
2761 5352 3020 5423 appulsa
3036 5370 3150 5409 non
3176 5370 3394 5426 paucas
3409 5372 3613 5413 earum
3636 5356 3861 5412 Latinis

2203 5447 2373 5497 antea
2391 5441 2656 5497 subditas
2680 5449 3121 5513 recuperarunt,
3146 5449 3467 5516 captasque
3486 5446 3687 5501 statim
3716 5461 3860 5515 prie-

2204 5534 2372 5589 sidiis
2402 5532 2696 5604 impositis
2723 5533 2782 5587 in
2816 5533 3221 5591 Romanorum
3255 5537 3626 5607 possessione
3660 5537 3860 5591 ﬁrma-

2205 5628 2363 5679 runt.
2398 5623 2619 5679 Horum
2656 5622 2843 5678 nuntii
2877 5640 3218 5681 successum
3254 5625 3353 5681 alii
3381 5642 3560 5698 super
3588 5625 3734 5682 alios
3767 5625 3864 5680 ad-

2204 5713 2472 5771 volantes
2520 5713 2733 5788 merita
2781 5713 3176 5785 gratulatione
3226 5715 3691 5788 excipiebantur,
3726 5716 3867 5772 dum
