4112 6404
317 369 422 425 647

1623 350 1928 412 GEORGII
1967 354 2434 411 PACHYMERB

3629 363 3742 418 648

314 495 453 550 κατὰ
482 489 703 566 καιροὺς
734 486 906 547 ἰδίους
963 476 1454 555 συνελαμϐάνοντο,
1487 479 1575 533 καὶ
1626 477 1718 532 σὺν
1768 475 1964 542 ἄλλοις
1992 483 2047 549 Α
2079 477 2215 552 εἶχε.
2250 480 2326 535 Τὸ
2358 477 2416 535 δέ.
2444 501 2506 555 γε
2533 483 2784 539 ναυτικὸν
2814 480 2967 541 ἔπλει
3018 486 3069 558 ἐξ
3117 488 3255 563 ἦρος
3296 486 3349 550 ἐς
3376 490 3744 563 Ἀρκτοῦρον,

319 582 459 658 ἄκρα
516 564 944 646 Πελοποννήσου
994 573 1133 650 ἀμφὶ
1186 564 1568 642 Μονεμϐασίαν
1602 566 1694 623 σὺν
1749 566 1971 643 Σπάρτῃ

319 657 409 729 καὶ
443 668 803 742 Λακεδαίμονι
838 664 940 719 ὑπὸ
970 659 1263 735 Ῥωμαίοις
1298 657 1564 733 ἐγένοντο.

322 782 407 844 ις’.
441 780 632 838 "Ome:
666 776 715 830 oi.
741 771 974 848 ἀδελφοί
1007 773 1101 848 τοῦ
1139 766 1404 848 βασιλέως
1453 766 1546 826 τὰς
1592 769 1699 818 τῶν
1735 762 1966 820 δυτικῶν

737 837 1175 918 ἐνεχεὶρίσθησαν
1212 837 1531 909 διοικήσεις.

387 947 464 1013 μ).
506 941 625 1011 13η
657 938 795 992 Τότε
823 934 997 989 τοίνυν
1054 936 1170 993 τοῖς
1219 926 1485 1003 ἀδελφοῖς
1538 926 1847 1003 ἐγχειρίσας
1901 926 1967 981 τὰ

311 1029 520 1099 δυτικὰ,
551 1032 631 1098 τῷ
667 1026 759 1098 μὲν
794 1020 1026 1094 δεσπότῃ
1060 1018 1279 1093 Ἰωάννῃ
1327 1018 1422 1079 τὰς
1473 1015 1801 1077 ἀνατολικὰς
1860 1037 1965 1070 πα-

312 1117 505 1194 ραδοὺς
566 1114 819 1186 δυνάμεις
879 1112 1093 1181 σύναιμα
1149 1113 1230 1179 τῷ
1285 1109 1537 1178 Σκυθικῷ
1580 1108 1644 1160 τὰ
1671 1107 1808 1161 κατά
1859 1112 1960 1179 γῆν

307 1193 633 1283 προσέταττε
668 1202 925 1275 μετιέναι,
960 1199 1049 1254 καὶ
1098 1198 1165 1252 τὰ
1211 1201 1318 1252 τῶν
1353 1194 1644 1271 Ἰλλυριῶν
1709 1193 1959 1269 μεθέπειν

305 1282 395 1353 καὶ
428 1291 783 1371 Τριϐαλλῶν,
816 1289 999 1345 καὶτὰ
1026 1292 1122 1343 τοῦ
1164 1290 1402 1357 Πηνειοῦ
1453 1284 1643 1361 πέραν,
1674 1286 1774 1354 τὴν
1808 1282 1961 1346 ῗδίως

303 1385 543 1442 Ἐλλάδα
594 1380 931 1457 λεγομένην,
978 1377 1353 1451 κατατρέχειν,
1402 1379 1482 1446 τῷ
1555 1372 1787 1447 δεσπότῃ
1852 1379 1955 1429 Μι-

302 1474 456 1553 χαὴλ
490 1472 842 1545 πολεμοῦντα
876 1488 890 1500 θ
927 1467 1051 1521 οὐδὲ
1081 1466 1185 1541 γὰρ
1224 1466 1291 1534 ἦν
1342 1463 1489 1535 αὐτῷ
1532 1462 1955 1541 προφασίζεσθαι

444 1560 544 1633 ἔξω
574 1583 679 1616 που
731 1566 831 1628 τῆς
882 1554 1145 1632 πατρίδος
1178 1550 1333 1617 ὄντος
1390 1556 1487 1608 τοῦ
1545 1552 1814 1628 βασιλέως
1871 1549 1958 1606 δι-

298 1655 497 1709 καιοῖτ’
546 1650 604 1705 ἂν
664 1650 913 1709 κάκεῖνος
970 1645 1037 1700 τά
1097 1644 1235 1717 μέρη
1296 1643 1570 1717 κατέχειν.
1623 1642 1727 1698 Τὸν
1782 1638 1839 1694 δὲ
1897 1662 1957 1715 γε

299 1737 767 1813 σεϐαστοκράτορα
826 1740 1191 1793 Κωνταντῖνον
1262 1732 1449 1787 ναυσὶν
1506 1725 1807 1804 ἐμϐιϐάσας
1864 1728 1950 1785 ἐπὶ

2079 569 2175 622 κάν
2213 567 2450 631 πολλοῖς
2481 570 2755 647 εὐστόχει.
2787 574 2921 649 Ἥγε
2971 573 3028 630 δὲ
3074 579 3236 632 τοῦτο
3270 578 3297 631 ὁ
3331 576 3740 652 Φιλανθρωπη·

2076 656 2164 718 νὸς
2225 658 2253 711 6
2310 660 2749 735 πρωτοπράτωρ
2801 662 3068 737 Ἀλὲξιος,
3130 667 3269 743 ἀνὴρ
3340 668 3570 742 γεραρὸς
3645 665 3735 721 καὶ

2074 751 2341 819 γενναῖος,
2376 750 2523 821 παρά
2576 755 2833 807 τοσοῦτον
2896 754 3213 830 εἰργόμενος
3258 761 3341 828 τῷ
3403 753 3736 832 μεγαλοδοο-

2074 834 2224 907 κάτῳ
2253 836 2606 909 σεμνύνεσθαι
2658 841 2925 915 ἀξιώματι
2978 846 3106 918 παρ’
3137 844 3264 901 ὅσον
3296 844 3360 912 ἦν
3408 843 3584 909 ἄλλος
3642 844 3729 900 ἐπὶ

2074 929 2171 979 τοῦ
2204 926 2536 998 ἀξιώματος,
2566 930 2594 984 ὁ
2623 930 2719 984 τοῦ
2750 931 2989 988 παλαιοῦ
3029 932 3269 1009 Λάσκαρι
3312 939 3409 990 τοῦ
3461 933 3734 1011 βασιλέως

2073 1014 2433 1094 αὐτάδελφος,
2493 1015 2691 1093 ἔξωρος
2749 1019 2859 1093 ἤδη
2920 1024 3011 1078 καὶ
3060 1020 3404 1098 παρηϐηκὼς
3466 1026 3555 1082 ἐπὶ
3629 1033 3732 1097 τῆς

2074 1107 2487 1162 Κωνσταντίνου
2536 1111 2870 1183 καθήμενος,
2926 1113 3154 1188 βουλαῖς
3202 1117 3321 1180 καθ’
3364 1116 3602 1191 ἡσυχίαν
3652 1120 3734 1188 τῷ

2076 1193 2293 1268 βασιλεῖ
2320 1200 2417 1260 τῆς
2450 1201 2558 1253 τῶν
2591 1205 2789 1255 κοινῶν
2837 1200 3129 1279 φροντίδος
3189 1205 3265 1266 ὡς
3310 1203 3423 1259 ἐνὸν
3475 1204 3731 1278 συναιρό-

2074 1303 2258 1355 μενος,
2293 1285 2320 1338 ὁ
2370 1286 2555 1357 μέντοι
2606 1308 2669 1362 γε
2727 1287 3194 1364 Φιλανθρωπηνὸς
3246 1293 3590 1369 ἀγχιστιύων
3647 1294 3729 1365 τῷ

2074 1373 2291 1445 βασιλεῖ
2324 1394 2337 1408 ο
2370 1376 2463 1429 τὸν
2522 1377 2624 1451 γὰρ
2683 1378 2900 1451 ἀνεψιὸν
2962 1379 3168 1437 ἐκείνου
3225 1382 3317 1437 τὸν
3374 1390 3477 1453 τῆς
3507 1384 3728 1457 Μάρθας

2068 1461 2184 1515 υἱὸν
2247 1463 2478 1539 Μιχαὴλ
2538 1462 2786 1542 γαμϐρὸν
2848 1471 2989 1545 εἶχεν
3049 1469 3137 1525 ἐπὶ
3200 1473 3447 1547 θυγατρί.
3481 1475 3538 1526 Ὃ
3595 1478 3725 1549 γοῦν

2065 1550 2314 1615 τοιοῦτος
2347 1560 2570 1630 κατεῖχε
2599 1557 2661 1610 τὸ
2719 1556 2988 1631 πλόϊμον,
3019 1561 3107 1614 καὶ
3159 1563 3297 1634 ἦρος
3339 1562 3727 1635 ἐξαρτυόμενος

2068 1640 2262 1696 στόλον
2322 1642 2612 1712 ἀπέπλεεν,
2654 1645 2809 1718 ὅμως
2869 1646 2917 1703 δ’
2967 1648 3248 1723 ἐσύστερον
3310 1652 3568 1715 θανόντος
3626 1657 3725 1707 τοῦ

2066 1730 2305 1803 Λάσκαρι
2364 1733 2463 1801 τήν
2523 1738 2621 1788 τοῦ
2675 1736 2917 1812 μεγάλου
2970 1735 3165 1801 δουκὸς
3192 1738 3339 1810 ἀξίαν
3371 1740 3518 1815 παρὰ
3567 1741 3723 1815 βασι-

295 1826 685 1903 Μονεμϐασίας
742 1826 1028 1897 ἐκπέμπει,
1078 1820 1355 1897 παραδοὺς
1412 1820 1649 1891 κάκείνῳ
1708 1818 1832 1911 ὅσον
1884 1818 1950 1887 ἦν
1988 1846 2034 1911 Β
2066 1816 2207 1881 λὲως
2242 1816 2612 1911 suam,sz
2654 1829 2762 1879 τῶν
2812 1825 2999 1881 κόπων
3058 1823 3389 1901 ἐλάμϐανεν,
3422 1828 3498 1891 ὡς
3551 1829 3721 1905 ῥηθή-

294 1920 355 1975 ἐκ
410 1916 740 1995 Μαγεδώνος
797 1914 1113 1987 Ῥωμαίων,
1172 1911 1262 1966 καὶ
1320 1910 1382 1965 τὸ
1442 1908 1704 1985 Περσικὸν
1764 1908 1900 1962 ἅπαν
1936 1926 1949 1940 ·

291 2012 355 2064 τὸ
410 1994 810 2083 γὰρἸταΛικὸν
865 2005 941 2077 μή
992 2001 1233 2076 ἁρμόζον
1279 1999 1419 2071 πρὸς
1455 1999 1641 2071 μάχην
1677 1994 1951 2065 Ἰταλικὴν

292 2101 320 2154 6
381 2097 647 2167 δεσπότης
708 2091 1118 2168 συνεπεφὲρετο.
1180 2096 1425 2157 Συνῆσαν
1484 2085 1541 2140 δὲ
1587 2091 1666 2157 τῷ
1719 2087 1812 2159 μὲν
1867 2084 1951 2140 δε-

295 2188 468 2260 σπότῃ
516 2183 721 2241 πολλοὶ
771 2185 865 2256 μὲν
916 2182 1004 2235 καὶ
1055 2178 1220 2234 ἄλλοι
1268 2181 1377 2232 τῶν
1411 2175 1745 2251 μεγιστάνων
1801 2175 1891 2230 καὶ
1922 2176 1951 2230 6

289 2274 735 2344 Καντακουζηνὸς
782 2272 1017 2345 Μιχαὴλ
1068 2269 1095 2322 6
1143 2267 1235 2321 καὶ
1284 2267 1449 2341 μέγας
1503 2264 1555 2319 ἐν
1605 2262 1813 2340 ὑστέρῳ
1852 2285 1948 2319 κο-

288 2363 611 2433 νοσταῦλος,
675 2363 725 2417 οἱ
788 2359 1001 2432 ἀνεψιοὶ
1084 2356 1292 2411 ἐκείνου
1360 2357 1799 2429 Ταρχανειῶται,
1854 2353 1948 2408 καὶ

290 2453 455 2510 ἄλλοι
489 2451 682 2528 συχνοὶ
714 2450 773 2505 ἐκ
801 2456 903 2519 τῆς
937 2446 1140 2507 δύσεως
1194 2449 1276 2516 τῷ
1337 2443 1556 2519 βασιλεῖ
1607 2445 1946 2519 προσχωρή.

291 2564 499 2615 σαντες,
529 2546 608 2614 τῷ
653 2539 709 2595 δέ
765 2561 824 2616 γε
878 2532 1339 2610 σεϐαστοκράτορι
1382 2532 1546 2588 ἄλλοι
1578 2553 1637 2587 τε
1692 2532 1944 2588 πλεῖστοι

287 2634 376 2688 καὶ
410 2633 438 2688 6
473 2632 641 2706 μέγας
693 2626 1017 2702 δομὲστικος
1067 2626 1094 2679 ὁ
1136 2622 1318 2693 Φιλῆς
1347 2620 1622 2693 Ἀλὲξιος,
1654 2621 1746 2676 σὺν
1800 2623 1947 2695 αύτῷ

285 2719 341 2776 δὲ
398 2722 488 2777 καὶ
542 2721 569 2775 6
630 2718 944 2789 Μακρτμὸς,
978 2716 1035 2771 ’ὀν
1098 2713 1599 2789 παρακοιμώμενον
1651 2711 1678 2766 ὀ
1728 2716 1941 2789 κρατῶν

282 2925 565 2981 referrent
594 2922 769 2977 modo
799 2919 1027 2974 Naxum
1060 2924 1429 2988 occupatam,
1463 2914 1611 2971 alias
1640 2930 1940 2985 expugna-

282 3019 405 3069 tam
445 3014 651 3075 Paron,
700 3012 848 3065 Ceon
884 3025 950 3063 ac
979 3007 1290 3079 Carystum
1344 3020 1583 3077 quoque
1612 3019 1744 3058 cum
1792 3004 1939 3058 Oreo

285 3100 537 3157 subinde
586 3104 803 3167 capta;
856 3101 911 3152 et
955 3100 1017 3149 ut
1065 3099 1275 3150 caetera
1323 3094 1614 3161 omittam,
1663 3096 1943 3147 montana

288 3188 669 3260 Peloponnesi
717 3187 871 3241 circa
922 3184 1387 3240 Manembasiam
1437 3198 1571 3236 cum
1618 3184 1831 3252 Sparta
1883 3184 1940 3234 et

286 3279 700 3335 Lacedaemone
724 3274 1004 3331 Romanis
1030 3289 1094 3328 ea
1112 3271 1478 3343 eXpeditione
1493 3271 1758 3341 subjecta
1781 3273 1939 3325 sunt.

319 3448 408 3503 46.
473 3448 536 3503 Ut
582 3445 860 3516 fratribus
918 3439 1273 3516 imperatoris
1309 3438 1579 3516 Occidam
1601 3439 1908 3511 provinciae

820 3513 1130 3569 commissae
1166 3513 1400 3583 fuerint.

351 3650 529 3701 Porro
578 3646 721 3696 tunc
769 3640 1093 3710 imperator
1138 3637 1263 3692 suis
1315 3636 1598 3691 fratribus
1647 3634 1934 3690 Occiduas

284 3730 617 3805 provincias
649 3727 1098 3785 commendavit.
1134 3733 1214 3782 Ac
1238 3727 1525 3783 Joannem
1557 3725 1793 3796 quidem
1833 3724 1934 3778 dn-

284 3827 518 3894 spotam
552 3818 738 3890 copiis
787 3815 1189 3872 Orientalibus
1221 3820 1276 3870 et
1319 3813 1665 3886 Scytharum
1699 3812 1937 3869 auxiliis

284 3912 637 3966 instructum
674 3912 828 3963 terra
879 3921 1080 3977 gerere
1112 3920 1233 3960 rem
1262 3904 1445 3974 jussit
1495 3918 1597 3974 per
1622 3902 1851 3975 Illyrios
1877 3907 1937 3957 et

280 3998 592 4067 Triballos,
640 4008 815 4067 atque
867 3995 1019 4049 ultra
1050 3997 1305 4048 Peneum
1358 3992 1649 4063 regionem
1701 3990 1937 4062 proprie

277 4090 557 4148 Graeciam
585 4095 848 4144 vocatam
874 4088 1197 4153 incursare,
1230 4085 1501 4140 bellando
1525 4085 1808 4139 adversus
1826 4084 1935 4138 Mi-

273 4181 534 4239 chaelem
570 4181 896 4251 despotam.
932 4177 1034 4231 Cui
1059 4177 1183 4245 jam
1217 4176 1457 4246 dempta
1487 4173 1730 4229 eratilla
1760 4187 1934 4228 exeu-

272 4272 447 4336 satio,
481 4286 593 4340 qua
642 4270 830 4340 prius,
864 4282 997 4321 cum
1034 4263 1366 4335 provincias
1412 4262 1545 4317 illas
1576 4265 1937 4331 repeteretur

277 4359 544 4430 excipere
576 4356 823 4419 solebat,
878 4370 1085 4425 parum
1135 4350 1449 4407 convenire
1495 4349 1934 4421 imperatorem,

280 4447 379 4518 qui
413 4447 558 4500 urbe
590 4462 697 4500 sua
724 4443 911 4515 patria
932 4439 1239 4511 etimperii
1266 4439 1457 4510 capite
1474 4443 1713 4506 careret,
1749 4454 1935 4493 mem-

280 4537 386 4592 bra
415 4535 516 4590 illa
548 4539 604 4589 et
637 4537 830 4604 partes
860 4532 1125 4602 ejusdem
1157 4528 1324 4600 quasi
1356 4526 1617 4598 corporis
1649 4532 1938 4583 extremas

277 4625 579 4697 requirere
610 4640 675 4677 ac
708 4621 879 4694 longe
920 4619 1216 4692 persequi.
1255 4618 1792 4673 Sebastocratorem
1827 4633 1934 4672 au-

278 4720 398 4771 tem
427 4713 838 4770 Constantium
874 4708 1216 4781 impositum
1243 4707 1492 4764 navibus
1513 4708 1796 4763 adversus
1816 4711 1931 4762 Mo-

274 4804 637 4861 nembasiam
674 4801 875 4867 mittit,
908 4800 1148 4854 tradens
1192 4797 1275 4852 illi
1311 4804 1599 4869 quantum
1640 4796 1934 4850 Romano-

2065 1929 2234 1965 σεται.
2268 1908 2425 1965 ’Λλλ’
2459 1911 2609 1967 οὗτοι
2647 1914 2740 1986 μὶν
2772 1923 2941 1991 τριχῆ
2974 1919 3349 1990 κοσμούμενοι
3397 1919 3496 1972 ἀνὰ
3556 1919 3721 1995 μέρος

2064 1997 2130 2050 τά
2184 1999 2321 2052 κατά
2378 1995 2527 2053 δύσιν
2589 2007 2862 2074 μεθεῖπον.
2917 2006 3018 2061 Καὶ
3085 2007 3113 2060 6
3172 2007 3266 2079 μὲν
3321 2004 3589 2077 δεσπότης
3642 2013 3725 2081 τῷ

2064 2085 2304 2159 Μιχαὴλ
2337 2084 2574 2156 δεσπότῃ
2604 2088 2815 2166 ἐπεῖχε,
2848 2093 2936 2147 καὶ
2996 2093 3315 2150 ἀνεκαλεῖτο
3348 2098 3433 2169 [Ρ.
3464 2098 3589 2171 138]
3618 2098 3717 2165 τήν

2061 2172 2264 2229 ἐκείνου
2321 2179 2509 2253 χώραν
2557 2180 2633 2243 ὡς
2686 2179 2857 2236 πάλαι
2906 2187 2974 2257 τῇ
3030 2183 3282 2258 βασιλείᾳ
3310 2187 3716 2260 προσήκουσαν,

2056 2265 2116 2321 Ὀ
2175 2262 2231 2319 δὲ
2283 2266 2401 2341 εἶχε
2460 2269 2559 2341 μὲν
2617 2269 2882 2345 πρότερον
2941 2275 3391 2351 προφασίζεσθαι,
3421 2274 3512 2330 καὶ
3541 2273 3714 2351 ξέπρο-

2059 2355 2314 2427 φασίζετο
2373 2355 2933 2434 πιθανολογούμενος,
2988 2363 3062 2423 ὡς
3129 2363 3227 2418 οὐκ
3291 2363 3499 2439 ἀνάγκη
3550 2364 3716 2420 αὐτοῦ

2056 2450 2152 2500 τοῦ
2205 2444 2476 2522 βασιλέως
2523 2448 2615 2504 τὸν
2667 2456 2766 2520 τῆς
2813 2449 3093 2527 βασιλείας
3145 2453 3335 2527 θρόνον
3384 2456 3439 2525 (6
3486 2452 3532 2509 δ’
3562 2456 3629 2525 ἦν
3675 2458 3710 2525 ἡ

2054 2536 2660 2610 Κωνσταντινούπολις)
2726 2542 2802 2613 μὴ
2890 2540 3223 2616 κατέχοντος
3298 2543 3457 2599 αὐτὸν
3547 2544 3712 2600 ἀπαι-

2054 2626 2263 2680 τεῖσθαι
2290 2626 2353 2681 τὸ
2378 2624 2570 2681 λεῖπον
2607 2647 2619 2662 ·
2664 2629 3096 2707 ἀπαιτητέαγὰρ
3147 2631 3282 2687 εἶναι
3345 2631 3559 2706 μᾶλλον
3617 2635 3713 2690 τὸν

2054 2712 2246 2787 θρόνον
2278 2714 2407 2778 τοὺς
2438 2713 2682 2781 Ἰταλοὺς
2713 2719 2748 2789 ἢ
2796 2717 2998 2775 ἐκεῖνον
3045 2720 3112 2775 τὰ
3159 2722 3299 2777 κατὰ
3334 2718 3504 2790 δύσιν,
3536 2721 3712 2785 οὕτως

2051 2914 2264 2971 bantur
2294 2934 2428 2973 cum
2456 2918 2553 2974 alii
2588 2919 2826 2991 plurimi
2859 2924 3013 2980 ποθ
3039 2927 3159 2979 tum
3186 2941 3441 2998 magnus
3472 2925 3710 2982 domes-

2050 3004 2201 3060 ticus
2233 3006 2428 3062 Philes
2459 3008 2735 3080 Alexius;
2768 3027 2899 3067 cum
2934 3013 3062 3085 ipso
3101 3013 3412 3071 Macrenus
3442 3020 3500 3071 et
3529 3031 3707 3087 quem

2052 3093 2375 3165 imperator
2405 3098 2663 3153 cubiculi
2697 3101 3031 3171 piaefeclum
3064 3103 3271 3159 habuit
3290 3102 3507 3160 Classis
3539 3103 3701 3158 navi-

2051 3183 2208 3254 gavit
2230 3202 2263 3239 a
2292 3202 2422 3241 vere
2450 3188 2518 3241 ad
2551 3190 2890 3257 Arcturum,
2923 3195 2981 3246 et
3014 3191 3201 3247 multa
3250 3209 3383 3248 cum
3422 3208 3697 3247 successu

2053 3275 2315 3330 tentavit.
2350 3274 2641 3331 Ductabat
2690 3277 2852 3333 illam
2884 3278 3123 3336 Alexius
3162 3280 3699 3352 Philanthropenus

2052 3368 2461 3433 protostrator,
2496 3364 2824 3422 honoratus
2842 3367 2929 3423 vir
2956 3373 3015 3424 et
3044 3374 3343 3439 strenuus,
3362 3369 3701 3440 designatus

2044 3451 2169 3521 jam
2189 3453 2307 3507 dux
2327 3470 2599 3526 magnus,
2618 3460 2673 3510 et
2691 3456 2996 3528 dignitatis
3015 3458 3188 3514 istius
3207 3459 3381 3515 titulo
3395 3464 3572 3530 atque
3590 3475 3700 3515 usu

1967 3556 2010 3623 ο
2051 3542 2108 3596 in
2139 3545 2367 3597 tantum
2402 3544 2732 3615 abstinens,
2766 3548 2924 3616 quod
2945 3547 3175 3603 vivebat
3203 3548 3397 3604 adhuc
3429 3548 3703 3605 aliusillo

2048 3632 2401 3703 magistratu
2434 3632 2754 3706 insignitus
2779 3638 2955 3691 frater
2976 3654 3293 3707 germanus
3312 3638 3581 3693 Lascaris
3602 3655 3704 3694 se-

2043 3720 2225 3777 nioris
2255 3722 2525 3792 Augusti,
2548 3724 2754 3779 ett'etus
2778 3724 2906 3795 jam
2930 3725 3095 3782 senio
3118 3729 3174 3782 et
3198 3727 3315 3782 fere
3343 3726 3705 3799 decrepitus,

2042 3818 2097 3874 in
2126 3821 2321 3891 quiete
2334 3839 2507 3893 quam
2532 3827 2671 3878 aetas
2696 3832 2953 3879 extrema
2971 3825 3269 3895 poscebat,
3288 3825 3579 3882 consilliis
3596 3827 3704 3880 im-

2042 3910 2295 3981 peratori
2312 3911 2658 3983 opportunis
2674 3913 3067 3970 adcommune
3087 3915 3341 3986 regimen
3357 3931 3703 3987 cooperans.

2040 3999 2342 4054 Afﬁnitate
2376 4017 2546 4072 porro
2596 4001 3128 4074 Philanthropenus
3167 4004 3509 4076 imperatori
3542 4010 3706 4061 arcta

2041 4090 2394 4160 conjunctus
2428 4096 2573 4161 erat,
2598 4091 2819 4163 quippe
2850 4093 2950 4164 qui
2972 4092 3318 4149 Michaelem
3341 4092 3572 4148 Martha
3594 4093 3703 4148 im-

2040 4179 2324 4249 peratoris
2347 4196 2546 4235 sorore
2569 4185 2796 4251 natum,
2821 4181 3104 4237 collocata
3123 4182 3233 4254 ipsi
3258 4181 3398 4251 ﬁlia,
3420 4199 3702 4255 generum

2041 4267 2300 4323 haberet.
2336 4268 2492 4324 Talis
2525 4269 2707 4340 igitur
2734 4269 2822 4325 vir
2854 4270 3160 4326 navalibus
3192 4271 3495 4343 praefectus
3517 4272 3705 4343 copiis

2039 4354 2227 4411 classe
2261 4354 2449 4427 primo
2499 4373 2632 4414 vere
2678 4357 2968 4415 instructa
3001 4359 3315 4430 navigavit,
3357 4364 3415 4416 et
3464 4361 3707 4417 Lascari

2040 4441 2214 4513 paulo
2247 4448 2378 4513 post
2401 4448 2630 4499 mortuo
2650 4446 2881 4516 magnis
2911 4447 3079 4501 ducis
3110 4446 3457 4519 dignitatem
3485 4449 3558 4503 ab
3585 4448 3702 4504 im-

2040 4537 2305 4602 peratore
2337 4531 2397 4586 in
2429 4533 2735 4603 praemium
2766 4534 3029 4591 laborum
3065 4536 3310 4608 accepit,
3344 4540 3408 4592 ut
3439 4536 3692 4593 dicetur.

2040 4619 2206 4674 Hunc
2240 4621 2299 4675 in
2325 4624 2562 4677 modum
2617 4624 2910 4679 trifariam
2947 4624 3221 4681 instructi
3258 4626 3464 4681 fratres
3496 4632 3554 4682 et
3601 4644 3701 4684 ne-

2040 4709 2279 4765 cessarii
2296 4709 2663 4781 imperatoris
2686 4712 2741 4766 in
2768 4713 3012 4768 totidem
3033 4714 3420 4769 Occiduarum
3444 4715 3702 4787 partium

2042 4803 2263 4855 tractus
2296 4805 2622 4857 moverunt.
2674 4803 2752 4857 Ac
2782 4802 3031 4873 despota
3081 4802 3321 4872 quidem
3354 4804 3699 4861 Michaelem

275 4913 409 4951 rum
444 4894 608 4967 prius
639 4893 697 4948 in
748 4892 1136 4963 Magedonum
1189 4888 1426 4988 regione
1465 4884 1838 4992 militaverat,
1865 4889 1938 4992 ‘et
1965 4928 2012 4992 D
2045 4889 2347 4987 despotam
2381 4891 2633 4992 adortus.
2672 4892 2975 4990 repetebat
2999 4897 3316 4991 occupatas
3363 4894 3436 4949 ab
3450 4911 3534 4992 fc
3567 4911 3702 4967 pro-

281 4984 613 5039 universam
653 4986 929 5053 praeterea
958 4976 1232 5033 militiam
1267 4976 1577 5033 Persicam.
1598 4975 1743 5030 Nam
1775 4973 1939 5030 Itali-

287 5088 421 5127 cum
450 5072 794 5135 exercitum,
826 5070 978 5124 haud
1015 5071 1217 5139 aptum
1251 5066 1442 5121 visum
1477 5063 1628 5119 bello
1658 5064 1939 5119 adversus

278 5162 455 5219 Italos
487 5162 763 5232 gerendo,
791 5160 1049 5215 Joannes
1073 5159 1319 5229 dcspota
1350 5171 1553 5211 secum
1593 5155 1936 5210 abduxerat.

275 5253 421 5308 Cum
449 5250 654 5305 eodem
679 5266 846 5320 porro
869 5251 1115 5320 despota
1136 5247 1382 5303 comites
1404 5243 1792 5316 expeditionis
1818 5245 1934 5300 ive-

274 5346 414 5397 runt
447 5339 544 5393 alii
581 5355 815 5410 quoque
848 5338 1016 5392 multi
1036 5336 1410 5408 optimatum,
1432 5334 1586 5388 inter
1616 5350 1763 5404 quos
1785 5335 1933 5390 Can-

271 5433 596 5484 tacuzenus
616 5424 880 5491 Michael,
915 5423 1015 5494 qui
1046 5430 1250 5496 postea
1280 5439 1533 5496 magnus
1554 5423 1933 5479 conostaulus

296 5519 405 5586 uit,
440 5517 723 5588 illiusque
746 5512 1039 5585 patrueles
1061 5514 1464 5569 Tarchaniotae
1491 5532 1505 5580 ;
1530 5512 1776 5584 insuper
1807 5512 1931 5580 alii,

271 5609 371 5681 qui
403 5607 740 5678 frequentes
771 5621 839 5659 ex
872 5602 1144 5658 Occiduis
1177 5603 1463 5658 tractibus
1494 5603 1565 5659 ad
1597 5608 1793 5675 partes
1822 5602 1933 5659 im-

273 5695 566 5770 peratoris
596 5692 977 5754 transierant.
999 5690 1532 5750 Sebastocratorem
1552 5707 1688 5757 vero
1718 5707 1932 5767 seque-

2046 4976 2266 5033 vincias
2296 4982 2363 5032 ut
2392 4977 2531 5033 olim
2566 4979 2636 5033 ad
2671 4978 2988 5050 imperium
3031 4981 3414 5051 pertinentes.
3450 4982 3537 5036 Eae
3566 4997 3701 5037 cum

2047 5072 2220 5122 antea
2243 5067 2722 5138 reposcebantur;
2758 5067 2984 5124 solebat
3013 5069 3113 5125 ille
3142 5070 3536 5141 plausibiliter
3563 5087 3704 5128 cau-

2046 5157 2166 5212 sari
2200 5157 2356 5211 haud
2407 5157 2818 5229 tempestivam
2852 5159 3262 5230 repetitionem
3308 5160 3482 5216 istam
3528 5177 3699 5229 esse;

2047 5271 2181 5311 nam
2218 5255 2357 5325 quid
2392 5255 2669 5311 attineret
2698 5255 3111 5327 imperatorem
3145 5258 3279 5313 sede
3310 5258 3440 5330 ipsa
3470 5258 3703 5332 imperii

2046 5344 2190 5398 urbe
2219 5343 2748 5415 Constantinopoli,
2770 5345 3073 5401 exclusum
3100 5347 3171 5401 de
3194 5346 3370 5403 rebus
3401 5352 3565 5403 tanto
3589 5347 3703 5403 mi-

2043 5433 2204 5489 noris
2238 5434 2518 5488 momenti
2540 5434 2961 5504 recuperandis
2992 5450 3123 5490 esse
3142 5434 3459 5491 sollicitum
3484 5436 3511 5491 ‘?
3535 5435 3702 5493 Reci-

2042 5518 2206 5585 peret
2237 5514 2494 5584 primum
2529 5514 2603 5569 ab
2633 5513 2796 5569 Italis
2829 5516 3043 5570 solium
3081 5515 3268 5587 regni,
3297 5520 3427 5572 tum
3461 5534 3601 5574 sane
3629 5518 3702 5574 de

2041 5601 2406 5675 regiunculis
2454 5601 2588 5659 istis
2621 5602 2890 5659 Occiduis
2923 5604 3072 5660 201
3111 5606 3181 5661 ab
3215 5621 3278 5661 se
3323 5606 3703 5679 reposcendis

2042 5693 2347 5766 cogitaret.
2404 5692 2521 5749 Nec
2577 5708 2749 5764 porro
2804 5693 2981 5751 istam
3042 5710 3189 5767 rem,
3243 5711 3424 5767 quam
3482 5696 3703 5755 dixisse
