4112 6434
351 401 463 458 649

1427 401 1524 454 DE
1562 401 1935 456 MICHAELE
1973 403 2401 458 PALEOLOGO
2439 406 2570 458 LIB.
2605 409 2702 460 ΙΙῐ.

3671 410 3779 464 650

351 524 764 601 ἀνηρτημένους
810 521 1036 597 πάμπαν
1087 523 1176 576 καὶ
1238 520 1402 594 μόλις
1459 517 1816 599 ὁριζομένους
1873 533 2004 580 Θεσ-
2040 531 2092 595 Α
2125 536 2206 590 θεν
2269 526 2720 600 ἐπαναζεόξαντος
2772 529 2989 606 ὕστερον
3044 532 3240 596 αὐτοὺς
3295 532 3776 611 ἐγκαταλελεῖφθαι

352 615 638 687 σαλονίκῃ.
694 617 934 671 Τοιαῦτα
983 615 1108 686 γοῦν
1159 609 1486 686 ἀπελογεῖτο
1536 613 1822 690 πρότερον.
1885 613 2014 668 Τότε

352 703 410 760 δὲ
465 703 612 759 ἀλλὰ
670 701 858 778 χώραν
1053 701 1104 754 οἱ
1163 705 1344 774 γονεῖς
1415 700 1624 756 ἐκείνου
1676 704 1865 764 πόνοις
1925 703 2015 757 καὶ

353 792 544 870 ἱδρῶσι
605 793 695 847 καὶ
759 792 923 864 μόνον
987 788 1094 864 οὐχ
1152 787 1342 862 αἵμασι
1389 792 1673 860 στάζοντες
1704 795 2015 867 προσεκτή-

352 904 513 939 σαντο
572 883 662 936 καὶ
719 879 928 956 κλῆρον
985 880 1282 936 κατέλιπον
1343 886 1464 942 τοῖς
1525 882 1719 949 παισὶ,
1779 887 1898 944 πῶς
1955 879 2014 934 ἂν

352 976 441 1030 καὶ
501 972 727 1034 δικαίως
806 971 1206 1046 ἀπαιτούμενος
1281 969 1548 1044 ἀποδῲη;
1608 971 1852 1032 Ἰταλοὺς
1909 972 2012 1046 γὰρ

353 1061 811 1138 ἀφαιρουμένους,
870 1060 959 1114 καὶ
1023 1061 1097 1132 μὴ
1150 1059 1479 1131 Ῥωμαίους,
1534 1059 1670 1112 κατὰ
1705 1059 1769 1112 τὸ
1802 1056 2010 1112 δίκαιον

351 1153 440 1207 καὶ
498 1156 614 1213 τοῖς
670 1149 718 1222 ἐξ
780 1148 994 1204 ἐκείνων
1049 1149 1124 1211 εἷς
1195 1146 1461 1223 διαδοχὴν
1530 1146 1878 1202 καταλείπειν
1936 1148 2012 1209 ὠς

354 1243 610 1319 σφέτεφον
674 1238 890 1314 κλῆρον
950 1239 1002 1309 ἐξ
1062 1239 1278 1314 ἀρετῆς·
1344 1239 1399 1292 εὖ
1455 1238 1556 1313 γὰρ
1607 1238 1696 1292 καὶ
1748 1236 2009 1311 λελέχθαι

353 1332 426 1392 ὡς
459 1328 612 1384 οὐδὲν
657 1326 874 1390 οὐδενὸς
922 1329 1070 1397 πλὴν
1120 1329 1214 1382 τοὸ
1268 1323 1670 1395 σπουδάζοντος
1719 1328 1856 1379 κατὰ
1909 1327 2008 1380 πό-

351 1420 545 1492 λεμον.
611 1418 706 1474 Καὶ
766 1416 908 1472 οὕτω
970 1419 1064 1490 μὲν
1129 1412 1680 1493 διαμφισϐητούντων
1748 1416 1816 1469 τα
1872 1417 2009 1472 Ῥω-

353 1509 528 1582 μαίων
559 1512 639 1578 τῷ
673 1505 908 1580 δεσπότῃ
971 1507 1347 1579 στρατεύματα
1403 1500 1814 1573 κατετρίϐοντο·
1880 1505 1907 1558 ὀ
1954 1501 2012 1559 δέ

350 1619 412 1672 γε
466 1592 915 1671 σεϐαστοκρατωρ
973 1598 1042 1666 τῇ
1124 1589 1487 1666 Μονεμϐασίᾳ
1535 1593 1622 1646 καὶ
1681 1598 1797 1654 τοῖς
1855 1593 2008 1667 πέριξ

350 1687 800 1762 προσκαθήμενος
875 1683 1276 1759 καθημερινοὺς
1354 1681 1640 1754 πολέμους
1716 1683 1852 1758 πρὸς
1916 1683 2006 1736 τὸν

353 1775 620 1851 Πρίντζην
678 1773 851 1849 ἐξῆγε·
919 1771 1060 1845 μηδὲ
1115 1773 1216 1848 γὰρ
1257 1773 1535 1847 ἀρκεῖσθαι
1586 1776 1665 1842 τῷ
1727 1772 1876 1846 μέρει
1906 1779 2007 1841 τῆς

2122 619 2212 671 καὶ
2263 623 2364 671 τοῦ
2422 621 2824 694 στρατεύματος
2874 623 3089 698 ἄρχειν,
3143 625 3233 679 καὶ
3292 623 3358 693 δὴ
3423 627 3778 700 μαχομένους

2122 707 2394 765 πολλάκις
2454 709 2547 779 μέν
2609 710 2910 784 εὐστοχεῖν,
2972 714 3098 783 μίαν
3134 711 3190 768 δέ
3221 735 3284 788 γε
3317 713 3612 787 σφαλέντας
3644 736 3776 788 κρα-

2120 797 2351 864 τηθῆναι
2404 798 2538 851 κατά
2567 798 2813 871 πόλεμον
2848 801 2938 855 καὶ
2988 802 3354 880 ἀμφοτέρους.
3411 805 3547 860 Τότε
3593 803 3773 859 τοίνυν

2122 883 2202 937 ἐπ’
2255 883 2446 959 ὀλίγον
2498 887 2882 962 κατεχομένων
2933 893 3014 964 [Ρ.
3052 894 3174 964 139]
3229 893 3279 947 ἐν
3314 891 3584 967 φυλακαῖς
3618 894 3646 947 ὁ
3680 895 3775 966 μὲν

2125 975 2293 1047 μέγας
2345 970 2665 1045 δομέστικος
2722 977 3068 1049 ἀποθνήσκει,
3115 984 3150 1049 ἡ
3204 979 3249 1035 δ’
3299 980 3503 1036 ἐκείνου
3547 983 3780 1058 πενθερά

2120 1063 2366 1136 Εὐλογία
2421 1062 2568 1117 δεινά
2616 1065 2783 1120 ἐποίει
2857 1073 2935 1138 τῷ
3011 1069 3227 1143 βασιλεῖ
3291 1069 3780 1146 προσαγγέλλουσα

2120 1152 2194 1213 ὡς
2227 1149 2452 1223 προδώη
2507 1155 2598 1224 μὲν
2653 1156 2680 1208 ὁ
2728 1159 3230 1231 παρακοιμώμενος
3261 1160 3355 1214 τὸν
3389 1160 3599 1230 ἐκείνης
3624 1181 3775 1236 γαμ-

2120 1236 2271 1316 ϐρὸν,
2332 1243 2420 1295 καὶ
2478 1243 2550 1304 ὡς
2605 1241 2858 1314 ἐπίτηδες
2891 1248 3184 1320 κρατηθείη
3247 1249 3336 1302 καὶ
3383 1250 3539 1313 οὗτος
3569 1249 3644 1310 εἷς
3674 1248 3780 1304 πό-

2120 1329 2341 1402 λεμον,
2409 1330 2650 1404 ὀρύσσων
2716 1333 2911 1408 βόθρον
2979 1341 3057 1407 τῷ
3117 1340 3493 1413 συστρατήγῳ,
3552 1337 3642 1392 καὶ
3700 1337 3776 1399 ὡς

2121 1419 2339 1488 ἀληθῶς
2399 1421 2484 1474 ἐπὶ
2534 1423 2750 1485 τούτοις
2797 1433 3204 1500 κατηγορεῖται,
3256 1426 3460 1502 λόγους
3509 1427 3654 1502 ἔχων
3686 1428 3778 1481 καὶ

2119 1509 2435 1586 συμφωνίας
2494 1514 2630 1583 πρὸς
2688 1514 2778 1566 τὸν
2841 1515 3107 1586 Πρίντζην
3169 1513 3468 1589 λόμϐἀνειν
3518 1518 3616 1586 τὴν
3675 1521 3772 1571 τοῦ

2117 1598 2356 1673 Λάσκαρι
2390 1598 2676 1676 Θεοδώρου
2708 1607 2802 1657 τοῦ
2834 1604 3103 1677 βασιλέως
3155 1607 3419 1681 θυγατέρα
3465 1608 3773 1680 (κεχήρωτο

2117 1689 2221 1763 γὰρ
2277 1693 2378 1743 τοῦ
2435 1688 2656 1765 ἀνδρὸς)
2708 1692 2881 1747 ἐκεῖσε
2935 1691 3244 1770 διάγουσαν,
3290 1695 3382 1749 καὶ
3438 1697 3553 1767 μετ’
3601 1694 3774 1748 αὐτῶν

2118 1777 2250 1830 εἶναι
2310 1776 2622 1853 παραδόντα
2678 1783 2777 1850 τήν
2831 1784 3057 1858 χώραν,
3118 1784 3206 1838 καὶ
3264 1784 3642 1858 ἀντιπράττειν
3698 1786 3780 1854 τῷ

349 1867 537 1935 νήσου,
572 1871 742 1918 πᾶσαν
779 1862 836 1919 δέ
864 1870 1129 1938 κρατῆσαι
1173 1862 1371 1931 θέλων,
1427 1862 1708 1936 ὑπάρχους
1739 1859 1882 1936 ἔχων
1915 1862 2005 1916 τόν
2040 1906 2086 1970 Β
2122 1865 2356 1939 βασιλεῖ.
2411 1867 2586 1922 Ταῦτα
2617 1869 2848 1943 λέγουσα
2895 1872 2984 1926 καί
3034 1893 3097 1947 γε
3127 1875 3481 1946 προστιθεῖσα
3510 1875 3544 1942 ἡ
3597 1869 3778 1929 Εὐλο-

491 1951 771 1970 ,εκ,
1035 1951 1268 1970 ..κη
1407 1951 1504 1968 ε.
1883 1952 1894 1970 ,
2159 1954 2719 1970 ....a..
2965 1959 3110 1970 ..μ
3285 1963 3314 1970 _
3456 1962 3560 1970 ..
3711 1960 3728 1970 .

349 1976 408 2009 τε
444 1953 608 2029 μέγαν
642 1951 964 2026 δομέστικον
995 1953 1086 2007 τὸν
1122 1951 1300 2021 Φιλῆν
1334 1951 1422 2005 καὶ
1453 1951 1544 2005 τὸν
1577 1952 2008 2026 παρακοιμώμε-

351 2065 441 2098 νον
470 2044 786 2116 Μακρηνὸν,
819 2043 894 2106 ὡς
923 2042 1033 2096 ἐνὸν
1067 2042 1386 2118 ἠγωνίζετο.

498 2189 580 2257 ιζ’.
613 2187 692 2243 Τά
724 2187 862 2242 κατά
897 2186 988 2241 τὸν
1023 2185 1520 2259 παρακοιμώμενον
1570 2185 1864 2260 Μακρηνὸν

1042 2277 1078 2331 Ἰ
1086 2276 1320 2344 ωάννην.

422 2405 520 2460 Ἢν
577 2399 624 2456 δ’
681 2399 986 2473 εὐδοκιμῶν
1047 2403 1074 2455 ὀ
1131 2399 1670 2476 παρακοιμώμενος,
1730 2399 1820 2452 καὶ
1880 2399 2006 2472 παρ’

349 2493 570 2569 ἐχθροῖς
628 2487 806 2565 ὄνομα
859 2490 1003 2565 ἔχων
1070 2490 1156 2545 ἐπὶ
1219 2489 1468 2564 στρατείᾳ
1517 2488 1609 2543 καὶ
1659 2488 1724 2542 τὸ
1773 2482 2004 2564 φοϐερὸν

351 2579 783 2654 ἐνδεικνύμενος,
831 2579 970 2635 ὥστε
1024 2579 1115 2633 καὶ
1173 2583 1268 2634 τοῦ
1318 2574 1814 2651 σεϐαστοκράτορος
1865 2574 2002 2630 ἐκεῖ·

356 2785 597 2844 omnino
631 2780 1109 2854 praevertendam,
1173 2778 1400 2833 facilem
1460 2780 1560 2832 aut
1599 2776 1756 2831 brevi
1790 2775 2002 2830 transi-

356 2876 604 2948 gendam
642 2886 920 2942 apparere
957 2886 969 2922 :
1005 2867 1178 2924 Italos
1210 2868 1365 2922 enim
1419 2872 1538 2922 tam
1581 2866 1781 2937 procul
1810 2881 1939 2918 esse
1973 2881 2006 2918 a

357 2963 650 3020 reddenda
680 2957 958 3015 Romanis
991 2958 1221 3029 imperii
1251 2955 1573 3026 metropoli,
1609 2959 1672 3009 ut
1703 2954 1878 3009 etiam
1902 2970 2006 3024 spe

369 3069 482 3108 non
516 3066 754 3120 prorsus
785 3065 934 3102 vana
964 3047 1290 3118 majoribus
1323 3045 1568 3110 inhient,
1610 3049 1667 3098 et
1697 3044 1840 3097 adeo
1890 3059 2002 3097 non

362 3139 803 3197 contemnendis
837 3138 956 3192 sint
986 3137 1208 3192 viribus
1265 3142 1330 3190 ut
1386 3152 1589 3190 eorum
1651 3134 1795 3188 ditio
1853 3149 2005 3204 aegre

362 3230 783 3287 Thessalonica
830 3228 1092 3282 finiatur.
1139 3233 1284 3296 Hac,
1336 3227 1604 3296 inquam,
1646 3225 1773 3293 ejus
1821 3223 2005 3286 omni,

361 3339 477 3393 qua
508 3321 672 3392 prius
731 3335 792 3374 se
844 3319 1192 3388 jactaverat,
1252 3315 1511 3370 oratione
1563 3330 1717 3368 nunc
1749 3312 2004 3381 sublata,

354 3411 500 3466 illud
536 3410 708 3464 modo
742 3425 844 3478 pro
877 3424 938 3462 se
970 3405 1282 3476 allegabat,
1317 3404 1613 3475 regionem
1650 3419 1712 3456 se
1744 3403 2007 3456 obtinere

355 3516 531 3572 quam
556 3503 748 3569 patres
775 3495 866 3550 sui
888 3494 1618 3562 1aboribus,sudoribusac
1637 3495 1865 3546 tantum
1892 3507 2005 3545 non

357 3592 487 3645 fuso
535 3587 805 3643 stillatim
845 3585 1080 3655 proprio
1130 3583 1414 3653 sanguine
1467 3585 1797 3652 parassent.
1848 3584 2009 3634 Hanc

362 3679 758 3735 hereditatem
793 3675 867 3730 ab
899 3674 1044 3746 ipsis
1074 3674 1144 3728 ad
1180 3671 1332 3728 ﬁlios
1363 3670 1779 3726 transmissam
1823 3669 2008 3739 possi-

356 3770 494 3825 dere
523 3783 651 3823 sese
675 3769 813 3837 jure
846 3781 1021 3837 quam
1056 3764 1274 3836 optimo
1309 3779 1322 3816 :
1357 3777 1642 3832 quorsum
1699 3776 1838 3830 ergo
1881 3759 2008 3829 ipse

347 3857 511 3912 illam
545 3856 746 3926 inique
795 3853 1195 3926 repetentibus
1247 3850 1571 3906 relaXaret‘?
1618 3855 1766 3903 Sane
1799 3849 1848 3903 si
1882 3849 2007 3902 red-

348 3945 544 4000 denda
566 3947 743 4008 esset,
764 3942 836 3996 iis
859 3940 1056 4012 potius
1073 3939 1235 3994 reddi
1255 3941 1546 4009 oporteret
1569 3936 1784 4006 quibus
1807 3938 2004 4004 erepta

352 4035 450 4089 sit.
477 4033 819 4088 Nonautem
843 4029 1143 4096 Romanis,
1189 4028 1289 4083 sed
1332 4025 1492 4081 Italis
1529 4025 1692 4096 prius
1713 4026 1847 4094 jure
1870 4022 2004 4078 belli

353 4123 762 4179 obtinentibus
781 4125 966 4174 terras
991 4118 1186 4172 illasvi
1219 4115 1536 4171 extorsisse
1569 4114 1819 4183 majores
1842 4130 2005 4179 suos,

349 4229 603 4285 quorum
631 4227 692 4266 se
716 4215 982 4281 posteros
1005 4223 1068 4261 ac
1095 4206 1356 4261 sobolem
1390 4205 1524 4273 frui,
1546 4220 1720 4275 quam
1745 4202 2004 4274 legitime

361 4301 703 4366 crevissent,
737 4297 1076 4353 haereditate
1115 4312 1180 4350 ac
1204 4295 1558 4366 patrimonio
1582 4292 1836 4359 virtutis,
1873 4291 2006 4362 quis

353 4408 470 4446 non
505 4389 592 4444 fas
649 4397 703 4443 el
753 4403 989 4458 aequum
1039 4401 1170 4439 esse
1213 4382 1503 4438 fateatur?
1538 4381 1676 4436 Vere
1710 4381 2003 4451 siquidem

348 4479 571 4536 dictum
599 4477 747 4532 illud
810 4475 968 4541 ferri,
1030 4473 1175 4528 nihil
1229 4473 1540 4545 cujusdam
1598 4471 1825 4526 meliori
1873 4472 2009 4541 jure

349 4569 656 4642 proprium
689 4565 913 4621 censeri
942 4580 1120 4635 quam
1151 4563 1308 4633 quod
1343 4567 1624 4632 satagens
1657 4560 1912 4631 quisque
1943 4576 2009 4615 ac

352 4657 696 4729 periclitans
728 4672 908 4710 manu
942 4653 1054 4709 sibi
1087 4669 1152 4706 ac
1174 4656 1356 4707 Marte
1387 4649 1698 4721 quaesierit.
1726 4653 1882 4704 Inter
1903 4650 2010 4704 has

349 4747 698 4817 utrinquein
715 4745 957 4816 longum
977 4743 1362 4814 procedentes
1393 4740 1651 4808 suajura
1673 4739 1809 4792 hinc
1832 4743 2008 4810 atque

348 4839 488 4894 inde
519 4835 901 4907 allegantium
935 4831 1348 4887 altercationes
1379 4828 1558 4900 copiae
1609 4828 1855 4882 Joannis
1903 4830 2006 4883 de-

350 4931 532 4998 spota:
562 4927 742 4981 ductu
768 4923 1092 4978 militantes
1115 4924 1348 4990 tempus
1391 4934 1514 4972 rem
1539 4917 2007 4988 regendicontri-

349 5019 580 5072 verunt.
617 5019 692 5068 At
731 5013 1166 5068 sebastocrator
1187 5007 1652 5064 Monembasiam
1679 5010 1733 5061 et
1756 5006 2007 5061 circum-

350 5105 545 5178 posita
574 5103 852 5160 obsidens
877 5101 1054 5171 loqua
1077 5098 1340 5170 quotidie
1359 5113 1491 5152 cum
1509 5096 1770 5169 principe
1787 5112 2008 5167 pugna-

349 5194 450 5248 bat
474 5208 486 5247 :
513 5208 626 5246 non
661 5189 819 5244 enim
852 5204 919 5243 ea
936 5203 1116 5259 quam
1151 5184 1399 5240 Romani
1427 5186 1549 5254 jam
1583 5189 2008 5254 occupaverant

351 5279 736 5351 Peleponnesi
761 5281 924 5348 parte
945 5279 1281 5342 contentus,
1315 5273 1650 5329 universam
1687 5273 2008 5345 subjugare

351 5369 684 5434 allectabat,
711 5367 780 5422 ad
816 5366 872 5420 id
911 5365 1022 5435 ipsi
1055 5381 1157 5435 pro
1191 5362 1343 5417 virili
1380 5363 1832 5430 coeperantibus
1859 5379 2008 5434 quos

351 5459 464 5514 sub
497 5475 558 5512 se
586 5456 842 5511 habebat
875 5455 1076 5522 duces,
1104 5451 1266 5507 Phile
1301 5450 1621 5523 przesertim
1659 5469 1870 5522 magno
1905 5453 2006 5508 do-

351 5545 596 5600 mestico
628 5548 685 5600 et
715 5549 981 5597 Maereno
1015 5541 1165 5595 sacri
1199 5540 1452 5595 cubiculi
1484 5541 1774 5610 praefecto.

409 5635 498 5688 17.
527 5635 601 5688 De
620 5635 832 5688 Joanne
857 5635 1124 5686 Macrcno
1147 5629 1375 5700 Augusti
1394 5629 1646 5684 cubiculi
1673 5633 1954 5700 praefecto.

428 5723 492 5777 In
528 5722 620 5778 his
651 5722 802 5778 sacri
836 5717 1097 5775 cubiculi
1133 5718 1388 5789 praefecti
1421 5717 1712 5790 praecipua
1743 5725 1866 5773 erat
1889 5721 2008 5791 glo-

638 5842 908 5902 Puaoa.
957 5838 1068 5898 Gn.
1107 5837 1370 5898 CXLIII.

2115 1954 2204 2028 γία
2233 1956 2372 2029 πρὸς
2401 1958 2490 2010 τὸν
2525 1955 2759 2036 ἀδελφὸν
2791 1963 2987 2030 πιθανή
3022 1959 3217 2016 ἐδόκει·
3280 1963 3349 2031 ἦν
3409 1963 3512 2037 γὰρ
3545 1962 3603 2017 ἐκ
3632 1960 3777 2017 πολ-

2120 2043 2218 2098 λοῦ
2278 2051 2500 2100 τοιαῦτα
2547 2048 2780 2110 ἀκούσας
2834 2049 2959 2122 περὶ
3007 2050 3214 2105 ἐκείνου
3266 2053 3352 2106 καὶ
3414 2053 3441 2105 ὁ
3497 2050 3776 2127 βασιλεύς.

2119 2133 2354 2189 Συνίστα
2387 2133 2442 2190 δὲ
2489 2136 2582 2198 τὰς
2631 2139 2965 2214 κατηγορίας
3015 2140 3105 2194 καὶ
3151 2141 3219 2195 τὰ
3268 2145 3366 2194 τοῦ
3415 2139 3611 2212 ἀνδρὸς
3654 2161 3779 2195 κατ-

2118 2225 2436 2296 ορθώματα,
2470 2226 2542 2286 ὡς
2597 2224 2737 2288 εἰκὸς
2789 2228 2919 2282 εἶναι
2972 2229 3144 2293 οὕτως
3183 2227 3581 2303 εὐδοκιμοῦντα
3611 2228 3779 2284 ὑπελ-

2118 2317 2226 2375 θεῖν
2275 2313 2476 2366 ἐκεῖνον
2534 2314 2624 2368 τὸν
2683 2316 2950 2391 Πρίντζην
3011 2317 3099 2371 καὶ
3159 2321 3385 2372 τοιαῦτα
3438 2317 3553 2389 μετ’
3613 2315 3778 2371 αὐτοῦ

2116 2401 2525 2470 συσκευάζεσθαι
2563 2448 2575 2461 .
2653 2405 2722 2458 Τὸ
2783 2403 2840 2459 δέ
2897 2427 2960 2479 γε
3014 2406 3150 2479 πρὸς
3209 2405 3308 2474 τήν
3363 2406 3627 2482 θυγατέρα
3681 2408 3778 2459 τοῦ

2121 2491 2392 2563 βασιλέως
2420 2490 2590 2556 κῆδος
2622 2494 2711 2547 καὶ
2743 2492 2866 2547 λίαν
2902 2494 3081 2549 ἱκανὸν
3116 2495 3368 2568 οἰόμενος
3399 2496 3602 2550 πείθειν
3637 2493 3776 2549 ἐκεῖ·

2117 2599 2206 2633 νον
2242 2578 2316 2642 ὠς
2363 2580 2639 2655 μεγίστοις
2692 2579 3294 2658 ἐπιγαμϐρευσόμενον,
3343 2584 3432 2639 καὶ
3487 2583 3610 2640 λίαν
3634 2603 3776 2658 παρ-

2115 2779 2222 2846 ria,
2249 2782 2373 2850 jam
2408 2782 2560 2852 apud
2599 2781 2796 2837 hostes
2829 2781 3073 2837 celebris
3116 2783 3270 2837 fama
3319 2781 3542 2854 peritia:
3575 2797 3772 2836 rerum

2115 2869 2459 2925 bellicarum
2483 2877 2625 2926 eteo
2649 2872 2886 2926 nomine
2910 2872 3052 2942 ipsis
3075 2871 3390 2927 formidati.
3413 2871 3574 2925 Unde
3597 2871 3764 2926 seba-

2115 2964 2434 3014 stoeratore
2457 2959 2618 3013 illinc
2650 2965 2848 3030 postea
2879 2961 3207 3025 recedente,
3241 2960 3290 3014 is
3323 2960 3402 3014 ibi
3435 2976 3569 3014 cum
3602 2958 3766 3014 Phile

2116 3053 2207 3102 est
2237 3048 2496 3107 relictus.
2523 3055 2587 3102 ut
2622 3049 2900 3104 exercitui
2937 3053 3273 3120 prieessent.
3309 3051 3433 3114 Qua
3463 3049 3522 3102 in
3558 3048 3762 3120 praefe-

2117 3142 2280 3191 ctura
2311 3155 2444 3191 cum
2479 3155 2629 3208 saepe
2662 3155 2938 3210 prospere
2973 3143 3358 3210 pugnassent,
3379 3138 3532 3193 “208
3573 3135 3762 3192 semel

2116 3227 2502 3292 offenderunt,
2528 3228 2608 3281 ita
2642 3233 2705 3282 ut
2730 3227 2923 3297 praelia
2955 3228 3214 3282 infausto
3246 3228 3412 3282 ambo
3443 3226 3596 3297 capti
3629 3227 3765 3282 hos-

2117 3316 2264 3369 tium
2293 3317 2563 3370 custodia
2602 3316 3028 3381 detinerentur,
3051 3316 3109 3370 in
3136 3333 3252 3386 qua
3276 3332 3526 3386 magnus
3567 3315 3766 3370 dome-

2038 3430 2080 3496 ρ
2119 3406 2302 3460 sticus
2325 3410 2714 3461 estmortuus.
2738 3406 2925 3476 Hujus
2947 3422 3147 3460 socrus
3174 3403 3410 3474 Eulogia
3431 3420 3565 3458 cum
3585 3404 3766 3459 istum

2123 3496 2398 3549 nuntium
2432 3494 2628 3549 dolore
2677 3512 2784 3550 suo
2817 3495 3071 3549 maximo
3122 3494 3390 3548 auditum
3423 3494 3763 3565 imperatori

2121 3586 2378 3651 referret,
2406 3585 2703 3655 proditum
2737 3584 2808 3638 ab
2843 3584 2991 3640 sacri
3016 3582 3271 3638 cubiculi
3300 3577 3566 3654 praefecto
3589 3599 3763 3638 suum

2119 3689 2396 3742 generum
2427 3677 2634 3743 questa
2663 3678 2770 3740 est,
2803 3689 3073 3728 asserens
3104 3670 3396 3727 volentem
3426 3674 3763 3726 Maerenum

2120 3761 2268 3816 bello
2299 3762 2542 3828 victum,
2585 3763 2791 3831 fuisse,
2814 3767 2871 3817 et
2895 3777 2964 3817 ex
2994 3761 3318 3830 composito
3349 3761 3658 3816 inductum
3690 3761 3762 3815 ab

2116 3850 2243 3920 ipso
2279 3850 2331 3903 in
2357 3850 2619 3920 provisas
2651 3849 2900 3906 insidias
2933 3867 3209 3919 magnum
3243 3851 3654 3906 domesticum.
3695 3853 3765 3904 Et

2115 3954 2311 3994 revera
2343 3939 2610 4008 quaedam
2633 3939 3001 3994 increbuerat
3018 3956 3131 3993 non
3147 3955 3390 4009 prorsus
3409 3937 3762 3994 inverisxmi-

2115 4027 2186 4083 lis
2219 4027 2356 4082 talis
2386 4028 2638 4098 perfidia:
2671 4028 2889 4099 opinio,
2915 4027 3116 4082 multis
3149 4044 3216 4081 ex
3249 4027 3581 4098 suspicione
3603 4029 3762 4083 affir-

2115 4117 2416 4172 mantibus
2448 4117 2640 4187 egisse
2686 4116 2834 4170 clam
2868 4121 2927 4170 et
2957 4115 3302 4170 convenisse
3333 4132 3467 4170 cum
3500 4116 3764 4189 principe

2115 4213 2475 4276 Macrenum,
2497 4206 2788 4278 promissa
2809 4205 2947 4259 huic
2969 4205 3042 4260 ab
3065 4204 3162 4259 illo
3184 4204 3473 4260 Theodori
3495 4207 3765 4261 Lascaris

2115 4296 2487 4367 imperatoris
2511 4295 2718 4367 nuperi
2742 4294 2861 4350 ﬁlia
2886 4312 2897 4349 :
2925 4294 3047 4349 haec
3065 4295 3222 4349 enim
3246 4293 3326 4349 ibi
3350 4297 3554 4364 nupta,
3591 4299 3655 4348 ut
3685 4294 3768 4348 di-

2118 4386 2312 4440 ximus
2339 4385 2460 4440 viro
2507 4386 2717 4440 deinde
2767 4390 2998 4440 mortuo
3033 4384 3186 4456 apud
3239 4383 3565 4455 principem
3592 4384 3771 4438 vidua

2119 4477 2440 4546 perstabat.
2464 4474 2797 4529 Pollicitum
2817 4478 3010 4528 autem
3039 4473 3138 4529 tali
3155 4473 3420 4528 mercede
3433 4473 3772 4528 Macrenum

2119 4563 2356 4620 aiebant
2378 4564 2732 4619 traditurum
2749 4581 2877 4618 sese
2893 4563 3143 4634 principi
3167 4580 3293 4634 qua:
3317 4563 3564 4618 Romani
3587 4563 3644 4618 in
3669 4563 3772 4618 Pe-

2119 4655 2439 4725 loponneso
2462 4658 2760 4724 ceperant,
2801 4659 2859 4708 et
2897 4653 3238 4724 imperatori
3262 4656 3547 4723 quantum
3575 4665 3774 4722 posset

2121 4743 2656 4799 obstiturum.Haec
2696 4741 2944 4813 Eulogia
2994 4741 3158 4795 fratri
3183 4741 3386 4796 dicens
3429 4740 3774 4795 verisimilia

2117 4832 2277 4902 loqui
2307 4833 2434 4887 visa
2453 4836 2562 4900 est,
2588 4847 2654 4885 eo
2675 4831 2831 4901 quod
2860 4829 3217 4900 jamdudum
3243 4829 3382 4884 talia
3404 4829 3474 4884 de
3499 4828 3768 4885 Macreno

2114 4921 2438 4992 imperator
2492 4920 2771 4975 audisset.
2832 4918 3140 4974 Addebant
3173 4923 3367 4972 autem
3412 4917 3774 4973 accusationi

2117 5011 2288 5064 fidem
2315 5010 2488 5064 fortia
2519 5009 2624 5063 viri
2650 5011 2893 5076 facta,ex
2914 5007 3132 5079 quibus
3155 5006 3432 5062 credibile
3455 5007 3776 5078 apparebat

2117 5104 2390 5152 conatum
2427 5098 2608 5153 fuisse
2649 5097 2976 5169 principem
3030 5095 3274 5151 delinire
3321 5100 3439 5150 tam
3490 5094 3775 5168 inclytum

2114 5188 2268 5243 bello
2301 5189 2510 5243 duceni
2543 5191 2599 5242 et
2630 5188 2689 5241 in
2723 5203 2860 5242 suas
2884 5203 3018 5241 eum
3043 5189 3239 5255 partes
3270 5185 3583 5242 attrahere.
3609 5187 3772 5250 Quod

2119 5294 2291 5348 porro
2316 5278 2645 5332 addebatur
2667 5277 2737 5330 de
2778 5276 3026 5346 conjuge
3050 5275 3164 5346 ipsi
3189 5276 3481 5330 destinata
3504 5274 3626 5330 ﬁlia
3659 5275 3772 5330 im-

2121 5365 2403 5439 peratoris
2433 5365 2742 5435 Theodori,
2776 5365 2830 5418 id
2867 5370 2924 5419 et
2952 5365 3378 5419 efficassimum
3412 5365 3773 5420 incentivum

2120 5455 2350 5526 quidvis
2373 5455 2628 5509 audendi
2673 5460 2942 5508 Macreno
2986 5454 3249 5508 futurum
3289 5454 3548 5523 videbat,
3576 5453 3782 5523 utique

2121 5562 2354 5599 summe
2373 5543 2719 5612 cxpetibiles
2745 5544 2890 5597 talus
2915 5543 3155 5614 nuptias
3180 5543 3289 5598 sibi
3315 5544 3608 5598 credituro
3641 5560 3778 5613 pro-

2121 5640 2249 5705 pter
2269 5634 2611 5687 affinitatem
2638 5649 2816 5704 quam
2850 5650 2950 5703 per
2978 5650 3076 5688 cas
3101 5649 3233 5686 cum
3280 5631 3557 5688 maximis
3604 5630 3782 5685 iniret

2121 5723 2420 5778 domibus.
2455 5721 2680 5793 thuia
2730 5723 2878 5777 idem
2905 5721 3354 5777 matrimonium
3404 5720 3780 5792 periculosis-

3419 5841 3490 5896 21
