4112 6426
360 417 464 474 651

1675 404 1979 462 GEORGII
2016 401 2483 460 PACHYMERB

3695 399 3806 457 652

361 541 563 608 ἔκνιζεν
596 536 673 598 εἷς
723 533 890 610 ὀργὴν
945 529 1035 586 ’ὀιά
1077 531 1178 599 τήν
1225 531 1322 583 τοῦ
1383 525 1573 599 μίσους
1617 531 1719 593 τῆς
1767 521 2019 597 γυναικὸς
2053 525 2105 591 Α
2137 521 2225 578 καὶ
2288 524 2573 600 βασιλικὸν
2607 524 2865 602 φρόνημα
2917 527 2944 582 6
3004 525 3311 602 ἀνὴρ,ικαὶ
3372 523 3433 580 οὐ
3475 521 3801 602 κατεδέχετο

365 625 621 700 ὑποψίαν.
683 609 839 685 ⁶Οθεν
887 620 977 676 καὶ
1037 621 1110 680 ὡς
1153 616 1390 686 ἀληθινὰ
1433 614 1500 669 τά
1547 613 1748 676 πιθανά
1797 609 2024 682 δεξάμε-

363 737 475 785 νος,
506 716 771 786 τιμωρεῖν
803 708 1109 783 παραυτίκα
1137 703 1303 774 ἤθελε
1332 703 1421 758 καὶ
1453 703 1600 776 παρᾶ
1646 707 1763 762 τοῖς
1798 701 2027 774 ὲχθροῖς

366 805 417 859 ἐν
463 807 531 876 τῇ
565 800 782 878 φυλακῇ
835 793 1237 870 συνισχημένον
1288 795 1377 846 τὸν
1425 788 1610 864 ἄνδρα.
1657 788 1758 845 Καὶ
1809 787 2026 860 πέμψας

366 875 526 948 αὐτὸν
578 875 942 944 ἀνταλλάττει
1006 883 1271 959 μεγίστων
1329 882 1639 955 προσώπων
1702 875 2026 946 Ἰταλικῶν,

365 981 455 1035 καὶ
513 972 859 1053 παρασχεδὸν
926 975 1033 1026 τῶν
1103 970 1406 1047 ὀιρΟαλμῶν
1465 969 1818 1044 ἀφαιρεῖται,
1881 965 2030 1037 ἀξίας

369 1065 669 1127 ἀντιδόσεις
722 1062 903 1123 διδους
960 1066 1068 1116 τῶν
1131 1057 1632 1134 ἀνδραγαθημάτων
1693 1057 1764 1109 ὧν
1823 1053 2026 1116 ἐκεῖνος

367 1157 647 1233 εἰργάζετο
696 1151 833 1207 κατὰ
879 1149 1148 1222 πόλεμον,
1207 1153 1325 1208 τοῖς
1377 1146 1601 1221 ἐχθροῖς
1653 1143 1908 1218 γενναίως
1937 1142 2027 1195 καὶ

368 1243 640 1321 ἀνδρικῶς
692 1241 1099 1311 ἀνθιστάμενος.
1158 1235 1321 1293 Ἀλλ’
1382 1235 1525 1290 οὕτω
1578 1234 1672 1306 μὲν
1726 1238 1816 1287 καὶ
1861 1235 2031 1286 ταῦτα

367 1319 589 1402 συνέϐη’
625 1334 652 1387 6
686 1329 744 1386 δέ
771 1351 831 1404 γε
879 1324 1319 1402 πρωτοστράτωρ
1349 1322 1824 1398 Φιλανθρωπηνὸς
1870 1319 2021 1378 Ἀλέ-

365 1425 478 1494 ξιος
535 1425 657 1482 ταῖς
713 1420 904 1488 νήσοις
950 1414 1270 1490 προσίσχων
1330 1413 1426 1476 τὰς
1468 1416 1595 1472 ναῦς
1648 1411 1731 1485 (τὸ
1774 1410 1880 1485 γὰρ
1928 1416 2028 1464 Γα-

368 1509 672 1585 σμουλικὸν
737 1505 1083 1582 θαρρούντως
1149 1505 1270 1578 εἶχε
1324 1503 1460 1577 πρὸς
1511 1500 1611 1562 τὰς
1675 1501 1894 1575 μάχας,
1954 1499 2030 1561 ὡς

369 1600 565 1662 αὐτοὺς
621 1599 716 1673 μὲν
749 1596 886 1671 πρὸς
923 1593 1135 1668 μάχην,
1167 1591 1294 1654 τοὺς
1326 1589 1382 1646 δέ
1411 1612 1475 1666 γε
1525 1590 1856 1666 λεγομένους
1887 1609 2028 1663 προ-

368 1690 644 1750 σελῶντας
676 1687 752 1748 είς
791 1684 1012 1740 ἐλασίαν
1064 1681 1153 1736 καὶ
1209 1682 1380 1754 μόνην
1427 1679 1758 1752 τάττεσθαι),
1807 1677 2028 1752 προσέτι

371 1777 429 1834 δὶ
474 1778 566 1834 καὶ
624 1774 942 1832 Λακωνικὸν
991 1768 1137 1847 ἔχων
1195 1770 1286 1833 οὓς
1339 1768 1404 1838 δή
1455 1769 1561 1823 ἀπὸ
1606 1769 2029 1838 Πελοποννήσου

373 1868 667 1942 μετῴκιζεν
705 1866 732 1918 6
762 1866 1000 1939 κρατῶν,
1030 1860 1263 1922 τονὸτους
1293 1860 1497 1922 πάντας
1536 1857 1625 1912 ἐπὶ
1657 1862 1802 1927 νηῶν
1853 1857 2026 1934 φέρων

368 1957 564 2012 ἐκάκου
595 1955 689 2016 τὰς
715 1956 919 2024 νήσους
949 1950 1039 2006 καὶ
1071 1951 1162 2004 τὸν
1196 1952 1302 2003 τῶν
1338 1947 1552 2023 ἐχθρῶν
1605 1945 1846 2001 πλοῦτον
1896 1966 2031 2022 προ-

372 2053 504 2120 σῆγε
529 2049 612 2117 τῷ
651 2041 887 2119 βασιλεῖ.

378 2153 820 2235 ιηήιΙρεσᾷεῖαι
889 2157 1028 2235 προς
1088 2156 1292 2235 πάπαν,
1339 2153 1440 2235 Δκαὶ
1498 2149 1652 2235 ὅπως
1782 2149 2034 2235 βασιλεὺς

445 2232 514 2288 τὰ
578 2223 702 2306 περὶ
771 2229 862 2285 τὸν
934 2223 1104 2299 Ἀῖμον
1185 2224 1522 2306 διατεθείκει,
1596 2223 2033 2306 αὐτὸςξιέπιτάτ-

447 2324 556 2360 των
627 2292 747 2366 τοῖς
822 2292 1149 2375 στρατηγοῖς
1204 2303 1312 2352 τῶν
1394 2295 1673 2367 δυνάμεων
1738 2292 1882 2351 οἷ’κοι
1939 2317 2033 2350 κα-

448 2379 514 2448 θή
527 2395 709 2450 μενος,

449 2494 530 2565 [Ρ.
565 2491 690 2562 MO]
722 2488 800 2546 Οὐ
836 2488 942 2560 μὴν
976 2483 1105 2541 ἀλλ’
1161 2483 1280 2540 οὐδ’
1327 2485 1354 2538 ὁ
1391 2482 1647 2560 βασιλεὺς
1690 2481 1832 2538 οἷ’κοι
1865 2484 2034 2554 καθή-

380 2600 542 2655 μενος
600 2576 867 2654 ἠπράκτεῐ
917 2575 1008 2631 καὶ
1070 2579 1177 2630 τῶν
1229 2574 1565 2650 πραγμάτων
1613 2571 2034 2649 κατερῥᾳοῦμει,

375 2669 580 2741 πόθεν;
638 2665 855 2723 πολλοῦ
885 2686 949 2743 γε
1000 2665 1091 2720 καὶ
1146 2662 1248 2722 δεῖ.
1296 2665 1430 2738 Εἶχε
1457 2662 1558 2740 γὰρ
1588 2667 1706 2727 τοῖς
1751 2660 2037 2733 ἀληθείαις

379 2874 600 2931 simum
625 2871 804 2928 rebus
827 2870 953 2926 suis
972 2869 1237 2925 futurum
1253 2865 1870 2939 intelligebat,idcirco
1889 2867 2044 2937 quod

385 2980 514 3020 eam
548 2962 857 3017 mulierem
890 2963 1095 3030 utpote
1127 2973 1388 3012 sororem
1423 2955 1686 3012 excmcati
1716 2972 1748 3009 a
1780 2971 1842 3010 se
1860 2955 2043 3010 Joan-

384 3053 478 3108 nis
503 3051 618 3106 sibi
653 3066 784 3106 esse
815 3048 1108 3103 infensam
1138 3045 1575 3117 suspicabatur,
1609 3045 1939 3100 concitatus
1981 3045 2041 3101 in

381 3141 790 3197 vehementem
824 3138 1059 3203 iram,et
1081 3152 1208 3207 quae
1241 3137 1472 3190 tantum
1498 3132 2045 3189 verisimititernar-

387 3229 692 3294 rabantur,
717 3245 820 3300 pro
847 3225 1002 3281 veris
1036 3230 1093 3279 et
1124 3223 1366 3279 omnino
1415 3222 1588 3277 certis
1621 3221 1846 3278 habens
1881 3228 2042 3277 atro-

2135 613 2660 687 περιφρονούμενος.
2715 616 2874 677 Ὅθεν
2928 614 3016 668 ita?
3051 612 3312 688 συχνάκις
3372 613 3466 685 μὲν
3523 611 3660 686 πρὸς
3707 613 3801 666 τὸν

2136 702 2316 756 πάπαν
2376 699 2630 777 πρέσϐεις
2686 703 2839 778 ἐξῆγε
2895 705 2984 758 καὶ
3045 701 3246 775 δώροις
3307 703 3624 777 ὑπήρχετο*
3684 703 3796 756 αίῖεν

2135 791 2240 865 γάρ
2311 790 2512 846 ἐκεῖθεν
2585 793 2675 846 τὸν
2752 790 2996 847 κίνδυνον
3069 792 3472 860 καθυώπτευεν,
3536 791 3609 852 ὠς
3667 790 3801 863 μηδ’

2139 877 2387 934 ὁπωσοῦν
2442 881 2834 954 ἠρεμησάντων
2894 885 3002 935 τῶν
3058 879 3306 937 Ἰταλῶν.
3368 881 3446 934 Δι’
3480 878 3551 934 ὧν
3587 880 3672 934 καὶ
3705 880 3799 934 τά·

2135 971 2272 1024 κεῖΟι
2333 971 2406 1031 ὡς
2467 968 2579 1024 ἐνὸν
2635 969 3174 1046 κατασφαλιζὸμενος
3223 969 3497 1044 ἐπεχείρει
3545 975 3660 1031 τοῖς
3703 968 3802 1025 ἄλ-

2139 1057 2256 1120 λοις
2317 1059 2680 1136 Θαρῥούντως.
2747 1066 2988 1134 Συχναῖς
3048 1064 3175 1134 γοῦν
3227 1054 3538 1134 πρεσϐείαις
3587 1059 3675 1113 καὶ
3711 1057 3802 1113 δε-

2138 1147 2348 1217 ξιώσεσι
2386 1150 2459 1220 μὴ
2498 1150 2664 1222 μόνον
2695 1150 2785 1204 τὸν
2829 1151 3028 1220 πάπαν,
3063 1147 3208 1204 ἀλλὰ
3257 1149 3347 1202 καὶ
3397 1146 3644 1208 πολλοὺς
3691 1152 3799 1202 τῶν

2137 1234 2520 1312 καρδηναλίων
2551 1239 2640 1292 καὶ
2671 1243 2778 1292 τῶν
2811 1239 2938 1312 παρ’
2990 1237 3181 1309 ἐκεινῳ
3243 1234 3556 1308 δυναμένων
3591 1236 3804 1309 ἐξεμει-

2138 1323 2373 1381 λίσσετο.
2432 1327 2578 1400 Πρὸς
2629 1323 2684 1379 δέ
2731 1346 2792 1399 γε
2839 1324 2967 1388 τοὺς
3000 1324 3374 1399 Βουλγάρους,
3420 1322 3533 1378 οὐδ’
3566 1323 3805 1387 ἐκείνους

2137 1413 2360 1487 ἠρεμεῖν
2397 1411 2498 1485 εἶά,
2531 1412 2658 1468 ἀλλ’
2685 1415 2742 1468 ἐκ
2773 1419 2870 1468 τοῦ
2901 1413 3156 1488 σύνεγγυς
3200 1413 3494 1489 παρεκίνει.
3546 1416 3646 1469 Ἦν
3697 1414 3800 1490 γὰρ

2137 1501 2227 1555 καὶ
2260 1501 2446 1564 ἄλλως
2495 1504 2770 1581 προφανὲς
2791 1504 2853 1558 τὸ
2902 1504 3036 1579 πρὸς
3069 1500 3272 1557 ἐκεῖνον
3322 1498 3484 1578 ἔχθος
3514 1507 3612 1557 τοῦ
3642 1507 3805 1559 Κων-

2141 1593 2440 1659 σταντίνου,
2502 1592 2926 1668 ἐξοτρυνομένου
2974 1592 3122 1665 παρὰ
3178 1599 3278 1661 τῆς
3326 1593 3581 1668 γυναικὸς
3629 1592 3804 1666 Εἰρή-

2137 1701 2235 1750 νης
2287 1685 2382 1735 τοῦ
2441 1680 2636 1743 παιδὸς
2693 1682 2855 1756 χάριν
2910 1683 3164 1736 Ἰωάννου
3223 1678 3462 1759 ἀδελφοῦ
3505 1702 3564 1756 γε
3623 1677 3804 1749 ὄντος,

2137 1770 2226 1824 καὶ
2259 1768 2331 1823 ὦν
2393 1769 2442 1840 ἐξ
2479 1770 2714 1845 ὑπογύου
2749 1771 2849 1826 οὐκ
2906 1768 3154 1841 ἐνδίκως,
3213 1772 3255 1824 ὦ
3315 1768 3463 1838 δίκη,
3516 1771 3804 1828 πέπονθεν.

2141 1860 2374 1934 Ἀνάγκη
2436 1857 2481 1913 δ’
2528 1862 2596 1929 ἦν
2647 1859 2813 1935 ἔχθος
2871 1857 3067 1935 ἔχοντα
3123 1860 3252 1933 παρ’
3309 1859 3526 1914 ἐκείνων
3576 1860 3667 1914 τὸν
3704 1861 3806 1935 βα-

2139 1955 2296 2002 σιλέα
2323 1948 2412 2002 καὶ
2463 1947 2620 2002 αὐτὸν
2669 1948 2972 2024 ἐχθραίνειν
3022 1949 3112 2002 καὶ
3158 1948 3417 2018 ἀντιξύειν
3447 1949 3538 2003 τὸν
3587 1947 3800 2019 ξύοντα.

2140 2037 2351 2111 Μέχρις
2407 2035 2496 2091 οὖν
2554 2035 2897 2111 Ὀρεστιάδος
2954 2038 3285 2113 ὁριζομένης
3336 2044 3435 2106 τῆς
3494 2035 3806 2110 Ῥωμαίὸος

2141 2126 2231 2180 καὶ
2294 2126 2455 2199 μόλις
2503 2123 2790 2202 πρότερον,
2826 2128 2900 2189 ὡς
2931 2132 3039 2182 τῶν
3089 2125 3288 2190 ἐκεῖθεν
3322 2127 3424 2180 ὑπὸ
3456 2125 3799 2202 Βουλγάροις

2145 2211 2354 2283 ὅντων,
2412 2217 2643 2289 πέμπων
2695 2216 2860 2278 αὐτὸς
2921 2215 3124 2291 συχνὰς
3183 2215 3493 2278 ἀποστολὰς
3546 2236 3795 2290 στρατευ-

2149 2305 2352 2378 μάτων,
2411 2305 2572 2368 αὐτὸς
2627 2304 2866 2370 ἐντεῦθεν
2901 2303 3343 2379 διαταττόμενος,
3401 2307 3464 2361 τὸ
3503 2307 3799 2379 θαυμάσιον

2143 2395 2256 2465 (καὶ
2305 2396 2409 2470 γὰρ
2439 2392 2471 2448 ἃ
2517 2396 2610 2468 μὲν
2665 2391 2856 2468 ξυνέϐη
2911 2393 3068 2466 ἰδεῖν,
3116 2393 3333 2457 τούτοις
3366 2396 3651 2471 γινώσκων
3677 2393 3808 2459 τοὺς

2144 2484 2535 2556 πεμπομένους
2594 2484 2864 2556 ἐπέταττε,
2914 2485 3006 2539 καὶ
3064 2483 3196 2540 ὅπευ
3246 2483 3690 2561 προσκαθίσαιντ⁹
3742 2483 3803 2539 ἃν

2145 2573 2235 2628 καὶ
2293 2575 2442 2635 ὅπως
2496 2569 2825 2647 ξυμϐαλοῖεν
2876 2574 2965 2630 καὶ
3017 2573 3136 2638 ὅθεν
3194 2576 3519 2648 ὁρμήσαιντ’
3564 2572 3650 2644 ἂν,
3681 2573 3716 2643 ἢ
3751 2576 3813 2628 ἐκ

2147 2660 2336 2737 λόχων
2387 2662 2424 2732 ἢ
2475 2663 2718 2741 φανεροὶ,
2767 2662 2976 2739 ἡμέρας
3008 2664 3042 2733 ἢ
3086 2663 3176 2719 καὶ
3223 2665 3438 2736 νυκτὸς,
3480 2664 3690 2719 τάττων
3722 2663 3809 2718 ἐν·

2155 2871 2213 2922 et
2242 2867 2444 2923 crebro
2475 2868 2543 2923 ad
2579 2884 2792 2940 papam
2829 2868 3054 2940 legatos
3109 2869 3294 2936 misit,
3347 2872 3404 2925 et
3449 2869 3622 2925 donis
3672 2887 3806 2927 eum

2157 2956 2421 3012 delinivit
2446 2975 2457 3012 :
2485 2975 2617 3014 nam
2652 2958 2788 3012 inde
2809 2959 3045 3012 assidue
3062 2957 3388 3029 periculum
3405 2960 3810 3030 suspectabat,

2155 3061 2458 3117 nunquam
2492 3046 2802 3117 quieturis,
2837 3052 2904 3101 ut
2951 3047 3295 3118 apparebat,
3348 3047 3534 3104 Italis.
3588 3052 3807 3104 Verum

2153 3135 2440 3207 optimum
2477 3138 2630 3190 factu
2667 3137 2908 3206 putabat
2935 3136 3148 3191 ofﬁciis
3194 3141 3252 3191 et
3304 3137 3807 3209 propositionibus

2153 3225 2332 3294 pacis,
2364 3226 2556 3295 quoad
2595 3223 2717 3278 ﬁeri
2745 3229 2990 3294 poterat,
3033 3241 3125 3280 res
3149 3225 3218 3279 ab
3251 3242 3314 3279 ea
3338 3232 3502 3296 parte
3546 3225 3804 3292 ﬁrmare,

389 3320 534 3374 citer
565 3316 768 3373 ulcisci
801 3315 887 3370 vel
923 3316 1171 3387 primam
1206 3313 1382 3367 istius
1411 3311 1580 3366 invisi
1616 3311 1728 3366 sibi
1762 3313 2042 3367 connubii
2075 3301 2117 3365 C
2157 3330 2269 3382 quo
2301 3320 2499 3384 posset
2528 3314 2651 3383 ipse
2684 3313 3041 3369 securiorem
3099 3313 3222 3382 jam
3282 3314 3503 3369 caeteris
3548 3318 3807 3368 mentem

395 3406 808 3479 cogitationem
855 3404 914 3458 in
976 3403 1126 3460 209
1188 3403 1458 3458 Macreno
1508 3399 1838 3455 constituit.
1899 3402 2045 3468 Ergo

394 3513 530 3554 eum
563 3495 783 3565 ostium
811 3493 1005 3548 adhuc
1025 3490 1296 3546 custodia
1310 3491 2045 3561 detentum,permutatum

397 3602 534 3642 cum
567 3583 843 3640 maximis
871 3581 1138 3653 personis
1172 3579 1355 3636 Italici
1405 3578 1634 3650 generis
1675 3581 1744 3634 ad
1781 3596 1842 3634 se
1866 3580 2049 3650 jussit

397 3673 631 3742 adduci,
654 3678 711 3728 et
734 3671 1052 3743 appulsam
1084 3668 1395 3725 confestim
1426 3667 1752 3738 excascavit,
1795 3668 1946 3724 hanc
1994 3668 2046 3724 ei

397 3763 639 3836 dignam
672 3760 898 3817 scilicet
924 3759 1252 3815 mercedem
1286 3758 1615 3830 rependens
1655 3761 1741 3813 tot
1779 3757 2045 3814 heroico-

395 3869 528 3908 rum
560 3851 887 3907 facinorum
923 3850 996 3904 ab
1027 3849 1128 3905 illo
1177 3848 1493 3914 editorum,
1536 3849 1677 3902 dum
1710 3851 1912 3902 contra
1941 3847 2049 3903 ho-

395 3947 514 3998 stes
546 3941 791 3996 Romani
821 3938 1077 3994 nominis
1110 3938 1285 3992 toties
1317 3941 1438 3992 tam
1466 3953 1746 4007 generose
1776 3953 1841 3991 ac
1881 3936 2046 3991 forti-

396 4037 485 4087 ter
514 4035 822 4103 pugnaret.
853 4029 923 4084 Et
970 4029 1092 4083 haec
1141 4027 1384 4098 quidem
1446 4027 1528 4082 sic
1577 4044 1639 4082 se
1695 4027 2046 4082 habuerunt.

393 4124 681 4179 Caeterum
743 4122 1127 4191 protostrator
1181 4115 1422 4172 Alexius
1491 4116 2046 4188 Philantbropenus,

397 4225 674 4282 egressus
705 4225 838 4263 cum
869 4207 1078 4273 classe,
1114 4222 1292 4277 quam
1343 4204 1600 4260 habebat
1648 4204 1878 4276 egregie
1927 4205 2047 4260 ins-

395 4303 648 4354 tructam
682 4295 974 4352 militibus
1006 4295 1326 4351 Gasmulici
1369 4295 1619 4366 generis,
1673 4295 1888 4364 quibus
1921 4311 2048 4348 ma-

393 4388 551 4444 xime
581 4387 641 4442 in
674 4385 891 4457 praeliis
923 4384 1141 4439 ﬁdebat
1171 4383 1268 4454 (iis
1299 4382 1494 4438 solum
1542 4383 1614 4437 ad
1664 4382 1905 4439 bellicas
1955 4401 2048 4439 res

396 4480 592 4542 utens,
627 4473 761 4530 aliis
787 4489 946 4539 vero,
981 4488 1130 4542 quos
1164 4471 1532 4527 Proselontes
1561 4477 1794 4540 vocant,
1839 4473 1909 4527 ad
1955 4490 2047 4528 re-

394 4564 648 4637 migium
679 4562 1008 4631 duntaxat),
1053 4568 1330 4632 praeterea
1380 4561 1640 4615 Lacones
1689 4577 1889 4616 secum
1945 4561 2047 4616 ha~

396 4655 565 4722 hens,
598 4668 747 4724 quos
794 4666 826 4706 e
859 4648 1332 4721 Peloponneneso
1378 4649 1698 4721 imperator
1726 4651 2046 4705 transtule-

395 4747 505 4815 rat,
539 4757 672 4798 cum
704 4740 797 4797 his
830 4740 1108 4795 omnibus
1140 4737 1362 4795 bellum
1397 4755 1498 4811 per
1526 4739 1756 4795 insulas
1788 4740 2037 4794 circum-

389 4833 547 4904 tulit,
581 4832 774 4903 iisque
800 4829 1046 4886 vastatis
1077 4829 1417 4900 opulentam
1459 4845 1527 4884 ex
1580 4829 1854 4885 hostibus
1891 4845 2040 4900 pra:-

387 4919 882 4995 damimperatori
914 4919 1146 4976 rediens
1179 4918 1414 4974 obtulit.

386 5030 454 5084 18
495 5030 814 5098 Legationes
861 5025 931 5081 ad
977 5042 1211 5098 papam;
1263 5028 1313 5080 et
1357 5033 1422 5080 ut
1467 5025 1769 5098 imperator
1808 5041 1923 5080 rem
1970 5026 2044 5080 ad

491 5097 738 5156 nmmum
761 5101 954 5154 absens
983 5103 1033 5153 el
1055 5097 1213 5153 domi
1241 5099 1484 5152 residens
1524 5097 1657 5152 bene
1685 5101 1932 5167 gesserit.

457 5186 620 5242 Haud
652 5203 824 5259 porro
857 5187 1092 5242 interim
1112 5187 1335 5242 otiosus
1350 5185 1508 5242 domi
1533 5186 1834 5242 desidebat
1857 5188 2040 5258 impe-

385 5273 1084 5344 rator,autindormiebat
1102 5274 1681 5346 rebus,negotiorum
1705 5275 2042 5330 occasiones

387 5362 862 5434 praetermittens.
906 5363 1072 5418 Unde
1111 5367 1308 5418 autem
1361 5367 1560 5435 posset
1584 5363 1692 5418 hoc
1725 5363 2040 5435 quisquam

387 5453 460 5507 de
490 5449 590 5507 illo
620 5451 1271 5521 autumare,quiatalis
1303 5452 1642 5524 suspicione
1675 5452 2040 5524 negligentiae

387 5541 736 5613 longissime
758 5539 1026 5594 omnium
1061 5540 1294 5595 abfuit?
1324 5542 1644 5597 Verissime
1675 5543 1891 5613 quippe
1925 5543 2042 5597 dici

386 5633 582 5701 potest
611 5629 796 5684 fuisse
826 5627 952 5682 viro
988 5627 1125 5682 huic
1156 5630 1423 5684 animum
1478 5635 1536 5686 et
1578 5631 1823 5702 spiritus
1871 5631 2041 5700 plane

384 5718 595 5789 regios;
621 5733 813 5790 neque
838 5716 890 5774 is
911 5732 971 5774 se
993 5733 1136 5774 sane
1157 5720 1451 5774 contemni
1486 5720 1842 5790 sustinebat,
1885 5721 2040 5776 unde

2156 3405 2470 3457 advertere.
2505 3402 2691 3473 Igitur
2709 3402 3120 3473 frequentibus
3141 3402 3301 3458 hisce
3318 3401 3812 3457 missitationibus

2156 3491 2485 3562 legatorum
2522 3495 2577 3546 et
2627 3490 3046 3562 largitionibus
3079 3490 3412 3562 magniﬁcis
3443 3507 3558 3546 non
3593 3508 3814 3562 papam

2155 3579 2502 3647 solum,sed
2541 3580 2759 3635 multos
2817 3578 2995 3634 etiam
3049 3580 3204 3635 πω
3263 3579 3648 3635 cardinalinm
3709 3585 3814 3635 aut

2155 3669 2374 3740 alioqui
2405 3671 2555 3742 apud
2590 3668 2786 3741 ipsum
2821 3669 3152 3740 potentium
3186 3669 3463 3724 studebat
3494 3670 3804 3724 demereri.

2152 3760 2312 3822 Quod
2331 3758 2613 3831 Bulgaros
2632 3758 3206 3828 attinet,nequeillos
3220 3758 3522 3829 quiescere
3545 3759 3809 3830 patieba-

2152 3853 2271 3918 tur,
2305 3849 2406 3903 sed
2437 3864 2466 3903 e
2497 3848 2687 3902 vicino
2719 3848 3066 3903 lacessebat.
3091 3851 3227 3901 Erat
3256 3847 3414 3902 enim
3447 3847 3679 3918 publice
3701 3864 3805 3903 no-

2153 3943 2278 3993 tum
2311 3939 2595 3993 adversus
2618 3937 3034 4007 imperatorem
3055 3935 3253 3991 odium
3277 3936 3648 3992 Constantini
3675 3936 3808 3991 Bul-

2153 4027 2586 4099 gari,continuo
2609 4025 2897 4081 stimulati
2927 4027 2996 4079 ad
3023 4025 3080 4080 id
3105 4025 3177 4080 ab
3193 4041 3366 4080 uxore
3389 4027 3555 4081 Irene
3575 4030 3816 4097 propter
3901 4043 3906 4048 '

2155 4133 2400 4187 puerum
2446 4116 2733 4170 Joannem
2787 4115 3025 4169 fratrem
3075 4115 3280 4184 utique
3313 4115 3580 4170 mulieris
3613 4116 3816 4183 istius,

2153 4213 2273 4262 tam
2309 4206 2714 4276 injuste,ojus
2739 4204 2972 4274 fasque!
3001 4203 3283 4258 immania
3316 4221 3560 4274 passum
3585 4205 3818 4260 occulta

2152 4313 2222 4351 ex
2243 4295 2480 4350 insidiis
2503 4295 2874 4366 grassatione
2895 4291 3284 4348 crudelitatis.
3307 4294 3492 4363 Cujus
3523 4294 3638 4348 sibi
3670 4295 3813 4349 faci-

2157 4385 2316 4439 noris
2347 4385 2668 4455 imperator
2693 4382 2988 4450 conscius,
3012 4399 3144 4436 cum
3171 4399 3285 4437 non
3311 4389 3510 4454 posset
3543 4383 3687 4454 quin
3721 4385 3815 4439 in-

2153 4474 2315 4529 visus
2339 4478 2395 4528 et
2418 4472 2751 4544 capitaliter
2775 4487 2984 4527 exosus
3007 4475 3126 4525 tam
3153 4472 3505 4544 propinquis
3533 4489 3817 4544 Oppresso

2154 4563 2379 4636 pupillo
2404 4563 2670 4634 personis
2692 4568 2867 4629 esset,
2893 4561 3250 4632 sequebatur
3273 4577 3342 4616 ex
3375 4578 3537 4618 more
3571 4581 3636 4618 ac
3668 4564 3811 4620 vitio

2077 4682 2124 4746 D
2157 4653 2396 4709 malitiae
2423 4659 2488 4706 ut
2507 4652 2768 4706 vicissim
2791 4649 3296 4746 illosipseodisset
3319 4657 3616 4746 tio-mutua
3645 4653 3815 4709 colli-

2156 4744 2320 4798 sione
2352 4742 2637 4797 detereret
2669 4741 3004 4796 obterentes
3036 4756 3118 4795 se.
3143 4738 3286 4794 Cum
3321 4740 3505 4809 igitur
3538 4742 3817 4798 Romana

2151 4833 2294 4887 ditio
2329 4831 2599 4886 ﬁniretur
2629 4829 2949 4894 Orestiade,
3000 4829 3214 4901 vixque
3260 4828 3415 4884 ultra
3461 4846 3591 4885 eam
3644 4837 3820 4889 antea

2155 4922 2554 4994 porrigeretur
2594 4919 2866 4991 Bulgaris
2909 4917 3181 4973 videlicet
3202 4917 3474 4973 ulteriora
3501 4920 3822 4975 obtinenti-

2151 5011 2533 5078 bus,crebras
2547 5026 2612 5064 eo
2627 5008 2878 5063 immisit
2894 5006 3242 5062 militarium
3261 5009 3562 5078 copiarum
3581 5025 3817 5081 manus,

2152 5100 2536 5172 praescribens
2572 5098 2718 5169 ipsis
2740 5096 3046 5166 sigillatim
3071 5097 3210 5167 quid
3235 5097 3407 5152 vellet
3430 5098 3576 5154 ﬁeri.
3605 5099 3667 5153 In
3699 5116 3817 5169 quo

2151 5194 2318 5246 erant
2339 5188 2590 5244 solertiae
2614 5187 2803 5258 ipsius
2822 5191 2879 5241 et
2902 5185 3121 5257 peritiae
3146 5183 3365 5241 bellica:
3407 5187 3549 5242 artis
3583 5189 3817 5259 experi-

2155 5283 2352 5333 menta
2376 5294 2617 5350 prorsus
2641 5276 2810 5331 mira.
2845 5274 2993 5329 Nam
3025 5275 3072 5328 si
3109 5291 3257 5344 quos
3290 5291 3493 5330 eorum
3547 5275 3816 5333 locorum

2152 5368 2278 5439 ipse
2307 5371 2478 5422 antea
2505 5366 2770 5430 vidisset,
2809 5364 3074 5420 edicebat
3103 5362 3318 5418 absens
3353 5363 3551 5420 missis
3601 5364 3820 5422 litteris

2153 5473 2268 5527 quo
2291 5456 2417 5511 loco
2431 5457 2640 5510 stativa
2658 5453 2959 5524 ﬁgere,ubi
2981 5457 3034 5507 et
3051 5453 3345 5522 quomodo
3368 5469 3630 5525 pugnare
3649 5472 3823 5525 opor-

2149 5551 2316 5614 teret,
2345 5547 2501 5600 unde
2538 5546 2824 5615 impetum
2858 5545 3070 5608 facere,
3096 5541 3185 5596 vel
3223 5557 3292 5596 ex
3315 5543 3550 5598 insidiis
3572 5543 3659 5599 vel
3686 5543 3822 5602 luce

2152 5634 2370 5705 palam,
2404 5639 2508 5690 aut
2537 5635 2714 5690 etiam
2757 5649 2861 5704 per
2894 5639 3144 5698 noctem,
3171 5646 3240 5684 ex
3271 5632 3518 5688 memori
3549 5633 3821 5692 visorum

2150 5724 2407 5797 imagine
2439 5730 2570 5796 apte
2613 5728 2828 5778 cuncta
2868 5719 3177 5788 ordinans,
3210 5719 3370 5778 velut
3400 5721 3452 5777 si
3479 5739 3677 5780 coram
3725 5725 3821 5780 in-
