4112 6440
361 417 472 474 653

1440 419 1533 470 DE
1567 414 1942 472 MICHAELE
1981 411 2426 469 PALEOLOGO
2462 415 2596 468 LIB.
2638 418 2734 469 III.

3687 426 3795 482 654

360 545 542 606 τεῦθεν
589 541 656 596 τὰ
689 540 883 596 πάντα·
933 538 979 594 εἰ
1012 537 1058 594 δ⁹
1117 540 1216 595 οὑκ
1245 537 1350 595 εἶδε
1378 539 1470 594 τὸν
1529 537 1726 606 τόπον,
1777 533 2016 590 κελεύων
2050 542 2099 605 Α
2137 529 2292 603 δίκην
2345 533 2657 603 ἀποθέσθαι,
2723 537 2809 591 ὑπ’
2867 539 3182 615 ἀμηχανίας
3214 541 3288 598 Eoi
3351 546 3572 616 μεσίτας
3627 551 3796 604 mas-

364 628 677 708 διαγράφειν
727 629 854 692 τοὺς
903 628 1113 691 εἰδότας
1179 628 1340 691 αὐτὸς
1384 629 1612 683 καθίστα
1655 624 2029 702 προστάττων,

362 726 454 775 καὶ
491 720 559 788 ἦν
610 718 966 794 ἐπηρτημένη
1017 719 1197 794 κρίσις
1244 720 1323 791 τῷ
1371 719 1820 792 παρακούσαντι),
1874 713 2034 776 αὐτὸς

365 809 550 864 τοίνυν
604 810 837 882 πὲμπων
905 808 1000 870 τὰς
1076 805 1330 882 δυνάμεις
1385 812 1466 880 τῷ
1511 807 1635 862 τότε
1695 804 1870 879 συχνὰ
1921 807 2029 857 τῶν

370 899 484 954 ἐκεῖ
510 897 598 952 ὑπ’
641 897 790 970 αὖτῷ
851 897 1044 965 ἐποίει,
1104 897 1194 951 καὶ
1251 895 1511 966 ἡλίσκετο
1565 896 1658 970 μὲν
1714 889 2030 948 Φιλιπποό-

370 988 559 1058 πόλις,
603 987 881 1062 ἐκρατεῖτο
932 985 989 1042 δὲ
1036 985 1381 1062 Σθενίμαχον
1433 985 1716 1060 φρούριον,
1769 982 1860 1038 καὶ
1892 983 2032 1042 ἅπας

373 1080 399 1133 ὁ
427 1076 527 1148 ἔξω
556 1082 653 1132 τοῦ
698 1075 878 1149 Αἵμου
930 1078 1088 1151 ζυγὸς
1141 1075 1552 1152 συγκατείχετο.
1601 1072 1784 1131 Ἑάλω
1834 1071 1890 1127 δὲ
1934 1073 2030 1126 τοδ

373 1164 600 1236 Μυλτζῆ
661 1164 940 1234 διδόντος,
987 1167 1059 1227 ὡς
1117 1165 1487 1240 λεχθήσεται,
1539 1164 1628 1218 καὶ
1687 1157 2030 1236 Μεσὲμϐρεια

374 1254 583 1331 μεγάλη
628 1253 812 1324 πόλις,
843 1255 932 1308 καὶ
967 1253 1268 1330 Ἀγχίαλος
1310 1251 1686 1324 συνηλίσκετο.
1726 1251 1836 1307 Καί
1865 1271 1924 1326 γε
1964 1249 2031 1304 τά

369 1345 523 1420 πέριξ
583 1343 799 1399 ἐκείνων
837 1388 852 1410 ,
913 1344 1051 1414 ἅπαξ
1137 1343 1444 1418 γευσάμενα
1526 1349 1626 1411 τῆς
1689 1336 2024 1414 μεταϐολῆς,

367 1437 594 1511 ἠγάπων
639 1433 742 1487 ὑπὸ
806 1432 1020 1507 βασιλεῖ
1069 1431 1424 1505 διοικούμενα
1483 1433 1548 1505 [Ρ
1580 1432 1704 1502 Uti]
1741 1434 2025 1486 Κωνσταν-

366 1523 498 1596 τίνῳ
533 1520 589 1577 δὲ
621 1519 711 1577 διὰ
738 1526 906 1577 ταῦτα
953 1521 1214 1592 ἔκπληξις
1273 1520 1555 1594 ἐμπίπτει,
1589 1521 1679 1574 καὶ
1729 1519 2024 1591 ἀμύνεσθαι

375 1614 470 1686 μὲν
505 1611 607 1668 οὑκ
638 1612 752 1686 εἶχε
792 1613 852 1666 τὸ
909 1609 1186 1682 τηνικάδε,
1242 1612 1394 1684 ὅμως
1427 1608 1472 1664 δ’
1505 1608 1734 1664 ἐνεκότει
1765 1612 1882 1668 τοῖς
1931 1627 2030 1660 πε-

367 1703 724 1778 πραγμένοις,
759 1701 848 1755 καὶ
905 1701 1094 1777 καιρὸν
1155 1702 1356 1772 ἐζήτει,
1405 1699 1460 1754 δν
1497 1697 1561 1768 δὴ
1595 1704 1688 1753 καῖ
1734 1702 1841 1753 τῶν
1901 1716 2029 1771 πρα-

369 1791 589 1866 γμάτων
623 1791 808 1866 ψυχὴν
843 1791 1116 1867 λέγουσιν,
1146 1791 1307 1862 ἀξίως
1338 1790 1678 1864 ἀμυνεῖσθαι.

375 1952 457 2015 ‘0"
508 1953 700 2013 “om”:
741 1951 1125 2044 ,ὕπερχάῌενος
1158 1952 1186 2005 δ
1237 1947 1628 2044 βναίξιῖλεῦςξξξν
1679 1947 2030 2021 πατριάρχην
2060 1945 2187 2016 Bm
2243 1945 2334 2017 καὶ
2376 1945 2589 2038 γὲν-οιτο
2647 1969 2739 2022 τὸν
2804 1969 3102 2044 ἆσορισμὸν
3168 1945 3357 2028 λύσειε
3391 2019 3404 2043 ,

693 2024 793 2091 τὴν
838 2021 936 2078 τόδ
968 2021 1286 2098 ἀφορισμόῦ
1318 2022 1470 2076 λύσιν
1507 2021 1707 2091 ἐζήτει.

437 2151 523 2218 Τῷ
583 2145 766 2219 μέντοι
823 2167 883 2223 γε
945 2145 1163 2222 βασιλεῖ
1238 2147 1327 2201 καὶ
1383 2150 1549 2200 ταῦτα
1625 2145 1917 2220 πράττοντι
1979 2141 2031 2194 οἱ

371 2237 629 2311 λογισμοὶ
693 2237 960 2312 ὁσημέραι
1021 2233 1455 2311 διεταράσσοντο.
1513 2234 1587 2291 Οὐ
1641 2234 1744 2309 γὰρ
1805 2233 2030 2307 ἠρεμεῖν

370 2327 570 2382 ἐκεῖνον
605 2324 688 2380 εἴα
726 2324 990 2388 συνειδός·
1022 2327 1084 2380 τὸ
1146 2326 1247 2402 γὰρ
1305 2325 1578 2388 τοιούτοις
1637 2321 1860 2395 δεσμοῖς
1908 2341 2027 2373 συν-

373 2414 615 2480 δεδέσθαι
649 2413 740 2471 ἷ¹σα
775 2416 865 2471 καὶ
895 2415 960 2471 τὸ
1003 2413 1172 2488 μηδὲν
1230 2420 1365 2469 εῖναι
1425 2413 1607 2478 ἐτίθει.
1661 2416 1749 2484 Τῷ
1796 2429 1882 2465 τοι
1938 2407 2028 2462 καὶ

374 2508 510 2581 μήτε
541 2506 708 2561 τόπον
771 2503 1074 2581 ὀπολογίας
1131 2505 1276 2580 ἔχων
1342 2506 1470 2578 μήτ’
1527 2503 1768 2558 ἐπίνοιαν
1799 2503 1896 2554 τοῦ
1924 2499 2026 2568 τὴν

371 2710 656 2764 tueretur.
692 2706 912 2770 Quodsi
945 2705 1136 2761 locum
1172 2705 1230 2760 in
1265 2723 1379 2778 quo
1410 2704 1616 2760 bellari
1647 2700 2026 2773 contingebat

378 2813 683 2868 nunquam
726 2812 982 2868 praesens
1027 2801 1369 2868 spectasset,
1405 2793 1856 2863 descriptionem
1898 2789 2025 2859 ejus

380 2886 441 2940 in
474 2884 672 2940 tabula
720 2885 1033 2956 figuratam
1079 2883 1148 2938 ab
1193 2883 1312 2938 illic
1356 2883 1603 2939 versatis
1642 2881 1867 2936 habens
1911 2895 2026 2950 prae

382 2975 586 3041 oculis,
629 2973 856 3029 minute
895 2973 1096 3028 omnia
1137 2974 1456 3028 mandabat
1498 2986 1862 3045 quaecunque
1907 2966 2028 3040 geri

385 3065 639 3137 agiquee
671 3083 731 3120 re
764 3065 949 3132 foret;
984 3068 1038 3119 et
1061 3065 1362 3120 sanciebat
1409 3063 1778 3136 disciplinam
1813 3066 2027 3128 metus,

385 3159 535 3209 certo
593 3154 966 3226 impendente
1015 3171 1129 3208 non
1180 3154 1723 3226 obtemperantibus
1773 3149 2030 3223 periculo

372 3243 599 3314 judicii,
645 3242 932 3314 supplicio
986 3259 1117 3298 mox
1163 3245 1598 3299 damnationem
1644 3245 1936 3297 secuturo.
1970 3240 2032 3294 In

2143 645 2271 694 ματι
2305 627 2653 716 ζῶντας-καὶ
2707 631 2956 698 συνήθεις
3011 635 3091 702 τῷ
3147 633 3462 711 πατριόρχῃ
3517 638 3796 716 ἐτρέπετο,

2135 714 2225 767 καὶ
2283 710 2667 784 κατηντιϐόλει
2729 719 2946 789 Οειεμῶς
3022 725 3118 774 τοῦ
3201 710 3421 796 δεσμοῦῗ
3459 710 3794 802 τὸν-ἱκέτην

2137 801 2481 873 ἀνεῖναι,καί
2542 808 2903 882 μετεγνωκότι
2955 810 3054 877 τὴν
3114 811 3398 886 θεραπείαν
3460 815 3702 892 ἐπάγειν,
3729 801 3798 890 ἦν

2137 889 2339 956 ἐκεῖνος
2401 892 2677 968 βοόλεται’
2738 897 3018 973 εἶναιγὰρ
3078 896 3296 972 ἕτοιμον
3358 889 3612 980 πράττειν
3742 889 3796 965 τι

2134 982 2511 1055 προστάσσοι,
2571 985 2632 1038 τὸ
2689 986 2872 1057 μέντοι
2925 1008 2985 1062 γε
3033 991 3252 1066 γεγονὸς
3303 991 3567 1063 ἀποίητον
3625 1003 3797 1062 θεῖναι

2140 1071 2216 1141 μὴ
2251 1068 2474 1126 δυνατὸν
2536 1072 2682 1135 ὅλως
2716 1077 2868 1131 εἶναι.
2903 1077 2971 1131 Οἱ
3005 1075 3062 1131 δέ
3102 1079 3247 1155 παρᾶ
3303 1082 3394 1136 τὸν
3444 1086 3795 1163 πατριάρχην

2137 1159 2428 1234 ἐρχόμενοι
2503 1163 2849 1238 ἀπήγγελλον
2912 1167 3007 1238 μὲν
3065 1168 3153 1221 καὶ
3207 1170 3273 1224 τὰ
3325 1177 3422 1226 τοῦ
3485 1159 3796 1248 βασιλεως,

2134 1250 2224 1302 καὶ
2284 1251 2371 1324 ἀφ’
2424 1251 2600 1305 αὑτῶν
2666 1249 2721 1306 δὲ
2773 1251 3005 1309 πλεῖστα
3061 1258 3408 1332 πρεσετίθουν
3447 1267 3527 1335 τῷ
3585 1264 3802 1338 βασιλεῖ

2136 1338 2510 1412 χαριζόμενοι.
2573 1341 2629 1392 Ὀ
2692 1339 2740 1394 δ’
2785 1343 3066 1419 ὑπερεώρα
3137 1349 3235 1415 τὴν
3297 1347 3478 1419 δέησιν
3545 1353 3634 1407 καὶ
3685 1352 3800 1409 οὐδ’

2133 1426 2279 1488 ὅλως
2313 1434 2596 1503 προσεῖχε.
2653 1433 2974 1506 [Ιεριστερᾶιν
3007 1434 3107 1509 γὰρ
3145 1435 3330 1509 βαλεῖν
3386 1439 3462 1502 εἷς
3517 1443 3610 1496 τὸν
3661 1442 3796 1498 κόλ-

2133 1537 2232 1571 πον
2294 1515 2420 1595 ἔφη,
2473 1518 2727 1588 κάκείνην
2791 1532 3399 1598 μετασχηματισθεῖσαν
3435 1530 3510 1584 εἷεν
3545 1527 3664 1609 ὅφιν
3698 1531 3797 1603 δῆ-

2135 1607 2217 1675 ξαι
2243 1607 2378 1680 πρὸς
2413 1606 2656 1670 θάνατον·
2692 1609 2971 1681 ὑπεδήλου
3023 1611 3080 1667 δὲ
3130 1611 3200 1668 δι’
3250 1617 3456 1693 ἀμφοῖν
3504 1606 3614 1675 τῶν
3644 1620 3797 1676 ἐναν-

2131 1695 2408 1749 τιωτάτων
2446 1698 2597 1765 ζώων
2629 1699 2721 1752 τὸν
2761 1700 2920 1755 αὑτὸν
2976 1703 3201 1776 βασιλέα
3252 1706 3341 1760 καὶ
3372 1704 3483 1780 ἕνα,
3519 1707 3580 1762 οὐ
3615 1709 3799 1786 φύσιν,

2136 1782 2281 1838 ἀλλὰ
2309 1787 2535 1858 γνώμην
2565 1787 2709 1865 σφίσι
2770 1791 3262 1865 παρεικαζόμενον.
3317 1796 3428 1852 Κπὶ
3477 1782 3646 1853 ταῦτα
3705 1800 3800 1870 μὲν

2138 1874 2164 1927 ὁ
2196 1875 2544 1950 πατριάρχης
2587 1876 2677 1931 καί
2723 1877 2898 1934 πλείω
2946 1881 3180 1952 τούτων,
3229 1884 3318 1938 καὶ
3371 1886 3445 1948 ὡς
3495 1883 3609 1941 οὐδ’
3658 1885 3720 1942 ἂν
3753 1885 3807 1943 εἴ

3450 1972 3544 2029 κᾶν
3595 1997 3801 2051 προσα-

2141 2050 2310 2126 πειλῇ
2363 2055 2430 2107 τὰ
2483 2055 2640 2124 κοκά,
2701 2057 2798 2112 κᾶν
2858 2060 3021 2114 αὐτὸν
3077 2060 3324 2117 Θάνατον.
3385 2067 3452 2121 Οἱ
3514 2063 3561 2120 δ’
3607 2050 3804 2121 ὑπονο-

2142 2146 2388 2205 στοῦντες
2418 2144 2605 2199 καὶτὰ
2633 2151 2729 2200 τοῦ
2774 2148 3123 2225 πατριάρχου
3180 2149 3480 2221 δηλοῦντες
3536 2155 3612 2219 εἰς
3665 2155 3808 2228 ἀμη-

2141 2231 2336 2305 χανίαν
2387 2231 2646 2305 πλείστην
2704 2232 2958 2292 ἐνέϐαλον
3008 2240 3098 2294 τὸν
3160 2247 3495 2312 κρατοῦντα.
3553 2244 3652 2298 Καὶ
3719 2243 3802 2314 ὃς,

2141 2318 2329 2390 ἐπειδή
2388 2322 2476 2376 καὶ
2525 2325 2587 2378 τὸ
2635 2324 3065 2401 αὐτοπρόσωπον
3100 2329 3514 2406 ἀντιφάρμακον
3575 2332 3802 2411 λέγουσι

2140 2410 2325 2481 (τοῦτο
2382 2411 2486 2486 γὰρ
2545 2413 2677 2468 εἶναι
2737 2420 2859 2477 ταῖς
2917 2417 3196 2483 ὑπονοίαις
3251 2420 3342 2475 καί
3413 2425 3514 2492 τήν
3562 2410 3798 2500 Γοργὼ),

2139 2498 2305 2561 αὐτὸς
2389 2499 2530 2576 ἔγνω
2603 2505 3050 2582 προσερχόμενος
3137 2509 3472 2586 ἐντυγχάνειν
3523 2498 3646 2567 καὶὴ
3687 2498 3796 2582 τὴν

2137 2699 2390 2756 multum
2436 2702 2570 2759 licet
2611 2707 2902 2777 cogitans,
2945 2709 3318 2766 comminisci
3365 2717 3586 2782 posset,
3625 2713 3796 2785 inops

2136 2791 2514 2861 expeditioris
2557 2796 2789 2851 consilii
2830 2799 3000 2853 vertit
3045 2815 3174 2855 sese
3212 2801 3282 2855 ad
3327 2800 3680 2874 interpretes
3728 2819 3796 2858 ac

2140 2881 2546 2938 conciliatores
2579 2886 2738 2955 pacis
2771 2903 2874 2958 pro
2908 2904 2968 2942 se
3001 2889 3070 2942 ad
3108 2890 3500 2959 patriarcham
3535 2890 3790 2962 allegan-

2139 2969 2266 3024 dos.
2291 2970 2477 3033 Quam
2503 2973 2571 3027 ad
2599 2989 2716 3028 rem
2743 2978 2906 3031 ratus
2929 2975 3169 3032 idoneos
3193 2981 3479 3048 quosdam
3508 2980 3637 3036 vitae
3658 2997 3799 3035 san-

2141 3059 2343 3114 ctioris
2376 3062 2756 3132 professores,
2799 3065 3070 3120 assiduos
3103 3071 3157 3120 et
3198 3066 3520 3122 familiares
3553 3070 3801 3138 patriar-

2143 3149 2397 3220 chaa.per
2426 3150 2532 3206 bos
2565 3167 2764 3222 preces
2784 3170 2922 3208 suas
2947 3155 3018 3209 ad
3050 3155 3213 3209 illum
3248 3156 3802 3222 detulit,vehemen-

2145 3244 2231 3294 ter
2260 3256 2432 3294 orans
2466 3245 2529 3295 ut
2578 3258 2638 3296 se
2676 3243 2996 3313 supplicem
3031 3246 3182 3299 nodo
3223 3263 3338 3316 quo
3398 3246 3802 3318 stringebatur

379 3335 537 3388 hunc
569 3333 809 3388 modum
852 3333 1054 3387 missis
1093 3338 1230 3387 tunc
1264 3333 1446 3404 copiis
1489 3331 1764 3404 pleraque
1795 3329 2031 3386 illorum
2065 3335 2108 3403 α
2149 3329 2417 3393 solveret,
2454 3346 2518 3384 ac
2558 3331 2860 3402 pmnitenti
2903 3335 3366 3390 satisfactionem
3410 3353 3586 3407 quam
3628 3334 3802 3391 vellet

376 3426 672 3477 tractuum
690 3421 800 3475 sibi
825 3420 1094 3490 subjecit.
1131 3421 1275 3475 Nam
1300 3425 1467 3492 capta
1481 3425 1567 3476 est
1590 3417 2040 3502 Philippopolis,

381 3516 734 3581 occupatum
754 3509 1198 3564 Stenimacbum
1223 3509 1551 3576 castellum,
1572 3511 1784 3582 jugum
1810 3507 2043 3562 univer-

385 3617 520 3656 sum
549 3605 710 3654 extra
733 3599 994 3653 Haemum
1029 3599 1307 3654 Romanis
1330 3599 1674 3670 adjunctum
1701 3597 1906 3652 ditioni
1931 3600 2040 3651 est.

384 3691 641 3762 Recepta
672 3691 820 3745 2H
859 3693 948 3744 est
987 3688 1220 3759 Myltza,
1255 3693 1319 3743 ut
1355 3689 1602 3755 dicetur,
1632 3688 1882 3742 dedente
1924 3686 2042 3740 Me-

387 3781 680 3847 sembrea,
714 3794 928 3849 magna
957 3778 1183 3847 civitas,
1219 3795 1351 3832 cum
1395 3795 1513 3849 qua
1544 3783 1600 3832 et
1627 3776 1950 3832 Anchialus
1982 3775 2042 3828 in

382 3873 743 3942 potestatem
768 3872 1107 3922 nostrorum
1131 3867 1303 3921 venit.
1332 3867 1505 3922 Porro
1530 3883 1657 3938 quae
1690 3867 1912 3920 circum
1935 3864 2043 3919 has

385 3959 563 4014 urbes
595 3958 810 4029 oppida
845 3957 1095 4028 pagique
1126 3961 1314 4026 erant,
1349 3961 1523 4028 gustu
1551 3955 1732 4011 semel
1769 3954 2046 4010 mutatio-

383 4047 478 4102 nis
513 4050 748 4118 accepto
773 4046 1059 4101 malentes
1084 4043 1977 4117 imperatorisubesse,certatim
2012 4060 2046 4098 a

381 4136 630 4208 Bulgaro
663 4135 1033 4190 deficiebant.
1059 4134 1317 4190 Urebant
1335 4135 1454 4190 haec
1482 4134 1687 4188 intime
1711 4133 2047 4190 Constanti-

385 4242 529 4281 num
544 4227 829 4296 imparem
848 4227 988 4279 tunc
1007 4223 1338 4279 resistendo
1361 4223 1672 4294 etjacturis
1691 4239 1756 4278 ac
1780 4222 2048 4276 cladibus

393 4315 570 4370 toties
601 4313 864 4384 repetitis
897 4313 1232 4369 attonitum.
1255 4314 1514 4384 Ringens
1535 4329 1671 4384 ergo
1695 4327 1760 4368 ac
1793 4313 2050 4366 fremens

394 4403 560 4477 (nam
593 4402 755 4458 aliud
790 4403 847 4456 in
882 4403 1194 4474 praesentia
1225 4420 1340 4458 non
1377 4402 1624 4474 poterat)
1652 4401 2050 4474 exspectabat,

392 4498 453 4550 et
469 4492 763 4549 inhianter
787 4509 846 4546 cc
860 4493 1060 4563 ptabat
1085 4491 1325 4547 ultionis
1343 4491 2050 4563 opportunitatem,quam

393 4581 657 4638 animam
701 4581 1072 4653 negotiorum
1117 4581 1354 4652 quidam
1388 4598 1503 4636 non
1552 4579 1849 4635 immerito
1893 4579 2052 4634 dixe-

405 4676 565 4728 runt.

404 4780 490 4834 19.
545 4779 609 4835 Ut
671 4777 998 4848 patriarcha
1044 4786 1305 4834 convento
1360 4781 1413 4833 et
1478 4777 1803 4848 suppliciter
1870 4779 2058 4847 rogato

506 4849 813 4921 imperatJr
842 4848 1429 4907 excommunicationis
1469 4850 1859 4904 alsolutionem
1887 4849 2058 4920 petie-

512 4924 606 4977 rit.

473 5029 604 5084 Hec
636 5029 860 5101 agentis
891 5030 1257 5103 imperatoris
1289 5048 1430 5086 cura
1452 5031 1658 5103 ingens
1689 5029 1898 5102 agebat
1917 5028 2058 5082 fere-

401 5119 620 5190 batque
641 5119 830 5174 anxiis
856 5120 1314 5192 cogitationibus
1340 5121 1748 5192 perturbatum
1770 5118 2058 5172 animum.

401 5208 530 5264 Non
553 5208 712 5263 enim
737 5208 903 5264 illum
925 5210 1138 5282 quietis
1155 5216 1380 5282 partem
1407 5209 1589 5265 ullam
1605 5224 1811 5279 capere
1832 5206 2064 5261 sinebat

405 5315 642 5354 morsus
668 5300 915 5356 intimus
939 5302 1338 5370 conscientiae;
1366 5303 1627 5373 adeoque
1652 5301 1904 5355 fructum
1931 5295 2062 5351 nul-

405 5388 528 5442 lum
594 5391 896 5460 praesentis
949 5390 1246 5447 felicitatis
1292 5391 1599 5460 sentiebat,
1648 5391 1790 5444 dum
1840 5404 1902 5442 se
1949 5385 2060 5440 diri

411 5478 807 5536 anathematis
851 5483 1237 5537 constrictum
1286 5481 1532 5538 vinculis
1579 5480 1944 5543 meminerat,
1999 5480 2064 5530 ut

411 5567 512 5624 tali
548 5573 701 5624 statu
735 5586 865 5626 esse
903 5588 968 5626 ac
1011 5571 1155 5626 nihil
1197 5589 1325 5628 esse
1366 5572 1527 5644 paria
1572 5574 1818 5642 putaret.
1863 5569 2064 5636 Itaque

411 5674 549 5713 cum
582 5675 686 5713 nec
715 5660 1078 5730 probabilem
1112 5661 1292 5717 ullam
1346 5661 1608 5717 criminis
1658 5657 2062 5729 depulsionem

412 5763 520 5804 nec-
550 5746 704 5803 viam
750 5755 853 5806 aut
902 5752 1188 5807 rationem
1236 5752 1593 5809 excutienda
1635 5751 1811 5822 justae
1864 5763 2065 5818 paenae,

2149 3418 2510 3490 imperaret:
2567 3437 2628 3475 se
2694 3421 2912 3493 quippe
2982 3429 3317 3494 promptum
3389 3428 3680 3496 paratum'
3724 3426 3795 3481 ad

2150 3509 2587 3578 exsequendum
2622 3511 3016 3582 quodcunque
3039 3514 3394 3584 praeciperet.
3430 3515 3547 3570 Hoc
3579 3518 3798 3570 restare

2155 3613 2372 3653 unum:
2409 3615 2542 3653 nam
2577 3601 2730 3671 quod
2769 3601 2986 3656 factum
3031 3603 3110 3658 sit
3149 3603 3426 3657 infectum
3470 3604 3633 3658 reddi
3675 3608 3798 3659 arte

2151 3691 2254 3740 aut
2298 3691 2507 3741 conatu
2573 3689 2692 3742 ulto
2740 3706 2854 3744 non
2904 3707 3096 3761 posse.
3149 3692 3226 3747 Ea
3271 3691 3353 3746 illi
3411 3692 3803 3764 patriarcham

2153 3775 2404 3830 adeunte
2451 3777 2685 3848 copiose
2727 3785 3115 3852 accurateque
3151 3782 3524 3853 imperatoris
3553 3781 3805 3854 inomine

2153 3869 2419 3934 egerunt,
2474 3865 2772 3938 multaque
2838 3870 3235 3940 adjunxerunt
3289 3872 3488 3928 studio
3548 3872 3805 3944 proprio,

2155 3970 2511 4026 magnopere
2561 3959 2903 4027 satagentes
2953 3961 3358 4027 persuadendo
3406 3977 3473 4017 ac
3521 3960 3809 4032 placando

2157 4043 2490 4114 patriarcha
2541 4043 2880 4116 imperatori
2939 4048 3281 4118 gratiﬁcari.
3344 4053 3415 4103 At
3473 4050 3812 4120 patriarcha

2155 4131 2297 4188 talia
2329 4137 2633 4204 precantes
2664 4133 2898 4204 repulit,
2933 4141 2990 4190 et
3023 4153 3092 4191 ne
3124 4137 3324 4192 audire
3357 4137 3594 4208 quidem
3627 4139 3811 4192 susti-

2159 4239 2307 4276 nens
2340 4222 2674 4277 columbam
2708 4225 2861 4280 212
2895 4225 3039 4279 dixit
3069 4241 3130 4280 se
3162 4225 3219 4280 in
3244 4225 3439 4280 sinum
3475 4226 3810 4296 admisisse,

2160 4311 2322 4367 illam
2356 4317 2550 4367 autem
2593 4312 2674 4368 ibi
2724 4318 3010 4370 mutatam
3057 4315 3115 4369 in
3163 4320 3496 4387 serpentem
3548 4330 3814 4370 morsum

2160 4401 2268 4455 sibi
2292 4399 2523 4456 letalem
2555 4401 2837 4473 inﬁxisse,
2865 4420 3049 4458 unum
3073 4405 3466 4476 eumdemque
3489 4403 3813 4469 hominem,

2160 4489 2428 4545 videlicet
2449 4490 2884 4562 imperatorem,
2902 4493 3131 4548 duabus
3157 4493 3284 4549 istis
3309 4494 3560 4549 maxime
3585 4497 3818 4548 contra-

2162 4580 2381 4634 riarum
2403 4580 2793 4635 animantium
2819 4582 3139 4652 designans
3152 4582 3534 4655 symbolis,ad
3554 4583 3819 4637 indican-

2088 4710 2138 4779 Β
2168 4670 2312 4724 dum
2354 4685 2467 4724 non
2501 4673 2720 4724 natura
2765 4670 2825 4724 in
2857 4669 2978 4736 illo,
3013 4671 3114 4726 sed
3157 4688 3390 4726 morum
3436 4671 3821 4724 mutationem

2172 4760 2379 4779 [πμ-ΔΑ..-
2440 4757 2574 4779 Π--Λ
2607 4757 2725 4779 Ἰ-μ-
2767 4763 2814 4779 -L
2851 4758 2952 4779 ,ιὲμ
3003 4759 3051 4779 εξ-
3101 4776 3214 4779 ____
3257 4759 3598 4779 ____1-__12_-_
3639 4757 3818 4779 _A__IL_

2171 4760 2406 4812 factam.
2439 4757 2578 4814 Post
2607 4757 2729 4813 haec
2759 4763 2817 4813 et
2847 4758 2963 4814 alia
3003 4759 3061 4813 in
3093 4776 3222 4815 eam
3251 4759 3604 4815 sententiam
3639 4757 3827 4812 multa

2173 4848 2394 4916 intulit,
2428 4865 2494 4904 eo
2525 4849 2690 4903 vultu
2741 4865 2807 4903 ac
2855 4849 3065 4921 spiritu
3117 4849 3220 4921 qui
3269 4849 3414 4904 satis
3461 4847 3829 4904 declararent

2173 4955 2476 5009 nunquam
2518 4938 2734 5010 ipsum,
2768 4939 3055 5011 quidquid
3099 4940 3284 5010 fieret,
3315 4939 3717 4994 inducendum
3754 4939 3826 4994 ad

2172 5026 2800 5083 excommunicationis
2822 5028 3253 5084 absolutionem
3287 5028 3732 5101 indulgendam,
3755 5045 3829 5084 ne

2171 5117 2487 5187 siquidem
2539 5117 2695 5172 mala
2737 5117 3049 5188 quantavis
3091 5117 3410 5188 imperator
3459 5122 3830 5191 mortemque

2170 5207 2361 5276 ipsam
2387 5205 2924 5269 minaretur.Quare
2943 5208 3346 5279 deprecatores
3362 5208 3556 5263 mmsti
3571 5208 3828 5280 repulsa,

2174 5311 2304 5366 quae
2330 5295 2636 5349 audierant
2675 5294 3015 5365 imperatori
3051 5297 3394 5364 referentes,
3428 5297 3489 5353 in
3521 5299 3830 5369 angustias

2174 5401 2306 5440 eum
2332 5389 2628 5454 aestusque
2650 5385 2822 5441 multo
2842 5387 3093 5456 majores
3111 5388 3616 5457 conjecerunt.1lle
3633 5394 3830 5443 autem

2178 5493 2402 5531 memor
2434 5475 2691 5546 vulgaris
2722 5477 2857 5532 dicti
2901 5496 3016 5550 quo
3061 5479 3468 5553 significantur
3495 5481 3608 5536 vim
3639 5481 3833 5535 inesse

2179 5567 2530 5639 praecipuam
2565 5568 2832 5638 praseenti
2861 5569 3054 5625 lacieri
3083 5587 3279 5625 coram
3308 5571 3542 5626 atlantis
3574 5569 3830 5624 medenti

2177 5657 2602 5713 olt'ensionibus
2622 5661 2676 5711 et
2705 5659 2900 5725 gratia:
2924 5661 3287 5715 (temeranda:
3317 5661 3398 5732 (id
3425 5660 3580 5716 enim
3601 5660 3830 5714 indica-

2178 5753 2301 5802 tum
2349 5747 2614 5804 fabulosa
2664 5751 2955 5822 Gorgone,
3001 5751 3119 5807 oris
3182 5751 3412 5821 objecta
3475 5751 3828 5806 immutantc
