4112 6408
343 394 452 451 655

347 517 503 576 λύσιν
545 508 1062 586 ἐξομολογούμενος
1115 500 1426 570 έκζητεῖν,[

349 566 497 576 ..-νη
548 566 679 586 -.ην
805 566 816 585 ι
902 566 911 582 _
1050 566 1058 569 ν
1192 566 1242 570 __
1366 566 1426 568 7_

345 606 521 663 τοίνυν
581 598 877 668 πολλάκις,
932 594 1022 650 καὶ
1081 590 1109 645 6
1172 590 1267 663 μὶν
1335 586 1512 655 ἐζήτει
1567 580 1666 647 τὴν
1721 566 2004 650 θεραπείαν

347 700 446 752 τοῦ
474 691 810 764 τραύματος,
838 688 867 741 6
896 686 955 759 γὲ
981 681 1049 738 τά
1075 686 1173 749 τῆς
1208 673 1493 752 θεραπείας
1534 669 1786 743 πράττειν
1836 678 2006 733 προσ-

1426 759 1464 764 __
1491 757 1504 764 _
1531 760 1541 764 _
1605 757 1617 764 _
1706 752 1717 764 ,
1989 745 2004 763 ,

359 745 441 752 "'
487 745 629 764 't"”|
774 745 810 760 -ι
910 745 921 759 ι
1133 745 1141 749 -
1271 745 1280 752 ,

350 786 575 852 έταττε,
632 777 781 845 πλὴν
842 772 942 829 οὐλ
1003 768 1091 825 ἐπὶ
1151 766 1362 843 ῥητοῖς,
1416 757 1542 815 ἀλλ’
1594 752 1861 830 ἀορίστως
1916 745 2007 800 καὶ

1320 850 1329 852 μ
1637 847 1653 852 -
1693 848 1714 852 μ
1802 839 1815 852 .
1868 839 1881 852 ι
1983 835 1997 852 ς

349 835 598 951 ἀφανῶςι.
659 835 758 922 Καῖ
816 865 844 918 6
897 861 990 935 μὶν
1063 835 1246 934 ῥητῶς
1315 850 1495 920 ἐζήτει
1555 847 1741 920 μαθεῖν
1800 839 1884 893 ἐπὶ
1943 835 2007 891 τὸ

355 928 410 951 vi
434 928 439 929 ⁷
553 928 564 935 '
899 928 908 935 -
1064 928 1071 934 .

350 968 527 1020 ποιεῖν
560 968 860 1031 προθυμως
892 953 921 1005 6'
950 971 1003 1003 τι
1034 948 1122 1002 καὶ
1171 944 1349 1019 λέγοι,
1387 941 1415 994 6
1448 937 1506 992 δὲ
1536 934 1625 990 καὶ
1656 930 1823 987 πάλιν
1854 928 2009 1002 ἀορι-

351 1051 575 1107 σταίνων
602 1041 775 1120 ἔλεγε,
812 1066 839 1093 ‹‹
874 1037 1027 1096 ΙΙοίει
1057 1037 1158 1103 τὴν
1208 1028 1525 1105 θεραπείαν,
1554 1024 1645 1079 καὶ
1696 1018 1944 1091 δέξομαι.
1976 1035 2004 1067 n

1328 1118 1338 1120 μ
1410 1119 1413 1120 ,
1604 1112 1614 1120 _
1747 1108 1756 1120 ,
1987 1103 2000 1120 ο

348 1143 436 1202 Ὠς
471 1136 529 1193 δὲ
570 1103 843 1192 πολλάκις
902 1127 1111 1186 ἐκεῖνος
1171 1103 1280 1194 μὶν
1324 1118 1506 1188 ἐζήτει
1561 1112 1628 1167 τὰ
1692 1108 1950 1188 φάρμακα
1981 1103 2008 1156 ὁ

350 1227 408 1284 δὲ
438 1225 500 1282 οὐ
532 1225 778 1299 φανερῶς
828 1212 1036 1292 ἔλεγεν,
1086 1212 1255 1267 εἰπεῖν
1307 1208 1398 1263 τὸν
1432 1201 1681 1281 βασιλέα,
1714 1222 1742 1251 ‹‹
1776 1196 1881 1253 Καὶ
1924 1212 2008 1253 τις

1375 1295 1386 1299 ⁸
1605 1292 1623 1299 ⁸
1657 1290 1667 1299 ¹
1864 1288 1889 1298 ν
1929 1279 1975 1299 δ’

356 1279 405 1284 vv
445 1279 491 1282 ὴὲ
544 1279 556 1299 Ῐ
670 1279 679 1298 1
765 1279 776 1283 '
936 1279 947 1292 ι
1020 1279 1030 1283 -
1435 1279 1443 1281 ν

350 1314 492 1372 οἶδεν
533 1312 583 1369 εἴ
628 1310 719 1367 καὶ
776 1304 956 1363 πλείω
1013 1304 1279 1358 ποιοῦντα
1335 1295 1397 1351 οὐ
1454 1290 1743 1369 προσθήσῃ
1794 1288 1894 1339 τοῦ
1926 1279 2010 1336 δέ·

346 1409 533 1481 ξασθαι
563 1424 579 1474 ς
614 1422 641 1454 ι
669 1399 761 1455 καὶ
786 1397 879 1453 τὸν
912 1390 1304 1467 ἀποκρίνασθαι
1330 1385 1405 1447 ὡς
1453 1378 1711 1456 μεγάλων
1756 1376 2012 1448 ἁμαρτη-

351 1464 537 1571 μάτων
567 1464 825 1566 ’μεγάλην
863 1485 997 1540 εἶναι
1055 1464 1139 1536 δεῖ
1192 1476 1284 1533 καὶ
1334 1474 1436 1543 τὴν
1492 1466 1800 1526 ἀντίποινον
1853 1464 2009 1535 θερα-

346 1554 525 1641 πείαν.
560 1554 790 1639 ἀαίτὸν
835 1570 1065 1651 βασιλέα
1102 1567 1241 1644 πρὸς
1287 1564 1351 1620 τὸ
1399 1560 1689 1651 βαθύτερον
1745 1554 2011 1629 βάψαντα,

347 1699 378 1728 «
407 1673 477 1732 Τί
525 1669 636 1744 δαὶ,
667 1692 697 1722 ››
730 1645 924 1734 εἶπεῖν,
959 1685 987 1715 ‹‹
1025 1661 1100 1735 μὴ
1149 1663 1251 1727 τῆς
1309 1649 1586 1717 βασιλείας
1640 1645 1892 1713 ἐκστῆναι
1923 1660 2011 1695 κε-

348 1761 528 1825 λεύεις
563 1779 577 1831 ;
614 1783 643 1812 ››
695 1755 787 1812 καὶ
838 1752 983 1808 οὕτω
1040 1748 1269 1823 λέγοντα
1322 1743 1423 1812 τὴν
1484 1739 1695 1806 σπάθην
1755 1730 2011 1799 ἀποζῶν-

346 1853 530 1907 νυσθαι
580 1848 672 1904 καὶ
723 1840 955 1910 διδόναι,
987 1839 1089 1907 τής
1140 1834 1345 1891 ἐκείνου
1398 1827 1649 1887 διανπίας
1700 1819 2014 1894 ἀποπειρώ-

355 1962 539 2015 μενον.
587 1935 832 1993 Ἐκείνου
891 1928 950 1985 δὲ
1012 1929 1113 1997 τήν
1157 1930 1321 2000 χεῖρα
1384 1939 1521 1975 κατα
1578 1911 1821 1981 σπουδὴν
1879 1930 2015 1986 προ-

348 1999 622 2090 τείναντος
682 2025 756 2080 ἐσ¹
808 2023 854 2094 ᾧ
902 1999 1204 2091 λαμϐάνειν
1257 2011 1321 2067 τὸ
1374 2006 1533 2078 δῆθεν
1595 2001 1880 2075 διδόμενον
1937 1999 2012 2071 μή

352 2085 470 2181 πως
515 2085 719 2177 τελέως
763 2085 852 2167 καὶ
912 2085 1015 2177 τῆς
1075 2103 1277 2182 ὀσφύος
1331 2095 1627 2182 ἀπολυθὶν,
1668 2085 2012 2161 παλινῳδίαν

357 2230 417 2265 τε
444 2203 589 2279 ᾅδειν
618 2204 709 2259 τὸν
762 2196 1009 2277 βασιλέα,
1040 2194 1129 2249 καὶ
1158 2181 1253 2252 νὼς
1298 2181 1579 2256 ἐπιϐούλῳ
1626 2182 1683 2236 οἱ
1734 2185 1834 2248 τῆς
1885 2196 2015 2249 σφε-

357 2267 517 2373 τέρας
579 2299 725 2364 ζωῆς
762 2267 1040 2354 ’ὀνειδίζεν
1093 2278 1314 2337 εἷοῦτω
1374 2272 1654 2352 βούλεται.
1709 2267 1863 2337 Πλὴν
1922 2272 2015 2373 καὶ

356 2350 458 2457 τῆΓς
533 2350 777 2460 κεῖραλῆς
848 2350 1164 2449 καλύπτραν
1242 2350 1639 2429 ἀποτιθέμενος
1714 2356 1768 2419 ἐς
1844 2350 2018 2415 πόδας

356 2441 552 2547 έδόείνῳ
605 2441 791 2529 έαυτδν
847 2441 1108 2543 έῤῥίπτει,
1155 2457 1257 2547 καὶΔ
1293 2452 1523 2547 πᾼολλῶν
1586 2447 1899 2526 βλεπόντων
1951 2441 2014 2496 οὗ

355 2533 667 2642 κατῃδεῖτο.
716 2561 773 2613 '0
803 2554 851 2612 δ’
876 2533 1196 2626 άπέπεμπεν
1244 2539 1524 2621 ἐμϐριθῶς
1584 2538 1677 2595 καὶ
1732 2533 2016 2608 ὑπερεώρα

354 2762 650 2835 homines)
681 2755 938 2817 decrevit
966 2769 1070 2827 per
1098 2765 1161 2807 se
1191 2746 1352 2803 adire
1387 2737 1788 2816 patriarcham
1820 2736 1877 2789 et
1905 2730 2019 2787 cri-

357 2874 492 2916 men
523 2853 575 2912 ei
607 2833 912 2926 proprium
945 2841 1253 2900 confessus
1300 2833 1532 2891 veniam
1564 2843 1759 2885 coram
1789 2837 2015 2893 rogare.

363 2912 469 3003 [ﬂvit
500 2912 871 3016 prociditque
920 2930 1033 3004 ipsi
1081 2924 1332 2997 supplex
1374 2920 1629 2993 sapius;
1681 2919 1739 2970 et
1794 2912 2022 2969 detecto

361 3000 547 3091 animi
578 3000 817 3085 vulnere
849 3000 1210 3078 curationem
1232 3010 1418 3085 petiit.
1440 3008 1529 3065 Ad
1553 3022 1680 3077 quea
1713 3001 1812 3059 ille
1834 3000 2022 3055 facere

359 3123 558 3194 ipsum
591 3133 659 3174 ea
684 3112 904 3186 quibus
935 3103 1130 3164 curari
1162 3105 1395 3158 tantum
1430 3094 1571 3152 mali
1610 3087 2017 3165 possetjussit.

359 3210 643 3266 Caeterum
675 3218 806 3275 quae
837 3200 952 3254 ista
981 3195 1177 3251 essent
1206 3205 1322 3246 non
1373 3181 1682 3257 expressit,
1716 3175 2020 3234 indeﬁnite

366 3299 456 3356 sic
481 3301 658 3369 atque
688 3292 937 3348 obscure
967 3281 1281 3359 praecipere
1325 3276 1660 3333 contentus.
1695 3268 2021 3339 imperator

361 3404 496 3444 vero
542 3381 789 3457 rogabat
835 3357 1096 3432 indicare
1145 3363 1496 3427 nominatim
1559 3376 1631 3417 ne
1680 3357 2020 3431 gravaretur
2052 3375 2096 3441 ρ

524 3440 651 3529 fieri
681 3488 714 3526 a
744 3485 806 3525 se
826 3465 1021 3534 vellet,
1040 3478 1104 3519 se
1135 3457 1419 3515 exhibens
1439 3452 1510 3509 ad
1539 3451 1753 3507 cuncta
1775 3440 2024 3513 obsequi

356 3531 628 3639 paratum
661 3531 1028 3630 quaecunque
1055 3549 1322 3615 dixisset,
1352 3537 1688 3616 patriarcha
1717 3531 2021 3590 nihilomi-

358 3627 473 3711 nus
504 3652 564 3707 in
604 3627 722 3705 illis
759 3640 1084 3701 indeﬁnitis
1125 3630 1667 3709 praescriptionibus
1699 3627 2021 3706 perstanle,

361 3760 428 3801 ac
456 3744 695 3798 tantum
725 3734 871 3791 illud
911 3731 1175 3788 dicente:
1227 3748 1255 3777 ‹‹
1285 3721 1507 3780 Exhibe
1555 3712 2020 3775 satisfactionem

360 3831 546 3904 culpze
595 3824 1071 3898 respondentem,
1103 3822 1158 3873 et
1207 3812 1512 3885 accipiam.
1550 3830 1578 3858 »
1635 3810 1778 3861 Cum
1824 3806 2021 3857 autem

360 3891 984 3992 incusamus-distincte
999 3904 1294 3981 praescribi
1321 3901 1436 3959 sibi
1459 3896 1716 3955 remedia
1731 3891 2020 3966 petiisset,

360 4027 469 4068 nec
500 4008 653 4065 clare
684 4000 1017 4078 patriarcha
1039 3994 1441 4067 responderet,
1465 3988 1683 4044 dixisse
1704 3982 2022 4054 imperato-

358 4117 484 4159 rem
515 4069 715 4154 aiunt-z
778 4114 807 4143 «
849 4091 920 4146 Et
948 4089 1082 4160 quis
1129 4084 1241 4141 scit
1272 4099 1369 4149 an,
1410 4094 1545 4135 cum
1596 4090 1702 4146 ego
1764 4069 2021 4143 plurima

359 4157 569 4256 iecero,
628 4189 693 4240 tu
751 4180 897 4238 satis
956 4157 1307 4247 accepturus
1364 4167 1559 4225 sis?»
1619 4161 1725 4219 Cui
1768 4157 2021 4231 graviter

356 4275 737 4350 respondisse
765 4265 1163 4342 patriarcham
1216 4256 1547 4331 ingentium
1580 4251 1896 4308 criminum
1928 4246 2017 4301 in-

355 4341 559 4441 gentia
579 4378 710 4419 esse
729 4341 964 4432 piacula
989 4347 1380 4410 debere.213
1399 4346 1552 4401 Tum
1575 4341 2016 4411 imperatorem,

351 4460 419 4511 ut
450 4450 714 4526 penitius
738 4447 844 4503 viri
879 4443 1146 4501 animum
1179 4439 1458 4502 tentaret,
1495 4452 1521 4485 α
1553 4429 1701 4498 Quid
1734 4424 1953 4500 porro?
1988 4443 2012 4475 ι)

350 4540 627 4600 intulisse
653 4537 884 4597 :«Num
918 4548 1009 4589 me
1035 4531 1212 4587 etiam
1243 4523 1490 4597 imperio
1513 4521 1692 4594 jubes
1722 4516 1925 4572 cedere
1946 4513 2015 4568 ‘2»

350 4636 542 4705 Atque
561 4629 671 4686 hoc
704 4626 995 4683 dicentem
1028 4635 1231 4677 ensem
1251 4613 1488 4671 balthco
1523 4609 1747 4666 solvere
1770 4602 2017 4676 coepisse

354 4703 591 4797 ipsique
636 4715 955 4793 porrigere,
984 4724 1165 4767 causa
1207 4703 1485 4777 experiun

356 4783 550 4871 v‘elleit.
580 4783 923 4867 Patriarcha
949 4816 1087 4857 vero
1104 4795 1315 4869 cupide
1348 4806 1592 4848 manum
1634 4783 2017 4859 protendente

357 4901 525 4976 quasi
585 4899 656 4956 ad
717 4892 1129 4968 accipiendum
1189 4884 1346 4958 quod
1387 4880 1662 4944 dabatur,
1712 4887 2016 4930 revocasse

357 4993 691 5064 Augustum
742 4999 895 5055 sese,
927 4997 993 5038 ac
1029 4976 1291 5036 nondum
1324 4989 1359 5028 a
1407 4971 1626 5025 femore
1673 4960 2009 5035 expeditum

358 5077 677 5136 retinuisse
708 5074 998 5147 gladium,
1031 5064 1536 5137 exprobrasseque
1582 5054 1828 5125 insuper
1855 5047 2016 5105 velut

356 5164 665 5225 insidianti
693 5163 830 5219 vitae
859 5139 1002 5229 suae,
1044 5156 1144 5228 qui
1176 5169 1239 5209 se
1266 5150 1351 5207 sic
1383 5148 1750 5203 exarmatum
1788 5139 1929 5205 iret;
1962 5143 2015 5191 et

355 5262 557 5313 tamen
584 5250 841 5325 tegmine
861 5225 1078 5319 capitis—
1093 5240 1355 5315 deposito
1382 5234 1633 5308 abjicere
1658 5247 1719 5287 se
1743 5228 1815 5284 ad
1838 5225 2015 5299 pedes

354 5316 720 5420 ejus,multis
746 5316 1107 5403 videntibus,
1125 5349 1240 5388 non
1263 5327 1594 5384 dubitasse:
1618 5316 2014 5394 patriarcham

351 5450 489 5493 vero
538 5432 734 5504 ipsum
790 5424 998 5483 acerbe
1044 5419 1353 5493 repulisse,
1400 5412 1669 5484 nihilque
1733 5407 2013 5464 inﬂexum

354 5520 699 5596 despexisse
730 5520 890 5573 arcto
912 5510 1025 5569 sibi
1059 5507 1365 5580 complexu
1391 5520 1583 5577 genua
1605 5497 2015 5570 stringentem,

358 5615 504 5671 adeo
535 5604 919 5666 formidolosa
941 5595 1302 5656 conscientia
1325 5591 1564 5649 sceleris
1581 5593 1689 5645 est.
1719 5586 1876 5642 Adeo
1897 5583 2014 5638 vir-

358 5710 457 5759 tus
484 5694 840 5758 venerabilis
865 5691 877 5748 l
903 5690 1051 5749 Cum
1082 5690 1277 5745 autem
1311 5682 1525 5754 saepius
1548 5680 1702 5736 idem
1729 5690 1944 5748 rogans
1961 5677 2019 5728 et

1652 359 1957 422 GEORGII
1995 350 2463 409 PACHYMEBE

1434 492 1653 563 p142]
1710 482 2001 561 Ἐφίστατο
2031 473 2443 563 Αάπρῖξτῶν
2497 469 2775 563 γονάτων.
2843 464 3134 541 έχομενον.
3205 456 3396 524 Οὕτως
3447 460 3482 531 ἡ
3542 460 3783 536 ἁμαρτία

3665 335 3775 394 656

2116 560 2402 639 περιδεὲς,
2458 558 2634 619 οὕτως
2674 560 2709 626 ἡ
2752 555 2917 626 ἀρετὴ
2977 551 3182 626 τίμιον.
3241 552 3332 612 Ὦς
3390 546 3449 604 δὲ
3505 546 3781 614 πολλάκις

2116 649 2450 727 παρακαλῶν
2531 645 2831 718 ἠκολούθει
2904 643 2992 698 καὶ
3068 638 3496 715 κατηνάγκαζεν,
3575 636 3780 701 ἐκεῖνος

2118 740 2272 804 εὐθὺς
2319 740 2418 807 τὴν
2468 734 2670 793 κέλλαν
2720 731 3118 805 ὑποδυόμενος,
3174 728 3442 804 ἀπεζύγου
3493 728 3585 790 τὰς
3618 726 3782 802 θύρας

2116 830 2266 903 αὐτῷ
2300 828 2440 884 κατὰ
2490 826 2782 903 πρόσωπον
2834 822 2923 878 καὶ
2972 819 3134 896 ἀργὸν
3187 818 3358 894 ἠφίει.
3411 820 3596 874 Ταῦτα
3641 815 3782 871 πολ-

2119 920 2275 981 λάκις
2329 918 2570 993 προσιὼν
2622 914 2712 969 καὶ
2775 910 2975 989 δράσας
3008 930 3066 963 τε
3094 908 3182 962 καὶ
3220 906 3405 971 παθὼν
3460 905 3549 960 καὶ
3614 902 3785 979 μηδὲν

2118 1008 2291 1064 ἀνύων
2345 1004 2650 1081 ἐξηγρίαινε
2707 1023 2764 1057 τε
2821 997 3014 1055 αὐτίκα
3049 1042 3063 1067 ,
3135 995 3226 1051 καὶ
3279 994 3633 1068 σκληρότητα
3688 998 3786 1048 τοῦ

2118 1098 2463 1173 πατριᾶρχου
2513 1092 2602 1148 ἐπὶ
2648 1089 2879 1146 πολλῶν
2935 1084 3373 1161 κατηγόρει,καὶ
3422 1084 3499 1145 ὡς
3530 1084 3596 1138 τὰ
3624 1084 3785 1140 κοινὰ

2119 1185 2339 1242 κελεύοι
2395 1180 2819 1253 καταπροεῖσθαι
2866 1172 3221 1249 διελοιδόρει,
3253 1173 3340 1227 καὶ
3402 1174 3540 1245 μήτε
3571 1170 3776 1249 φόρους

2119 1268 2358 1350 ἐκλέγειν
2422 1274 2561 1346 μήτε
2616 1265 2751 1337 τέλη
2829 1265 3084 1341 πράττειν
3163 1263 3302 1334 μήτε
3380 1260 3785 1336 μεταχειρίζειν

2119 1348 2414 1439 πράγματα
2454 1362 2593 1434 μήτε
2627 1357 2733 1432 μὴν
2788 1353 3015 1409 διοικεῖν
3049 1352 3147 1421 τήν
3182 1351 3364 1426 ἀρχὴν
3412 1348 3559 1412 ὅλως
3608 1370 3789 1426 προσ-

2117 1453 2350 1524 τάττων,
2410 1449 2555 1505 οὕτω
2612 1444 2926 1522 θεραπεύειν
2988 1443 3220 1516 αἱρεῖται
3267 1442 3294 1495 6
3339 1445 3445 1495 τῶν
3500 1441 3788 1515 ἡμετέρων

2119 1541 2479 1618 θεραπευτής.
2542 1538 2643 1596 Καὶ
2701 1534 2862 1597 τέλος
2921 1530 3154 1596 ἐπετίθει
3212 1527 3486 1594 πολλάκις
3546 1530 3619 1592 ὡς
3670 1528 3790 1585 ἐπεὶ

2122 1634 2209 1689 καὶ
2252 1630 2495 1687 κανόνων
2552 1628 2881 1704 ὑπερφρονεῖ
2931 1621 3223 1696 ὁριζόντων
3288 1618 3795 1693 μετάνοιαν,προσ-

2123 1723 2452 1791 πίπτειντῷ
2494 1724 2593 1787 τῆς
2651 1713 2873 1787 Ῥώμης
2928 1710 3122 1782 πάππᾳ
3180 1709 3370 1784 καιρὸς
3429 1708 3519 1763 καὶ
3566 1703 3788 1764 ἀντιϐο-

2124 1811 2238 1867 λεῖν
2297 1809 2583 1877 σώζεσθαι.
2642 1805 2834 1865 Οὕτως
2892 1796 3062 1877 ἔχων,
3095 1799 3333 1875 ἐγκοτων
3396 1796 3636 1862 ἐντεῦθεν
3695 1797 3790 1852 καὶ

2048 1870 2094 1932 Β
2131 1898 2495 1976 βαρυνόμενος
2551 1893 2642 1949 ἐπὶ
2698 1894 2799 1961 τὴν
2855 1895 2963 1945 τῶν
3024 1892 3222 1944 κοινῶν
3285 1884 3559 1957 διοίκησιν
3620 1883 3788 1940 πάλιν

2128 1989 2422 2064 ἐτράπετο,
2478 1980 2852 2055 ἀπειπάμενος
2916 1978 3009 2051 μὲν
3071 1976 3433 2053 προσπίπτειν
3490 1975 3580 2029 καὶ
3637 1973 3792 2039 αὖθις

2130 2062 2273 2153 (ᾔδει
2296 2075 2398 2152 γὰρ
2431 2072 2531 2129 οὐκ
2569 2071 2822 2143 ἀνυσων),
2870 2066 3139 2143 ἐγκαίρως
3180 2065 3244 2141 γε
3294 2066 3393 2135 τὴν
3443 2062 3649 2139 ἄμυναν
3698 2062 3789 2119 δια

2128 2168 2309 2233 θέσθαι
2338 2169 2445 2219 τῶν
2476 2161 2706 2218 δεόντων
2739 2162 2951 2234 ἠγεῖτο.

2125 2276 2227 2363 κ’,⁵
2253 2273 2443 2363 ’Ότξως
2498 2265 2772 2363 στίν-ἦλθον
2830 2265 2882 2320 ἐν
2942 2266 3124 2363 ταυξῷ
3151 2257 3664 2363 ιιἷιατιέιήσυιζιθεσίας
3722 2260 3778 2313 οὶ

2628 2361 2691 2363 μνη
2719 2361 2743 2363 η
2773 2359 2786 2363 Α
2859 2356 2914 2363 _-
2988 2356 3054 2363 --μ
3216 2352 3345 2363 ,ευ-μ
3528 2338 3626 2363 ..ἔζ-
3692 2333 3756 2363 ΑιΙι

2200 2331 2458 2400 δεσπόται
2530 2331 2787 2410 Ἰωάννης
2858 2356 2916 2392 τε
2988 2331 3107 2390 καῖ’
3151 2331 3390 2409 Μιχαὴλ
3427 2333 3474 2396 ,ὁ
3528 2338 3627 2401 τῆς
3686 2333 3787 2385 Δύ-

2198 2438 2357 2479 σεως.

2200 2528 2265 2597 [Ρ
2321 2523 2444 2595 143]
2501 2518 2635 2575 Τότε
2688 2515 2869 2572 τοίνυν
2926 2513 3017 2569 καὶ
3074 2510 3240 2568 πάλιν
3295 2510 3626 2586 ἀπεπειρᾶτο
3682 2512 3793 2564 τῶν

2130 2724 2507 2782 vehementer
2544 2718 2778 2774 instans
2826 2713 3002 2771 etiam
3046 2712 3362 2769 abeuntem
3414 2712 3789 2783 sequeretur.

2131 2813 2299 2888 quasi
2331 2806 2736 2883 expugnandae
2766 2803 2818 2860 vi
2853 2803 2951 2876 pia
2988 2801 3320 2859 severitatis
3351 2804 3570 2865 certus,
3599 2799 3804 2855 ferunt

2131 2899 2527 2977 patriarcham
2582 2894 2787 2952 cellam
2837 2892 3174 2965 ingressum
3219 2889 3372 2945 fores
3419 2889 3478 2943 in
3523 2904 3589 2943 os
3638 2892 3803 2942 arcte

2130 2991 2366 3049 clausas
2398 2985 2698 3044 obdidisse
2729 2980 3072 3047 assectanti,
3105 2979 3309 3050 sicque
3342 2976 3506 3032 illum
3538 2992 3791 3032 vacuum

2131 3085 2188 3136 et
2218 3079 2407 3152 precis
2438 3074 2673 3130 irritum
2715 3070 2895 3126 crude
2925 3067 3242 3123 dimisisse.
3274 3070 3393 3120 Nec
3433 3064 3615 3120 semel
3648 3064 3791 3119 talia

2129 3171 2403 3241 expertus
2433 3165 2773 3236 imperator,
2799 3159 2899 3214 sed
2933 3157 3137 3213 eadem
3157 3156 3281 3211 haec
3315 3153 3529 3226 saepius
3559 3153 3796 3210 etlocu-

2127 3263 2224 3314 tus
2267 3260 2324 3313 et
2365 3258 2643 3326 operatus
2689 3253 2747 3305 et
2790 3264 3025 3321 passus,
3076 3244 3482 3316 nequidquam
3530 3258 3787 3313 semper,

2132 3347 2408 3403 eil'eratus
2438 3342 2508 3397 ad
2534 3344 2859 3396 extremum
2879 3339 2989 3402 est,
3014 3339 3071 3390 et
3103 3334 3173 3388 de
3197 3332 3417 3387 duritia
3448 3329 3795 3403 patriarchae

2133 3435 2288 3508 apud
2315 3430 2531 3488 multos
2549 3432 2637 3484 est
2661 3424 3229 3499 questus,invidiosc
3253 3417 3799 3494 exaggerans,velle

2123 3524 2336 3597 jubere
2359 3521 2523 3576 illum
2555 3517 2732 3589 abjici
2764 3533 2796 3570 a
2828 3531 2890 3571 se
2912 3530 3104 3570 curam
3124 3511 3531 3568 communium
3566 3524 3791 3575 rerum,

2138 3629 2241 3668 nec
2292 3611 2485 3666 sinere
2532 3622 2594 3663 se
2643 3603 2899 3676 amplius
2949 3606 3051 3657 aut
3080 3618 3110 3658 e
3139 3599 3313 3657 terris
3358 3599 3583 3654 tributa
3627 3601 3733 3652 aut
3761 3613 3795 3652 e

2138 3699 2542 3759 mercimoniis
2563 3694 2868 3767 vectigalia
2881 3693 3111 3765 exigere
3134 3710 3148 3762 ;
3174 3690 3427 3763 denique
3444 3687 3797 3744 tractatione

2133 3790 2291 3847 omni
2339 3787 2710 3861 publicorum
2758 3783 3128 3855 negotiorum
3176 3780 3546 3848 interdicere,
3606 3793 3673 3832 ac
3718 3793 3798 3833 ne

2132 3879 2311 3936 ullam
2333 3877 2607 3947 deinceps
2632 3869 2965 3944 reipublicae
2998 3874 3219 3941 partem
3253 3865 3669 3924 administrare
3694 3872 3798 3921 aut

2130 3969 2393 4025 omnimo
2428 3965 2715 4035 attingere
2744 3962 3067 4032 imperator
3108 3958 3344 4023 audeat,
3373 3960 3589 4011 vetare.
3625 3955 3795 4009 Hunc

2130 4058 2222 4115 sui
2269 4054 2511 4113 curandi
2549 4053 2785 4109 modum
2832 4049 3193 4120 excogitasse
3244 4044 3663 4118 patriarcham,
3697 4043 3796 4098 cui

2128 4166 2197 4205 ex
2226 4146 2418 4203 ofﬁcio
2447 4141 2753 4201 incumbat
2782 4155 3037 4209 quaerere
3070 4137 3352 4210 optimam
3383 4134 3667 4189 rationem
3689 4133 3796 4188 ad-

2117 4234 2517 4308 juvandorum
2551 4235 2609 4286 et
2633 4230 2692 4285 in
2725 4231 2945 4284 statum
2981 4224 3298 4297 pristinum
3328 4222 3795 4294 reparandorum

2127 4340 2327 4380 eorum
2362 4321 2463 4394 qui
2494 4316 2841 4376 humanitus
2878 4313 3029 4387 lapsi
3065 4318 3224 4369 sunt.
3259 4312 3397 4367 Post
3436 4310 3559 4365 haec
3591 4310 3795 4366 decla-

2128 4419 2287 4471 mata
2327 4414 2482 4469 214
2533 4407 2917 4480 adjungebat,
2950 4403 3171 4477 saepius
3221 4402 3461 4468 iterans,
3511 4400 3794 4472 quoniam

2128 4502 2461 4576 patriarcha
2493 4499 2685 4572 palam
2720 4497 3125 4552 contemneret
3165 4508 3364 4548 sacros
3387 4506 3643 4547 canones
3666 4490 3796 4546 dari

2126 4594 2310 4666 lapsis
2332 4588 2739 4665 pcenitentiam
2758 4586 3303 4657 jubentes,tempus
3325 4596 3453 4637 esse
3475 4597 3793 4635 recurren-

1492 4699 1548 4756 di
1592 4697 1731 4770 quid
1776 4668 2025 4750 tandem
2052 4746 2092 4770 ἢ
2126 4683 2184 4740 di
2217 4682 2287 4737 ad
2317 4695 2529 4770 papam
2582 4676 2775 4731 Romae
2808 4675 3132 4738 sedentem,
3157 4675 3214 4727 et
3244 4670 3314 4725 ab
3348 4676 3413 4725 eo
3445 4668 3797 4742 suppliciter

2048 4746 2094 4811 D
2126 4746 2357 4848 petendi
2394 4746 2651 4825 salutare
2684 4764 2904 4838 peccati
2949 4761 3298 4819 remedium.
3334 4760 3429 4817 Sic
3471 4760 3795 4831 indignans

2127 4862 2534 4933 exasperatum
2568 4861 2685 4911 tam
2721 4854 2891 4910 saevis
2922 4850 3177 4924 repulsis
3209 4850 3473 4906 animum
3508 4849 3591 4904 ita
3623 4848 3789 4903 dein-

2127 4970 2264 5025 ceps
2308 4951 2378 5007 ad
2423 4945 2760 5020 reipublicae
2814 4940 3386 5000 administrationem
3451 4936 3674 5003 retulit,
3726 4940 3799 4991 ut

2125 5041 2382 5114 amplius
2412 5055 2528 5093 non
2569 5038 2800 5090 curaret
2830 5030 3142 5087 convenire
3193 5026 3610 5100 patriarcham,
3645 5024 3795 5081 satis

2125 5146 2344 5207 gnarus
2390 5144 2451 5185 se
2492 5123 2638 5181 nihil
2690 5125 3121 5196 profecturum,
3176 5122 3458 5192 preterea
3507 5115 3796 5187 judicans

2125 5220 2363 5280 omnino
2394 5213 2728 5279 convenire,
2762 5229 2829 5268 ac
2861 5209 3193 5267 curandum
3248 5206 3362 5263 sibi
3412 5222 3543 5262 esse
3573 5220 3795 5276 oppor-

2122 5318 2267 5368 tuno
2299 5314 2582 5380 tempore,
2615 5302 2870 5358 utistius
2892 5299 3106 5357 atrocis
3140 5294 3531 5353 inclementiae
3549 5293 3795 5366 culpam

2127 5399 2402 5473 congruis
2433 5393 2749 5467 aliquando
2776 5391 2962 5463 pomis
2995 5385 3333 5460 patriarcha
3364 5384 3571 5441 lueret.

2124 5510 2195 5564 20
2229 5508 2294 5565 Ut
2322 5505 2386 5561 de
2424 5518 2567 5572 pace
2614 5500 2975 5572 convenerint
3025 5495 3175 5572 inter
3225 5509 3285 5572 se
3331 5493 3489 5572 ambo
3549 5493 3796 5560 despolae

2196 5565 2442 5637 Jaannes
2471 5580 2527 5631 et
2546 5573 2776 5629 Michael
2808 5572 2871 5627 in
2913 5567 3204 5624 Occidente
3232 5565 3542 5621 dominans.

2128 5667 2295 5735 Quod
2363 5679 2521 5720 nunc
2599 5659 2881 5727 instabat,
2948 5654 3094 5713 nulli
3175 5652 3641 5727 praevertendum
3715 5652 3800 5708 rei
