4112 6400
352 459 460 515 657

345 673 626 738 ἐκείνους,
679 669 769 724 καὶ
831 666 922 722 διὰ
973 672 1137 722 τοῦτο
1197 667 1298 722 οὐκ
1353 668 1420 736 ἦν
1481 669 1707 741 ἠρεμεῖν
1766 667 1856 722 καὶ
1912 666 2004 719 τὸν

348 759 616 829 δεσπότην
680 757 932 827 Ἰωάννην
965 754 1089 811 οὐδὲ
1119 757 1254 832 πρὸς
1307 755 1525 831 ὀλίγον,
1558 757 1670 828 ἅμα
1705 756 1799 827 μὲν
1848 755 2007 809 καθέ-

349 848 470 926 δρᾳ,
507 850 620 920 ἅμα
652 844 708 901 δὲ
747 846 837 901 καὶ
887 845 1219 921 ὁρμητηρίῳ
1271 844 1642 919 Θεσσαλονίκῃ
1697 845 2006 920 χρώμενον.

344 939 534 1003 Ἔνθεν
589 957 674 991 τοι
728 939 818 990 καί
879 933 1032 996 αὖθις
1067 980 1081 1001 ,
1139 934 1324 989 καίτοι
1398 939 1505 990 τὼν
1560 931 1675 988 κατ’
1732 933 2004 1002 ἀνατολὴν

343 1027 702 1098 πονούντων,
765 1027 876 1098 ἅμα
936 1023 1192 1098 δυνάμεσι
1247 1024 1531 1086 πλείσταις
1586 1025 1677 1078 τὸν
1739 1020 2002 1094 δεσπότην

344 1119 632 1191 ἐκπέμπει.
696 1114 791 1169 Καὶ
825 1111 890 1183 δὴ
923 1115 1022 1183 τὴν
1064 1114 1328 1190 ταχίστην
1376 1109 1568 1177 ἐπιϐὰς
1616 1114 1819 1174 ἐκεῖνος
1872 1121 2003 1169 Θεσ-

343 1205 638 1276 σαλονίκης
696 1203 978 1258 συνέταττέ
1032 1224 1091 1258 τε
1164 1205 1260 1268 τὰς
1317 1201 1573 1277 δυνάμεις
1623 1202 1713 1257 καὶ
1762 1202 2006 1275 πόλεμον

341 1297 545 1371 ἐξάγειν
595 1294 731 1349 κατᾶ
778 1290 1013 1367 Μιχαὴλ
1065 1291 1430 1369 εὐτρεπίζετο.
1484 1291 1581 1346 Καὶ
1635 1289 1777 1365 μηδὲ
1799 1291 2005 1354 τελέως

341 1383 620 1445 ἀκουσθεὶς
649 1381 867 1444 ἐπιστὰς
901 1382 996 1454 ἅμ’
1049 1381 1280 1452 ἠκούετο
1330 1382 1419 1436 καὶ
1467 1382 1581 1454 ἅμα
1626 1385 1746 1443 ταῖς
1794 1381 2005 1456 χώραις

338 1469 708 1551 προσέϐαλλε,
765 1470 912 1526 λείαν
975 1491 1034 1525 τε
1090 1470 1351 1539 πλείστην
1397 1466 1833 1544 περιϐαλόμενος
1871 1471 2003 1524 ὑπο-

342 1567 580 1641 στρέφει.
633 1563 732 1619 Καὶ
792 1563 819 1616 6
883 1562 976 1634 μὲν
1032 1564 1128 1624 τὰς
1161 1559 1418 1635 δυνάμεις
1458 1566 1685 1635 κατεῖχε
1717 1558 2000 1635 διαχειμε-

344 1655 562 1733 ριούσας
592 1653 714 1727 περὶ
745 1654 836 1708 τὸν
871 1650 1201 1728 Βαρδάριον,
1251 1653 1325 1713 ὡς
1377 1650 1488 1725 ἅμα
1530 1655 1622 1726 ἦρι
1668 1647 1998 1727 προσϐαλὼν

341 1748 514 1811 αὖθις·
575 1746 602 1799 ὁ
662 1741 718 1798 δὲ
774 1742 1006 1818 Μιχαὴλ
1065 1738 1220 1819 φόϐῳ
1271 1740 1502 1818 ληφθεὶς
1555 1741 1615 1796 οὗ
1651 1741 1857 1815 μετρίῳ
1886 1742 1997 1815 (τὸν

337 1833 438 1911 γὰρ
494 1831 760 1902 δεσπότην
821 1830 911 1885 καὶ
971 1830 1022 1900 ἐξ
1099 1831 1267 1900 ἀκοῆς
1330 1827 1625 1885 ἐδεδίττετο
1683 1829 1750 1884 τὰ
1814 1827 2000 1883 πολλά

1440 459 1536 510 DE
1577 456 1947 510 MICHAELE
1985 451 2414 508 PALEOLOGO
2449 453 2584 507 LIB.
2628 455 2727 507 III.

346 583 602 640 δυτικῶν.
664 578 807 638 Οὐδὲ
864 580 968 655 γὰρ
1026 581 1116 647 ἦν,
1171 578 1268 633 οὐκ
1324 577 1391 647 ἧν
1451 579 1534 634 ἐπὶ
1591 581 1790 633 ταυτοῦ
1825 577 2002 650 μένειν
2035 573 2347 647 Αέκείνῳ,
2405 573 2494 628 καὶ
2549 574 2729 629 πίστιν
2783 573 3026 650 γενέσθαι
3090 567 3309 648 βεϐαίαν
3367 570 3426 626 ἐκ
3479 578 3579 642 τῆς
3636 570 3744 647 πρὸ

3673 447 3780 502 658

3750 538 3777 579 ς

2119 661 2407 734 ἀλλήλους
2440 665 2564 727 θέας
2592 658 2879 720 ἐϐούλετο.
2935 664 2996 720 Ὁ
3054 666 3185 738 γοῦν
3215 659 3486 732 δεσπότης
3513 663 3613 732 τὴν
3646 681 3778 736 πρε-

2118 747 2299 807 σϐείαν
2362 751 2674 827 δεξάμενος,
2734 753 2808 815 ὠς
2863 745 3048 806 λαϐὼν
3097 751 3243 826 παρᾶ
3295 748 3563 826 βασιλέως
3595 749 3778 824 ἐκχώ-

2117 862 2296 915 ρησιν,
2332 841 2548 898 ἐκέλευε
2571 842 2700 905 τοὺς
2733 843 2931 916 ὅρκους
2959 839 3231 917 γενέσθαι.
3274 839 3371 897 Καὶ
3404 837 3472 909 δὴ
3505 837 3777 895 συνελθὼν

2116 931 2262 1004 αὐτῷ
2293 931 2368 1008 ἐφ’
2391 931 2700 1007 ὁρισθείσης
2725 931 2958 1005 ἡμέρας,
2980 929 3070 985 καὶ
3093 928 3574 1002 κατασπασάμενος
3599 925 3778 983 ἀπλά-

2114 1043 2226 1094 στῳ
2273 1020 2416 1092 ἤθει,
2469 1021 2516 1076 εἷ
2562 1021 2812 1086 κάκεῖνος
2843 1020 2934 1076 καὶ
2982 1019 3148 1076 πάλιν
3197 1018 3290 1075 τὸν
3326 1016 3490 1075 δόλον
3522 1014 3775 1094 ἔκρυπτε,

2113 1111 2249 1186 πρὸς
2282 1110 2346 1164 τὰ
2376 1110 2550 1166 οἰκεῖα
2580 1110 2868 1184 ἐκπέμπει.

2111 1233 2212 1283 κα¹.
2243 1229 2429 1288 Ὅπως
2460 1228 2486 1281 6
2521 1225 2788 1297 δεσπότης
2821 1227 3075 1300 Ἰωάννης
3117 1223 3616 1300 ἀπαλλαγεὶς-τῶν
3667 1232 3773 1300 Au:

2183 1303 2494 1374 numne}:
2527 1300 2643 1353 κατ’
2673 1292 2977 1374 Ἀν-ατολήν
3007 1292 3232 1374 ἐχθροῖς
3271 1292 3635 1373 προσϐάλλει.
3671 1297 3775 1355 Καὶ

2189 1368 2409 1444 μερικὸς
2436 1366 2653 1433 ἔπαινος
2678 1371 2897 1428 τούτου.

2183 1469 2246 1540 [Ρ
2281 1469 2402 1539 144]
2437 1467 2544 1524 Τὸν
2598 1469 2784 1540 μέντοι
2833 1488 2897 1542 γε
2947 1463 3214 1535 δεσπότην
3251 1463 3504 1536 Ἰωάννην
3540 1485 3771 1538 μετακα-

2111 1553 2406 1630 λεσάμενος
2454 1555 2513 1612 ἐκ
2542 1555 2946 1625 Θεσσαλονίκης
2991 1557 3019 1610 6
3055 1553 3334 1632 βασιλεὺς,
3393 1555 3586 1630 μικρὸν
3643 1555 3768 1609 ὅσον

2112 1642 2469 1721 διατρίψαντά
2525 1647 2600 1714 οἱ,
2659 1645 2774 1718 ἅμα
2818 1650 2939 1708 ταῖς
2987 1642 3245 1718 δυνάμεσι
3304 1643 3441 1717 πρὸς
3495 1641 3766 1711 ἀνατολὴν

2109 1733 2397 1807 ἐκπέμπει,
2452 1741 2570 1797 τοῖς
2631 1733 2862 1811 Πέρσαις
2924 1734 2999 1796 ὡς
3055 1734 3123 1802 ἦν
3183 1732 3544 1806 συμμίξοντα.
3576 1733 3674 1788 Ἢν
3710 1729 3768 1785 δὲ

2106 1823 2340 1897 κάκείνῳ
2398 1825 2576 1902 τρυφή
2633 1825 2696 1879 τὸ
2753 1822 2981 1885 ἐκείνοις
3039 1822 3362 1893 ἐφεστάναι,
3419 1820 3509 1876 καί
3559 1841 3612 1876 τι
3666 1828 3770 1890 τῆς

337 1909 444 2000 πρὸ
499 1927 598 1978 τοῦ
653 1920 733 1994 τῷ
791 1919 1048 1993 Ἰταλικῴ
1109 1920 1472 1994 στρατεύματι
1542 1919 1947 1995 φρυαττόμενος
1984 1937 1994 1948 ·
2033 1912 2271 2014 Βαύτοῦ
2329 1911 2488 1985 δόξης
2554 1911 2701 1984 ἄξιον
2757 1911 3174 1989 διαπράξεσθαι.
3229 1913 3328 1968 Ἠν
3383 1911 3490 1986 γὰρ
3549 1909 3578 1965 6
3628 1909 3767 1986 ἀνὴρ

338 2011 428 2068 διὰ
478 2015 579 2089 γαρ
637 2013 700 2067 τὸ
760 2013 896 2087 πρὸς
953 2011 1045 2064 τὸν
1100 2014 1198 2064 τοῦ
1279 2007 1620 2087 Φρεδερίχου
1677 2005 1844 2063 παῖδα
1901 2007 1991 2061 τὸν

337 2103 532 2180 Μαιρρέ
588 2099 758 2170 κῆδος
819 2100 908 2155 ἐπὶ
959 2103 1026 2174 τῇ
1059 2099 1279 2176 θυγατρὶ
1308 2096 1529 2172 ἕτοιμον
1572 2100 1844 2172 βοηθῆσον
1880 2096 1996 2171 εἶχε

334 2195 394 2248 τὸ
444 2193 646 2256 ἐκεῖθεν
706 2191 1120 2266 στρατιωτικὸν)
1166 2190 1323 2268 ἀφεὶς
1377 2192 1438 2244 τὸ
1496 2188 1578 2244 ἐπ’
1609 2189 1835 2250 ἐκείνοις
1864 2187 1995 2262 θαρ-

335 2283 442 2359 ῥεῖν
502 2280 596 2336 ἐπὶ
651 2277 886 2341 σπονδὰς
943 2278 1286 2356 καταφεύγει,
1341 2279 1430 2333 καὶ
1488 2279 1708 2352 πέμψας
1769 2275 1995 2331 ἱκετεύει

331 2371 425 2426 τὸν
477 2373 740 2440 Ἰωάννην
802 2365 1266 2441 μετακλαιόμενός
1321 2387 1380 2422 τε
1434 2368 1530 2429 τὰς
1588 2367 1856 2440 προτέρας
1889 2385 1993 2419 πα-

334 2454 663 2532 λιμϐολίας,
703 2455 793 2512 καὶ
819 2457 918 2532 πρὶ
945 2460 1053 2511 τῶν
1094 2454 1411 2528 μελλόντων
1461 2454 1717 2531 ἐχέγγυον
1760 2453 1996 2531 ἀσφαλὲς

329 2548 458 2611 τοὺς
490 2545 692 2623 ὅρκους
765 2543 966 2601 ἐδίδου.
1030 2545 1245 2616 Ἑζήτει
1302 2565 1360 2598 τε
1427 2545 1514 2598 καὶ
1575 2548 1849 2607 συνελθεῖν
1899 2541 1992 2614 ἅμ’

334 2746 562 2820 putavit
587 2744 1014 2817 expeditionem
1049 2745 1105 2798 in
1140 2743 1430 2800 Occidu'os
1453 2747 1679 2799 tractus
1703 2741 1941 2797 alteram
1969 2756 1982 2804 ;

336 2852 454 2891 non
488 2834 668 2903 enim,
720 2851 835 2888 non
882 2832 1086 2904 utique
1135 2837 1238 2887 aut
1290 2833 1646 2904 sperandum
1699 2834 1842 2897 erat,
1895 2833 1998 2885 aut

343 2924 578 2981 omnino
610 2923 733 2978 ﬁeri
769 2927 996 2994 poterat
1039 2927 1104 2976 ut
1133 2921 1522 2992 praesentibus
1553 2921 1994 2992 acquiescerent

341 3019 444 3068 aut
490 3028 688 3068 secure
737 3012 1039 3084 quiescere
1090 3027 1195 3067 nos
1231 3011 1504 3067 sinerent
1543 3008 1996 3082 inquietissimos

337 3106 555 3175 gentes.
588 3105 774 3170 Quare
803 3102 1257 3167 cessandum,ac
1293 3117 1364 3157 ne
1397 3101 1804 3156 cunctandum
1841 3116 1874 3170 q
1900 3098 1996 3153 ui-

333 3193 462 3248 dem
495 3193 579 3249 vel
615 3191 950 3261 minimum,
985 3191 1054 3246 ab
1077 3190 1160 3246 eis
1183 3190 1336 3246 ultro
1359 3190 1714 3246 invadendis
1756 3193 1812 3245 et
1839 3187 2000 3244 malo

330 3281 623 3338 donandis
662 3281 876 3337 Joanni
908 3281 1164 3353 despotaa
1218 3297 1332 3337 non
1365 3289 1508 3351 erat,
1554 3295 1834 3352 magnam
1868 3279 1998 3350 ejus

2103 2008 2223 2064 ταῖς
2273 1999 2558 2071 ἀληθείαις
2609 2001 2886 2073 ὀξύτατος,
2941 2003 3016 2064 ὡς
3064 2006 3154 2055 νῦν
3215 2001 3312 2074 μὲν
3345 2000 3551 2055 ἐνταῦθ’
3579 1999 3770 2054 ἀκούε-

2103 2093 2246 2164 σθαι,
2294 2096 2383 2146 νῦν
2435 2087 2493 2145 δὲ
2540 2097 2792 2166 παρεῖναι
2844 2092 2982 2145 ὅπου
3031 2111 3114 2152 τις
3175 2086 3315 2163 μηδὲ
3366 2085 3770 2164 προσεδόκησεν

2104 2178 2164 2235 ἂν
2197 2181 2442 2236 πώποτε.
2495 2179 2696 2242 Σκευᾶς
2759 2177 2804 2234 δ’
2853 2179 3055 2243 ἐκείνας
3099 2177 3190 2233 καὶ
3236 2175 3529 2253 ταγμόίτων
3579 2174 3768 2248 πλήθη

2103 2269 2192 2324 καὶ
2251 2269 2536 2345 θεραπείας
2593 2268 2787 2347 ἀφιεὶς.
2841 2267 3070 2345 ἑσπέρας
3123 2266 3522 2340 σκευαζόμενος
3576 2263 3773 2330 ἵπποις

2103 2358 2310 2434 ἐχρῆτο
2367 2355 2807 2433 ταχυδρομοῦσι,
2865 2358 2956 2413 καὶ
3014 2363 3132 2420 τοῖς
3197 2354 3328 2430 μηδ’
3384 2354 3461 2420 εἷς
3514 2359 3637 2412 νοῦν
3671 2356 3768 2424 τήν

2104 2448 2307 2503 ἐκείνου
2360 2445 2550 2522 ἔχουσι
2630 2449 2929 2524 παρουσίαν
2993 2445 3248 2522 ἐφίστατο
3289 2487 3302 2504 .
3374 2444 3479 2502 Καὶ
3541 2442 3629 2499 ’ίνα
3691 2446 3767 2518 μὴ

2103 2536 2470 2612 καταχαλῷτο
2517 2537 2580 2592 τὸ
2630 2542 2791 2610 σῶμα
2840 2535 3166 2610 κινούμενον
3197 2534 3277 2612 ἐφ’
3303 2533 3492 2590 ’ίππων
3521 2534 3612 2589 καὶ
3642 2533 3770 2588 ἀνα-

2103 2735 2500 2792 immutabilis
2555 2735 2774 2807 pignus
2811 2740 2988 2806 atque
3018 2733 3285 2791 obsidem
3335 2731 3550 2788 obtulit
3585 2730 3772 2802 juris-

2098 2824 2345 2894 jurandi
2377 2825 2742 2895 religionem,
2777 2841 2894 2897 qua
2926 2823 3196 2896 praesenti
3245 2839 3309 2878 se
3354 2822 3768 2893 obstringeret,

2106 2913 2383 2984 colloquii
2437 2913 2671 2986 copiam
2720 2915 2792 2969 ad
2845 2913 2901 2968 id
2954 2912 3290 2984 postulans,
3337 2915 3394 2966 et
3427 2927 3666 2982 sperare
3710 2926 3773 2965 se

2114 3003 2274 3058 aiens
2306 3009 2511 3058 mutuo
2563 3007 2880 3074 conspectu
2915 3001 3156 3058 sincerae
3187 3017 3307 3056 suae
3357 2999 3680 3055 voluntatis
3712 2999 3772 3053 in

2107 3095 2384 3147 aeternam
2399 3091 2778 3148 concordiam
2796 3091 2993 3155 ﬁdem,
3020 3087 3461 3162 quantumlibet
3475 3087 3772 3144 dubitanti

2110 3197 2172 3236 se
2205 3181 2520 3236 facturum.
2554 3180 2720 3235 Haud
2756 3184 3108 3250 aspernatus
3140 3177 3490 3250 legationem
3525 3177 3774 3248 despota

2107 3270 2385 3340 Joannes,
2418 3268 2519 3340 qui
2553 3285 2612 3325 se
2647 3267 2820 3340 plena
2850 3268 2920 3322 ad
2965 3267 3340 3322 tractandum
3376 3269 3662 3337 potestate
3685 3266 3773 3319 in-

339 3370 753 3427 bellihabente
769 3371 1108 3426 facultatem
1125 3387 1331 3426 secura
1359 3370 1736 3442 possessione
1754 3369 2000 3424 Thessa-
2036 3380 2079 3446 ρ
2117 3363 2407 3415 structum
2442 3359 2514 3414 ab
2564 3359 2915 3430 imperatore
2946 3357 3317 3446 meminerat.
3353 3354 3507 3446 diem
3544 3354 3773 3446 locum:

332 3447 656 3515 lonicensis
688 3459 996 3527 urbis,ubi
1020 3464 1077 3514 et
1111 3459 1424 3515 stationem
1458 3465 1676 3516 certam
1711 3464 1768 3514 et
1787 3459 1858 3513 ad
1892 3459 2001 3512 im-

336 3552 510 3622 petus
525 3548 932 3605 incursionum
949 3549 1005 3602 in
1021 3565 1251 3603 omnem
1267 3549 1718 3622 circumquaque
1731 3549 1877 3604 sitas
1894 3554 1996 3604 ter-

332 3654 432 3692 ras
448 3636 599 3692 Mich
609 3637 720 3692 aeli
735 3638 1034 3707 subjectae
1050 3639 1304 3709 despotaa
1319 3639 1573 3694 habebat
1585 3641 1972 3709 opportunam
1984 3681 1997 3706 ,

335 3743 470 3782 cum
505 3731 708 3797 parato
742 3733 996 3798 receptu.
1031 3727 1130 3781 His
1161 3728 1231 3782 de
1261 3728 1458 3783 causis
1489 3745 1555 3783 eo
1577 3745 1786 3783 rursus
1807 3727 1998 3799 impe-

337 3820 500 3871 rator
540 3814 827 3870 Joannem
869 3817 1169 3887 despotam
1212 3817 1375 3872 misit
1413 3833 1547 3872 cum
1597 3817 1998 3888 maximapar-

343 3909 401 3960 te
430 3904 754 3976 copiarum,
790 3904 924 3960 licet
953 3905 1024 3960 iis
1055 3904 1390 3962 laborantes
1424 3911 1481 3961 et
1513 3907 1649 3978 ipsae
1672 3905 1997 3961 Orientales

333 3993 646 4065 provinciae
674 4010 788 4048 non
814 4010 1023 4065 parum
1046 3993 1397 4067 indigerent.
1434 3995 1486 4050 ls
1519 4012 1690 4066 porro
1722 3995 1834 4050 cito
1867 4011 1994 4066 per-

330 4088 532 4138 vectus
556 4081 1038 4138 Thessalonicam
1063 4085 1384 4139 exercitum
1403 4085 1461 4138 in
1485 4084 1824 4140 Michaelem
1851 4085 1992 4141 adeo

331 4170 889 4238 celeriterimmisit,
924 4177 988 4227 ut
1025 4173 1240 4229 famam
1274 4173 1726 4245 opinionemque
1745 4191 1989 4245 praever-

330 4265 464 4316 tens
487 4260 578 4314 vix
602 4261 768 4332 prius
793 4262 1029 4317 auditus
1051 4269 1387 4318 cerneretur
1406 4266 1462 4318 et
1485 4263 1800 4319 sentiretur
1819 4279 1987 4335 agere

336 4351 608 4421 ferreque
626 4350 930 4406 Michaelis
947 4351 1230 4407 ditionem
1249 4352 1408 4408 omni
1428 4351 1592 4408 clade
1610 4352 1764 4408 belli.
1793 4354 1990 4410 Praeda

331 4439 552 4495 dehinc
584 4439 778 4496 omnis
807 4441 1039 4511 generis
1069 4446 1315 4498 onustas
1347 4443 1404 4496 in
1438 4446 1631 4498 tutum
1666 4442 1864 4514 copias
1899 4461 1988 4499 re-

330 4529 506 4598 cepit,
541 4534 596 4584 et
627 4530 781 4584 circa
812 4530 1155 4586 Bardarium
1191 4549 1424 4587 amnem
1458 4531 1822 4588 hiematuras
1843 4533 1987 4589 locis

330 4619 658 4674 commodis
673 4618 990 4690 disposuit,
1011 4620 1438 4676 utvidelicetex
1457 4623 1604 4678 215
1631 4623 1982 4694 propinquo,

2118 3449 2724 3520 quejuramentorum
2747 3445 3104 3503 caeremoniae
3127 3444 3465 3511 constituit;
3490 3459 3676 3516 eoque
3697 3445 3768 3499 ad

2116 3537 2451 3593 condictum
2487 3553 2827 3602 occurrens,
2859 3541 2926 3591 ut
2956 3540 3078 3590 erat
3106 3532 3363 3589 naturali
3406 3532 3686 3588 facilitate
3717 3540 3773 3587 et

2114 3627 2251 3682 recti
2286 3625 2642 3682 conscientia
2672 3625 2970 3695 credulus,
3005 3625 3235 3680 sincera
3265 3622 3393 3694 ipse
3425 3626 3618 3678 mente
3651 3638 3766 3678 non

2110 3715 2238 3787 pari
2269 3717 2520 3771 candore
2543 3715 2849 3785 jurantem
2867 3732 2931 3769 ac
2951 3713 3115 3770 dolos
3146 3718 3289 3769 tunc
3311 3728 3544 3786 quoque
3560 3712 3766 3768 verbo-

2114 3839 2241 3878 rum
2275 3821 2508 3878 fallacia
2539 3821 2824 3878 celantem
2861 3820 3084 3876 audivit
3107 3819 3477 3888 Michaelem,
3513 3834 3769 3891 eumque

2109 3913 2323 3967 fmdere
2354 3911 2468 3967 icto
2492 3911 2719 3967 remisit
2748 3911 2814 3965 ad
2844 3909 3098 3982 propria.

2103 4029 2195 4084 21.
2253 4029 2316 4084 Ut
2370 4027 2588 4095 despola
2633 4028 2870 4083 Joannes
2910 4026 3238 4096 per/unctus
3311 4023 3657 4096 expeditione
3705 4021 3768 4079 ιή

2179 4099 2459 4165 Occiduos,
2493 4116 2619 4154 cum
2651 4098 2905 4153 hostibus
2938 4095 3245 4152 in'orz'ente
3273 4095 3346 4152 sit
3380 4095 3716 4167 congressus
3749 4115 3764 4164 ;

2166 4175 2218 4229 et
2247 4171 2480 4227 laudum
2508 4171 2627 4243 ejus
2656 4167 2973 4225 distinctior
3000 4169 3351 4239 praedicatio.

2171 4272 2246 4324 At
2280 4268 2603 4340 imperator
2649 4268 2954 4338 despotam
3000 4265 3287 4321 Joannem
3336 4261 3760 4320 Thessalonica

2098 4363 2430 4415 revocatum
2448 4362 2577 4431 post
2606 4356 2898 4412 modicam
2916 4355 3072 4428 apud
3097 4370 3159 4410 se
3175 4370 3401 4410 moram
3417 4369 3552 4410 cum
3575 4352 3762 4424 copiis

2097 4447 2159 4504 in
2177 4447 2460 4505 orientem
2500 4447 2700 4516 mittit,
2753 4446 3038 4501 adversus
3063 4444 3268 4500 Persas
3299 4442 3421 4498 illic
3469 4446 3733 4516 pugnatu

2098 4553 2250 4594 rum.
2287 4535 2690 4591 Delectabatur
2718 4533 2812 4588 hic
2833 4532 3050 4588 viristo
3072 4531 3511 4604 expeditionum
3531 4531 3727 4588 labore
3744 4571 3760 4598 ,

2098 4629 2154 4680 et
2187 4641 2433 4680 summa:
2467 4623 2547 4678 illi
2570 4621 2894 4694 voluptatis
2926 4621 3052 4677 loco
3071 4625 3196 4676 erat
3227 4619 3450 4693 aliquid
3475 4619 3645 4676 laude
3668 4620 3757 4676 di-

327 4723 464 4761 vere
485 4706 738 4777 primum
773 4705 1170 4775 illucescente,
1197 4709 1440 4763 hostiles
1471 4709 1684 4764 iterum
1716 4709 1983 4781 regiones
2022 4737 2068 4802 D
2099 4731 2280 4787 gnum
2327 4729 2547 4786 gerere.
2582 4716 2732 4768 Vera
2774 4711 2903 4782 ejus
2932 4710 3119 4781 gloria
3166 4714 3290 4765 erat
3321 4709 3757 4766 velocissimum

330 4795 691 4851 invaderent.
719 4799 790 4852 At
816 4796 1083 4867 Michael,
1109 4797 1308 4853 dolore
1333 4799 1685 4853 damnorum
1715 4800 1981 4870 quaejam

331 4889 600 4939 senserat
644 4884 1085 4941 imminentium
1120 4890 1278 4941 metu
1313 4886 1631 4952 cumulato,
1664 4887 1982 4943 vehemen-

332 4977 422 5027 ter
455 4972 710 5028 afflictus
745 4975 815 5029 ad
843 4975 1090 5031 Joannis
1113 4975 1199 5030 vel
1219 4975 1404 5030 solam
1431 4977 1790 5032 mentionem
1815 4994 1984 5033 cons-

332 5063 696 5128 ternabatur,
732 5065 982 5119 re'nissa
1011 5081 1128 5119 non
1162 5082 1366 5135 parum
1396 5065 1496 5121 illa
1527 5066 1742 5122 ferocia
1782 5067 1982 5137 priori,

329 5167 449 5222 qua
471 5150 684 5208 solitus
705 5157 877 5208 antea
895 5159 1019 5209 erat
1039 5153 1410 5224 insolescere,
1440 5155 1653 5211 fiducia
1679 5156 1876 5226 utique
1899 5155 1984 5210 Ita

327 5239 577 5296 licorum
610 5241 964 5298 auxiliorum
988 5261 1021 5298 a
1043 5244 1338 5299 Manfredo
1360 5260 1597 5316 genero,
1618 5245 1892 5301 Friderici
1915 5248 1978 5300 li-

327 5326 428 5397 lio,
462 5329 574 5401 ipsi
608 5335 970 5402 paratorum.
995 5333 1106 5387 Sed
1139 5337 1280 5387 tunc
1301 5333 1416 5388 ista
1441 5349 1544 5405 spe
1569 5350 1796 5406 opeque
1816 5337 1979 5390 dam-

329 5424 466 5474 nata
487 5421 660 5490 quasi
685 5421 855 5478 malis
870 5422 1214 5491 urgentibus
1233 5427 1462 5493 reperta
1482 5423 1712 5495 impari,
1735 5424 1805 5478 ad
1825 5430 1976 5481 trac-

327 5507 608 5564 tationem
635 5511 795 5582 pacis
818 5511 1112 5582 confugit;
1139 5510 1416 5582 etlegatis
1439 5512 1508 5566 ad
1532 5513 1816 5568 Joannem
1834 5529 1976 5584 sup-

323 5595 580 5669 plicibus
615 5600 838 5664 missis,
867 5600 1022 5655 serio
1064 5599 1189 5669 jam
1223 5599 1502 5670 pcenitere
1532 5617 1661 5657 sese
1706 5603 1973 5657 fraudum

325 5685 449 5741 etin
464 5689 885 5759 quietudinum
902 5688 1329 5760 praeteritarum
1345 5689 1592 5746 obnoxie
1605 5705 1670 5745 ac
1686 5689 1973 5746 lamenta—

325 5773 525 5832 biliter
553 5777 876 5850 professus,
907 5775 1042 5833 ﬁdei
1071 5777 1537 5850 constantiaeque
1562 5777 1620 5833 in
1668 5783 1971 5850 posterum

2099 4804 2315 4859 ducum
2367 4801 2631 4858 omnium
2688 4801 2746 4854 in
2781 4799 3183 4870 belligerando
3213 4815 3364 4865 esse,
3397 4798 3479 4854 ita
3508 4803 3574 4854 ut
3619 4815 3754 4854 cum

2095 4891 2311 4947 alicubi
2346 4891 2568 4947 versari
2595 4889 2920 4956 audiretur,
2950 4905 3080 4942 mox
3107 4886 3228 4942 illic
3259 4888 3487 4942 adesset
3508 4903 3624 4958 quo
3661 4904 3758 4942 ne-

2096 4997 2192 5037 mo
2224 4997 2489 5053 unquam
2522 4979 2915 5035 existimasset
2946 4977 3101 5033 216
3144 4980 3262 5031 tam
3298 4976 3456 5032 brevi
3487 4981 3754 5049 tempore

2096 5069 2395 5141 pervolare
2427 5068 2712 5141 potuisse.
2745 5067 2966 5137 Nempe
2998 5064 3426 5137 impedimenta
3456 5065 3752 5138 suppelle-

2092 5158 2249 5214 ctilis
2281 5157 2600 5214 castrensis
2630 5161 2688 5212 et
2717 5155 2848 5211 illas
2873 5154 3219 5210 ambitiosas
3238 5154 3458 5210 ducum
3486 5155 3752 5212 sarcinas

2092 5247 2545 5318 ministeriaque
2580 5244 2924 5301 famulorum
2959 5247 3018 5298 et
3066 5241 3274 5314 longas
3304 5243 3750 5301 clitellariorum

2091 5335 2390 5393 mulorum
2416 5336 2717 5401 mandras,
2734 5337 3088 5405 apparatum
3109 5333 3276 5388 tarde
3300 5333 3749 5404 mobilem,ubi-

2089 5442 2323 5498 cunque
2345 5425 2740 5498 oppressisset
2760 5422 3295 5494 vesper,omittens,
3321 5423 3659 5495 pernicibus
3687 5422 3748 5478 in

2087 5518 2258 5586 equis
2289 5514 2595 5586 expeditus
2624 5517 2788 5570 vasta
2819 5511 3096 5567 noctibus
3117 5511 3400 5567 emetiens
3432 5512 3643 5584 spatia,
3667 5510 3747 5566 ibi

2087 5609 2327 5676 repente
2355 5602 2678 5676 apparebat
2699 5617 2816 5674 quo
2841 5598 3129 5673 perlatum
3153 5605 3274 5656 tam
3298 5600 3523 5658 volucri
3547 5599 3750 5656 celeri-

2086 5697 2206 5749 tate
2237 5693 2408 5750 fidem
2432 5707 2664 5748 omnem
2699 5707 2764 5746 ac
2787 5689 3205 5762 cogitationem
3231 5691 3536 5746 excederet
3556 5706 3570 5758 ;
3593 5693 3652 5746 et
3671 5705 3747 5746 ne

2083 5782 2398 5855 rapiditate
2427 5778 2832 5839 incitatissimi
2854 5782 3052 5835 motus
3072 5793 3286 5850 corpus
3306 5778 3368 5835 in
3393 5779 3563 5852 equis
3593 5779 3742 5835 etfu-
