4112 6408
334 403 442 458 659

1655 420 1957 476 GEORGII
1995 420 2459 478 PACHYMBRE

3659 421 3770 478 660

330 527 702 600 ϐρασσόμενον
765 535 1045 606 συνεχῶς,
1093 534 1321 610 κειρίαις
1372 538 1434 592 τὸ
1491 541 1650 612 σῶμα
1705 537 2078 615 διείληπτόΑ
2110 538 2169 596 δέ
2222 543 2270 619 γ’
2325 542 2815 621 ἀφιλοχρηματίας
2871 545 2908 614 ἢ
2989 545 3202 619 μᾶλλον
3263 543 3714 622 μισοχρηματίας
3752 590 3767 614 ,

329 637 389 670 τε
442 617 532 670 καὶ
592 621 998 696 συνεσφίγγετο.
1061 622 1158 677 Διὰ
1203 629 1373 680 ταῦτα
1421 627 1509 681 καὶ
1540 626 1864 705 ἠνδραγάθει
1923 630 1990 684 τὰ

337 705 580 778 μέγιστα,
643 703 874 784 φοϐερὸς
928 711 1120 766 ἅπασιν
1183 714 1295 786 ὥν,
1358 716 1452 788 ἅμ’
1511 719 1846 792 ἀκουόμενος
1903 719 1992 774 καὶ

335 795 427 868 ἅμ’
492 793 847 870 ἐφιστάμενος
883 845 894 856 .
947 802 1022 856 Τὸ
1097 803 1278 874 μέντοι
1335 825 1398 878 γε
1458 809 1842 880 στρατιωτικὸν
1903 807 1994 863 καὶ

337 886 528 960 λόγοις
563 887 762 943 ἔθαλπε
810 892 896 944 καὶ
934 889 1133 966 δώροις
1165 895 1474 971 ἐθεράπευε,
1507 899 1598 953 καὶ
1627 898 1688 954 τὸ
1725 901 1996 976 μέγιστον,

341 974 402 1029 οὐ
436 973 768 1039 δεσποτικῶς
799 978 1047 1052 ἐκείνοις,
1081 980 1210 1038 ἀλλ’
1259 983 1570 1060 ἀδελφικῶς
1613 993 2000 1067 προσεφέρετο,

342 1064 476 1136 ἀνὴρ
512 1063 775 1137 θεοφιλὴς
821 1067 910 1122 καὶ
959 1077 1132 1140 πρᾶος
1180 1071 1270 1125 καὶ
1321 1075 1589 1148 χρηστὸς,
1623 1076 2002 1152 ἀνυπόκριτος.

340 1151 435 1212 Εἷς
469 1149 524 1205 δὲ
557 1151 891 1228 φιλοδωρίαν
926 1158 1016 1212 καὶ
1048 1161 1251 1222 πάντας
1295 1161 1465 1220 ἐνίκα.
1521 1165 1778 1236 Ἐπτίνθει
1811 1165 1868 1222 δὲ
1915 1166 2005 1222 καὶ

341 1240 403 1294 τὸ
434 1244 652 1316 σῶφρον
685 1241 894 1316 ἐκείνῳ,
954 1247 1027 1309 ὡς
1092 1247 1260 1322 μηδὲν
1312 1253 1457 1328 παρά
1503 1254 1626 1326 μίαν
1675 1255 2006 1326 ἀκουσθῆναι

347 1328 704 1402 ὑποταγεῖσαν
737 1332 880 1404 αύτῴ
906 1334 1054 1403 πλὴν
1106 1339 1203 1405 τήν
1254 1340 1476 1416 σύζυγον
1526 1341 1601 1404 εἷς
1653 1341 1858 1414 ἡδονῆς
1909 1343 2008 1399 νό-

348 1428 443 1480 θου
475 1420 774 1474 κλωπείαν·
826 1423 1037 1494 Ἐκείνη
1101 1424 1147 1480 δ’
1179 1425 1236 1481 ἐκ
1283 1429 1496 1491 νοθείας
1538 1432 1628 1486 καὶ
1664 1435 1804 1504 μόνη
1831 1433 2010 1505 τούτῳ

350 1507 634 1581 θυγάτριον
683 1513 931 1583 φυσικὸν,
984 1511 1109 1569 ἀλλ’
1173 1516 1233 1570 ού
1288 1517 1526 1592 νόμιμον
1576 1521 1952 1597 ἀπεγέννησεν,
1983 1523 2012 1577 ’ὀ

350 1594 440 1648 καὶ
489 1601 570 1668 τῷ
620 1598 772 1654 Μέττε
802 1595 1044 1674 Ἰϐηρίας
1082 1603 1245 1659 Δαυίδ
1288 1607 1364 1671 εἷς
1415 1611 1592 1682 γάμον
1641 1608 1871 1669 ἐδίδοτο.
1931 1611 2016 1669 Τὰ

358 1680 404 1736 δ’
455 1682 598 1739 ἄλλα
649 1688 868 1762 μέτριος
916 1690 982 1758 ἦν
1031 1693 1120 1747 καὶ
1171 1698 1491 1769 καρτερικὸς
1545 1698 1624 1776 ἐφ’
1672 1703 1890 1774 ἅπασιν,
1941 1701 2016 1762 εἰς

359 1771 406 1828 δ’
439 1773 716 1843 οἷκειακὴν
749 1776 894 1848 τάξιν
922 1779 1011 1834 καὶ
1064 1780 1184 1836 λίαν
1239 1783 1559 1861 φιλότιμος,
1592 1792 1679 1844 καὶ
1707 1793 1768 1845 τὸ
1800 1790 2015 1864 σύμπαν

359 1866 685 1937 περιφανής.
743 1867 847 1921 Καὶ
906 1865 1107 1942 ἀκριϐῆ
1157 1880 1360 1946 σημεῖα
1402 1880 1499 1945 τῆς
1555 1881 1648 1950 μὲν
1695 1881 2019 1958 φιλαγαθίας

363 1951 527 2008 αὐτοῦ
588 1953 678 2008 καί
728 1949 1055 2031 φιλοκαλίας
1101 1963 1224 2036 περὶ
1287 1966 1413 2027 τοὺς
1464 1967 1718 2038 οἰκείους,
1772 1973 1919 2043 [445]
1969 1971 2019 2046 ἐξ

370 2040 444 2096 ὧν
505 2041 744 2108 ἐκείνους
812 2045 1156 2114 παιδεύεσθαι
1229 2049 1528 2110 συνέϐαινεν
1585 2057 1636 2119 ἐς
1690 2060 1752 2114 τὸ
1806 2057 2024 2136 ἀκριϐὲς

367 2131 457 2187 καὶ
512 2132 588 2194 εἷς
642 2133 938 2205 ἀληθινοὺς
992 2140 1262 2215 ὑπηρέτας
1294 2141 1624 2216 ἀποϐαίνειν,
1671 2149 1734 2203 τὸ
1767 2150 2022 2213 θανόντος

367 2219 574 2275 ἐκείνου
629 2224 755 2285 τοὺς
810 2224 1014 2282 ἐκείνου
1073 2231 1398 2306 θεραπευτὰς
1458 2233 1539 2290 ἐπ’
1600 2237 1869 2307 ἀξιώμασι
1931 2261 2026 2313 με-

366 2310 577 2384 γίστοις
627 2311 805 2383 ἀξίους
837 2319 1162 2392 λογισθῆναι
1213 2318 1489 2378 δουλεύειν
1521 2324 1600 2398 τῷ
1635 2325 1870 2402 βασιλεῖ.
1906 2310 2024 2399 Τῆς

317 2540 327 2547 -
368 2507 606 2566 sissime
653 2514 1024 2572 currentibus
1085 2524 1344 2577 astuans
1395 2523 1776 2597 relaxaretur,
1823 2528 2024 2584 devin-

370 2600 530 2653 ctum
564 2598 711 2655 illud
765 2619 998 2674 semper
1027 2606 1282 2665 habebat
1326 2613 1548 2681 fasciis,
1592 2620 1716 2671 arto
1765 2618 2027 2688 undique

369 2686 638 2758 amplexu
684 2691 1133 2764 stringentibus.
1180 2698 1261 2753 Ea
1305 2701 1717 2770 praeclarorum
1765 2704 1823 2760 in
1872 2686 2025 2762 bello

368 2793 754 2834 successuum
787 2798 968 2839 causa
1000 2784 1084 2840 illi
1117 2803 1335 2859 magna
1365 2795 1510 2862 erat,
1553 2792 1874 2865 imperatos
1902 2795 2027 2867 ple,-

367 2880 622 2938 rumque
653 2869 737 2924 sic
767 2870 1230 2942 deprehendenti
1253 2877 1453 2936 hostes
1476 2881 1635 2937 haud
1657 2883 1826 2939 facile
1856 2884 2028 2941 aliter

367 2957 756 3025 superabiles,
790 2960 964 3032 simul
988 2962 1160 3036 longe
1189 2967 1448 3036 auditus,
1472 2969 1650 3026 simul
1674 2979 2025 3043 conspectus

369 3060 628 3114 praesens
659 3052 715 3102 et
731 3048 847 3104 vim
873 3050 1131 3108 inferens
1154 3055 1592 3115 ineluctabilem
1623 3081 1637 3129 ;
1663 3063 1818 3118 unde
1840 3067 2026 3120 terror

369 3132 500 3202 ejus
533 3133 648 3190 late
679 3134 736 3190 in
759 3136 1345 3211 hostesmanaverat,
1370 3149 1598 3204 cunctis
1621 3151 1690 3206 ad
1713 3153 1842 3220 ejus
1860 3168 2022 3208 men-

373 3221 597 3279 tionem
641 3225 1093 3297 trepidantibus.
1134 3233 1448 3292 Militarem
1493 3239 1935 3296 multitudinem
1968 3248 2026 3299 et

371 3312 683 3370 verborum
737 3316 1098 3390 benignitate
1164 3325 1581 3383 consolabatur
1627 3334 1683 3384 et
1735 3331 2027 3386 donorum

382 3400 656 3474 largitate
688 3405 1098 3479 demulcebat;
1161 3417 1218 3467 et
1247 3415 1404 3484 quod
1427 3422 1604 3488 caput
1633 3423 1742 3490 est,
1777 3437 1892 3474 non
1926 3420 2029 3476 do-

375 3490 520 3547 mini
543 3494 953 3567 supercilium,
971 3499 1070 3554 sed
1087 3501 1360 3558 affectum
1380 3506 1577 3562 fratris
1597 3525 1730 3563 cum
1753 3509 1826 3564 iis
1850 3524 2028 3580 agens

373 3581 836 3639 demonstrabat.
874 3585 1180 3644 Eratidem
1207 3590 1695 3663 religiosissimus
1717 3598 1819 3653 Dei
1841 3598 2030 3654 cultor

375 3673 432 3723 et
474 3673 719 3739 amator,
754 3673 938 3743 mitis,
984 3675 1298 3750 benignus,
1343 3681 1743 3742 simulationis
1785 3703 2030 3759 expers;

378 3757 787 3816 munificentia
817 3778 952 3818 vero
985 3769 1042 3818 et
1064 3767 1133 3822 ad
1159 3768 1498 3828 donandum
1524 3774 1815 3846 pronitate
1837 3757 2029 3831 omni-

379 3846 492 3901 bus
517 3848 876 3906 antecclluit.
902 3851 1315 3913 Efflorescebat
1335 3859 1392 3915 in
1413 3878 1479 3918 eo
1503 3863 1862 3921 castimonia
1891 3883 2032 3938 quo-

379 3951 492 4006 que
523 3937 725 4006 decus,
761 3942 904 3997 adeo
937 3952 999 3998 ut
1033 3962 1102 4000 ne
1135 3947 1310 4004 fando
1342 3952 1577 4022 quidem
1613 3937 1932 4026 aliquando
1952 3956 2031 4010 sit

377 4026 645 4082 auditum
665 4028 894 4087 furtivis
917 4047 1052 4088 eum
1080 4035 1177 4090 ind
1191 4037 1401 4096 ulsisse
1414 4043 1715 4098 amoribus
1734 4045 2028 4100 autaliam

374 4131 638 4188 unquam
664 4119 980 4192 voluptatis
1013 4141 1191 4181 causa
1214 4128 1522 4187 mulierem
1552 4133 1816 4204 attigisse
1847 4150 2027 4205 quam

373 4208 671 4278 propriam
697 4212 1030 4284 conjugem.
1065 4217 1136 4270 At
1159 4216 1282 4274 hac
1305 4220 1561 4277 multum
1589 4223 1671 4278 illi
1693 4224 2025 4291 dissimilis,

375 4294 559 4352 ﬁliam
593 4313 659 4353 ex
693 4298 806 4354 alio
849 4303 1094 4373 peperit,
1139 4308 1466 4364 naturalem
1509 4311 1610 4366 sed
1653 4312 2025 4386 illegitimam

377 4385 617 4454 prolem,
649 4404 776 4456 qua
812 4390 862 4444 ei
897 4396 1096 4461 postea
1140 4394 1304 4467 Mepe
1335 4399 1533 4454 Iberia
1565 4385 1775 4456 Davidi
1800 4403 1937 4460 data
1966 4403 2026 4459 in

374 4489 616 4530 uxorem
650 4479 758 4530 est.
792 4476 874 4531 De
907 4484 1114 4536 caetero
1147 4485 1488 4543 moderatus
1519 4495 1645 4545 erat
1682 4501 1735 4546 et
1767 4492 1933 4548 fortis
1966 4493 2025 4548 in

374 4562 670 4618 omnibus.
713 4565 1041 4639 Disciplina
1082 4571 1434 4632 domesticos
1477 4584 1675 4635 exacta
1713 4581 2022 4637 continuit.

373 4649 557 4708 Mirus
588 4651 646 4707 in
672 4654 893 4711 familia
912 4674 1146 4731 semper
1167 4664 1331 4733 ordo,
1359 4667 1816 4740 incompositum
1841 4671 1984 4727 nihil
2011 4689 2026 4742 ;

371 4747 582 4799 cuncta
613 4745 686 4800 ad
719 4747 1096 4819 splendorem
1130 4753 1597 4830 dignitatemque
1629 4759 1847 4817 illustri
1879 4779 2025 4833 qua-

371 4832 505 4888 dam
539 4837 596 4890 et
627 4835 807 4910 digna
840 4838 1103 4914 principe
1136 4845 1464 4904 ambitione
1516 4855 1867 4921 comparata.
1896 4832 2024 4916 Duo

369 4920 430 4975 in
461 4938 673 4994 genere
695 4925 927 4998 insigne
957 4929 1172 4987 deinde
1191 4941 1609 5006 argumentum
1636 4920 1858 4996 exstitit
1889 4942 2024 4998 dili-

372 5011 581 5080 gentia
614 5014 762 5071 217
799 5020 856 5072 et
881 5017 1177 5089 elegantia
1211 5022 1399 5093 ipsius
1423 5027 1483 5081 in
1510 5027 1905 5087 familiaribus
1923 5049 2026 5088 cu—

373 5101 598 5170 randis,
622 5106 774 5174 quod
799 5107 963 5178 quisi
989 5110 1486 5184 ministraverant,
1505 5117 1660 5172 sicin
1676 5120 1835 5174 omni
1853 5119 2026 5178 laude

372 5185 552 5243 istius
569 5190 746 5246 officii
761 5195 978 5252 eruditi
996 5201 1051 5253 et
1067 5201 1368 5258 exercitati
1387 5215 1693 5260 evaserunt
1709 5211 1887 5264 uteos
1902 5215 2034 5281 post

371 5275 563 5348 ipsius
585 5280 808 5338 obitum
832 5301 1033 5344 omnes
1057 5291 1443 5363 requirerent,
1471 5299 1672 5368 utpote
1694 5299 1791 5369 qui
1816 5275 2027 5356 callere

371 5366 444 5421 ad
482 5383 740 5440 unguem
767 5389 970 5431 omnes
1001 5381 1156 5434 artes
1179 5382 1355 5438 aulici
1381 5384 1718 5457 ministerii,
1751 5393 1808 5444 et
1829 5406 2022 5446 veram

371 5457 566 5514 ideam
584 5461 973 5531 perfectorum
997 5467 1352 5528 famulorum
1366 5477 1594 5532 cunctis
1609 5483 2026 5549 reprasentare

372 5545 710 5605 viderentur
739 5567 752 5617 ;
786 5567 964 5622 quare
995 5556 1158 5626 digni
1191 5558 1374 5618 habiti
1408 5569 1549 5620 sunt
1578 5545 1688 5636 qui
1722 5583 2024 5638 promove-

374 5639 579 5692 rentur
609 5641 678 5696 ad
703 5640 960 5698 maxima
989 5660 1234 5717 quaque
1263 5655 1319 5706 et
1348 5651 1808 5712 honoratissima
1834 5656 2027 5713 officia

376 5722 588 5784 domus
635 5732 935 5802 Augusta.
976 5735 1194 5791 Verum
1243 5737 1338 5795 hic
1368 5741 1525 5799 idem
1557 5742 1649 5798 vir
1678 5760 1859 5815 quam
1906 5762 2022 5802 non

2102 629 2272 686 εἷ’πεῖν
2329 631 2685 709 οἷκειότερον,
2726 635 2816 688 καὶ
2847 637 2944 689 τοῦ
2975 634 3148 690 πάντα
3179 635 3539 712 στρατιώταις
3577 633 3767 708 προΐε-

2105 732 2261 790 σθαι,
2311 723 2373 776 τὸ
2421 723 2532 793 ἐξὸν
2587 725 2848 786 πιθάκνας
2899 720 3044 799 ἔχειν
3103 723 3405 800 χρημάτων
3458 723 3547 778 καὶ
3603 723 3770 799 ὑπερ-

2105 817 2359 865 πλουτεῖν
2394 813 2466 874 ὡς
2497 810 2744 874 πολλοὺς
2776 813 2864 867 καὶ
2921 813 3194 889 μεγάλους
3228 811 3570 890 διενεγκόντα
3599 813 3769 868 πολέ-

2113 921 2246 972 μους
2276 900 2364 954 καὶ
2415 902 2602 977 χώρας
2635 903 2809 964 πάσας
2839 908 2963 966 ταῖς
2996 908 3415 976 στρατιωτικαῖς
3467 902 3777 976 ἐμπειρίαις

2109 991 2617 1064 παραστησάμενον,
2672 987 2749 1046 ἔτι
2808 988 2866 1046 δὲ
2913 993 3019 1046 κάκ
3062 997 3169 1046 τῶν
3216 992 3446 1048 ἐνόντων
3500 991 3578 1054 εἷς
3635 989 3778 1056 ἰδίας

2114 1078 2430 1152 οἴκονομίας
2474 1085 2843 1156 προσκτᾶσθαι
2902 1081 3130 1138 πλείονα
3163 1127 3176 1152 ,
3230 1083 3293 1138 τὸ
3356 1081 3722 1159 μετριώτατον
3765 1125 3779 1150 ,

2115 1166 2197 1222 ὅτι
2247 1169 2336 1223 καὶ
2386 1168 2622 1234 πολλοῖς
2671 1167 2821 1225 δοκεῖ
2870 1172 3065 1247 ἀρετῆς
3114 1169 3282 1248 ἄκρας
3330 1177 3557 1246 σημεῖον
3608 1173 3669 1226 τὸ
3713 1175 3780 1226 τὰ

2118 1256 2293 1312 οἷ’κεῖα
2344 1259 2698 1333 καρπίζεσθαι
2755 1258 2921 1332 μηδὲν
2974 1257 3166 1331 ἔξωθεν
3217 1262 3695 1336 προσκτωμένους,
3750 1262 3779 1314 ὁ

2121 1343 2178 1400 δὲ
2202 1347 2456 1411 τοιαύτας
2487 1347 2560 1410 εἷς
2590 1347 2654 1402 τὸ
2702 1355 2965 1402 πηουτεῖν
3017 1349 3268 1425 ἀφορμὰς
3312 1345 3778 1424 προϐαλλομένης

2117 1442 2218 1504 τῆς
2268 1435 2448 1510 τύχης
2496 1437 2556 1491 τὸ
2589 1435 2732 1491 οὕτω
2763 1436 3021 1493 πλουτεῖν
3068 1439 3128 1493 ἐκ
3179 1439 3489 1512 πλεονεξίας
3537 1438 3782 1500 ἐκτόπως

2121 1523 2389 1599 ἀπέστυγε
2435 1525 2525 1579 καὶ
2557 1524 2754 1598 ἐμίσει,
2813 1526 2950 1600 μόνῃ
2980 1531 3048 1601 τῇ
3104 1526 3232 1602 δόξῃ
3281 1527 3666 1602 ἐνασμενίζων,
3715 1530 3783 1595 ’ἧς

2124 1612 2276 1668 οὐδὲν
2308 1615 2426 1688 εἶχε
2455 1620 2726 1690 προτιμᾷν
2764 1615 2931 1674 ἄλλο.
2975 1613 3131 1688 Μόνη
3182 1618 3286 1693 γὰρ
3317 1618 3425 1672 τῶν
3474 1619 3612 1672 κατὰ
3665 1617 3785 1692 βίον

2123 1706 2455 1780 πραγμάτων
2503 1701 2632 1774 δόξα
2672 1709 2788 1765 τοῖς
2846 1705 3141 1761 ἀπελτοῦσι
3171 1705 3501 1782 παρέπεσθαι
3555 1708 3784 1786 πέφυκε.

2128 1793 2232 1849 Καὶ
2300 1795 2326 1847 ὁ
2390 1795 2483 1867 μὲν
2543 1792 2711 1866 νόμος
2769 1794 2864 1848 τοῦ
2921 1801 3028 1850 τῶν
3089 1798 3422 1871 Χριστιανῶν
3480 1797 3784 1870 νομοθέτου

2126 1885 2389 1954 Χριστοῦ,
2447 1883 2509 1937 οὐ
2563 1882 2820 1946 Σόλωνος
2869 1883 2996 1940 οὐδὲ
3047 1886 3390 1962 Λυκούργου,
3441 1884 3568 1942 ἀλλ’
3622 1887 3787 1942 αὐτοῦ

2128 1975 2226 2025 τοῦ
2275 1969 2520 2026 πλάστου
2558 1972 2650 2025 καὶ
2699 1976 2934 2042 ποιητοῦ
2981 1973 3071 2027 καὶ
3105 1977 3259 2043 Θεοῦ,
3311 1973 3371 2028 ἐκ
3397 1977 3505 2028 τῶν
3557 1975 3790 2049 προσόν-

2131 2081 2238 2114 των
2286 2057 2494 2114 διδόναι
2545 2059 2634 2114 καὶ
2669 2058 3084 2134 ἀντιλαμϐάνειν
3135 2063 3201 2117 τὰ
3257 2063 3446 2136 μείζω.
3479 2065 3550 2121 "0
3583 2061 3647 2132 δή
3699 2065 3789 2119 καὶ

2133 2151 2446 2206 πιστευτέον
2499 2149 2814 2224 ἐπάναγκες,
2873 2150 2918 2205 εἷ
2976 2152 3223 2208 πιστεύοι
3279 2173 3362 2214 τις
3414 2157 3495 2225 τῷ
3566 2156 3785 2228 Χριστῷ

2138 2241 2214 2312 μή
2268 2240 2432 2312 μόνον
2483 2239 2674 2294 καθότι
2728 2241 3073 2314 βαπτίζοιτο.
3107 2241 3252 2298 ἀλλά
3298 2242 3488 2307 καθότι
3516 2243 3599 2298 καὶ
3640 2241 3785 2312 ἀλη-

2133 2328 2278 2384 θινὸν
2313 2328 2517 2383 ἐκεῖνον
2552 2322 2676 2402 ἔχοι
2704 2327 2785 2404 ἐφ’
2836 2333 2918 2393 οἷς
2971 2331 3383 2408 ἐπαγγέλλεται.
3433 2331 3794 2389 Βαπτισθέντα

2135 2529 2422 2584 amaverit
2450 2531 2786 2601 pecuniam,
2819 2534 2920 2586 aut
2951 2529 3147 2601 potius
3171 2533 3461 2600 quantum
3492 2546 3622 2586 eam
3655 2546 3795 2586 con-

2137 2619 2464 2688 tempserit,
2499 2635 2829 2676 memorare
2859 2619 3302 2676 convenientius
3334 2619 3526 2675 fuerit.
3556 2620 3688 2674 Erat
3721 2620 3798 2689 ei,

2136 2707 2186 2762 si
2216 2707 2416 2776 vellet,
2449 2708 2797 2765 facillimum
2830 2708 3027 2778 doliis,
3062 2715 3127 2764 ut
3152 2707 3338 2778 aiunt,
3374 2708 3564 2780 plenis
3585 2725 3795 2780 conge-

2135 2812 2260 2852 rere
2291 2813 2431 2868 Opes
2465 2802 2520 2852 et
2553 2814 2864 2854 numerum
2898 2797 3214 2870 omnisque
3244 2797 3476 2870 generis
3506 2797 3796 2870 pretiosa-

2135 2903 2266 2942 rum
2300 2902 2499 2943 rerum
2539 2876 2789 2945 acervos.
2815 2891 3043 2945 struere
3073 2888 3423 2956 immensos,
3457 2887 3664 2960 utique
3695 2889 3796 2960 qui

2135 2973 2286 3030 bello
2318 2991 2552 3047 semper
2584 2976 2719 3033 felix
2751 2993 3141 3049 quascunque
3173 2976 3418 3034 hostiles
3452 2977 3670 3033 invasit
3699 2995 3788 3033 re-

2133 3065 2336 3136 giones
2367 3066 2609 3137 (invasit
2638 3070 2835 3122 autem
2869 3065 3157 3138 plurimas
3184 3083 3404 3139 easque
3437 3065 3788 3139 ditissimas)

2126 3153 2261 3223 jure
2292 3153 2544 3210 victoria
2577 3154 2909 3226 diripuerit.
2963 3155 3066 3211 ille
3096 3171 3229 3211 vero
3265 3156 3521 3226 pradam
3553 3171 3797 3227 semper

2060 3283 2103 3348 Ο
2140 3248 2266 3298 erat
2289 3243 2522 3310 solitus,
2547 3261 2618 3300 ne
2647 3245 2896 3301 minima
2921 3246 3161 3317 quidem
3183 3245 3312 3344 ejus
3339 3249 3505 3317 parte
3529 3244 3639 3300 sibi
3667 3244 3794 3298 exi-

2141 3331 2258 3386 mie
2289 3336 2539 3400 servata,
2588 3332 2762 3388 militi
2813 3334 3145 3390 condonare
3194 3334 3571 3400 universam;
3623 3350 3689 3389 ac
3723 3349 3796 3390 ne

2140 3421 2562 3492 patrimonium
2617 3421 2856 3494 quidem
2920 3427 3023 3479 aut
3069 3440 3190 3478 rem
3223 3423 3576 3479 familiarem
3627 3439 3798 3479 suam

2141 3526 2353 3581 augere
2404 3512 2703 3567 consuetis
2735 3516 2790 3567 et
2820 3512 3002 3568 licitis
3054 3513 3302 3580 artibus,
3352 3518 3410 3568 et
3448 3513 3508 3567 in
3561 3513 3802 3570 modum

2139 3598 2467 3669 splendidis
2497 3603 2768 3674 expensis
2800 3603 3036 3658 abunde
3066 3603 3180 3658 sibi
3211 3602 3660 3674 haredibusque
3677 3603 3802 3658 suf-

2141 3688 2432 3744 fecturum
2489 3695 2707 3747 attente
2757 3691 3084 3763 colligendo
3135 3692 3388 3748 formare
3447 3707 3800 3764 magnopere

2140 3795 2402 3849 unquam
2435 3782 2682 3851 studuit,
2735 3782 2872 3837 licet
2903 3781 2960 3836 id
3006 3782 3066 3837 in
3099 3785 3265 3854 parte
3314 3781 3631 3837 laudabilis
3661 3799 3796 3853 pro-

2139 3866 2407 3924 videntia
2437 3871 2577 3927 boni
2608 3871 2784 3927 etiam
2818 3875 2876 3927 et
2925 3870 3210 3927 moderati
3263 3875 3574 3927 numerent
3621 3871 3800 3942 pleri-

2140 3973 2274 4028 que.
2305 3958 2437 4015 Alia
2489 3961 2618 4032 ejus
2650 3964 2809 4020 secta
2852 3961 2964 4016 fuit
3011 3961 3302 4033 planeque
3353 3960 3585 4015 diversa
3628 3961 3802 4030 ratio,

2139 4046 2240 4117 qui
2274 4049 2462 4104 totum
2497 4050 2613 4105 sibi
2645 4052 2847 4107 sinum
2882 4051 3198 4122 pandentis
3219 4051 3488 4116 fortuna,
3523 4049 3804 4121 ultroque

2139 4138 2527 4208 congerendis
2578 4141 2841 4213 undique
2909 4140 3318 4196 occasionibus
3368 4138 3633 4194 lucrandi
3685 4155 3804 4195 non

2137 4224 2358 4296 injuste
2386 4228 2458 4283 ad
2484 4227 2830 4286 innocenter
2859 4230 3267 4286 ditcscendum
3302 4228 3632 4296 invitantis,
3670 4245 3806 4284 mu-

2139 4331 2281 4371 nera
2309 4332 2523 4389 magno
2557 4335 2792 4392 semper
2823 4320 3022 4376 animo
3055 4318 3345 4391 rejecerit,
3377 4317 3632 4373 avaritia
3669 4335 3805 4390 spe-

2138 4405 2284 4460 ciem
2321 4405 2379 4459 in
2431 4407 2640 4464 sedula
2669 4411 3052 4482 congestione
3101 4409 3487 4480 quantumvis
3538 4406 3804 4479 legitime

2137 4498 2443 4564 partorum
2467 4499 2785 4565 quamdam
2801 4515 2920 4554 sua
2948 4499 3148 4554 virtuti
3164 4513 3399 4554 exosam
3423 4496 3802 4552 abominans.

2136 4585 2379 4640 Amores
2409 4587 2538 4656 ejus
2570 4604 2774 4644 omnes
2808 4589 2867 4643 in
2920 4588 3170 4661 gloriam
3205 4588 3580 4643 ferebantur:
3617 4603 3801 4642 uuam

2059 4661 2108 4725 D
2139 4675 2460 4745 spectabat,
2497 4693 2615 4733 una
2647 4677 2744 4734 illa
2771 4678 3196 4747 delectabatur,
3232 4676 3381 4732 nihil
3407 4693 3674 4747 unquam
3697 4677 3805 4732 ad-

2139 4761 2388 4820 miratus
2422 4769 2525 4820 aut
2572 4767 2913 4838 complexus
2959 4769 3116 4839 quod
3166 4765 3251 4821 illi
3280 4767 3598 4838 praferret,
3649 4765 3803 4822 nihil

2137 4857 2293 4924 quod
2328 4873 2432 4928 pro
2465 4857 2563 4912 illa
2598 4859 2987 4929 promercnda
3035 4858 3420 4930 parandaque
3458 4873 3573 4912 non
3611 4856 3806 4927 pacis-

2137 4951 2368 5001 ceretur
2399 4965 2464 5003 ac
2517 4948 2858 5021 proﬂigaret
2890 4949 3309 5014 libentissime,
3369 4947 3587 5020 quippe
3619 4963 3802 5019 quam

2137 5035 2292 5091 inter
2323 5053 2531 5094 omnes
2565 5054 2658 5094 res
2703 5038 2994 5095 humanas
3027 5039 3251 5096 sciebat
3300 5053 3479 5093 unam
3512 5051 3640 5092 esse
3672 5052 3801 5108 qua

2139 5125 2377 5181 duraret
2409 5135 2538 5198 post
2569 5126 2722 5182 hanc
2753 5129 2930 5183 vitam
2963 5133 3020 5183 et
3051 5128 3244 5183 funeri
3278 5130 3579 5198 superstes
3612 5130 3805 5182 morte

2141 5213 2274 5270 hinc
2307 5216 2634 5288 migrantes
2662 5221 3018 5274 coronatura
3048 5221 3415 5288 sequeretur.
3449 5217 3512 5270 In
3545 5213 3804 5271 eleemo-

2139 5320 2320 5374 synas
2367 5305 2667 5377 profusus,
2702 5305 2855 5362 hanc
2906 5307 3034 5378 ejus
3065 5307 3217 5364 218
3267 5305 3452 5361 studii
3504 5303 3799 5360 rationem

2139 5392 2490 5459 disserebat,
2542 5393 2729 5465 legem
2764 5411 2894 5451 esse
2943 5412 3059 5450 non
3101 5393 3334 5451 Solonis
3383 5396 3484 5448 aut
3531 5391 3805 5464 Lycurgi,

2137 5481 2237 5536 sed
2289 5480 2645 5553 legislatoris
2701 5483 3172 5540 Christianorum
3224 5481 3465 5552 Christi,
3524 5479 3810 5536 creatoris

2137 5571 2403 5641 ejusdem
2432 5573 2978 5645 conservatorisque
3006 5590 3203 5629 rerum
3226 5571 3496 5628 omnium
3522 5567 3650 5638 Dei,
3673 5585 3806 5640 qua

2137 5677 2247 5714 nos
2284 5661 2494 5730 jubeat
2525 5662 2678 5729 quod
2713 5679 3036 5734 possumus
3067 5681 3135 5719 ex
3165 5660 3446 5736 praesenti
3489 5656 3658 5730 copia
3688 5656 3807 5713 lar-

2137 5748 2274 5820 giri,
2299 5767 2402 5822 spe
2432 5755 2593 5807 certa
2622 5750 2944 5824 recipiendi
2976 5754 3221 5825 majora.
3259 5750 3401 5807 Huic
3423 5747 3805 5822 promissioni
