4112 6444
385 417 493 473 661

1455 418 1546 469 DE
1585 417 1954 470 MICHAELE
1993 417 2441 475 PALEOLOGO
2477 421 2610 474 LIB.
2656 422 2753 473 IlI.

3702 413 3818 470 662.

387 538 443 596 δὲ
472 538 564 595 καὶ
593 538 953 594 πιστεύσαντα
987 539 1061 610 μή
1094 541 1212 602 τοῖς
1243 535 1437 612 λόγοις
1484 536 1752 592 πιστεύειν
1801 536 2029 607 ἐκείνου,
2063 543 2116 610 Α
2148 540 2266 595 σθαι
2299 543 2721 617 παρασκευάσοι,
2755 541 2830 603 ὡς
2891 539 3129 603 ἐντεῦθεν
3187 526 3398 611 μηδένα
3441 533 3647 590 διδόναι
3698 539 3806 589 τῶν

474 628 519 684 δ⁸
599 631 613 650 ‘
751 631 762 649 '
1108 627 1122 648 '
1263 623 1287 647 ”
1466 627 1535 681 ’ἃ
1597 627 1626 682 ὅ
1737 626 1793 682 λ’
2025 628 2038 650 ‘

389 653 464 704 μη
507 651 530 684 ε
560 651 622 684 το
650 650 884 705 πρωτως
937 649 1206 683 πιστευειν
1263 647 1434 703 εχειν,
1468 649 1495 682 κ
1538 651 1562 680 ν
1651 650 1704 683 τι
1777 647 1911 704 εγοι.
1938 631 2040 683 Και

386 720 414 774 ὁ
450 719 544 792 μὲν
576 720 814 794 Χριστοῦ
869 713 1035 790 νόμος
1097 717 1255 777 οὗτος
1315 712 1733 790 ἀνταμείϐεσθαι
1792 717 1928 772 κατὰ
1981 716 2044 770 τὸ

384 805 881 862 ἑκατονταπλασιον
937 803 1330 882 ἐπαγγέλλεται
1379 826 1391 836 ·
1450 805 1625 882 χωρὶς
1685 803 1742 859 δὲ
1797 804 1887 860 καὶ
1947 809 2044 858 τοῦ

382 894 692 972 προσδοκᾷν
749 900 917 950 ταῦτα
973 895 1196 971 ἀπόχρη
1252 894 1341 949 καὶ
1404 895 1542 967 μόνη
1592 897 1627 964 ἡ
1660 893 2045 968 παραμένουσα

385 985 533 1058 δόξα,
592 986 669 1040 'lv’
725 985 868 1040 εἶ’ποι
918 1007 998 1048 τις
1054 985 1144 1040 καὶ
1203 987 1320 1040 κατ’
1353 984 1892 1062 ἅνθρωπον,πείθειν
1951 987 2042 1039 τὸν

384 1077 600 1132 συνετὸν
634 1076 746 1150 οὐχ
771 1074 921 1139 ὅπως
951 1075 1355 1138 πλεονεκτικῶς
1411 1074 1866 1150 χρηματίζεσθαι,
1900 1072 2046 1129 ἀλλά

383 1168 472 1221 καὶ
529 1166 600 1222 τὰ
646 1166 923 1241 προσόντα
975 1170 1094 1228 τοῖς
1149 1170 1382 1240 τυχοῦσι
1451 1163 1754 1241 προΐεσθαι.
1818 1163 2044 1237 Ἐξαίρω

385 1255 442 1312 δὲ
496 1278 556 1333 γε
611 1255 707 1311 τοῦ
797 1251 965 1330 λόγου
1043 1254 1173 1318 τοὺς
1228 1255 1309 1310 ἐπ’
1365 1255 1678 1330 ἀναγκαίαις
1757 1253 2043 1317 δοκούσαις

384 1347 598 1424 χρείαις
644 1346 766 1400 τινὰ
815 1350 923 1400 τῶν
975 1339 1143 1400 ὄντων
1203 1345 1706 1421 παρακατὲχοντας,
1740 1343 1786 1399 εἰ
1849 1346 1923 1418 μή
1985 1365 2046 1420 γε

384 1438 474 1493 καὶ
530 1435 682 1499 αὖθις
732 1433 910 1512 ἔχοιεν
963 1437 1365 1512 ἐκπορίζεσθαι.
1403 1435 1582 1493 Ἀλλᾶ
1635 1440 1802 1491 ταῦτα
1864 1437 1956 1508 μὲν
2017 1435 2042 1489 ό

389 1526 656 1597 δεσπότης
691 1525 950 1597 Ἰωάννης
1001 1526 1092 1581 καὶ
1159 1525 1283 1581 λίαν
1344 1522 1507 1602 ἔγνω,
1540 1527 1629 1580 καὶ
1687 1524 1847 1600 γνοὺς
1877 1523 1942 1578 τά
1992 1525 2043 1578 οἱ

387 1616 703 1673 συνοίσοντα
734 1615 1012 1690 ἔπραττεν.
1051 1617 1198 1672 Ἐπεὶ
1260 1614 1318 1671 δὲ
1363 1617 1414 1670 οὶ
1447 1617 1585 1691 ἀμφὶ
1649 1617 1740 1670 τὸν
1801 1616 2044 1690 μοναχὸν

385 1707 604 1778 Νεῖλον,
636 1707 694 1770 ὃς
751 1706 810 1762 ἐκ
867 1705 1123 1770 Σικελίας
1182 1709 1276 1780 μὲν
1337 1707 1587 1782 ὥρμητο,
1632 1706 1719 1761 ἐπὶ
1777 1710 1928 1778 κακῷ
1987 1704 2044 1758 δὲ

383 1805 483 1868 τῆς
566 1802 674 1851 τῶν
748 1795 1034 1869 Ῥωμαίων
1117 1796 1404 1858 πολιτείας
1491 1796 1710 1868 ἐπέστη,
1772 1792 2038 1848 διδάσκων

383 1883 804 1962 γλισχρεόεσθαι
836 1885 928 1939 καὶ
977 1890 1283 1960 προμηθεῖς
1342 1887 1473 1940 εἶναι
1531 1884 1662 1946 τοὺς
1720 1883 2038 1958 ἀνθρώπους
2073 1920 2118 1984 Β

383 1974 507 2048 περὶ
563 1975 660 2044 τὴν
697 1971 865 2042 δόσιν,
904 1975 1104 2046 μήπως
1136 1974 1316 2037 λαθών
1347 1995 1430 2035 τις
1467 1972 1702 2048 μετρίως
1748 1977 1855 2027 τῶν
1900 1992 2038 2047 πρα-

382 2064 606 2140 γμάτων
639 2060 784 2138 ἔχων
821 2059 1004 2119 λαϐὼν
1057 2069 1134 2137 τῷ
1186 2066 1279 2137 μὲν
1337 2061 1544 2118 διδόντι
1576 2065 1675 2133 τὴν
1704 2067 1800 2117 τοῦ
1859 2065 2039 2122 κακῶς

385 2153 698 2226 οἰκονομεῖν
751 2155 818 2208 τά
875 2154 926 2207 οἱ
976 2153 1251 2229 προσόντα
1307 2153 1636 2228 προσ-τρίψοι
1691 2151 2041 2226 μέμψιν,τήν

383 2242 443 2299 δὲ
470 2243 636 2320 ’χάριν
668 2243 876 2315 ἐκείνην
911 2243 1009 2299 οὐκ
1038 2244 1127 2300 ἐπὶ
1181 2245 1375 2318 μισθῷ,
1413 2241 1539 2299 ἀλλ’
1571 2243 1622 2298 ἐν
1655 2248 1834 2305 κενοῖς
1892 2238 2042 2316 γενέ-

387 2446 718 2503 necessario
767 2447 1124 2502 credendum
1171 2447 1244 2502 ab
1284 2463 1350 2502 eo
1383 2447 1587 2518 utique
1614 2449 1703 2502 est
1733 2444 1834 2515 qui
1869 2443 2041 2498 ﬁdem

383 2539 446 2608 in
495 2537 796 2593 Christum
845 2538 1173 2608 profitetur,
1206 2555 1321 2593 non
1350 2537 1544 2593 solum
1573 2540 1866 2608 quatenus
1896 2533 2041 2604 bap-

384 2630 627 2685 tismum
683 2628 962 2699 suscepit,
1019 2629 1122 2684 sed
1169 2633 1460 2699 quatenus
1510 2627 1686 2683 etiam
1719 2625 1915 2699 palam
1945 2639 2042 2678 ac-

383 2717 636 2790 quiescit
667 2717 1000 2773 assentiens
1033 2734 1210 2773 sacrae
1233 2718 1506 2774 doctrinae
1533 2716 1755 2791 passim
1778 2716 1839 2770 in
1856 2712 2040 2771 eccle-

385 2806 474 2862 sia
524 2806 862 2878 propositae.
925 2806 1100 2862 Porro
1159 2806 1516 2877 baptizatum
1569 2804 1935 2878 quempiam,
1987 2805 2043 2858 et

395 2895 670 2952 assentiri
701 2913 764 2952 se
793 2896 1249 2952 irrevocabiliter
1275 2896 1631 2954 Christianis
1663 2892 2040 2967 dogmatibus

395 2983 751 3053 professum,
782 2983 998 3039 Christi
1039 2983 1252 3040 deinde
1279 2985 1474 3040 verbis
1511 2985 1765 3038 fructum
1799 2981 2040 3036 uberem

393 3071 769 3144 eleemosynae
815 3073 1234 3144 pollicentibus
1280 3091 1394 3130 non
1429 3074 1664 3129 credere
1697 3078 2040 3143 argumento

390 3166 478 3216 est
518 3160 715 3234 ipsum
765 3179 956 3234 neque
1003 3168 1176 3219 antea
1205 3178 1336 3218 vere
1366 3163 2039 3233 credidisse,quantum-

388 3265 621 3320 cunque
652 3267 715 3306 se
747 3251 982 3306 credere
1013 3249 1380 3307 simulaverit
1403 3255 1458 3306 et
1491 3247 2036 3318 afﬁrmaverit.‘,Nec

386 3338 646 3412 vulgaris
667 3340 1068 3397 remuneratio
1101 3345 1190 3397 est
1229 3358 1407 3413 quam
1426 3341 1519 3397 lex
1536 3340 1752 3397 Christi
1773 3337 2034 3411 largitori

387 3430 753 3487 misericordi
814 3433 1125 3505 promittit,
1187 3434 1288 3489 sed
1321 3450 1448 3505 quae
1509 3437 1747 3488 centum
1781 3448 1884 3504 pro
1918 3445 2035 3486 uno

385 3523 615 3578 referat.
651 3523 740 3577 Me
769 3539 924 3592 vero,
954 3527 1010 3577 et
1036 3524 1322 3595 quemvis,
1356 3527 1423 3578 ut
1471 3524 1744 3593 arbitror,
1778 3523 2036 3594 pruden-

384 3613 499 3665 tem
535 3610 1038 3680 hominem,etiam
1073 3611 1332 3667 humano
1367 3613 1649 3667 duntaxat
1682 3628 1794 3666 usu
1827 3626 2037 3665 sensu-

385 3715 499 3770 que
529 3702 599 3754 de
633 3702 810 3756 rebus
834 3701 1228 3773 judicantem,
1262 3701 1345 3756 vel
1382 3701 1430 3756 si
1465 3701 1612 3757 nihil
1645 3701 1759 3757 tale
1790 3702 2035 3772 jubere-

386 3806 517 3846 mur
546 3798 1170 3862 exspectare,moveret
1192 3793 1423 3848 abunde
1446 3793 1516 3848 ad
1548 3793 2034 3848 benefaciendum

381 3881 694 3952 egentibus
723 3881 850 3954 ipse
881 3883 1161 3954 splendor
1191 3883 1614 3940 efﬂorescentis
1644 3882 1782 3938 inde
1814 3882 2035 3955 gloriae,

385 3969 446 4022 in
495 3987 684 4026 aevum
734 3987 908 4027 omne
959 3987 1382 4043 permansurae;
1413 3974 1584 4042 cujus
1619 3988 1721 4044 spe
1752 3971 2037 4026 invitante

387 4075 504 4113 non
539 4053 971 4117 modo-avertor
1001 4061 1072 4116 ab
1100 4079 1270 4117 avare
1302 4061 1688 4131 congerendis
1721 4059 2038 4132 superﬂuis

389 4148 626 4218 opibus,
651 4165 854 4205 verum
887 4150 1067 4206 etiam
1099 4150 1270 4206 facile
1301 4151 1549 4206 inducor
1581 4151 1653 4206 ad
1688 4150 2038 4206 subtrahen-

387 4237 527 4292 dum
563 4238 771 4296 usibus
803 4239 976 4296 etiam
1010 4240 1156 4312 ipsis
1188 4239 1333 4295 meis
1365 4257 1492 4312 quae
1515 4241 1570 4294 in
1595 4240 1795 4296 obvios
1819 4255 2038 4312 paupe-

389 4343 483 4382 res
507 4329 954 4395 ell'undam,non
987 4334 1187 4385 tamen
1223 4334 1326 4386 aut
1359 4329 1418 4384 in
1455 4329 1588 4386 aliis
1619 4330 1908 4386 damnans
1941 4331 2042 4385 aut

387 4415 529 4472 mibi
577 4422 779 4474 vetans
829 4435 1127 4476 reservare
1159 4436 1286 4492 qua:
1320 4424 1650 4491 opportuna
1680 4420 2041 4475 videbuntur

383 4505 473 4562 vel
496 4507 621 4577 jam
655 4509 1006 4579 urgentibus
1034 4508 1124 4564 vel
1147 4509 1206 4564 in
1232 4514 1533 4580 posterum
1554 4508 2040 4580 impendentibus

389 4596 840 4652 necessitatibus
871 4597 1354 4667 vitae,praesertim
1390 4597 1489 4652 ubi
1523 4597 1750 4654 occasio
1782 4613 2038 4669 praesens

2150 613 2385 685 sane;
2418 632 2469 702 ἐξ
2521 631 2764 707 ἀνάγκης
2821 629 3060 705 ἐχόντων
3115 649 3192 700 τι,
3225 631 3306 698 [ρ.
3340 627 3466 699 446]
3519 621 3660 680 διότι
3713 613 3811 707 καζ

2148 725 2244 774 τοῦ
2296 721 2350 774 εὗ
2409 721 2638 796 πάσχειν
2698 720 2836 775 κατὰ
2886 719 2980 775 τὸν
3024 717 3240 773 ἐκείνων
3271 716 3439 789 νόμον
3499 699 3814 790 ὅιπείργοιτ⁸

2151 807 2210 862 ἂν
2245 810 2551 886 εὐπρεπῶς,
2583 809 2672 866 καὶ
2727 807 2901 873 οὕτως
2949 807 2976 862 ὀ
3008 814 3106 877 τῆς
3161 803 3500 880 μεταδόσεως
3555 802 3806 874 ἀσθενοίη

2148 897 2518 972 νόμος,-ὦ
2576 904 2692 963 πῶς
2751 899 2918 955 ταῦτά
2976 919 3058 959 τις
3117 898 3206 952 καὶ
3271 891 3602 970 ἐξαγγείλαι,
3662 888 3806 946 ἰδίου

2148 994 2340 1063 καιροῦ
2372 989 2690 1064 χρῄζοντας
2723 990 2751 1044 ὁ
2781 993 2912 1064 γοῦν
2965 985 3231 1056 δεσπότης
3288 979 3431 1061 ἔχων
3490 983 3626 1057 πρὸς
3679 985 3805 1042 τοῖς

2150 1076 2346 1143 ἄλλοις
2374 1079 2566 1141 καλοῖς
2593 1080 2681 1134 καὶ
2713 1080 2776 1134 τὸ
2809 1076 3216 1156 φιλομόναχον,
3249 1073 3485 1136 ἐκείνους
3513 1093 3620 1128 που
3664 1090 3807 1146 παρ-

2151 1171 2546 1246 εισφρησαντας
2601 1172 2670 1243 τῇ
2730 1166 2874 1239 οἰκίᾳ
2931 1168 3006 1229 ὡς
3064 1167 3262 1240 ἀρετῆς
3305 1161 3500 1242 φίλους
3559 1159 3803 1237 δέχεται,

2149 1258 2431 1322 κάντεῦθεν
2499 1257 2763 1332 σύγχυσίς
2817 1278 2900 1318 τις
2957 1254 3045 1310 ἐπὶ
3102 1260 3294 1329 μικρὸν
3353 1253 3479 1328 περὶ
3550 1251 3646 1313 τὰς
3696 1254 3804 1306 τῶν

2151 1346 2365 1402 οἰκείων
2423 1345 2598 1408 δόσεις
2655 1346 2714 1401 ἐκ
2767 1353 2866 1416 τῆς
2915 1344 3132 1401 ἐκείνων
3183 1340 3535 1404 διδασκαλίας
3594 1339 3806 1410 ἐπηκο-

2151 1434 2358 1492 λούθει.
2394 1435 2492 1490 Καὶ
2540 1436 2605 1490 τὰ
2666 1435 2761 1508 μὲν
2817 1433 2952 1489 κατά
2982 1433 3073 1488 τὸν
3104 1431 3370 1502 δεσπότην
3405 1429 3548 1486 οὕτω
3581 1448 3594 1462 ·
3631 1427 3810 1497 ἐνέαζε

2149 1524 2250 1600 γὰρ
2301 1530 2419 1587 ταῖς
2477 1524 2832 1598 προθυμίαις,
2860 1522 2951 1578 καὶ
3011 1520 3184 1592 δῆλος
3233 1521 3299 1590 ἦν
3357 1522 3457 1590 τὴν
3512 1525 3612 1588 τῆς
3670 1519 3806 1575 Ῥω-

2155 1612 2348 1688 μα’ίδος
2410 1613 2659 1668 σύστασιν
2718 1613 2842 1689 περὶ
2927 1610 3189 1667 πλείστου
3266 1609 3619 1682 ποιούμενος.
3675 1608 3808 1662 Τότε

2147 1705 2329 1758 τοίνυν
2378 1708 2488 1759 τῶν
2537 1707 2676 1758 κατά
2727 1704 2826 1772 τὴν
2874 1699 2949 1758 ’ἐω
2979 1699 3318 1777 πραγμάτων
3352 1702 3532 1760 κακῶς
3564 1696 3804 1772 ἐχόντων

2150 1793 2240 1848 σὺν
2273 1791 2472 1865 πολλῷ
2501 1798 2580 1865 τῷ
2600 1794 2762 1868 τάχει
2785 1798 2903 1855 τοῖς
2932 1791 3068 1847 κατά
3112 1791 3204 1845 τὸν
3255 1784 3566 1864 Μαίανδρον
3611 1786 3802 1848 τόποις

2149 1883 2542 1958 ἐπεχωρίαζεν.
2576 1884 2689 1936 Ἔτι
2726 1879 2783 1936 δὲ
2828 1881 2918 1936 καὶ
2964 1883 3278 1956 περιφανεῖς
3321 1877 3440 1932 κατ’
3483 1875 3657 1932 ἐκεῖνο
3712 1874 3803 1928 καὶ

2154 1971 2389 2046 μεγάλαι
2421 1971 2579 2045 μοναὶ
2629 1971 2732 2026 ὑπὸ
2791 1975 2978 2042 σκοπῷ
3025 1969 3116 2026 καὶ
3176 1967 3377 2048 φύλακι
3431 1970 3511 2039 τῷ
3567 1963 3800 2038 δεσπότῃ

2151 2061 2484 2116 συνίσταντο.
2546 2061 2644 2114 Καὶ
2706 2057 2773 2130 δὴ
2833 2059 2868 2114 ’ὰ
2921 2061 3016 2134 μὲν
3075 2060 3127 2114 ol.
3193 2058 3396 2132 Πέρσαι
3456 2053 3810 2128 προκαταλα-

2153 2146 2338 2214 ϐόντες
2364 2151 2633 2225 κατὲσχον
2668 2149 3205 2226 συνεκχωρησάντων
3233 2150 3343 2202 τῶν
3400 2143 3627 2201 πολλῶν
3679 2142 3814 2198 ἐκεῖ-

2152 2241 2236 2295 θεν
2270 2244 2386 2302 τοῖς
2424 2241 2730 2314 βασιλεῦσι,
2760 2238 3014 2294 κάκείνου
3059 2236 3375 2304 λείποντος,
3404 2233 3472 2289 τὰ
3528 2231 3655 2309 περὶ
3709 2233 3811 2302 τήν

2154 2461 2322 2516 illum
2357 2461 2588 2516 fraudet
2620 2460 2838 2516 frustra
2867 2462 3104 2531 sperata
3137 2457 3404 2513 mercede
3435 2455 3567 2511 talis
3589 2453 3805 2525 operis,

2154 2551 2372 2622 quippe
2387 2551 2545 2620 quod
2559 2549 2808 2620 nonjam
2822 2548 2937 2620 ipsi
2953 2549 3023 2602 ad
3043 2547 3348 2618 praemium
3361 2545 3802 2616 imputandum,

2153 2641 2251 2695 sed
2283 2641 2433 2694 inter
2463 2655 2613 2694 vana
2642 2642 2698 2692 et
2726 2637 2911 2692 otiosa
2929 2636 3365 2692 numerandum
3387 2634 3574 2690 sit.Ex
3590 2632 3804 2702 hujus-

2153 2728 2314 2784 modi
2345 2727 2612 2784 doctrina
2643 2725 2862 2782 credita
2880 2733 3225 2798 receptaque
3243 2721 3574 2780 necessario
3592 2736 3801 2792 seque-

2151 2819 2330 2874 batur
2357 2821 2420 2872 ut
2448 2833 2620 2873 nemo
2652 2815 2872 2887 aliquid
2899 2814 3244 2870 habentium
3278 2812 3605 2884 quidquam
3636 2809 3806 2866 alteri

2152 2907 2416 2974 donaret,
2467 2905 2671 2977 sicque
2716 2904 2910 2960 omnis
2943 2920 3010 2959 ex
3041 2902 3431 2974 eleemosynis
3461 2903 3805 2974 proventus,

2153 3013 2268 3068 quo
2300 3012 2435 3067 spes
2466 2995 2732 3065 ratioque
2762 2993 2950 3049 victus
2969 3009 3032 3048 ac
3053 2996 3243 3048 status
3277 2991 3696 3062 plerorumque
3725 2992 3809 3043 te-

2154 3086 2363 3142 nuium
2415 3084 2777 3154 continetur,
2824 3083 2935 3139 hac
2983 3083 3231 3138 istorum
3276 3097 3456 3153 prava
3491 3077 3810 3152 disciplina

2152 3174 2421 3229 funditus
2475 3173 2969 3228 exterminaretur
3016 3188 3047 3227 e
3095 3168 3523 3226 consuetudine
3572 3183 3812 3239 usuque

2067 3297 2109 3366 ρ
2149 3262 2592 3366 hominum,illo
2625 3261 2922 3336 plausibili
2955 3265 3234 3362 praetextu
3260 3257 3600 3366 inquirendi
3632 3255 3806 3366 anxie

2149 3358 2283 3410 ante
2335 3353 2730 3426 largitionem,
2787 3368 2997 3407 verene
3027 3367 3103 3407 an
3135 3348 3410 3406 simulate
3441 3349 3680 3419 egerent
3705 3359 3809 3416 qui

2146 3443 2445 3515 petebant,
2492 3441 2723 3497 nullum
2777 3442 2898 3511 jam
2933 3438 3258 3511 erogationi
3314 3436 3586 3494 benefica:
3613 3434 3809 3490 locum

2147 3533 2556 3604 relinquente;
2613 3537 2790 3602 atque
2835 3530 2978 3585 adeo
3031 3528 3139 3584 hac
3187 3531 3395 3599 arguta
3437 3523 3808 3581 cavillatione

2147 3626 2271 3677 tota
2301 3623 2392 3676 lex
2423 3619 2928 3691 eleemosynarum
2962 3617 3421 3688 abrogaretur.0
3455 3613 3591 3686 quis
3625 3613 3807 3683 hujus

2147 3710 2467 3782 perniciem
2500 3708 2796 3782 dogmatis
2827 3707 2973 3764 satis
3002 3705 3272 3779 explicet!
3311 3705 3382 3760 ad
3415 3705 3574 3778 quod
3603 3702 3806 3772 utique

2148 3799 2384 3873 proprio
2433 3799 2562 3870 ejus
2607 3797 2939 3870 argumenti
2989 3795 3415 3852 commentario
3446 3796 3603 3850 esset
3632 3808 3801 3863 opus.

2148 3890 2335 3961 Igitur
2392 3889 2657 3959 despota,
2707 3887 2802 3943 cui
2860 3886 3068 3942 laudes
3115 3886 3270 3942 inter
3328 3888 3566 3941 caeteras
3607 3881 3798 3937 inerat

2149 3995 2314 4034 amor
2345 3977 2545 4032 nullus
2573 3975 2990 4047 veneratioque
3019 3974 3468 4042 monachorum,
3501 3971 3798 4044 quosdam

2147 4083 2179 4123 e
2206 4066 2320 4122 Nili
2354 4065 2625 4122 sectariis
2657 4081 2784 4120 eam
2814 4063 2993 4119 vitam
3024 4063 3362 4135 proﬁtentes
3393 4067 3450 4117 et
3479 4077 3541 4116 se
3572 4059 3800 4116 insinu-

2149 4161 2316 4213 antes
2371 4156 2430 4210 in
2489 4155 2618 4225 ejus
2678 4154 2919 4208 domum
2980 4150 3150 4206 facile
3210 4151 3269 4205 in
3302 4149 3796 4205 consuetudinem

2149 4244 2388 4317 recepit,
2446 4244 2602 4299 viros
2661 4243 2848 4298 bonos
2909 4257 2939 4296 e
2997 4245 3156 4296 veste
3208 4239 3574 4296 existimans.
3635 4237 3799 4293 Unde

2149 4334 2396 4407 contigit
2449 4332 2622 4404 longe
2678 4331 2958 4402 deinceps
3017 4346 3258 4386 manare
3315 4327 3574 4401 parcius,
3608 4343 3797 4399 pravae

2148 4424 2324 4482 istius
2355 4423 2634 4479 doctrinae
2667 4421 2920 4489 quodam
2955 4421 3119 4476 obice
3148 4419 3535 4492 prohibitum,
3570 4418 3796 4472 fontem

2149 4514 2549 4570 beneficentiae
2579 4528 2790 4584 greges
2820 4510 3063 4582 inopum
3097 4527 3166 4565 ex
3198 4509 3299 4566 illo
3330 4507 3566 4565 haurire
3596 4505 3797 4563 solito-

2151 4621 2283 4660 rum
2318 4608 2490 4659 antea
2513 4607 2637 4658 tam
2669 4600 2921 4673 benigne
2951 4597 3480 4671 irrigantem.Talis
3511 4599 3637 4654 erat
3664 4595 3797 4652 des-

389 4683 676 4755 largiendi
733 4703 849 4742 non
908 4685 1180 4742 occurrit.
1213 4686 1383 4742 Tales
1429 4687 1674 4758 despota
1701 4686 1957 4742 Joannes
1989 4689 2044 4741 et
2075 4677 2119 4742 D
2153 4697 2299 4766 potae
2350 4691 2579 4748 indoles
2627 4691 2881 4762 vitaeque
2929 4689 3099 4758 ratio,
3139 4688 3249 4744 viri
3288 4688 3495 4760 utique
3521 4687 3592 4742 ad
3625 4700 3800 4742 omne

389 4773 506 4829 alte
537 4773 857 4846 impressos
881 4775 1169 4848 plenoque
1200 4791 1514 4848 persuasos
1549 4777 1816 4831 versabat
1837 4775 2034 4832 animo

391 4880 626 4933 sensus,
659 4869 716 4920 et
745 4864 820 4921 iis
857 4869 1250 4921 consentanee
1277 4881 1528 4937 operans
1561 4865 1629 4920 ad
1672 4864 2035 4937 preposilum

391 4952 508 5024 ipsi
550 4954 727 5008 finem
789 4953 984 5026 gloria)
1047 4955 1345 5010 tendebat.
1382 4954 1543 5010 Istud
1569 4959 1760 5010 tamen
1793 4956 1921 5025 ejus
1950 4955 2040 5009 in-

395 5060 638 5100 censum
667 5043 828 5116 large
845 5044 1100 5099 donandi
1120 5044 1381 5100 studium
1402 5041 1710 5114 paululum
1730 5044 2040 5115 refrigera-

394 5137 534 5188 runt
581 5137 898 5189 sectatores
944 5133 1059 5188 Nili
1105 5131 1606 5204 pseudomonachi
1637 5149 1666 5187 e
1697 5131 1896 5188 Sicilia
1926 5133 2042 5188 huc

395 5239 610 5294 magno
642 5223 799 5278 malo
831 5222 1109 5278 Romanae
1141 5223 1476 5294 reipublicre
1499 5223 2042 5294 profecti,docentes

401 5311 781 5383 parcimoniae
832 5312 1154 5382 attendere,
1211 5312 1649 5383 suadentesque
1701 5311 2044 5368 hominibus

395 5417 611 5474 magna
641 5401 1169 5474 circumspectione
1196 5401 1254 5456 in
1288 5401 1480 5456 dando
1510 5400 1593 5454 uti
1626 5402 1780 5458 219
1804 5419 1875 5457 ne
1899 5402 2043 5456 forte

391 5491 522 5560 quis
581 5490 754 5556 clam,
815 5489 1036 5562 alioqui
1072 5491 1302 5546 habens
1333 5490 1488 5562 quod
1523 5491 1668 5546 satis
1701 5490 1815 5562 ipsi
1847 5492 1943 5557 sit,
1989 5497 2046 5547 et

393 5577 599 5636 callide
618 5579 898 5636 simulata
917 5584 1195 5652 egestate,
1214 5579 1465 5652 pecunia
1486 5595 1812 5651 emungens
1835 5598 2044 5654 parum

392 5671 634 5726 cautum
684 5669 1148 5740 misericordem,
1176 5668 1368 5726 labem
1419 5667 1504 5724 illi
1546 5668 1755 5726 allinat
1789 5673 2044 5729 multum

393 5758 586 5816 facilis
616 5766 672 5816 et
701 5775 810 5818 sua
839 5756 1173 5816 inconsulte
1198 5757 1582 5832 dilapidantis
1611 5775 1623 5827 ;
1647 5764 2047 5837 pretereaque

2148 4784 2333 4838 decus
2365 4780 2544 4838 alacri
2576 4781 2800 4852 impetu
2833 4777 3086 4844 ruentis,
3118 4776 3453 4850 natique,ut
3481 4773 3802 4847 apparebat

2150 4889 2216 4928 ac
2247 4870 2528 4926 divinitus
2561 4869 2697 4925 facti
2721 4868 2792 4924 ad
2828 4867 3254 4923 restituendam
3287 4865 3347 4920 in
3379 4865 3558 4921 decus
3597 4862 3799 4935 pristi-

2151 4977 2291 5016 num
2326 4960 2645 5015 Romanam
2681 4974 2827 5013 rem.
2870 4957 3036 5011 Tunc
3087 4972 3223 5027 ergo
3267 4955 3442 5010 rebus
3486 4950 3800 5009 Orientalis

2150 5048 2358 5105 limitis
2410 5047 2562 5104 male
2612 5045 2994 5110 habentibus,
3048 5059 3283 5099 summa
3333 5042 3385 5098 is
3415 5041 3710 5098 celeritate
3739 5040 3800 5094 in

2152 5139 2421 5210 regiones
2453 5137 2747 5193 Maeandro
2779 5135 3154 5193 circumsitas
3178 5151 3242 5190 se
3272 5129 3762 5204 contulit,maxim

2153 5229 2307 5283 inter
2365 5231 2573 5283 caetera
2619 5227 2773 5283 bono
2829 5226 3052 5281 dudum
3111 5227 3540 5280 exstructorum
3589 5220 3649 5277 in
3682 5217 3804 5274 illis

2151 5316 2327 5373 terris
2360 5331 2708 5384 magnorum
2743 5318 2918 5386 atque
2941 5312 3260 5369 illustrium
3286 5309 3802 5377 monasteriorum,

2155 5422 2284 5478 quae
2317 5404 2681 5477 providentia
2711 5403 3097 5476 custodiaque
3125 5402 3314 5474 ipsius
3344 5419 3378 5458 a
3408 5401 3572 5458 clade
3601 5399 3804 5456 ruina-

2157 5511 2268 5566 que
2301 5493 2514 5550 ultima
2540 5499 2771 5550 servata
2794 5497 2935 5549 sunt
2963 5493 3183 5548 Horum
3219 5491 3488 5564 quaedam
3515 5493 3638 5562 jam
3670 5494 3806 5544 Per-

2158 5601 2234 5640 sae
2280 5588 2689 5656 praeoccupate
2740 5583 3106 5648 detinebant,
3154 5580 3453 5654 plerisque
3479 5577 3715 5651 oppidis
3745 5592 3812 5632 ac

2157 5674 2326 5746 pagis
2376 5674 2435 5729 in
2488 5691 2558 5730 ea
2608 5671 2825 5729 vicinia
2868 5672 3079 5744 positis
3110 5671 3266 5728 220
3295 5670 3356 5725 in
3387 5669 3699 5725 Persarum
3731 5665 3816 5722 di-

2158 5764 2317 5822 tione
2347 5763 2530 5821 simul
2562 5767 2665 5820 aut
2697 5761 2753 5818 vi
2789 5763 2987 5830 rectis,
3023 5765 3126 5818 aut
3156 5775 3229 5818 ne
3257 5757 3635 5815 traherentur
3665 5756 3818 5813 ultro
