  <div class='ocr_page' id='page_1' title='image "/cluster/home/n/w/nwhite01/storage/ocr_20150623/143:no.1/coo.31924054870484/339.png"; bbox 0 0 4112 6434; ppageno 0'>
   <div class='ocr_carea' id='block_1_1' title="bbox 266 398 376 455">
    <p class='ocr_par' dir='ltr' id='par_1_1' title="bbox 266 398 376 455">
     <span class='ocr_line' id='line_1_1' title="bbox 266 398 376 455; baseline -0.009 0"><span class='ocrx_word' id='word_1_1' title='bbox 266 398 376 455; x_wconf 88' lang='grc'>663</span> 
     </span>
    </p>
   </div>
   <div class='ocr_carea' id='block_1_2' title="bbox 1584 403 2395 459">
    <p class='ocr_par' dir='ltr' id='par_1_2' title="bbox 1584 403 2395 459">
     <span class='ocr_line' id='line_1_2' title="bbox 1584 403 2395 459; baseline -0.002 -1"><span class='ocrx_word' id='word_1_2' title='bbox 1584 403 1889 459; x_wconf 83' lang='lat' dir='ltr'>GEORGII</span> <span class='ocrx_word' id='word_1_3' title='bbox 1928 403 2395 458; x_wconf 73' lang='lat' dir='ltr'>PACHYMERE</span> 
     </span>
    </p>
   </div>
   <div class='ocr_carea' id='block_1_3' title="bbox 3586 389 3697 446">
    <p class='ocr_par' dir='ltr' id='par_1_3' title="bbox 3586 389 3697 446">
     <span class='ocr_line' id='line_1_3' title="bbox 3586 389 3697 446; baseline -0.018 1"><span class='ocrx_word' id='word_1_4' title='bbox 3586 389 3697 446; x_wconf 80' lang='grc'>664</span> 
     </span>
    </p>
   </div>
   <div class='ocr_carea' id='block_1_4' title="bbox 271 492 3700 603">
    <p class='ocr_par' dir='ltr' id='par_1_4' title="bbox 271 492 3700 603">
     <span class='ocr_line' id='line_1_4' title="bbox 271 492 3700 603; baseline -0.003 -23"><span class='ocrx_word' id='word_1_5' title='bbox 271 517 576 599; x_wconf 77' lang='grc' dir='ltr'>Στρόϐιλον</span> <span class='ocrx_word' id='word_1_6' title='bbox 610 520 870 599; x_wconf 74' lang='grc' dir='ltr'>λέγωκαὶ</span> <span class='ocrx_word' id='word_1_7' title='bbox 914 525 1012 594; x_wconf 77' lang='grc' dir='ltr'>τήν</span> <span class='ocrx_word' id='word_1_8' title='bbox 1069 522 1527 602; x_wconf 85' lang='grc' dir='ltr'>Σταδιοτραχίαν,</span> <span class='ocrx_word' id='word_1_9' title='bbox 1561 526 1635 588; x_wconf 83' lang='grc' dir='ltr'>ὡς</span> <span class='ocrx_word' id='word_1_10' title='bbox 1693 524 1927 582; x_wconf 83' lang='grc' dir='ltr'>ἀδύνατα</span> <span class='ocrx_word' id='word_1_11' title='bbox 1958 527 2264 603; x_wconf 80' lang='grc' dir='ltr'>Αχώρους</span> <span class='ocrx_word' id='word_1_12' title='bbox 2323 522 2608 580; x_wconf 83' lang='grc' dir='ltr'>ἀντίποινα</span> <span class='ocrx_word' id='word_1_13' title='bbox 2661 520 2761 576; x_wconf 78' lang='grc' dir='ltr'>οὐκ</span> <span class='ocrx_word' id='word_1_14' title='bbox 2808 492 3051 575; x_wconf 83' lang='grc' dir='ltr'>ἐδικαίου</span> <span class='ocrx_word' id='word_1_15' title='bbox 3107 517 3170 573; x_wconf 86' lang='grc' dir='ltr'>τὸ</span> <span class='ocrx_word' id='word_1_16' title='bbox 3229 516 3482 574; x_wconf 83' lang='grc' dir='ltr'>σύνολον.</span> <span class='ocrx_word' id='word_1_17' title='bbox 3543 514 3700 586; x_wconf 85' lang='grc' dir='ltr'>Πλην</span> 
     </span>
    </p>
   </div>
   <div class='ocr_carea' id='block_1_5' title="bbox 269 607 1929 690">
    <p class='ocr_par' dir='ltr' id='par_1_5' title="bbox 269 607 1929 690">
     <span class='ocr_line' id='line_1_5' title="bbox 269 607 1929 690; baseline 0.001 -22"><span class='ocrx_word' id='word_1_18' title='bbox 269 607 401 668; x_wconf 71' lang='grc' dir='ltr'>ὄντα</span> <span class='ocrx_word' id='word_1_19' title='bbox 456 609 954 683; x_wconf 81' lang='grc' dir='ltr'>ἐπανακεκλῆσθαι,</span> <span class='ocrx_word' id='word_1_20' title='bbox 1013 611 1127 668; x_wconf 74' lang='grc' dir='ltr'>οὐδ’</span> <span class='ocrx_word' id='word_1_21' title='bbox 1185 613 1459 690; x_wconf 78' lang='grc' dir='ltr'>ἐπεχείρει</span> <span class='ocrx_word' id='word_1_22' title='bbox 1545 616 1682 668; x_wconf 76' lang='grc' dir='ltr'>κατὰ</span> <span class='ocrx_word' id='word_1_23' title='bbox 1738 621 1929 689; x_wconf 81' lang='grc' dir='ltr'>πεῖραν</span> 
     </span>
    </p>
   </div>
   <div class='ocr_carea' id='block_1_6' title="bbox 269 700 1929 779">
    <p class='ocr_par' dir='ltr' id='par_1_6' title="bbox 269 700 1929 779">
     <span class='ocr_line' id='line_1_6' title="bbox 269 700 1929 779; baseline 0.002 -23"><span class='ocrx_word' id='word_1_24' title='bbox 269 706 564 776; x_wconf 81' lang='grc' dir='ltr'>κατασχεῖν</span> <span class='ocrx_word' id='word_1_25' title='bbox 602 721 613 733; x_wconf 92' lang='grc'><strong>·</strong></span> <span class='ocrx_word' id='word_1_26' title='bbox 650 700 776 757; x_wconf 77' lang='grc' dir='ltr'>ὅσον</span> <span class='ocrx_word' id='word_1_27' title='bbox 807 700 851 757; x_wconf 87' lang='grc' dir='ltr'>δ’</span> <span class='ocrx_word' id='word_1_28' title='bbox 883 702 948 772; x_wconf 81' lang='grc' dir='ltr'>ἧν</span> <span class='ocrx_word' id='word_1_29' title='bbox 982 705 1044 757; x_wconf 90' lang='grc' dir='ltr'>τὸ</span> <span class='ocrx_word' id='word_1_30' title='bbox 1083 704 1218 758; x_wconf 83' lang='grc' dir='ltr'>κατὰ</span> <span class='ocrx_word' id='word_1_31' title='bbox 1266 702 1575 779; x_wconf 84' lang='grc' dir='ltr'>Μαίανδρον</span> <span class='ocrx_word' id='word_1_32' title='bbox 1622 706 1711 759; x_wconf 84' lang='grc' dir='ltr'>καὶ</span> <span class='ocrx_word' id='word_1_33' title='bbox 1750 703 1929 779; x_wconf 71' lang='grc' dir='ltr'>Τραλ-</span> 
     </span>
    </p>
   </div>
   <div class='ocr_carea' id='block_1_7' title="bbox 270 792 1928 870">
    <p class='ocr_par' dir='ltr' id='par_1_7' title="bbox 270 792 1928 870">
     <span class='ocr_line' id='line_1_7' title="bbox 270 792 1928 870; baseline 0.002 -24"><span class='ocrx_word' id='word_1_34' title='bbox 270 800 387 852; x_wconf 77' lang='grc' dir='ltr'>λεις</span> <span class='ocrx_word' id='word_1_35' title='bbox 438 792 527 846; x_wconf 88' lang='grc' dir='ltr'>καὶ</span> <span class='ocrx_word' id='word_1_36' title='bbox 587 793 889 867; x_wconf 77' lang='grc' dir='ltr'>Κάϋστρον,</span> <span class='ocrx_word' id='word_1_37' title='bbox 922 795 988 847; x_wconf 69' lang='grc' dir='ltr'>τὰ</span> <span class='ocrx_word' id='word_1_38' title='bbox 1038 797 1138 858; x_wconf 77' lang='grc' dir='ltr'>τῆς</span> <span class='ocrx_word' id='word_1_39' title='bbox 1189 794 1372 858; x_wconf 78' lang='grc' dir='ltr'>Ἀσίας</span> <span class='ocrx_word' id='word_1_40' title='bbox 1432 795 1723 870; x_wconf 83' lang='grc' dir='ltr'>βαθύτατα,</span> <span class='ocrx_word' id='word_1_41' title='bbox 1772 794 1928 867; x_wconf 83' lang='grc' dir='ltr'>ἐκρά-</span> 
     </span>
    </p>
   </div>
   <div class='ocr_carea' id='block_1_8' title="bbox 268 880 1931 961">
    <p class='ocr_par' dir='ltr' id='par_1_8' title="bbox 268 880 1931 961">
     <span class='ocr_line' id='line_1_8' title="bbox 268 880 1931 961; baseline 0.002 -26"><span class='ocrx_word' id='word_1_42' title='bbox 268 881 391 935; x_wconf 80' lang='grc' dir='ltr'>τυνέ</span> <span class='ocrx_word' id='word_1_43' title='bbox 452 902 511 935; x_wconf 89' lang='grc' dir='ltr'>τε</span> <span class='ocrx_word' id='word_1_44' title='bbox 568 880 942 957; x_wconf 78' lang='grc' dir='ltr'>προπολεμῶν</span> <span class='ocrx_word' id='word_1_45' title='bbox 994 883 1083 937; x_wconf 85' lang='grc' dir='ltr'>καὶ</span> <span class='ocrx_word' id='word_1_46' title='bbox 1140 889 1241 952; x_wconf 77' lang='grc' dir='ltr'>τῆς</span> <span class='ocrx_word' id='word_1_47' title='bbox 1292 886 1427 938; x_wconf 68' lang='grc' dir='ltr'>κατὰ</span> <span class='ocrx_word' id='word_1_48' title='bbox 1474 891 1610 960; x_wconf 76' lang='grc' dir='ltr'>σφᾶς</span> <span class='ocrx_word' id='word_1_49' title='bbox 1639 884 1931 961; x_wconf 68' lang='grc' dir='ltr'>ἀσφαλείας</span> 
     </span>
    </p>
   </div>
   <div class='ocr_carea' id='block_1_9' title="bbox 276 968 1930 1049">
    <p class='ocr_par' dir='ltr' id='par_1_9' title="bbox 276 968 1930 1049">
     <span class='ocr_line' id='line_1_9' title="bbox 276 968 1930 1049; baseline 0.002 -25"><span class='ocrx_word' id='word_1_50' title='bbox 276 968 522 1044; x_wconf 69' lang='grc' dir='ltr'>μετέχειν</span> <span class='ocrx_word' id='word_1_51' title='bbox 584 968 787 1025; x_wconf 90' lang='grc' dir='ltr'>ἐδίδου.</span> <span class='ocrx_word' id='word_1_52' title='bbox 834 969 975 1032; x_wconf 75' lang='grc' dir='ltr'>Τοὺς</span> <span class='ocrx_word' id='word_1_53' title='bbox 1039 969 1095 1025; x_wconf 79' lang='grc' dir='ltr'>δέ</span> <span class='ocrx_word' id='word_1_54' title='bbox 1152 993 1213 1045; x_wconf 87' lang='grc' dir='ltr'>γε</span> <span class='ocrx_word' id='word_1_55' title='bbox 1265 970 1649 1049; x_wconf 82' lang='grc' dir='ltr'>Μαγεδωνίτας</span> <span class='ocrx_word' id='word_1_56' title='bbox 1711 972 1930 1043; x_wconf 75' lang='grc' dir='ltr'>(ἐκάκου</span> 
     </span>
    </p>
   </div>
   <div class='ocr_carea' id='block_1_10' title="bbox 272 1056 1930 1133">
    <p class='ocr_par' dir='ltr' id='par_1_10' title="bbox 272 1056 1930 1133">
     <span class='ocr_line' id='line_1_10' title="bbox 320 1056 1679 1083; baseline 0.005 -8"><span class='ocrx_word' id='word_1_57' title='bbox 320 1057 334 1075; x_wconf 58' lang='grc' dir='ltr'><strong>κ</strong></span> <span class='ocrx_word' id='word_1_58' title='bbox 449 1060 460 1078; x_wconf 62' lang='grc'><em>3</em></span> <span class='ocrx_word' id='word_1_59' title='bbox 541 1057 553 1076; x_wconf 73' lang='lat'><strong>‘</strong></span> <span class='ocrx_word' id='word_1_60' title='bbox 664 1060 679 1077; x_wconf 58' lang='grc' dir='ltr'>ἱ</span> <span class='ocrx_word' id='word_1_61' title='bbox 881 1065 908 1075; x_wconf 82' lang='lat'><strong><em>~</em></strong></span> <span class='ocrx_word' id='word_1_62' title='bbox 985 1056 1009 1079; x_wconf 69' lang='grc' dir='ltr'>’Ῐ</span> <span class='ocrx_word' id='word_1_63' title='bbox 1218 1061 1236 1081; x_wconf 65' lang='grc' dir='ltr'>’ς</span> <span class='ocrx_word' id='word_1_64' title='bbox 1367 1065 1380 1083; x_wconf 76' lang='lat'><strong><em>\</em></strong></span> <span class='ocrx_word' id='word_1_65' title='bbox 1563 1065 1574 1079; x_wconf 77' lang='lat'><strong><em>\</em></strong></span> <span class='ocrx_word' id='word_1_66' title='bbox 1624 1062 1679 1081; x_wconf 60' lang='grc' dir='ltr'>ΝΙ</span> 
     </span>
     <span class='ocr_line' id='line_1_11' title="bbox 272 1059 1930 1133; baseline 0.003 -21"><span class='ocrx_word' id='word_1_67' title='bbox 272 1079 376 1133; x_wconf 90' lang='grc' dir='ltr'>γαρ</span> <span class='ocrx_word' id='word_1_68' title='bbox 404 1080 598 1122; x_wconf 89' lang='grc' dir='ltr'>αυτους</span> <span class='ocrx_word' id='word_1_69' title='bbox 626 1082 688 1115; x_wconf 91' lang='grc' dir='ltr'>το</span> <span class='ocrx_word' id='word_1_70' title='bbox 722 1059 949 1116; x_wconf 90' lang='grc' dir='ltr'>πολλων</span> <span class='ocrx_word' id='word_1_71' title='bbox 984 1072 1130 1125; x_wconf 84' lang='grc' dir='ltr'>ενοεν</span> <span class='ocrx_word' id='word_1_72' title='bbox 1189 1085 1264 1125; x_wconf 67' lang='grc' dir='ltr'>είς</span> <span class='ocrx_word' id='word_1_73' title='bbox 1322 1085 1418 1125; x_wconf 89' lang='grc' dir='ltr'>τας</span> <span class='ocrx_word' id='word_1_74' title='bbox 1449 1085 1585 1118; x_wconf 83' lang='grc' dir='ltr'>κατα</span> <span class='ocrx_word' id='word_1_75' title='bbox 1622 1080 1770 1117; x_wconf 77' lang='grc' dir='ltr'>ουσιν</span> <span class='ocrx_word' id='word_1_76' title='bbox 1806 1060 1930 1117; x_wconf 85' lang='grc' dir='ltr'>δου-</span> 
     </span>
    </p>
   </div>
   <div class='ocr_carea' id='block_1_11' title="bbox 273 1146 1927 1228">
    <p class='ocr_par' dir='ltr' id='par_1_11' title="bbox 273 1146 1927 1228">
     <span class='ocr_line' id='line_1_12' title="bbox 273 1146 1927 1228; baseline 0.001 -25"><span class='ocrx_word' id='word_1_77' title='bbox 273 1146 425 1208; x_wconf 87' lang='grc' dir='ltr'>λείας</span> <span class='ocrx_word' id='word_1_78' title='bbox 506 1151 891 1225; x_wconf 79' lang='grc' dir='ltr'>μεταγομένων</span> <span class='ocrx_word' id='word_1_79' title='bbox 978 1150 1267 1228; x_wconf 69' lang='grc' dir='ltr'>καταρρεῖν</span> <span class='ocrx_word' id='word_1_80' title='bbox 1362 1157 1469 1207; x_wconf 77' lang='grc' dir='ltr'>τῶν</span> <span class='ocrx_word' id='word_1_81' title='bbox 1549 1150 1927 1225; x_wconf 70' lang='grc' dir='ltr'>λελειμμένων</span> 
     </span>
    </p>
   </div>
   <div class='ocr_carea' id='block_1_12' title="bbox 272 1234 1933 1319">
    <p class='ocr_par' dir='ltr' id='par_1_12' title="bbox 272 1234 1933 1319">
     <span class='ocr_line' id='line_1_13' title="bbox 272 1234 1933 1319; baseline 0.002 -28"><span class='ocrx_word' id='word_1_82' title='bbox 272 1236 398 1292; x_wconf 71' lang='grc' dir='ltr'>τοὺς</span> <span class='ocrx_word' id='word_1_83' title='bbox 450 1234 679 1313; x_wconf 80' lang='grc' dir='ltr'>Πέρσας)</span> <span class='ocrx_word' id='word_1_84' title='bbox 722 1240 805 1294; x_wconf 60' lang='grc' dir='ltr'>καὶ</span> <span class='ocrx_word' id='word_1_85' title='bbox 858 1239 980 1295; x_wconf 89' lang='grc' dir='ltr'>λίαν</span> <span class='ocrx_word' id='word_1_86' title='bbox 1034 1240 1257 1295; x_wconf 88' lang='grc' dir='ltr'>συνίστα</span> <span class='ocrx_word' id='word_1_87' title='bbox 1306 1243 1396 1296; x_wconf 77' lang='grc' dir='ltr'>καὶ</span> <span class='ocrx_word' id='word_1_88' title='bbox 1447 1240 1777 1319; x_wconf 71' lang='grc' dir='ltr'>ἠσφαλίζετο</span> <span class='ocrx_word' id='word_1_89' title='bbox 1814 1262 1825 1276; x_wconf 90' lang='grc'><strong>·</strong></span> <span class='ocrx_word' id='word_1_90' title='bbox 1867 1242 1933 1310; x_wconf 77' lang='grc' dir='ltr'>ἦν</span> 
     </span>
    </p>
   </div>
   <div class='ocr_carea' id='block_1_13' title="bbox 270 1324 1932 1407">
    <p class='ocr_par' dir='ltr' id='par_1_13' title="bbox 270 1324 1932 1407">
     <span class='ocr_line' id='line_1_14' title="bbox 270 1324 1932 1407; baseline 0.003 -27"><span class='ocrx_word' id='word_1_91' title='bbox 270 1324 371 1403; x_wconf 82' lang='grc' dir='ltr'>γὰρ</span> <span class='ocrx_word' id='word_1_92' title='bbox 410 1327 473 1380; x_wconf 84' lang='grc' dir='ltr'>τὸ</span> <span class='ocrx_word' id='word_1_93' title='bbox 522 1326 737 1383; x_wconf 83' lang='grc' dir='ltr'>ἐκείνων</span> <span class='ocrx_word' id='word_1_94' title='bbox 796 1328 1012 1399; x_wconf 79' lang='grc' dir='ltr'>πλῆθος</span> <span class='ocrx_word' id='word_1_95' title='bbox 1070 1329 1294 1386; x_wconf 88' lang='grc' dir='ltr'>πίσυνον</span> <span class='ocrx_word' id='word_1_96' title='bbox 1356 1332 1534 1402; x_wconf 82' lang='grc' dir='ltr'>τόξοις</span> <span class='ocrx_word' id='word_1_97' title='bbox 1565 1332 1813 1407; x_wconf 79' lang='grc' dir='ltr'>καὶπερὶ</span> <span class='ocrx_word' id='word_1_98' title='bbox 1869 1330 1932 1386; x_wconf 83' lang='grc' dir='ltr'>τὸ</span> 
     </span>
    </p>
   </div>
   <div class='ocr_carea' id='block_1_14' title="bbox 273 1416 1931 1498">
    <p class='ocr_par' dir='ltr' id='par_1_14' title="bbox 273 1416 1931 1498">
     <span class='ocr_line' id='line_1_15' title="bbox 273 1416 1931 1498; baseline 0.003 -28"><span class='ocrx_word' id='word_1_99' title='bbox 273 1417 596 1491; x_wconf 83' lang='grc' dir='ltr'>ἀντιμαχεῖν</span> <span class='ocrx_word' id='word_1_100' title='bbox 658 1416 1000 1492; x_wconf 76' lang='grc' dir='ltr'>δεξιώτατον,</span> <span class='ocrx_word' id='word_1_101' title='bbox 1059 1422 1147 1474; x_wconf 88' lang='grc' dir='ltr'>καί</span> <span class='ocrx_word' id='word_1_102' title='bbox 1199 1443 1261 1495; x_wconf 87' lang='grc' dir='ltr'>γε</span> <span class='ocrx_word' id='word_1_103' title='bbox 1327 1420 1423 1484; x_wconf 67' lang='grc' dir='ltr'>τὰς</span> <span class='ocrx_word' id='word_1_104' title='bbox 1480 1422 1785 1497; x_wconf 82' lang='grc' dir='ltr'>προθυμίας</span> <span class='ocrx_word' id='word_1_105' title='bbox 1841 1420 1931 1498; x_wconf 78' lang='grc' dir='ltr'>ἐῤ-</span> 
     </span>
    </p>
   </div>
   <div class='ocr_carea' id='block_1_15' title="bbox 278 1504 1935 1587">
    <p class='ocr_par' dir='ltr' id='par_1_15' title="bbox 278 1504 1935 1587">
     <span class='ocr_line' id='line_1_16' title="bbox 278 1504 1935 1587; baseline 0.002 -28"><span class='ocrx_word' id='word_1_106' title='bbox 278 1504 450 1581; x_wconf 82' lang='grc' dir='ltr'>ῥώννυ</span> <span class='ocrx_word' id='word_1_107' title='bbox 509 1506 743 1581; x_wconf 77' lang='grc' dir='ltr'>χρυσίῳ,</span> <span class='ocrx_word' id='word_1_108' title='bbox 794 1507 882 1562; x_wconf 83' lang='grc' dir='ltr'>καὶ</span> <span class='ocrx_word' id='word_1_109' title='bbox 936 1513 1069 1586; x_wconf 64' lang='grc' dir='ltr'>σφᾶς</span> <span class='ocrx_word' id='word_1_110' title='bbox 1128 1508 1384 1585; x_wconf 84' lang='grc' dir='ltr'>ἐδωρεῖτο</span> <span class='ocrx_word' id='word_1_111' title='bbox 1441 1509 1805 1587; x_wconf 71' lang='grc' dir='ltr'>φιλοτιμίαις.</span> <span class='ocrx_word' id='word_1_112' title='bbox 1868 1510 1935 1567; x_wconf 78' lang='grc' dir='ltr'>Οἱ</span> 
     </span>
    </p>
   </div>
   <div class='ocr_carea' id='block_1_16' title="bbox 284 1593 1936 1673">
    <p class='ocr_par' dir='ltr' id='par_1_16' title="bbox 284 1593 1936 1673">
     <span class='ocr_line' id='line_1_17' title="bbox 284 1593 1936 1673; baseline 0.003 -24"><span class='ocrx_word' id='word_1_113' title='bbox 284 1593 467 1668; x_wconf 76' lang='grc' dir='ltr'>μέντοι</span> <span class='ocrx_word' id='word_1_114' title='bbox 517 1617 579 1670; x_wconf 91' lang='grc' dir='ltr'>γε</span> <span class='ocrx_word' id='word_1_115' title='bbox 628 1596 828 1670; x_wconf 70' lang='grc' dir='ltr'>Πέρσαι</span> <span class='ocrx_word' id='word_1_116' title='bbox 858 1599 919 1652; x_wconf 86' lang='grc' dir='ltr'>τὸ</span> <span class='ocrx_word' id='word_1_117' title='bbox 951 1598 1121 1673; x_wconf 79' lang='grc' dir='ltr'>τάχος</span> <span class='ocrx_word' id='word_1_118' title='bbox 1180 1607 1280 1668; x_wconf 76' lang='grc' dir='ltr'>τῆς</span> <span class='ocrx_word' id='word_1_119' title='bbox 1315 1600 1626 1662; x_wconf 69' lang='grc' dir='ltr'>ἐπιστασίας</span> <span class='ocrx_word' id='word_1_120' title='bbox 1677 1600 1936 1673; x_wconf 73' lang='grc' dir='ltr'>μαθόντες</span> 
     </span>
    </p>
   </div>
   <div class='ocr_carea' id='block_1_17' title="bbox 275 1682 1938 1761">
    <p class='ocr_par' dir='ltr' id='par_1_17' title="bbox 275 1682 1938 1761">
     <span class='ocr_line' id='line_1_18' title="bbox 275 1682 1938 1761; baseline 0.002 -22"><span class='ocrx_word' id='word_1_121' title='bbox 275 1682 677 1761; x_wconf 64' lang='grc' dir='ltr'>κατωρρώδουν</span> <span class='ocrx_word' id='word_1_122' title='bbox 708 1707 788 1754; x_wconf 90' lang='grc' dir='ltr'>τε,</span> <span class='ocrx_word' id='word_1_123' title='bbox 816 1688 906 1741; x_wconf 76' lang='grc' dir='ltr'>καὶ</span> <span class='ocrx_word' id='word_1_124' title='bbox 936 1689 1087 1751; x_wconf 75' lang='grc' dir='ltr'>αὖθις</span> <span class='ocrx_word' id='word_1_125' title='bbox 1120 1689 1576 1752; x_wconf 75' lang='grc' dir='ltr'>παλινοστοῦντες</span> <span class='ocrx_word' id='word_1_126' title='bbox 1633 1696 1754 1751; x_wconf 80' lang='grc' dir='ltr'>ταῖς</span> <span class='ocrx_word' id='word_1_127' title='bbox 1816 1687 1938 1744; x_wconf 81' lang='grc' dir='ltr'>δυσ-</span> 
     </span>
    </p>
   </div>
   <div class='ocr_carea' id='block_1_18' title="bbox 278 1773 1935 1854">
    <p class='ocr_par' dir='ltr' id='par_1_18' title="bbox 278 1773 1935 1854">
     <span class='ocr_line' id='line_1_19' title="bbox 278 1773 1935 1854; baseline 0.003 -28"><span class='ocrx_word' id='word_1_128' title='bbox 278 1773 514 1850; x_wconf 85' lang='grc' dir='ltr'>χωρίαις</span> <span class='ocrx_word' id='word_1_129' title='bbox 562 1773 861 1845; x_wconf 71' lang='grc' dir='ltr'>ἐνεδύοντο,</span> <span class='ocrx_word' id='word_1_130' title='bbox 907 1776 1234 1852; x_wconf 73' lang='grc' dir='ltr'>ἀπογνόντες</span> <span class='ocrx_word' id='word_1_131' title='bbox 1295 1775 1351 1833; x_wconf 78' lang='grc' dir='ltr'>δέ</span> <span class='ocrx_word' id='word_1_132' title='bbox 1406 1784 1509 1834; x_wconf 76' lang='grc' dir='ltr'>τοῦ</span> <span class='ocrx_word' id='word_1_133' title='bbox 1569 1778 1782 1854; x_wconf 55' lang='grc' dir='ltr'>θαρρεῖν</span> <span class='ocrx_word' id='word_1_134' title='bbox 1838 1777 1935 1832; x_wconf 75' lang='grc' dir='ltr'>αὖ·</span> 
     </span>
    </p>
   </div>
   <div class='ocr_carea' id='block_1_19' title="bbox 276 1859 2019 1971">
    <p class='ocr_par' dir='ltr' id='par_1_19' title="bbox 276 1859 2019 1971">
     <span class='ocr_line' id='line_1_20' title="bbox 276 1859 2019 1971; baseline 0.004 -56"><span class='ocrx_word' id='word_1_135' title='bbox 276 1860 401 1916; x_wconf 88' lang='grc' dir='ltr'>τίκα</span> <span class='ocrx_word' id='word_1_136' title='bbox 433 1859 880 1939; x_wconf 77' lang='grc' dir='ltr'>διεπρεσϐεύοντο</span> <span class='ocrx_word' id='word_1_137' title='bbox 939 1864 1174 1921; x_wconf 79' lang='grc' dir='ltr'>ἀπέλυόν</span> <span class='ocrx_word' id='word_1_138' title='bbox 1234 1888 1293 1922; x_wconf 89' lang='grc' dir='ltr'>τε</span> <span class='ocrx_word' id='word_1_139' title='bbox 1352 1866 1481 1929; x_wconf 74' lang='grc' dir='ltr'>τοὺς</span> <span class='ocrx_word' id='word_1_140' title='bbox 1539 1866 1935 1942; x_wconf 79' lang='grc' dir='ltr'>αἰχμαλώτους</span> <span class='ocrx_word' id='word_1_141' title='bbox 1969 1906 2019 1971; x_wconf 81' lang='grc' dir='ltr'><strong>Β</strong></span> 
     </span>
     <span class='ocr_line' id='line_1_21' title="bbox 357 1951 1905 1971; baseline 0.003 -4"><span class='ocrx_word' id='word_1_142' title='bbox 357 1951 370 1967; x_wconf 76' lang='grc'>.</span> <span class='ocrx_word' id='word_1_143' title='bbox 418 1951 433 1971; x_wconf 86' lang='grc'><em>,</em></span> <span class='ocrx_word' id='word_1_144' title='bbox 499 1952 508 1971; x_wconf 82' lang='grc'><em>.</em></span> <span class='ocrx_word' id='word_1_145' title='bbox 756 1953 810 1971; x_wconf 74' lang='grc' dir='ltr'>..ι</span> <span class='ocrx_word' id='word_1_146' title='bbox 1029 1957 1087 1971; x_wconf 69' lang='grc' dir='ltr'>,η</span> <span class='ocrx_word' id='word_1_147' title='bbox 1128 1952 1171 1971; x_wconf 56' lang='grc' dir='ltr'>μ</span> <span class='ocrx_word' id='word_1_148' title='bbox 1274 1957 1288 1971; x_wconf 85' lang='lat'>.</span> <span class='ocrx_word' id='word_1_149' title='bbox 1399 1957 1413 1971; x_wconf 58' lang='grc' dir='ltr'><strong>ς</strong></span> <span class='ocrx_word' id='word_1_150' title='bbox 1521 1959 1534 1971; x_wconf 91' lang='grc'><strong>.</strong></span> <span class='ocrx_word' id='word_1_151' title='bbox 1672 1955 1683 1971; x_wconf 84' lang='lat'>.</span> <span class='ocrx_word' id='word_1_152' title='bbox 1894 1958 1905 1971; x_wconf 88' lang='lat'>.</span> 
     </span>
    </p>
   </div>
   <div class='ocr_carea' id='block_1_20' title="bbox 279 1951 1940 2030">
    <p class='ocr_par' dir='ltr' id='par_1_20' title="bbox 279 1951 1940 2030">
     <span class='ocr_line' id='line_1_22' title="bbox 279 1951 1940 2030; baseline 0.002 -24"><span class='ocrx_word' id='word_1_153' title='bbox 279 1951 373 2006; x_wconf 85' lang='grc' dir='ltr'>καὶ</span> <span class='ocrx_word' id='word_1_154' title='bbox 405 1951 634 2028; x_wconf 73' lang='grc' dir='ltr'>ἠγάπων</span> <span class='ocrx_word' id='word_1_155' title='bbox 670 1953 996 2027; x_wconf 79' lang='grc' dir='ltr'>σωζόμενοι.</span> <span class='ocrx_word' id='word_1_156' title='bbox 1029 1957 1091 2013; x_wconf 87' lang='grc' dir='ltr'>Ὁ</span> <span class='ocrx_word' id='word_1_157' title='bbox 1124 1952 1180 2010; x_wconf 76' lang='grc' dir='ltr'>δὲ</span> <span class='ocrx_word' id='word_1_158' title='bbox 1236 1957 1298 2011; x_wconf 87' lang='grc' dir='ltr'>τὸ</span> <span class='ocrx_word' id='word_1_159' title='bbox 1359 1957 1452 2028; x_wconf 73' lang='grc' dir='ltr'>μὲν</span> <span class='ocrx_word' id='word_1_160' title='bbox 1511 1955 1746 2030; x_wconf 77' lang='grc' dir='ltr'>ἡσυχίαν</span> <span class='ocrx_word' id='word_1_161' title='bbox 1797 1958 1940 2030; x_wconf 74' lang='grc' dir='ltr'>σχή-</span> 
     </span>
    </p>
   </div>
   <div class='ocr_carea' id='block_1_21' title="bbox 296 2039 1952 2121">
    <p class='ocr_par' dir='ltr' id='par_1_21' title="bbox 296 2039 1952 2121">
     <span class='ocr_line' id='line_1_23' title="bbox 296 2039 1952 2121; baseline 0.002 -26"><span class='ocrx_word' id='word_1_162' title='bbox 296 2059 407 2095; x_wconf 85' lang='grc' dir='ltr'>σειν</span> <span class='ocrx_word' id='word_1_163' title='bbox 465 2039 702 2105; x_wconf 81' lang='grc' dir='ltr'>ἐκείνους</span> <span class='ocrx_word' id='word_1_164' title='bbox 741 2043 978 2111; x_wconf 78' lang='grc' dir='ltr'>εἷσαῦθις</span> <span class='ocrx_word' id='word_1_165' title='bbox 1033 2044 1123 2099; x_wconf 85' lang='grc' dir='ltr'>καὶ</span> <span class='ocrx_word' id='word_1_166' title='bbox 1185 2043 1333 2117; x_wconf 82' lang='grc' dir='ltr'>μάλα</span> <span class='ocrx_word' id='word_1_167' title='bbox 1386 2045 1597 2121; x_wconf 67' lang='grc' dir='ltr'>θαρρῶν</span> <span class='ocrx_word' id='word_1_168' title='bbox 1662 2044 1952 2112; x_wconf 84' lang='grc' dir='ltr'>ἐπίστευεν,</span> 
     </span>
    </p>
   </div>
   <div class='ocr_carea' id='block_1_22' title="bbox 300 2129 1955 2210">
    <p class='ocr_par' dir='ltr' id='par_1_22' title="bbox 300 2129 1955 2210">
     <span class='ocr_line' id='line_1_24' title="bbox 300 2129 1955 2210; baseline 0.004 -28"><span class='ocrx_word' id='word_1_169' title='bbox 300 2129 403 2184; x_wconf 80' lang='grc' dir='ltr'>οὐκ</span> <span class='ocrx_word' id='word_1_170' title='bbox 458 2129 509 2202; x_wconf 78' lang='grc' dir='ltr'>ἐξ</span> <span class='ocrx_word' id='word_1_171' title='bbox 566 2131 641 2185; x_wconf 83' lang='grc' dir='ltr'>ὧν</span> <span class='ocrx_word' id='word_1_172' title='bbox 696 2130 891 2187; x_wconf 80' lang='grc' dir='ltr'>ἐκεῖνοι</span> <span class='ocrx_word' id='word_1_173' title='bbox 942 2130 1347 2210; x_wconf 82' lang='grc' dir='ltr'>διωμολόγουν,</span> <span class='ocrx_word' id='word_1_174' title='bbox 1397 2132 1525 2189; x_wconf 82' lang='grc' dir='ltr'>ἀλλ’</span> <span class='ocrx_word' id='word_1_175' title='bbox 1557 2133 1606 2206; x_wconf 78' lang='grc' dir='ltr'>ἐξ</span> <span class='ocrx_word' id='word_1_176' title='bbox 1659 2134 1731 2187; x_wconf 80' lang='grc' dir='ltr'>ὧν</span> <span class='ocrx_word' id='word_1_177' title='bbox 1794 2133 1955 2195; x_wconf 78' lang='grc' dir='ltr'>αὐτὸς</span> 
     </span>
    </p>
   </div>
   <div class='ocr_carea' id='block_1_23' title="bbox 299 2215 1956 2296">
    <p class='ocr_par' dir='ltr' id='par_1_23' title="bbox 299 2215 1956 2296">
     <span class='ocr_line' id='line_1_25' title="bbox 299 2215 1956 2296; baseline 0.004 -26"><span class='ocrx_word' id='word_1_178' title='bbox 299 2215 444 2271; x_wconf 77' lang='grc' dir='ltr'>οἶδεν</span> <span class='ocrx_word' id='word_1_179' title='bbox 504 2218 906 2293; x_wconf 84' lang='grc' dir='ltr'>ἐπιθησόμενος</span> <span class='ocrx_word' id='word_1_180' title='bbox 964 2222 1054 2276; x_wconf 80' lang='grc' dir='ltr'>καὶ</span> <span class='ocrx_word' id='word_1_181' title='bbox 1105 2225 1368 2293; x_wconf 78' lang='grc' dir='ltr'>νικήσων,</span> <span class='ocrx_word' id='word_1_182' title='bbox 1401 2221 1453 2277; x_wconf 82' lang='grc' dir='ltr'>εἷ’</span> <span class='ocrx_word' id='word_1_183' title='bbox 1474 2244 1578 2277; x_wconf 90' lang='grc' dir='ltr'>που</span> <span class='ocrx_word' id='word_1_184' title='bbox 1634 2222 1725 2277; x_wconf 82' lang='grc' dir='ltr'>καὶ</span> <span class='ocrx_word' id='word_1_185' title='bbox 1781 2242 1956 2296; x_wconf 86' lang='grc' dir='ltr'>παρα-</span> 
     </span>
    </p>
   </div>
   <div class='ocr_carea' id='block_1_24' title="bbox 296 2306 1957 2387">
    <p class='ocr_par' dir='ltr' id='par_1_24' title="bbox 296 2306 1957 2387">
     <span class='ocr_line' id='line_1_26' title="bbox 296 2306 1957 2387; baseline 0.004 -28"><span class='ocrx_word' id='word_1_186' title='bbox 296 2307 567 2376; x_wconf 83' lang='grc' dir='ltr'>κινηθεῖεν</span> <span class='ocrx_word' id='word_1_187' title='bbox 604 2328 617 2341; x_wconf 87' lang='grc'><strong>·</strong></span> <span class='ocrx_word' id='word_1_188' title='bbox 652 2308 715 2364; x_wconf 85' lang='grc' dir='ltr'>τὸ</span> <span class='ocrx_word' id='word_1_189' title='bbox 749 2306 807 2364; x_wconf 78' lang='grc' dir='ltr'>δὲ</span> <span class='ocrx_word' id='word_1_190' title='bbox 835 2310 912 2382; x_wconf 76' lang='grc' dir='ltr'>μὴ</span> <span class='ocrx_word' id='word_1_191' title='bbox 945 2311 1132 2365; x_wconf 84' lang='grc' dir='ltr'>παθεῖν</span> <span class='ocrx_word' id='word_1_192' title='bbox 1179 2308 1253 2365; x_wconf 82' lang='grc' dir='ltr'>ὧν</span> <span class='ocrx_word' id='word_1_193' title='bbox 1314 2306 1541 2387; x_wconf 74' lang='grc' dir='ltr'>ἔδρασαν</span> <span class='ocrx_word' id='word_1_194' title='bbox 1598 2310 1726 2374; x_wconf 78' lang='grc' dir='ltr'>τοὺς</span> <span class='ocrx_word' id='word_1_195' title='bbox 1784 2331 1957 2386; x_wconf 86' lang='grc' dir='ltr'>προσ-</span> 
     </span>
    </p>
   </div>
   <div class='ocr_carea' id='block_1_25' title="bbox 299 2507 1956 2584">
    <p class='ocr_par' dir='ltr' id='par_1_25' title="bbox 299 2507 1956 2584">
     <span class='ocr_line' id='line_1_27' title="bbox 299 2507 1956 2584; baseline 0.002 -20"><span class='ocrx_word' id='word_1_196' title='bbox 299 2507 667 2566; x_wconf 88' lang='lat' dir='ltr'>cedentibus.</span> <span class='ocrx_word' id='word_1_197' title='bbox 722 2508 888 2565; x_wconf 87' lang='lat' dir='ltr'>Unde</span> <span class='ocrx_word' id='word_1_198' title='bbox 918 2514 977 2566; x_wconf 89' lang='lat' dir='ltr'>et</span> <span class='ocrx_word' id='word_1_199' title='bbox 1006 2510 1122 2566; x_wconf 90' lang='lat' dir='ltr'>alia</span> <span class='ocrx_word' id='word_1_200' title='bbox 1149 2510 1252 2567; x_wconf 87' lang='lat' dir='ltr'>illa</span> <span class='ocrx_word' id='word_1_201' title='bbox 1276 2516 1501 2569; x_wconf 88' lang='lat' dir='ltr'>tractus</span> <span class='ocrx_word' id='word_1_202' title='bbox 1532 2514 1661 2584; x_wconf 85' lang='lat' dir='ltr'>ejus</span> <span class='ocrx_word' id='word_1_203' title='bbox 1684 2514 1811 2583; x_wconf 84' lang='lat' dir='ltr'>jam</span> <span class='ocrx_word' id='word_1_204' title='bbox 1845 2512 1956 2567; x_wconf 90' lang='lat' dir='ltr'>im-</span> 
     </span>
    </p>
   </div>
   <div class='ocr_carea' id='block_1_26' title="bbox 299 2598 1957 2673">
    <p class='ocr_par' dir='ltr' id='par_1_26' title="bbox 299 2598 1957 2673">
     <span class='ocr_line' id='line_1_28' title="bbox 299 2598 1957 2673; baseline 0.002 -19"><span class='ocrx_word' id='word_1_205' title='bbox 299 2598 671 2670; x_wconf 88' lang='lat' dir='ltr'>peratoribus</span> <span class='ocrx_word' id='word_1_206' title='bbox 704 2614 907 2670; x_wconf 86' lang='lat' dir='ltr'>parere</span> <span class='ocrx_word' id='word_1_207' title='bbox 938 2601 1252 2656; x_wconf 82' lang='lat' dir='ltr'>desierant:</span> <span class='ocrx_word' id='word_1_208' title='bbox 1286 2617 1352 2657; x_wconf 92' lang='lat' dir='ltr'>ea</span> <span class='ocrx_word' id='word_1_209' title='bbox 1386 2602 1513 2657; x_wconf 90' lang='lat' dir='ltr'>dico</span> <span class='ocrx_word' id='word_1_210' title='bbox 1543 2618 1669 2673; x_wconf 82' lang='lat' dir='ltr'>quae</span> <span class='ocrx_word' id='word_1_211' title='bbox 1701 2600 1957 2658; x_wconf 90' lang='lat' dir='ltr'>Strobilo</span> 
     </span>
    </p>
   </div>
   <div class='ocr_carea' id='block_1_27' title="bbox 300 2686 1961 2759">
    <p class='ocr_par' dir='ltr' id='par_1_27' title="bbox 300 2686 1961 2759">
     <span class='ocr_line' id='line_1_29' title="bbox 300 2686 1961 2759; baseline 0.003 -18"><span class='ocrx_word' id='word_1_212' title='bbox 300 2688 359 2742; x_wconf 89' lang='lat' dir='ltr'>et</span> <span class='ocrx_word' id='word_1_213' title='bbox 409 2686 859 2743; x_wconf 71' lang='lat' dir='ltr'>Stadiotrachits</span> <span class='ocrx_word' id='word_1_214' title='bbox 912 2689 1148 2759; x_wconf 88' lang='lat' dir='ltr'>ajacent</span> <span class='ocrx_word' id='word_1_215' title='bbox 1191 2689 1344 2758; x_wconf 89' lang='lat' dir='ltr'>loca,</span> <span class='ocrx_word' id='word_1_216' title='bbox 1378 2690 1463 2746; x_wconf 87' lang='lat' dir='ltr'>ita</span> <span class='ocrx_word' id='word_1_217' title='bbox 1491 2690 1701 2747; x_wconf 83' lang='lat' dir='ltr'>validis</span> <span class='ocrx_word' id='word_1_218' title='bbox 1728 2690 1961 2747; x_wconf 88' lang='lat' dir='ltr'>incessa</span> 
     </span>
    </p>
   </div>
   <div class='ocr_carea' id='block_1_28' title="bbox 302 2776 1958 2853">
    <p class='ocr_par' dir='ltr' id='par_1_28' title="bbox 302 2776 1958 2853">
     <span class='ocr_line' id='line_1_30' title="bbox 302 2776 1958 2853; baseline 0.002 -22"><span class='ocrx_word' id='word_1_219' title='bbox 302 2776 596 2848; x_wconf 66' lang='lat' dir='ltr'>praesidiis</span> <span class='ocrx_word' id='word_1_220' title='bbox 648 2776 937 2846; x_wconf 87' lang='lat' dir='ltr'>hostium,</span> <span class='ocrx_word' id='word_1_221' title='bbox 991 2782 1057 2835; x_wconf 91' lang='lat' dir='ltr'>ut</span> <span class='ocrx_word' id='word_1_222' title='bbox 1090 2795 1293 2836; x_wconf 87' lang='lat' dir='ltr'>eorum</span> <span class='ocrx_word' id='word_1_223' title='bbox 1324 2782 1825 2853; x_wconf 80' lang='lat' dir='ltr'>recuperationem</span> <span class='ocrx_word' id='word_1_224' title='bbox 1860 2781 1958 2835; x_wconf 83' lang='lat' dir='ltr'>de-</span> 
     </span>
    </p>
   </div>
   <div class='ocr_carea' id='block_1_29' title="bbox 304 2868 1958 2943">
    <p class='ocr_par' dir='ltr' id='par_1_29' title="bbox 304 2868 1958 2943">
     <span class='ocr_line' id='line_1_31' title="bbox 304 2868 1958 2943; baseline 0.002 -22"><span class='ocrx_word' id='word_1_225' title='bbox 304 2870 596 2937; x_wconf 89' lang='lat' dir='ltr'>speratam</span> <span class='ocrx_word' id='word_1_226' title='bbox 616 2883 687 2922; x_wconf 91' lang='lat' dir='ltr'>ne</span> <span class='ocrx_word' id='word_1_227' title='bbox 703 2868 1045 2923; x_wconf 88' lang='lat' dir='ltr'>tentandam</span> <span class='ocrx_word' id='word_1_228' title='bbox 1061 2870 1299 2940; x_wconf 88' lang='lat' dir='ltr'>quidem</span> <span class='ocrx_word' id='word_1_229' title='bbox 1317 2875 1419 2925; x_wconf 89' lang='lat' dir='ltr'>aut</span> <span class='ocrx_word' id='word_1_230' title='bbox 1436 2875 1575 2927; x_wconf 91' lang='lat' dir='ltr'>tunc</span> <span class='ocrx_word' id='word_1_231' title='bbox 1588 2871 1958 2943; x_wconf 79' lang='lat' dir='ltr'>cogitandam</span> 
     </span>
    </p>
   </div>
   <div class='ocr_carea' id='block_1_30' title="bbox 309 2956 1957 3025">
    <p class='ocr_par' dir='ltr' id='par_1_30' title="bbox 309 2956 1957 3025">
     <span class='ocr_line' id='line_1_32' title="bbox 309 2956 1957 3025; baseline 0.001 -15"><span class='ocrx_word' id='word_1_232' title='bbox 309 2956 563 3011; x_wconf 83' lang='lat' dir='ltr'>Joannes</span> <span class='ocrx_word' id='word_1_233' title='bbox 582 2957 1201 3025; x_wconf 88' lang='lat' dir='ltr'>putaverit.Quantum</span> <span class='ocrx_word' id='word_1_234' title='bbox 1224 2964 1420 3014; x_wconf 90' lang='lat' dir='ltr'>autem</span> <span class='ocrx_word' id='word_1_235' title='bbox 1438 2964 1561 3015; x_wconf 89' lang='lat' dir='ltr'>erat</span> <span class='ocrx_word' id='word_1_236' title='bbox 1578 2960 1730 3015; x_wconf 90' lang='lat' dir='ltr'>circa</span> <span class='ocrx_word' id='word_1_237' title='bbox 1744 2964 1957 3015; x_wconf 81' lang='lat' dir='ltr'>Maean-</span> 
     </span>
    </p>
   </div>
   <div class='ocr_carea' id='block_1_31' title="bbox 310 3043 1959 3119">
    <p class='ocr_par' dir='ltr' id='par_1_31' title="bbox 310 3043 1959 3119">
     <span class='ocr_line' id='line_1_33' title="bbox 310 3043 1959 3119; baseline 0.003 -20"><span class='ocrx_word' id='word_1_238' title='bbox 310 3044 508 3111; x_wconf 91' lang='lat' dir='ltr'>drum,</span> <span class='ocrx_word' id='word_1_239' title='bbox 559 3043 787 3100; x_wconf 87' lang='lat' dir='ltr'>Tralles</span> <span class='ocrx_word' id='word_1_240' title='bbox 825 3061 892 3101; x_wconf 87' lang='lat' dir='ltr'>ac</span> <span class='ocrx_word' id='word_1_241' title='bbox 943 3049 1249 3118; x_wconf 81' lang='lat' dir='ltr'>Caystrum</span> <span class='ocrx_word' id='word_1_242' title='bbox 1285 3052 1342 3103; x_wconf 90' lang='lat' dir='ltr'>et</span> <span class='ocrx_word' id='word_1_243' title='bbox 1374 3049 1524 3103; x_wconf 78' lang='lat' dir='ltr'>Asiae</span> <span class='ocrx_word' id='word_1_244' title='bbox 1552 3049 1783 3119; x_wconf 88' lang='lat' dir='ltr'>intima,</span> <span class='ocrx_word' id='word_1_245' title='bbox 1818 3065 1959 3104; x_wconf 86' lang='lat' dir='ltr'>con-</span> 
     </span>
    </p>
   </div>
   <div class='ocr_carea' id='block_1_32' title="bbox 308 3131 1960 3209">
    <p class='ocr_par' dir='ltr' id='par_1_32' title="bbox 308 3131 1960 3209">
     <span class='ocr_line' id='line_1_34' title="bbox 308 3131 1960 3209; baseline 0.004 -23"><span class='ocrx_word' id='word_1_246' title='bbox 308 3131 562 3187; x_wconf 84' lang='lat' dir='ltr'>ﬁrmavit</span> <span class='ocrx_word' id='word_1_247' title='bbox 593 3140 1181 3207; x_wconf 89' lang='lat' dir='ltr'>propugnans,atque</span> <span class='ocrx_word' id='word_1_248' title='bbox 1203 3139 1268 3191; x_wconf 91' lang='lat' dir='ltr'>ut</span> <span class='ocrx_word' id='word_1_249' title='bbox 1298 3152 1500 3192; x_wconf 90' lang='lat' dir='ltr'>secure</span> <span class='ocrx_word' id='word_1_250' title='bbox 1531 3138 1782 3209; x_wconf 82' lang='lat' dir='ltr'>propriis</span> <span class='ocrx_word' id='word_1_251' title='bbox 1808 3137 1960 3193; x_wconf 91' lang='lat' dir='ltr'>indi-</span> 
     </span>
    </p>
   </div>
   <div class='ocr_carea' id='block_1_33' title="bbox 306 3221 2033 3328">
    <p class='ocr_par' dir='ltr' id='par_1_33' title="bbox 306 3221 2033 3328">
     <span class='ocr_line' id='line_1_35' title="bbox 306 3221 2033 3328; baseline 0.002 -50"><span class='ocrx_word' id='word_1_252' title='bbox 306 3221 888 3328; x_wconf 47' lang='lat' dir='ltr'>genaa‘fruerentur,</span> <span class='ocrx_word' id='word_1_253' title='bbox 948 3224 1294 3296; x_wconf 80' lang='lat' dir='ltr'>proferendo</span> <span class='ocrx_word' id='word_1_254' title='bbox 1352 3225 1507 3281; x_wconf 90' lang='lat' dir='ltr'>ultra</span> <span class='ocrx_word' id='word_1_255' title='bbox 1564 3226 1717 3282; x_wconf 89' lang='lat' dir='ltr'>bello</span> <span class='ocrx_word' id='word_1_256' title='bbox 1748 3226 1955 3282; x_wconf 71' lang='lat' dir='ltr'>effecit.</span> <span class='ocrx_word' id='word_1_257' title='bbox 1990 3261 2033 3328; x_wconf 63' lang='grc' dir='ltr'><strong>Ο</strong></span> 
     </span>
    </p>
   </div>
   <div class='ocr_carea' id='block_1_34' title="bbox 308 3311 1959 3385">
    <p class='ocr_par' dir='ltr' id='par_1_34' title="bbox 308 3311 1959 3385">
     <span class='ocr_line' id='line_1_36' title="bbox 308 3311 1959 3385; baseline 0.001 -17"><span class='ocrx_word' id='word_1_258' title='bbox 308 3311 701 3384; x_wconf 88' lang='lat' dir='ltr'>Magedonum</span> <span class='ocrx_word' id='word_1_259' title='bbox 733 3328 968 3385; x_wconf 88' lang='lat' dir='ltr'>quoque</span> <span class='ocrx_word' id='word_1_260' title='bbox 992 3317 1227 3385; x_wconf 89' lang='lat' dir='ltr'>gentem</span> <span class='ocrx_word' id='word_1_261' title='bbox 1264 3314 1527 3370; x_wconf 84' lang='lat' dir='ltr'>Romano</span> <span class='ocrx_word' id='word_1_262' title='bbox 1559 3315 1813 3371; x_wconf 81' lang='lat' dir='ltr'>asseruit</span> <span class='ocrx_word' id='word_1_263' title='bbox 1842 3315 1959 3369; x_wconf 92' lang='lat' dir='ltr'>im-</span> 
     </span>
    </p>
   </div>
   <div class='ocr_carea' id='block_1_35' title="bbox 308 3399 1966 3473">
    <p class='ocr_par' dir='ltr' id='par_1_35' title="bbox 308 3399 1966 3473">
     <span class='ocr_line' id='line_1_37' title="bbox 308 3399 1966 3473; baseline 0.002 -15"><span class='ocrx_word' id='word_1_264' title='bbox 308 3401 556 3473; x_wconf 88' lang='lat' dir='ltr'>perio,in</span> <span class='ocrx_word' id='word_1_265' title='bbox 571 3405 828 3458; x_wconf 77' lang='lat' dir='ltr'>extremo</span> <span class='ocrx_word' id='word_1_266' title='bbox 843 3406 987 3458; x_wconf 89' lang='lat' dir='ltr'>tunc</span> <span class='ocrx_word' id='word_1_267' title='bbox 1006 3403 1257 3473; x_wconf 86' lang='lat' dir='ltr'>positam</span> <span class='ocrx_word' id='word_1_268' title='bbox 1282 3403 1628 3460; x_wconf 88' lang='lat' dir='ltr'>discrimine</span> <span class='ocrx_word' id='word_1_269' title='bbox 1649 3399 1966 3461; x_wconf 80' lang='lat' dir='ltr'>deﬁciendi</span> 
     </span>
    </p>
   </div>
   <div class='ocr_carea' id='block_1_36' title="bbox 308 3488 1965 3562">
    <p class='ocr_par' dir='ltr' id='par_1_36' title="bbox 308 3488 1965 3562">
     <span class='ocr_line' id='line_1_38' title="bbox 308 3488 1965 3562; baseline 0.003 -18"><span class='ocrx_word' id='word_1_270' title='bbox 308 3488 381 3544; x_wconf 91' lang='lat' dir='ltr'>ad</span> <span class='ocrx_word' id='word_1_271' title='bbox 417 3488 615 3546; x_wconf 84' lang='lat' dir='ltr'>Persas</span> <span class='ocrx_word' id='word_1_272' title='bbox 646 3494 750 3546; x_wconf 89' lang='lat' dir='ltr'>aut</span> <span class='ocrx_word' id='word_1_273' title='bbox 784 3489 932 3562; x_wconf 88' lang='lat' dir='ltr'>ipsis</span> <span class='ocrx_word' id='word_1_274' title='bbox 964 3491 1965 3550; x_wconf 87' lang='lat' dir='ltr'>succumbendi.Laborabantenim</span> 
     </span>
    </p>
   </div>
   <div class='ocr_carea' id='block_1_37' title="bbox 307 3577 1968 3656">
    <p class='ocr_par' dir='ltr' id='par_1_37' title="bbox 307 3577 1968 3656">
     <span class='ocr_line' id='line_1_39' title="bbox 307 3577 1968 3656; baseline 0.004 -23"><span class='ocrx_word' id='word_1_275' title='bbox 307 3577 546 3634; x_wconf 91' lang='lat' dir='ltr'>illorum</span> <span class='ocrx_word' id='word_1_276' title='bbox 601 3594 717 3647; x_wconf 86' lang='lat' dir='ltr'>res,</span> <span class='ocrx_word' id='word_1_277' title='bbox 765 3578 1065 3651; x_wconf 84' lang='lat' dir='ltr'>plerisque</span> <span class='ocrx_word' id='word_1_278' title='bbox 1122 3579 1361 3637; x_wconf 90' lang='lat' dir='ltr'>illorum</span> <span class='ocrx_word' id='word_1_279' title='bbox 1394 3583 1645 3638; x_wconf 86' lang='lat' dir='ltr'>evocatis</span> <span class='ocrx_word' id='word_1_280' title='bbox 1677 3584 1750 3638; x_wconf 90' lang='lat' dir='ltr'>ab</span> <span class='ocrx_word' id='word_1_281' title='bbox 1782 3584 1968 3656; x_wconf 87' lang='lat' dir='ltr'>impe-</span> 
     </span>
    </p>
   </div>
   <div class='ocr_carea' id='block_1_38' title="bbox 309 3666 1966 3729">
    <p class='ocr_par' dir='ltr' id='par_1_38' title="bbox 309 3666 1966 3729">
     <span class='ocr_line' id='line_1_40' title="bbox 309 3666 1966 3729; baseline 0.003 -7"><span class='ocrx_word' id='word_1_282' title='bbox 309 3670 502 3722; x_wconf 90' lang='lat' dir='ltr'>ratore</span> <span class='ocrx_word' id='word_1_283' title='bbox 548 3669 607 3723; x_wconf 91' lang='lat' dir='ltr'>et</span> <span class='ocrx_word' id='word_1_284' title='bbox 649 3666 968 3723; x_wconf 87' lang='lat' dir='ltr'>militatum</span> <span class='ocrx_word' id='word_1_285' title='bbox 1029 3667 1231 3725; x_wconf 83' lang='lat' dir='ltr'>missis</span> <span class='ocrx_word' id='word_1_286' title='bbox 1261 3673 1467 3726; x_wconf 92' lang='lat' dir='ltr'>contra</span> <span class='ocrx_word' id='word_1_287' title='bbox 1498 3671 1694 3727; x_wconf 91' lang='lat' dir='ltr'>hostes</span> <span class='ocrx_word' id='word_1_288' title='bbox 1727 3672 1966 3729; x_wconf 85' lang='lat' dir='ltr'>Occidui</span> 
     </span>
    </p>
   </div>
   <div class='ocr_carea' id='block_1_39' title="bbox 313 3753 1966 3834">
    <p class='ocr_par' dir='ltr' id='par_1_39' title="bbox 313 3753 1966 3834">
     <span class='ocr_line' id='line_1_41' title="bbox 313 3753 1966 3834; baseline 0.005 -23"><span class='ocrx_word' id='word_1_289' title='bbox 313 3753 544 3821; x_wconf 86' lang='lat' dir='ltr'>limitis,</span> <span class='ocrx_word' id='word_1_290' title='bbox 576 3754 778 3827; x_wconf 87' lang='lat' dir='ltr'>ibique</span> <span class='ocrx_word' id='word_1_291' title='bbox 805 3757 1078 3829; x_wconf 75' lang='lat' dir='ltr'>praesidio</span> <span class='ocrx_word' id='word_1_292' title='bbox 1112 3758 1354 3824; x_wconf 84' lang='lat' dir='ltr'>relictis,</span> <span class='ocrx_word' id='word_1_293' title='bbox 1388 3759 1604 3816; x_wconf 90' lang='lat' dir='ltr'>idcirco</span> <span class='ocrx_word' id='word_1_294' title='bbox 1638 3764 1794 3834; x_wconf 91' lang='lat' dir='ltr'>quod</span> <span class='ocrx_word' id='word_1_295' title='bbox 1836 3763 1966 3834; x_wconf 87' lang='lat' dir='ltr'>ejus</span> 
     </span>
    </p>
   </div>
   <div class='ocr_carea' id='block_1_40' title="bbox 315 3844 1968 3923">
    <p class='ocr_par' dir='ltr' id='par_1_40' title="bbox 315 3844 1968 3923">
     <span class='ocr_line' id='line_1_42' title="bbox 315 3844 1968 3923; baseline 0.005 -25"><span class='ocrx_word' id='word_1_296' title='bbox 315 3844 573 3917; x_wconf 84' lang='lat' dir='ltr'>generis,</span> <span class='ocrx_word' id='word_1_297' title='bbox 604 3847 807 3916; x_wconf 87' lang='lat' dir='ltr'>utpote</span> <span class='ocrx_word' id='word_1_298' title='bbox 838 3846 1094 3902; x_wconf 88' lang='lat' dir='ltr'>arcubus</span> <span class='ocrx_word' id='word_1_299' title='bbox 1125 3846 1483 3916; x_wconf 88' lang='lat' dir='ltr'>peritissime</span> <span class='ocrx_word' id='word_1_300' title='bbox 1514 3850 1755 3919; x_wconf 87' lang='lat' dir='ltr'>utentis,</span> <span class='ocrx_word' id='word_1_301' title='bbox 1791 3868 1968 3923; x_wconf 74' lang='lat' dir='ltr'>opera</span> 
     </span>
    </p>
   </div>
   <div class='ocr_carea' id='block_1_41' title="bbox 322 3932 1967 4012">
    <p class='ocr_par' dir='ltr' id='par_1_41' title="bbox 322 3932 1967 4012">
     <span class='ocr_line' id='line_1_43' title="bbox 322 3932 1967 4012; baseline 0.005 -24"><span class='ocrx_word' id='word_1_302' title='bbox 322 3933 384 3988; x_wconf 89' lang='lat' dir='ltr'>in</span> <span class='ocrx_word' id='word_1_303' title='bbox 418 3932 861 3990; x_wconf 86' lang='lat' dir='ltr'>velitationibus</span> <span class='ocrx_word' id='word_1_304' title='bbox 893 3940 952 3991; x_wconf 90' lang='lat' dir='ltr'>et</span> <span class='ocrx_word' id='word_1_305' title='bbox 981 3935 1198 4007; x_wconf 71' lang='lat' dir='ltr'>prtsliis</span> <span class='ocrx_word' id='word_1_306' title='bbox 1228 3936 1586 3994; x_wconf 89' lang='lat' dir='ltr'>laudaretur.</span> <span class='ocrx_word' id='word_1_307' title='bbox 1624 3942 1764 3995; x_wconf 90' lang='lat' dir='ltr'>Inde</span> <span class='ocrx_word' id='word_1_308' title='bbox 1798 3957 1967 4012; x_wconf 89' lang='lat' dir='ltr'>porro</span> 
     </span>
    </p>
   </div>
   <div class='ocr_carea' id='block_1_42' title="bbox 312 4023 1964 4099">
    <p class='ocr_par' dir='ltr' id='par_1_42' title="bbox 312 4023 1964 4099">
     <span class='ocr_line' id='line_1_44' title="bbox 312 4023 1964 4099; baseline 0.005 -21"><span class='ocrx_word' id='word_1_309' title='bbox 312 4023 533 4078; x_wconf 86' lang='lat' dir='ltr'>factum</span> <span class='ocrx_word' id='word_1_310' title='bbox 584 4027 652 4079; x_wconf 91' lang='lat' dir='ltr'>ut</span> <span class='ocrx_word' id='word_1_311' title='bbox 699 4023 877 4080; x_wconf 90' lang='lat' dir='ltr'>vicini</span> <span class='ocrx_word' id='word_1_312' title='bbox 928 4023 1134 4092; x_wconf 72' lang='lat' dir='ltr'>Persae,</span> <span class='ocrx_word' id='word_1_313' title='bbox 1193 4025 1295 4098; x_wconf 91' lang='lat' dir='ltr'>qui</span> <span class='ocrx_word' id='word_1_314' title='bbox 1330 4026 1552 4099; x_wconf 89' lang='lat' dir='ltr'>alioqui</span> <span class='ocrx_word' id='word_1_315' title='bbox 1586 4045 1964 4086; x_wconf 88' lang='lat' dir='ltr'>numerosam</span> 
     </span>
    </p>
   </div>
   <div class='ocr_carea' id='block_1_43' title="bbox 312 4110 1966 4184">
    <p class='ocr_par' dir='ltr' id='par_1_43' title="bbox 312 4110 1966 4184">
     <span class='ocr_line' id='line_1_45' title="bbox 312 4110 1966 4184; baseline 0.005 -16"><span class='ocrx_word' id='word_1_316' title='bbox 312 4110 609 4168; x_wconf 89' lang='lat' dir='ltr'>nationem</span> <span class='ocrx_word' id='word_1_317' title='bbox 623 4113 1372 4184; x_wconf 83' lang='lat' dir='ltr'>sagittandiexercilatione</span> <span class='ocrx_word' id='word_1_318' title='bbox 1395 4117 1827 4175; x_wconf 82' lang='lat' dir='ltr'>formidabilem</span> <span class='ocrx_word' id='word_1_319' title='bbox 1853 4137 1966 4176; x_wconf 90' lang='lat' dir='ltr'>non</span> 
     </span>
    </p>
   </div>
   <div class='ocr_carea' id='block_1_44' title="bbox 313 4200 1966 4273">
    <p class='ocr_par' dir='ltr' id='par_1_44' title="bbox 313 4200 1966 4273">
     <span class='ocr_line' id='line_1_46' title="bbox 313 4200 1966 4273; baseline 0.005 -18"><span class='ocrx_word' id='word_1_320' title='bbox 313 4204 535 4257; x_wconf 78' lang='lat' dir='ltr'>temere</span> <span class='ocrx_word' id='word_1_321' title='bbox 557 4200 1097 4273; x_wconf 88' lang='lat' dir='ltr'>lacesserent,nunc</span> <span class='ocrx_word' id='word_1_322' title='bbox 1117 4220 1245 4259; x_wconf 89' lang='lat' dir='ltr'>eam</span> <span class='ocrx_word' id='word_1_323' title='bbox 1266 4204 1591 4262; x_wconf 88' lang='lat' dir='ltr'>delectibus</span> <span class='ocrx_word' id='word_1_324' title='bbox 1617 4207 1966 4265; x_wconf 86' lang='lat' dir='ltr'>exhaustam</span> 
     </span>
    </p>
   </div>
   <div class='ocr_carea' id='block_1_45' title="bbox 317 4290 1967 4363">
    <p class='ocr_par' dir='ltr' id='par_1_45' title="bbox 317 4290 1967 4363">
     <span class='ocr_line' id='line_1_47' title="bbox 317 4290 1967 4363; baseline 0.005 -16"><span class='ocrx_word' id='word_1_325' title='bbox 317 4290 607 4363; x_wconf 90' lang='lat' dir='ltr'>imparem</span> <span class='ocrx_word' id='word_1_326' title='bbox 639 4291 712 4347; x_wconf 92' lang='lat' dir='ltr'>ob</span> <span class='ocrx_word' id='word_1_327' title='bbox 745 4293 1101 4363; x_wconf 86' lang='lat' dir='ltr'>paucitatem</span> <span class='ocrx_word' id='word_1_328' title='bbox 1125 4293 1456 4363; x_wconf 89' lang='lat' dir='ltr'>juventutis</span> <span class='ocrx_word' id='word_1_329' title='bbox 1488 4295 1616 4353; x_wconf 89' lang='lat' dir='ltr'>suis</span> <span class='ocrx_word' id='word_1_330' title='bbox 1646 4296 1967 4356; x_wconf 90' lang='lat' dir='ltr'>insultibus</span> 
     </span>
    </p>
   </div>
   <div class='ocr_carea' id='block_1_46' title="bbox 316 4379 1966 4461">
    <p class='ocr_par' dir='ltr' id='par_1_46' title="bbox 316 4379 1966 4461">
     <span class='ocr_line' id='line_1_48' title="bbox 316 4379 1966 4461; baseline 0.006 -26"><span class='ocrx_word' id='word_1_331' title='bbox 316 4379 431 4435; x_wconf 90' lang='lat' dir='ltr'>rati</span> <span class='ocrx_word' id='word_1_332' title='bbox 492 4380 772 4436; x_wconf 89' lang='lat' dir='ltr'>audacter</span> <span class='ocrx_word' id='word_1_333' title='bbox 801 4381 1164 4450; x_wconf 88' lang='lat' dir='ltr'>invaderent,</span> <span class='ocrx_word' id='word_1_334' title='bbox 1218 4382 1375 4438; x_wconf 90' lang='lat' dir='ltr'>haud</span> <span class='ocrx_word' id='word_1_335' title='bbox 1435 4384 1613 4441; x_wconf 90' lang='lat' dir='ltr'>dubie</span> <span class='ocrx_word' id='word_1_336' title='bbox 1639 4388 1966 4461; x_wconf 90' lang='lat' dir='ltr'>subacturi,</span> 
     </span>
    </p>
   </div>
   <div class='ocr_carea' id='block_1_47' title="bbox 319 4468 1966 4548">
    <p class='ocr_par' dir='ltr' id='par_1_47' title="bbox 319 4468 1966 4548">
     <span class='ocr_line' id='line_1_49' title="bbox 319 4468 1966 4548; baseline 0.006 -25"><span class='ocrx_word' id='word_1_337' title='bbox 319 4468 828 4539; x_wconf 86' lang='lat' dir='ltr'>despondentibus</span> <span class='ocrx_word' id='word_1_338' title='bbox 850 4469 980 4541; x_wconf 89' lang='lat' dir='ltr'>jam</span> <span class='ocrx_word' id='word_1_339' title='bbox 1012 4470 1245 4526; x_wconf 88' lang='lat' dir='ltr'>animos</span> <span class='ocrx_word' id='word_1_340' title='bbox 1276 4472 1499 4542; x_wconf 81' lang='lat' dir='ltr'>exiguis</span> <span class='ocrx_word' id='word_1_341' title='bbox 1526 4473 1645 4530; x_wconf 91' lang='lat' dir='ltr'>illis</span> <span class='ocrx_word' id='word_1_342' title='bbox 1677 4476 1966 4548; x_wconf 86' lang='lat' dir='ltr'>reliquiis,</span> 
     </span>
    </p>
   </div>
   <div class='ocr_carea' id='block_1_48' title="bbox 320 4556 1971 4638">
    <p class='ocr_par' dir='ltr' id='par_1_48' title="bbox 320 4556 1971 4638">
     <span class='ocr_line' id='line_1_50' title="bbox 320 4556 1971 4638; baseline 0.007 -27"><span class='ocrx_word' id='word_1_343' title='bbox 320 4556 382 4612; x_wconf 89' lang='lat' dir='ltr'>ni</span> <span class='ocrx_word' id='word_1_344' title='bbox 414 4573 448 4612; x_wconf 89' lang='lat' dir='ltr'>a</span> <span class='ocrx_word' id='word_1_345' title='bbox 474 4559 699 4613; x_wconf 86' lang='lat' dir='ltr'>Joanne</span> <span class='ocrx_word' id='word_1_346' title='bbox 727 4558 975 4628; x_wconf 90' lang='lat' dir='ltr'>despota</span> <span class='ocrx_word' id='word_1_347' title='bbox 1004 4559 1516 4630; x_wconf 85' lang='lat' dir='ltr'>confirmarentur,</span> <span class='ocrx_word' id='word_1_348' title='bbox 1548 4580 1688 4620; x_wconf 90' lang='lat' dir='ltr'>auro</span> <span class='ocrx_word' id='word_1_349' title='bbox 1720 4566 1882 4638; x_wconf 89' lang='lat' dir='ltr'>ipsos</span> <span class='ocrx_word' id='word_1_350' title='bbox 1914 4572 1971 4622; x_wconf 90' lang='lat' dir='ltr'>et</span> 
     </span>
    </p>
   </div>
   <div class='ocr_carea' id='block_1_49' title="bbox 2041 604 3699 687">
    <p class='ocr_par' dir='ltr' id='par_1_49' title="bbox 2041 604 3699 687">
     <span class='ocr_line' id='line_1_51' title="bbox 2041 604 3699 687; baseline -0.007 -17"><span class='ocrx_word' id='word_1_351' title='bbox 2041 614 2377 675; x_wconf 74' lang='grc' dir='ltr'>ἱκετεύοντας</span> <span class='ocrx_word' id='word_1_352' title='bbox 2437 609 2825 687; x_wconf 74' lang='grc' dir='ltr'>προσεδέχετο,</span> <span class='ocrx_word' id='word_1_353' title='bbox 2856 610 2946 664; x_wconf 81' lang='grc' dir='ltr'>καὶ</span> <span class='ocrx_word' id='word_1_354' title='bbox 2995 606 3175 685; x_wconf 79' lang='grc' dir='ltr'>σφίσιν</span> <span class='ocrx_word' id='word_1_355' title='bbox 3233 605 3395 681; x_wconf 79' lang='grc' dir='ltr'>ὅρους</span> <span class='ocrx_word' id='word_1_356' title='bbox 3428 604 3614 675; x_wconf 79' lang='grc' dir='ltr'>ἐτίθει,</span> <span class='ocrx_word' id='word_1_357' title='bbox 3647 605 3699 667; x_wconf 88' lang='grc' dir='ltr'>ἐς</span> 
     </span>
    </p>
   </div>
   <div class='ocr_carea' id='block_1_50' title="bbox 2039 691 3699 773">
    <p class='ocr_par' dir='ltr' id='par_1_50' title="bbox 2039 691 3699 773">
     <span class='ocr_line' id='line_1_52' title="bbox 2039 691 3699 773; baseline -0.007 -13"><span class='ocrx_word' id='word_1_358' title='bbox 2039 704 2240 760; x_wconf 80' lang='grc' dir='ltr'>ὁπόσον</span> <span class='ocrx_word' id='word_1_359' title='bbox 2301 704 2359 759; x_wconf 76' lang='grc' dir='ltr'>ἂν</span> <span class='ocrx_word' id='word_1_360' title='bbox 2419 702 2508 758; x_wconf 85' lang='grc' dir='ltr'>καὶ</span> <span class='ocrx_word' id='word_1_361' title='bbox 2582 702 2851 769; x_wconf 73' lang='grc' dir='ltr'>κινηθεῖεν</span> <span class='ocrx_word' id='word_1_362' title='bbox 2933 691 3492 773; x_wconf 76' lang='grc' dir='ltr'>προσκαταϐαίνοντες</span> <span class='ocrx_word' id='word_1_363' title='bbox 3579 699 3699 758; x_wconf 87' lang='grc' dir='ltr'>ταῖς</span> 
     </span>
    </p>
   </div>
   <div class='ocr_carea' id='block_1_51' title="bbox 2040 784 3700 866">
    <p class='ocr_par' dir='ltr' id='par_1_51' title="bbox 2040 784 3700 866">
     <span class='ocr_line' id='line_1_53' title="bbox 2040 784 3700 866; baseline -0.007 -16"><span class='ocrx_word' id='word_1_364' title='bbox 2040 799 2285 865; x_wconf 86' lang='grc' dir='ltr'>σκηναῖς,</span> <span class='ocrx_word' id='word_1_365' title='bbox 2311 795 2387 855; x_wconf 84' lang='grc' dir='ltr'>ὡς</span> <span class='ocrx_word' id='word_1_366' title='bbox 2439 793 2533 854; x_wconf 79' lang='grc' dir='ltr'>τὰς</span> <span class='ocrx_word' id='word_1_367' title='bbox 2594 791 2847 866; x_wconf 80' lang='grc' dir='ltr'>μεγίστας</span> <span class='ocrx_word' id='word_1_368' title='bbox 2904 787 3172 849; x_wconf 87' lang='grc' dir='ltr'>δώσοντες</span> <span class='ocrx_word' id='word_1_369' title='bbox 3232 784 3404 853; x_wconf 81' lang='grc' dir='ltr'>δίκας,</span> <span class='ocrx_word' id='word_1_370' title='bbox 3440 785 3487 839; x_wconf 79' lang='grc' dir='ltr'>εἷ</span> <span class='ocrx_word' id='word_1_371' title='bbox 3526 804 3700 859; x_wconf 87' lang='grc' dir='ltr'>παρα-</span> 
     </span>
    </p>
   </div>
   <div class='ocr_carea' id='block_1_52' title="bbox 2040 875 3695 955">
    <p class='ocr_par' dir='ltr' id='par_1_52' title="bbox 2040 875 3695 955">
     <span class='ocr_line' id='line_1_54' title="bbox 2040 875 3695 955; baseline -0.005 -17"><span class='ocrx_word' id='word_1_372' title='bbox 2040 882 2346 940; x_wconf 81' lang='grc' dir='ltr'>σπονδοῖεν.</span> <span class='ocrx_word' id='word_1_373' title='bbox 2382 881 2486 939; x_wconf 88' lang='grc' dir='ltr'>Καὶ</span> <span class='ocrx_word' id='word_1_374' title='bbox 2541 880 2682 936; x_wconf 75' lang='grc' dir='ltr'>οὕτω</span> <span class='ocrx_word' id='word_1_375' title='bbox 2747 881 2842 955; x_wconf 75' lang='grc' dir='ltr'>μὶν</span> <span class='ocrx_word' id='word_1_376' title='bbox 2887 879 2914 933; x_wconf 88' lang='grc' dir='ltr'>ὁ</span> <span class='ocrx_word' id='word_1_377' title='bbox 2973 876 3241 946; x_wconf 83' lang='grc' dir='ltr'>δεσπότης</span> <span class='ocrx_word' id='word_1_378' title='bbox 3293 876 3363 931; x_wconf 77' lang='grc' dir='ltr'>τὰ</span> <span class='ocrx_word' id='word_1_379' title='bbox 3403 875 3539 930; x_wconf 85' lang='grc' dir='ltr'>κατὰ</span> <span class='ocrx_word' id='word_1_380' title='bbox 3593 876 3695 944; x_wconf 74' lang='grc' dir='ltr'>τὴν</span> 
     </span>
    </p>
   </div>
   <div class='ocr_carea' id='block_1_53' title="bbox 2037 959 3700 1046">
    <p class='ocr_par' dir='ltr' id='par_1_53' title="bbox 2037 959 3700 1046">
     <span class='ocr_line' id='line_1_55' title="bbox 2037 959 3700 1046; baseline -0.007 -17"><span class='ocrx_word' id='word_1_381' title='bbox 2037 974 2113 1030; x_wconf 69' lang='grc' dir='ltr'>’ἐω</span> <span class='ocrx_word' id='word_1_382' title='bbox 2164 975 2430 1029; x_wconf 81' lang='grc' dir='ltr'>καθιστῶν</span> <span class='ocrx_word' id='word_1_383' title='bbox 2488 978 2590 1040; x_wconf 80' lang='grc' dir='ltr'>τῆς</span> <span class='ocrx_word' id='word_1_384' title='bbox 2646 970 2915 1046; x_wconf 71' lang='grc' dir='ltr'>προτέρας</span> <span class='ocrx_word' id='word_1_385' title='bbox 2974 964 3307 1041; x_wconf 81' lang='grc' dir='ltr'>δυσκληρίας</span> <span class='ocrx_word' id='word_1_386' title='bbox 3353 959 3700 1038; x_wconf 78' lang='grc' dir='ltr'>ἀνελάμϐανε</span> 
     </span>
    </p>
   </div>
   <div class='ocr_carea' id='block_1_54' title="bbox 2040 1051 3695 1136">
    <p class='ocr_par' dir='ltr' id='par_1_54' title="bbox 2040 1051 3695 1136">
     <span class='ocr_line' id='line_1_56' title="bbox 2040 1051 3695 1136; baseline -0.007 -18"><span class='ocrx_word' id='word_1_387' title='bbox 2040 1062 2167 1125; x_wconf 73' lang='grc' dir='ltr'>τοὺς</span> <span class='ocrx_word' id='word_1_388' title='bbox 2214 1061 2347 1129; x_wconf 87' lang='grc' dir='ltr'>ἐκεῖ,</span> <span class='ocrx_word' id='word_1_389' title='bbox 2394 1060 2485 1116; x_wconf 85' lang='grc' dir='ltr'>καὶ</span> <span class='ocrx_word' id='word_1_390' title='bbox 2545 1060 2761 1136; x_wconf 70' lang='grc' dir='ltr'>θαρρεῖν</span> <span class='ocrx_word' id='word_1_391' title='bbox 2806 1062 3068 1134; x_wconf 86' lang='grc' dir='ltr'>παρεῖχεν</span> <span class='ocrx_word' id='word_1_392' title='bbox 3120 1051 3314 1125; x_wconf 75' lang='grc' dir='ltr'>ἆνὲδην</span> <span class='ocrx_word' id='word_1_393' title='bbox 3364 1054 3461 1116; x_wconf 83' lang='grc' dir='ltr'>τὰς</span> <span class='ocrx_word' id='word_1_394' title='bbox 3520 1052 3695 1108; x_wconf 80' lang='grc' dir='ltr'>αὐτῶν</span> 
     </span>
    </p>
   </div>
   <div class='ocr_carea' id='block_1_55' title="bbox 2041 1149 2819 1228">
    <p class='ocr_par' dir='ltr' id='par_1_55' title="bbox 2041 1149 2819 1228">
     <span class='ocr_line' id='line_1_57' title="bbox 2041 1149 2819 1228; baseline 0 -22"><span class='ocrx_word' id='word_1_395' title='bbox 2041 1155 2419 1228; x_wconf 79' lang='grc' dir='ltr'>γεωργοῦντας</span> <span class='ocrx_word' id='word_1_396' title='bbox 2446 1149 2819 1225; x_wconf 84' lang='grc' dir='ltr'>καρπίζεσθαι.</span> 
     </span>
    </p>
   </div>
   <div class='ocr_carea' id='block_1_56' title="bbox 2041 1260 3704 1388">
    <p class='ocr_par' dir='ltr' id='par_1_56' title="bbox 2041 1260 3704 1388">
     <span class='ocr_line' id='line_1_58' title="bbox 2041 1260 3704 1388; baseline -0.006 -65"><span class='ocrx_word' id='word_1_397' title='bbox 2041 1270 2149 1344; x_wconf 89' lang='grc' dir='ltr'>κβ’.</span> <span class='ocrx_word' id='word_1_398' title='bbox 2202 1270 2388 1329; x_wconf 84' lang='grc' dir='ltr'>Ὅπως</span> <span class='ocrx_word' id='word_1_399' title='bbox 2464 1265 2636 1321; x_wconf 81' lang='grc' dir='ltr'>ἐνόσει</span> <span class='ocrx_word' id='word_1_400' title='bbox 2709 1262 3072 1339; x_wconf 85' lang='grc' dir='ltr'>ἀπολλύμενα</span> <span class='ocrx_word' id='word_1_401' title='bbox 3126 1262 3195 1318; x_wconf 77' lang='grc' dir='ltr'>τὰ</span> <span class='ocrx_word' id='word_1_402' title='bbox 3246 1261 3384 1317; x_wconf 86' lang='grc' dir='ltr'>κατά</span> <span class='ocrx_word' id='word_1_403' title='bbox 3440 1260 3704 1388; x_wconf 49' lang='lat' dir='ltr'>Maium-</span> 
     </span>
     <span class='ocr_line' id='line_1_59' title="bbox 2114 1334 3704 1388; baseline 0 0"><span class='ocrx_word' id='word_1_404' title='bbox 2114 1337 2338 1388; x_wconf 56' lang='lat' dir='ltr'>amate-</span> <span class='ocrx_word' id='word_1_405' title='bbox 2396 1339 2465 1388; x_wconf 79' lang='grc' dir='ltr'>τὰ</span> <span class='ocrx_word' id='word_1_406' title='bbox 2542 1336 2925 1388; x_wconf 72' lang='grc' dir='ltr'>Βουκελλάοιᾶ</span> <span class='ocrx_word' id='word_1_407' title='bbox 3002 1357 3059 1388; x_wconf 87' lang='grc' dir='ltr'>τε</span> <span class='ocrx_word' id='word_1_408' title='bbox 3138 1334 3230 1388; x_wconf 78' lang='grc' dir='ltr'>καὶ</span> <span class='ocrx_word' id='word_1_409' title='bbox 3309 1336 3344 1388; x_wconf 68' lang='grc' dir='ltr'>ἢ</span> <span class='ocrx_word' id='word_1_410' title='bbox 3408 1339 3527 1388; x_wconf 77' lang='grc' dir='ltr'>Παω</span> <span class='ocrx_word' id='word_1_411' title='bbox 3573 1352 3704 1388; x_wconf 81' lang='grc' dir='ltr'>αγο-</span> 
     </span>
    </p>
   </div>
   <div class='ocr_carea' id='block_1_57' title="bbox 2114 1334 3706 1467">
    <p class='ocr_par' dir='ltr' id='par_1_57' title="bbox 2114 1334 3706 1467">
     <span class='ocr_line' id='line_1_60' title="bbox 2114 1334 3706 1467; baseline -0.004 -73"><span class='ocrx_word' id='word_1_412' title='bbox 2114 1337 2339 1467; x_wconf 59' lang='grc' dir='ltr'>δῖλνοὺς,</span> <span class='ocrx_word' id='word_1_413' title='bbox 2396 1339 2465 1394; x_wconf 81' lang='grc' dir='ltr'>τὰ</span> <span class='ocrx_word' id='word_1_414' title='bbox 2542 1334 2949 1415; x_wconf 73' lang='grc' dir='ltr'>Βουκελλάριᾶ’</span> <span class='ocrx_word' id='word_1_415' title='bbox 3002 1357 3059 1391; x_wconf 90' lang='grc' dir='ltr'>τε</span> <span class='ocrx_word' id='word_1_416' title='bbox 3138 1334 3230 1390; x_wconf 82' lang='grc' dir='ltr'>καὶ</span> <span class='ocrx_word' id='word_1_417' title='bbox 3309 1336 3345 1403; x_wconf 81' lang='grc' dir='ltr'><strong>ἡ</strong></span> <span class='ocrx_word' id='word_1_418' title='bbox 3408 1334 3706 1410; x_wconf 78' lang='grc' dir='ltr'>Παφλαγο-</span> 
     </span>
     <span class='ocr_line' id='line_1_61' title="bbox 2114 1433 2221 1467; baseline 0.009 -1"><span class='ocrx_word' id='word_1_419' title='bbox 2114 1433 2221 1467; x_wconf 91' lang='grc' dir='ltr'>να.</span> 
     </span>
    </p>
   </div>
   <div class='ocr_carea' id='block_1_58' title="bbox 2111 1433 2221 1468">
    <p class='ocr_par' dir='ltr' id='par_1_58' title="bbox 2111 1433 2221 1468">
     <span class='ocr_line' id='line_1_62' title="bbox 2111 1433 2221 1468; baseline 0.018 -2"><span class='ocrx_word' id='word_1_420' title='bbox 2111 1433 2221 1468; x_wconf 87' lang='grc' dir='ltr'>νια.</span> 
     </span>
    </p>
   </div>
   <div class='ocr_carea' id='block_1_59' title="bbox 2115 1503 3700 1585">
    <p class='ocr_par' dir='ltr' id='par_1_59' title="bbox 2115 1503 3700 1585">
     <span class='ocr_line' id='line_1_63' title="bbox 2115 1503 3700 1585; baseline -0.008 -18"><span class='ocrx_word' id='word_1_421' title='bbox 2115 1513 2200 1585; x_wconf 84' lang='grc' dir='ltr'>[Ρ.</span> <span class='ocrx_word' id='word_1_422' title='bbox 2242 1511 2359 1583; x_wconf 63' lang='grc' dir='ltr'>14η</span> <span class='ocrx_word' id='word_1_423' title='bbox 2392 1510 2597 1564; x_wconf 84' lang='grc' dir='ltr'>Ἐνόσει</span> <span class='ocrx_word' id='word_1_424' title='bbox 2630 1506 2687 1563; x_wconf 72' lang='grc' dir='ltr'>δὲ</span> <span class='ocrx_word' id='word_1_425' title='bbox 2715 1507 2783 1563; x_wconf 73' lang='grc' dir='ltr'>τὰ</span> <span class='ocrx_word' id='word_1_426' title='bbox 2810 1512 2915 1563; x_wconf 82' lang='grc' dir='ltr'>τῶν</span> <span class='ocrx_word' id='word_1_427' title='bbox 2967 1503 3389 1579; x_wconf 86' lang='grc' dir='ltr'>Βουκελλαρίων</span> <span class='ocrx_word' id='word_1_428' title='bbox 3442 1509 3700 1575; x_wconf 77' lang='grc' dir='ltr'>Μαρυαν-</span> 
     </span>
    </p>
   </div>
   <div class='ocr_carea' id='block_1_60' title="bbox 2045 1588 3707 1672">
    <p class='ocr_par' dir='ltr' id='par_1_60' title="bbox 2045 1588 3707 1672">
     <span class='ocr_line' id='line_1_64' title="bbox 2045 1588 3707 1672; baseline -0.005 -18"><span class='ocrx_word' id='word_1_429' title='bbox 2045 1598 2223 1671; x_wconf 81' lang='grc' dir='ltr'>δηνῶν</span> <span class='ocrx_word' id='word_1_430' title='bbox 2277 1620 2335 1654; x_wconf 92' lang='grc' dir='ltr'>τε</span> <span class='ocrx_word' id='word_1_431' title='bbox 2391 1598 2481 1653; x_wconf 84' lang='grc' dir='ltr'>καὶ</span> <span class='ocrx_word' id='word_1_432' title='bbox 2540 1593 2910 1672; x_wconf 78' lang='grc' dir='ltr'>Παφλαγόνων</span> <span class='ocrx_word' id='word_1_433' title='bbox 2944 1597 3032 1651; x_wconf 73' lang='grc' dir='ltr'>καὶ</span> <span class='ocrx_word' id='word_1_434' title='bbox 3075 1594 3197 1650; x_wconf 87' lang='grc' dir='ltr'>λίαν</span> <span class='ocrx_word' id='word_1_435' title='bbox 3229 1593 3490 1669; x_wconf 75' lang='grc' dir='ltr'>οἷ’κτρῶς.</span> <span class='ocrx_word' id='word_1_436' title='bbox 3525 1592 3596 1646; x_wconf 88' lang='grc' dir='ltr'>Τὸ</span> <span class='ocrx_word' id='word_1_437' title='bbox 3660 1588 3707 1645; x_wconf 85' lang='grc' dir='ltr'>δ’</span> 
     </span>
    </p>
   </div>
   <div class='ocr_carea' id='block_1_61' title="bbox 2044 1678 3708 1761">
    <p class='ocr_par' dir='ltr' id='par_1_61' title="bbox 2044 1678 3708 1761">
     <span class='ocr_line' id='line_1_65' title="bbox 2044 1678 3708 1761; baseline -0.006 -18"><span class='ocrx_word' id='word_1_438' title='bbox 2044 1686 2218 1743; x_wconf 78' lang='grc' dir='ltr'>αἶ’τιον</span> <span class='ocrx_word' id='word_1_439' title='bbox 2253 1689 2336 1741; x_wconf 79' lang='grc' dir='ltr'>ὅτι</span> <span class='ocrx_word' id='word_1_440' title='bbox 2386 1691 2483 1741; x_wconf 73' lang='grc' dir='ltr'>τοῦ</span> <span class='ocrx_word' id='word_1_441' title='bbox 2540 1690 2867 1761; x_wconf 71' lang='grc' dir='ltr'>κρατοῦντος</span> <span class='ocrx_word' id='word_1_442' title='bbox 2913 1685 2980 1739; x_wconf 81' lang='grc' dir='ltr'>τὰ</span> <span class='ocrx_word' id='word_1_443' title='bbox 3027 1678 3494 1757; x_wconf 79' lang='grc' dir='ltr'>τεθησαυρισμένα</span> <span class='ocrx_word' id='word_1_444' title='bbox 3545 1699 3708 1749; x_wconf 86' lang='grc' dir='ltr'>σκορ-</span> 
     </span>
    </p>
   </div>
   <div class='ocr_carea' id='block_1_62' title="bbox 2043 1768 3710 1849">
    <p class='ocr_par' dir='ltr' id='par_1_62' title="bbox 2043 1768 3710 1849">
     <span class='ocr_line' id='line_1_66' title="bbox 2043 1768 3710 1849; baseline -0.006 -18"><span class='ocrx_word' id='word_1_445' title='bbox 2043 1779 2304 1838; x_wconf 89' lang='grc' dir='ltr'>πίσαντος</span> <span class='ocrx_word' id='word_1_446' title='bbox 2330 1774 2469 1831; x_wconf 75' lang='grc' dir='ltr'>κατά</span> <span class='ocrx_word' id='word_1_447' title='bbox 2521 1795 2580 1831; x_wconf 91' lang='grc' dir='ltr'>τε</span> <span class='ocrx_word' id='word_1_448' title='bbox 2635 1772 2779 1845; x_wconf 79' lang='grc' dir='ltr'>κήδη</span> <span class='ocrx_word' id='word_1_449' title='bbox 2840 1774 2931 1829; x_wconf 78' lang='grc' dir='ltr'>καὶ</span> <span class='ocrx_word' id='word_1_450' title='bbox 2987 1773 3209 1848; x_wconf 83' lang='grc' dir='ltr'>βαρείας</span> <span class='ocrx_word' id='word_1_451' title='bbox 3266 1768 3592 1849; x_wconf 76' lang='grc' dir='ltr'>φιλοτιμίας</span> <span class='ocrx_word' id='word_1_452' title='bbox 3641 1769 3710 1822; x_wconf 78' lang='grc' dir='ltr'>τὰ</span> 
     </span>
    </p>
   </div>
   <div class='ocr_carea' id='block_1_63' title="bbox 2048 1859 3709 1941">
    <p class='ocr_par' dir='ltr' id='par_1_63' title="bbox 2048 1859 3709 1941">
     <span class='ocr_line' id='line_1_67' title="bbox 2048 1859 3709 1941; baseline -0.006 -18"><span class='ocrx_word' id='word_1_453' title='bbox 2048 1867 2184 1941; x_wconf 83' lang='grc' dir='ltr'>πρὸς</span> <span class='ocrx_word' id='word_1_454' title='bbox 2230 1866 2297 1920; x_wconf 79' lang='grc' dir='ltr'>τὰ</span> <span class='ocrx_word' id='word_1_455' title='bbox 2349 1863 2499 1935; x_wconf 86' lang='grc' dir='ltr'>ἔθνη,</span> <span class='ocrx_word' id='word_1_456' title='bbox 2556 1870 2780 1939; x_wconf 86' lang='grc' dir='ltr'>συχναῖς</span> <span class='ocrx_word' id='word_1_457' title='bbox 2854 1861 3190 1923; x_wconf 85' lang='grc' dir='ltr'>ἀποστολαῖς</span> <span class='ocrx_word' id='word_1_458' title='bbox 3266 1859 3593 1941; x_wconf 62' lang='grc' dir='ltr'>χρωμένου.Δ</span> <span class='ocrx_word' id='word_1_459' title='bbox 3638 1892 3709 1900; x_wconf 94' lang='lat'><strong>—</strong></span> 
     </span>
    </p>
   </div>
   <div class='ocr_carea' id='block_1_64' title="bbox 2053 1939 3710 2026">
    <p class='ocr_par' dir='ltr' id='par_1_64' title="bbox 2053 1939 3710 2026">
     <span class='ocr_line' id='line_1_68' title="bbox 2053 1939 3710 2026; baseline -0.005 -19"><span class='ocrx_word' id='word_1_460' title='bbox 2053 1939 2133 2025; x_wconf 67' lang='grc' dir='ltr'>[Ρ.</span> <span class='ocrx_word' id='word_1_461' title='bbox 2171 1955 2293 2026; x_wconf 79' lang='grc'>148]</span> <span class='ocrx_word' id='word_1_462' title='bbox 2326 1954 2429 2007; x_wconf 84' lang='grc' dir='ltr'>οὐκ</span> <span class='ocrx_word' id='word_1_463' title='bbox 2459 1950 2578 2007; x_wconf 80' lang='grc' dir='ltr'>οἶδα</span> <span class='ocrx_word' id='word_1_464' title='bbox 2609 1949 2667 2007; x_wconf 73' lang='grc' dir='ltr'>δὲ</span> <span class='ocrx_word' id='word_1_465' title='bbox 2717 1951 2769 2006; x_wconf 76' lang='grc' dir='ltr'>εἷ’</span> <span class='ocrx_word' id='word_1_466' title='bbox 2811 1952 2899 2006; x_wconf 77' lang='grc' dir='ltr'>καὶ</span> <span class='ocrx_word' id='word_1_467' title='bbox 2963 1951 3165 2022; x_wconf 81' lang='grc' dir='ltr'>σκῆψις</span> <span class='ocrx_word' id='word_1_468' title='bbox 3212 1948 3279 2017; x_wconf 77' lang='grc' dir='ltr'>ἧν</span> <span class='ocrx_word' id='word_1_469' title='bbox 3333 1948 3398 2002; x_wconf 85' lang='grc' dir='ltr'>τὸ</span> <span class='ocrx_word' id='word_1_470' title='bbox 3453 1939 3710 2022; x_wconf 77' lang='grc' dir='ltr'>προϐαλ-</span> 
     </span>
    </p>
   </div>
   <div class='ocr_carea' id='block_1_65' title="bbox 2065 2034 3708 2116">
    <p class='ocr_par' dir='ltr' id='par_1_65' title="bbox 2065 2034 3708 2116">
     <span class='ocr_line' id='line_1_69' title="bbox 2065 2034 3708 2116; baseline -0.007 -18"><span class='ocrx_word' id='word_1_471' title='bbox 2065 2041 2316 2116; x_wconf 84' lang='grc' dir='ltr'>λόμενον,</span> <span class='ocrx_word' id='word_1_472' title='bbox 2348 2042 2409 2097; x_wconf 86' lang='grc' dir='ltr'>τὸ</span> <span class='ocrx_word' id='word_1_473' title='bbox 2442 2039 2616 2105; x_wconf 79' lang='grc' dir='ltr'>ἐνδεὲς</span> <span class='ocrx_word' id='word_1_474' title='bbox 2647 2038 2862 2112; x_wconf 87' lang='grc' dir='ltr'>δηλαδή</span> <span class='ocrx_word' id='word_1_475' title='bbox 2894 2040 3031 2114; x_wconf 84' lang='grc' dir='ltr'>πρὸς</span> <span class='ocrx_word' id='word_1_476' title='bbox 3071 2038 3169 2099; x_wconf 73' lang='grc' dir='ltr'>τὰς</span> <span class='ocrx_word' id='word_1_477' title='bbox 3216 2034 3409 2113; x_wconf 85' lang='grc' dir='ltr'>χρείας</span> <span class='ocrx_word' id='word_1_478' title='bbox 3443 2053 3456 2067; x_wconf 81' lang='grc'><strong><em>⁸</em></strong></span> <span class='ocrx_word' id='word_1_479' title='bbox 3485 2036 3561 2109; x_wconf 78' lang='grc' dir='ltr'>μὴ</span> <span class='ocrx_word' id='word_1_480' title='bbox 3617 2035 3708 2088; x_wconf 85' lang='grc' dir='ltr'>καὶ</span> 
     </span>
    </p>
   </div>
   <div class='ocr_carea' id='block_1_66' title="bbox 2069 2125 3719 2206">
    <p class='ocr_par' dir='ltr' id='par_1_66' title="bbox 2069 2125 3719 2206">
     <span class='ocr_line' id='line_1_70' title="bbox 2069 2125 3719 2206; baseline -0.005 -21"><span class='ocrx_word' id='word_1_481' title='bbox 2069 2130 2286 2206; x_wconf 77' lang='grc' dir='ltr'>μᾶλλον</span> <span class='ocrx_word' id='word_1_482' title='bbox 2318 2133 2385 2201; x_wconf 78' lang='grc' dir='ltr'>ἦν</span> <span class='ocrx_word' id='word_1_483' title='bbox 2416 2133 2478 2186; x_wconf 88' lang='grc' dir='ltr'>τὸ</span> <span class='ocrx_word' id='word_1_484' title='bbox 2509 2132 2599 2186; x_wconf 83' lang='grc' dir='ltr'>ὑπ’</span> <span class='ocrx_word' id='word_1_485' title='bbox 2628 2129 2822 2186; x_wconf 83' lang='grc' dir='ltr'>ὀδόντα</span> <span class='ocrx_word' id='word_1_486' title='bbox 2870 2130 3193 2205; x_wconf 85' lang='grc' dir='ltr'>λεγόμενον,</span> <span class='ocrx_word' id='word_1_487' title='bbox 3227 2125 3303 2189; x_wconf 87' lang='grc' dir='ltr'>ὠς</span> <span class='ocrx_word' id='word_1_488' title='bbox 3360 2126 3421 2181; x_wconf 88' lang='grc' dir='ltr'>τὸ</span> <span class='ocrx_word' id='word_1_489' title='bbox 3475 2125 3719 2193; x_wconf 78' lang='grc' dir='ltr'>ὑπήκοον</span> 
     </span>
    </p>
   </div>
   <div class='ocr_carea' id='block_1_67' title="bbox 2067 2214 3720 2292">
    <p class='ocr_par' dir='ltr' id='par_1_67' title="bbox 2067 2214 3720 2292">
     <span class='ocr_line' id='line_1_71' title="bbox 2067 2214 3720 2292; baseline -0.006 -16"><span class='ocrx_word' id='word_1_490' title='bbox 2067 2220 2389 2277; x_wconf 84' lang='grc' dir='ltr'>ὑποπτεύων</span> <span class='ocrx_word' id='word_1_491' title='bbox 2438 2218 2528 2276; x_wconf 71' lang='grc' dir='ltr'>διὰ</span> <span class='ocrx_word' id='word_1_492' title='bbox 2586 2222 2652 2275; x_wconf 80' lang='grc' dir='ltr'>τὰ</span> <span class='ocrx_word' id='word_1_493' title='bbox 2709 2214 2989 2292; x_wconf 73' lang='grc' dir='ltr'>συμϐάντα</span> <span class='ocrx_word' id='word_1_494' title='bbox 3043 2223 3122 2290; x_wconf 79' lang='grc' dir='ltr'>τῷ</span> <span class='ocrx_word' id='word_1_495' title='bbox 3178 2216 3332 2288; x_wconf 79' lang='grc' dir='ltr'>ἀλαῷ</span> <span class='ocrx_word' id='word_1_496' title='bbox 3371 2217 3568 2269; x_wconf 78' lang='grc' dir='ltr'>κακοῦν</span> <span class='ocrx_word' id='word_1_497' title='bbox 3620 2217 3720 2281; x_wconf 81' lang='grc' dir='ltr'>ζη-</span> 
     </span>
    </p>
   </div>
   <div class='ocr_carea' id='block_1_68' title="bbox 2070 2296 3717 2387">
    <p class='ocr_par' dir='ltr' id='par_1_68' title="bbox 2070 2296 3717 2387">
     <span class='ocr_line' id='line_1_72' title="bbox 2070 2296 3717 2387; baseline -0.016 -4"><span class='ocrx_word' id='word_1_498' title='bbox 2070 2296 2217 2383; x_wconf 52' lang='grc' dir='ltr'>μίαίς</span> <span class='ocrx_word' id='word_1_499' title='bbox 2248 2311 2522 2387; x_wconf 66' lang='grc' dir='ltr'>συμφέρον</span> <span class='ocrx_word' id='word_1_500' title='bbox 2563 2304 2723 2384; x_wconf 78' lang='grc' dir='ltr'>ἔγνω,</span> <span class='ocrx_word' id='word_1_501' title='bbox 2760 2310 2837 2383; x_wconf 78' lang='grc' dir='ltr'>μὴ</span> <span class='ocrx_word' id='word_1_502' title='bbox 2894 2308 2987 2364; x_wconf 86' lang='grc' dir='ltr'>καὶ</span> <span class='ocrx_word' id='word_1_503' title='bbox 3037 2306 3472 2378; x_wconf 79' lang='grc' dir='ltr'>κατεξανασταῗεν</span> <span class='ocrx_word' id='word_1_504' title='bbox 3533 2301 3717 2377; x_wconf 82' lang='grc' dir='ltr'>ἐντρυ-</span> 
     </span>
    </p>
   </div>
   <div class='ocr_carea' id='block_1_69' title="bbox 2064 2504 3726 2583">
    <p class='ocr_par' dir='ltr' id='par_1_69' title="bbox 2064 2504 3726 2583">
     <span class='ocr_line' id='line_1_73' title="bbox 2064 2504 3726 2583; baseline -0.005 -17"><span class='ocrx_word' id='word_1_505' title='bbox 2064 2510 2116 2567; x_wconf 91' lang='lat' dir='ltr'>si</span> <span class='ocrx_word' id='word_1_506' title='bbox 2149 2511 2291 2583; x_wconf 91' lang='lat' dir='ltr'>quid</span> <span class='ocrx_word' id='word_1_507' title='bbox 2324 2510 2579 2582; x_wconf 87' lang='lat' dir='ltr'>amplius</span> <span class='ocrx_word' id='word_1_508' title='bbox 2640 2514 2959 2578; x_wconf 88' lang='lat' dir='ltr'>moverent,</span> <span class='ocrx_word' id='word_1_509' title='bbox 2992 2509 3076 2564; x_wconf 87' lang='lat' dir='ltr'>ita</span> <span class='ocrx_word' id='word_1_510' title='bbox 3107 2506 3259 2563; x_wconf 91' lang='lat' dir='ltr'>male</span> <span class='ocrx_word' id='word_1_511' title='bbox 3290 2504 3635 2561; x_wconf 89' lang='lat' dir='ltr'>multandos</span> <span class='ocrx_word' id='word_1_512' title='bbox 3657 2505 3726 2559; x_wconf 91' lang='lat' dir='ltr'>ut</span> 
     </span>
    </p>
   </div>
   <div class='ocr_carea' id='block_1_70' title="bbox 2068 2593 3718 2675">
    <p class='ocr_par' dir='ltr' id='par_1_70' title="bbox 2068 2593 3718 2675">
     <span class='ocr_line' id='line_1_74' title="bbox 2068 2593 3718 2675; baseline -0.005 -18"><span class='ocrx_word' id='word_1_513' title='bbox 2068 2602 2499 2675; x_wconf 73' lang='lat' dir='ltr'>praeteritarum</span> <span class='ocrx_word' id='word_1_514' title='bbox 2560 2601 2915 2672; x_wconf 89' lang='lat' dir='ltr'>injuriarum</span> <span class='ocrx_word' id='word_1_515' title='bbox 2977 2597 3307 2655; x_wconf 86' lang='lat' dir='ltr'>cumulatas</span> <span class='ocrx_word' id='word_1_516' title='bbox 3358 2593 3718 2667; x_wconf 90' lang='lat' dir='ltr'>persoluturi</span> 
     </span>
    </p>
   </div>
   <div class='ocr_carea' id='block_1_71' title="bbox 2067 2682 3716 2767">
    <p class='ocr_par' dir='ltr' id='par_1_71' title="bbox 2067 2682 3716 2767">
     <span class='ocr_line' id='line_1_75' title="bbox 2067 2682 3716 2767; baseline -0.005 -20"><span class='ocrx_word' id='word_1_517' title='bbox 2067 2709 2272 2767; x_wconf 80' lang='lat' dir='ltr'>pcsnas</span> <span class='ocrx_word' id='word_1_518' title='bbox 2304 2691 2629 2760; x_wconf 77' lang='lat' dir='ltr'>forent,isto</span> <span class='ocrx_word' id='word_1_519' title='bbox 2662 2695 2821 2747; x_wconf 88' lang='lat' dir='ltr'>metu</span> <span class='ocrx_word' id='word_1_520' title='bbox 2844 2689 3232 2747; x_wconf 89' lang='lat' dir='ltr'>continendos</span> <span class='ocrx_word' id='word_1_521' title='bbox 3267 2685 3404 2741; x_wconf 90' lang='lat' dir='ltr'>illos</span> <span class='ocrx_word' id='word_1_522' title='bbox 3430 2685 3488 2739; x_wconf 91' lang='lat' dir='ltr'>in</span> <span class='ocrx_word' id='word_1_523' title='bbox 3521 2682 3716 2739; x_wconf 82' lang='lat' dir='ltr'>officio</span> 
     </span>
    </p>
   </div>
   <div class='ocr_carea' id='block_1_72' title="bbox 2068 2776 3716 2857">
    <p class='ocr_par' dir='ltr' id='par_1_72' title="bbox 2068 2776 3716 2857">
     <span class='ocr_line' id='line_1_76' title="bbox 2068 2776 3716 2857; baseline -0.007 -17"><span class='ocrx_word' id='word_1_524' title='bbox 2068 2783 2343 2857; x_wconf 88' lang='lat' dir='ltr'>speravit.</span> <span class='ocrx_word' id='word_1_525' title='bbox 2401 2783 2602 2839; x_wconf 89' lang='lat' dir='ltr'>Pacem</span> <span class='ocrx_word' id='word_1_526' title='bbox 2653 2785 2848 2837; x_wconf 89' lang='lat' dir='ltr'>autem</span> <span class='ocrx_word' id='word_1_527' title='bbox 2883 2781 3045 2837; x_wconf 90' lang='lat' dir='ltr'>dedit</span> <span class='ocrx_word' id='word_1_528' title='bbox 3075 2779 3149 2834; x_wconf 89' lang='lat' dir='ltr'>iis</span> <span class='ocrx_word' id='word_1_529' title='bbox 3172 2776 3533 2849; x_wconf 82' lang='lat' dir='ltr'>petentibus,</span> <span class='ocrx_word' id='word_1_530' title='bbox 3565 2790 3716 2845; x_wconf 88' lang='lat' dir='ltr'>quos</span> 
     </span>
    </p>
   </div>
   <div class='ocr_carea' id='block_1_73' title="bbox 2068 2862 3723 2949">
    <p class='ocr_par' dir='ltr' id='par_1_73' title="bbox 2068 2862 3723 2949">
     <span class='ocr_line' id='line_1_77' title="bbox 2068 2862 3723 2949; baseline -0.008 -18"><span class='ocrx_word' id='word_1_531' title='bbox 2068 2889 2131 2931; x_wconf 90' lang='lat' dir='ltr'>se</span> <span class='ocrx_word' id='word_1_532' title='bbox 2162 2872 2315 2929; x_wconf 92' lang='lat' dir='ltr'>bello</span> <span class='ocrx_word' id='word_1_533' title='bbox 2347 2877 2788 2949; x_wconf 86' lang='lat' dir='ltr'>superaturum,</span> <span class='ocrx_word' id='word_1_534' title='bbox 2821 2872 2871 2927; x_wconf 89' lang='lat' dir='ltr'>si</span> <span class='ocrx_word' id='word_1_535' title='bbox 2902 2873 3236 2936; x_wconf 85' lang='lat' dir='ltr'>conaretur,</span> <span class='ocrx_word' id='word_1_536' title='bbox 3269 2867 3419 2924; x_wconf 71' lang='lat'>221</span> <span class='ocrx_word' id='word_1_537' title='bbox 3472 2862 3723 2921; x_wconf 88' lang='lat' dir='ltr'>minime</span> 
     </span>
    </p>
   </div>
   <div class='ocr_carea' id='block_1_74' title="bbox 2069 2953 3719 3032">
    <p class='ocr_par' dir='ltr' id='par_1_74' title="bbox 2069 2953 3719 3032">
     <span class='ocr_line' id='line_1_78' title="bbox 2069 2953 3719 3032; baseline -0.007 -13"><span class='ocrx_word' id='word_1_538' title='bbox 2069 2963 2399 3029; x_wconf 87' lang='lat' dir='ltr'>dubitabat,</span> <span class='ocrx_word' id='word_1_539' title='bbox 2433 2962 2809 3018; x_wconf 87' lang='lat' dir='ltr'>miseratione</span> <span class='ocrx_word' id='word_1_540' title='bbox 2839 2961 3102 3032; x_wconf 87' lang='lat' dir='ltr'>gentium</span> <span class='ocrx_word' id='word_1_541' title='bbox 3135 2958 3361 3013; x_wconf 90' lang='lat' dir='ltr'>vicinos</span> <span class='ocrx_word' id='word_1_542' title='bbox 3381 2955 3532 3028; x_wconf 90' lang='lat' dir='ltr'>ipsis</span> <span class='ocrx_word' id='word_1_543' title='bbox 3562 2953 3719 3009; x_wconf 84' lang='lat' dir='ltr'>inco-</span> 
     </span>
    </p>
   </div>
   <div class='ocr_carea' id='block_1_75' title="bbox 2066 3043 3715 3118">
    <p class='ocr_par' dir='ltr' id='par_1_75' title="bbox 2066 3043 3715 3118">
     <span class='ocr_line' id='line_1_79' title="bbox 2066 3043 3715 3118; baseline -0.007 -10"><span class='ocrx_word' id='word_1_544' title='bbox 2066 3052 2317 3109; x_wconf 89' lang='lat' dir='ltr'>lentium</span> <span class='ocrx_word' id='word_1_545' title='bbox 2366 3057 2616 3118; x_wconf 85' lang='lat' dir='ltr'>tractus,</span> <span class='ocrx_word' id='word_1_546' title='bbox 2646 3067 2719 3106; x_wconf 89' lang='lat' dir='ltr'>ne</span> <span class='ocrx_word' id='word_1_547' title='bbox 2747 3049 2888 3106; x_wconf 89' lang='lat' dir='ltr'>victi</span> <span class='ocrx_word' id='word_1_548' title='bbox 2920 3048 3007 3105; x_wconf 90' lang='lat' dir='ltr'>illi</span> <span class='ocrx_word' id='word_1_549' title='bbox 3034 3047 3328 3104; x_wconf 89' lang='lat' dir='ltr'>malorum</span> <span class='ocrx_word' id='word_1_550' title='bbox 3358 3061 3423 3101; x_wconf 92' lang='lat' dir='ltr'>ac</span> <span class='ocrx_word' id='word_1_551' title='bbox 3454 3043 3715 3100; x_wconf 89' lang='lat' dir='ltr'>cladium</span> 
     </span>
    </p>
   </div>
   <div class='ocr_carea' id='block_1_76' title="bbox 2068 3132 3716 3214">
    <p class='ocr_par' dir='ltr' id='par_1_76' title="bbox 2068 3132 3716 3214">
     <span class='ocr_line' id='line_1_80' title="bbox 2068 3132 3716 3214; baseline -0.007 -16"><span class='ocrx_word' id='word_1_552' title='bbox 2068 3159 2217 3214; x_wconf 89' lang='lat' dir='ltr'>quas</span> <span class='ocrx_word' id='word_1_553' title='bbox 2276 3141 2433 3214; x_wconf 88' lang='lat' dir='ltr'>passi</span> <span class='ocrx_word' id='word_1_554' title='bbox 2491 3139 2640 3196; x_wconf 89' lang='lat' dir='ltr'>bello</span> <span class='ocrx_word' id='word_1_555' title='bbox 2694 3143 2894 3196; x_wconf 87' lang='lat' dir='ltr'>essent</span> <span class='ocrx_word' id='word_1_556' title='bbox 2944 3138 3231 3194; x_wconf 88' lang='lat' dir='ltr'>ultionem</span> <span class='ocrx_word' id='word_1_557' title='bbox 3263 3153 3296 3191; x_wconf 90' lang='lat' dir='ltr'>a</span> <span class='ocrx_word' id='word_1_558' title='bbox 3326 3132 3716 3190; x_wconf 91' lang='lat' dir='ltr'>debilioribus</span> 
     </span>
    </p>
   </div>
   <div class='ocr_carea' id='block_1_77' title="bbox 2068 3220 3722 3302">
    <p class='ocr_par' dir='ltr' id='par_1_77' title="bbox 2068 3220 3722 3302">
     <span class='ocr_line' id='line_1_81' title="bbox 2068 3220 3722 3302; baseline -0.008 -13"><span class='ocrx_word' id='word_1_559' title='bbox 2068 3230 2358 3289; x_wconf 85' lang='lat' dir='ltr'>vexationi</span> <span class='ocrx_word' id='word_1_560' title='bbox 2404 3230 2775 3302; x_wconf 88' lang='lat' dir='ltr'>opportunis,</span> <span class='ocrx_word' id='word_1_561' title='bbox 2824 3233 3090 3300; x_wconf 85' lang='lat' dir='ltr'>tempore</span> <span class='ocrx_word' id='word_1_562' title='bbox 3131 3224 3343 3282; x_wconf 88' lang='lat' dir='ltr'>deinde</span> <span class='ocrx_word' id='word_1_563' title='bbox 3375 3225 3566 3296; x_wconf 89' lang='lat' dir='ltr'>capto,</span> <span class='ocrx_word' id='word_1_564' title='bbox 3598 3220 3722 3278; x_wconf 81' lang='lat' dir='ltr'>exi-</span> 
     </span>
    </p>
   </div>
   <div class='ocr_carea' id='block_1_78' title="bbox 2076 3311 3722 3395">
    <p class='ocr_par' dir='ltr' id='par_1_78' title="bbox 2076 3311 3722 3395">
     <span class='ocr_line' id='line_1_82' title="bbox 2076 3311 3722 3395; baseline -0.006 -19"><span class='ocrx_word' id='word_1_565' title='bbox 2076 3319 2593 3395; x_wconf 80' lang='lat' dir='ltr'>gerent.Caeterum</span> <span class='ocrx_word' id='word_1_566' title='bbox 2614 3335 2732 3391; x_wconf 91' lang='lat' dir='ltr'>quo</span> <span class='ocrx_word' id='word_1_567' title='bbox 2750 3317 2950 3374; x_wconf 90' lang='lat' dir='ltr'>minus</span> <span class='ocrx_word' id='word_1_568' title='bbox 2969 3333 3158 3373; x_wconf 64' lang='lat' dir='ltr'>causae</span> <span class='ocrx_word' id='word_1_569' title='bbox 3176 3315 3465 3370; x_wconf 88' lang='lat' dir='ltr'>haberent</span> <span class='ocrx_word' id='word_1_570' title='bbox 3478 3330 3510 3368; x_wconf 89' lang='lat' dir='ltr'>a</span> <span class='ocrx_word' id='word_1_571' title='bbox 3529 3311 3722 3383; x_wconf 90' lang='lat' dir='ltr'>pactis</span> 
     </span>
    </p>
   </div>
   <div class='ocr_carea' id='block_1_79' title="bbox 2077 3401 3725 3479">
    <p class='ocr_par' dir='ltr' id='par_1_79' title="bbox 2077 3401 3725 3479">
     <span class='ocr_line' id='line_1_83' title="bbox 2077 3401 3725 3479; baseline -0.008 -11"><span class='ocrx_word' id='word_1_572' title='bbox 2077 3410 2400 3477; x_wconf 87' lang='lat' dir='ltr'>resiliendi,</span> <span class='ocrx_word' id='word_1_573' title='bbox 2462 3410 2609 3465; x_wconf 87' lang='lat' dir='ltr'>fines</span> <span class='ocrx_word' id='word_1_574' title='bbox 2669 3409 2743 3464; x_wconf 89' lang='lat' dir='ltr'>iis</span> <span class='ocrx_word' id='word_1_575' title='bbox 2769 3406 3125 3479; x_wconf 70' lang='lat' dir='ltr'>praescripsit</span> <span class='ocrx_word' id='word_1_576' title='bbox 3156 3405 3302 3461; x_wconf 87' lang='lat' dir='ltr'>satis</span> <span class='ocrx_word' id='word_1_577' title='bbox 3348 3404 3534 3471; x_wconf 89' lang='lat' dir='ltr'>laxos,</span> <span class='ocrx_word' id='word_1_578' title='bbox 3566 3401 3725 3457; x_wconf 88' lang='lat' dir='ltr'>intra</span> 
     </span>
    </p>
   </div>
   <div class='ocr_carea' id='block_1_80' title="bbox 2078 3490 3724 3573">
    <p class='ocr_par' dir='ltr' id='par_1_80' title="bbox 2078 3490 3724 3573">
     <span class='ocr_line' id='line_1_84' title="bbox 2078 3490 3724 3573; baseline -0.007 -17"><span class='ocrx_word' id='word_1_579' title='bbox 2078 3516 2225 3573; x_wconf 88' lang='lat' dir='ltr'>quos</span> <span class='ocrx_word' id='word_1_580' title='bbox 2258 3499 2494 3555; x_wconf 90' lang='lat' dir='ltr'>abunde</span> <span class='ocrx_word' id='word_1_581' title='bbox 2523 3514 2881 3571; x_wconf 88' lang='lat' dir='ltr'>pascuorum</span> <span class='ocrx_word' id='word_1_582' title='bbox 2915 3496 3043 3554; x_wconf 89' lang='lat' dir='ltr'>suis</span> <span class='ocrx_word' id='word_1_583' title='bbox 3065 3493 3349 3551; x_wconf 88' lang='lat' dir='ltr'>armentis</span> <span class='ocrx_word' id='word_1_584' title='bbox 3369 3497 3425 3549; x_wconf 94' lang='lat' dir='ltr'>et</span> <span class='ocrx_word' id='word_1_585' title='bbox 3441 3490 3724 3565; x_wconf 84' lang='lat' dir='ltr'>gregibus</span> 
     </span>
    </p>
   </div>
   <div class='ocr_carea' id='block_1_81' title="bbox 2072 3579 3731 3659">
    <p class='ocr_par' dir='ltr' id='par_1_81' title="bbox 2072 3579 3731 3659">
     <span class='ocr_line' id='line_1_85' title="bbox 2072 3579 3731 3659; baseline -0.007 -12"><span class='ocrx_word' id='word_1_586' title='bbox 2072 3590 2378 3659; x_wconf 74' lang='lat' dir='ltr'>haberent,</span> <span class='ocrx_word' id='word_1_587' title='bbox 2411 3587 2561 3645; x_wconf 84' lang='lat' dir='ltr'>serio</span> <span class='ocrx_word' id='word_1_588' title='bbox 2592 3587 2852 3656; x_wconf 89' lang='lat' dir='ltr'>edicens,</span> <span class='ocrx_word' id='word_1_589' title='bbox 2886 3586 2935 3641; x_wconf 90' lang='lat' dir='ltr'>si</span> <span class='ocrx_word' id='word_1_590' title='bbox 2968 3584 3122 3641; x_wconf 87' lang='lat' dir='ltr'>ultra</span> <span class='ocrx_word' id='word_1_591' title='bbox 3152 3586 3551 3654; x_wconf 84' lang='lat' dir='ltr'>erumperent,</span> <span class='ocrx_word' id='word_1_592' title='bbox 3601 3579 3731 3635; x_wconf 89' lang='lat' dir='ltr'>vio-</span> 
     </span>
    </p>
   </div>
   <div class='ocr_carea' id='block_1_82' title="bbox 2075 3669 3732 3750">
    <p class='ocr_par' dir='ltr' id='par_1_82' title="bbox 2075 3669 3732 3750">
     <span class='ocr_line' id='line_1_86' title="bbox 2075 3669 3732 3750; baseline -0.007 -14"><span class='ocrx_word' id='word_1_593' title='bbox 2075 3680 2176 3736; x_wconf 90' lang='lat' dir='ltr'>lati</span> <span class='ocrx_word' id='word_1_594' title='bbox 2209 3678 2441 3736; x_wconf 74' lang='lat' dir='ltr'>fcederis</span> <span class='ocrx_word' id='word_1_595' title='bbox 2483 3676 2779 3750; x_wconf 89' lang='lat' dir='ltr'>piaculum</span> <span class='ocrx_word' id='word_1_596' title='bbox 2813 3675 3069 3732; x_wconf 86' lang='lat' dir='ltr'>maxima</span> <span class='ocrx_word' id='word_1_597' title='bbox 3099 3674 3365 3746; x_wconf 91' lang='lat' dir='ltr'>ipsorum</span> <span class='ocrx_word' id='word_1_598' title='bbox 3398 3669 3732 3727; x_wconf 87' lang='lat' dir='ltr'>calamitate</span> 
     </span>
    </p>
   </div>
   <div class='ocr_carea' id='block_1_83' title="bbox 2072 3757 3733 3837">
    <p class='ocr_par' dir='ltr' id='par_1_83' title="bbox 2072 3757 3733 3837">
     <span class='ocr_line' id='line_1_87' title="bbox 2072 3757 3733 3837; baseline -0.008 -12"><span class='ocrx_word' id='word_1_599' title='bbox 2072 3768 2383 3825; x_wconf 90' lang='lat' dir='ltr'>luendum.</span> <span class='ocrx_word' id='word_1_600' title='bbox 2417 3770 2483 3822; x_wconf 92' lang='lat' dir='ltr'>In</span> <span class='ocrx_word' id='word_1_601' title='bbox 2514 3765 2674 3822; x_wconf 91' lang='lat' dir='ltr'>hunc</span> <span class='ocrx_word' id='word_1_602' title='bbox 2702 3765 2947 3821; x_wconf 89' lang='lat' dir='ltr'>modum</span> <span class='ocrx_word' id='word_1_603' title='bbox 2981 3779 3085 3837; x_wconf 91' lang='lat' dir='ltr'>per</span> <span class='ocrx_word' id='word_1_604' title='bbox 3113 3761 3368 3819; x_wconf 90' lang='lat' dir='ltr'>Orientis</span> <span class='ocrx_word' id='word_1_605' title='bbox 3399 3757 3733 3832; x_wconf 88' lang='lat' dir='ltr'>provincias</span> 
     </span>
    </p>
   </div>
   <div class='ocr_carea' id='block_1_84' title="bbox 2074 3847 3733 3929">
    <p class='ocr_par' dir='ltr' id='par_1_84' title="bbox 2074 3847 3733 3929">
     <span class='ocr_line' id='line_1_88' title="bbox 2074 3847 3733 3929; baseline -0.008 -14"><span class='ocrx_word' id='word_1_606' title='bbox 2074 3859 2333 3929; x_wconf 70' lang='lat' dir='ltr'>despota,</span> <span class='ocrx_word' id='word_1_607' title='bbox 2390 3854 2584 3912; x_wconf 90' lang='lat' dir='ltr'>deleta</span> <span class='ocrx_word' id='word_1_608' title='bbox 2624 3854 2952 3927; x_wconf 89' lang='lat' dir='ltr'>ignominia</span> <span class='ocrx_word' id='word_1_609' title='bbox 3004 3853 3170 3926; x_wconf 90' lang='lat' dir='ltr'>prius</span> <span class='ocrx_word' id='word_1_610' title='bbox 3201 3858 3576 3921; x_wconf 88' lang='lat' dir='ltr'>acceptarum</span> <span class='ocrx_word' id='word_1_611' title='bbox 3611 3847 3733 3903; x_wconf 89' lang='lat' dir='ltr'>illic</span> 
     </span>
    </p>
   </div>
   <div class='ocr_carea' id='block_1_85' title="bbox 2073 3936 3733 4005">
    <p class='ocr_par' dir='ltr' id='par_1_85' title="bbox 2073 3936 3733 4005">
     <span class='ocr_line' id='line_1_89' title="bbox 2073 3936 3733 4005; baseline -0.006 -3"><span class='ocrx_word' id='word_1_612' title='bbox 2073 3946 2335 4004; x_wconf 91' lang='lat' dir='ltr'>cladium</span> <span class='ocrx_word' id='word_1_613' title='bbox 2391 3950 2450 4001; x_wconf 89' lang='lat' dir='ltr'>et</span> <span class='ocrx_word' id='word_1_614' title='bbox 2505 3961 2705 4001; x_wconf 91' lang='lat' dir='ltr'>rerum</span> <span class='ocrx_word' id='word_1_615' title='bbox 2738 3948 2896 4001; x_wconf 90' lang='lat' dir='ltr'>statu</span> <span class='ocrx_word' id='word_1_616' title='bbox 2928 3943 3262 4005; x_wconf 89' lang='lat' dir='ltr'>emendato,</span> <span class='ocrx_word' id='word_1_617' title='bbox 3295 3938 3575 3995; x_wconf 84' lang='lat' dir='ltr'>ﬁduciam</span> <span class='ocrx_word' id='word_1_618' title='bbox 3610 3936 3733 3993; x_wconf 89' lang='lat' dir='ltr'>illis</span> 
     </span>
    </p>
   </div>
   <div class='ocr_carea' id='block_1_86' title="bbox 2074 4026 3737 4110">
    <p class='ocr_par' dir='ltr' id='par_1_86' title="bbox 2074 4026 3737 4110">
     <span class='ocr_line' id='line_1_90' title="bbox 2074 4026 3737 4110; baseline -0.007 -18"><span class='ocrx_word' id='word_1_619' title='bbox 2074 4036 2352 4110; x_wconf 86' lang='lat' dir='ltr'>gentibus</span> <span class='ocrx_word' id='word_1_620' title='bbox 2382 4033 2663 4104; x_wconf 90' lang='lat' dir='ltr'>fecit,otio</span> <span class='ocrx_word' id='word_1_621' title='bbox 2694 4051 2759 4090; x_wconf 91' lang='lat' dir='ltr'>ac</span> <span class='ocrx_word' id='word_1_622' title='bbox 2790 4050 2934 4106; x_wconf 89' lang='lat' dir='ltr'>pace</span> <span class='ocrx_word' id='word_1_623' title='bbox 2964 4033 3184 4103; x_wconf 90' lang='lat' dir='ltr'>ubique</span> <span class='ocrx_word' id='word_1_624' title='bbox 3214 4029 3528 4097; x_wconf 89' lang='lat' dir='ltr'>restitutis,</span> <span class='ocrx_word' id='word_1_625' title='bbox 3551 4026 3737 4083; x_wconf 89' lang='lat' dir='ltr'>libere</span> 
     </span>
    </p>
   </div>
   <div class='ocr_carea' id='block_1_87' title="bbox 2076 4119 3739 4195">
    <p class='ocr_par' dir='ltr' id='par_1_87' title="bbox 2076 4119 3739 4195">
     <span class='ocr_line' id='line_1_91' title="bbox 2076 4119 3739 4195; baseline -0.007 -15"><span class='ocrx_word' id='word_1_626' title='bbox 2076 4126 2357 4195; x_wconf 91' lang='lat' dir='ltr'>deinceps</span> <span class='ocrx_word' id='word_1_627' title='bbox 2416 4122 2757 4179; x_wconf 88' lang='lat' dir='ltr'>attendendi</span> <span class='ocrx_word' id='word_1_628' title='bbox 2818 4121 3061 4178; x_wconf 73' lang='lat' dir='ltr'>culturae</span> <span class='ocrx_word' id='word_1_629' title='bbox 3117 4133 3395 4192; x_wconf 90' lang='lat' dir='ltr'>agrorum</span> <span class='ocrx_word' id='word_1_630' title='bbox 3443 4119 3502 4173; x_wconf 91' lang='lat' dir='ltr'>et</span> <span class='ocrx_word' id='word_1_631' title='bbox 3532 4130 3739 4172; x_wconf 90' lang='lat' dir='ltr'>secure</span> 
     </span>
    </p>
   </div>
   <div class='ocr_carea' id='block_1_88' title="bbox 2076 4204 3742 4287">
    <p class='ocr_par' dir='ltr' id='par_1_88' title="bbox 2076 4204 3742 4287">
     <span class='ocr_line' id='line_1_92' title="bbox 2076 4204 3742 4287; baseline -0.007 -18"><span class='ocrx_word' id='word_1_632' title='bbox 2076 4213 2308 4287; x_wconf 88' lang='lat' dir='ltr'>legendi</span> <span class='ocrx_word' id='word_1_633' title='bbox 2337 4213 2564 4269; x_wconf 79' lang='lat' dir='ltr'>fructus</span> <span class='ocrx_word' id='word_1_634' title='bbox 2599 4213 2810 4268; x_wconf 89' lang='lat' dir='ltr'>uberes</span> <span class='ocrx_word' id='word_1_635' title='bbox 2841 4215 3131 4268; x_wconf 88' lang='lat' dir='ltr'>terrarum</span> <span class='ocrx_word' id='word_1_636' title='bbox 3169 4211 3228 4265; x_wconf 91' lang='lat' dir='ltr'>in</span> <span class='ocrx_word' id='word_1_637' title='bbox 3261 4208 3482 4281; x_wconf 89' lang='lat' dir='ltr'>quibus</span> <span class='ocrx_word' id='word_1_638' title='bbox 3514 4204 3742 4260; x_wconf 85' lang='lat' dir='ltr'>habita-</span> 
     </span>
    </p>
   </div>
   <div class='ocr_carea' id='block_1_89' title="bbox 2076 4308 2225 4361">
    <p class='ocr_par' dir='ltr' id='par_1_89' title="bbox 2076 4308 2225 4361">
     <span class='ocr_line' id='line_1_93' title="bbox 2076 4308 2225 4361; baseline -0.007 -1"><span class='ocrx_word' id='word_1_639' title='bbox 2076 4308 2225 4361; x_wconf 89' lang='lat' dir='ltr'>rent.</span> 
     </span>
    </p>
   </div>
   <div class='ocr_carea' id='block_1_90' title="bbox 2073 4392 3738 4472">
    <p class='ocr_par' dir='ltr' id='par_1_90' title="bbox 2073 4392 3738 4472">
     <span class='ocr_line' id='line_1_94' title="bbox 2073 4392 3738 4472; baseline -0.006 -18"><span class='ocrx_word' id='word_1_640' title='bbox 2073 4402 2163 4457; x_wconf 84' lang='lat'>22.</span> <span class='ocrx_word' id='word_1_641' title='bbox 2203 4400 2266 4458; x_wconf 80' lang='lat' dir='ltr'>Ut</span> <span class='ocrx_word' id='word_1_642' title='bbox 2292 4399 2612 4472; x_wconf 62' lang='lat' dir='ltr'>pessimojn</span> <span class='ocrx_word' id='word_1_643' title='bbox 2628 4402 2778 4455; x_wconf 81' lang='lat' dir='ltr'>statu</span> <span class='ocrx_word' id='word_1_644' title='bbox 2796 4398 3012 4471; x_wconf 77' lang='lat' dir='ltr'>fuerint</span> <span class='ocrx_word' id='word_1_645' title='bbox 3027 4395 3202 4472; x_wconf 81' lang='lat' dir='ltr'>plane</span> <span class='ocrx_word' id='word_1_646' title='bbox 3221 4394 3457 4472; x_wconf 61' lang='lat' dir='ltr'>perditae</span> <span class='ocrx_word' id='word_1_647' title='bbox 3475 4392 3738 4472; x_wconf 58' lang='lat' dir='ltr'>Murgan-</span> 
     </span>
    </p>
   </div>
   <div class='ocr_carea' id='block_1_91' title="bbox 2075 4465 3732 4542">
    <p class='ocr_par' dir='ltr' id='par_1_91' title="bbox 2075 4465 3732 4542">
     <span class='ocr_line' id='line_1_95' title="bbox 2075 4465 3732 4542; baseline -0.008 -13"><span class='ocrx_word' id='word_1_648' title='bbox 2075 4465 2348 4529; x_wconf 49' lang='lat' dir='ltr'>denaru’m</span> <span class='ocrx_word' id='word_1_649' title='bbox 2378 4465 2942 4542; x_wconf 71' lang='lat' dir='ltr'>Bucellarz&#39;orumque</span> <span class='ocrx_word' id='word_1_650' title='bbox 2958 4465 3209 4539; x_wconf 62' lang='lat' dir='ltr'>regiones</span> <span class='ocrx_word' id='word_1_651' title='bbox 3222 4465 3275 4524; x_wconf 74' lang='lat' dir='ltr'>et</span> <span class='ocrx_word' id='word_1_652' title='bbox 3288 4465 3643 4538; x_wconf 84' lang='lat' dir='ltr'>Paphalagon</span> <span class='ocrx_word' id='word_1_653' title='bbox 3651 4465 3709 4517; x_wconf 77' lang='lat' dir='ltr'>ia</span> <span class='ocrx_word' id='word_1_654' title='bbox 3719 4504 3732 4516; x_wconf 94' lang='lat'>.</span> 
     </span>
    </p>
   </div>
   <div class='ocr_carea' id='block_1_92' title="bbox 2150 4560 3737 4627">
    <p class='ocr_par' dir='ltr' id='par_1_92' title="bbox 2150 4560 3737 4627">
     <span class='ocr_line' id='line_1_96' title="bbox 2150 4560 3737 4627; baseline -0.008 -1"><span class='ocrx_word' id='word_1_655' title='bbox 2150 4571 2524 4627; x_wconf 90' lang='lat' dir='ltr'>Laborabant</span> <span class='ocrx_word' id='word_1_656' title='bbox 2555 4573 2748 4627; x_wconf 88' lang='lat' dir='ltr'>autem</span> <span class='ocrx_word' id='word_1_657' title='bbox 2784 4574 2842 4625; x_wconf 90' lang='lat' dir='ltr'>et</span> <span class='ocrx_word' id='word_1_658' title='bbox 2863 4568 3146 4624; x_wconf 88' lang='lat' dir='ltr'>miserum</span> <span class='ocrx_word' id='word_1_659' title='bbox 3164 4566 3226 4621; x_wconf 92' lang='lat' dir='ltr'>in</span> <span class='ocrx_word' id='word_1_660' title='bbox 3249 4564 3491 4620; x_wconf 90' lang='lat' dir='ltr'>modum</span> <span class='ocrx_word' id='word_1_661' title='bbox 3507 4560 3737 4617; x_wconf 68' lang='lat' dir='ltr'>afﬂictae</span> 
     </span>
    </p>
   </div>
   <div class='ocr_carea' id='block_1_93' title="bbox 325 4645 3741 4733">
    <p class='ocr_par' dir='ltr' id='par_1_93' title="bbox 325 4645 3741 4733">
     <span class='ocr_line' id='line_1_97' title="bbox 325 4645 3741 4733; baseline 0.001 -31"><span class='ocrx_word' id='word_1_662' title='bbox 325 4645 626 4702; x_wconf 83' lang='lat' dir='ltr'>muniﬁcis</span> <span class='ocrx_word' id='word_1_663' title='bbox 676 4646 1094 4719; x_wconf 87' lang='lat' dir='ltr'>largitionibus</span> <span class='ocrx_word' id='word_1_664' title='bbox 1133 4648 1471 4723; x_wconf 87' lang='lat' dir='ltr'>deliniente,</span> <span class='ocrx_word' id='word_1_665' title='bbox 1504 4653 1700 4725; x_wconf 87' lang='lat' dir='ltr'>sicque</span> <span class='ocrx_word' id='word_1_666' title='bbox 1733 4657 1802 4711; x_wconf 91' lang='lat' dir='ltr'>ad</span> <span class='ocrx_word' id='word_1_667' title='bbox 1835 4655 1967 4711; x_wconf 88' lang='lat' dir='ltr'>ﬁdei</span> <span class='ocrx_word' id='word_1_668' title='bbox 2003 4649 2047 4715; x_wconf 91' lang='lat' dir='ltr'><strong>D</strong></span> <span class='ocrx_word' id='word_1_669' title='bbox 2070 4661 2348 4733; x_wconf 81' lang='lat' dir='ltr'>jacebant</span> <span class='ocrx_word' id='word_1_670' title='bbox 2384 4659 2844 4716; x_wconf 87' lang='lat' dir='ltr'>Bucellariorum</span> <span class='ocrx_word' id='word_1_671' title='bbox 2887 4662 2946 4713; x_wconf 88' lang='lat' dir='ltr'>et</span> <span class='ocrx_word' id='word_1_672' title='bbox 2987 4654 3518 4728; x_wconf 80' lang='lat' dir='ltr'>Maryandenorum</span> <span class='ocrx_word' id='word_1_673' title='bbox 3550 4648 3741 4723; x_wconf 78' lang='lat' dir='ltr'>regio-</span> 
     </span>
    </p>
   </div>
   <div class='ocr_carea' id='block_1_94' title="bbox 327 4737 1974 4811">
    <p class='ocr_par' dir='ltr' id='par_1_94' title="bbox 327 4737 1974 4811">
     <span class='ocr_line' id='line_1_98' title="bbox 327 4737 1974 4811; baseline 0.005 -18"><span class='ocrx_word' id='word_1_674' title='bbox 327 4752 468 4810; x_wconf 91' lang='lat' dir='ltr'>erga</span> <span class='ocrx_word' id='word_1_675' title='bbox 494 4737 811 4811; x_wconf 84' lang='lat' dir='ltr'>imperium</span> <span class='ocrx_word' id='word_1_676' title='bbox 845 4739 1242 4801; x_wconf 83' lang='lat' dir='ltr'>constantiam</span> <span class='ocrx_word' id='word_1_677' title='bbox 1276 4746 1331 4796; x_wconf 92' lang='lat' dir='ltr'>et</span> <span class='ocrx_word' id='word_1_678' title='bbox 1361 4743 1670 4799; x_wconf 88' lang='lat' dir='ltr'>resistendi</span> <span class='ocrx_word' id='word_1_679' title='bbox 1703 4745 1974 4803; x_wconf 89' lang='lat' dir='ltr'>hostibus</span> 
     </span>
    </p>
   </div>
   <div class='ocr_carea' id='block_1_95' title="bbox 327 4826 1973 4903">
    <p class='ocr_par' dir='ltr' id='par_1_95' title="bbox 327 4826 1973 4903">
     <span class='ocr_line' id='line_1_99' title="bbox 327 4826 1973 4903; baseline 0.004 -19"><span class='ocrx_word' id='word_1_680' title='bbox 327 4826 688 4884; x_wconf 83' lang='lat' dir='ltr'>alacritatem</span> <span class='ocrx_word' id='word_1_681' title='bbox 719 4827 1025 4884; x_wconf 86' lang='lat' dir='ltr'>excitante.</span> <span class='ocrx_word' id='word_1_682' title='bbox 1077 4829 1264 4886; x_wconf 73' lang='lat' dir='ltr'>Persae</span> <span class='ocrx_word' id='word_1_683' title='bbox 1324 4848 1496 4903; x_wconf 89' lang='lat' dir='ltr'>porro</span> <span class='ocrx_word' id='word_1_684' title='bbox 1527 4832 1883 4892; x_wconf 83' lang='lat' dir='ltr'>incurrentia</span> <span class='ocrx_word' id='word_1_685' title='bbox 1913 4836 1973 4890; x_wconf 92' lang='lat' dir='ltr'>in</span> 
     </span>
    </p>
   </div>
   <div class='ocr_carea' id='block_1_96' title="bbox 327 4916 1977 4991">
    <p class='ocr_par' dir='ltr' id='par_1_96' title="bbox 327 4916 1977 4991">
     <span class='ocr_line' id='line_1_100' title="bbox 327 4916 1977 4991; baseline 0.006 -20"><span class='ocrx_word' id='word_1_686' title='bbox 327 4916 491 4988; x_wconf 89' lang='lat' dir='ltr'>ipsos</span> <span class='ocrx_word' id='word_1_687' title='bbox 519 4920 686 4973; x_wconf 89' lang='lat' dir='ltr'>tanta</span> <span class='ocrx_word' id='word_1_688' title='bbox 715 4916 1013 4974; x_wconf 88' lang='lat' dir='ltr'>celeritate</span> <span class='ocrx_word' id='word_1_689' title='bbox 1047 4919 1304 4991; x_wconf 77' lang='lat' dir='ltr'>despotse</span> <span class='ocrx_word' id='word_1_690' title='bbox 1330 4921 1667 4991; x_wconf 88' lang='lat' dir='ltr'>improvisis</span> <span class='ocrx_word' id='word_1_691' title='bbox 1712 4929 1977 4981; x_wconf 91' lang='lat' dir='ltr'>conster-</span> 
     </span>
    </p>
   </div>
   <div class='ocr_carea' id='block_1_97' title="bbox 328 5005 1978 5082">
    <p class='ocr_par' dir='ltr' id='par_1_97' title="bbox 328 5005 1978 5082">
     <span class='ocr_line' id='line_1_101' title="bbox 328 5005 1978 5082; baseline 0.007 -22"><span class='ocrx_word' id='word_1_692' title='bbox 328 5005 453 5061; x_wconf 89' lang='lat' dir='ltr'>nati</span> <span class='ocrx_word' id='word_1_693' title='bbox 501 5006 750 5075; x_wconf 90' lang='lat' dir='ltr'>nuntiis,</span> <span class='ocrx_word' id='word_1_694' title='bbox 810 5011 1032 5063; x_wconf 91' lang='lat' dir='ltr'>terrore</span> <span class='ocrx_word' id='word_1_695' title='bbox 1086 5023 1152 5063; x_wconf 89' lang='lat' dir='ltr'>ac</span> <span class='ocrx_word' id='word_1_696' title='bbox 1209 5009 1616 5082; x_wconf 89' lang='lat' dir='ltr'>desperatione</span> <span class='ocrx_word' id='word_1_697' title='bbox 1669 5029 1978 5072; x_wconf 88' lang='lat' dir='ltr'>successus</span> 
     </span>
    </p>
   </div>
   <div class='ocr_carea' id='block_1_98' title="bbox 331 5093 1980 5172">
    <p class='ocr_par' dir='ltr' id='par_1_98' title="bbox 331 5093 1980 5172">
     <span class='ocr_line' id='line_1_102' title="bbox 331 5093 1980 5172; baseline 0.007 -23"><span class='ocrx_word' id='word_1_698' title='bbox 331 5093 523 5150; x_wconf 86' lang='lat' dir='ltr'>aversi</span> <span class='ocrx_word' id='word_1_699' title='bbox 579 5105 732 5150; x_wconf 87' lang='lat' dir='ltr'>retro</span> <span class='ocrx_word' id='word_1_700' title='bbox 790 5099 953 5162; x_wconf 90' lang='lat' dir='ltr'>sunt,</span> <span class='ocrx_word' id='word_1_701' title='bbox 986 5112 1165 5167; x_wconf 81' lang='lat' dir='ltr'>seque</span> <span class='ocrx_word' id='word_1_702' title='bbox 1196 5099 1399 5153; x_wconf 87' lang='lat' dir='ltr'>statim</span> <span class='ocrx_word' id='word_1_703' title='bbox 1434 5099 1492 5155; x_wconf 90' lang='lat' dir='ltr'>in</span> <span class='ocrx_word' id='word_1_704' title='bbox 1524 5117 1790 5172; x_wconf 91' lang='lat' dir='ltr'>suorum,</span> <span class='ocrx_word' id='word_1_705' title='bbox 1825 5106 1980 5161; x_wconf 91' lang='lat' dir='ltr'>unde</span> 
     </span>
    </p>
   </div>
   <div class='ocr_carea' id='block_1_99' title="bbox 337 5182 1981 5255">
    <p class='ocr_par' dir='ltr' id='par_1_99' title="bbox 337 5182 1981 5255">
     <span class='ocr_line' id='line_1_103' title="bbox 337 5182 1981 5255; baseline 0.008 -18"><span class='ocrx_word' id='word_1_706' title='bbox 337 5182 1010 5255; x_wconf 88' lang='lat' dir='ltr'>prodierant,inaccessa</span> <span class='ocrx_word' id='word_1_707' title='bbox 1038 5184 1285 5241; x_wconf 90' lang='lat' dir='ltr'>latibula</span> <span class='ocrx_word' id='word_1_708' title='bbox 1328 5189 1615 5245; x_wconf 90' lang='lat' dir='ltr'>montium</span> <span class='ocrx_word' id='word_1_709' title='bbox 1637 5194 1981 5251; x_wconf 85' lang='lat' dir='ltr'>recondide-</span> 
     </span>
    </p>
   </div>
   <div class='ocr_carea' id='block_1_100' title="bbox 336 5272 1982 5357">
    <p class='ocr_par' dir='ltr' id='par_1_100' title="bbox 336 5272 1982 5357">
     <span class='ocr_line' id='line_1_104' title="bbox 336 5272 1982 5357; baseline 0.008 -30"><span class='ocrx_word' id='word_1_710' title='bbox 336 5275 497 5328; x_wconf 90' lang='lat' dir='ltr'>runt.</span> <span class='ocrx_word' id='word_1_711' title='bbox 532 5277 615 5328; x_wconf 86' lang='lat' dir='ltr'>Ac</span> <span class='ocrx_word' id='word_1_712' title='bbox 642 5272 805 5328; x_wconf 85' lang='lat' dir='ltr'>velut</span> <span class='ocrx_word' id='word_1_713' title='bbox 836 5290 908 5330; x_wconf 91' lang='lat' dir='ltr'>ne</span> <span class='ocrx_word' id='word_1_714' title='bbox 938 5273 1061 5329; x_wconf 91' lang='lat' dir='ltr'>illic</span> <span class='ocrx_word' id='word_1_715' title='bbox 1096 5276 1334 5347; x_wconf 91' lang='lat' dir='ltr'>quidem</span> <span class='ocrx_word' id='word_1_716' title='bbox 1364 5285 1600 5336; x_wconf 90' lang='lat' dir='ltr'>setutos</span> <span class='ocrx_word' id='word_1_717' title='bbox 1619 5281 1982 5357; x_wconf 90' lang='lat' dir='ltr'>rati,legatis</span> 
     </span>
    </p>
   </div>
   <div class='ocr_carea' id='block_1_101' title="bbox 337 5362 1981 5439">
    <p class='ocr_par' dir='ltr' id='par_1_101' title="bbox 337 5362 1981 5439">
     <span class='ocr_line' id='line_1_105' title="bbox 337 5362 1981 5439; baseline 0.006 -19"><span class='ocrx_word' id='word_1_718' title='bbox 337 5363 542 5420; x_wconf 89' lang='lat' dir='ltr'>missis</span> <span class='ocrx_word' id='word_1_719' title='bbox 574 5362 821 5434; x_wconf 81' lang='lat' dir='ltr'>captivis</span> <span class='ocrx_word' id='word_1_720' title='bbox 868 5364 1135 5434; x_wconf 87' lang='lat' dir='ltr'>redditis,</span> <span class='ocrx_word' id='word_1_721' title='bbox 1168 5383 1367 5438; x_wconf 91' lang='lat' dir='ltr'>pacem</span> <span class='ocrx_word' id='word_1_722' title='bbox 1403 5370 1687 5439; x_wconf 89' lang='lat' dir='ltr'>fecerunt,</span> <span class='ocrx_word' id='word_1_723' title='bbox 1722 5372 1778 5428; x_wconf 92' lang='lat' dir='ltr'>in</span> <span class='ocrx_word' id='word_1_724' title='bbox 1820 5374 1981 5430; x_wconf 90' lang='lat' dir='ltr'>lucro</span> 
     </span>
    </p>
   </div>
   <div class='ocr_carea' id='block_1_102' title="bbox 342 5451 1982 5527">
    <p class='ocr_par' dir='ltr' id='par_1_102' title="bbox 342 5451 1982 5527">
     <span class='ocr_line' id='line_1_106' title="bbox 342 5451 1982 5527; baseline 0.006 -17"><span class='ocrx_word' id='word_1_725' title='bbox 342 5456 629 5527; x_wconf 88' lang='lat' dir='ltr'>ponentes</span> <span class='ocrx_word' id='word_1_726' title='bbox 678 5452 832 5523; x_wconf 90' lang='lat' dir='ltr'>quod</span> <span class='ocrx_word' id='word_1_727' title='bbox 885 5451 1030 5508; x_wconf 85' lang='lat' dir='ltr'>salvi</span> <span class='ocrx_word' id='word_1_728' title='bbox 1064 5463 1460 5527; x_wconf 88' lang='lat' dir='ltr'>superessent.</span> <span class='ocrx_word' id='word_1_729' title='bbox 1493 5460 1753 5518; x_wconf 89' lang='lat' dir='ltr'>Joannes</span> <span class='ocrx_word' id='word_1_730' title='bbox 1787 5467 1982 5519; x_wconf 91' lang='lat' dir='ltr'>autem</span> 
     </span>
    </p>
   </div>
   <div class='ocr_carea' id='block_1_103' title="bbox 342 5540 1982 5619">
    <p class='ocr_par' dir='ltr' id='par_1_103' title="bbox 342 5540 1982 5619">
     <span class='ocr_line' id='line_1_107' title="bbox 342 5540 1982 5619; baseline 0.004 -20"><span class='ocrx_word' id='word_1_731' title='bbox 342 5543 653 5615; x_wconf 89' lang='lat' dir='ltr'>quieturos</span> <span class='ocrx_word' id='word_1_732' title='bbox 682 5541 843 5613; x_wconf 90' lang='lat' dir='ltr'>ipsos</span> <span class='ocrx_word' id='word_1_733' title='bbox 872 5540 930 5595; x_wconf 92' lang='lat' dir='ltr'>in</span> <span class='ocrx_word' id='word_1_734' title='bbox 962 5547 1261 5613; x_wconf 90' lang='lat' dir='ltr'>posterum</span> <span class='ocrx_word' id='word_1_735' title='bbox 1295 5554 1453 5604; x_wconf 91' lang='lat' dir='ltr'>certo</span> <span class='ocrx_word' id='word_1_736' title='bbox 1485 5550 1835 5619; x_wconf 87' lang='lat' dir='ltr'>confidebat,</span> <span class='ocrx_word' id='word_1_737' title='bbox 1866 5567 1982 5607; x_wconf 92' lang='lat' dir='ltr'>non</span> 
     </span>
    </p>
   </div>
   <div class='ocr_carea' id='block_1_104' title="bbox 345 5630 1982 5709">
    <p class='ocr_par' dir='ltr' id='par_1_104' title="bbox 345 5630 1982 5709">
     <span class='ocr_line' id='line_1_108' title="bbox 345 5630 1982 5709; baseline 0.006 -21"><span class='ocrx_word' id='word_1_738' title='bbox 345 5632 625 5705; x_wconf 87' lang='lat' dir='ltr'>quoniam</span> <span class='ocrx_word' id='word_1_739' title='bbox 642 5631 952 5704; x_wconf 88' lang='lat' dir='ltr'>promissis</span> <span class='ocrx_word' id='word_1_740' title='bbox 972 5630 1232 5704; x_wconf 86' lang='lat' dir='ltr'>ipsorum</span> <span class='ocrx_word' id='word_1_741' title='bbox 1255 5637 1510 5695; x_wconf 89' lang='lat' dir='ltr'>multum</span> <span class='ocrx_word' id='word_1_742' title='bbox 1530 5640 1666 5696; x_wconf 83' lang='lat' dir='ltr'>fidei</span> <span class='ocrx_word' id='word_1_743' title='bbox 1681 5640 1982 5709; x_wconf 90' lang='lat' dir='ltr'>tribueret,</span> 
     </span>
    </p>
   </div>
   <div class='ocr_carea' id='block_1_105' title="bbox 346 5721 1985 5797">
    <p class='ocr_par' dir='ltr' id='par_1_105' title="bbox 346 5721 1985 5797">
     <span class='ocr_line' id='line_1_109' title="bbox 346 5721 1985 5797; baseline 0.005 -16"><span class='ocrx_word' id='word_1_744' title='bbox 346 5723 450 5781; x_wconf 91' lang='lat' dir='ltr'>sed</span> <span class='ocrx_word' id='word_1_745' title='bbox 498 5722 638 5797; x_wconf 88' lang='lat' dir='ltr'>quia</span> <span class='ocrx_word' id='word_1_746' title='bbox 685 5721 797 5781; x_wconf 90' lang='lat' dir='ltr'>sibi</span> <span class='ocrx_word' id='word_1_747' title='bbox 844 5721 1117 5782; x_wconf 88' lang='lat' dir='ltr'>conscius</span> <span class='ocrx_word' id='word_1_748' title='bbox 1165 5730 1223 5782; x_wconf 89' lang='lat' dir='ltr'>et</span> <span class='ocrx_word' id='word_1_749' title='bbox 1249 5727 1461 5786; x_wconf 90' lang='lat' dir='ltr'>virium</span> <span class='ocrx_word' id='word_1_750' title='bbox 1489 5736 1547 5787; x_wconf 87' lang='lat' dir='ltr'>et</span> <span class='ocrx_word' id='word_1_751' title='bbox 1575 5730 1757 5787; x_wconf 89' lang='lat' dir='ltr'>animi</span> <span class='ocrx_word' id='word_1_752' title='bbox 1780 5733 1852 5788; x_wconf 88' lang='lat' dir='ltr'>ad</span> <span class='ocrx_word' id='word_1_753' title='bbox 1884 5749 1985 5791; x_wconf 90' lang='lat' dir='ltr'>eos</span> 
     </span>
    </p>
   </div>
   <div class='ocr_carea' id='block_1_106' title="bbox 2086 4740 3739 4822">
    <p class='ocr_par' dir='ltr' id='par_1_106' title="bbox 2086 4740 3739 4822">
     <span class='ocr_line' id='line_1_110' title="bbox 2086 4740 3739 4822; baseline -0.007 -17"><span class='ocrx_word' id='word_1_754' title='bbox 2086 4750 2474 4822; x_wconf 88' lang='lat' dir='ltr'>nes,itemque</span> <span class='ocrx_word' id='word_1_755' title='bbox 2504 4747 2927 4821; x_wconf 87' lang='lat' dir='ltr'>Paphlagonia;</span> <span class='ocrx_word' id='word_1_756' title='bbox 2962 4746 3134 4817; x_wconf 89' lang='lat' dir='ltr'>cujus</span> <span class='ocrx_word' id='word_1_757' title='bbox 3154 4744 3234 4801; x_wconf 91' lang='lat' dir='ltr'>rei</span> <span class='ocrx_word' id='word_1_758' title='bbox 3254 4758 3435 4799; x_wconf 85' lang='lat' dir='ltr'>causa</span> <span class='ocrx_word' id='word_1_759' title='bbox 3449 4740 3573 4796; x_wconf 65' lang='lat' dir='ltr'>haec</span> <span class='ocrx_word' id='word_1_760' title='bbox 3591 4745 3739 4795; x_wconf 86' lang='lat' dir='ltr'>erat.</span> 
     </span>
    </p>
   </div>
   <div class='ocr_carea' id='block_1_107' title="bbox 2083 4827 3744 4911">
    <p class='ocr_par' dir='ltr' id='par_1_107' title="bbox 2083 4827 3744 4911">
     <span class='ocr_line' id='line_1_111' title="bbox 2083 4827 3744 4911; baseline -0.007 -17"><span class='ocrx_word' id='word_1_761' title='bbox 2083 4841 2410 4911; x_wconf 88' lang='lat' dir='ltr'>Imperator</span> <span class='ocrx_word' id='word_1_762' title='bbox 2431 4839 2509 4895; x_wconf 89' lang='lat' dir='ltr'>iis</span> <span class='ocrx_word' id='word_1_763' title='bbox 2539 4855 2666 4910; x_wconf 78' lang='lat' dir='ltr'>quae</span> <span class='ocrx_word' id='word_1_764' title='bbox 2687 4837 3061 4909; x_wconf 89' lang='lat' dir='ltr'>superiorum</span> <span class='ocrx_word' id='word_1_765' title='bbox 3083 4831 3423 4906; x_wconf 88' lang='lat' dir='ltr'>principum</span> <span class='ocrx_word' id='word_1_766' title='bbox 3445 4827 3744 4901; x_wconf 80' lang='lat' dir='ltr'>parcimu-</span> 
     </span>
    </p>
   </div>
   <div class='ocr_carea' id='block_1_108' title="bbox 2087 4917 3744 5001">
    <p class='ocr_par' dir='ltr' id='par_1_108' title="bbox 2087 4917 3744 5001">
     <span class='ocr_line' id='line_1_112' title="bbox 2087 4917 3744 5001; baseline -0.008 -17"><span class='ocrx_word' id='word_1_767' title='bbox 2087 4929 2188 4984; x_wconf 89' lang='lat' dir='ltr'>nia</span> <span class='ocrx_word' id='word_1_768' title='bbox 2243 4931 2618 5001; x_wconf 89' lang='lat' dir='ltr'>congesserat</span> <span class='ocrx_word' id='word_1_769' title='bbox 2673 4925 3040 4998; x_wconf 89' lang='lat' dir='ltr'>consumptis</span> <span class='ocrx_word' id='word_1_770' title='bbox 3070 4923 3131 4980; x_wconf 91' lang='lat' dir='ltr'>in</span> <span class='ocrx_word' id='word_1_771' title='bbox 3188 4926 3276 4978; x_wconf 85' lang='lat' dir='ltr'>tot</span> <span class='ocrx_word' id='word_1_772' title='bbox 3300 4917 3643 4992; x_wconf 84' lang='lat' dir='ltr'>largitiones</span> <span class='ocrx_word' id='word_1_773' title='bbox 3676 4931 3744 4971; x_wconf 88' lang='lat' dir='ltr'>ac</span> 
     </span>
    </p>
   </div>
   <div class='ocr_carea' id='block_1_109' title="bbox 2090 5010 3744 5088">
    <p class='ocr_par' dir='ltr' id='par_1_109' title="bbox 2090 5010 3744 5088">
     <span class='ocr_line' id='line_1_113' title="bbox 2090 5010 3744 5088; baseline -0.008 -14"><span class='ocrx_word' id='word_1_774' title='bbox 2090 5018 2367 5074; x_wconf 88' lang='lat' dir='ltr'>donativa</span> <span class='ocrx_word' id='word_1_775' title='bbox 2386 5017 2679 5073; x_wconf 88' lang='lat' dir='ltr'>ambitosa</span> <span class='ocrx_word' id='word_1_776' title='bbox 2709 5021 3110 5088; x_wconf 64' lang='lat' dir='ltr'>preetereaque</span> <span class='ocrx_word' id='word_1_777' title='bbox 3131 5013 3191 5067; x_wconf 91' lang='lat' dir='ltr'>in</span> <span class='ocrx_word' id='word_1_778' title='bbox 3216 5010 3475 5083; x_wconf 89' lang='lat' dir='ltr'>pretiosa</span> <span class='ocrx_word' id='word_1_779' title='bbox 3492 5021 3744 5063; x_wconf 87' lang='lat' dir='ltr'>munera</span> 
     </span>
    </p>
   </div>
   <div class='ocr_carea' id='block_1_110' title="bbox 2093 5092 3747 5179">
    <p class='ocr_par' dir='ltr' id='par_1_110' title="bbox 2093 5092 3747 5179">
     <span class='ocr_line' id='line_1_114' title="bbox 2093 5092 3747 5179; baseline -0.01 -16"><span class='ocrx_word' id='word_1_780' title='bbox 2093 5107 2462 5179; x_wconf 89' lang='lat' dir='ltr'>principibus</span> <span class='ocrx_word' id='word_1_781' title='bbox 2493 5109 2596 5161; x_wconf 90' lang='lat' dir='ltr'>aut</span> <span class='ocrx_word' id='word_1_782' title='bbox 2624 5104 2837 5160; x_wconf 81' lang='lat' dir='ltr'>exteris</span> <span class='ocrx_word' id='word_1_783' title='bbox 2869 5104 3148 5176; x_wconf 87' lang='lat' dir='ltr'>gentibus</span> <span class='ocrx_word' id='word_1_784' title='bbox 3180 5099 3385 5164; x_wconf 90' lang='lat' dir='ltr'>missa,</span> <span class='ocrx_word' id='word_1_785' title='bbox 3409 5096 3633 5168; x_wconf 88' lang='lat' dir='ltr'>quibus</span> <span class='ocrx_word' id='word_1_786' title='bbox 3656 5092 3747 5148; x_wconf 86' lang='lat' dir='ltr'>illi</span> 
     </span>
    </p>
   </div>
   <div class='ocr_carea' id='block_1_111' title="bbox 2092 5188 3746 5259">
    <p class='ocr_par' dir='ltr' id='par_1_111' title="bbox 2092 5188 3746 5259">
     <span class='ocr_line' id='line_1_115' title="bbox 2092 5188 3746 5259; baseline -0.01 -3"><span class='ocrx_word' id='word_1_787' title='bbox 2092 5202 2163 5256; x_wconf 89' lang='lat' dir='ltr'>ad</span> <span class='ocrx_word' id='word_1_788' title='bbox 2221 5200 2417 5255; x_wconf 87' lang='lat' dir='ltr'>federa</span> <span class='ocrx_word' id='word_1_789' title='bbox 2472 5203 2531 5255; x_wconf 88' lang='lat' dir='ltr'>et</span> <span class='ocrx_word' id='word_1_790' title='bbox 2563 5197 2875 5254; x_wconf 88' lang='lat' dir='ltr'>societates</span> <span class='ocrx_word' id='word_1_791' title='bbox 2936 5195 3337 5259; x_wconf 88' lang='lat' dir='ltr'>allicerentur,</span> <span class='ocrx_word' id='word_1_792' title='bbox 3389 5188 3746 5246; x_wconf 87' lang='lat' dir='ltr'>exhaustum</span> 
     </span>
    </p>
   </div>
   <div class='ocr_carea' id='block_1_112' title="bbox 2092 5284 3751 5360">
    <p class='ocr_par' dir='ltr' id='par_1_112' title="bbox 2092 5284 3751 5360">
     <span class='ocr_line' id='line_1_116' title="bbox 2092 5284 3751 5360; baseline -0.009 -15"><span class='ocrx_word' id='word_1_793' title='bbox 2092 5290 2362 5346; x_wconf 83' lang='lat' dir='ltr'>aerarium</span> <span class='ocrx_word' id='word_1_794' title='bbox 2414 5286 2692 5360; x_wconf 88' lang='lat' dir='ltr'>supplere</span> <span class='ocrx_word' id='word_1_795' title='bbox 2731 5287 2936 5343; x_wconf 88' lang='lat' dir='ltr'>crebro</span> <span class='ocrx_word' id='word_1_796' title='bbox 2992 5284 3196 5340; x_wconf 89' lang='lat' dir='ltr'>missis</span> <span class='ocrx_word' id='word_1_797' title='bbox 3246 5297 3350 5354; x_wconf 91' lang='lat' dir='ltr'>per</span> <span class='ocrx_word' id='word_1_798' title='bbox 3378 5293 3586 5335; x_wconf 90' lang='lat' dir='ltr'>omnes</span> <span class='ocrx_word' id='word_1_799' title='bbox 3619 5292 3751 5348; x_wconf 88' lang='lat' dir='ltr'>pro-</span> 
     </span>
    </p>
   </div>
   <div class='ocr_carea' id='block_1_113' title="bbox 2094 5364 3749 5450">
    <p class='ocr_par' dir='ltr' id='par_1_113' title="bbox 2094 5364 3749 5450">
     <span class='ocr_line' id='line_1_117' title="bbox 2094 5364 3749 5450; baseline -0.01 -15"><span class='ocrx_word' id='word_1_800' title='bbox 2094 5379 2318 5435; x_wconf 86' lang='lat' dir='ltr'>vincias</span> <span class='ocrx_word' id='word_1_801' title='bbox 2368 5378 2469 5450; x_wconf 92' lang='lat' dir='ltr'>qui</span> <span class='ocrx_word' id='word_1_802' title='bbox 2529 5374 2810 5449; x_wconf 90' lang='lat' dir='ltr'>pecunias</span> <span class='ocrx_word' id='word_1_803' title='bbox 2867 5374 3233 5446; x_wconf 88' lang='lat' dir='ltr'>colligerent,</span> <span class='ocrx_word' id='word_1_804' title='bbox 3283 5368 3548 5426; x_wconf 90' lang='lat' dir='ltr'>curabat.</span> <span class='ocrx_word' id='word_1_805' title='bbox 3580 5364 3749 5422; x_wconf 86' lang='lat' dir='ltr'>Haud</span> 
     </span>
    </p>
   </div>
   <div class='ocr_carea' id='block_1_114' title="bbox 2093 5451 3753 5540">
    <p class='ocr_par' dir='ltr' id='par_1_114' title="bbox 2093 5451 3753 5540">
     <span class='ocr_line' id='line_1_118' title="bbox 2093 5451 3753 5540; baseline -0.01 -16"><span class='ocrx_word' id='word_1_806' title='bbox 2093 5484 2264 5540; x_wconf 87' lang='lat' dir='ltr'>porro</span> <span class='ocrx_word' id='word_1_807' title='bbox 2312 5466 2433 5522; x_wconf 90' lang='lat' dir='ltr'>scio</span> <span class='ocrx_word' id='word_1_808' title='bbox 2495 5482 2567 5520; x_wconf 91' lang='lat' dir='ltr'>an</span> <span class='ocrx_word' id='word_1_809' title='bbox 2622 5480 2763 5519; x_wconf 89' lang='lat' dir='ltr'>vera</span> <span class='ocrx_word' id='word_1_810' title='bbox 2811 5462 2914 5518; x_wconf 90' lang='lat' dir='ltr'>illa</span> <span class='ocrx_word' id='word_1_811' title='bbox 2965 5463 3142 5518; x_wconf 89' lang='lat' dir='ltr'>fuerit</span> <span class='ocrx_word' id='word_1_812' title='bbox 3173 5454 3496 5516; x_wconf 81' lang='lat' dir='ltr'>exinanitio</span> <span class='ocrx_word' id='word_1_813' title='bbox 3528 5451 3753 5525; x_wconf 90' lang='lat' dir='ltr'>publici</span> 
     </span>
    </p>
   </div>
   <div class='ocr_carea' id='block_1_115' title="bbox 2092 5539 3750 5626">
    <p class='ocr_par' dir='ltr' id='par_1_115' title="bbox 2092 5539 3750 5626">
     <span class='ocr_line' id='line_1_119' title="bbox 2092 5539 3750 5626; baseline -0.012 -11"><span class='ocrx_word' id='word_1_814' title='bbox 2092 5539 2460 5625; x_wconf 85' lang='lat' dir='ltr'>thesauri,an</span> <span class='ocrx_word' id='word_1_815' title='bbox 2495 5571 2610 5612; x_wconf 92' lang='lat' dir='ltr'>non</span> <span class='ocrx_word' id='word_1_816' title='bbox 2644 5554 3027 5626; x_wconf 89' lang='lat' dir='ltr'>potius,quod</span> <span class='ocrx_word' id='word_1_817' title='bbox 3064 5552 3307 5624; x_wconf 89' lang='lat' dir='ltr'>quidam</span> <span class='ocrx_word' id='word_1_818' title='bbox 3328 5539 3750 5615; x_wconf 89' lang='lat' dir='ltr'>introspicien-</span> 
     </span>
    </p>
   </div>
   <div class='ocr_carea' id='block_1_116' title="bbox 2093 5629 3747 5720">
    <p class='ocr_par' dir='ltr' id='par_1_116' title="bbox 2093 5629 3747 5720">
     <span class='ocr_line' id='line_1_120' title="bbox 2093 5629 3747 5720; baseline -0.01 -17"><span class='ocrx_word' id='word_1_819' title='bbox 2093 5651 2183 5704; x_wconf 88' lang='lat' dir='ltr'>tes</span> <span class='ocrx_word' id='word_1_820' title='bbox 2233 5645 2490 5720; x_wconf 85' lang='lat' dir='ltr'>penitius</span> <span class='ocrx_word' id='word_1_821' title='bbox 2529 5643 3121 5709; x_wconf 86' lang='lat' dir='ltr'>submurmurabant,</span> <span class='ocrx_word' id='word_1_822' title='bbox 3153 5639 3476 5711; x_wconf 84' lang='lat' dir='ltr'>imperator</span> <span class='ocrx_word' id='word_1_823' title='bbox 3495 5648 3564 5689; x_wconf 90' lang='lat' dir='ltr'>eo</span> <span class='ocrx_word' id='word_1_824' title='bbox 3597 5629 3747 5687; x_wconf 86' lang='lat' dir='ltr'>falso</span> 
     </span>
    </p>
   </div>
   <div class='ocr_carea' id='block_1_117' title="bbox 2092 5719 3739 5809">
    <p class='ocr_par' dir='ltr' id='par_1_117' title="bbox 2092 5719 3739 5809">
     <span class='ocr_line' id='line_1_121' title="bbox 2092 5719 3739 5809; baseline -0.013 -15"><span class='ocrx_word' id='word_1_825' title='bbox 2092 5719 2375 5809; x_wconf 79' lang='lat' dir='ltr'>praetextu</span> <span class='ocrx_word' id='word_1_826' title='bbox 2407 5737 2808 5802; x_wconf 89' lang='lat' dir='ltr'>obtento,vere</span> <span class='ocrx_word' id='word_1_827' title='bbox 2826 5738 3093 5791; x_wconf 87' lang='lat' dir='ltr'>metuens</span> <span class='ocrx_word' id='word_1_828' title='bbox 3120 5747 3192 5789; x_wconf 91' lang='lat' dir='ltr'>ne</span> <span class='ocrx_word' id='word_1_829' title='bbox 3207 5719 3739 5805; x_wconf 75' lang='lat' dir='ltr'>propterinvidiam</span> 
     </span>
    </p>
   </div>
  </div>
