4112 6414
345 400 454 456 667

1649 411 1947 467 GEORGII
1987 413 2453 470 PACHYMERE

3665 415 3787 472 668

348 524 459 600 κγ’.
491 523 576 613 Td
634 525 760 613 περὶ
796 530 915 613 “rei?
972 530 1233 613 φανέντος
1278 532 1543 613 ξτομήτου
1577 533 1660 613 ’ἐκ
1719 530 1893 613 βορῤἇ
1921 528 2013 587 ἐπῖ
2041 535 2095 603 Α
2124 535 2376 609 περὶτοῦ
2419 537 2788 613 πατριάρχου.
2842 537 2993 593 Ἐκτῖ
3040 535 3143 613 γὰρ
3190 536 3280 592 καὶ
3326 556 3467 592 τισιν
3511 536 3788 594 ἐκινοῦντο

427 597 563 679 μησὶ
617 597 734 679 τοῖς
784 597 1020 679 θέρους,
1238 608 1337 679 τῆς
1366 597 1376 604 ’
1409 597 1497 679 ἐπὶ
1574 597 1729 659 δύσιν
1777 597 2008 679 ἐποτρα-

421 668 567 755 τείας
622 674 719 755 τοῦ
780 668 1079 747 βασιλέως.
1156 674 1257 731 Καὶ
1294 668 1453 752 ’περὶ
1509 681 1610 731 τοῦ
1661 668 2009 755 πατριάρχου

418 740 611 815 ’Ἂρσεν
623 739 704 796 ίου
718 784 729 798 .

427 895 490 967 [Ρ
521 895 645 967 149]
686 894 839 949 Οὕτω
895 894 1076 952 τοίνυν
1134 897 1349 953 ἐκείνων
1407 901 1783 975 κακουμένων,
1836 898 2007 974 ἀστὴρ

347 986 603 1057 κομήτης
657 982 717 1038 ἐκ
765 981 979 1048 δώσεως
1032 988 1169 1041 κατὰ
1221 988 1285 1043 τὸ
1344 988 1566 1045 ἑωθινὸν
1626 989 1924 1063 ἐξέλαμπεν
1958 988 2010 1059 ἐξ

348 1074 485 1146 ἦρος
530 1071 583 1135 ἐς
635 1074 1006 1150 φθινόπωρον,
1066 1072 1249 1154 ἐφόϐει
1305 1075 1363 1133 δὲ
1409 1078 1535 1142 τοὺς
1579 1081 1821 1155 ὁρῶντας
1877 1077 2010 1155 πυρὶ

348 1159 555 1216 καπνὸν
607 1162 915 1235 σύμμικτον
967 1164 1339 1239 ἀποπάλλων,
1389 1165 1463 1232 ὥς
1490 1189 1543 1223 τι
1573 1169 1738 1223 κακὸν
1797 1187 2009 1243 προση-

352 1249 701 1323 μαίνων.Ἠν
730 1250 855 1328 γὰρ,
891 1252 991 1308 οὐκ
1035 1255 1126 1325 ᾖν,
1171 1256 1516 1333 φαινόμένων
1559 1257 1824 1313 τοιούτων
1874 1255 2009 1329 ἐξαι-

349 1340 479 1393 σίων
512 1341 629 1395 κατ’
678 1341 908 1418 οὐρανὸν
962 1343 1129 1414 οὕτω,
1164 1346 1240 1416 μὴ
1299 1346 1390 1400 καὶ
1445 1368 1568 1402 τινα
1596 1346 1733 1402 κατὰ
1755 1352 1857 1423 γῆν
1916 1347 2005 1401 καὶ

344 1425 468 1497 ἔθνη
498 1429 643 1504 παρὰ
692 1430 755 1485 τὸ
813 1443 1041 1500 συνηθες
1093 1434 1354 1508 γίνεσθαι.
1414 1436 1475 1492 Εἰ
1534 1433 1592 1491 δὲ
1621 1436 1710 1491 καὶ
1750 1439 1860 1490 τῶν
1914 1456 2009 1490 κο-

351 1521 541 1589 μητῶν
571 1518 673 1572 εἶεν
734 1519 785 1573 οἱ
837 1516 1233 1597 φοϐερώτατοι,
1286 1524 1363 1587 ὡς
1410 1523 1617 1587 ἐλεῖνος
1662 1527 1730 1594 ἦν
1779 1524 1901 1580 τότε
1945 1525 2009 1580 τὸ

344 1606 509 1661 κακὸν
560 1604 843 1684 πρόδηλον
893 1608 1276 1686 ἐλευσόμενον.
1330 1614 1643 1692 Μαρτύριον
1678 1611 1737 1670 δὲ
1781 1618 1880 1669 τοῦ
1912 1612 2008 1669 λό-

2125 620 2286 700 λόγοι
2319 626 2456 702 πρὸς
2488 625 2692 682 ἐκεῖνον
2740 626 3158 704 ἀναφερόμενοι,
3183 622 3442 702 ἔγκλημα
3493 627 3571 689 ὡς
3622 624 3780 698 δῆθεν

2122 714 2525 782 καθοσιώσεως,
2574 713 2665 769 καὶ
2717 711 2807 769 διὰ
2851 718 3018 770 ταῦτα
3080 713 3405 789 διεμηνόετο
3457 714 3548 770 καὶ
3601 717 3631 771 ὁ
3677 737 3784 772 πα-

2122 802 2395 876 τριάρχης
2428 801 2564 857 κατᾶ
2610 802 2874 858 Ξάνθειαν
2927 804 3188 874 ἀπαντᾷν,
3220 803 3576 879 πεμφθέντων
3630 802 3783 860 δυοῖν

2123 888 2433 967 ἆρχειρέοιν
2463 890 2539 953 εἷς
2568 896 2751 950 τοῦτο.
2811 892 3068 956 Κάκεῖνος
3121 893 3233 967 οὐχ
3284 892 3592 963 ὑπακούων,
3627 895 3784 967 ὅμως

2120 978 2213 1033 τὸν
2242 979 2427 1051 καιρὸν
2481 981 2541 1053 [Ρ
2591 982 2715 1053 150]
2764 980 3099 1056 θεραπεύων,
3148 980 3238 1037 καί
3290 983 3427 1063 ἅπαξ
3476 983 3567 1038 καὶ
3610 981 3694 1046 δὶς
3727 982 3789 1039 ἐκ

2118 1072 2226 1122 τῶν
2274 1073 2372 1124 τοῦ
2418 1066 2632 1143 κλήρου
2692 1071 2769 1132 ὡς
2824 1069 3049 1147 βασιλία
3096 1070 3419 1143 ἀπέστελλε,
3468 1076 3633 1128 τοῦτο
3686 1074 3784 1147 μὲν

2120 1157 2209 1213 καὶ
2270 1158 2563 1234 εἶρηνικῶς
2604 1159 2728 1235 περὶ
2783 1165 2891 1215 τῶν
2948 1161 3249 1236 βασιλικῶν
3300 1161 3496 1237 ὗγειῶν
3535 1164 3787 1235 μαθησό-

2124 1268 2286 1321 μενος
2342 1251 2503 1303 τοῦτο
2558 1246 2616 1304 δὲ
2672 1247 2761 1303 καὶ
2816 1249 2915 1304 ἀνὰ
2974 1249 3138 1325 μέρος
3193 1248 3642 1325 ἀπολογούμενος
3699 1253 3782 1325 τῷ

2119 1338 2456 1412 προστείνειν
2484 1337 2659 1393 αἰτίαν
2694 1335 2962 1394 δολοῦσαν
3005 1335 3231 1415 εὔλογον
3279 1343 3376 1394 τοῦ
3424 1341 3501 1413 μὴ
3542 1341 3786 1416 παραγί-

2118 1429 2403 1492 νεσθαι.’0
2436 1427 2530 1501 μὲν
2582 1426 2674 1483 οὖν
2738 1428 2993 1503 βασιλεὺς
3048 1429 3184 1484 ἑκὼν
3242 1430 3388 1485 ἄκων
3444 1431 3541 1492 τὰς
3570 1429 3782 1486 ἀπολο-

2118 1516 2238 1593 γίας
2298 1515 2517 1593 ἐδέχετο
2582 1516 2673 1572 καὶ
2726 1523 3111 1593 προσεποιεῖτο
3169 1517 3264 1581 τὰς
3321 1518 3636 1594 εἰρηνικὰς,
3693 1521 3787 1575 καὶ

2122 1608 2258 1678 πρὸς
2303 1608 2397 1680 μὲν
2457 1608 2550 1663 τὸν
2627 1610 2976 1684 πατριάρχην
3054 1607 3409 1681 ἀντιπέμπων
3470 1611 3536 1664 τὰ
3593 1609 3788 1688 φιλικᾶ

344 1717 447 1771 γου
478 1695 568 1751 καὶ
598 1696 661 1751 τὸ
711 1696 1035 1773 λεγόμενον,
1087 1726 1114 1755 ‹‹
1150 1700 1345 1768 Οὐδεὶς
1384 1707 1639 1778 κομήτης
1676 1703 1832 1766 ,ὅστις
1863 1700 1946 1760 οὔ.
1982 1726 2008 1755 n
2125 1696 2459 1772 ὑπεκρίνετο,
2510 1697 2600 1751 καὶ
2650 1697 2702 1751 οἱ
2755 1696 2999 1770 εὐμενῶς
3046 1695 3192 1772 ἔχειν
3237 1695 3436 1754 ἐδόκει.
3498 1702 3636 1762 Τοῖς
3687 1700 3785 1773 μὲν

346 1787 685 1861 προστιθεῖσι
740 1790 843 1864 γὰρ
891 1791 981 1844 καὶ
1028 1791 1091 1846 τὸ
1153 1795 1350 1849 Λοιπὸν
1411 1796 1463 1849 ο⁷ι
1518 1793 1575 1848 εὖ
1641 1792 1847 1856 εἰδότες
1900 1796 2008 1848 τῶν
2121 1786 2210 1840 οὖν
2242 1785 2607 1861 ἀρχιερεῦσιν,
2669 1785 2744 1849 ὡς
2801 1786 3001 1841 ἐννοεῖν
3061 1788 3150 1855 ἦν,
3212 1784 3338 1843 οὐδὲ
3383 1789 3488 1863 γὰρ
3538 1788 3692 1866 ἠφίει
3721 1789 3786 1843 τὸ

345 1874 632 1947 τοιούτων,
659 1876 722 1932 τὸ
760 1898 781 1928 ι
813 1879 967 1953 φύσει
1015 1881 1204 1953 κακός,
1237 1884 1345 1945 »ὡς
1393 1882 1636 1960 γίνεσθαι
1680 1883 1744 1938 τὸ
1792 1883 2009 1956 σύμπαν
2039 1909 2089 1975 Β
2119 1872 2378 1949 ἔγκλημα
2424 1875 2562 1929 κατᾶ
2610 1874 2673 1929 τὸ
2731 1872 2969 1943 λεληθὸς
3019 1874 3087 1929 τὰ
3141 1875 3267 1950 περὶ
3322 1875 3520 1931 τούτου
3578 1881 3785 1947 ζητεῖν·

352 1959 377 1975 υ
458 1958 487 1975 ο
2164 1961 2235 1975 ....
2315 1964 2327 1975 .
2406 1964 2420 1975 .
2511 1967 2539 1975 ..
2650 1960 2674 1975 κ
2920 1968 2942 1975 _
3156 1961 3202 1975 υ.
3408 1966 3422 1975 .
3588 1970 3615 1975 _

350 1958 572 2035 ἴαμϐον.
1410 1958 1417 1960 ⁷
2039 1958 2088 1975 δυ
2120 1961 2248 2019 οὐδὲ
2270 1964 2370 2038 γὰρ
2403 1964 2595 2040 ἐχρῆν,
2646 1960 2986 2040 δημηγορῶν
3016 1985 3099 2026 τις
3154 1961 3331 2040 ἔλεγε,
3363 1966 3463 2034 τήν
3522 1970 3619 2021 τοῦ
3650 1987 3786 2021 παν-

422 2052 563 2110 Τότε
617 2055 796 2111 τοίνυν
847 2054 1002 2131 δόξαν
1053 2064 1132 2132 τῷ
1188 2057 1404 2137 βασιλεῖ
1458 2065 1565 2115 τῶν
1628 2058 1860 2115 δυτικῶν
1917 2058 2009 2115 καὶ
2115 2053 2208 2115 τὸς
2239 2049 2464 2128 καρδίαν
2506 2052 2597 2107 τὸν
2638 2051 2865 2127 βασιλέα
2895 2053 2970 2126 μὴ
3024 2054 3172 2127 παρὰ
3217 2059 3322 2123 τῆς
3355 2053 3652 2125 ἐκκλησίας
3681 2056 3785 2124 τήν

350 2138 503 2206 αὖθις
532 2145 886 2217 κινουμένων,
931 2148 1005 2209 ὡς
1051 2149 1143 2203 καὶ
1190 2154 1573 2223 παρασπᾶσθαι
1618 2154 1744 2223 παρ’
1792 2146 2008 2202 ἐκείνων
2119 2141 2317 2215 θάλψιν
2346 2140 2519 2217 ἔχειν,
2549 2138 2675 2197 ἀλλ’
2727 2141 2926 2197 ἐκεῖθεν
2976 2142 3052 2204 ὥς
3098 2163 3217 2197 τινα
3265 2145 3598 2220 φθοροποιὸν
3649 2143 3781 2217 ἀέρα

347 2231 417 2286 τὰ
444 2230 675 2306 τούτων,
722 2233 826 2290 οὐκ
873 2235 1062 2313 ὀλίγας
1114 2234 1369 2312 δυνάμεις
1409 2239 1725 2315 συναγαγὼν
1769 2244 1871 2306 τῆς
1920 2235 2008 2292 ἐπὶ
2114 2232 2216 2301 τήν
2273 2229 2519 2286 δύσνοιαν
2578 2227 2964 2306 εἴσδεχόμενον
3015 2229 3348 2287 κινδυνεύειν
3379 2275 3391 2289 .
3449 2232 3548 2289 Καὶ
3606 2235 3776 2286 ταῦτα

347 2326 447 2390 τῆς
506 2322 904 2395 Θεσσαλονίκης
959 2326 1204 2397 ἥπτετο,
1266 2328 1343 2391 ὡς
1399 2327 1599 2384 ἐκεῖθεν
1661 2325 2006 2403 συναρτύσων
2121 2322 2216 2395 μὲν
2251 2322 2279 2377 ὁ
2308 2325 2520 2396 κρατῶν
2546 2321 2637 2377 καὶ
2670 2319 2816 2376 ἄλλα
2863 2318 3150 2398 προῦτεινε
3198 2321 3450 2395 πλεῖστα,
3481 2322 3782 2398 ’ἀποπροσ-

343 2410 413 2464 tot
439 2413 538 2464 τοῦ
568 2409 841 2486 πολέμου.
876 2414 970 2478 Εἲς
1000 2418 1266 2472 Ξάθθειαν
1319 2415 1410 2472 οὖν
1450 2418 1790 2487 καταντήσας
1840 2416 2011 2471 ἐκεῖσε
2117 2409 2450 2485 ποιούμενος
2486 2411 2579 2485 μὲν
2630 2411 2729 2479 τὴν
2780 2412 2917 2488 πρὸς
2967 2412 3059 2467 τὸν
3106 2412 3458 2490 πατριάρχην
3511 2408 3778 2467 δοκοῦσαν

342 2505 635 2576 κατασχεῖν
685 2499 827 2579 ἔγνω
878 2502 1357 2582 διαχειμεριούσας
1405 2506 1500 2567 τὰς
1553 2506 1847 2578 συντάξεις.
1897 2507 2009 2562 Τοῦ
2118 2499 2436 2575 δυσμένειαν
2470 2545 2483 2571 ,
2565 2499 2790 2564 ἐκείνοις
2847 2499 2905 2557 δὲ
2960 2502 3342 2576 προανατιθεὶς
3421 2500 3637 2579 ἐρευνᾷν
3712 2500 3789 2565 ὡς

341 2594 536 2663 καιροῦ
591 2596 720 2665 γοῦν
776 2589 1128 2669 τριϐομένου,
1178 2628 1248 2639 -—
1307 2597 1663 2671 συνήχθησαν
1715 2595 1815 2671 γὰρ
1871 2593 2009 2670 ἀμφ’
2117 2588 2262 2662 ἄξιον
2291 2586 2348 2647 ὅν
2385 2595 2659 2662 ζητεῖσθαι
2692 2590 2830 2647 κατὰ
2857 2590 3072 2668 σχολὴν
3103 2592 3171 2647 τὰ
3197 2590 3521 2666 κινούμενα.

342 2675 545 2732 ἐκεῖνον
590 2680 683 2736 καὶ
728 2686 839 2737 τῶν
891 2683 1166 2761 ἱεραρχῶν
1213 2685 1314 2742 οὐκ
1357 2680 1562 2760 ὀλίγοι,
1604 2684 1695 2740 καὶ
1724 2686 1788 2753 ἦν
1819 2683 2007 2757 σκέψις

339 2990 432 3047 23.
467 2993 541 3075 lic
568 3000 774 3075 cometa
818 3000 1093 3075 experte
1140 2993 1682 3075 lmrealiapparentc
1718 2989 1995 3075 mensibus
2098 2988 2310 3059 jussus
2342 2987 2412 3042 ad
2455 2987 2790 3044 Xantheam
2823 3003 2888 3044 se
2913 2988 3145 3058 sistere,
3193 2989 3429 3048 duobus
3478 2990 3551 3045 ad
3600 2988 3779 3047 illum

410 3065 637 3151 aestiuis,
748 3063 1097 3151 capeditione
1127 3063 1490 3151 imperatoris
1521 3066 1581 3121 in
1612 3063 1992 3129 Occidentem;

2110 3075 2419 3133 anlistibus
2448 3092 2513 3132 ea
2543 3091 2722 3134 causa
2767 3077 2990 3135 missis.
3040 3081 3168 3135 Non
3219 3079 3418 3149 paruit
3471 3078 3573 3135 ille
3630 3079 3775 3151 qui-

411 3134 650 3208 dcniquc
678 3136 750 3193 de
778 3134 1005 3192 Arsenio
1034 3134 1407 3208 partriarcha.

411 3258 535 3316 Illis
569 3262 628 3316 in
661 3260 818 3317 hunc
849 3261 1085 3318 modum
1111 3259 1260 3317 male
1281 3260 1655 3330 habentibus,
1690 3261 1998 3316 cometae:

348 3350 649 3407 occidente
680 3350 738 3406 in
770 3354 964 3407 ortum
997 3350 1220 3407 effulsit
1262 3367 1295 3405 a
1345 3367 1473 3409 vere
1505 3365 1695 3421 usque
1722 3349 1793 3405 ad
1825 3352 1998 3403 autu-

341 3454 548 3495 mnum
592 3456 605 3496 Ζ

344 3529 584 3584 mistum
622 3528 916 3599 evibrans;
949 3528 1052 3584 illa
1081 3528 1213 3601 ipsa
1242 3528 1506 3585 horribili
1543 3528 1736 3601 specie
1766 3526 1995 3583 cunctis

344 3618 629 3673 suadente
660 3618 897 3690 aliquod
944 3617 1168 3674 malum
1204 3618 1317 3674 isto
1349 3618 1515 3690 signo
1563 3617 1856 3690 portendi.
1887 3617 1998 3671 Vix

340 3705 500 3762 enim
528 3705 589 3760 in
622 3705 910 3762 memoria
942 3707 1101 3762 omni
1136 3707 1394 3779 reperias
1422 3711 1557 3779 post
1595 3706 1738 3763 talia
1766 3708 2000 3762 ostenta

345 3810 450 3865 per
478 3794 684 3850 calum
716 3794 825 3851 hoc
858 3796 1032 3851 modo
1063 3796 1192 3851 visa
1222 3813 1337 3853 non
1387 3796 1619 3868 aliquas
1649 3813 1752 3868 per
1780 3800 1998 3851 terram

337 3898 406 3938 ao
461 3887 668 3955 gentes
752 3890 960 3956 prater
1022 3884 1264 3941 solitum
1325 3886 1683 3942 mutationes
1740 3887 1997 3941 secutas.

341 3970 564 4035 Quodsi
613 3977 963 4045 apparentes
993 3979 1233 4031 cometa
1267 3975 1337 4032 de
1366 3990 1580 4048 genere
1624 3973 2002 4047 peculiariter

246 4108 253 4115 .
339 4060 735 4117 terriﬁcorum
768 4063 909 4129 sint,
941 4063 1134 4135 qualis
1164 4064 1406 4121 omnino
1439 4064 1535 4121 hic
1566 4064 1699 4133 fuit,
1749 4062 1999 4119 manife-

336 4154 499 4205 stum
531 4151 846 4223 augurium
873 4157 965 4208 est
994 4152 1299 4209 infortunii
1332 4158 1436 4209 aut
1464 4153 1650 4209 cladis
1679 4151 1999 4207 imminen-

337 4238 441 4308 tis,
473 4239 831 4311 astipulante
883 4240 1114 4313 vulgari
1166 4242 1323 4299 224
1373 4243 1551 4298 dicto.
1605 4263 1634 4292 ‹‹
1666 4241 1876 4298 Nullus
1906 4257 2000 4297 co-

340 4332 501 4383 meta
531 4328 675 4398 quin
709 4328 805 4397 sit,
840 4348 869 4378 »
902 4329 999 4385 cui
1026 4329 1314 4386 inchoata
1347 4329 1652 4387 sententia
1693 4346 1865 4386 nemo
1897 4346 1997 4401 pe-

344 4415 497 4471 ritus
527 4417 776 4473 audiens
807 4434 923 4473 non
955 4417 1238 4475 continuo
1270 4419 1553 4491 subjiciat
1584 4418 1735 4475 illud
1766 4419 1838 4475 ad
1886 4418 1998 4475 ab-

341 4502 687 4561 solvendum
721 4504 915 4562 Grace
961 4507 1263 4563 senarium
1310 4508 1637 4565 iambicum
1667 4507 1949 4564 deﬁciens
1982 4522 1996 4562 :

343 4614 372 4643 «
404 4592 627 4649 Natura
662 4593 878 4650 malus.
915 4616 944 4645 »

414 4683 579 4739 Tunc
612 4699 785 4755 porro
825 4684 1021 4741 visum
1072 4685 1439 4757 imperatori,
1487 4685 1729 4743 Occidui
1772 4689 1997 4742 tractus

2108 3166 2267 3228 dem,
2298 3169 2498 3221 tamen
2549 3164 2986 3237 aliquantulum
3017 3167 3088 3222 de
3117 3167 3336 3224 duritie
3367 3168 3675 3225 remittens
3698 3171 3766 3226 ut

2110 3256 2366 3327 tempori
2398 3254 2664 3324 serviret,
2716 3256 2898 3312 semel
2951 3257 3285 3330 iterumque
3332 3264 3523 3316 certos
3559 3260 3633 3315 de
3664 3275 3777 3315 suo

2107 3344 2266 3401 clero
2314 3345 2384 3400 ad
2436 3344 2851 3417 imperatorem
2907 3346 3070 3402 misit
3112 3348 3373 3404 ofﬁciose
3422 3348 3592 3403 illum
3624 3365 3658 3404 a
3707 3363 3773 3405 se

663 3440 917 3496 terrebat
974 3444 1171 3496 autem
1216 3440 1534 3506 intuentes,
1583 3439 1781 3511 ignem
1838 3439 1996 3493 fumo
2028 3435 2071 3503 C
2109 3433 2491 3499 salutaturos,
2524 3441 2579 3490 et
2608 3438 3051 3506 percontaturos
3081 3452 3149 3492 ex
3180 3453 3292 3493 usu
3353 3437 3507 3493 inter
3544 3436 3772 3494 amicos

2107 3523 2557 3580 consuetudinis
2587 3524 2861 3580 humana
2888 3529 2956 3580 ut
2994 3527 3297 3598 Augustus
3345 3543 3478 3583 cum
3512 3527 3767 3598 conjuge

2107 3629 2173 3669 ac
2204 3611 2406 3669 liberis
2434 3611 2675 3679 valeret,
2705 3612 3005 3685 simulque
3022 3620 3431 3684 excusaturos,
3459 3615 3624 3672 velut
3654 3632 3755 3671 ne-

2106 3702 2422 3759 cessariam
2452 3702 2525 3759 ob
2556 3718 2768 3758 causas
2808 3702 2955 3760 alias
2983 3704 3292 3774 dicendas,
3363 3721 3430 3762 eo
3479 3722 3638 3761 nunc
3679 3721 3777 3761 oe-

2107 3791 2351 3848 curendi
2385 3807 2633 3847 moram.
2665 3790 2771 3847 His
2801 3793 3012 3849 ofﬁciis
3043 3809 3386 3866 quanquam
3432 3804 3567 3850 non
3592 3793 3765 3866 plene

2108 3880 2438 3937 satisﬁebat
2467 3881 2832 3953 imperatori,
2865 3886 3067 3938 tamen
3096 3882 3224 3956 ipse
3253 3899 3490 3956 quoque
3541 3884 3600 3939 in
3632 3900 3771 3954 pra-

2107 3987 2245 4027 sens
2278 3969 2461 4025 animi
2491 3969 2731 4026 vulnere
2758 3970 3141 4029 dissimulato
3173 3976 3232 4029 et
3269 3971 3684 4029 salutationem
3718 3976 3780 4029 et

2108 4058 2546 4116 excusationem
2598 4058 2831 4131 placido
2871 4061 3098 4133 excepit
3143 4060 3336 4128 vultu,
3384 4061 3772 4133 vicissimque

2108 4165 2214 4220 per
2269 4147 2556 4220 quosdam
2609 4164 2641 4204 e
2694 4148 2974 4205 comitatu
3028 4150 3309 4223 allegatos
3368 4150 3769 4221 patriarcham

2107 4238 2296 4294 amice
2327 4236 2622 4307 salutavit,
2656 4236 2886 4310 placido
2919 4256 2982 4296 se
3011 4239 3071 4295 in
3101 4239 3271 4296 illum
3301 4256 3431 4297 esse
3461 4239 3661 4297 animo
3688 4241 3766 4296 si-

2106 4326 2417 4399 gniﬁcans.
2449 4325 2735 4383 Caterum
2770 4327 2923 4385 inter
2969 4328 3278 4402 episcopos
3307 4345 3486 4387 causa
3515 4329 3779 4386 crimen-

2105 4431 2223 4487 que
2290 4413 2634 4485 patriarcba
2703 4416 2933 4473 occulta
2989 4418 3139 4476 225
3202 4418 3588 4491 inquisitione
3656 4426 3779 4475 tra-

2106 4504 2411 4561 ctabatur.
2438 4505 2564 4569 Qua
2584 4505 2655 4560 de
2687 4521 2747 4562 re
2779 4507 3021 4563 auditus
3050 4524 3120 4564 ex
3151 4507 3268 4565 illis
3300 4523 3596 4566 nonnemo
3627 4509 3775 4565 dum

2105 4594 2229 4650 hac
2286 4594 2810 4652 concionabundus
2860 4596 3240 4661 declamaret,
3301 4613 3406 4654 nec
3455 4601 3771 4654 consenta-

2107 4697 2286 4739 neum
2321 4698 2428 4738 nec
2457 4682 2767 4739 ferendum
2797 4683 2981 4740 videri
3008 4684 3357 4758 principem,
3411 4702 3510 4742 cor
3558 4685 3770 4758 utique

343 4771 558 4829 incolis
591 4788 802 4829 rursus
832 4774 1214 4831 turbantibus
1243 4775 1324 4832 ita
1352 4780 1418 4830 ut
1448 4776 1520 4831 ab
1560 4774 1679 4832 illis
1724 4791 1816 4831 res
1855 4791 1999 4831 nos-
2028 4805 2075 4869 D
2106 4769 2466 4869 reipublica,
2497 4786 2614 4869 non
2645 4771 2716 4869 ab
2745 4771 3003 4869 Ecclesia
3035 4774 3212 4869 [ονοτὶ
3241 4774 3395 4869 utAid
3425 4790 3653 4869 ex‘quo
3673 4790 3770 4869 sat

338 4867 566 4918 trorum
598 4868 967 4934 raperentur,
1017 4863 1499 4921 Thessalonicam
1550 4865 1841 4937 proﬁcisci
1885 4865 1993 4920 du-

336 4951 448 5008 ctis
479 4966 682 5007 secum
713 4952 899 5024 cepiis
950 4970 1067 5009 non
1108 4954 1333 5026 paucis,
1363 4959 1429 5010 ut
1450 4953 1569 5011 illic
1599 4970 1630 5010 e
1659 4954 1990 5027 propinquo

2105 4859 2201 4917 lus
2233 4860 2406 4916 unice
2439 4859 2691 4931 pendeat
2719 4860 2976 4931 publica.
3028 4862 3211 4927 Quale
3250 4862 3436 4934 igitur
3486 4863 3684 4930 fuerit,
3717 4864 3771 4919 si

2104 4967 2222 5007 non
2254 4950 2429 5006 modo
2453 4949 2593 5005 inde
2622 4966 2740 5005 non
2775 4950 3062 5021 foveatur,
3098 4953 3199 5009 sed
3234 4954 3504 5026 maligno
3533 4957 3592 5010 et
3629 4969 3769 5026 pes-

336 5040 705 5096 commodius
737 5040 961 5097 bellum
992 5041 1337 5112 adornaret;
1369 5043 1469 5099 sed
1501 5058 1635 5097 cum
1667 5041 1990 5098 Xantheam
2100 5040 2293 5096 tilenti
2324 5038 2717 5095 dissensionis
2743 5042 2958 5112 spiritu
2991 5042 3187 5099 afﬁato
3207 5041 3267 5098 in
3294 5042 3613 5099 discrimen
3645 5057 3772 5098 ma-

337 5144 403 5183 eo
434 5128 642 5184 itinere
672 5130 952 5199 venisset,
984 5130 1064 5187 ibi
1100 5131 1365 5188 detinere
1393 5130 1649 5187 decrevit
1686 5129 1747 5186 in
1796 5130 1991 5187 hiber-

338 5216 433 5272 nis
463 5217 808 5274 exercitum.
845 5221 1036 5286 Quare
1060 5221 1199 5277 dum
1231 5225 1469 5293 tempus
1498 5220 1853 5293 expeditioni
1889 5237 1990 5292 ap-

336 5309 465 5362 tum
497 5311 895 5379 exspectatur,
930 5325 1031 5380 per
1060 5308 1206 5366 illud
1238 5311 1318 5366 ibi
1350 5311 1559 5376 otium,
1590 5326 1722 5366 cum
1753 5310 1825 5366 ad
1856 5325 1991 5367 eum

335 5394 595 5468 episcopi
627 5410 745 5450 non
776 5397 951 5468 pauci
992 5399 1439 5472 conﬂuxissent,
1489 5398 1583 5472 agi
1627 5400 1700 5456 de
1744 5399 1994 5472 patriar-

335 5483 449 5539 cha
507 5486 766 5555 captum
826 5489 918 5541 est
986 5487 1348 5557 quibusdam
1407 5504 1524 5545 non
1585 5486 1994 5544 dubitantibus

338 5588 507 5627 reum
561 5571 757 5643 ipsum
810 5574 1196 5645 pronuntiare
1244 5576 1583 5649 irreligiosa
1613 5577 1994 5634 contumacia

338 5659 402 5713 in
451 5659 723 5730 neganda
796 5666 1001 5718 contra
1063 5678 1262 5721 sacros
1317 5680 1572 5722 canones
1629 5665 1992 5737 pauitantia.

336 5744 526 5812 Quare
552 5763 622 5806 ex
651 5748 901 5808 istorum
924 5751 1219 5810 sententia
1261 5752 1476 5811 citatus
1525 5752 1576 5810 is
1626 5754 1737 5811 rite
1782 5758 1895 5827 est,
1927 5770 1995 5812 ac

2103 5129 2381 5185 nifestum
2404 5129 2720 5186 inducatur
2739 5130 2768 5186 ‘I
2798 5130 2877 5186 Ea
2907 5131 3019 5188 etsi
3047 5130 3195 5188 clam
3248 5139 3599 5204 procurante
3647 5132 3768 5187 im-

2103 5223 2373 5292 peratore
2418 5218 2770 5291 agebantur,
2801 5224 3001 5278 tamen
3031 5221 3084 5278 is
3112 5222 3245 5279 istis
3274 5239 3404 5294 qua
3451 5221 3771 5279 retulimus

2104 5314 2162 5365 et
2190 5308 2326 5366 aliis
2358 5307 2631 5380 plurimis
2663 5310 3084 5368 benevolentia
3134 5311 3669 5383 signiﬁcationibus
3706 5311 3768 5367 in

2102 5398 2276 5455 illum
2305 5397 2506 5464 editis,
2538 5397 2856 5471 diligenter
2878 5400 3200 5458 simulabat
3227 5418 3464 5473 aquum
3493 5417 3632 5473 erga
3661 5417 3770 5472 pa-

2114 5486 2436 5545 triarcbam
2481 5489 2541 5543 et
2588 5487 2911 5546 oﬁensione
2960 5490 3124 5549 omni
3170 5507 3423 5548 vacuum
3475 5490 3770 5559 animum,

2105 5577 2190 5633 sic
2246 5576 2429 5632 libere
2488 5574 2692 5634 sinens
2734 5582 3122 5652 congregatos
3174 5583 3380 5637 Patres
3422 5595 3528 5654 per
3577 5578 3769 5637 otium

2103 5665 2479 5722 considerare
2509 5665 2650 5736 quid
2681 5665 2788 5724 tali
2821 5671 2980 5724 statu
3039 5685 3239 5727 rerum
3287 5669 3581 5740 optimum
3614 5668 3769 5741 ipsis

2106 5754 2266 5814 factu
2292 5752 2479 5812 videri
2508 5768 2576 5811 ac
2607 5755 2923 5815 decernere
2951 5773 3060 5832 par
3084 5762 3257 5816 esset.
