4112 6404
348 443 458 500 669

1416 447 1514 500 DE
1552 444 1928 500 MICHAELE
1965 441 2413 498 PALBOLOGO
2450 444 2584 494 LIB.
2627 445 2724 495 III.

3659 423 3767 478 670

348 567 454 625 κδ’.
503 567 585 624 Τὰ
643 564 767 640 περὶ
823 570 920 644 τοῦ
967 567 1338 644 ,Βέκκουμκαὶ-
1382 565 1680 644 Ξιφιλίνου
1737 569 1844 621 τῶν
1903 570 2002 633 τῆς
2034 567 2080 632 Α
2114 562 2386 638 τριάρχην
2418 561 2583 618 πλέον
2628 559 2847 616 δύναιτο
2905 557 3192 628 λυπήσειν,
3225 552 3261 622 ἢ
3325 553 3400 626 μή
3461 549 3630 624 δόξειν
3691 551 3767 614 ὡς

833 636 1166 709 Ἐκκλησίας
1198 636 1501 714 ἀρχόντων.

425 743 728 821 Συμϐαίνει
761 744 816 801 δέ
844 768 897 800 τι
927 747 1064 801 κατά
1093 748 1190 816 τὴν
1223 746 1387 802 πόλιν
1416 747 1444 801 ’ὀ
1478 745 1544 815 δὴ
1584 746 1675 800 καὶ
1731 746 1820 800 τὸν
1861 746 2010 819 βασι-

356 839 455 894 λέα
507 837 586 898 εἷς
647 837 853 909 ἄμυναν
906 834 1230 910 ἐξηρέθισεν.
1265 841 1503 891 ’Ἠπτετο
1537 833 1594 889 δὲ
1622 835 1683 890 τὰ
1717 833 1890 888 δεινὸν
1921 831 2012 887 καὶ

355 932 452 984 τοῦ
483 926 851 1001 πατριάρχου,
883 925 977 980 κᾶν
1025 924 1277 1000 πλαγίως
1317 927 1389 987 ὡς
1430 924 1616 980 ἄλλων
1669 925 2011 999 πασχόντων.

357 1021 467 1074 Τυῦ
497 1017 600 1092 γὰρ
633 1017 838 1072 Βέκκου
868 1017 930 1070 τὸ
979 1015 1457 1094 χαρτοφυλακικὸν
1514 1014 1726 1086 ἀξίωμα
1784 1008 2013 1087 ἔχοντος

359 1107 689 1182 (προνόμιον
721 1102 766 1158 δ’
799 1107 907 1158 ἔστι
956 1105 1020 1159 τὸ
1069 1110 1410 1179 προτροπαῖς
1470 1103 1674 1158 ἐκείνου
1723 1104 1819 1164 τὰς
1876 1103 2016 1176 ἱερο-

359 1195 556 1271 λογίας
585 1195 847 1270 γίνεσθαι)
879 1199 985 1249 τῶν
1044 1215 1128 1256 τις
1177 1194 1368 1268 ἱερέων
1425 1190 1762 1248 ὲκδουλεύων
1812 1192 1899 1246 καὶ
1962 1189 2014 1246 ἐν

357 1291 437 1358 τῷ
493 1286 636 1339 κατᾶ
689 1285 780 1338 τὸν
833 1283 1012 1357 Φάρον
1067 1282 1181 1355 ναῷ
1233 1287 1340 1337 τῶν
1405 1280 1660 1356 μεγάλων
1707 1281 2016 1357 ἀνακτόρων

364 1373 635 1449 νυμφίους
665 1372 939 1449 ἱερολόγει
974 1371 1105 1448 διχα
1129 1379 1228 1442 τῆς
1256 1377 1354 1428 τοῦ
1403 1372 1825 1448 χαρτοφύλακος
1883 1391 2023 1444 προ-

363 1472 598 1540 τροπῆς.
633 1463 737 1520 Καὶ
797 1462 954 1526 εὐθὺς
1009 1463 1289 1532 ἀκουσθέν,
1342 1463 1417 1524 ὡς
1470 1463 1774 1537 πρόστιμον
1836 1460 2024 1532 ἐκείνῳ

365 1557 398 1624 ἡ
430 1560 531 1624 τῆς
559 1551 861 1627 ἱερωσύνης
891 1551 1171 1627 ἐπίσχεσις
1217 1553 1303 1621 ἦν.
1337 1557 1506 1606 Τοῦτο
1545 1555 1676 1626 γοῦν
1722 1551 1820 1606 οὐκ
1878 1547 2026 1620 ἔδοξε

360 1649 616 1701 τοιοῦτον
648 1642 683 1714 ἤ
707 1666 759 1699 τι
792 1641 934 1700 ἄλλο
971 1643 1189 1718 μέτριον
1220 1648 1301 1715 τῷ
1331 1643 1549 1718 βασιλεῖ
1588 1642 1868 1718 ἀγγελθὲν,
1898 1640 2026 1696 ἀλλ’

365 1735 679 1814 ἀφορισμὸς-
733 1729 987 1808 ἄντικρυς
1044 1736 1145 1787 τοῦ
1201 1732 1489 1808 βασιλικοῦ
1570 1731 1866 1808 κληρικοῦ.
1923 1731 2026 1787 Καὶ

367 1823 526 1889 εὐθὺς
567 1824 903 1899 (συνυπενόει
932 1823 1032 1898 γὰρ
1059 1821 1271 1877 καὶτὸν
1331 1820 1680 1898 πατριάρχην
1736 1822 1811 1882 ὡς
1869 1818 2028 1889 δῆθεν

2119 652 2432 724 ἀμυνεῖσθαι
2462 652 2551 706 καὶ
2587 651 2759 706 πλέον
2807 647 3025 703 δύναιτο
3069 642 3349 720 προύνόει.
3384 641 3486 696 Καὶ
3548 641 3769 712 πέμψας

2121 738 2210 794 διὰ
2238 741 2451 815 ταχέων
2498 745 2577 812 τῷ
2626 734 3085 811 σεϐαστοκράτορι
3144 731 3420 802 Τορνικίῳ
3469 729 3770 802 προσέτατ-

2119 852 2204 886 τεν
2262 833 2434 904 (αὑτῷ
2483 831 2585 905 γὰρ
2642 830 2765 884 τότε
2818 827 2884 882 τά
2932 833 3032 894 τῆς
3091 823 3306 879 πόλεως
3385 818 3769 891 ἐπετέτραπτο)

2121 921 2438 995 καταχαλᾷν
2478 921 2570 994 μὲν
2603 921 2700 982 τὰς
2733 919 2909 980 οἰκίας
2965 919 3061 970 τοῦ
3107 935 3166 968 τε
3214 908 3636 987 χαρτοφύλακος
3685 905 3778 960 καὶ

2121 1016 2218 1066 τοῦ
2248 1010 2495 1085 μεγάλου
2526 1008 2822 1081 οἰκονόμου
2856 1007 3036 1081 (οὗτος
3070 1001 3114 1058 δ’
3143 1004 3210 1072 ἦν
3245 1003 3272 1056 ὁ
3302 998 3600 1076 Ξιφιλῖνος
3648 995 3780 1051 Θεό-

2128 1099 2622 1176 δωρος),ἐκριζοῦν
2685 1095 2742 1152 δὲ
2797 1097 2894 1159 τὰς
2950 1091 3258 1168 ἀμπέλους,
3289 1090 3380 1144 καὶ
3441 1085 3635 1146 αὐτοὺς
3692 1083 3783 1138 δε-

2127 1175 2321 1264 σμίους
2355 1190 2428 1250 ὡς
2457 1187 2662 1243 ἐκεῖνον
2695 1186 3013 1259 ἐκπέμπειν.
3042 1177 3336 1239 Ἐϐούλετο
3391 1175 3449 1232 δὲ
3505 1176 3566 1229 τὸ
3616 1195 3784 1250 προσ-

2128 1280 2456 1352 ταττόμενον
2513 1277 2633 1332 κυνὶ
2692 1275 2888 1331 λέοντα
2948 1269 3362 1334 ἐκδεδίττεσθαι,
3407 1264 3495 1320 καί
3543 1285 3607 1338 γε
3655 1261 3786 1317 τού-

2128 1391 2235 1424 των
2297 1366 2707 1423 ἀποκλινάντων
2784 1365 2918 1438 πρὸς
2984 1359 3210 1437 βασιλέα
3268 1355 3357 1412 διὰ
3410 1362 3510 1423 τῆς
3568 1352 3654 1406 ἐπὶ
3714 1353 3783 1424 τῇ

2131 1458 2374 1532 τιμωρίᾳ
2402 1457 2770 1534 προσπαθείας
2830 1451 2999 1527 μηδὲν
3059 1450 3174 1505 οἷόν
3231 1468 3290 1503 τε
3341 1447 3473 1501 εἶναι
3529 1443 3620 1497 τὸν
3679 1460 3786 1494 πα-

2132 1549 2403 1623 τριάρχην
2462 1548 2581 1601 καθ’
2613 1545 2772 1600 αὑτὸν
2833 1539 2961 1597 ὅντα
3015 1539 3292 1614 πράττειν,
3339 1535 3429 1590 καὶ
3487 1531 3630 1586 οὕτω
3682 1529 3784 1583 κά-

2134 1644 2312 1693 κεῖνον
2393 1633 2682 1712 ὑποχαλᾷν
2763 1631 3170 1709 ἀναγκάζεσθαι.
3228 1628 3288 1682 Ὁ
3343 1627 3471 1699 γοῦν
3530 1615 3790 1675 σεϐαστό-

2135 1729 2352 1803 κράτωρ
2412 1725 2632 1787 ἐπιστὰς
2687 1721 2909 1796 ἕτοιμος
2965 1721 3033 1790 ἦν
3091 1717 3228 1774 κατά
3282 1715 3350 1770 τὰ
3397 1705 3792 1782 ἐπιτεταγμένα

2135 1799 2414 1891 πράττειν.
2469 1813 2631 1870 Ἀλλ’
2686 1813 2883 1868 ἐκεῖνοι
2940 1811 3038 1877 τὴν
3112 1802 3306 1885 ἔφοδον
3368 1799 3793 1878 προαισθόμενοι

369 1904 1144 1984 συμπράξαντα)ὑϐριοπαθῶν
1181 1909 1272 1963 οὖν
1327 1911 1443 1962 οἷον
1507 1909 1580 1970 ὡς
1645 1908 2027 1979 ὑπεροπτικῶς
2059 1930 2107 1996 Β
2139 1908 2251 1980 ἅμα
2307 1905 2522 1981 γυναιξὶ
2579 1904 2669 1959 καὶ
2728 1901 2881 1957 παισὶ
2936 1900 2998 1954 τὸ
3052 1897 3200 1970 ἱερὸν
3258 1890 3683 1996 προφεύγουσιν,
3719 1885 3792 1988 dic

372 1999 599 2074 ἔχοντος
633 2002 792 2070 θυμῷ
822 1998 889 2066 ἦν
922 1998 1184 2072 κάτοχος,
1217 2001 1302 2067 [Ρ.
1340 1999 1460 2069 151]
1493 1995 1583 2051 καὶ
1615 1995 1750 2072 ὀργὴ
1782 1997 1850 2065 ἦν
1893 1994 2031 2050 κατᾶ

369 2093 479 2144 τῶν
529 2095 627 2157 τῆς
661 2086 991 2156 Ἑκκλησίας
1051 2085 1352 2156 κοινή,καὶ
1409 2086 1484 2148 ὡς
1539 2087 1601 2143 Ὁ
1656 2086 2028 2160 πατριάρχης,

370 2178 653 2254 κεκραγὼς
705 2176 899 2252 ἐπῆγε,
931 2175 1194 2246 τεθέληκε
1253 2174 1344 2231 διὰ
1399 2180 1566 2231 ταῦτα
1613 2177 1676 2230 τὸ
1705 2182 1805 2244 τῆς
1875 2176 2031 2250 βασι-

374 2267 524 2330 λείας
581 2267 778 2342 κράτος
837 2262 1224 2337 ἐξονθενεῖσθαι
1286 2266 1377 2320 καὶ
1449 2265 1516 2319 τὰ
1581 2265 1700 2340 ἱερά
1764 2264 2036 2340 ἀνάκτορα

382 2356 750 2434 ἀφορίζεσθαι.
779 2357 880 2412 Ἦν
929 2355 1028 2430 γὰρ
1081 2355 1169 2410 καὶ
1208 2359 1368 2407 τοῦτο
1400 2351 1605 2426 λῆμμα
1635 2354 1770 2429 πρὸς
1802 2354 1864 2407 τὸ
1895 2374 2034 2428 παρ-

389 2447 700 2519 ιστάμενον,
734 2445 817 2498 ὅτι
862 2442 1012 2506 ἐντὸς
1068 2448 1175 2498 τῶν
1229 2441 1539 2519 ἀνακτόρων
1599 2438 1787 2518 ἔτυχεν
1837 2444 1864 2496 ὁ
1905 2463 2036 2516 πρε-

380 2530 661 2609 σϐύτερος,
689 2535 780 2589 ὅτε
837 2533 889 2588 οἱ
945 2533 1042 2588 τοῦ
1091 2531 1518 2610 χαρτοφύλακος
1560 2533 1876 2606 πέμψαντος
1929 2530 2037 2587 διε-

393 2623 629 2700 μηνύετο
784 2622 1089 2698 ἐπίσχεσις.
1123 2621 1226 2678 Καὶ
1285 2620 1350 2690 δη
1410 2622 1502 2676 τὸν
1557 2622 1650 2694 μὲν
1697 2623 2042 2696 πατριάρχην

385 2715 492 2769 οὐκ
524 2715 668 2789 εἶχεν
703 2714 855 2776 ὅπως
882 2712 1172 2785 ἀμύνοιτο,
1206 2710 1378 2766 ἄλλον
1412 2707 1468 2765 δέ
1497 2709 1698 2783 τρόπον
1747 2711 2041 2786 βαθύτερον

382 2805 468 2858 καὶ
529 2805 624 2859 τὸν
677 2803 1159 2878 καταφρονήσαντα
1207 2802 1548 2874 ἀμυνεῖσθαι,
1582 2800 1626 2855 εἰ
1678 2800 1769 2855 καὶ
1809 2800 1903 2855 τὸν
1935 2821 2045 2856 πα-

389 3016 479 3070 24.
533 3016 600 3070 De
660 3014 822 3070 Vecco
877 3017 934 3069 et
978 3011 1260 3083 Xiphilz'no
1316 3010 1627 3084 primaria:
1677 3015 2043 3084 praefecturas

859 3087 921 3143 in
951 3086 1198 3142 Ecclesia
1228 3085 1544 3154 gerentibus
1559 3124 1571 3142 .

459 3193 714 3264 Contigit
745 3208 886 3264 poro
919 3191 1200 3263 quiddam
1234 3191 1293 3246 in
1329 3193 1472 3247 urbe
1507 3208 1622 3263 quo
1656 3192 1847 3264 magis
1877 3208 2042 3248 exas-

392 3286 694 3354 peraretur
724 3281 1047 3352 imperator
1066 3284 1124 3335 et
1153 3279 1224 3334 ad
1261 3279 1545 3334 ultionem
1589 3279 1940 3347 irritaretur,
1975 3295 2044 3335 ex
2076 3322 2118 3388 Ο

402 3387 424 3388 η
1647 3368 2036 3388 “suum”

393 3387 510 3442 qua
537 3370 691 3441 quod
727 3373 993 3424 secutum
1027 3369 1250 3424 malum
1284 3373 1374 3424 est
1414 3369 1610 3440 ipsum
1644 3368 2044 3440 patriarcham

394 3461 632 3534 oblique
660 3460 1023 3532 perstrinxit,
1057 3459 1354 3516 resiliente
1387 3460 1444 3515 in
1493 3459 1690 3532 ipsum
1724 3459 2050 3527 ignominia

393 3567 522 3622 quis
553 3550 688 3607 aliis
718 3550 1109 3622 irrogabatur.
1141 3549 1328 3604 Vecco
1349 3548 1819 3622 chartophylacis
1853 3548 2048 3621 digni-

391 3649 566 3697 tatem
584 3639 1006 3708 obtinente,cui
1032 3638 1403 3711 magistratui
1419 3638 1592 3709 juxta
1610 3655 1784 3694 usum
1805 3655 1870 3694 ac
1891 3639 2046 3710 leges

393 3730 453 3786 id
492 3731 647 3800 juris
697 3729 978 3800 competit
1028 3733 1094 3784 ut
1126 3728 1254 3785 sine
1304 3728 1466 3784 illius
1512 3733 1658 3783 nutu
1705 3734 1762 3784 et
1804 3744 2052 3784 assensu

401 3819 694 3892 nuptiales
725 3819 1165 3874 benedictiones
1190 3836 1303 3873 non
1330 3817 2053 3888 administrentur,sacer—

399 3912 506 3968 dos
528 3911 769 3983 quidam
807 3910 1232 3966 ministransin
1259 3910 1480 3981 templo
1516 3910 1707 3982 Magni
1730 3909 1940 3964 Palatii
1981 3910 2051 3965 ad

398 4001 654 4058 Pharum
678 4001 792 4058 sito
812 4001 1050 4074 sponsis
1071 4001 1370 4057 benedixit
1393 4018 1505 4057 non
1531 4001 1815 4074 requisito
1835 4001 2058 4056 charto-

401 4090 664 4163 phylacis
683 4091 1043 4146 assensu.Ea
1062 4106 1122 4145 re
1145 4089 1343 4145 statim
1373 4091 1574 4145 audita
1596 4089 1646 4145 is
1676 4090 1734 4145 in
1761 4106 1992 4160 poenam
2026 4106 2060 4144 a

402 4178 713 4235 sacerdotii
729 4178 1029 4235 functione
1042 4194 1371 4250 suspensus
1385 4183 1489 4235 est.
1503 4179 1561 4233 id
1578 4177 1692 4234 sibi
1720 4179 2057 4233 nuntiatum

406 4267 728 4340 imperator
759 4269 1032 4324 atrociter
1063 4269 1482 4340 accepit,quasi
1507 4285 1574 4324 ea
1604 4284 1721 4324 non
1753 4267 2062 4324 mediocris

401 4355 602 4430 aliqua
618 4358 1000 4428 censura,sed
1017 4375 1153 4414 vera
1170 4366 1226 4414 et
1244 4375 1521 4431 suprema
1537 4358 2060 4415 excommunicatio

402 4447 610 4504 fuisset
632 4446 988 4519 regiiclerici
1015 4464 1116 4516 ;ac
1143 4447 1343 4503 statim
1379 4448 1716 4519 suspicatus
1749 4449 1808 4502 id
1840 4449 2058 4503 factum

401 4540 636 4597 conscio
668 4543 726 4596 et
757 4542 1105 4611 cooperante
1136 4538 1490 4611 patriarcha,
1517 4538 1866 4611 gravissime
1883 4538 2062 4593 offen-

401 4646 503 4686 sus
533 4629 949 4697 est,contemni
969 4644 1032 4684 se
1059 4632 1246 4698 ratus,
1276 4627 1364 4684 ira
1390 4630 1787 4684 communiter
1823 4629 1979 4683 226
2002 4627 2062 4682 in

2142 1996 2342 2059 ἐκεῖθεν
2399 1997 2501 2063 τὴν
2553 1991 2776 2048 ἀσυλίαν
2833 1987 3174 2063 ἓξοντες.Ὡς
3224 1981 3269 2038 δ’
3319 1981 3519 2041 ἐκεῖνος
3580 1975 3797 2036 ἐπιστὰς

2141 2090 2219 2158 τῷ
2247 2089 2361 2156 ναῷ
2392 2083 2587 2154 ἐκσπᾷν
2622 2082 2874 2156 ἐπειρᾶτο
2911 2077 3050 2153 (ᾔδει
3085 2077 3192 2151 γὰρ
3246 2067 3663 2158 βλαϐησόμενος
3717 2066 3792 2138 μὴ

2144 2156 2384 2245 ἀνύσας),
2435 2172 2574 2229 λέων
2630 2172 2695 2240 ἦν
2763 2169 2900 2244 μετά
2951 2167 3158 2244 ξίφους.
3213 2164 3274 2220 Ὀ
3334 2159 3392 2214 δὲ
3446 2156 3799 2245 πατριάρχης

2147 2263 2343 2319 αὐτίκα
2425 2265 2820 2336 προσυπαντῶν
2881 2258 2970 2313 καὶ
3027 2250 3302 2328 ἐμϐριθῶς
3367 2249 3654 2319 ἀπέπεμπε
3707 2242 3800 2336 τόν

2149 2352 2389 2419 ἐπιόντα,
2442 2331 2556 2419 καὶ,
2591 2375 2619 2403 ‹‹
2651 2349 2715 2407 Τί
2763 2346 3046 2414 παθόντες,
3080 2367 3109 2396 ››
3166 2341 3372 2416 ἕΛεγεν,
3411 2361 3439 2390 ‹‹
3479 2331 3801 2413 ὀφθαλμοὺς

2150 2441 2240 2496 καὶ
2274 2447 2464 2516 χεῖρας
2515 2440 2606 2494 καὶ
2658 2437 2821 2500 ἀκοὰς
2851 2436 3145 2510 ἡμετέρας,
3176 2429 3303 2491 τοὺς
3339 2428 3432 2500 μὶν
3482 2425 3803 2516 ἐκτυφλοῦν,

2197 2533 2208 2548 ⁵
2278 2510 2385 2559 τά
2478 2530 2488 2547 ’
2749 2549 2766 2567 =
2836 2530 2859 2540 “
2936 2543 2993 2558 κ·
3278 2523 3303 2532 ’⁸
3427 2513 3484 2570 δὲ
3533 2510 3622 2568 καὶ
3675 2510 3805 2567 Θεὸν

2150 2553 2246 2593 τας
2290 2549 2316 2586 ο
2367 2549 2645 2585 εκκοπτειν
2703 2537 2995 2595 π-ιρασοε,
3026 2549 3054 2576 ››
3109 2516 3370 2576 έπεϐοατο

2153 2621 2244 2676 καὶ
2289 2619 2609 2695 ἀνθρώπους
2661 2618 2735 2681 ὡς
2776 2613 3020 2670 ἀδικοῖτο
3068 2607 3566 2680 πλεονεκτούμενος
3599 2623 3612 2634 ’
3669 2598 3811 2673 μηδὲ

2154 2710 2256 2787 γὰρ
2291 2689 2499 2764 δίκαιον
2547 2708 2680 2762 εἶναι
2729 2711 2844 2778 Θεῷ
2901 2701 3340 2778 καθιερωμένους
3395 2692 3593 2770 ἄνδρας
3631 2689 3808 2787 ἐὐθύς

2155 2780 2336 2865 νεσθαι
2366 2802 2680 2872 κοσμικοῖς.
2713 2797 2802 2858 Ὠς
2851 2791 2895 2849 δ’
2927 2791 3181 2868 ἀπεπάγη
3223 2789 3358 2865 πρὸς
3404 2787 3572 2841 ταῦτα
3624 2782 3651 2836 ὁ
3699 2780 3807 2855 πρὸ

2154 3018 2349 3072 astute
2379 3016 2752 3071 commentus
2792 3013 2882 3067 est
2903 3025 3032 3066 eam
3066 3023 3296 3080 poenam
3329 3005 3400 3061 ab
3433 3005 3524 3060 sui
3550 3007 3810 3059 contem-

2152 3109 2319 3177 ptore
2368 3103 2695 3176 repetendi,
2747 3118 2873 3172 quas
2934 3097 3113 3154 simul
3153 3095 3502 3164 patriarchae
3552 3091 3814 3148 dolorem

2153 3194 2452 3261 inureret;
2492 3193 2576 3248 sic
2599 3209 2661 3248 se
2692 3188 3285 3259 cumulateinjuriam
3317 3183 3628 3254 utriusque
3654 3180 3814 3236 ultu-

2152 3300 2285 3339 rum
2345 3288 2531 3353 ratus,
2565 3281 2858 3337 curriculo
2914 3278 3093 3334 mittit
3153 3277 3225 3331 ad
3292 3274 3813 3330 sebastocratorem

2151 3372 2491 3429 Tornicium
2525 3375 2666 3426 tunc
2704 3369 3044 3442 praefectum
3090 3364 3241 3432 urbi,
3277 3363 3380 3435 qui
3425 3379 3459 3417 a
3489 3378 3550 3416 se
3574 3361 3814 3432 juberet

2155 3463 2388 3518 diruere
2419 3461 2698 3517 continuo
2728 3459 2899 3514 illum
2927 3458 3082 3513 aedes
3104 3451 3577 3525 chartOpbylacis
3601 3453 3657 3505 et
3690 3464 3813 3503 ma-

2157 3553 2255 3624 gni
2317 3551 2623 3607 moomonii
2676 3549 2826 3622 (erat
2869 3547 2984 3618 zhic
3028 3543 3369 3616 Xiphilinus
3427 3537 3813 3607 Theodorus),

2158 3641 2400 3697 evellere
2422 3641 2694 3712 stirpitus
2711 3640 2912 3694 vineas
2943 3633 3564 3704 amborum,ipsosque
3590 3627 3815 3682 vinctos

2161 3731 2233 3786 ad
2265 3747 2328 3786 se
2359 3729 2609 3785 mittere.
2644 3729 2890 3784 Volebat
2921 3724 3329 3782 nimirumista
3346 3721 3570 3777 ratione
3604 3723 3820 3772 terrere

2162 3820 2339 3890 (quod
2371 3818 2562 3886 aiunt)
2595 3817 2828 3873 leonem
2877 3817 3142 3886 exemplo
3170 3812 3322 3868 male
3369 3809 3602 3866 multati
3637 3808 3819 3862 canis.

2164 3908 2452 3963 Futurum
2485 3911 2682 3962 autem
2742 3906 3017 3978 sperabat
3047 3909 3113 3958 ut
3141 3904 3205 3958 hi
3247 3899 3522 3974 supplicii
3556 3901 3713 3952 metu
3750 3896 3816 3949 ad

2164 3998 2608 4069 obsequendum
2627 3994 3376 4068 imperatoriquodcunque
3395 3986 3823 4044 velletinclina-

2166 4092 2370 4144 rentur
2399 4104 2412 4155 ;
2445 4087 2602 4158 quod
2635 4087 2686 4141 si
2719 4085 3084 4157 contigisset,
3111 4099 3226 4138 non
3261 4081 3434 4135 modo
3463 4077 3610 4133 nihil
3641 4094 3819 4132 ausu-

2167 4193 2300 4232 rum
2325 4175 2717 4248 patriarcham
2746 4173 2938 4229 solum
2958 4176 3015 4226 et
3031 4171 3288 4226 virorum
3311 4167 3516 4223 talium
3549 4167 3606 4220 in
3628 4170 3822 4236 partes

2171 4265 2456 4339 principis
2478 4265 2886 4320 traductorum
2912 4258 3502 4329 auxiliojdestitutum
3535 4259 3739 4310 contra
3762 4269 3823 4308 se

2173 4371 2365 4428 agere,
2413 4355 2512 4410 sed
2547 4355 2724 4410 etiam
2768 4357 3035 4408 coactum
3068 4349 3139 4404 iri
3181 4349 3384 4404 cedere
3415 4350 3470 4400 et
3509 4345 3579 4400 de
3610 4343 3828 4398 duritia

2173 4445 2469 4501 remittere
2497 4443 2558 4498 in
2586 4460 2768 4499 causa
2789 4437 3437 4498 excommunicationis.
3456 4435 3643 4507 Igitur
3660 4433 3824 4488 seba-

2173 4538 2458 4591 stocrator
2479 4537 2688 4604 praesto
2713 4533 2913 4588 aderat
2927 4529 3161 4588 stansin
3187 4527 3487 4600 procinctu
3503 4539 3826 4595 exsequen-

2175 4627 2232 4682 di
2264 4626 2852 4682 mandata.Caaternm
2887 4625 2958 4680 de
2989 4625 3116 4696 ejus
3147 4622 3362 4678 infesto
3394 4619 3640 4674 adventu
3673 4634 3822 4688 prae-

406 4720 747 4776 universum
799 4716 1263 4774 ecclesiasticum
1317 4717 1579 4774 ordinem
1645 4717 2057 4772 exardescente
2089 4689 2134 4754 Β
2166 4717 2411 4773 monitio
2446 4717 2617 4772 ambo
2650 4715 2734 4770 illi
2769 4732 2900 4771 cum
2933 4713 3215 4770 uxoribus
3247 4715 3305 4766 et
3332 4709 3533 4764 liberis
3563 4708 3633 4762 ad
3668 4709 3814 4763 227

404 4809 770 4877 vehementi;
793 4810 949 4865 unde
970 4809 1029 4865 in
1054 4809 1336 4865 clamores
1355 4809 1702 4881 erumpebat
1718 4808 2062 4864 vociferans:

407 4921 434 4948 ‹‹
464 4898 684 4969 Nempe
716 4898 823 4953 hoc
856 4897 1190 4969 patriarcha
1219 4896 1305 4953 sic
1340 4895 1525 4953 voluit
1567 4900 1961 4952 consentanea
1992 4897 2064 4950 ad

410 4986 577 5059 prius
621 4987 679 5042 in
731 5003 841 5042 nos
878 4985 1477 5042 contumeliosissime
1519 4996 1702 5058 gesta,
1731 4989 1797 5040 ut
1838 4984 2066 5040 nullam

407 5076 777 5132 occasionem
803 5075 1714 5148 praetermitteretvilipendendas
1737 5078 1792 5131 et
1812 5079 2070 5130 contem-

405 5169 511 5238 ptu
544 5170 805 5222 extremo
856 5165 1262 5221 conculcandae
1293 5165 1672 5237 imperatoria
1720 5163 2066 5235 majestatis,

405 5255 566 5326 regia
588 5254 765 5311 etiam
798 5254 1094 5326 imperiali
1126 5254 1309 5310 sacris
1333 5254 1695 5326 prohibenda
1726 5252 2068 5308 interdicto-

403 5360 518 5416 que
549 5344 996 5416 supponenda.»
1014 5341 2070 5415 Hocdichat,quoniamintraimpe-

407 5434 695 5490 ratorium
721 5432 1010 5506 palatium
1045 5433 1191 5490 forte
1225 5437 1495 5504 repertus
1524 5437 1616 5489 est
1645 5433 1918 5488 sacerdos
1949 5429 2068 5497 ille,

410 5523 644 5594 quando
666 5522 716 5577 ei
743 5520 907 5577 missi
927 5538 960 5576 a
983 5519 1436 5593 chartophylace
1449 5521 1802 5577 sententiam
1820 5535 2070 5590 suspen-

412 5613 601 5669 sionis
645 5613 1014 5669 intimarunt.
1049 5613 1233 5668 Totus
1278 5628 1450 5684 porro
1485 5613 1711 5668 deﬁxus
1758 5611 1820 5666 in
1851 5611 2069 5681 cogita-

413 5703 574 5758 tione
617 5702 914 5766 vindictm,
965 5700 1360 5772 patriarcham
1405 5705 1544 5756 tunc
1590 5701 1830 5772 quidem
1872 5700 2069 5770 ipsum

419 5801 575 5848 recta
601 5791 664 5848 in
689 5791 925 5864 propria
949 5789 1149 5847 ulcisci
1171 5805 1424 5863 persona
1447 5806 1566 5848 non
1587 5790 2070 5863 valens,modum

2173 4805 2460 4879 templum
2484 4805 2984 4876 confugiunt,jurs
3015 4802 3135 4857 illic
3156 4799 3303 4872 asyli
3335 4799 3444 4853 tuti
3470 4797 3670 4852 futuri.
3700 4799 3822 4862 Quo

2174 4895 2606 4950 sebastocrator
2651 4893 2904 4963 cognito,
2954 4895 3238 4964 reputans
3277 4905 3556 4961 magnum
3609 4887 3720 4943 sibi
3755 4887 3826 4941 ab

2177 4985 2530 5056 imperatore
2549 4985 2774 5038 malum
2797 4983 2974 5038 affore
3001 4981 3116 5037 nisi
3139 4999 3268 5052 quae
3291 4978 3599 5051 isjubebat
3625 4978 3829 5034 cll‘ecta

2177 5075 2464 5142 redderet,
2498 5073 2557 5128 in
2601 5072 2888 5145 templum
2935 5089 3074 5128 ense
3123 5071 3325 5126 stricto
3374 5075 3439 5125 ut
3477 5069 3566 5125 leo
3598 5069 3833 5125 irruens

2176 5163 2479 5219 extrahere
2500 5164 2632 5219 illos
2651 5164 2787 5219 inde
2810 5163 3232 5218 conabatur.At
3247 5177 3562 5218 occurrens
3588 5161 3829 5234 patriar-

2176 5253 2288 5309 cha
2319 5269 2450 5308 eum
2475 5253 2727 5324 graviter
2749 5252 3098 5323 increpitum
3125 5251 3360 5324 repulit,
3387 5251 3584 5316 «Quid
3603 5251 3825 5322 vobis,»

2175 5341 2472 5412 inquiens,
2523 5364 2552 5391 «
2583 5340 2840 5397 volentes
2872 5339 3073 5397 oculos
3097 5345 3154 5396 et
3185 5357 3394 5396 manus
3429 5345 3485 5396 et
3524 5355 3696 5397 aures
3723 5357 3826 5395 no-

2179 5435 2354 5500 stras,
2388 5429 2521 5485 illos
2545 5431 2781 5502 quidem
2808 5447 3032 5497 eruere,
3065 5430 3210 5487 istas
3241 5435 3438 5486 autem
3480 5431 3828 5486 abscindere

2179 5524 2475 5593 postremo
2507 5520 2613 5575 has
2636 5521 2940 5576 obstruere
2970 5520 3346 5576 conamini?»
3389 5520 3827 5592 testabaturquc

2174 5609 2504 5667 vociferans
2534 5611 2712 5665 Deum
2742 5615 2799 5666 et
2821 5609 3114 5678 homines,
3151 5611 3269 5667 vim
3304 5612 3418 5667 sibi
3451 5628 3552 5682 per
3588 5610 3828 5668 sacrile-

2178 5716 2313 5771 gam
2332 5698 2612 5771 injuriam
2635 5699 2760 5754 ﬁeri
2788 5718 2801 5768 ;
2827 5716 3017 5772 neque
3046 5701 3204 5756 enim
3225 5702 3312 5758 fas
3333 5707 3453 5757 ctse
3477 5703 3587 5757 Deo
3629 5717 3827 5757 sacros

2178 5787 2449 5847 homines
2479 5804 2514 5846 a
2554 5787 2936 5846 eculei-ibus
2978 5789 3215 5862 corripi.
3266 5791 3588 5865 Obstupuit
3637 5793 3710 5850 ad
3759 5811 3827 5851 ea
