4112 6450
299 428 401 484 671

1612 432 1908 486 GEORGII
1948 430 2410 485 PACHYMERE

3610 434 3724 488 672

310 557 514 627 μικροῦ
548 553 852 629 ὑπέροφρυς
905 554 977 616 ὡς
1035 554 1314 609 ἐκσπάσων
1363 554 1459 609 κᾶν
1510 553 1563 610 εἷ’
1610 577 1662 609 τι
1718 557 1951 630 γένοιτο,
1987 560 2036 625 Α
2073 574 2229 627 μενον
2290 554 2628 626 συμπαθείας
2687 552 2926 630 ἀνάγκην
2979 553 3146 632 ἔχειν,
3202 553 3298 611 κᾶν
3375 561 3507 631 γοῦν
3587 559 3724 632 πρὸς

300 647 419 702 τοῖς
454 644 547 711 μὲν
583 640 803 716 ἀνδράσι
835 644 896 696 τὸ
928 644 1070 719 ἱερὸν
1124 648 1384 698 πατοῦσιν
1447 645 1500 697 αἱ
1551 645 1717 717 ὁρμαὶ
1753 644 1960 697 ἀνεῖντο

307 732 382 803 μὴ
443 728 698 799 δεδιόσιν,
734 730 940 792 ἐκεῖνος
1000 730 1057 786 δὲ
1114 734 1251 807 πρὸς
1307 733 1401 794 τὰς
1455 732 1628 794 οἰκίας
1686 734 1961 808 τρέπεται.

302 818 604 891 Ἀμπέλοις
640 818 684 874 δ’
717 820 987 885 ἐπιθέσθαι
1048 820 1149 876 οὐκ
1205 823 1294 892 ἧν,
1330 824 1413 876 ὅτι
1468 820 1585 877 οὐδ’
1635 822 1768 891 ἦσαν
1826 820 1965 875 ἆκεί-

302 929 423 969 νοις
450 906 691 980 ἄμπελοι
746 906 900 982 τῇδε.
938 910 1112 966 Ἀλλὰ
1169 912 1258 965 καὶ
1310 916 1418 966 τῶν
1480 911 1666 965 οἰκιῶν
1728 909 1964 983 ἀποτρέ-

306 1018 461 1050 πεται
495 997 570 1057 ὡς
608 999 683 1069 μή
715 997 895 1071 σφίσιν
929 998 1154 1067 ἀληθῶς
1189 999 1384 1070 οὐσῶν,
1420 998 1567 1054 ἀλλὰ
1601 999 1816 1072 μᾶλλον
1868 1002 1966 1067 τῆς

309 1084 639 1156 Έκκλησίας
672 1086 1064 1160 λογιζομένων.
1099 1089 1476 1165 Ἐκκρουσθεὶς
1509 1090 1600 1144 οὗν
1640 1096 1758 1151 τοῖς
1814 1087 1969 1150 ὅλοις

311 1176 337 1229 ὂ
364 1173 696 1246 ἐπιτιμητης
722 1174 926 1238 ἐκεῖνος
962 1178 1166 1250 πέμπει
1225 1179 1507 1249 Νικαίαζε,
1540 1180 1629 1233 καὶ
1681 1178 1749 1233 τὰ
1795 1198 1969 1252 προσ-

311 1266 615 1338 τεταγμένα
677 1264 761 1320 ἐπὶ
823 1273 943 1329 τοῖς
1002 1272 1149 1345 σφῶν
1235 1272 1474 1341 κτήμασι
1560 1266 1965 1341 διαπράττεται.

311 1352 590 1415 ΚιυλυΟεῖς
645 1352 702 1408 δὲ
751 1355 1099 1429 ἀποπέμπειν
1155 1355 1429 1430 δεσμίους,
1462 1358 1534 1419 ὡς
1585 1360 1619 1426 ἡ
1680 1356 1971 1432 πρόσταξις

314 1445 449 1517 εἶχε,
486 1440 844 1501 συνεϐούλευε
875 1447 1055 1524 σφίσιν
1090 1447 1284 1513 αὐτοὺς
1337 1449 1554 1511 ἀνέτους
1608 1449 1683 1509 ὡς
1745 1446 1970 1523 βασιλέα

310 1540 537 1608 χωρεῖν,
572 1537 635 1606 [Ρ
674 1538 793 1608 152]
852 1541 948 1590 τοῦ
1008 1536 1227 1608 ἀληθῶς
1288 1539 1551 1614 φρουρίου
1594 1534 1967 1601 ἀποσπασθέν-

307 1644 426 1689 τας,
461 1623 535 1684 ὡς
565 1624 630 1692 ἦν
662 1626 688 1678 ὁ
740 1629 869 1688 ναὸς
927 1624 1194 1702 ἄντικρυς.
1234 1628 1563 1703 Ἀπολογίαν
1619 1629 1718 1703 γὰρ
1772 1627 1973 1682 ἐκεῖνον

311 1706 455 1785 ἔχειν
517 1714 653 1787 πρὸς
714 1713 941 1789 βασιλέα
989 1718 1089 1785 την
1123 1717 1351 1771 ἀσυλίαν
1383 1716 1479 1771 τοῦ
1511 1719 1661 1788 ἱεροῦ
1719 1716 1808 1770 καὶ
1868 1716 1967 1784 την

306 1804 405 1854 τοῦ
463 1804 809 1877 πατριάρχου
872 1802 1254 1873 κώλυσιν,καὶ
1318 1808 1390 1869 ὡς
1447 1806 1642 1868 αὐτοὺς
1700 1805 1823 1869 εὐθὺ
1875 1809 1974 1859 τοῦ

315 1889 585 1963 βασιλέως
618 1893 903 1965 ὁρμῶντας
930 1891 1208 1968 δεσμεύειν
1242 1895 1341 1950 οὐκ
1369 1897 1459 1969 ἦν,
1492 1896 1567 1959 ὡς
1622 1897 1749 1971 παρ’
1782 1893 1965 1955 αὐτοῖς

316 1978 587 2050 μενούσης
651 1988 751 2050 τῆς
816 1991 1138 2061 προσφυγῆς
1206 1989 1367 2039 τοῦτο
1450 1985 1541 2038 μὲν
1615 1989 1692 2055 τῷ
1743 1985 1963 2044 ἑκόντας

312 2068 637 2145 ἀποφοιτᾷν,
666 2072 827 2125 τοῦτο
862 2069 917 2126 δὲ
943 2073 1033 2127 καὶ
1080 2075 1172 2128 τὸν
1220 2072 1569 2149 πατριάρχην
1626 2073 1967 2146 ἐπιτιμῶντα

311 2158 582 2235 ἀμφέπειν
640 2166 925 2235 πανταχοῦ
985 2160 1294 2238 διάγοντας.
1350 2166 1579 2238 Προσέτι
1638 2162 1696 2217 δὲ
1759 2162 1848 2218 καί
1904 2162 1968 2217 τὸ

307 2252 407 2314 τῆς
458 2246 531 2308 εἰς
564 2248 813 2321 ,βασιλέα
860 2249 1136 2323 προσόδου
1187 2257 1383 2326 σχῆμα
1438 2254 1499 2307 τὸ
1559 2252 1776 2313 ἀνέτους
1836 2256 1970 2329 σφᾶς

311 2331 686 2410 διατηρεῖσθαι
745 2335 935 2393 δίδωσι
971 2358 983 2371 ·
1018 2340 1314 2412 πρόσωπον
1369 2344 1470 2417 γὰρ
1528 2338 1799 2417 βασιλέως
1832 2340 1968 2405 θεώ-

312 2541 740 2613 perculsusque
793 2561 826 2597 a
881 2548 1070 2614 coepto
1130 2544 1359 2600 destitit
1420 2545 1519 2617 qui
1580 2551 1741 2601 tanto
1803 2544 1966 2617 prius

312 2631 466 2686 fastu
513 2635 905 2687 extracturum
960 2650 1023 2688 se
1073 2633 1390 2704 supplices,
1442 2635 1724 2705 quidquid
1776 2633 1967 2704 quivis

312 2725 515 2775 contra
548 2720 871 2786 moliretur,
924 2724 1303 2792 ostenderat;
1336 2740 1519 2794 eoque
1552 2740 1678 2779 sese
1723 2723 1967 2778 domum

311 2809 635 2880 recipiente
684 2826 745 2865 re
787 2810 1021 2880 infecta,
1056 2812 1279 2868 Vaccus
1323 2818 1378 2867 et
1424 2813 1770 2885 Xiphilinus
1816 2814 1971 2867 intra

312 2901 481 2966 septa
510 2896 649 2951 aedis
683 2914 860 2952 sacras
894 2899 1002 2953 tuti
1049 2900 1359 2971 securique
1401 2903 1791 2956 versabantur
1823 2926 1836 2968 ;
1868 2901 1969 2955 sed

314 3001 420 3041 nec
452 2986 652 3041 vineas
697 2987 1033 3043 exscindere
1077 2990 1287 3060 potuit,
1323 3007 1453 3045 cum
1496 2996 1700 3047 neuter
1734 2990 1970 3045 illorum

313 3074 511 3129 vineta
542 3075 699 3129 circa
733 3075 1303 3148 Constantinopolim
1340 3078 1619 3144 haberet;
1654 3079 1724 3133 ab
1756 3078 1971 3132 mdium

316 3179 551 3234 quoque
594 3164 809 3233 quibus
843 3167 1164 3220 utebantur
1215 3167 1590 3223 demolitione
1639 3167 1973 3239 prohibitus

315 3256 425 3321 est,
460 3254 807 3309 denuntiato
847 3254 960 3325 ipsi
993 3255 1147 3311 haud
1181 3272 1310 3312 esse
1339 3256 1471 3312 illas
1496 3257 1651 3327 juris
1682 3258 1969 3327 ipsorum,

316 3342 419 3397 sed
452 3342 746 3406 Ecclesia,
782 3361 908 3415 quae
955 3361 1126 3400 usum
1172 3347 1459 3401 duntaxat
1500 3346 1806 3402 habitandi
1846 3346 1971 3400 suis

314 3430 435 3485 illic
468 3431 758 3487 ministris
793 3434 1117 3504 precarium
1156 3435 1517 3490 concederet.
1548 3440 1699 3505 Ergo
1731 3434 1825 3489 hic
1856 3442 1972 3488 tam

316 3538 444 3577 scer
491 3522 644 3578 ultor
688 3524 949 3595 undique
998 3528 1270 3597 rejectus,
1326 3531 1382 3581 et
1425 3526 1653 3582 cunctis
1700 3527 1974 3581 exclusus

318 3628 446 3681 quae
479 3616 751 3680 tentarat,
800 3630 869 3668 ne
903 3613 1048 3668 nihil
1100 3620 1315 3685 ageret,
1345 3616 1597 3670 Nicaeam
1646 3620 1833 3670 certos
1866 3614 1974 3668 mi-

319 3699 399 3753 sit
430 3698 531 3769 qui
564 3700 620 3752 in
674 3700 911 3771 praediis
966 3702 1215 3757 istorum
1265 3704 1323 3758 in
1358 3703 1456 3758 illo
1506 3703 1798 3758 territorio
1848 3701 1976 3757 sitis

318 3788 711 3843 vastaticnem
768 3791 837 3845 ab
884 3790 1235 3862 imperatore
1292 3793 1690 3864 praescriptam
1751 3808 1976 3847 exerce-

323 3881 472 3931 rent.
526 3876 673 3932 Cum
728 3883 921 3934 autem
969 3882 1239 3951 nequiret
1287 3884 1519 3937 mittere
1566 3881 1697 3937 illos
1729 3881 1975 3949 vinctos,

323 3971 387 4021 ut
420 3966 607 4021 fuerat
634 3966 867 4037 jussus,
900 3970 1146 4025 suadere
1178 3970 1325 4042 ipsis
1366 3971 1584 4026 institit
1628 3976 1691 4026 ut
1722 3972 1873 4025 ultro
1906 3971 1977 4025 ad

324 4059 741 4125 imperatorem
811 4058 1103 4128 proficisci
1172 4060 1410 4128 vellent,
1469 4060 1527 4115 id
1587 4060 1981 4116 communiter

324 4148 446 4199 tam
475 4144 620 4216 ipsis
649 4163 825 4217 quam
859 4146 969 4202 sibi
997 4149 1309 4205 consilium
1331 4166 1459 4205 esse
1484 4149 1626 4205 utile
1658 4150 1979 4215 disserens,

323 4234 601 4303 quoniam
637 4235 684 4289 si
730 4236 990 4292 volentes
1039 4237 1152 4309 ipsi
1204 4256 1370 4295 sacro
1419 4239 1579 4311 asylo
1630 4238 1982 4294 absisterent

324 4324 577 4378 adeundi
612 4323 894 4396 principis
924 4342 1124 4392 causa,
1160 4327 1369 4383 idonea
1400 4329 1510 4398 ipsi
1542 4329 1697 4399 apud
1728 4327 1979 4398 impera-

278 4453 285 4460 .
327 4416 512 4467 torem
548 4412 747 4468 futura
776 4419 951 4481 ,esset
982 4416 1280 4470 excusatio
1325 4417 1555 4472 omissae
1601 4416 1980 4487 comprehen-

326 4501 513 4556 sionis
544 4505 599 4555 et
629 4502 1061 4558 constrictionis
1084 4504 1349 4575 ipsorum
1382 4506 1495 4561 sibi
1527 4506 1600 4561 ab
1632 4522 1698 4563 eo
1729 4505 1983 4577 impera-

328 4596 421 4645 tae.
455 4590 602 4645 Nam
637 4606 707 4645 ne
739 4590 871 4646 illos
904 4592 1057 4647 intra
1088 4593 1373 4665 templum
1408 4600 1662 4666 caperet,
1698 4595 1982 4650 sanctita-

327 4683 444 4733 tem
499 4679 608 4735 loci
657 4683 714 4735 et
765 4681 918 4737 228
970 4654 1328 4739 occurrentis
1382 4701 1446 4738 ac
1481 4654 1835 4756 ‘repel'lentis
1880 4701 1982 4755 pa-
2014 4654 2063 4716 Β

324 4768 596 4823 triarchae
658 4772 1068 4826 auctoritatem
1130 4773 1526 4844 prohibuisse,
1588 4773 1984 4844 plausibiliter

324 4864 707 4916 causaturum
761 4878 907 4917 sese.
957 4867 1129 4919 Porro
1167 4864 1327 4934 ipsos
1381 4869 1589 4935 sponte
1642 4863 1985 4919 abdicantes

326 4947 573 5003 tutelam
608 4965 913 5006 sacrorum
958 4952 1267 5023 adytorum
1323 4957 1387 5006 ut
1417 4952 1714 5007 communi
1747 4952 1983 5007 domino

328 5052 389 5090 se
423 5038 721 5109 sisterent,
757 5040 843 5096 fas
875 5042 1033 5096 haud
1066 5041 1249 5097 fuisse
1282 5041 1387 5097 abs
1405 5058 1469 5096 se
1501 5041 1711 5113 corripi
1740 5042 1985 5112 darique

328 5124 388 5178 in
421 5126 679 5194 vincula,
733 5128 899 5186 facile
940 5131 1209 5201 quemvis
1257 5131 1475 5197 videre,
1512 5148 1617 5185 nec
1658 5131 1983 5201 imperato-

327 5230 453 5268 rem
503 5214 936 5274 dubitaturum.
992 5218 1229 5276 Plenam
1277 5220 1459 5292 igitur
1508 5219 1580 5275 ab
1630 5236 1692 5275 se
1745 5220 1983 5291 quidem

327 5303 450 5358 fore
482 5304 627 5375 ipsis
669 5308 1040 5364 securitatem
1074 5308 1358 5365 inviolatae
1396 5307 1705 5376 libertatis,
1752 5310 1795 5363 si
1830 5310 1984 5380 quod

329 5392 615 5448 suadebat
664 5394 937 5451 facerent.
975 5397 1214 5453 Nullum
1266 5402 1459 5453 autem
1512 5398 1583 5453 ab
1633 5396 1747 5452 alio
1780 5399 1986 5469 quovis

331 5483 717 5538 metuendum
750 5484 898 5555 ipsis
931 5502 1056 5543 esse
1085 5487 1199 5543 tale
1248 5486 1577 5559 periculum
1614 5488 1985 5543 demonstra-

329 5571 450 5641 bat,
510 5572 597 5627 vel
658 5575 813 5645 quod
875 5583 1030 5631 recta
1080 5578 1457 5633 tendentibus
1530 5577 1601 5631 ad
1660 5575 1987 5648 principem

330 5678 502 5717 nemo
535 5664 822 5722 facessere
846 5667 1178 5723 molestiam
1211 5667 1474 5736 auderet,
1504 5665 1592 5722 vel
1624 5668 1764 5737 quia
1793 5667 1986 5722 decla-

330 5754 456 5808 rato
489 5751 549 5807 in
580 5751 741 5825 ipsos
774 5754 1118 5829 patriarchae
1159 5753 1354 5827 palam
1398 5754 1760 5827 protegentis
1790 5762 1984 5827 patro-

2070 644 2236 717 ὥραν,
2266 649 2383 704 τοῖς
2417 641 2784 718 κατακρίτοις.
2818 647 2997 700 Ταῦτα
3052 646 3142 699 καὶ
3200 646 3267 699 τά
3312 646 3528 706 τούτοις
3558 644 3728 718 ὅμοια

2069 729 2247 805 λέγων
2281 726 2459 786 ἔπειθὲ
2490 753 2547 785 τε
2574 732 2703 794 τοὺς
2736 731 2929 807 ἄνδρας
2984 733 3291 811 ἀποφοιτᾷν
3344 756 3401 789 τε
3447 739 3544 788 τοῦ
3596 739 3727 789 ναοῦ

2067 821 2155 875 καὶ
2218 821 2353 895 πρὸς
2424 818 2650 895 βασιλέα
2708 826 2936 896 χωρεῖν.
2993 824 3088 876 Καὶ
3149 821 3215 891 δὴ
3276 823 3420 897 παρὰ
3474 828 3572 877 τοῦ
3624 845 3729 877 πα-

2067 910 2335 985 τριάρχου
2398 909 2807 985 ἐκχωρηθέντες
2892 907 3046 981 δόξαν
3130 918 3378 967 συνοῖσον
3458 912 3605 990 σφίσι
3665 913 3729 968 τὸ

2070 997 2321 1053 ἀπελθεῖν
2371 999 2456 1071 (τά
2511 1000 2611 1073 γὰρ
2664 994 2942 1072 συμϐάντα
2998 1000 3214 1062 τούτοις
3261 1002 3452 1077 πικρὰ,
3500 1003 3593 1056 καὶ
3656 1002 3731 1064 ὡς

2072 1087 2119 1142 εἷ’
2151 1086 2236 1141 ἐπὶ
2269 1088 2593 1147 καθοσιώσει
2650 1088 2963 1160 εὐθύνοντο)
2997 1088 3150 1151 εὐθὺς
3204 1095 3325 1151 ταῖς
3378 1094 3479 1144 τοῦ
3540 1091 3731 1167 ἱερέως

2072 1174 2477 1253 ἐφοδιασϐέντες
2512 1175 2701 1250 εὐχαῖς
2732 1198 2789 1231 τε
2821 1176 2909 1231 καὶ
2961 1177 3235 1253 εὐλογίαις
3293 1186 3392 1249 τῆς
3444 1180 3580 1252 πρὸς
3630 1180 3729 1247 τὴν

2073 1263 2474 1334 Θεσσαλονίκην
2509 1266 2779 1341 φερούσης
2811 1267 3091 1321 ἅπτονται.
3126 1270 3193 1324 ⁴Ἀ
3247 1269 3341 1339 μὲν
3398 1266 3487 1322 οὖν
3542 1268 3729 1340 ἐπιμί-

2074 1354 2218 1425 ξασιν
2280 1355 2505 1416 ἐκείνοις
2567 1354 2935 1430 Θεσσαλονίκῃ
2965 1357 3056 1409 καὶ
3120 1357 3339 1431 βασιλεῖ
3368 1355 3730 1433 προσελθοῦσι

2076 1440 2298 1512 συνέϐη,
2332 1444 2392 1498 οὐ
2446 1449 2540 1499 τοῦ
2597 1444 2866 1519 παρόντος
2919 1445 3097 1521 λέγειν
3144 1451 3358 1521 καιροῦ.
3394 1446 3548 1517 Πλὴν
3584 1447 3734 1500 εἰκά-

2078 1535 2214 1587 σαιτ⁹
2246 1530 2305 1587 ἄν
2338 1535 2519 1595 τιςὼς
2549 1532 2648 1588 οὐκ
2694 1531 2751 1587 ἂν
2812 1535 2868 1588 εὖ
2927 1534 3126 1589 ἐκεῖθεν
3190 1534 3405 1607 ἔπαθον,
3439 1535 3483 1590 εἰ
3543 1537 3617 1609 μή
3676 1556 3735 1609 γε

2076 1623 2429 1697 Θεραπεύουσι
2460 1624 2552 1678 τὸν
2584 1625 2770 1698 καιρὸν
2834 1620 3028 1694 συνέϐη
3089 1629 3255 1679 ταῦτα
3312 1628 3523 1681 παθεῖν.
3558 1627 3734 1681 Τοῦτο

2080 1708 2125 1765 δ’
2156 1713 2221 1780 ἦν
2260 1716 2609 1783 μεμονῶσθαι
2652 1713 2742 1766 τὸν
2804 1712 3152 1787 πατριάρχην
3206 1714 3636 1786 ὁποκλιθέντων,
3666 1713 3740 1774 ὡς

2078 1800 2166 1855 καὶ
2198 1806 2303 1855 τῶν
2337 1800 2545 1871 ἄλλων,
2580 1800 2817 1856 ἐκείνων.

2001 1934 2047 2000 Β
2078 1954 2168 2008 κε’.
2202 1952 2276 2005 Τὰ
2304 1952 2425 2027 περὶ
2453 1956 2548 2006 τοῦ
2581 1952 2811 2008 σουλτάν
2846 1952 3155 2029 ’ᾼζοιτίνου³
3188 1954 3279 2006 καὶ
3338 1954 3404 2008 τὰ
3451 1954 3577 2029 περὶ
3627 1959 3734 2008 τῶν

2754 2026 3039 2100 Τοχάρων.

2154 2162 2216 2233 [Ρ
2249 2162 2370 2233 153]
2406 2157 2774 2229 Ἀναληπτέον
2829 2159 2919 2213 καὶ
2977 2160 3037 2214 τὸ
3095 2164 3193 2214 τοῦ
3252 2160 3483 2216 σουλτάν
3518 2161 3739 2231 ’Λζατί-

2079 2269 2201 2317 νου,
2234 2248 2292 2309 ’ὸς
2348 2250 2516 2321 μοῖρά
2562 2267 2645 2309 τις
2691 2246 2877 2322 γέγονε
2934 2245 3209 2322 δυστυχὴς
3244 2246 3571 2317 Μακεδόσιν,
3605 2248 3741 2305 εἶίπω

2083 2335 2139 2392 δὲ
2164 2337 2253 2392 καὶ
2311 2337 2619 2413 Θρᾳξὶ,καὶ
2667 2338 2729 2392 τὸ
2784 2341 2881 2391 τοῦ
2938 2339 3191 2411 κομήτου
3240 2339 3605 2415 προάγγελμα
3664 2340 3742 2404 εἷς

2077 2540 2228 2595 cinio
2263 2539 2373 2595 tuti
2407 2538 2625 2611 ubique
2666 2539 3048 2611 inviolatique
3077 2541 3261 2597 futuri
3312 2546 3527 2611 essent,
3561 2546 3737 2599 tantae

2076 2629 2239 2685 illius
2309 2646 2373 2683 ac
2450 2633 2570 2683 tam
2639 2629 2993 2684 venerabilis
3079 2636 3351 2702 respectu
3409 2632 3737 2702 potestatis.

2078 2718 2336 2789 Denique
2384 2722 2698 2789 postquam
2731 2736 2796 2774 eo
2843 2719 3269 2790 pervenissent,
3298 2720 3424 2791 ipso
3474 2720 3636 2775 vultu
3672 2736 3738 2776 ac

2079 2811 2392 2879 conspectu
2421 2807 2711 2879 principis
2734 2808 3132 2864 certissimum
3161 2809 3385 2865 aciebat
3400 2812 3739 2880 accepturos

2080 2896 2242 2968 ipsos
2293 2898 2505 2952 salutis
2551 2902 2608 2951 et
2662 2898 2999 2952 securitatis
3051 2898 3307 2970 pignus;
3343 2914 3479 2954 nam
3530 2899 3739 2953 faciem

2082 2985 2453 3057 imperatoris
2485 3002 2680 3040 coram
2712 2986 2801 3041 vel
2825 2987 2896 3041 ad
2931 2992 3295 3042 momentum
3328 2986 3517 3043 oculis
3549 2987 3748 3057 objec-

2081 3077 2200 3129 tam
2261 3075 2462 3146 gratia:
2495 3092 2561 3129 ac
2609 3076 2788 3129 veniae
2820 3091 2961 3146 erga
3012 3076 3331 3146 intuentes,
3385 3076 3560 3131 etiam
3597 3093 3747 3147 prae-

2084 3164 2395 3219 damnatos
2450 3180 2597 3229 reos,
2650 3165 3050 3220 necessariam
3102 3182 3343 3220 causam
3386 3165 3740 3220 existimari.

2087 3252 2214 3306 llmc
2246 3257 2303 3307 et
2325 3252 2502 3321 hujus
2522 3253 2828 3307 sententiae
2861 3251 2976 3307 alia
3007 3270 3140 3308 cum
3167 3253 3466 3324 allegaret,
3505 3270 3746 3324 persua-

2086 3339 2161 3394 sit
2192 3341 2347 3410 quod
2378 3339 2634 3404 volebat,
2678 3339 2972 3410 siquidem
3025 3340 3109 3395 illi
3140 3341 3512 3397 conducibile
3544 3341 3598 3396 id
3633 3342 3747 3395 sibi

2084 3428 2348 3483 futurum
2386 3429 2516 3496 rati,
2545 3430 2892 3500 patriarchae
2925 3430 2983 3484 in
3042 3432 3097 3484 id
3133 3430 3241 3484 iter
3272 3446 3520 3485 assensu
3555 3430 3744 3498 impe-

2082 3522 2255 3584 trato,
2287 3518 2489 3589 templi
2522 3519 2817 3589 refugium
2850 3518 3181 3589 relinquere
3202 3520 3393 3589 adque
3423 3519 3749 3590 imperato-

2086 3629 2209 3668 rem
2243 3628 2304 3666 se
2335 3613 2599 3667 conferre
2631 3614 3035 3681 decreverunt,
3069 3612 3247 3667 etiam
3282 3612 3420 3667 inde
3453 3611 3741 3666 allueente

2086 3716 2399 3757 successus
2430 3701 2485 3754 in
2535 3700 2636 3755 tali
2683 3699 2929 3755 consilio
2978 3716 3102 3771 spe,
3157 3700 3314 3770 quod
3361 3701 3506 3755 satis
3536 3698 3754 3754 intelli-

2086 3797 2287 3863 gerent
2316 3808 2382 3847 ea
2441 3808 2569 3861 quae
2617 3791 2677 3845 in
2708 3790 2870 3861 ipsos
2927 3794 3041 3845 tam
3095 3791 3300 3845 acerbe
3345 3795 3476 3845 acta
3528 3793 3750 3858 essent,

2088 3884 2320 3938 decreta
2377 3899 2507 3938 esse
2568 3883 2638 3937 ab
2698 3881 3040 3953 imperatore
3096 3882 3379 3937 arbitrato
3426 3881 3596 3936 utilia
3648 3881 3751 3935 illa

2089 3990 2219 4029 esse
2266 3974 2629 4029 emolliendee
2652 3972 2888 4027 duritiei
2913 3972 3260 4044 patriarchae
3284 3977 3339 4028 et
3364 3972 3748 4044 impetrandae

2090 4064 2160 4118 ab
2213 4079 2277 4118 eo
2329 4078 2447 4117 suae
2491 4062 2680 4133 ipsius
2749 4061 3225 4117 reconciliatonis
3271 4077 3407 4117 cum
3468 4061 3748 4116 Ecclesia.

2090 4152 2295 4207 Statim
2328 4151 2530 4222 igitur,
2565 4152 2711 4205 bene
2744 4155 3019 4221 precante
3050 4152 3196 4222 ipsis
3228 4151 3288 4204 in
3341 4151 3608 4223 digressu
3647 4167 3747 4221 pa~

2091 4240 2350 4296 triaroha
2396 4246 2449 4294 et
2500 4239 2653 4295 viam
2696 4238 2846 4295 votis
2896 4243 3309 4311 prosequente,
3364 4238 3747 4294 Thessaloni-

2091 4346 2218 4385 cam
2252 4344 2456 4383 versus
2489 4328 2907 4398 profectionem
2951 4331 3362 4398 susceperunt.
3397 4328 3547 4393 Quid
3578 4342 3751 4399 porro

2090 4418 2261 4490 ipsis,
2321 4421 2633 4487 postquam
2681 4432 2746 4472 eo
2798 4421 3189 4488 pervenerunt
3232 4421 3289 4472 et
3332 4418 3747 4488 imperatorem

2094 4508 2386 4576 adierunt,
2422 4505 2752 4578 contigerit,
2784 4523 2901 4562 non
2936 4506 3117 4574 hujus
3143 4510 3232 4562 est
3259 4506 3545 4577 temporis
3578 4506 3752 4561 refer-

2094 4614 2171 4653 re.
2209 4600 2491 4651 Caeterum
2528 4594 2712 4650 facilis
2744 4596 3133 4665 prudentibus
3167 4596 3504 4664 conjectura
3535 4611 3754 4666 sugge-

2093 4690 2182 4742 ret
2212 4686 2670 4757 haudquaquam
2703 4685 2835 4740 illos
2866 4684 3188 4755 quidquam
3212 4684 3413 4755 gratiae
3444 4689 3549 4739 aut
3580 4686 3753 4739 bene-

2096 4775 2213 4830 ﬁcii
2248 4774 2431 4829 fuisse
2477 4774 2548 4829 ab
2582 4774 2934 4845 imperatore
2984 4778 3351 4844 accepturos,
3402 4773 3518 4829 nisi
3568 4789 3752 4844 quan-

2093 4870 2221 4920 tum
2268 4862 2586 4935 promereri
2632 4863 3009 4934 obsequendo
3063 4866 3383 4932 potuerunt
3433 4862 3752 4918 servientes

2097 4953 2387 5025 tempori;
2441 4954 2598 5007 unde
2649 4952 2897 5023 contigit
2926 4951 3103 5022 (quod
3165 4950 3223 5005 in
3287 4952 3495 5022 primis
3552 4951 3759 5006 avebat

2095 5042 2416 5115 imperator
2433 5046 2593 5097 tanto
2618 5041 2809 5112 magis
2841 5040 3030 5096 solum
3056 5038 3312 5111 relinqui
3332 5040 3726 5111 patriarcham
3745 5065 3758 5092 ν

2099 5133 2250 5189 229
2289 5131 2381 5186 his
2407 5146 2658 5201 quoque,
2693 5128 2868 5184 sicuti
2914 5130 3039 5199 jam
3073 5129 3172 5184 alii
3206 5129 3483 5197 fecerant,
3519 5128 3588 5183 ad
3624 5146 3756 5199 par-

2096 5224 2186 5277 tes
2217 5220 2590 5292 imperatoris
2622 5218 3091 5274 transeuntibus.

2343 5364 2431 5417 25.
2464 5365 2536 5419 De
2557 5363 2773 5419 sultane
2795 5361 3032 5417 Azatino
3060 5362 3110 5415 et
3140 5359 3205 5414 de
3236 5360 3513 5415 Tocharis.

2169 5489 2543 5544 Resumenda
2588 5505 2745 5544 nunc
2814 5492 2903 5543 est
2950 5487 3177 5540 naratio
3244 5500 3441 5540 rerum
3506 5485 3761 5543 sultanis

2096 5577 2341 5645 Azatini,
2378 5577 2478 5649 qui
2507 5575 2893 5633 fatumvtriste
2911 5578 3087 5645 atque
3109 5572 3435 5629 infaustum
3459 5576 3761 5646 quoddam

2098 5666 2519 5723 Macedonibus
2550 5665 2775 5722 exstitit
2796 5664 2887 5720 aio
2940 5664 3119 5719 etiam
3164 5661 3530 5735 Thracibus;
3561 5670 3767 5737 etquae

2096 5754 2243 5813 laeva
2286 5769 2554 5827 saevaque
2602 5754 2803 5811 minax
2845 5755 3077 5809 cometa
3127 5751 3507 5823 portenderat
3551 5758 3761 5812 eventu
