4112 6422
282 361 394 420 673

1355 367 1451 419 DE
1492 367 1864 422 MICHAELE
1905 369 2352 428 PALEOLOGO
2389 377 2523 431 LIB.
2567 377 2666 433 III.

3613 392 3722 449 674

293 483 511 544 ἔκϐασιν
558 483 708 551 ἔθετο
759 487 1055 563 προφανῆ.
1105 487 1349 550 Ἐκεῖνος
1397 488 1496 561 γὰρ
1557 489 1643 543 ἐπὶ
1692 489 1950 546 πλεῖστον
1981 495 2035 560 Α
2064 493 2265 568 γνύειν,
2297 499 2358 553 τὸ
2391 507 2634 573 κρεῖττον
2667 511 2765 573 τῆς
2807 503 2956 571 λείας
3003 508 3090 562 καὶ
3142 509 3300 565 αὐτὸν
3351 509 3718 589 διαφερόντως

333 581 360 589 ..
419 582 463 589 --
720 575 730 589 .
1203 573 1214 589 .
1405 574 1418 589 ι
1476 576 1488 589 .
1629 575 1638 589 .
2079 583 2092 589 -
2225 584 2234 589 .
3456 571 3465 588 .

3456 571 3465 588 δ

292 581 363 651 τῇ
419 575 833 631 Κωνσταντίνου
878 573 1286 646 προστετηκὼς,
1332 574 1420 629 καὶ
1469 575 1735 652 ὁσημέραι
1787 599 1961 652 προσ-

294 663 474 720 δοκῶν
525 663 806 734 ἐπανήξειν
855 664 971 734 μεθ’
1022 663 1104 718 ὅτι
1157 663 1421 734 πλείστης
1470 665 1684 739 ἰσχύος,
1732 665 1845 721 ἐπεὶ
1896 669 1959 722 τὸ

291 755 343 810 ἐν
402 753 614 808 ἐλπίσιν
671 751 988 827 ἀπέγνωστο
1021 748 1163 823 (ᾔδει
1221 753 1322 828 γὰρ
1377 751 1522 808 ἄλλα
1575 755 1670 809 τὸν
1733 755 1960 830 βασιλέα

289 842 838 919 πραγματευόμενον,
890 841 980 894 καὶ
1039 841 1101 895 τὸ
1158 841 1326 910 κῆδος
1383 836 1561 896 ἔπειθε
1606 843 1668 897 τὸ
1701 845 1834 919 πρὸς
1866 845 1955 899 τὸν

294 935 532 1007 Ἀπαγᾶν
595 933 669 994 ὡς
729 930 904 985 οὐκέθ’
967 929 1417 1004 ὑποστρέψειεν),
1476 931 1644 1007 εὑρὼν
1702 938 1780 1005 τῷ
1835 934 1959 988 τότε

290 1024 476 1099 καιρὸν
525 1021 582 1076 ὅν
634 1025 668 1090 ἡ
718 1025 814 1075 τοῦ
866 1019 1138 1096 βασιλέως
1185 1020 1381 1075 ἀπουσί
1442 1019 1627 1076 δέοντοὶ
1659 1024 1711 1076 οἱ
1766 1029 1959 1100 παρεῖ-

292 1135 407 1190 χεν,
443 1112 801 1187 διαμηνύεται
833 1116 940 1166 τῶν
973 1132 1080 1166 τινι
1114 1117 1412 1186 συγγενῶν,
1466 1111 1699 1185 ἐπιδόξῳ
1730 1135 1790 1189 γε
1841 1136 1953 1168 οντι

290 1205 427 1258 κατᾶ
481 1204 549 1257 τὰ
606 1203 745 1278 πρὸς
806 1198 1002 1276 ἄρκτον
1067 1203 1204 1276 μέρη
1263 1206 1358 1256 τοῦ
1415 1202 1663 1274 Εὐξείνου
1725 1203 1953 1271 πόντου,

294 1294 558 1350 δυσωπῶν
605 1293 876 1366 ἐπαμῦναί
929 1294 981 1347 οἱ
1049 1291 1296 1368 ἀσιδήρῳ
1352 1293 1757 1368 πεφυλαγμένῳ
1813 1295 1958 1371 παρὰ

292 1385 438 1464 φίλῳ
467 1387 547 1458 τῷ
599 1382 834 1461 βασιλεῖ,
878 1380 1031 1437 οὐδὲν
1065 1383 1269 1458 ἐχθροῦ
1303 1381 1634 1461 διαφέροντι.
1670 1387 1820 1442 Εἶναι
1853 1387 1955 1461 γὰρ

293 1476 507 1548 ἐκείνῳ,
537 1475 582 1529 εἷ
636 1472 893 1548 βούλοιτο
949 1475 1190 1548 βοηθεῖν,
1240 1473 1511 1538 συνελθεῖν
1563 1477 1959 1548 Κωνσταντίνῳ

300 1565 388 1620 καὶ
448 1561 749 1620 σπεύδοντα
804 1567 1138 1636 παροτρῦναι
1192 1565 1330 1639 πρὸς
1377 1565 1476 1633 τήν
1531 1569 1628 1618 τοῦ
1689 1564 1959 1639 βασιλέως

301 1655 569 1720 ἐπίθεσιν.
630 1655 735 1709 Καὶ
779 1654 937 1708 αὐτὸν
999 1653 1313 1726 οἰκονομεῖν
1372 1655 1498 1728 παρ’
1549 1653 1751 1708 ἐκεῖνον
1805 1655 1956 1723 ἱέναι,

294 1747 383 1801 καὶ
445 1745 618 1808 οὕτως
650 1744 841 1818 ἐκείνῳ
892 1744 1121 1799 συνόντα
1171 1744 1296 1820 ῥᾷον
1354 1750 1474 1808 καθ’
1533 1743 1658 1798 ὁδὸν
1716 1744 1957 1800 ἐκπεσεῖν

298 1834 375 1895 εἷς
405 1839 595 1908 χεῖρας
629 1831 876 1896 ἐκείνοις.
929 1831 979 1887 εἴ
1029 1832 1189 1904 μόνον
1242 1835 1520 1907 Τοχάροις
1571 1833 1796 1904 συνεξίοι
1849 1836 1963 1906 ἅμα
1994 1859 2039 1922 Β

302 1925 695 1996 Κωνσταντίνῳ
748 1923 882 1994 μετᾶ
930 1921 1278 1998 Βουλγάρων.
1325 1924 1428 1978 Καὶ
1487 1923 1537 1976 εἷ’
1591 1924 1684 1995 μὲν
1721 1924 1838 1995 ἁλῷ
1869 1925 1959 1977 καὶ

297 2012 455 2074 αὐτὸς
505 2011 800 2086 βασιλεὺς,
852 2012 906 2064 εὗ
954 2011 1087 2066 εἶναι
1135 2018 1251 2074 τοῖς
1302 2011 1764 2084 έπιθησομένοις·
1818 2013 1863 2066 εἷ
1915 2011 1962 2067 δ’

300 2104 416 2170 οὖν,
467 2101 614 2158 ἀλλὰ
663 2102 812 2157 λείαν
845 2097 1320 2177 περιϐαλομένους
1361 2099 1622 2172 πλείστην
1670 2101 1825 2173 ὅσην,
1883 2100 1961 2157 ἔτι

301 2190 358 2246 δὲ
406 2193 492 2246 καὶ
539 2196 646 2246 τῶν
694 2195 793 2246 τοῦ
842 2189 1109 2265 βασιλέως
1139 2189 1325 2246 πολλὰ
1371 2187 1638 2254 λαϐόντας
1672 2191 1965 2261 ἐπαναζευ-

301 2390 632 2459 manifesto,
654 2389 891 2462 pernice
923 2389 1161 2460 publica
1195 2388 1462 2459 patravit.
1497 2389 1602 2444 Hic
1654 2395 1965 2461 postquam

313 2480 410 2536 diu
447 2479 602 2551 apud
656 2476 1230 2548 Constantinopolim
1271 2477 1515 2533 taediosa
1561 2479 1968 2535 contabuisset

314 2586 496 2636 mora,
531 2569 590 2622 in
641 2566 765 2622 dies
822 2570 1164 2637 exspectans
1203 2565 1404 2620 reduci
1463 2582 1525 2621 se
1568 2583 1703 2620 cum
1752 2583 1966 2638 magno

317 2658 574 2715 exercitu
635 2657 695 2710 in
753 2655 1073 2723 Persidem,
1126 2655 1227 2710 ubi
1280 2671 1416 2727 spes
1463 2655 1590 2723 ejus
1642 2655 1721 2710 rei
1772 2656 1966 2711 omnis

316 2746 604 2803 exstincta
632 2744 747 2817 ipsi
781 2743 1050 2800 funditus
1081 2747 1191 2814 est,
1224 2748 1348 2798 tum
1384 2743 1560 2815 longa
1602 2744 1967 2800 inﬁnitarum

323 2836 770 2892 frustrationum
809 2834 1187 2904 experientia,
1229 2838 1354 2890 tum
1389 2835 1639 2889 maxime
1670 2836 1824 2906 quod
1853 2851 1968 2890 non

317 2926 614 2998 ignoraret
663 2924 765 2995 qui
824 2941 956 2977 cum
1016 2923 1140 2978 suis
1191 2921 1464 2978 hostibus
1496 2923 1646 2978 clam
1698 2928 1973 2978 tractaret

316 3017 656 3085 imperator,
692 3017 750 3068 et
807 3013 997 3067 foedus
1047 3013 1117 3067 ab
1158 3028 1224 3067 eo
1274 3011 1456 3066 ictum
1511 3029 1644 3066 cum
1695 3015 1970 3083 Apagane

316 3110 684 3175 compertum
717 3103 980 3171 haberet,
1013 3102 1170 3157 unde
1209 3101 1357 3157 satis
1406 3102 1695 3157 intellexit
1744 3103 1970 3159 nullam

2069 583 2387 658 ἀγομένους.
2447 591 2769 663 Μεμνῆσθαί
2827 615 2886 648 τε
2944 597 3251 670 συγγενείας
3309 599 3573 674 προτέρας
3627 603 3718 658 καὶ

2068 669 2247 742 δόξης.
2300 677 2394 731 Καὶ
2455 677 2506 731 εἷ’
2564 680 2638 751 μὴ
2674 678 2744 734 δι’
2771 679 2935 759 ἄμφω
2978 669 3068 737 καί
3102 686 3176 749 ὡς
3206 669 3438 762 συγγενῆ
3470 669 3716 745 σπεύδειν

2067 761 2156 814 καὶ
2212 763 2286 826 ὡς
2343 763 2636 834 ἐλπίζοντα
2696 767 3133 843 μεταλαμϐάνειν
3189 773 3355 829 πάλιν
3409 777 3475 832 τὰ
3548 778 3720 850 μείζω

2070 849 2298 926 θεῤῥεῖν,
2361 853 2486 909 ἀλλ’
2543 857 2634 910 οὖν
2687 856 2757 912 δι’
2784 856 2836 913 ἓν
2891 861 3098 916 τούτων
3161 861 3306 935 ἄξιον
3354 867 3721 942 συμπράττειν

2067 939 2295 1010 οἷἐισΟαι,
2436 946 2511 1006 ὡς
2551 953 2794 1022 συγγενεῖ
2847 949 3149 1022 βοηθοῦντα
3187 951 3223 1020 ἢ
3278 955 3352 1015 ὡς
3385 952 3565 1010 εἰδότα
3594 979 3722 1013 κατι-

2067 1028 2318 1086 ελεοῦντα
2354 1076 2365 1089 .
2419 1038 2592 1088 Ταῦτα
2649 1034 2906 1106 δηλώσας
2954 1044 3033 1112 τῷ
3083 1040 3208 1114 θείῳ
3266 1039 3313 1096 δ’
3370 1043 3719 1120 ἀποῤῥήτων,

2065 1120 2132 1173 τὰ
2181 1121 2343 1174 πιστᾶ
2393 1119 2576 1176 λαϐὼν
2628 1123 2826 1181 ἐκεῖθεν
2881 1124 2971 1183 διὰ
3024 1130 3366 1203 γραμμάτων
3424 1119 3720 1209 προσεποι-

2067 1214 2176 1262 εῖτο
2236 1207 2426 1285 ἐφετήν
2485 1212 2618 1266 εἶναι
2679 1215 2729 1268 οἳ
2795 1216 2892 1282 τήν
2953 1217 3221 1290 βασιλέως
3250 1219 3392 1293 θέαν,
3425 1207 3514 1276 καὶ
3543 1227 3720 1300 γράμ-

2072 1319 2230 1370 μασιν
2253 1297 2460 1369 ἐδήλου
2503 1307 2582 1372 τῷ
2639 1303 2871 1377 βασιλεί,
2920 1306 3008 1360 καὶ
3060 1308 3292 1362 ἱκέτευεν
3341 1297 3721 1389 ἐφεῖναι-παρ’

2068 1384 2268 1440 ἐκεῖνον
2348 1390 2630 1462 γενέσθαι·
2714 1391 2844 1447 οὐδὲ
2899 1395 2999 1469 γὰρ
3060 1395 3253 1452 ἀνεκτά
3313 1384 3389 1452 οἳ.⁷
3442 1402 3574 1455 εἶναι
3633 1384 3720 1457 ἐπὶ

2067 1480 2324 1530 τοσοῦτον
2380 1477 2694 1553 ἐστερῆσθαι
2752 1489 2854 1550 τῆς
2911 1480 3201 1555 βασιλικῆς
3233 1483 3427 1558 ὄψεως.
3479 1489 3540 1545 Εἰ
3590 1496 3720 1566 γοῦν

2068 1566 2421 1638 προστάσσοι·
2484 1567 2532 1620 εἷ’
2584 1566 2630 1622 δ’
2688 1568 2802 1638 οὖν,
2867 1569 2923 1624 ἀ)
2943 1570 2993 1625 λ’
3050 1574 3212 1626 αὐτὸν
3263 1575 3376 1644 ἥξει
3405 1579 3490 1631 καὶ
3526 1578 3719 1649 οὕτως,

2070 1653 2181 1709 ἐπεὶ
2242 1657 2410 1720 πὸοθς
2470 1657 2669 1733 ἐπείγει
2727 1660 2813 1714 καὶ
2869 1667 3151 1735 τυραννεῖ.
3209 1666 3389 1718 Ταῦτα
3451 1669 3632 1738 μαθὼν
3693 1670 3720 1722 ὁ

2073 1742 2328 1817 βασιλθὺ-
2404 1752 2416 1778 ι’
2495 1747 2508 1764 “
2639 1751 2661 1780 Γ
2759 1749 2772 1765 ‘
2899 1749 2936 1786 “ι
3008 1746 3103 1804 Μλ
3235 1752 3262 1796 Τ
3416 1754 3430 1774 τ
3610 1761 3630 1771 “’

2242 1777 2264 1797 ε
2307 1787 2349 1813 η
2403 1767 2509 1818 Χκαι
2561 1769 2665 1801 που
2712 1768 2813 1823 γαρ
2858 1770 2950 1802 τοι
3005 1769 3064 1803 oo
3111 1771 3168 1804 ον
3212 1770 3356 1825 ε.χεν
3411 1759 3720 1828 υπονοεινς)

2071 1829 2159 1885 διὰ
2226 1833 2562 1906 γραμμάτων
2645 1839 2725 1908 [Ρ.
2789 1839 2913 1908 154]
2975 1836 3187 1912 ἐφίησιν
3257 1839 3540 1915 ἀφικέσθαι
3595 1846 3723 1917 παρ’

2070 1919 2308 1975 ἐκεῖνον’
2364 1921 2497 1976 ἰδεῖν
2555 1924 2654 1999 γὰρ
2712 1926 2802 1979 καὶ
2855 1924 3106 1988 δυτικοὺς
3158 1928 3358 1992 τόπους
3417 1932 3724 2006 ἐγγενέσθαι

2073 2010 2146 2075 οἱ,
2203 2009 2292 2071 οὖς
2341 2012 2445 2066 οὐκ
2499 2013 2566 2081 ἦν
2622 2015 2748 2087 ὁρᾷν
2791 2016 2908 2068 κατ’
2934 2014 3201 2079 ἀνατολὰς
3231 2015 3501 2092 διάγοντα.
3535 2023 3596 2077 Ὀ
3629 2022 3724 2093 μὲν

2073 2098 2164 2151 οὖν
2237 2099 2472 2155 σουλτὰν
2555 2101 2894 2177 ὲκχωρηθεῖς
2974 2105 3071 2172 τὴν
3155 2102 3336 2174 ἔξοδον
3407 2106 3722 2184 ἐπετάχυνε,

2072 2189 2161 2243 καὶ
2218 2188 2433 2259 πλῆθος
2483 2193 2786 2265 χρημάτων
2846 2193 3020 2269 ἀφεὶς,
3080 2188 3157 2247 ἔτι
3217 2191 3410 2250 δὲκαὶ
3469 2203 3730 2272 γυναῖκας

2074 2388 2350 2446 felicitate
2379 2390 2439 2445 in
2472 2407 2648 2462 quam
2686 2392 2985 2448 miseriam
3017 2397 3136 2450 tam
3189 2398 3316 2450 arta
3360 2395 3472 2467 ipsi
3511 2412 3728 2468 cogna-

2078 2479 2256 2534 tionis
2290 2480 2726 2536 necessitudine
2749 2483 3056 2537 devinctus
3081 2483 3355 2556 princeps
3387 2485 3730 2550 decidisset,

2076 2573 2356 2638 reputans
2391 2569 2724 2624 miseretur.
2761 2572 2976 2634 Quodsi
3011 2571 3131 2626 haec
3163 2589 3370 2643 parum
3434 2579 3733 2630 moverent

2077 2657 2147 2710 ad
2167 2657 2504 2712 audendum
2521 2660 2672 2729 quod
2694 2661 3152 2728 suadebatur,ac
3172 2663 3424 2717 fructum
3449 2664 3734 2733 cogitaret

2075 2744 2213 2799 inde
2245 2745 2353 2816 ipsi
2389 2752 2805 2817 proventurum
2859 2750 3097 2804 uberem
3129 2751 3216 2806 vel
3273 2768 3551 2807 successu
3594 2753 3730 2808 belli

2076 2833 2307 2888 lucroso
2343 2835 2713 2908 praemiisque
2740 2836 3019 2908 victoriae,
3051 2839 3137 2893 vel
3171 2856 3204 2894 a
3234 2840 3470 2910 propria
3489 2841 3732 2912 gratitu-

2079 2923 2214 2978 dine
2245 2924 2333 2978 sui
2361 2923 2570 2994 ipsius,
2606 2929 2914 2996 postquam
2948 2945 3076 2982 sesc
3116 2928 3176 2981 in
3210 2933 3431 2983 statum
3481 2931 3728 2984 fortunas

2081 3012 2396 3082 pristinum
2451 3014 2796 3083 reposuerit,
2845 3016 3043 3071 omnia
3103 3017 3400 3072 liberatori
3451 3019 3729 3075 debituri.

2081 3101 2209 3155 Haec
2259 3102 2307 3156 si
2357 3102 2693 3157 viderentur
2738 3103 2967 3159 inﬁrma
3026 3105 3282 3178 singula,
3321 3106 3498 3161 simul
3533 3111 3730 3162 tamen

317 3193 434 3248 sibi
466 3191 750 3248 redeundi
783 3207 1041 3262 unquam
1091 3191 1347 3262 amplius
1381 3193 1452 3244 ad
1488 3191 1774 3246 amissum
1810 3193 1972 3263 prin-
1999 3223 2041 3289 Ε
2082 3192 2394 3262 conjuncta
2423 3191 2623 3247 omnia
2652 3193 2766 3247 vim
2802 3193 3014 3248 habere
3045 3194 3360 3249 maximam
3395 3196 3548 3266 apud
3601 3197 3730 3266 ejus

316 3285 578 3355 cipatum
642 3281 926 3353 reliquam
975 3297 1105 3337 esse
1140 3282 1417 3337 fiduciam
1479 3281 1710 3352 debere,
1759 3287 1968 3337 nactus

314 3373 752 3429 accomodatam
787 3371 910 3426 suis
966 3370 1296 3426 rationibus
1327 3371 1719 3437 occasionem,
1753 3372 1966 3426 absen-

317 3463 460 3518 tiam
491 3461 886 3532 imperatoris,
921 3460 1135 3532 allegat
1170 3461 1349 3515 fidum
1383 3461 1492 3516 sibi
1540 3461 1836 3517 hominem
1897 3463 1967 3516 ad

317 3552 684 3625 quemdame
709 3549 976 3621 cognatis
1007 3549 1066 3602 in
1101 3550 1536 3619 septentrionali
1565 3550 1770 3603 Euxini
1806 3551 1971 3605 Ponti

320 3645 511 3695 tractu
547 3642 988 3710 praepotentem,
1014 3653 1188 3692 orans
1216 3643 1282 3692 ut
1312 3637 1424 3691 sibi
1470 3637 1808 3692 subveniret
1829 3638 1974 3691 citra

320 3732 542 3784 ferrum
575 3733 632 3783 et
664 3725 897 3781 vincula
928 3725 1197 3780 custodia
1229 3726 1464 3780 detento
1517 3726 1589 3780 ab
1623 3726 1972 3797 imperatore

321 3819 510 3874 amico
546 3818 604 3872 in
639 3815 915 3888 speciem,
947 3831 1148 3870 revera
1179 3813 1330 3868 nihil
1361 3815 1433 3869 ab
1459 3814 1624 3869 hoste
1646 3815 1970 3869 dilferente.

320 3915 498 3964 Posse
528 3908 685 3962 enim
709 3904 878 3959 illum
899 3903 1088 3969 facile,
1109 3903 1374 3970 sivellet,
1404 3903 1671 3957 auxiliari
1697 3904 1807 3958 sibi
1835 3921 1974 3975 opes

319 4015 452 4054 cum
513 3996 898 4052 Constantino
959 3994 1390 4064 conjungendo,
1444 3997 1500 4047 et
1552 3993 1710 4047 hunc
1769 4000 1974 4063 sponte

319 4092 654 4142 currentem
698 4083 996 4158 incitando
1039 4083 1109 4136 ad
1164 4082 1510 4136 irruendum
1543 4081 1859 4152 improviso
1917 4083 1974 4136 in

320 4178 758 4247 imperatorem.
796 4173 934 4228 Sese
960 4172 1151 4242 ipsum
1188 4173 1304 4241 iam
1346 4170 1402 4224 id
1431 4187 1622 4240 agere,
1657 4187 1722 4225 ac
1771 4188 1978 4226 conse-

317 4274 593 4324 cuturum
626 4282 880 4337 sperare,
917 4268 980 4319 ut
1012 4263 1172 4318 adire
1203 4263 1616 4333 imperatorem
1648 4262 1759 4317 sibi
1786 4262 1977 4332 liceat,

320 4374 387 4412 eo
419 4354 666 4410 consilio
700 4358 765 4407 ut
797 4369 1054 4424 praesens
1087 4369 1219 4408 eum
1255 4349 1704 4406 dissimulanter
1729 4351 1784 4405 in
1818 4369 1982 4422 para-

323 4450 414 4500 tas
480 4459 582 4514 per
623 4442 773 4496 viam
816 4442 1062 4496 insidias
1117 4441 1458 4512 praecipitet.
1497 4440 1701 4496 Venire
1749 4445 1980 4496 tantum

323 4539 382 4588 et
431 4534 678 4588 eductos
751 4547 952 4585 secum
1015 4530 1311 4586 Tochoros
1393 4547 1527 4585 cum
1600 4530 1983 4585 Constantino

331 4621 716 4694 Bulgarisque
746 4618 804 4673 in
829 4635 1205 4674 communem
1231 4619 1662 4688 expeditionem
1690 4620 1976 4687 traheret;

327 4727 393 4768 ac
427 4711 476 4765 si
511 4710 774 4781 quidem,
806 4708 962 4778 quod
989 4723 1236 4778 pronum
1271 4712 1506 4777 speratu
1534 4707 1862 4772 videbatur,
1889 4726 1984 4762 ca-

330 4805 569 4872 peretur
601 4800 944 4870 imperator,
978 4795 1148 4851 facile
1181 4812 1459 4866 apparere
1506 4801 1794 4866 quantum
1829 4799 1982 4854 230

332 4891 465 4944 inde
495 4889 782 4944 bonorum
816 4887 876 4940 in
909 4886 1071 4956 ipsos
1095 4885 1563 4940 redundaturum
1589 4892 1782 4942 esset:
1811 4887 1900 4941 sin
1924 4889 1981 4942 id

330 4997 442 5036 non
493 4977 863 5043 succederet,
926 4979 1079 5030 certe
1132 4990 1246 5029 non
1311 4991 1482 5045 posse
1534 4974 1789 5029 dubitari
1839 4976 1984 5046 quin

327 5067 784 5141 quaestuossima
814 5064 924 5136 ipsi
961 5065 1111 5119 foret
1149 5063 1263 5118 ista
1304 5063 1538 5133 militia,
1572 5063 1776 5134 utique
1807 5066 1984 5120 redu-

326 5164 491 5214 cturo
543 5175 611 5212 ex
657 5173 724 5212 ea
777 5156 975 5227 copias
1034 5159 1276 5209 onustas
1337 5154 1535 5222 opima
1578 5155 1791 5223 praeda,
1851 5171 1982 5209 cum

324 5247 573 5302 aliarum
608 5245 800 5299 omnis
850 5242 1083 5315 generis
1135 5257 1352 5309 rerum,
1386 5246 1511 5294 tum
1557 5246 1885 5311 apparatus
1919 5259 1985 5298 ac

325 5332 711 5407 supellectilis
744 5330 1159 5403 imperatoriae,
1194 5346 1262 5384 ex
1294 5328 1510 5399 quibus
1552 5329 1816 5399 excipere
1867 5331 1982 5386 sibi

325 5421 881 5498 praestantissimum
905 5421 1163 5491 quidque
1194 5423 1410 5490 posset,
1437 5421 1495 5471 et
1525 5416 1720 5487 ipsum
1742 5435 1991 5476 consan-

326 5513 604 5585 guineum
625 5507 950 5579 supplicem
972 5508 1212 5580 indigna
1236 5505 1512 5562 custodia
1537 5512 1802 5577 ereptum
1830 5508 1990 5566 inco-

326 5605 526 5659 lumen
559 5616 625 5655 ac
674 5598 927 5652 liberum
987 5613 1120 5651 cum
1178 5595 1453 5667 pretiosis
1495 5593 1699 5666 spoliis
1744 5599 1986 5655 domum

329 5691 609 5762 recipere.
666 5683 1032 5744 Meminisset
1087 5685 1302 5755 prioris
1349 5701 1468 5739 sua:
1515 5682 1735 5754 gloriae,
1788 5703 1856 5742 ex
1882 5707 1996 5760 qua

2082 3280 2346 3335 animum
2382 3298 2482 3352 par
2513 3298 2661 3337 esse.
2694 3285 2898 3351 Ageret
2940 3283 3141 3354 igitur,
3163 3288 3220 3338 et
3250 3285 3335 3338 vel
3369 3285 3729 3355 consangui-

2083 3369 2286 3425 nitatis
2311 3376 2574 3441 respectu
2601 3371 2816 3426 auxilio
2840 3371 3176 3437 veniret,vel
3201 3389 3320 3426 suae
3344 3372 3727 3439 infelicitatis,

2082 3476 2256 3529 quam
2289 3459 2399 3531 ipsi
2434 3459 2942 3532 aperiret,-’_notitia
2974 3459 3216 3532 indigna
3248 3461 3528 3516 ferentem
3555 3464 3731 3518 mise-

2085 3555 2328 3604 raretur.
2380 3551 2481 3604 His
2515 3567 2728 3605 arcano
2780 3551 3060 3620 expositis
3119 3555 3352 3621 patruo,
3402 3550 3734 3623 litterisque

2083 3638 2273 3710 ipsius
2307 3641 2532 3694 mutuis
2581 3657 2828 3694 assensu
2870 3639 3061 3711 ipsius
3101 3640 3332 3710 ﬁdeque
3364 3646 3619 3711 accepta,
3655 3640 3735 3695 si-

2090 3728 2333 3781 mulavit
2355 3729 2687 3784 desiderare
2717 3745 2780 3784 se
2806 3731 3086 3800 majorem
3112 3729 3171 3783 in
3201 3730 3438 3788 modum
3465 3747 3738 3801 conspec-

2089 3825 2207 3869 tum
2238 3816 2627 3886 imperatoris,
2662 3819 2719 3871 in
2753 3835 3002 3888 eamque
3035 3819 3386 3874 sententiam
3447 3820 3515 3873 ad
3548 3819 3738 3890 impe-

2091 3909 2343 3958 ratorem
2379 3905 2637 3976 scripsit,
2673 3922 2848 3960 orans
2883 3908 3058 3961 etiam
3102 3915 3273 3977 atque
3323 3907 3495 3962 etiam
3530 3913 3595 3962 ut
3624 3908 3739 3962 sibi

2093 3993 2457 4064 permitteret
2492 3993 2687 4062 ipsum
2732 3995 3118 4065 adire.Neque
3135 3995 3290 4048 enim
3317 3995 3751 4050 sitnitolerabile

2092 4080 2270 4135 videri
2307 4087 2471 4135 tanto
2496 4083 2623 4149 jam
2661 4089 2918 4150 tempore
2949 4099 3058 4136 usu
3093 4099 3159 4136 ac
3192 4084 3320 4136 visu
3354 4083 3570 4152 privari
3604 4084 3742 4138 cha-

2092 4170 2313 4225 rissimi
2343 4179 2518 4241 atque
2545 4170 2993 4226 honoratissimi
3025 4171 3135 4225 sibi
3181 4158 3506 4241 principis:
3535 4173 3745 4240 jubere

2094 4260 2273 4332 igitur
2304 4260 2745 4331 quamprimum
2772 4261 3114 4331 dignaretur
3144 4277 3206 4315 se
3227 4261 3458 4327 venire;
3500 4261 3587 4315 sin
3613 4277 3749 4332 gra-

2096 4349 2304 4404 tificari
2337 4348 2442 4403 hoc
2476 4350 2587 4403 sibi
2640 4349 2917 4416 differret,
2960 4351 3139 4405 sciret
3170 4355 3336 4405 tanta
3365 4367 3428 4405 se
3478 4351 3569 4404 uri
3621 4352 3752 4420 ejus

2095 4455 2290 4492 coram
2337 4438 2600 4505 intuendi
2630 4439 2977 4509 cupiditate,
3013 4443 3078 4493 ut
3121 4440 3216 4496 vix
3265 4439 3377 4494 sibi
3425 4443 3753 4511 temperare

2100 4532 2296 4597 posset
2319 4545 2351 4582 a
2381 4528 2739 4598 profectione
2772 4527 3180 4596 istucinjussu
3225 4529 3509 4582 tentanda
3541 4548 3554 4596 ;
3591 4530 3746 4599 quod

2018 4599 2063 4662 D
2097 4617 2144 4671 si
2182 4617 2640 4687 faceretiguosci
2674 4634 2904 4686 aequum
2936 4618 3450 4688 fore,tyrannicam
3481 4634 3610 4672 esse
3633 4617 3748 4672 vim

2097 4705 2397 4771 desiderii,
2440 4711 2496 4759 et
2525 4721 2834 4776 erumpere
2893 4705 3240 4777 plerumque
3299 4708 3451 4760 ultra
3503 4705 3752 4760 rationis

2097 4800 2272 4866 atque
2295 4795 2540 4850 humani
2573 4795 2797 4849 arbitrii
2834 4795 3175 4865 praescripta
3204 4796 3433 4849 frenum
3464 4795 3753 4849 eluctatus

2096 4886 2225 4955 ejus
2249 4883 2526 4954 impetus.
2560 4883 2661 4938 His
2679 4883 2996 4955 imperator
3012 4883 3284 4955 acceptis,
3312 4900 3416 4938 nec
3431 4883 3752 4954 quidquam

2097 4976 2167 5030 de
2202 4973 2449 5029 occultis
2482 4991 2630 5045 quas
2659 4974 2915 5030 diximus
2931 4973 3469 5029 machinationibus
3493 4973 3756 5044 suspica-

2100 5069 2219 5132 tus,
2252 5065 2554 5136 rescripsit
2586 5064 2924 5120 humaniter
2955 5063 3271 5135 indulgens
3321 5062 3538 5118 sultani
3596 5062 3755 5134 quod

2101 5155 2357 5226 petebat,
2392 5155 2547 5208 ultro
2581 5155 2722 5226 quin
2765 5155 2943 5208 etiam
2994 5153 3247 5208 invitans
3277 5154 3349 5207 ad
3384 5152 3753 5207 occasionem

2105 5244 2516 5314 usurpandam
2548 5243 2775 5298 visendi
2834 5243 3160 5313 provincias
3191 5247 3248 5297 et
3305 5241 3480 5296 urbes
3515 5239 3760 5295 Occidui

2103 5336 2349 5395 tractus,
2388 5347 2636 5401 quarum
2679 5349 2982 5403 nunquam
3007 5332 3317 5395 hactenus,
3353 5330 3572 5402 quippe
3599 5345 3760 5384 sem-

2103 5436 2204 5493 per
2236 5424 2497 5474 moratus
2527 5418 2587 5472 in
2633 5419 2892 5488 Oriente,
2952 5437 3145 5476 coram
3199 5424 3257 5474 et
3308 5436 3416 5474 usu
3482 5416 3760 5489 praesenti

2104 5509 2645 5580 cognoscendarum
2673 5509 2840 5580 copia
2864 5509 2975 5580 ipsi
3003 5509 3500 5581 contigisset.Non
3528 5505 3761 5560 distulit

2103 5597 2300 5655 sultan
2351 5613 2630 5652 concessa
2684 5599 2829 5653 23]
2897 5599 2980 5653 uti
3032 5598 3330 5666 facultate,
3383 5597 3484 5651 sed
3535 5595 3760 5659 statim,

2106 5685 2371 5761 pecuniae
2393 5702 2610 5757 magna
2641 5688 2696 5742 vi
2740 5704 3039 5761 opumque
3069 5691 3436 5753 caeterarum,
3484 5684 3768 5741 uxoribus
