4112 6414
342 364 459 420 675

1659 361 1962 423 GEORGII
1998 363 2466 422 PACHYMBRE

3667 366 3777 424 676

343 490 432 546 καὶ
464 487 625 544 τέκνα
651 486 740 544 καὶ
792 486 1034 566 ἀδελφὴν
1086 487 1176 543 καὶ
1228 486 1458 563 μητέρα,
1506 486 1568 542 τὸ
1620 487 1715 561 μὲν
1762 485 2001 542 ἐπιλύων
2034 493 2089 560 Α
2120 489 2285 544 Ταῦτ’
2339 486 2441 563 ἄρα
2489 491 2579 544 καὶ
2627 490 2741 563 ἅμα
2774 490 2870 563 μὲν
2917 491 2946 545 6
2997 488 3250 567 βασιλεὺς
3297 488 3435 565 πρὸς
3480 490 3579 562 τὴν
3612 490 3778 548 πόλιν

343 580 444 649 τὴν
477 577 735 652 ὑποψίαν,
784 579 847 633 τὸ
890 574 949 633 δὲ
994 576 1182 632 καὶτὰ
1229 573 1487 649 ἐμποδὼν
1543 576 1834 648 ὑποτεμεῖν
1887 573 2008 652 ἄρι-

347 690 471 727 στον
519 666 703 745 γνοὺς,
762 664 921 741 ἔξεισι
952 666 1043 721 σὺν
1085 671 1202 727 τοῖς
1235 664 1457 726 οἰκείοις
1485 671 1585 734 τῆς
1632 664 1869 734 πόλεως,
1916 665 2009 721 καὶ

2119 576 2185 632 τὰ
2213 579 2350 632 κατὰ
2380 575 2532 634 δύσιν
2577 578 2880 655 περιελθὼν
2921 577 3145 635 ἐνέτεινε
3188 579 3287 643 τὰς
3336 577 3516 652 ὁδοὺς,
3567 580 3682 654 ἅμα
3731 579 3781 637 δ’

2118 665 2316 722 ἐκεῖνοι
2392 665 2646 744 ἐξαίφνης
2721 664 3162 744 καταδραμόντες
3234 666 3325 722 σὺν
3385 670 3777 744 Κωνσταντίνῳ

343 753 672 815 καταλαϐεῖν
721 759 814 813 τὸν
871 754 1098 831 βασιλέα
1145 754 1424 828 ἠπείγετο.
1484 759 1538 807 '0
1584 751 1642 808 δέ
1698 775 1763 828 γε
1823 753 2011 830 ῥηθεὶς
2118 757 2213 817 τὰς
2270 753 2585 832 δυσχωρίας
2637 761 2736 811 τοῦ
2790 755 2971 831 Α’ίμου
3021 754 3391 820 διεκπαίοντες
3446 757 3775 831 παμπληθεῖ

345 851 491 911 θεῖος
537 847 747 903 ἐκείνου
776 846 923 919 παρὰ
949 845 1040 900 τὸν
1094 843 1320 920 βασιλέα
1351 842 1685 918 Βουλγάρων
1720 846 2005 900 Κωνσταν-

340 944 488 994 τῖνον
539 937 803 1013 γεγονὼς,
860 936 895 1004 ἢ
959 932 1172 1008 μᾶλλον
1227 934 1328 1002 τήν
1384 933 1595 989 ἐκείνου
1627 933 1880 1008 σύζυγον,
1911 932 2004 998 τὰς

340 1028 479 1082 κατά
555 1024 826 1101 βασιλέως
917 1024 1194 1093 ὑποθήκας
1277 1020 1582 1097 προτείνων
1661 1022 1752 1077 καὶ
1827 1020 2001 1078 πάλαι

339 1114 878 1189 παρακεκινημένους
929 1109 1107 1167 ἔπειθε
1141 1156 1153 1166 .
1206 1112 1307 1166 Καὶ
1356 1109 1423 1180 δὴ
1483 1110 1706 1187 πέμψας
1770 1132 2002 1185 μετακα-

342 1207 518 1260 λεῖται
565 1201 784 1272 πλῆθος
828 1201 1097 1278 Τοχάρων
1147 1201 1223 1263 ὡς
1265 1198 1660 1274 κερδανοῦντας
1699 1199 1911 1274 αὐτίκα,
1955 1200 2000 1255 εί

342 1293 599 1364 ἐπεξίοιεν
652 1293 746 1364 ἅμ’
798 1290 947 1363 αὐτῷ
976 1290 1068 1345 καὶ
1096 1289 1455 1365 Βουλγάροις.
1504 1291 1571 1348 Οἱ
1603 1288 1660 1345 δὲ
1688 1290 1778 1345 καὶ
1810 1288 1999 1353 ἄλλως

339 1385 557 1453 πΛῆθος
599 1377 750 1444 ὄντες
800 1380 1108 1454 αὐτόνομον
1162 1376 1239 1435 ἔτι
1291 1377 1470 1454 (οὔπω
1517 1380 1620 1456 γὰρ
1670 1379 1872 1443 τελέως
1919 1384 1999 1453 τῷ

338 1475 492 1547 Νογᾷ
532 1474 653 1535 καθ’
704 1470 982 1541 ὑπηκόους
1017 1469 1410 1547 ὑποτετάχατο·
1446 1470 1473 1524 6
1527 1471 1631 1545 γὰρ
1670 1470 1851 1545 Νογᾶς
1875 1469 1999 1526 τότε

338 1562 573 1636 πρώτως
618 1561 942 1616 ἀποστατεῖν
988 1563 1096 1614 τῶν
1149 1557 1425 1615 δεσποτῶν
1470 1556 1680 1634 ἤρχετο
1720 1560 1810 1614 καὶ
1839 1559 1999 1635 φίλος

337 1652 404 1720 ἧν
435 1652 552 1705 κατ’
610 1647 805 1711 αὐτοὺς
866 1648 918 1703 ἐν
972 1646 1080 1722 ’ίσῳ
1137 1645 1362 1726 διόίγων,
1415 1647 1498 1703 ὅτι
1547 1649 1635 1703 καὶ
1670 1649 1786 1720 μετ’
1816 1649 1996 1705 αὐτῶν

339 1738 675 1803 ἀποσταλεὶς
730 1740 855 1812 παρ’
915 1737 1132 1792 ἐκείνων
1192 1738 1259 1793 οὐ
1315 1743 1396 1810 τῷ
1456 1739 1624 1812 Κάνῃ,
1686 1738 1760 1800 ὡς
1834 1737 1990 1792 αὐτοὶ

2117 849 2362 922 φανερῶς
2419 843 2942 923 ἐστρατοπεδεύοντο
2977 889 2991 904 .
3054 847 3172 904 Οὐκ
3226 848 3293 916 ἦν
3353 844 3412 902 δὲ
3468 846 3686 913 τούτοις
3735 852 3772 921 ή

2115 934 2358 1006 σύνταξις
2406 934 2503 1009 μία
2532 935 2622 990 καὶ
2673 933 2755 1013 ἐφ’
2785 934 2861 990 ἐνὶ
2919 936 3073 1010 τόπῳ
3123 939 3380 1013 κυροῦσα,
3412 936 3539 992 ἀλλ’
3569 936 3774 1013 ἀγελη-

2113 1021 2204 1079 δὸν
2266 1026 2382 1080 κατ’
2434 1025 2565 1080 εὐλα
2650 1024 2664 1044 “
2768 1023 2792 1079 ὲ
2892 1022 2949 1079 δ’
3305 1026 3320 1046 ¹
3478 1026 3510 1081 ὰ
3562 1026 3630 1083 λό

2574 1046 2709 1098 μους
2796 1045 2887 1079 σκε
2924 1041 3177 1094 αννυντο,
3232 1047 3322 1081 και
3371 1047 3469 1081 κατ
3637 1047 3773 1103 χους

2112 1116 2226 1187 ἅμα
2252 1120 2372 1179 τοῖς
2398 1112 2592 1178 ἄλλοις
2624 1109 3030 1189 προσέϐαλλον,
3062 1116 3150 1169 καὶ
3180 1112 3329 1170 δεινᾶ
3370 1114 3617 1186 ἐποίουν,
3651 1139 3774 1174 σκυ-

2111 1200 2380 1272 λεύοντες,
2433 1202 2789 1280 σφάττοντες,
2837 1203 3225 1278 ἀπαγόμενοι,
3277 1201 3433 1260 οὐδὲν
3491 1206 3521 1261 ὃ
3579 1226 3631 1260 τι
3691 1208 3768 1279 μὴ

2108 1293 2438 1366 πράττοντες
2489 1297 2599 1349 τῶν
2658 1297 2860 1348 κακῶν*
2912 1294 2973 1350 Ὁ
3035 1292 3221 1366 μέντοι
3278 1314 3340 1369 γε
3389 1292 3649 1371 βασιλεὺς
3704 1297 3774 1351 τὰ

2106 1384 2222 1436 κατ’
2265 1381 2465 1445 αὐτοὺς
2497 1383 2574 1445 ὡς
2618 1380 2763 1446 εἰκὸς
2810 1381 3045 1445 ἀκούσας
3099 1379 3249 1454 (οὐδὲ
3297 1385 3401 1457 γὰρ
3454 1382 3632 1460 λάθρα
3679 1385 3771 1441 καὶ

2104 1470 2536 1548 πεφυλαγμένως
2590 1473 2690 1536 τὰς
2749 1466 3004 1536 εἲσϐολᾶς
3051 1470 3362 1540 ἐποιοῦντο,
3407 1471 3554 1528 ἀλλὰ
3612 1471 3768 1542 δίκην

2104 1561 2275 1636 πυρὸς
2322 1561 2516 1636 ἀγρίου
2565 1558 2655 1616 διὰ
2700 1559 2914 1637 ταχέων
2943 1560 3036 1616 τὸν
3068 1565 3254 1636 χῶρον
3297 1562 3504 1617 ἅπαντα
3533 1560 3766 1637 διελάμε

2105 1645 2289 1723 ὅανον)
2322 1692 2336 1719 ,
2394 1649 2489 1711 τὰς
2546 1648 2741 1728 φρένας
2821 1650 3192 1712 κατασεισθεὶς
3250 1650 3451 1727 ἀθρόον
3511 1651 3767 1708 ἐπεισπε-

2103 1737 2306 1807 σούσης
2350 1745 2452 1807 τῆς
2508 1740 2726 1813 φήμης,
2786 1738 2839 1794 έν
2892 1740 3184 1814 ἀμηχανίᾳ
3238 1740 3469 1797 παντοία
3523 1745 3620 1797 τοῦ
3670 1748 3771 1798 ποῖ

341 1833 517 1908 φαῖεν,
569 1828 666 1891 τὰς
723 1828 912 1902 χώρας
958 1825 1170 1896 ἐκτᾶτο,
1220 1823 1348 1882 ἀλλ’
1397 1827 1668 1902 ἀρετώσας
1698 1822 1830 1880 ῗδὼν
1869 1824 1992 1881 ἐαυ-
2027 1826 2365 1931 Βτράποιτο
2421 1827 2512 1896 ἧν.
2571 1824 2711 1884 Οὔτε
2759 1828 2861 1901 γὰρ
2922 1826 2989 1896 ἦν
3046 1826 3315 1902 μάχεσθαι
3347 1830 3764 1904 συνταξάμενον·

374 1917 737 1931 .....
926 1915 939 1931 ς
1153 1913 1660 1931 .........
1922 1914 1934 1931 ι
2142 1912 2465 1931 ..λι
2764 1913 2939 1931 κη-
3173 1915 3412 1931 ...η
3601 1918 3764 1931 ..

333 1924 415 1991 τῷ
465 1917 557 1972 σὺν
629 1917 854 1978 ἐκείνοις
920 1915 1313 1993 ἐσφετερίζετο)
1381 1913 1475 1989 ἅμ’
1533 1914 1822 1979 ἀκούοντες
1874 1914 1998 1971 τότε
2030 1912 2075 1931 ³³
2106 1917 2161 1971 αἱ
2207 1917 2308 1992 γὰρ
2341 1912 2596 1988 δυνάμεις
2644 1913 3088 1991 προδιελύθησαν
3142 1917 3218 1979 είς
3245 1917 3313 1973 τὰ
3362 1915 3494 1989 ἴδια,
3525 1919 3617 1974 καὶ
3653 1918 3768 1991 μετ’

335 2003 617 2076 ἔσπευδον,
669 2002 823 2076 δίκην
858 2009 1034 2060 κυνῶν
1083 2005 1287 2081 ἀγαθὰς
1338 2006 1526 2081 χώρας
1571 2004 1993 2080 κατατρωξείον-

333 2118 445 2159 τες.
493 2098 614 2153 Ἔτι
666 2092 723 2150 δὲ
765 2094 857 2150 καὶ
903 2095 966 2149 τὸ
1013 2092 1184 2163 κῆδος
1232 2095 1294 2150 τὸ
1343 2094 1478 2169 πρὸς
1519 2099 1693 2169 Νογᾶν
1727 2090 1881 2148 οὔπω
1923 2095 1992 2163 ἦν

336 2186 601 2244 συνεστὼς
630 2228 645 2256 ,
702 2182 836 2258 ὅπερ
895 2183 1029 2257 μετὰ
1072 2187 1241 2239 ταῦτα
1304 2182 1393 2238 ἐπὶ
1464 2182 1610 2255 νόθῳ
1655 2182 1879 2258 θυγατρὶ
1921 2186 1990 2257 τῇ

333 2273 654 2353 Εὐφροσύνῃ
701 2273 729 2328 6
783 2276 994 2348 κρατῶν
1045 2273 1184 2349 πρὸς
1234 2270 1438 2328 ἐκεῖνον
1480 2269 1683 2346 ἔμελλε
1715 2277 1988 2344 συνιστᾷν.

342 2495 622 2566 praeterea
651 2490 975 2564 liberisque
1004 2507 1140 2547 cum
1171 2506 1371 2547 sorore
1403 2508 1468 2548 ac
1499 2495 1687 2548 matre
1715 2494 2001 2547 Constan-

342 2579 589 2653 tinopoli
621 2579 870 2649 relictis,
903 2580 1099 2636 itineri
1132 2597 1194 2637 se
1225 2580 1407 2636 dedit.
1432 2582 1760 2637 Tantorum
1792 2582 2001 2653 pigno-

2106 2004 2310 2081 ὀλίγων
2346 2004 2548 2068 ἐκεῖνος
2578 2006 2668 2061 καὶ
2698 2010 2807 2061 τῶν
2857 2012 2960 2076 τῆς
2991 2005 3222 2069 αὐλαίας
3268 2008 3432 2063 αὐτοῦ
3481 2007 3765 2079 ἐπανεζεύ-

2101 2116 2218 2170 γνυ,
2242 2094 2334 2149 καὶ
2366 2092 2554 2157 ἄλλως
2588 2093 2647 2150 δὲ
2693 2094 2961 2170 ἀμάχητα
3010 2096 3149 2169 πρὸς
3196 2098 3500 2171 Ῥωμαίους
3536 2099 3605 2153 τὰ
3653 2103 3764 2155 τῶν

2101 2184 2374 2259 Τοχάρων
2407 2228 2421 2241 ο
2480 2181 2621 2241 Οὔτε
2681 2185 2788 2257 μὴν
2848 2184 3061 2261 φεύγειν
3116 2182 3352 2240 εὐώδει·
3416 2187 3606 2260 κύκλῳ
3659 2188 3761 2263 γάρ
3830 2214 3835 2217 ,

2101 2275 2184 2348 [Ρ.
2217 2275 2340 2346 155]
2374 2270 2719 2352 διειληφότες
2772 2274 2863 2329 καὶ
2909 2274 3266 2351 περισχόντες
3308 2277 3376 2332 τὰ
3422 2276 3762 2354 ὀχυρώματα

2111 2489 2477 2562 compositis,
2509 2490 2623 2547 iter
2650 2490 2968 2563 capessivit
2991 2511 3006 2562 ;
3032 2495 3090 2548 et
3117 2492 3205 2548 illi
3237 2493 3309 2549 de
3337 2493 3559 2566 quibus
3611 2495 3766 2551 dixi-

2112 2598 2268 2649 mus,
2291 2579 2515 2652 junctis
2539 2596 2675 2637 cum
2707 2581 3097 2638 Constantino
3129 2583 3337 2655 copiis,
3378 2587 3616 2657 repente
3659 2603 3766 2659 per

335 2687 470 2727 rum
497 2669 581 2724 ibi
620 2669 1114 2727 dimittendorum
1147 2687 1328 2727 causa
1356 2670 1445 2725 illi
1466 2670 1580 2727 fuit
1609 2671 1824 2743 partim
1857 2687 2001 2726 cura
2108 2669 2296 2726 invias
2330 2686 2689 2742 asperasque
2718 2670 2902 2725 Haemi
2933 2670 3198 2728 saltuum
3218 2689 3283 2728 ac
3310 2672 3563 2730 faucium
3582 2690 3764 2746 angu-

336 2760 567 2816 celandi
598 2777 726 2833 qum
757 2761 1045 2832 coquebat
1074 2760 1368 2829 animo,et
1397 2777 1632 2816 omnem
1664 2778 1696 2815 a
1718 2777 1781 2817 se
1799 2759 1995 2832 suspi-

340 2849 572 2905 cionem
607 2848 948 2918 amoliendi,
981 2849 1199 2921 partim
1232 2850 1494 2921 prudens
1533 2854 1728 2905 metus
1760 2867 1831 2906 ne
1875 2866 1993 2905 non

340 2939 486 2994 satis
517 2938 827 3008 expeditus
875 2943 1034 2993 esset
1089 2938 1161 2994 ad
1195 2953 1264 2993 ea
1314 2956 1442 3010 quae
1474 2939 1893 3010 meditabatur,
1948 2939 1997 2994 si

338 3027 526 3084 tantis
557 3026 871 3082 cbarorum
895 3027 1155 3099 capitum
1176 3027 1486 3084 affectibus
1515 3032 1573 3084 et
1601 3028 1994 3101 pretiosarum

345 3116 716 3173 sarcinarum
777 3116 1220 3189 impedimentis
1278 3117 1708 3190 implicaretur.
1762 3118 1850 3173 Ita
1897 3117 1996 3173 ille

337 3222 473 3261 cum
505 3205 782 3262 familiari
804 3207 1088 3262 comitatu
1117 3222 1392 3279 egressus
1416 3209 1560 3263 urbe
1582 3209 1651 3263 ad
1671 3207 1992 3279 imperato-

334 3310 458 3351 rem
483 3294 1080 3351 festinabat.lnterim
1112 3301 1306 3352 autem
1334 3296 1464 3367 ejus
1495 3302 1740 3369 patruus
1770 3298 1995 3369 profec-

330 3387 431 3440 tus
462 3384 535 3441 ad
571 3384 1021 3440 Constantinum
1066 3384 1451 3458 Bulgarorum
1484 3402 1704 3458 regem,
1751 3403 1882 3442 cum
1916 3386 1990 3455 ei,

330 3479 455 3530 tum
490 3474 871 3546 potissimum
895 3476 1025 3545 ejus
1041 3474 1279 3547 conjugi
1303 3475 1548 3531 consilia
1571 3476 1683 3531 sibi
1717 3481 1994 3548 suggesta

341 3562 719 3636 imperatoris
767 3563 1083 3619 invadendi
1143 3565 1641 3634 communicavit;
1683 3570 1738 3620 et
1798 3566 1991 3632 facile,

338 3651 481 3709 olim
495 3652 768 3707 videlicet
788 3669 854 3708 eo
869 3654 1445 3726 propendentes,quo
1462 3654 1691 3710 volebat
1709 3654 1987 3728 perpulit.

336 3741 469 3813 Ipse
502 3740 706 3797 statim
738 3741 913 3797 certis
945 3740 1287 3799 hominibus
1342 3744 1659 3800 submissis
1709 3761 1988 3816 magnum

341 3831 413 3885 ad
438 3846 501 3886 se
521 3830 852 3886 Tocharum
890 3847 1205 3888 numerum
1256 3833 1533 3890 evocavit.
1578 3838 1696 3889 Nec
1754 3834 1992 3889 difﬁcile

351 3919 465 3991 fuit
490 3920 767 3991 pellicere
811 3937 914 3994 spe
958 3923 1311 3978 ostentanda
1366 3923 1628 3996 ingentis
1675 3941 1741 3979 ac
1801 3923 1989 3993 parati

331 4007 560 4079 lueri,si
598 4009 897 4081 conjuncti
927 4010 1197 4083 Bulgaris
1231 4013 1553 4083 praedatum
1605 4013 1665 4067 in
1699 4012 1989 4068 Romano-

336 4114 470 4153 rum
515 4102 706 4154 terras
759 4099 1006 4155 exirent.
1060 4099 1392 4156 'l'oeharum
1455 4118 1773 4157 numerosa
1846 4118 1989 4173 gens

332 4191 474 4243 tunc
495 4187 688 4243 adhuc
722 4188 813 4244 sui
860 4189 1020 4260 juris
1051 4194 1213 4245 erat:
1249 4192 1509 4246 nondum
1543 4189 1702 4245 enim
1726 4207 1852 4245 eam
1877 4190 1990 4245 sibi

336 4275 507 4349 plene
533 4277 698 4349 Nega
743 4278 1215 4350 subjecerat.Hic
1234 4279 1504 4335 videlicet
1527 4280 1689 4351 Nega
1710 4278 1992 4336 rebellare

320 4370 461 4422 tunc
490 4366 749 4438 primum
781 4372 838 4422 et
862 4380 865 4383 λ
888 4367 1265 4424 dominorum
1292 4370 1507 4441 jugum
1541 4373 1812 4425 excutere
1838 4369 1989 4424 inci-

335 4454 556 4527 piebat,
599 4455 773 4511 amici
833 4455 1239 4513 familiaritate
1307 4474 1441 4513 cum
1514 4457 1808 4514 militibus
1869 4458 1991 4514 suis

333 4543 618 4600 Tocharis
671 4548 730 4600 et
783 4545 1119 4617 equalitate
1150 4546 1305 4603 civili
1364 4548 1587 4616 vivens,
1624 4549 1818 4604 socios
1848 4551 1990 4604 tunc

332 4633 466 4690 illos
492 4633 839 4690 defectionis
870 4634 1088 4691 habere
1119 4642 1430 4694 contentus
1459 4653 1473 4693 :
1508 4655 1645 4693 nam
1670 4655 1805 4694 cum
1838 4638 1987 4710 ipsis
2015 4620 2064 4685 D

331 4724 575 4792 missus,
609 4740 787 4796 opera
811 4725 1049 4782 illorum
1078 4726 1354 4783 subactas
1386 4727 1539 4784 bello
1567 4729 1832 4801 regiones
1868 4746 1984 4784 non

327 4814 471 4870 Cani
531 4814 884 4886 (principem
934 4815 1055 4873 illic
1109 4816 1194 4873 sic
1224 4817 1455 4890 vocant)
1478 4818 1842 4891 acquirebat,
1878 4819 1981 4875 sed

326 4903 539 4959 uberes
573 4907 752 4975 atque
775 4903 1033 4976 optimas
1063 4904 1195 4961 illas
1226 4922 1357 4963 esse
1386 4910 1576 4962 terras
1609 4907 1985 4964 animadver-

318 4996 453 5049 tens
482 5008 591 5049 suo
618 4993 856 5066 preprio
888 4999 1063 5066 atque
1092 4993 1334 5051 illorum
1366 4995 1672 5052 obtinebat
1722 4997 1980 5054 nomine.

319 5081 389 5137 Hi
418 5088 558 5137 tunc
588 5082 815 5149 audita,
849 5100 1028 5156 quam
1055 5083 1338 5154 diximus,
1370 5085 1717 5141 invitatione
1737 5087 1807 5141 ad
1842 5103 1980 5159 prae-

324 5170 460 5225 dam
519 5177 904 5228 aceurrerunt
953 5171 1114 5245 quali
1173 5189 1348 5229 canes
1397 5175 1468 5229 ad
1502 5173 1766 5246 saginam
1800 5179 1984 5230 ruunt

326 5258 575 5330 impetu,
609 5258 831 5314 fertiles
862 5265 921 5315 et
951 5261 1265 5332 opulentas
1313 5263 1645 5319 devoraturi
1687 5265 1977 5336 regiones.

322 5347 600 5404 Nondum
616 5347 807 5403 foedus
838 5350 1144 5409 afﬁnitatis
1172 5352 1409 5409 vinculo
1424 5353 1728 5408 astrictum
1756 5353 1979 5425 Nogam

320 5436 661 5509 imperatori
698 5438 1103 5511 eonjunxerat,
1147 5443 1304 5513 quod
1336 5442 1433 5498 illc
1478 5443 1599 5498 ﬁlia
1647 5442 1833 5499 notha
1860 5443 1977 5499 Eu-

322 5526 586 5599 phosyne
616 5524 792 5599 Negas
814 5526 873 5581 in
916 5543 1158 5584 uxorem
1190 5532 1383 5586 danda
1416 5530 1627 5587 deinde
1670 5532 1977 5587 contraxit.

324 5617 493 5672 Tunc
525 5632 701 5689 porro
731 5616 942 5672 eodem
998 5633 1245 5689 prorsus
1303 5619 1556 5676 articulo
1604 5621 1891 5694 temporis
1921 5626 1984 5678 et

326 5706 482 5763 282
513 5705 837 5777 imperator
867 5706 1074 5764 urbem
1106 5722 1336 5777 versus,
1360 5709 1536 5767 rebus
1575 5710 1636 5767 in
1666 5711 1980 5770 Occidente

2108 2759 2254 2816 stias
2285 2758 2513 2831 ingenti
2546 2757 2924 2814 multitudine
2939 2759 3762 2832 populabundierumpentes,

2107 2848 2299 2920 palam
2358 2865 2420 2904 se
2466 2848 2664 2904 hostes
2714 2848 3111 2920 declararunt,
3166 2850 3376 2907 castris
3406 2851 3465 2906 in
3500 2855 3766 2909 Romana

2104 2943 2262 2995 terra
2296 2939 2525 3011 positis.
2562 2939 2687 2997 Non
2727 2944 2852 2995 erat
2876 2944 3073 2997 autem
3107 2958 3221 2997 una
3254 2958 3459 2998 eorum
3515 2959 3758 3009 manus,

2108 3044 2299 3099 neque
2355 3028 2455 3083 uni
2499 3027 2717 3100 pariter
2766 3044 2972 3085 omnes
3021 3029 3410 3085 imminebant
3458 3030 3604 3087 loco.
3657 3033 3760 3087 sed

2106 3116 2395 3188 gregatim
2427 3133 2530 3188 per
2560 3116 2830 3172 cohortes
2861 3122 2962 3172 aut
2981 3116 3313 3189 manipulos
3336 3118 3759 3190 dispergeban-

2107 3210 2226 3273 tur,
2258 3211 2315 3260 et
2344 3205 2581 3262 insidiis
2597 3205 2801 3262 mullis
2833 3205 3176 3262 simullocis
3212 3207 3372 3262 varie
3417 3208 3623 3280 positis
3639 3225 3756 3263 uno

2105 3294 2305 3351 omnia
2334 3301 2597 3367 tempore
2625 3295 3008 3365 infestabant,
3038 3295 3381 3368 spoliantes,
3411 3301 3755 3367 mactantes,

2104 3386 2463 3442 abducentes
2496 3387 2717 3452 obvios,
2753 3385 2983 3441 nullum
3002 3403 3118 3441 non
3145 3385 3366 3458 passim
3389 3387 3639 3443 barbare
3662 3404 3755 3444 ra-

2103 3475 2371 3546 pacitetis
2404 3492 2470 3532 ac
2502 3475 2868 3531 crudelitatis
2918 3475 3159 3532 edentes
3216 3476 3574 3548 exemplum.
3626 3476 3753 3533 Non

2102 3565 2296 3634 potuit
2323 3581 2437 3621 non
2483 3564 2683 3619 statim
2718 3564 2837 3618 haec
2893 3564 3097 3620 audire
3159 3564 3501 3636 imperator,
3551 3564 3756 3636 utique

2102 3669 2234 3709 cum
2257 3653 2356 3709 isti
2382 3670 2493 3708 non
2518 3652 2964 3709 dissimulanter
2983 3657 3085 3708 aut
3101 3652 3437 3709 clanculum
3477 3654 3577 3710 bas
3600 3670 3761 3727 gras-

2102 3743 2359 3799 sationes
2410 3747 2773 3809 exercerent,
2828 3743 2929 3798 sed
2991 3742 3175 3798 libere
3234 3760 3300 3798 ac
3358 3742 3551 3815 palam
3597 3759 3759 3800 more

2101 3831 2256 3904 ignis
2287 3832 2624 3888 luculenter
2653 3832 2968 3887 emicantis
3003 3836 3060 3887 et
3080 3832 3310 3888 cunctis
3342 3848 3474 3904 qua:
3524 3833 3577 3887 vi
3609 3850 3762 3889 saeva

2107 3919 2622 3991 comprehenderit
2654 3917 2874 3975 arentis
2906 3918 3066 3974 silvae
3099 3920 3367 3991 partibus
3396 3935 3758 3992 exsuperan-

2103 4014 2219 4064 tem
2255 4009 2370 4064 alte
2430 4010 2732 4065 flammam
2793 4009 3149 4065 ostentantis
3202 4008 3428 4081 procul.
3479 4010 3757 4066 Ardentis

2100 4100 2283 4171 igitur
2311 4098 2631 4171 improviso
2671 4098 2783 4154 isto
2808 4099 3080 4154 incendio
3108 4099 3394 4154 universas
3424 4098 3539 4154 late
3566 4099 3758 4172 regio-

2101 4189 2194 4244 nis
2226 4188 2440 4260 raptim
2473 4189 2543 4244 ad
2579 4188 2994 4260 imperatorem
3026 4187 3262 4244 evolans
3295 4188 3453 4243 fama
3510 4188 3760 4260 perculit

2098 4277 2476 4333 vehementer
2504 4278 2634 4347 ejus
2666 4277 2955 4345 animum,
2979 4276 3118 4332 etin
3150 4292 3398 4348 magnos
3430 4292 3565 4333 eum
3595 4278 3754 4350 cogi-

2103 4367 2390 4423 tationum
2443 4371 2588 4422 aestu
2655 4366 3082 4440 angustiasque
3131 4366 3401 4437 conjecit.
3443 4366 3757 4423 Nesciebat

2100 4456 2202 4528 qui
2258 4455 2486 4512 consilii
2544 4461 2778 4527 caperet
2826 4472 3015 4527 quove
3047 4472 3110 4511 se
3161 4459 3431 4511 verteret.
3463 4456 3590 4511 Non
3623 4461 3751 4513 erat

2101 4546 2424 4602 instructus
2447 4547 2518 4601 ad
2550 4547 2872 4618 gerendum
2905 4544 3124 4602 bellum
3150 4564 3165 4613 ;
3195 4546 3381 4618 copiis
3410 4546 3568 4601 enim
3610 4563 3754 4617 pace

2095 4637 2360 4693 confecta
2407 4635 2582 4708 paulo
2614 4641 2753 4692 ante
2809 4639 3178 4692 sacramento
3232 4634 3469 4705 solutis,
3502 4636 3749 4692 domum

2100 4726 2357 4782 militum
2391 4742 2686 4797 quemque
2716 4725 3075 4794 demiserat;
3114 4728 3172 4780 et
3200 4741 3333 4780 cum
3368 4723 3572 4796 paucis
3601 4724 3751 4797 ipse,

2095 4816 2414 4872 domestico
2446 4816 2731 4871 duntaxat
2761 4817 3064 4882 comitatu,
3098 4813 3316 4887 quippe
3346 4830 3449 4886 per
3487 4820 3750 4886 pacatas,

2095 4907 2181 4960 uti
2213 4906 2565 4972 crediderat,
2599 4905 2954 4977 provincias,
2976 4905 3036 4959 in
3073 4904 3280 4960 urbem
3330 4904 3751 4960 revertebatur.

2093 4996 2163 5051 Et
2193 5011 2300 5051 nec
2349 4994 2399 5050 si
2433 4994 2675 5050 haberet
2723 4994 3046 5049 exercitum
3106 4993 3350 5049 auderet
3380 4992 3755 5051 committere

2093 5083 2592 5153 cum'Tocharis,
2654 5082 2907 5138 terribili
2985 5089 3124 5138 tunc
3192 5083 3478 5139 Romanis
3552 5086 3748 5154 gente,

2095 5191 2201 5229 nec
2261 5172 2723 5229 belloanostris
2779 5171 3102 5244 superabili
3162 5171 3408 5227 credita.
3465 5171 3754 5227 Restabat

2094 5254 2245 5335 fugae
2304 5261 2617 5318 consilium
2653 5278 2666 5317 :
2704 5262 2806 5318 sed
2861 5278 2991 5317 eam
3038 5259 3512 5317 intercludebant
3542 5260 3749 5316 validae

2091 5351 2352 5408 hostium
2425 5368 2656 5419 manus,
2727 5366 2979 5423 quorum
3041 5349 3333 5422 praesidiis
3393 5348 3519 5406 loca
3594 5348 3754 5405 edita

2091 5441 2368 5497 universa
2436 5440 2776 5512 faucesque,
2851 5439 3106 5511 denique
3184 5439 3381 5494 aditus
3439 5437 3753 5511 exitusque

2090 5548 2294 5587 omnes
2327 5531 2699 5587 tenebantur.
2736 5529 3188 5601 Probabantque
3212 5528 3434 5600 ubique
3472 5544 3535 5583 se
3578 5528 3752 5583 ades-

2091 5637 2153 5676 se
2182 5636 2447 5691 unquam
2491 5636 2605 5676 non
2661 5620 2962 5692 stragibus
3019 5618 3286 5686 edendis,
3346 5622 3407 5674 et
3445 5616 3752 5674 solutissi-

2090 5727 2185 5768 ma
2244 5716 2404 5767 melu
2456 5709 2619 5767 omni
2678 5724 3159 5781 quoquoversum
3190 5706 3538 5765 incursandi
3566 5706 3750 5765 licen-
