4112 6398
376 364 485 422 677

1454 368 1552 422 DE
1588 367 1962 425 MICHAELE
1997 366 2442 423 PALEOLOGO
2481 368 2616 423 LIB.
2659 371 2760 423 III.

3707 367 3814 424 6‘78

377 488 472 545 σὺν
503 485 687 544 οὐδενὶ
722 483 878 564 φόϐῳ
909 485 1113 552 διέθεον
1147 492 1454 565 πανταχοῦ,
1487 487 1581 552 οὓς
1635 489 1731 562 μὲν
1766 487 2034 568 σφάττον-
2066 494 2120 560 Α
2150 486 2308 543 σιλέα
2364 490 2486 560 περὶ
2519 491 2711 544 ἑαυτοῦ
2760 489 3063 567 φροντίζειν
3100 489 3248 552 ὅπως
3283 489 3504 561 σωθείη.
3555 489 3810 561 Σπουδήν

374 600 465 640 τες
514 577 864 651 παμπληθεὶ.
920 576 1010 639 οὓς
1062 575 1121 632 δὲ
1171 577 1468 651 ἀπάγοντες
1512 576 1722 632 ἐλεεινὰ
1756 585 1872 640 τοῖς
1905 579 2040 653 βαρ-

379 666 570 744 ϐάροις
601 665 794 736 σκῦλα,
828 668 902 730 ὡς
939 667 1108 740 μηδὲν
1139 668 1270 722 εἶναι
1303 667 1440 722 ὅπου
1473 665 1716 744 προσϐὸίς
1747 691 1827 732 τις
1872 665 2042 737 ἤθελε

381 759 646 826 σώζεσθαι
697 755 950 817 ἐπιεικῶς
1005 754 1304 832 ἐλεύθερον.
1357 758 1461 812 Καὶ
1515 757 1580 826 δὴ
1640 757 1829 829 κύκλῳ
1885 777 2039 832 περι-

381 847 597 908 στάντες
657 844 782 900 ὅσον
840 841 994 898 οὔπω
1033 844 1352 919 προσμίξειν
1407 851 1484 918 τῷ
1531 851 1840 922 κρατοῦντι.
1903 843 2045 902 Οὐδέ

381 938 485 1013 γὰρ
519 935 643 990 ὅσον
671 936 762 989 καὶ
795 936 1052 1007 ἡμισείας
1082 935 1294 1008 ἡμέρας
1328 933 1734 1006 ἱππηλατοῦντι
1769 933 2044 1008 διαστημα

381 1027 448 1096 ἦν
499 1033 600 1096 τῆς
634 1022 786 1090 ὁδοῦ,
838 1023 920 1101 ἐφ’
947 1024 1074 1080 ὅσον
1105 1027 1228 1099 παρ’
1265 1023 1489 1100 ἑκάτερα
1516 1027 1567 1079 οἱ
1598 1024 1863 1098 πολέμιοι
1889 1024 2042 1098 διηγ-

379 1114 644 1191 γέλλοντο
703 1115 770 1168 τὰ
821 1111 964 1168 δεινᾶ
1021 1112 1313 1188 πράττειν,
1379 1116 1452 1175 ὡς
1510 1113 1745 1176 ἐκείνους
1819 1112 2044 1189 ἑσπέρας

381 1208 739 1274 κατασκηνεῖν
795 1202 914 1266 ὅθεν
978 1201 1190 1277 πρωίας
1250 1202 1469 1277 ἐξώρμα
1524 1204 1551 1258 6
1607 1201 1893 1278 βασιλεὺς,
1956 1202 2046 1257 καὶ

384 1291 590 1354 ἄλλους
645 1293 846 1355 ἐκεῖθεν
905 1291 1137 1366 ἐξορμᾷν
1197 1295 1440 1366 τήμερον
1495 1293 1632 1346 ὅπου
1680 1294 1809 1368 χθὲς
1842 1291 2046 1353 ἐκεῖνος

385 1379 689 1454 κατέμεινε.
741 1381 885 1451 Τόση
947 1400 1029 1442 τις
1077 1381 1143 1450 ἦν
1191 1381 1456 1456 σύγχυσις
1511 1386 1620 1436 τῶν
1680 1380 1942 1436 ἐπιόντων
1975 1380 2048 1442 ὡς

392 1467 522 1543 μηδ’
579 1469 775 1532 αὐτοὺς
807 1471 942 1524 κατὰ
968 1468 1250 1548 φάλαγγας
1311 1470 1514 1543 μένειν,
1564 1468 1712 1524 ἀλλὰ
1765 1474 2047 1544 πανταχοῦ

387 1558 584 1623 ἐκθέειν
620 1558 934 1631 λημμάτων
963 1555 1150 1612 ἐλπίδι
1186 1559 1318 1634 ὑπὲρ
1369 1557 1488 1621 δέος
1519 1562 1616 1621 τοῦ
1647 1564 1834 1622 παθεῖν
1886 1559 2044 1612 ἅπαν.

387 1650 485 1706 Ἢν
550 1646 596 1703 δ’
639 1648 741 1702 ἀνᾶ
789 1646 953 1722 μέρος
1006 1647 1097 1702 καὶ
1151 1648 1178 1701 ὁ
1229 1653 1640 1709 Κωνσταντῖνος
1701 1647 1782 1724 ἐφ’
1838 1649 2049 1721 ἁμάξης

388 1738 684 1813 φερόμενος
733 1737 816 1811 (τὸ
863 1736 963 1811 γὰρ
1017 1734 1211 1799 σκέλος
1258 1737 1539 1812 κατεαγώς
1595 1758 1727 1792 ποτε
1787 1736 1884 1791 οὐκ
1934 1738 2049 1811 εἶχε

387 1827 524 1882 κατὰ
568 1825 772 1897 τρόπον
831 1830 949 1886 τοῖς
1007 1825 1165 1879 ποσὶν
1220 1825 1294 1886 εἷς
1354 1823 1474 1880 ὁδὸν
1505 1824 1629 1880 τότε
1655 1828 1893 1900 χρῆσθαι
1928 1823 2051 1881 οὔτε

391 1919 553 1989 πεζῇ,
603 1915 711 1990 οὐχ
765 1914 926 1984 ἧττον
964 1912 1021 1969 δὲ
1064 1915 1152 1968 καὶ
1206 1915 1324 1988 μεθ’
1373 1913 1608 1986 Ἵππων),
1639 1914 1766 1976 τοὺς
1803 1913 2050 1990 Βουλγά-

393 2025 520 2080 ρους
581 2006 713 2081 ἀμφ’
758 2003 917 2058 αὐτὸν
951 2002 1119 2079 ἔχων,
1150 2003 1242 2058 καὶ
1277 2004 1385 2058 αἳέν
1435 2002 1542 2070 ὅπη
1579 2003 1806 2074 σκηνοίη
1839 2004 2051 2080 ἐπέχων

396 2096 471 2156 ὡς
520 2093 978 2167 καταληψόμενος
1031 2093 1364 2166 μονωθέντα.
1413 2094 1479 2150 Οἱ
1526 2094 1625 2167 γὰρ
1659 2093 1781 2169 περὶ
1813 2094 1903 2148 τὸν
1963 2095 2052 2169 βα-

393 2181 547 2238 σιλέα
599 2183 815 2254 πάντες,
875 2184 999 2236 ὅσον
1058 2183 1125 2251 ἧν
1184 2184 1568 2257 Θεραπευτικὸν
1625 2182 1716 2237 καὶ
1775 2181 2049 2254 οἰκίδιον,

393 2273 525 2350 ἀμφ’
583 2272 770 2334 αὐτοῖς
830 2268 1055 2334 ἕκαστος
1107 2269 1416 2340 δείσαντες,
1477 2269 1651 2334 ἄλλος
1709 2269 1915 2328 ἄλλοσέ
1972 2295 2048 2343 πη

393 2363 538 2437 ὁρμῇ
598 2359 744 2437 πάσῃ
794 2361 1077 2438 φεύγοντες
1122 2359 1477 2436 παρεδύοντο,
1539 2360 1758 2439 ἀφέντες
1816 2360 1905 2416 καί
1955 2363 2051 2436 βα-

393 2568 494 2639 tia,
557 2568 789 2626 cunctis
846 2568 1067 2640 pariter
1122 2569 1269 2625 locis
1344 2568 1556 2640 partim
1627 2569 2058 2626 trucidatorum

399 2657 715 2714 acervatim
777 2657 1044 2714 cumulos
1102 2661 1422 2729 struentes,
1483 2658 1698 2729 partim
1757 2663 2061 2732 reptantes

402 2749 554 2804 233
587 2747 773 2803 libera
799 2764 1044 2819 corpora
1076 2747 1269 2803 omnis
1301 2747 1488 2804 aetatis
1516 2748 1575 2802 in
1606 2749 1952 2804 cervitutem
1986 2751 2060 2805 ad

408 2838 690 2914 barbaros
721 2836 1142 2908 miserabilem,
1177 2837 1256 2891 ita
1288 2841 1353 2892 ut
1409 2837 1648 2892 omnino
1709 2855 2061 2911 quocunque

408 2927 537 2996 quis
567 2926 808 2998 prodire
843 2925 1383 2998 cogitaret,nullam
1406 2927 1557 2981 viam
1588 2944 1621 2982 a
1644 2930 1912 2998 praesenti
1939 2929 2060 2983 exi—

411 3016 486 3072 tio
519 3033 631 3071 non
655 3016 784 3072 dico
813 3016 985 3089 plane
1018 3022 1230 3085 tutam,
1257 3018 1354 3073 sed
1383 3034 1453 3072 ne
1485 3017 1662 3073 talem
1696 3018 1932 3090 quidem
1969 3019 2061 3074 cui

413 3105 804 3161 verisimiliter
833 3106 1206 3178 aliquatenus
1239 3112 1436 3178 posset
1470 3108 1646 3162 fidere
1675 3111 1729 3163 et
1761 3115 1937 3180 caput
1967 3126 2061 3164 sa-

407 3195 715 3266 lutemque
746 3211 914 3250 suam
948 3211 1080 3250 cum
1114 3195 1400 3250 nonnulla
1431 3195 1517 3250 vel
1551 3197 1730 3251 dubia
1769 3214 1871 3269 spe
1903 3215 2062 3253 com-

411 3283 660 3349 mittere,
695 3282 876 3338 ullam
911 3301 1159 3354 usquam
1213 3285 1512 3356 reperiret.
1544 3286 1828 3342 Cmternm
1863 3286 1902 3341 ii
1934 3305 2062 3344 om-

406 3372 504 3427 nia
538 3389 639 3443 per
697 3372 1007 3427 circuitum
1067 3373 1126 3428 in
1187 3373 1367 3441 hunc,
1403 3391 1576 3446 quem
1637 3374 1777 3444 dixi,
1817 3377 2060 3431 modum

401 3461 560 3516 velut
590 3461 869 3533 indagine
904 3462 1186 3534 amplexi,
1224 3463 1302 3517 ita
1351 3479 1417 3518 ex
1469 3463 1628 3518 omni
1661 3469 1822 3535 parte
1855 3483 2064 3536 prope-

404 3552 636 3619 rabant,
674 3555 739 3605 ut
768 3555 999 3606 tantum
1033 3568 1150 3607 non
1183 3551 1444 3623 contigui
1477 3552 1610 3607 telis
1669 3570 1736 3608 ac
1797 3555 2066 3610 mrnibus

403 3641 462 3694 in
495 3643 794 3695 momenta
820 3639 1057 3711 singula
1087 3640 2062 3710 cominus,adorituri'timerentur,

400 3728 495 3784 vix
524 3734 686 3784 tanto
719 3729 791 3784 ab
823 3728 942 3784 illis
975 3746 1126 3801 pone
1159 3729 1520 3785 instantibus
1555 3730 1745 3800 spatio
1779 3740 2064 3801 quantum

402 3817 612 3872 itinere
645 3817 900 3872 dimidiae
932 3818 1048 3872 diei
1080 3817 1248 3874 facile
1297 3823 1541 3888 possent
1600 3819 1847 3887 emetiri,
1882 3819 2068 3891 impe-

405 3911 595 3962 ratore
629 3923 760 3961 cum
796 3906 1192 3962 familiaribus
1224 3907 1430 3974 paucis
1482 3907 1782 3979 equitante
1832 3910 2069 3964 eodem—

409 4012 523 4066 que
546 3995 786 4051 assidue
804 3997 1038 4051 turbato
1063 3997 1508 4052 accurrentibus
1528 3997 1598 4051 ab
1617 4002 1866 4068 utroque
1889 3998 2067 4054 latere

414 4083 658 4154 trepidis
722 4085 948 4140 nuntiis
1008 4085 1408 4157 direptionum
1487 4103 1552 4140 ac
1610 4085 1878 4154 caedium,
1940 4105 2068 4159 qua:

417 4189 710 4243 nusquam
738 4189 852 4227 non
887 4173 1400 4229 circumstantium
1435 4175 1693 4230 locorum
1719 4176 2070 4232 exerceban-

410 4268 526 4318 tur.
563 4263 1038 4336 Admovebatque
1083 4270 1303 4320 metum
1334 4266 1486 4336 quod
1527 4266 1642 4320 fere
1675 4267 2069 4340 contingebat,

413 4353 571 4406 unde
603 4369 776 4408 mane
809 4352 1180 4408 discessisset
1231 4355 1572 4427 imperator,
1608 4357 1686 4410 ibi
1748 4357 1946 4413 hostes
1977 4364 2069 4414 ta-

414 4441 734 4497 bernacula
757 4458 1000 4512 vespere
1030 4444 1229 4514 ﬁgere,
1262 4449 1319 4499 et
1349 4444 1407 4499 in
1442 4461 1558 4515 quo
1591 4463 1738 4517 pago
1773 4453 1874 4501 aut
1905 4449 2072 4520 oppi-

414 4531 486 4585 do
519 4531 644 4601 ipse
671 4531 796 4586 heri
828 4537 1248 4602 pernoctasset,
1283 4549 1351 4588 ex
1389 4550 1454 4588 eo
1489 4535 1721 4604 prodire
1779 4536 1953 4594 hodie
1984 4539 2072 4593 in-

410 4619 590 4676 festas
618 4620 700 4676 ita
755 4620 999 4676 licenter
1039 4639 1105 4677 ac
1167 4639 1370 4678 secure
1431 4623 1910 4681 latrocinantium
1944 4643 2073 4682 ma-
2113 4635 2118 4640 '

2095 3337 2137 3402 C
2177 3337 2190 3402 ἒ

2148 577 2249 652 γὰρ
2275 574 2500 641 ἕκαστος
2530 577 2767 632 ἐποιεῖτο
2796 583 2894 632 τοῦ
2923 578 3087 651 μόνον
3139 581 3402 646 σωθῆναι,
3450 580 3540 633 καὶ
3583 578 3806 652 ἀμελεῖν

2150 666 2548 738 παρεσκεύαζον
2576 671 2673 721 τοῖ’)
2703 665 2943 737 πλησίον
2976 666 3070 730 οὓς
3123 669 3220 741 μὲν
3277 669 3329 722 οἱ
3371 669 3678 744 προμηθεῖς
3709 669 3808 746 φό-

2152 751 2240 810 ϐοι
2269 755 2361 817 οὒς
2389 754 2445 809 δὲ
2476 756 2562 810 καὶ
2598 754 2796 812 δειλίαι
2827 755 3064 832 ἄκαιροι,
3105 756 3232 819 τοὺς
3281 759 3374 830 μὲν
3411 759 3484 819 ὡς
3536 757 3586 828 ἐξ
3637 758 3806 832 ἀνα-(-

2151 866 2274 915 κης,
2335 845 2380 899 εἰ
2439 848 2513 919 μὴ
2575 843 2953 915 σπουδάσαιεν,
3005 845 3310 910 ἁλώσεσθαι
3367 846 3808 922 προσδοκῶντας,

2152 934 2279 995 τοὺς
2313 931 2369 988 δὲ
2416 933 2543 1008 μηδ’
2604 932 2812 997 εἰδότας
2863 937 2918 990 οἷ
2943 939 3115 990 κακοῦ
3166 937 3442 1012 γεγόνασι,
3472 940 3551 1008 τῷ
3587 935 3805 1010 βλέπειν

2155 1022 2359 1087 ἄλλους
2409 1025 2484 1086 εἷς
2536 1019 2742 1079 ἔννοιαν
2796 1024 3131 1101 ἐρχομένους
3163 1025 3253 1080 καὶ
3281 1023 3369 1080 διὰ
3397 1027 3545 1081 ταῦτ’
3576 1027 3807 1101 ἀποχω-

2157 1119 2380 1190 ροῦντας
2448 1114 2555 1186 ὅπη
2633 1137 2717 1177 τις
2775 1113 2977 1185 ἤλπιζε
3045 1117 3404 1187 σωθήσεσθαι.
3462 1117 3540 1174 Οὐ
3588 1118 3688 1193 γὰρ
3742 1117 3804 1185 ἦν

2157 1200 2553 1272 συνησπικότας
2655 1205 2788 1259 κατὰ
2873 1205 3144 1275 συντάξεις
3219 1204 3468 1268 ἐπιόντας
3554 1203 3808 1282 δέχεσθαι

2155 1292 2280 1355 τοὺς
2313 1292 2565 1368 ἐχθρούς·
2619 1295 2645 1348 ὁ
2693 1293 2793 1368 γὰρ
2846 1292 2992 1367 ἄγων
3038 1293 3276 1357 ἐκείνους
3305 1296 3392 1349 καὶ
3425 1294 3587 1356 αὐτὸς
3620 1315 3806 1349 συντε-

2155 1381 2388 1457 ταρακτό
2435 1403 2492 1435 τε
2535 1387 2614 1454 τῷ
2669 1379 2940 1458 αἰφνιδίῳ,
2985 1383 3073 1436 καὶ
3126 1384 3232 1453 ὅπη
3289 1384 3449 1458 φύγοι
3500 1382 3806 1439 ἐσκέπτετο.

2155 1470 2414 1545 Ὀλίγους
2444 1475 2568 1546 γοῦν
2603 1471 2724 1546 περὶ
2775 1471 2932 1526 αὐτὸν
2963 1469 3130 1546 ἔχων,
3175 1472 3264 1526 καὶ
3302 1473 3536 1544 μάλιστα
3564 1472 3693 1534 τοὺς
3724 1474 3809 1527 οἶ-

2157 1561 2470 1623 κειοτάτους
2518 1561 2608 1615 καὶ
2659 1562 2739 1623 οἷς
2794 1561 3032 1615 ἐπίστευε
3063 1561 3252 1632 πλέον,
3301 1561 3390 1616 σὺν
3444 1561 3672 1627 ἐκείνοις
3698 1560 3811 1635 ἅμα

2164 1650 2257 1724 μὲν
2298 1651 2394 1714 τὰς
2449 1652 2836 1726 ὑποχωρήσεις
2866 1655 2973 1706 τῶν
3005 1646 3250 1728 φοϐερῶν
3308 1650 3545 1706 ἐποιεῖτο
3593 1652 3681 1706 καὶ
3713 1652 3810 1726 ἅμ’

2160 1739 2364 1815 ἑτέροις
2420 1736 2680 1817 φοϐεροῖς
2725 1742 3109 1816 προσέκρουεν,
3163 1741 3237 1803 ὡς
3289 1740 3414 1803 τοὺς
3466 1742 3558 1814 μὲν
3616 1739 3811 1796 ἀποδι-

2161 1827 2406 1902 δράσκειν
2464 1835 2582 1892 τοῖς
2644 1827 2687 1883 δ’
2747 1828 3057 1902 ἐμπίπτειν,
3115 1829 3204 1883 καὶ
3251 1833 3358 1884 τῶν
3419 1829 3696 1904 προτέρων
3734 1832 3808 1904 μὴ

2163 1918 2378 1996 φθάνειν
2451 1918 2688 1982 ἀνεῖσθαι
2765 1913 2937 1995 φόϐον
3012 1919 3102 1973 καὶ
3158 1916 3438 1991 δευτέρους
3498 1916 3814 1994 ἐκδέχεσθαι

2165 2008 2404 2081 μείζους.
2462 2008 2564 2063 Καὶ
2624 2008 2727 2082 γὰρ
2776 2009 2862 2062 καὶ
2919 2007 3054 2062 αὐτᾶ
3106 2009 3173 2062 τα
3229 2012 3338 2062 τῶν
3398 2009 3537 2083 ὁρῶν
3589 2009 3816 2080 ἀναστή-

2166 2117 2306 2169 ματα
2354 2096 2642 2171 φαντασίαν
2699 2102 2968 2172 παρεῖχον
3027 2094 3334 2169 πολεμίων,
3391 2095 3816 2167 ἐπεισπεσούσης

2163 2182 2372 2246 δειλίας
2421 2184 2649 2262 ἀφάτου.
2705 2187 2900 2258 ’Ὁμως
2944 2183 3000 2238 δέ
3047 2186 3135 2239 καὶ
3183 2182 3370 2248 ἄλλως
3400 2184 3700 2259 ἠγγέλλετο
3752 2186 3816 2240 τὸ

2165 2271 2360 2329 δεινόν’
2395 2273 2457 2328 οὐ
2505 2275 2607 2349 γὰρ
2666 2277 2730 2343 ἦν
2781 2276 2926 2337 ὅστις
2973 2275 3062 2330 καὶ
3110 2274 3355 2350 προσιὼν
3402 2277 3438 2345 ἢ
3497 2274 3586 2330 καὶ
3637 2275 3819 2352 φανεῗς

2162 2362 2214 2434 ἐξ
2245 2363 2470 2437 ἐτοίμου
2502 2365 2566 2419 οὐ
2617 2358 2784 2438 φόϐον
2815 2361 3080 2439 ἤγγελλε.
3135 2362 3238 2419 Κᾶν
3272 2385 3376 2420 που
3407 2363 3497 2418 καὶ
3527 2385 3824 2440 παρεσκευ-

2172 2571 2364 2628 festim
2390 2572 2651 2628 irruendi
2675 2571 3064 2643 capiendique
3089 2572 3284 2644 ipsum
3314 2573 3602 2645 penejam
3636 2571 3829 2628 solum

2171 2660 2461 2716 relictum.
2495 2660 2640 2715 Nam
2675 2677 2804 2732 quae
2834 2662 3011 2716 turba
3043 2660 3210 2715 illum
3262 2661 3500 2717 familiae
3532 2678 3597 2716 ac
3655 2661 3839 2716 mini-

2172 2750 2333 2806 sterii
2366 2750 2675 2806 domestici
2707 2751 2974 2805 comitari
3005 2755 3261 2822 cmperat
3309 2751 3419 2806 hoc
3472 2751 3583 2806 iter
3639 2751 3836 2823 ingre-

2172 2840 2450 2909 dientem,
2485 2839 2789 2895 diffluebat
2822 2842 2879 2894 in
2915 2839 3112 2907 horas,
3146 2845 3306 2896 metu
3350 2841 3527 2896 ﬁdem
3561 2856 3628 2897 ac
3660 2857 3832 2897 reve-

2172 2929 2420 2984 rentiam
2451 2930 2736 2995 vincente,
2773 2945 3122 3001 unoquoque
3155 2946 3257 3001 pro
3304 2945 3366 2985 se
3397 2929 3671 2994 sollicito,
3706 2946 3836 2985 mo-

2175 3019 2246 3072 do
2278 3034 2445 3072 suam
2488 3018 2680 3088 ipsius
2712 3018 2894 3074 veloci
2929 3020 3064 3090 fuga
3096 3027 3150 3074 el
3210 3019 3530 3089 penetratis
3562 3017 3829 3074 latibulis

2174 3108 2392 3180 ignotis
2437 3107 2591 3164 hosti
2624 3108 2874 3164 salutem
2935 3109 2993 3163 in
3049 3114 3175 3164 tuto
3235 3109 3570 3181 possuisset
3625 3125 3835 3180 parum

2174 3198 2341 3268 pensi
2375 3199 2529 3253 234
2561 3198 2811 3253 habente
2869 3198 3010 3270 quid
3055 3197 3251 3268 sociis,
3287 3199 3426 3269 quid
3460 3197 3573 3269 ipsi
3603 3197 3837 3252 contin-

2177 3293 2337 3358 geret
2372 3287 2640 3358 principi.
2671 3289 2734 3342 In
2771 3305 2884 3358 quo
2917 3292 3040 3342 erat
3075 3288 3221 3343 mira
3246 3292 3302 3342 et
3334 3288 3550 3342 misera
3581 3287 3836 3341 varietas

2177 3377 2474 3432 incondite
2509 3393 2984 3449 quoquoversum
3019 3378 3338 3443 ruentium,
3365 3393 3498 3432 cum
3532 3376 3679 3431 alios
3702 3392 3838 3446 pru-

2176 3467 2320 3520 dens
2347 3467 2545 3534 timor,
2581 3467 2730 3522 alios
2761 3468 2970 3539 panica
2986 3467 3402 3536 consternatio,
3436 3465 3581 3521 alios
3628 3481 3832 3520 rumor

2179 3555 2388 3626 falsus,
2423 3557 2737 3633 quosdam,
2771 3557 3004 3627 ignaros
3061 3555 3280 3628 alioqui
3341 3556 3483 3627 quid
3542 3559 3835 3628 ageretur,

2179 3645 2303 3716 ipse
2334 3645 2626 3701 tumultus
2657 3647 2826 3702 anxie
2855 3645 3484 3717 circumspectantium
3512 3649 3569 3700 et
3599 3661 3844 3700 cursan-

2176 3735 2325 3788 tium
2361 3734 2708 3807 contagione
2759 3735 3191 3807 inquietudinis
3247 3736 3500 3807 quadam
3553 3735 3848 3806 abriperet

2181 3841 2294 3894 quo
2328 3823 2552 3879 salvum
2608 3842 2669 3880 se
2729 3826 2981 3897 quisque
3043 3825 3319 3896 sperabat
3377 3827 3519 3890 fore,
3553 3825 3663 3880 hoc
3721 3827 3844 3896 jam

2181 3913 2425 3968 effusius
2463 3919 2519 3968 et
2550 3916 2902 3969 verecundia
2937 3915 3174 3980 minori,
3213 3916 3368 3985 quod
3432 3931 3534 3969 nec
3597 3915 3644 3969 si
3701 3916 3846 3986 quid

2183 4001 2458 4072 cuiquam
2494 4003 2798 4072 praesentis
2825 4004 2894 4056 ad
2920 4003 3315 4057 resistendum
3345 4010 3502 4058 esset
3532 4003 3734 4073 animi,
3756 4005 3844 4059 fa-

2183 4091 2370 4146 cultas
2404 4093 2531 4161 ejus
2566 4092 2644 4145 rei
2680 4093 2915 4146 adesset
2940 4091 3076 4158 ulla,
3103 4093 3307 4162 utique
3330 4091 3458 4161 ipso
3492 4092 3731 4147 ductore
3751 4111 3847 4148 no-

2181 4181 2355 4235 vitate
2389 4180 2528 4235 mali
2561 4180 2738 4234 subiti
2775 4179 3065 4251 perculso,
3091 4197 3253 4250 spem
3278 4179 3470 4249 palam
3508 4196 3846 4250 repugnan-

2183 4269 2239 4323 di
2273 4269 2590 4324 damnante
2623 4287 2882 4338 omnem,
2908 4275 2961 4324 et
2987 4269 3126 4324 nihil
3153 4268 3311 4324 aliud
3341 4285 3517 4340 quam
3555 4269 3751 4341 fugam
3787 4273 3846 4324 et

2182 4359 2438 4414 latebras
2470 4364 2785 4426 quaerente.
2813 4359 2914 4414 Hic
2941 4377 3072 4428 ergo
3106 4376 3239 4415 cum
3266 4358 3467 4430 paucis
3493 4375 3640 4429 quos
3662 4357 3845 4412 habe-

2183 4449 2285 4503 bat
2309 4466 2505 4504 secum
2541 4449 2795 4520 reliquos
2828 4465 2895 4504 ex
2931 4449 3178 4503 maxime
3223 4448 3446 4503 intimis
3501 4465 3567 4502 ac
3625 4446 3844 4502 fidissi-

2186 4538 2320 4605 mis,
2357 4555 2628 4608 prorsum
2666 4545 3008 4605 retrorsum,
3044 4537 3186 4593 lmva
3241 4539 3466 4602 dextra,
3499 4537 3557 4592 in
3617 4543 3842 4608 partem

2185 4644 2417 4682 omnem
2456 4645 2517 4682 se
2549 4629 2988 4701 circumagebat
3018 4628 3376 4683 vitabundus
3427 4631 3483 4682 et
3515 4628 3844 4693 incurrens,

410 4725 544 4778 nus,
581 4713 643 4764 ut
673 4708 1088 4781 manipulatim
1127 4709 1324 4780 palare
1356 4710 1608 4781 dispersi
1639 4716 1696 4767 et
1731 4730 2074 4787 quocunque
2108 4715 2152 4777 D
2186 4716 2320 4771 hinc
2345 4716 2614 4787 repulsus
2639 4725 2855 4772 terrore
2881 4717 3176 4789 conspecti
3203 4716 3549 4788 mali,pejus
3573 4716 3694 4770 illic
3717 4733 3845 4787 quae

412 4796 670 4854 alliceret
703 4800 900 4871 prada
956 4798 1271 4854 inordinati
1333 4816 1635 4856 accurrere
1693 4819 1806 4857 non
1842 4804 2074 4861 dubita-

410 4891 570 4943 rent:
591 4904 657 4942 eo
684 4889 910 4944 ﬁduciae
935 4905 1000 4944 ac
1022 4894 1395 4962 contemptus
1417 4895 1753 4969 nostrorum
1773 4911 2073 4951 armorum

417 4977 658 5047 impune
691 4977 974 5034 hactenus
1000 4995 1281 5034 ausorum
1315 4979 1674 5050 experientia
1702 4983 2076 5042 devenerant.

411 5066 706 5121 Ductabat
738 5066 797 5120 in
824 5066 1153 5138 prOpinquo
1187 5069 1522 5140 sejunctum
1557 5088 1589 5124 a
1621 5071 1902 5128 Tocharis
1938 5091 2078 5129 suo-

409 5169 543 5208 rum
575 5171 785 5226 agmen
805 5155 1225 5212 Constantinus
1251 5174 1425 5212 curru
1451 5157 1687 5214 vehens:
1717 5159 1896 5217 fracto
1919 5163 2076 5218 enim

412 5243 711 5314 quondam
744 5258 913 5299 crure
946 5244 1024 5299 ita
1061 5261 1214 5299 nunc
1246 5244 1440 5301 adhuc
1473 5247 1748 5303 utebatur
1779 5250 1980 5322 debili,
2015 5258 2078 5308 ut

413 5347 520 5387 nec
554 5332 732 5403 pedes
764 5332 1032 5388 incedere
1087 5351 1190 5389 nec
1249 5335 1513 5407 equitare
1548 5337 1702 5406 potis
1761 5348 1933 5394 esset.
1968 5345 2074 5398 Te—

415 5422 592 5476 nebat
633 5422 787 5477 circa
843 5439 905 5478 se
963 5422 1246 5495 Bulgaros
1310 5424 1598 5495 plurimos
1659 5429 1960 5498 expeditos
2018 5432 2075 5486 in

414 5509 606 5581 equis,
641 5511 874 5583 evagari
909 5528 1006 5566 eos
1041 5517 1106 5568 ut
1132 5514 1427 5569 Tocharos
1459 5531 1572 5568 non
1606 5515 1832 5582 sinens,
1855 5521 1955 5574 sed
1991 5520 2078 5576 in-

417 5603 583 5655 tenta
613 5616 751 5656 cura
781 5617 1015 5672 semper
1041 5601 1348 5674 inquirens
1383 5603 1626 5658 ubinam
1683 5605 2082 5666 diversaretur

424 5687 766 5760 imperator,
787 5690 1086 5762 proposito
1135 5692 1360 5748 scilicet
1389 5709 1456 5748 ac
1486 5693 1808 5766 cupiditate
1840 5713 1906 5754 eo
1938 5717 2079 5758 con-

2189 4806 2483 4878 refugerat
2515 4808 2834 4878 reperiens,
2872 4812 2992 4861 tum
3028 4824 3058 4859 a
3092 4806 3339 4878 qumsito
3391 4804 3530 4859 alibi
3581 4806 3847 4877 perfugio

2188 4897 2381 4968 specie
2410 4895 2669 4952 tetrioris
2702 4896 2837 4951 inde
2869 4912 2930 4952 se
2961 4894 3314 4951 ostentantis
3362 4894 3518 4949 exitii
3551 4893 3852 4959 exclusus,

2185 4985 2395 5040 anxius
2426 5003 2659 5058 semper
2690 4990 2745 5041 et
2771 4985 3430 5054 mstuans,perturbataa,
3458 4987 3523 5038 ut
3554 4984 3637 5052 fit,
3665 4983 3849 5038 menti

2189 5090 2386 5130 errore
2449 5074 2785 5130 occulorum
2841 5074 3214 5128 formidinem
3268 5073 3546 5140 addente,
3584 5089 3650 5128 ac
3707 5073 3850 5144 iuga

2192 5163 2484 5218 montium
2522 5163 2749 5232 aliaque
2781 5163 2970 5218 obiter
2991 5162 3332 5235 apparentia
3350 5162 3408 5216 in
3433 5161 3632 5217 hostes
3658 5178 3852 5216 arma-

2190 5257 2283 5308 tos
2316 5254 2726 5324 irruentesque
2759 5253 3144 5308 deformante.
3172 5251 3574 5324 lmaginabant
3597 5251 3850 5307 subinde

2193 5340 2490 5396 miseriam
2524 5341 2886 5411 desperantis
2909 5343 3034 5412 jam
3071 5341 3356 5413 principis
3389 5340 3695 5395 obviorum
3733 5357 3844 5394 un-

2191 5431 2499 5501 decunque
2531 5435 2756 5486 atroces
2797 5431 3009 5501 nuntii,
3034 5448 3191 5499 vera,
3227 5429 3428 5499 dubia,
3455 5431 3610 5496 ﬁcta,
3635 5428 3850 5483 tristis-

2191 5521 2344 5577 sima
2373 5523 2574 5578 omnia
2604 5523 3012 5594 horrendaque
3045 5523 3445 5578 referentium.
3467 5521 3526 5575 Id
3562 5535 3714 5590 saepe
3746 5536 3847 5574 co-

2191 5612 2362 5669 mites
2394 5614 2612 5685 experti
2645 5615 3076 5671 submovebant
3117 5614 3330 5670 deinde
3385 5611 3712 5676 venientes,
3745 5626 3850 5666 nec

2192 5702 2358 5758 affari
2383 5702 2710 5776 principem
2733 5703 3026 5777 sinebant,
3052 5704 3208 5760 unde
3232 5703 3404 5760 etiam
3429 5700 3664 5758 utilium
3705 5699 3853 5755 indi-
