4112 6422
346 383 453 441 679

1658 368 1960 426 GEORGII
1999 368 2463 425 PACHYMERE

3663 369 3774 428 680

348 510 504 577 ἀζετο
553 500 892 581 συγκατιέναι
940 501 1019 575 [Ρ.
1073 498 1199 570 156]
1252 494 1390 569 πρὸς
1438 488 1570 553 τοὺς
1619 487 1855 581 ἐχθροῖξς
1914 487 2003 543 ἰπὶ
2035 494 2085 560 Α
2116 494 2307 581 χεῖρας
2360 490 2552 581 τὸτῆς
2587 489 3045 581 Αἴνουφρούριον
3097 489 3597 581 ὑπεισδύντες-τῶν
3658 489 3774 548 δει-

344 604 423 672 τῷ
470 577 657 671 μαθεῖν
711 593 904 648 ὁπόσοι
961 590 1052 645 καὶ
1108 586 1257 647 ὅπως
1310 583 1475 653 τίοιεν,
1535 581 1587 635 o't
1640 577 1765 653 περὶ
1796 577 1997 633 ἐκεῖνον

344 667 434 743 διὰ
471 667 545 740 ⁷τὸ
598 685 823 758 μέγεθος
852 685 948 735 τοῦ
978 674 1228 733 κινδύνου
1276 676 1558 747 κατεῖχον,
1592 670 1666 732 ὡς
1716 667 1804 722 ἐπὶ
1836 667 1996 741 μόνον

340 777 469 853 όρᾷν
512 754 916 841 τὸϋσῶζεσθαι,
975 766 1153 827 Μόλις
1208 767 1366 853 γοῦν.
1396 757 1658 853 νυξὶξκαῖ
1710 754 2001 853 παροδίαις

344 844 719 942 βὀηθούμενος
776 853 1087 934 προσϐαίνει
1144 857 1226 926 τῷ
1290 848 1464 923 Γᾶνῳ,
1523 846 1811 942 ἆπολιπιῖυν
1871 844 1999 942 τοὺς

340 934 570 1015 λοιποὺς
602 955 780 1022 ζητεῖν
814 948 922 1017 ὅπη
957 947 1244 1015 σώζοιντο.
1292 944 1416 998 Τῶν
1461 938 1564 1013 γὰρ
1618 935 1844 991 κατόπιν
1883 934 1998 989 ἷόν-

334 1066 443 1101 των
493 1042 584 1099 καὶ
636 1038 766 1115 μάλ’
815 1035 1182 1111 ἀπεγίνωσκεν
1234 1032 1309 1094 ὡς
1356 1028 1726 1100 ἁλωσομένων
1757 1067 1769 1081 .
1822 1026 1995 1081 Ἦσαν

337 1134 382 1190 δ’
442 1134 593 1188 οὗτοι
624 1112 677 1185 οἳ
710 1127 778 1198 δὴ
806 1128 869 1181 τὸ
921 1122 1204 1200 βασιλικὸν
1235 1123 1485 1193 ταμιεῖον
1537 1114 1873 1188 διεκόμιζον,
1902 1112 1994 1167 καὶ

334 1225 386 1279 οἱ
444 1220 582 1299 ἀμφὶ
646 1218 737 1274 τὸν
798 1214 1029 1271 σουλτᾶν
1077 1211 1368 1281 ’Δζατίνην
1431 1204 1835 1299 ’Ἐκεῖνος-μὲν
1900 1200 1995 1299 οξν

334 1291 548 1373 ὑποδδς
593 1309 657 1364 τὸ
718 1303 865 1383 ὄρος,
925 1299 1312 1377 ταχυδρόμους
1372 1295 1629 1383 πέμπων,
1690 1291 1833 1383 ἔνθεν
1896 1291 1991 1383 μέν

332 1402 616 1458 ἐσκέπτετο
672 1380 801 1458 τούς
860 1391 1094 1468 ἐχθροὺς
1151 1388 1404 1449 ἐπιόντας
1462 1382 1739 1440 λανθάνων
1800 1380 1991 1459 ἐκφεύ-

328 1513 463 1567 γειν,
517 1484 663 1544 ἔνθεν
725 1483 783 1540 δὲ
838 1482 929 1538 καὶ
982 1481 1421 1567 ταχυναυτούσαν
1471 1476 1689 1567 τριήρη-
1724 1475 1988 1567 προσχεῖν

331 1560 423 1637 διὰ
449 1579 666 1654 ταχέων
717 1579 834 1636 τοῖς
867 1568 1015 1648 ὄρεσι
1064 1566 1449 1644 παρεσκεύαζε.
1501 1562 1602 1654 lini
1634 1561 1700 1630 δὴ
1732 1560 1862 1654 τοὺς
1894 1561 1988 1632 μὲν

328 1671 389 1725 ἐκ
443 1650 616 1723 τόπου
671 1664 838 1719 τόπον
917 1654 1160 1733 ἀμείϐων
1231 1658 1466 1716 συνετῶς
1521 1652 1773 1730 ἐμφανεῖς
1834 1650 1991 1709 ὅντας

329 1759 467 1814 κατᾶ
519 1757 583 1812 τὸ
614 1752 850 1823 λεληθὸς
884 1746 1246 1821 διεδίδρασκε’
1304 1746 1408 1814 τήν
1456 1741 1514 1797 δὶ
1578 1740 1763 1816 μαθὼν
1806 1739 1990 1814 εὐτρε-

330 1851 609 1912 πισθεῖσαν
670 1847 917 1919 παρεῖναι
953 1884 966 1910 ,

329 1937 490 2013 ὅρους
538 1915 787 1989 ἐπέϐαινέ
814 1951 875 1985 τε
921 1927 1008 1983 καὶ
1062 1926 1115 1988 ἐς
1168 1916 1740 1979 Κωνσταντινούπολιν
1794 1915 1987 1972 διεσώ-

330 2004 468 2095 ζετο.
526 2024 590 2077 O't
645 2021 692 2076 δ’
752 2017 918 2074 ἄλλοι
989 2010 1499 2083 διασκεδαννύμενοι
1554 2004 1847 2095 πανταχοῦ,
1889 2012 1990 2075 τῆς

330 2093 544 2188 ὸρᾴκης
572 2111 625 2165 oi
679 2109 775 2182 μὲν
822 2105 1142 2177 ἡλίσκοντο,
1193 2101 1245 2156 οἱ
1296 2097 1353 2154 δὲ
1382 2099 1585 2188 ἐκᾉτοᾼῦ
1632 2097 1776 2188 παρᾷ
1830 2093 1986 2188 δόξαν

327 2182 799 2267 καὶ-διεσώζοντο.
831 2196 895 2249 Οἱ
931 2187 1114 2266 μέντοι
1162 2210 1223 2264 γε
1264 2192 1373 2243 τῶν
1421 2185 1661 2257 οἰκείων,
1712 2187 1794 2246 οῖς
1837 2205 1897 2238 τε
1923 2182 1987 2237 τὸ

329 2291 507 2347 κοινὸν
539 2292 787 2362 ταμιεῖον
838 2282 1223 2358 ἐπετέτραπτο,
1284 2276 1376 2332 σύν
1433 2274 1649 2337 τούτοις
1702 2271 1760 2328 δὲ
1799 2272 1889 2327 καὶ
1935 2273 1987 2327 οἱ

329 2379 470 2458 ἀμφὶ
499 2378 591 2434 τὸν
616 2360 877 2444 ἡσουλτᾶν,
925 2371 1021 2434 τὰς
1064 2373 1173 2425 τῶν
1207 2365 1417 2443 ἐχθρῶν
1468 2362 1632 2439 μόλις
1676 2360 1986 2437 διαδράντες

329 2615 427 2656 ces
457 2597 556 2671 qui
582 2597 654 2652 de
679 2593 953 2652 hostibus
976 2606 1093 2662 quo
1116 2586 1243 2643 loco
1264 2588 1464 2642 essent
1485 2587 1544 2638 et
1566 2580 1704 2671 quid
1729 2583 1991 2671 agerent,

325 2669 658 2745 necessaria
688 2684 837 2740 scitu
899 2675 1231 2751 suggesturi
1291 2672 1657 2737 advolarunt,
1688 2669 1989 2724 inauditos

326 2775 526 2849 repelli
561 2772 960 2844 contingebat,
994 2763 1393 2838 imprudentia
1423 2762 1551 2817 sine
1582 2759 1761 2814 dubio
1788 2757 1986 2813 exclu-

325 2865 592 2921 dentium
625 2876 878 2934 magna:
912 2857 1013 2913 sed
1048 2872 1152 2910 sua
1182 2869 1281 2909 eos
1310 2852 1696 2907 excaacaverat
1723 2851 1985 2903 conster-

325 2954 509 3023 natio,
533 2951 739 3017 nimio,
773 2953 839 3003 ut
895 2947 960 3001 ﬁt
989 2945 1141 3001 σιω
1185 2941 1344 2998 exitii
1406 2943 1565 2994 metu
1622 2937 1681 2991 in
1741 2936 1982 2991 exitium

334 3047 591 3099 ruentes.
624 3038 884 3095 Tandem
920 3029 1581 3106 aegerrimejaventibus
1611 3025 1871 3081 noctium
1899 3028 1986 3080 tc-

325 3132 546 3199 nebris,
573 3130 811 3200 juvanle
843 3125 912 3180 ad
936 3122 1240 3178 latendum
1274 3116 1590 3174 solitudine
1620 3113 1858 3169 callium
1892 3112 1983 3167 in-

2110 582 2217 633 νῶν
2273 578 2644 633 ἀναπνέουσιν·
2697 578 2775 637 Οὐ
2838 581 2945 653 μὴν
2995 579 3052 635 δὲ
3099 580 3187 635 καὶ
3245 580 3323 645 εἰς
3379 578 3524 635 πολὺ
3591 581 3771 658 σφίσιν

2108 668 2178 736 ἦν
2237 670 2272 737 ὴ
2333 672 2441 721 τῶν
2499 667 2679 723 πόνων
2744 666 2945 739 ἄνεσις,
3001 666 3128 725 ἀλλ’
3187 669 3385 725 ἐκεῖνοι
3422 668 3678 743 μαθόντες
3706 670 3774 726 τὰ

2109 758 2233 834 περὶ
2289 760 2380 814 τὸν
2427 758 2684 832 σουλτᾶν,
2732 760 2824 815 καὶ
2857 762 2941 815 ὅτι
2987 763 3058 834 τῇ
3092 757 3243 833 Αἴνῳ
3292 758 3608 837 προσμένει,
3658 762 3771 834 ἅμα

2109 844 2168 902 δὲ
2212 847 2305 902 καὶ
2336 849 2459 923 περὶ
2508 853 2614 902 τῶν
2667 847 2880 918 ἄλλων,
2914 849 3083 904 ἐκεῖσε
3129 846 3407 923 πανδημεὶ
3439 849 3654 922 σύναιμα
3678 851 3768 905 καὶ

2104 942 2184 1009 τῷ
2242 939 2632 1011 Κωνσταντίνῳ
2690 940 3164 1013 συναθροισθέντες
3221 940 3321 1009 τήν
3367 936 3530 993 πόλιν
3584 959 3767 1013 περιε-

2104 1026 2341 1098 κάθηντο
2398 1027 2488 1083 καὶ
2522 1025 2671 1082 δεινὰ
2700 1027 2940 1100 ἐποίουν,
2973 1026 3138 1098 δῆλοι
3187 1024 3335 1092 ὄντες
3367 1028 3440 1090 ὡς
3470 1027 3765 1084 ἀνάστατον

2103 1118 2447 1186 ποιήσοντες.
2495 1112 2956 1193 Ἠκροϐολίζοντο
3003 1121 3130 1193 γοῦν
3187 1118 3301 1172 καθ’
3349 1113 3560 1193 ἡμέραν
3609 1138 3765 1193 περι-

2102 1203 2429 1270 κυκλοῦντες
2482 1207 2545 1261 τὸ
2594 1205 2877 1285 φρούριον,
2926 1205 3016 1261 καί
3054 1204 3321 1276 ἠπείλουν
3352 1212 3469 1268 τοῖς
3510 1206 3680 1276 ἐντὸς,
3718 1207 3765 1261 εἰ

2109 1296 2184 1368 μὴ
2216 1292 2491 1370 προδοῖεν,
2521 1296 2587 1350 τὰ
2619 1296 2892 1371 χείριστα,
2941 1296 3008 1352 Οἱ
3041 1294 3099 1350 δὲ
3152 1296 3381 1372 ὁρῶντες
3431 1296 3525 1369 μὶν
3576 1295 3669 1351 καὶ
3696 1298 3767 1351 τὰ

2104 1382 2254 1438 δεινᾶ
2285 1384 2337 1438 ἐν
2367 1385 2492 1460 χρῴ
2524 1384 2701 1463 σφίσιν
2755 1386 2905 1457 ὅντα,
2955 1385 3045 1440 καὶ
3098 1385 3173 1446 ὡς
3225 1384 3287 1439 οὗ
3327 1384 3503 1462 φυκτὰ
3529 1384 3598 1439 τὰ
3626 1387 3765 1441 κατὰ

2102 1479 2261 1551 σφᾶς,
2306 1474 2350 1528 εἰ
2409 1469 2744 1548 ἐπιϐρίσειαν
2777 1472 2992 1543 πλῆθος
3038 1468 3190 1536 ὅντες
3239 1471 3355 1528 οὐδ’
3411 1472 3497 1528 ἐπὶ
3564 1474 3760 1546 μικρὸν

2101 1561 2476 1636 λογιζόμενοι,
2508 1564 2741 1639 ὁρῶντες
2767 1561 2825 1617 δὲ
2853 1564 2944 1618 καὶ
2992 1564 3054 1617 τὸ
3104 1562 3363 1641 φρούριον
3397 1563 3474 1625 ὡς
3520 1582 3760 1633 κατερη-

2102 1648 2367 1727 ριμμένον
2428 1652 2519 1705 καὶ
2563 1649 2798 1706 ἐνδῶσον
2838 1650 3029 1707 αὐτίκα
3080 1650 3123 1706 εί
3178 1653 3544 1726 μηχανήμασι
3589 1670 3762 1725 προσ-

2099 1742 2369 1814 κρουσθῇ,
2403 1738 2455 1795 ἐν
2513 1737 2713 1802 δεινοῖς
2760 1743 2920 1810 ἦσαν.
2974 1739 3128 1810 Πλὴν
3160 1738 3276 1794 οὐδ’
3325 1738 3377 1793 οἵ
3408 1760 3472 1815 γε
3495 1738 3760 1817 κατερρᾳ-

1046 1829 1389 1913 συγκαταϐὰς
1440 1836 1558 1895 τοῖς
1620 1829 1838 1891 λοιποῖς
1891 1833 1990 1883 τοῦ
2021 1867 2067 1932 Β
2101 1828 2308 1901 θύμουν
2372 1829 2448 1901 μή
2499 1828 2588 1884 καὶ
2655 1835 2907 1901 προνοεῖν
2959 1830 3172 1890 ἑαυτοῖς
3217 1829 3287 1883 τὰ
3340 1827 3415 1889 εἰς
3459 1828 3757 1903 σωτηρίαν.

2101 1918 2186 1973 Ἐν
2251 1918 2402 1994 μέρει
2451 1915 2509 1972 δὲ
2550 1917 2642 1972 καὶ
2692 1917 2745 1971 οἱ
2793 1916 2919 1992 περὶ
2970 1918 3032 1971 τὸ
3080 1918 3262 1971 κοινὸν
3312 1922 3560 1989 ταμιεῖον
3605 1917 3658 1973 ἐν
3685 1915 3761 1972 ἐν·

2095 2005 2272 2070 νοίαις
2326 2006 2571 2077 μείζοσιν
2631 2007 2667 2076 ἢ
2725 2007 2903 2083 φέρειν
2957 2007 3114 2078 ἦσαν,
3172 2010 3291 2067 πῶς
3349 2004 3410 2060 ἂν
3463 2002 3755 2078 διασωθείη

2095 2093 2255 2156 τόσος
2306 2094 2482 2168 σωρὸς
2514 2093 2845 2169 χρημάτων,
2875 2093 3001 2156 ὅσος
3054 2094 3106 2149 έν
3141 2094 3448 2167 νομίσμασι
3493 2094 3583 2149 καὶ
3631 2095 3758 2157 ὅσος

2098 2178 2493 2261 ἐν’διαφόροις
2550 2180 2925 2258 θεωρούμεννς
2984 2180 3185 2238 εἴδεσι.
3240 2182 3339 2238 Καί
3391 2203 3455 2257 γε
3495 2182 3585 2238 καὶ
3627 2182 3752 2258 περὶ

2097 2269 2355 2334 πλείονος
2401 2278 2503 2342 τῆς
2535 2276 2682 2350 σφῶν
2730 2270 3004 2347 σωτηρίας
3046 2275 3352 2341 ποιοῦντες,
3382 2268 3555 2326 δεινὸν
3583 2271 3756 2347 ἡγού-

2101 2382 2255 2436 μενοι
2283 2361 2374 2416 καὶ
2425 2362 2701 2416 πεσόντων
2764 2360 2979 2416 ἐκείνων
3014 2359 3063 2415 εἴ
3101 2361 3276 2416 τόσων
3326 2360 3388 2416 τὸ
3431 2361 3614 2417 κοινὸν
3646 2381 3760 2417 στε-

2101 2579 2897 2652 obsederunt,oppugnantes
2911 2595 3084 2650 quam
3096 2579 3759 2651 poterantferocissime,

2100 2685 2167 2725 ac
2199 2669 2372 2742 plane
2404 2686 2519 2741 prae
2552 2685 2614 2724 se
2644 2669 2899 2725 ferentes
2929 2669 3337 2725 destructuros
3377 2686 3440 2724 se
3469 2669 3754 2740 oppidum

2098 2774 2231 2813 cum
2267 2774 2420 2814 arce.
2451 2758 2678 2814 Corona
2708 2757 2890 2829 igitur
2916 2757 3169 2813 cinctam
3235 2757 3619 2813 munitionem
3652 2774 3755 2813 sa-

2096 2847 2262 2919 gittis
2292 2848 2555 2920 undique
2586 2848 2740 2904 236
2768 2864 2833 2902 ac
2860 2846 3074 2918 jaculis
3123 2864 3226 2919 per
3280 2847 3437 2903 diem
3477 2847 3758 2904 continue

2096 2938 2391 3008 petebant,
2416 2941 2474 2993 et
2503 2936 2871 2992 atrocissima
2902 2952 3151 3007 quaeque
3179 2936 3581 3007 praesidiariis,
3606 2936 3664 2991 ni
3691 2952 3757 2992 se

2094 3027 2363 3082 dederint
2392 3026 2789 3082 minabantur.
2818 3026 2928 3090 Qui
2956 3031 3153 3081 autem
3187 3026 3349 3081 intus
3380 3026 3625 3081 erantin
3658 3043 3751 3082 ar-

2090 3121 2150 3171 to
2179 3128 2242 3171 se
2266 3116 2684 3188 deprehensos,
2716 3114 2955 3170 admota
2993 3115 3266 3170 cominus
3296 3119 3354 3169 et
3399 3116 3525 3186 jam
3554 3120 3749 3171 cutem

320 3221 571 3285 viorum,
623 3217 851 3273 Ganum
913 3215 1176 3267 montem
1236 3206 1579 3263 conscendit
1633 3204 1973 3275 imperator,
2009 3206 2052 3274 ρ
2089 3218 2295 3259 exorsa
2327 3220 2496 3259 urere
2525 3201 2922 3257 ineluctabilis
2949 3202 3008 3257 vi
3066 3202 3228 3269 mali,
3265 3204 3606 3274 sentientes,
3639 3220 3754 3259 aes-

320 3309 539 3367 relictis
553 3305 894 3369 comitibus,
911 3306 968 3358 et
988 3299 1093 3355 sibi
1121 3301 1288 3369 prout
1306 3294 1554 3365 quisque
1578 3291 1979 3362 possetjussis

320 3397 644 3456 consulere.
664 3394 814 3449 Nam
834 3407 932 3447 eos
955 3403 1198 3443 suorum
1224 3386 1323 3456 qui
1358 3399 1507 3455 pone
1534 3376 1982 3437 assectabantur

323 3488 513 3561 magis
547 3486 855 3554 magisque
886 3476 1235 3549 desperabat
1264 3474 1517 3543 effugere
1550 3486 1732 3554 posse
1767 3484 1978 3561 manus

319 3556 604 3633 hostium.
636 3572 818 3627 Erant
847 3571 1041 3622 autem
1071 3564 1133 3619 hi
1167 3563 1269 3635 qui
1312 3576 1529 3632 penum
1562 3563 1621 3614 et
1670 3556 1978 3627 pecuniam

318 3660 757 3737 imperatoriam
788 3657 1121 3729 portabant,
1152 3657 1211 3707 et
1253 3650 1452 3706 sultan
1499 3648 1782 3705 Azatinus
1827 3662 1975 3737 ‘cum

317 3734 465 3811 suis.
498 3757 677 3807 Porro
709 3749 1031 3819 imperator
1063 3743 1160 3798 ubi
1205 3747 1462 3795 montem
1522 3737 1726 3804 subiit,
1759 3734 1976 3791 celeres

315 3845 376 3900 in
411 3842 640 3897 diversa
672 3837 936 3904 mittens,
969 3832 1062 3888 hic
1096 3831 1335 3903 quidem
1391 3830 1781 3885 adventantes
1840 3839 1975 3896 spe-

315 3931 645 3995 culabatur,
680 3924 999 3982 attentione
1038 3936 1275 3977 summa
1297 3924 1569 3989 satagens
1602 3915 1783 3971 latere
1812 3914 1975 3985 ipsos

322 4027 379 4079 et
408 4019 698 4091 eﬂ‘ugere;
732 4016 793 4070 in
826 4013 1002 4069 aliam
1031 4026 1166 4068 vero
1227 4013 1451 4081 partem
1508 4008 1723 4061 missos
1771 4019 1978 4059 curare

317 4110 633 4183 diligenter
654 4103 839 4177 jussit
860 4107 925 4157 ut
942 4099 1203 4156 triremis
1230 4113 1405 4168 quam
1428 4094 1682 4167 primum
1707 4108 1976 4148 occurre-

318 4204 427 4269 ret,
451 4196 636 4255 monti
659 4211 777 4267 qua
808 4207 970 4248 mare
1000 4188 1193 4260 tangit
1212 4185 1519 4242 confestim
1550 4200 1612 4239 se
1635 4184 1973 4248 admovens;

315 4295 373 4345 et
403 4289 606 4344 hostes
637 4284 876 4355 quidem
910 4295 1047 4335 mox
1089 4280 1439 4349 apparentes
1495 4274 1692 4328 locum
1750 4288 1819 4327 ex
1847 4271 1974 4326 loco

316 4381 558 4434 mutans
589 4373 838 4429 solerter
867 4367 1065 4433 elusit,
1099 4379 1406 4435 nunquam
1438 4363 1511 4418 iis
1544 4361 1652 4417 etsi
1695 4360 1974 4416 acerrime

314 4463 738 4536 indagantibus
760 4461 1130 4527 conspectus.
1149 4454 1471 4510 Triremem
1503 4456 1698 4508 autem
1724 4466 1857 4506 cum
1874 4466 1973 4505 co-

314 4553 611 4629 gnovisset
640 4550 992 4604 instructam
1029 4548 1239 4617 praesto
1278 4559 1408 4598 esse
1465 4542 1534 4597 ad
1597 4540 1967 4611 designatum

310 4625 500 4710 littus,
534 4655 601 4695 eo
633 4653 767 4692 cum
801 4634 1031 4707 exiguis
1070 4631 1388 4688 comitatus
1437 4628 1651 4700 dilapsi
1702 4625 1968 4697 reliquiis

313 4730 677 4789 descendens
707 4744 738 4783 e
768 4731 965 4782 monte
995 4720 1416 4779 conscenditin
1452 4723 1713 4792 paratam
1746 4718 1966 4784 navim,

312 4829 371 4881 et
401 4821 487 4877 sic
517 4814 1087 4888 Constantinopolim
1120 4813 1320 4869 salvus
1343 4811 1551 4866 tenuit.
1583 4807 1695 4864 Alii
1744 4806 1962 4879 passim

311 4908 565 4983 dispersi
597 4923 700 4980 per
728 4905 1039 4963 Thraciam
1102 4902 1315 4973 partim
1348 4898 1501 4970 capti
1557 4901 1715 4964 sunt,
1750 4895 1964 4968 partim

310 5004 521 5073 praeter
548 4996 885 5070 opinionem
918 4992 1246 5050 incolumes
1275 4991 1609 5045 evaserunt.
1640 4988 1712 5041 At
1743 4985 1828 5040 illi
1859 4986 1966 5073 dio-

310 5072 693 5143 mesticorum
726 5084 947 5155 quibus
978 5085 1104 5136 erat
1125 5078 1520 5150 imperatoriae
1540 5072 1965 5145 suppellectilis

309 5181 366 5233 et
396 5176 657 5249 pecuniis
688 5172 1015 5228 deferendae
1045 5185 1186 5225 cura
1215 5166 1555 5233 commissa,
1579 5163 1967 5233 quibuscum,

308 5273 372 5322 ut
401 5270 493 5321 est
521 5265 765 5330 dictum,
791 5262 988 5317 sultan
1021 5261 1164 5329 ibat,
1198 5273 1349 5329 aegre
1381 5255 1659 5311 manibus
1704 5252 1961 5308 hostium

307 5352 491 5426 elapsi
504 5353 629 5408 [Eni
653 5366 847 5409 arcem
868 5351 1189 5405 subeuntes
1203 5344 1511 5419 paululum
1542 5359 1575 5399 a
1596 5341 1963 5413 gravissimis

306 5443 585 5500 erumnis
619 5440 1007 5510 respirarunt.
1028 5438 1143 5494 Sed
1176 5452 1290 5491 non
1318 5434 1491 5504 longa
1521 5431 1645 5486 illis
1675 5430 1965 5502 contingit

305 5531 575 5589 remissio
606 5530 899 5585 laborum.
931 5526 1078 5581 Nam
1136 5524 1338 5579 hostes
1369 5521 1603 5594 cognita
1631 5521 1704 5574 de
1728 5519 1963 5574 sultane

304 5620 408 5676 ubi
438 5624 614 5686 esset,
648 5622 707 5674 et
731 5632 867 5673 eum
900 5630 1036 5671 cum
1070 5612 1204 5669 aliis
1235 5612 1294 5666 in
1343 5611 1475 5667 ,ίΕηὶ
1532 5625 1665 5665 arce
1712 5609 1959 5676 versari,

302 5707 504 5765 statim
530 5704 870 5780 congregati
899 5717 1038 5760 cum
1059 5700 1448 5759 Constantino
1472 5697 1732 5754 universi
1756 5696 1959 5753 urbem

2085 3293 2335 3348 tuabant
2364 3292 2517 3347 anxii
2550 3296 2606 3347 et
2634 3296 2865 3347 tantum
2898 3307 3015 3347 non
3047 3291 3497 3363 despondebant
3518 3292 3751 3349 animos

2087 3381 2551 3452 haudquaquam
2614 3397 2744 3436 sese
2776 3396 2945 3452 pares
3003 3380 3358 3451 repellendis
3416 3381 3748 3437 assultibus

2087 3470 2369 3538 hostium,
2403 3470 2474 3537 si,
2524 3470 2679 3543 quod
2714 3486 2851 3524 mox
2907 3471 3168 3524 futurum
3224 3470 3548 3540 apparebat
3604 3470 3748 3526 totis

2084 3560 2308 3615 viribus
2341 3560 2651 3637 irruerent,
2687 3558 2905 3631 quippe
2929 3558 3029 3629 qui
3054 3574 3113 3613 se
3136 3561 3297 3613 tanto
3318 3558 3467 3630 ipsis
3506 3558 3748 3614 inferio-

2086 3666 2177 3704 res
2193 3666 2438 3705 numero
2456 3648 2741 3718 viderent,
2760 3648 2832 3702 ad
2857 3646 2980 3702 haec
2999 3662 3131 3702 arce
3145 3646 3410 3703 inclusos
3424 3664 3485 3702 se
3507 3648 3747 3703 inﬁrma

2085 3745 2143 3796 et
2174 3739 2542 3803 semidiruta,
2577 3738 2750 3808 cujus
2780 3753 2911 3808 qum
2951 3737 3254 3793 restabant
3309 3738 3535 3809 integra
3582 3737 3742 3793 haud

2083 3829 2401 3885 essentiam
2424 3826 3586 3898 solidioperisutposssentmacbinarum
3608 3843 3747 3883 mox

2083 3918 2345 3990 undique
2358 3917 2859 3973 admovendarum
2882 3915 3178 3971 sustinere
3199 3914 3744 3987 impetum.Tamen

2082 4010 2145 4064 in
2172 4008 2353 4064 tantis
2390 4006 2563 4062 malis
2595 4021 2882 4061 memores
2913 4005 3150 4061 virtutis
3174 4005 3394 4060 nullam
3423 4004 3744 4078 diligentiae

2082 4097 2585 4170 providentimque
2629 4100 2853 4168 partem
2903 4095 3278 4162 omittebant,
3310 4095 3467 4151 omni
3518 4096 3747 4153 ratione

2083 4193 2415 4260 satagentes
2437 4191 2492 4242 et
2527 4203 2587 4242 se
2606 4185 2768 4257 ipsos
2782 4190 2838 4241 et
2863 4186 2973 4241 sibi
2988 4186 3363 4241 commissam
3388 4202 3620 4242 servare
3651 4203 3746 4243 ar-

2080 4294 2228 4333 cem.
2265 4274 2581 4332 Peculiaris
2626 4274 2785 4329 inter
2813 4273 2938 4328 hec
2968 4272 3301 4329 sollicitudo
3358 4279 3485 4329 erat
3540 4281 3744 4329 custo-

2080 4367 2222 4422 dum
2246 4364 2636 4438 imperatoriaa
2654 4363 3078 4436 suppellectilis
3099 4378 3163 4419 ac
3195 4362 3741 4435 pecuniaepublieaa,

2081 4473 2198 4528 quo
2223 4457 2511 4511 ferrentet
2533 4453 2629 4509 ubi
2653 4453 2882 4509 salvum
2902 4452 2959 4507 in
2985 4457 3111 4507 tuto
3125 4452 3484 4524 deponerent
3504 4456 3740 4509 tantum

2079 4560 2351 4600 acervum
2369 4560 2565 4600 rerum
2585 4541 3174 4615 pretiosissimarum,
3191 4542 3546 4609 quantumin
3573 4541 3740 4599 cistis

2079 4634 2382 4690 conditum
2417 4649 2731 4688 numerum
2764 4632 3031 4688 ferebant
3061 4631 3277 4703 partim
3310 4647 3497 4687 aureae
3528 4647 3738 4702 argen-

2078 4728 2303 4793 teosque
2321 4726 2590 4789 monetae,
2611 4719 2825 4792 partim
2854 4735 3120 4775 vasorum
3147 4736 3214 4775 ac
3234 4719 3487 4775 vestium
3511 4720 3743 4792 conspi-

2076 4828 2197 4866 cuas
2229 4810 2374 4866 artis
2405 4826 2472 4865 ac
2513 4809 2727 4881 pretiii.
2759 4809 3019 4864 Tandem
3072 4808 3157 4864 rei
3197 4814 3497 4864 momento
3554 4814 3613 4863 et
3643 4809 3738 4864 sui

2075 4900 2336 4971 ipsorum
2370 4898 2547 4954 ofﬁcii
2582 4897 2778 4953 debito
2819 4914 3129 4969 perpensa,
3163 4913 3409 4952 suarum
3442 4913 3572 4953 esse
3603 4913 3740 4969 par-

2076 4989 2224 5043 tium
2240 4987 2764 5044 statueruntvitam
2788 4987 2985 5058 potius
3005 4987 3359 5058 profundere
3374 5002 3550 5059 quam
3568 4990 3741 5042 tanto

2074 5078 2353 5134 thesauro
2386 5077 2442 5131 in
2480 5092 2693 5131 manus
2722 5075 2982 5131 hostium
3041 5075 3333 5131 tradendo
3368 5074 3738 5147 irreparabili

2074 5169 2289 5223 damno
2318 5165 2742 5237 rempublicam
2802 5165 3080 5237 afﬂigere.
3114 5164 3267 5220 Certi
3322 5181 3460 5237 ergo
3519 5169 3735 5220 conatu

2074 5256 2234 5313 omni
2270 5260 2449 5327 atque
2473 5254 2772 5310 industria
2813 5255 3167 5311 contendere
3226 5253 3286 5309 in
3346 5254 3736 5310 custodiendo

2074 5345 2218 5400 tanti
2251 5343 2423 5415 pretii
2476 5343 2741 5414 deposito
2790 5342 3047 5414 primum
3108 5342 3540 5415 pretiosissima
3568 5358 3733 5414 gem-

2074 5449 2200 5488 mas
2218 5438 2277 5488 et
2298 5432 2647 5503 margaritas
2674 5430 2821 5486 velis
2841 5432 3057 5503 quibus
3080 5435 3250 5486 erant
3277 5429 3513 5487 intextae
3535 5431 3728 5485 detra-

2069 5523 2297 5590 hentes,
2332 5536 2451 5575 una
2497 5536 2631 5576 cum
2691 5519 3058 5576 ornamentis
3113 5518 3514 5591 imperatoriis
3572 5525 3731 5575 eteo

2068 5611 2222 5682 quod
2254 5610 2313 5664 in
2342 5612 2465 5665 tota
2494 5625 2649 5681 penu
2672 5615 2799 5665 erat
2840 5607 3244 5680 exquisitioris
3275 5608 3470 5680 pretii,
3493 5609 3736 5663 abstru-

2069 5699 2701 5757 sissimisinfodientes
2723 5699 2833 5755 sub
2865 5703 3023 5755 terra
3059 5699 3557 5756 commendarunt
3585 5696 3734 5753 late-
