4112 6416
299 433 405 490 681

1373 426 1469 486 DE
1511 430 1883 487 MICHAELE
1920 430 2367 488 PALEOLOGO
2405 432 2541 486 LIB.
2584 434 2682 488 III.

3630 432 3737 490 682

304 562 478 635 ροῖτο,
503 555 765 631 πρόνοιαν
806 554 1055 632 φυλακῆς
1087 554 1329 610 ἐποίουν.
1380 556 1485 611 Καὶ
1519 553 1586 624 δὴ
1632 555 1823 620 λίθους
1874 556 1967 631 μὲν
1998 558 2051 625 Α
2080 555 2170 610 καὶ
2221 558 2518 631 χρήμασι,
2568 558 2658 611 καὶ
2706 556 3018 623 τούιθτεῦθεν
3064 565 3539 635 καθυπισχνοῦντο
3592 559 3741 634 σφίσι

307 647 544 707 ἐκείνους
600 646 689 700 καὶ
754 643 1071 720 μαργάρους
1122 649 1231 699 τῶν
1287 644 1516 699 πὲπλων
1566 646 1825 701 ἀπέσπων
1881 646 1971 699 καὶ

306 738 357 794 ἐν
403 737 593 814 ἀφανεῖ
635 735 1003 809 κατέκρυπτον
1066 734 1178 806 ἅμα
1230 734 1322 788 καὶ
1351 740 1467 796 τοῖς
1524 734 1822 810 βασιλείοις
1870 755 1971 810 φο-

311 827 526 905 ρὲμασι,
561 832 642 899 [Ρ.
686 827 809 896 457]
855 824 945 879 καὶ
1003 830 1105 878 πᾶν
1142 822 1195 878 εἶ’
1233 845 1284 877 τι
1337 823 1591 899 λαμπρὸν
1646 825 1737 878 καὶ
1788 824 1971 897 τίμιον

309 912 717 991 παραϐυοῦντες
768 911 1005 988 ἐτέρουν,
1056 912 1212 968 αὐτοὶ
1272 914 1324 967 εὶ
1377 914 1514 988 πρὸς
1570 918 1649 968 τῶ
1707 914 1970 986 πολεμεῖν

310 1008 447 1075 ἦσαν
480 1004 572 1058 σὺν
620 1008 735 1065 τοῖς
792 1000 1039 1072 λοιποῖς,
1088 1002 1178 1055 καὶ
1238 1002 1318 1079 ἐφ’
1376 1001 1501 1057 ὅσον
1559 998 1751 1076 ἴσχυον
1809 1023 1974 1079 παρεο

312 1096 660 1163 σκευάζοντο,
721 1090 933 1156 ἔνδόθεν
996 1090 1292 1167 βάλλοντες
1345 1090 1524 1163 τόξοις
1578 1110 1633 1145 τε
1680 1091 1768 1145 καὶ
1816 1112 1975 1168 σφεν-

313 1184 520 1246 δόναις.
546 1181 702 1239 Ἀλλ’
736 1181 835 1236 οὐκ
864 1180 1059 1249 ἤνυτον
1100 1181 1163 1235 τὸ
1193 1177 1468 1255 παράπαν·
1520 1185 1605 1252 τῷ
1635 1182 1740 1255 γὰρ
1772 1179 1975 1251 πλήθει

315 1276 367 1329 οἱ
424 1271 617 1348 ἐχθροὶ
675 1276 939 1344 περιῆσαν
974 1312 990 1341 ,
1053 1270 1144 1323 καὶ
1217 1269 1495 1342 κλίμακας
1569 1270 1979 1346 εὐτρεπίσαντες

316 1362 582 1419 ἐπιθεῖναι
639 1366 756 1420 τοῖς
810 1359 1048 1433 τείχεσιν
1110 1358 1445 1432 ἐπειρῶντοο
1498 1361 1817 1433 παρώτρυνε
1874 1361 1977 1434 γὰρ

316 1451 556 1511 ἐκείνους
605 1447 776 1506 πλέον
819 1447 909 1501 καὶ
940 1449 975 1516 ἡ
1006 1454 1111 1503 τῶν
1172 1447 1481 1522 χρημάτων
1524 1447 1599 1509 εἷς
1626 1453 1819 1523 χεῖρας
1853 1446 1977 1501 ὅσον

355 1540 381 1562 "
781 1538 813 1579 4·
882 1560 893 1575 κ
962 1535 1017 1591 ’λ
1067 1537 1113 1563 “
1280 1532 1476 1590 ὶέἒ¹⁹
1696 1538 1708 1555 ²
1890 1536 1940 1571 ’ν’

320 1562 474 1595 ουπω
524 1558 907 1614 γενησομνιω)
957 1557 979 1590 ε
1024 1557 1151 1603 πις,
1205 1556 1275 1590 κα
1376 1547 1631 1611 π-οριθον
1680 1558 1755 1598 ως
1801 1536 1979 1614 λαιμ-

321 1632 521 1700 ξοντες.
558 1628 736 1683 Ἀλλά
764 1631 931 1682 ταῦτα
979 1628 1074 1698 μὶν
1100 1626 1161 1679 τὸ
1195 1625 1338 1681 πολὺ
1388 1624 1623 1695 πλῆθος,
1671 1626 1750 1687 οἷς
1785 1625 1884 1680 οὐκ
1913 1626 1978 1695 ἦν

329 1719 470 1775 ἄλλο
520 1720 556 1789 ἢ
614 1719 676 1771 τὸ
728 1714 1028 1791 κερδαίνειν
1089 1713 1369 1792 προῦργου
1424 1714 1645 1777 παντός·
1706 1715 1757 1769 oi
1817 1713 1873 1770 δὲ
1924 1736 1983 1789 γε

323 1812 664 1884 προεστῶτες
697 1806 786 1861 καὶ
835 1806 913 1867 οἷς
958 1806 1024 1874 ἦν
1074 1808 1109 1874 ἡ
1160 1807 1365 1879 σκέψις,
1410 1805 1471 1858 τὸ
1525 1806 1617 1877 μὲν
1682 1803 1981 1875 κερδαίνειν

2077 646 2179 713 τήν
2218 643 2419 702 ἄδειαν.
2451 650 2573 708 Τοῖς
2608 645 2654 700 δ’
2688 649 2974 703 ἀκούσασιν
3025 653 3059 719 ἡ
3116 650 3293 726 βουλή
3346 647 3601 723 διάνδιχα
3649 648 3740 716 ἦν·

2078 739 2195 796 τοῖς
2242 735 2336 807 μὲν
2382 736 2485 809 γὰρ
2536 733 2712 791 ἐδόκει
2763 736 2994 811 διδόναι,
3046 740 3122 800 ὡς
3170 745 3414 813 κρεῖττον
3477 736 3533 793 ὅν
3583 738 3742 792 αὐτὸν

2081 824 2343 887 ὲκονυίως
2397 823 2652 889 ἐκδόντας
2708 827 2887 883 τᾶλλα
2944 835 3247 905 περιποιεῖν
3281 830 3316 897 ἣ
3353 830 3428 901 μὴ
3459 830 3747 893 θέλοντνας

2082 914 2217 989 πρὸς
2276 920 2356 985 τῷ
2415 912 2812 971 συναποϐαλεῖν
2871 918 3019 990 αὐτῷ
3073 919 3140 973 τὰ
3196 918 3366 973 πάντα
3418 919 3508 973 καὶ
3550 919 3745 981 αὐτοὺς

2083 1001 2406 1059 κινδυνεύειν
2439 1049 2451 1073 ,
2512 1006 2562 1059 οἳ
2617 1004 2673 1060 δὲ
2720 1008 2810 1061 τὸν
2848 1004 2904 1061 ἐκ
2954 1013 3050 1061 τοῦ
3112 1005 3380 1083 βασιλέως
3438 1007 3742 1063 ἀντετίΘουν

2084 1087 2276 1170 φόϐον,
2332 1096 2420 1147 καὶ
2472 1095 2551 1148 ὡσ
2608 1096 2986 1168 ὑπομονητὲον
3047 1094 3264 1172 ἔλεγον·
3322 1097 3467 1173 τάχα
3509 1099 3611 1173 γὰρ
3645 1099 3743 1153 κά-

2082 1184 2255 1238 κεῖθεν
2306 1184 2746 1257 προσαποστελεῖ
2788 1184 3017 1259 δύναμιν
3077 1186 3243 1260 (μηδὲ
3297 1189 3399 1261 γὰρ
3440 1187 3740 1259 ἀμελήσειν

2082 1272 2255 1327 τόσων
2314 1275 2648 1347 χρημάτων)
2714 1274 2803 1329 καὶ
2852 1271 3264 1351 προσδοηθήσει
3328 1272 3417 1330 διὰ
3472 1276 3747 1347 θαλάσσης

2084 1362 2172 1415 καὶ
2206 1363 2342 1434 ἡμῖν
2374 1362 2637 1437 ἐπαμυνεῖ
2671 1364 2762 1417 τὸν
2812 1361 3083 1420 κίνδυνον.
3116 1365 3177 1420 Εἰ
3213 1363 3259 1417 δ’
3291 1365 3407 1434 οὗν,
3458 1364 3606 1419 ἀλλά
3642 1368 3745 1434 τὴν

2090 1454 2188 1503 τοῦ
2239 1450 2473 1505 σουλτάν
2502 1454 2748 1529 κεφαλὴν
2805 1453 3180 1526 ἀποτεμόντας
3230 1446 3331 1522 ἔξω
3378 1458 3473 1507 τοῦ
3522 1455 3749 1529 τείχους

2086 1544 2202 1601 τοῖς
2234 1540 2459 1617 ἐχθροῖς
2500 1540 2731 1618 ῥιπτεῖν,
2766 1542 2840 1605 ὡς
2866 1543 2900 1611 ἢ
2929 1540 3366 1618 καραδόκήσασιν
3403 1544 3749 1617 ἀποχωρεῖν,

2087 1630 2121 1698 ἢ
2178 1629 2528 1702 ὁρμηθέντων
2576 1630 2870 1703 ἀμῦνεσθαὶ
2920 1634 3071 1703 ἡμᾶς
3126 1632 3371 1705 ἀντὲχειν
3422 1628 3527 1693 ἕως
3583 1635 3753 1695 θανά-

2088 1740 2207 1787 του,
2239 1721 2328 1773 καὶ
2371 1718 2407 1788 ἢ
2441 1724 2575 1775 Θεοῦ
2619 1740 2724 1774 που
2771 1720 3026 1795 συνεργίᾳ
3065 1722 3442 1795 περιγενέσθαι
3473 1722 3507 1791 ἢ
3540 1720 3761 1776 πίπτειν

2092 1811 2224 1885 ὑπὲρ
2254 1816 2354 1878 τῆς
2402 1810 2478 1873 εἰς
2527 1809 2755 1885 βασιλέα
2802 1811 3058 1873 πίστεως.
3109 1815 3285 1866 Ταῦτα
3338 1810 3754 1886 βουλευομένων

327 1897 460 1959 τοὺς
492 1896 711 1952 ἐκείνων
742 1897 833 1950 καὶ
866 1894 1057 1967 ἔξωθεν
1091 1893 1150 1948 ἐκ
1178 1900 1279 1964 τῆς
1324 1893 1515 1969 χώρας
1568 1895 1716 1968 εἶχον
1758 1892 1980 1967 ἕτοιμον
2016 1929 2064 1996 Β
2094 1898 2304 1973 ἐκράτει
2339 1900 2435 1971 μὲν
2463 1901 2497 1968 ἡ
2523 1897 2746 1973 δευτέρα
2798 1902 2994 1974 βουκή,
3054 1906 3332 1975 καρτερεῖν
3384 1901 3474 1955 καὶ
3534 1897 3610 1955 ἔτι
3664 1900 3755 1956 ὲκ-

327 1984 384 2041 ὅν
417 1988 506 2041 καὶ
555 1985 724 2041 ῖπλὲον
770 1983 806 2053 ἤ
850 1986 948 2053 τὴν
1000 1988 1146 2060 σφῶν
1206 1982 1487 2056 ἐμπιπλᾷν
1545 1982 1857 2056 ἐπιθυμίαν,
1891 1983 1988 2037 αὗ-

325 2076 453 2138 τοὺς
483 2074 528 2130 δ’
579 2076 625 2131 εί
656 2075 944 2150 ἀστοχοῖεν
989 2077 1095 2128 τῶν
1146 2072 1195 2145 ἐξ
1248 2074 1427 2148 ἀρχῆς
1482 2074 1857 2151 προκειμένων
1898 2073 1987 2149 γε·

328 2165 482 2221 λωτα
537 2162 723 2242 ὅφλειν
783 2162 1074 2236 ἐνόμιζον.
1136 2163 1290 2219 Ὀθεν
1340 2160 1431 2216 καὶ
1490 2162 1802 2236 πέμψαντες
1857 2163 1991 2235 μετά

326 2257 425 2325 τὴν
478 2254 810 2329 παράστασιν
856 2257 962 2307 τῶν
1007 2250 1197 2307 δεινῶν
1243 2250 1334 2306 καὶ
1372 2251 1435 2306 τὸ
1481 2249 1649 2324 δεῖξαι
1699 2251 1772 2313 ὡς
1815 2251 1990 2306 ἱκανοί

331 2342 432 2398 είσι
464 2342 839 2418 περιγενέσθαι
881 2342 969 2396 καὶ
1023 2337 1175 2395 πᾶντ¹
1218 2334 1389 2415 ἔχειν,
1445 2340 1527 2414 ἐφ’
1579 2338 1653 2394 ἐνὶ
1700 2344 1778 2411 τῷ
1828 2339 1990 2396 σουλ-

330 2432 424 2487 τάν
454 2432 515 2487 τὸ
546 2435 652 2487 πᾶν
694 2431 926 2503 ἐτίθουν,
956 2431 1045 2485 καὶ
1094 2428 1337 2503 ἀπῄτουν
1388 2427 1591 2483 ἐκεῖνον
1647 2430 1759 2501 ἅμα
1790 2428 1907 2503 λαῷ
1935 2451 1992 2485 τε

337 2632 485 2691 bris.
519 2629 637 2702 Ipsi
670 2629 754 2684 sic
776 2626 1030 2701 expediti
1062 2627 1441 2683 accinxerunt
1472 2643 1533 2683 se
1581 2642 1714 2683 cum
1765 2626 1990 2682 caeteris

336 2726 404 2782 ad
431 2739 609 2796 quam
644 2719 963 2777 fortissime
994 2716 1403 2792 pugnandum,
1434 2719 1763 2791 iaculantes
1813 2717 1991 2774 simul

334 2829 541 2870 omnes
572 2827 603 2866 e
634 2809 823 2866 muris
855 2810 913 2863 in
937 2811 1378 2880 oppugnatores
1396 2807 1653 2863 arcubus
1679 2812 1735 2863 et
1756 2804 1989 2876 fundis;

336 2917 677 2973 quanquam
709 2899 769 2953 in
801 2898 911 2954 hoc
939 2898 1175 2969 quidem
1222 2897 1605 2968 proﬁciebant
1637 2914 1864 2969 parum,
1891 2898 1991 2952 ob-

338 2995 543 3047 ruente
578 2987 962 3044 multitudine
997 2986 1145 3042 281
1183 2985 1467 3054 hostium,
1501 2984 1601 3050 qui
1633 2985 1809 3041 etiam
1844 3003 1993 3056 prae-

343 3077 565 3151 paratis
579 3074 752 3132 scalis
771 3075 829 3130 in
847 3090 1048 3130 muros
1063 3072 1291 3130 insilire
1308 3075 1697 3130 conabantur.
1728 3074 1995 3129 Addebat

344 3167 498 3223 enim
531 3166 840 3221 ruentibus
874 3162 1064 3219 calcar
1095 3163 1239 3219 odor
1276 3163 1674 3219 subemanans
1714 3167 1890 3220 tanta:
1933 3162 1993 3219 in

2099 1986 2436 2061 δεχομένους
2473 1989 2750 2063 βοήθειαν,
2799 1989 2887 2043 καὶ
2937 1995 3054 2051 τοῖς
3101 1990 3195 2062 μὶν
3248 1987 3347 2061 ἔξω
3399 1990 3623 2064 ἀναρτᾷν
3657 1989 3755 2044 ἐλο

2096 2074 2258 2137 πίδας
2316 2077 2391 2139 ὡς
2443 2073 2854 2146 ἐκδωσείοντας,
2910 2076 3107 2133 αὐτοὺς
3163 2074 3219 2131 δὲ
3271 2078 3526 2150 μένοντας
3586 2079 3641 2131 εὗ
3686 2078 3757 2132 τὰ

2097 2165 2236 2219 κατὰ
2291 2170 2424 2242 σφᾶς
2480 2166 2554 2226 ὡς
2610 2166 2729 2220 οἷόν
2780 2187 2838 2220 τε
2894 2167 3179 2234 τίθεσθαι,
3238 2166 3310 2227 ὡς
3368 2165 3754 2239 ἀνθεξομὲνους

2102 2253 2332 2319 ἐφ’ὅσον
2376 2254 2621 2330 παρείκει
2678 2255 2769 2308 καὶ
2827 2258 2902 2328 μὴ
2964 2254 3217 2329 βοηθείας
3273 2255 3552 2332 φανείσής.
3606 2255 3669 2309 Εἰ
3703 2253 3760 2323 δὲ

2100 2340 2460 2399 κινδυνεύοιεν
2530 2340 2778 2398 πλεόνων
2856 2339 3251 2418 ἐπιϐρισάντων
3318 2348 3427 2398 τῶν
3494 2345 3758 2420 χαλεπῶν

2102 2431 2346 2506 κεφαλήν
2384 2433 2604 2505 μὲντοῦ
2656 2430 2889 2487 σουλτάν
2949 2433 3075 2507 μήτ’
3135 2432 3416 2487 ἐκκόπτειν
3478 2436 3619 2506 μήτε
3680 2434 3761 2510 ῥι-

2104 2645 2235 2684 nem
2290 2645 2423 2684 cum
2476 2627 2690 2702 pepuio
2732 2632 2787 2683 et
2831 2627 3080 2700 pecunia
3113 2626 3418 2696 dederent,
3458 2629 3567 2702 ipsi
3613 2630 3759 2686 salvi

2102 2716 2333 2774 abirent
2364 2734 2479 2788 quo
2514 2718 2740 2784 liberet,
2775 2718 2969 2774 omnis
3001 2718 3072 2773 ab
3106 2734 3168 2773 se
3210 2716 3491 2774 molestiae
3542 2720 3759 2775 securi.

2107 2806 2203 2861 His
2237 2806 2485 2861 Romani
2516 2805 2734 2862 auditis
2751 2806 2810 2861 in
2830 2807 2978 2862 duas
2997 2824 3059 2863 se
3090 2808 3421 2863 contrarias
3439 2810 3763 2866 sententias

2105 2895 2426 2950 sciderunt.
2461 2895 2825 2963 Quibusdam
2866 2896 3178 2952 videbatur
3207 2897 3601 2968 praestabilius
3635 2900 3763 2953 dari

2106 2982 2257 3039 ultro
2290 2988 2519 3040 mature
2553 2984 2709 3055 quod
2742 3000 2876 3041 mox
2906 2987 3377 3057 extorquendum
3424 2986 3478 3040 vi
3529 2994 3673 3054 erat,
3708 2993 3767 3043 et

2105 3074 2388 3129 beneficio
2420 3073 2661 3130 exitium
2695 3074 2978 3130 redimere
3009 3090 3140 3130 cum
3165 3076 3277 3131 sibi
3296 3079 3422 3130 tum
3455 3076 3528 3131 iis
3549 3077 3769 3148 pariter

2108 3164 2479 3235 impendens,
2532 3180 2661 3234 qua:
2710 3164 2894 3219 stulta
2943 3181 3123 3237 supra
3169 3166 3323 3220 vires
3374 3164 3769 3222 obstinatione

343 3254 672 3328 propinquo
705 3268 771 3309 ac
807 3252 976 3325 quasi
1009 3252 1121 3307 sub
1153 3267 1395 3307 manum
1429 3250 1690 3324 pecuniae
1716 3252 1996 3321 jacentis,
2028 3283 2070 3349 Β
2112 3253 2262 3308 tueri
2295 3253 2737 3308 contenderent.
2772 3253 2860 3308 Ab
2893 3253 2985 3309 his
3016 3254 3116 3309 alii
3146 3254 3596 3323 dissentiebant,
3631 3272 3768 3312 con-

340 3345 510 3415 cujus
557 3343 766 3415 opimae
822 3342 1062 3412 objectae
1112 3341 1380 3397 faucibus
1427 3357 1493 3396 ac
1556 3342 1724 3413 quasi
1780 3340 1995 3396 famem

341 3434 541 3490 afﬂato
568 3449 636 3488 ex
665 3431 855 3487 vicina
888 3430 1090 3485 nidore
1124 3429 1464 3501 proritsntis
1505 3430 1812 3486 confestim
1849 3427 1999 3485 abli-

338 3522 637 3596 guriendae
670 3521 909 3577 admota
960 3520 1167 3591 praeda;
1217 3535 1351 3590 spes
1400 3520 1659 3574 immane
1712 3524 1999 3591 quantum

344 3610 741 3683 rapacissima
774 3609 991 3681 gentis,
1022 3612 1145 3663 toto
1178 3607 1403 3663 dudum
1436 3607 1567 3663 nisu
1604 3606 2003 3663 incumbentis

344 3701 417 3755 ad
447 3699 951 3772 perrumpendum
1010 3695 1241 3770 quidvis
1271 3697 1534 3766 obstans,
1566 3697 1730 3752 novis
1752 3694 2004 3752 cumulis

345 3790 562 3845 furoris
578 3788 991 3844 inﬂammabat
1006 3786 1282 3856 impetus.
1300 3786 1389 3841 Eas
1406 3790 1602 3842 tamen
1619 3785 2003 3858 cogitationes

346 3886 513 3934 erant
551 3877 710 3950 vulgi
763 3876 1047 3932 duntaxat
1098 3874 1345 3931 minoris
1396 3891 1461 3930 ac
1503 3874 1776 3930 militaris
1824 3872 2003 3940 faecis,

348 3968 580 4023 lucrum
612 3966 900 4023 intuentis
925 3980 1134 4032 unum,
1168 3981 1233 4021 eo
1252 3969 1463 4020 cuncta
1496 3963 1824 4035 referentis,
1846 3968 2008 4020 extra

344 4057 406 4113 id
441 4056 588 4112 nihil
621 4070 974 4128 magnopere
1007 4054 1285 4110 curantis.
1323 4053 1450 4109 Alia
1479 4054 1814 4109 sentiebant
1855 4054 2003 4125 opti-

351 4150 542 4202 mates
582 4162 649 4201 ac
694 4146 894 4210 duces,
950 4159 1203 4216 quorum
1275 4142 1514 4199 arbitrio
1558 4143 2008 4199 deliberationes

351 4234 855 4291 concludebantur
886 4240 942 4288 et
972 4233 1235 4306 regimen
1266 4232 1599 4289 vertebatur
1642 4231 2006 4289 universum.

353 4324 473 4381 llos
503 4322 795 4396 cupiditas
822 4322 1061 4379 inhians
1093 4326 1149 4378 et
1177 4339 1362 4379 avarae
1393 4339 1526 4390 spes
1556 4322 1615 4378 in
1646 4322 1828 4394 hujus
1858 4324 2011 4378 arcis

353 4412 797 4486 oppugnatione
830 4429 947 4468 non
976 4412 1276 4479 tenebant,
1313 4411 1479 4467 facile
1511 4412 1717 4484 utique
1749 4414 2012 4469 videntes

354 4502 578 4559 affatim
629 4507 793 4558 extra
835 4506 1098 4573 prostare
1155 4517 1258 4572 per
1322 4501 1619 4573 regionem
1676 4501 2012 4558 universam

358 4589 686 4661 spoliorum
719 4606 785 4646 ac
818 4590 1046 4662 praedae,
1079 4606 1207 4660 quae
1240 4594 1406 4660 raptu
1441 4594 1847 4662 congestuque
1873 4590 2014 4647 faci-

2109 3345 2200 3397 tra
2232 3340 2591 3398 disserentes
2617 3343 2735 3398 ista
2761 3358 2889 3414 quae
2925 3344 2996 3398 ab
3029 3342 3297 3398 hostibus
3330 3343 3509 3399 exitia
3542 3348 3770 3401 metue-

2106 3437 2327 3501 rentur,
2357 3432 2583 3503 justius
2618 3433 2689 3488 ab
2713 3432 3064 3503 imperatore
3089 3432 3462 3489 formidanda
3487 3458 3501 3501 ;
3526 3435 3623 3503 qui
3649 3435 3771 3489 uti-

2107 3534 2221 3592 que
2254 3522 2436 3592 ipsos,
2479 3522 2528 3576 si
2553 3520 2815 3592 jnratam
2844 3521 3017 3577 fidem
3044 3525 3263 3577 terrore
3295 3523 3634 3592 abjecerint,
3656 3540 3772 3580 me-

2110 3609 2241 3664 ritis
2267 3608 2464 3681 legum
2497 3610 2805 3682 suppliciis
2836 3614 3205 3666 mactaturus
3236 3609 3387 3667 288
3432 3612 3529 3667 sit.
3575 3615 3765 3677 Quare

2110 3697 3143 3755 aiebantoblirmandumanimumin
3160 3699 3470 3755 resistendi
3495 3708 3770 3758 constan-

2110 3786 2214 3853 tia,
2247 3789 2304 3842 et
2344 3787 2633 3860 patienter
2681 3789 3106 3860 exspectandas
3149 3790 3350 3861 capias
3399 3789 3767 3861 imperatoris

2111 3872 2256 3948 ipsis
2275 3875 2402 3931 sine
2420 3875 2601 3933 dubio
2620 3894 2735 3933 non
2757 3879 2837 3933 ita
2855 3878 3040 3933 multo
3064 3882 3198 3950 post
3217 3879 3432 3934 auxilio
3449 3886 3763 3949 venturas;

2113 3982 2229 4021 non
2261 3964 2418 4020 enim
2453 3964 2854 4037 neglecturum
2885 3966 3233 4037 prudentem
3268 3967 3590 4039 principem
3635 3974 3771 4024 tan-

2112 4061 2231 4111 tam
2266 4070 2433 4110 suam
2467 4054 2777 4126 pecuniam
2808 4069 3060 4119 servare,
3095 4054 3280 4109 missa
3309 4058 3550 4111 strenue
3583 4057 3770 4113 classe

2115 4161 2243 4216 quas
2271 4148 2505 4217 patente
2536 4142 2684 4198 mari
2717 4142 2933 4198 auxilia
2955 4143 3518 4213 portaretobsidioni
3538 4145 3767 4201 solven-

2116 4236 2201 4289 das
2233 4233 2588 4289 suffectura:
2622 4232 2679 4287 id
2713 4230 2801 4286 vel
2833 4232 2883 4286 si
2937 4231 3182 4297 deforet,
3234 4248 3470 4287 censere
3502 4250 3632 4290 sese
3665 4238 3771 4291 ab-

2118 4324 2371 4380 scissum
2403 4321 2656 4378 sultanis
2689 4324 2863 4392 caput
2894 4320 2965 4375 ad
2999 4320 3198 4376 hostes
3242 4338 3272 4376 e
3306 4337 3474 4376 muro
3524 4339 3777 4395 superne

2112 4412 2459 4484 jactandum
2486 4429 2498 4467 :
2528 4414 2629 4467 aut
2658 4409 2813 4465 enim
2848 4424 2997 4481 quos
3028 4408 3109 4465 ibi
3139 4410 3493 4466 detinuisset
3537 4420 3778 4468 eatenus

2122 4502 2337 4574 cupida
2383 4499 2739 4571 exspectatio
2790 4498 3108 4569 recipiendi
3144 4498 3420 4563 sultanis,
3472 4502 3780 4572 desperato

2118 4593 2241 4662 jam
2272 4592 2400 4661 ejus
2431 4588 2545 4644 voti
2576 4589 2782 4643 eti'ectu
2818 4588 3105 4645 recessuri
3127 4590 3435 4645 confestim
3465 4594 3650 4658 erant,
3678 4598 3779 4648 aut

356 4680 474 4735 lior
503 4679 574 4734 ad
606 4678 1059 4736 exsaturandam
1091 4677 1471 4749 quantamvis
1500 4679 1835 4735 aviditatem
1868 4680 2013 4735 satis
2044 4662 2089 4725 Π
2121 4678 2264 4752 ipsis
2292 4677 2538 4733 irritatis
2570 4676 2744 4731 amici
2774 4676 2928 4732 caede
2957 4679 3013 4731 et
3044 4676 3252 4733 saevius
3284 4678 3341 4733 in
3375 4694 3480 4733 nos
3513 4679 3583 4734 ad
3604 4679 3777 4735 ultio-

361 4772 541 4826 esset.
593 4769 706 4824 Sed
754 4784 821 4824 eo
872 4767 1262 4824 movebantur
1309 4767 1466 4837 quod
1517 4768 1902 4839 providebant
1931 4784 2019 4835 se,

363 4857 483 4914 nisi
514 4858 810 4914 destinata
828 4859 1194 4931 perlicerent,
1224 4857 1409 4912 risum
1428 4856 1730 4913 debituros
1748 4857 2019 4930 impune-

369 4963 485 5018 que
512 4948 632 5003 fore
662 4946 937 5003 ludibrio.
972 4948 1161 5013 Quare
1189 4947 1259 5002 ad
1286 4946 1461 5001 ﬁnem
1494 4947 1865 5019 propositum
1898 4963 2018 5003 rec-

365 5040 489 5091 tam
541 5036 694 5092 hanc
742 5052 871 5092 esse
911 5037 1067 5092 viam
1137 5036 1271 5101 reti,
1338 5035 1595 5103 territos,
1645 5040 1855 5108 utpar
1899 5040 2025 5092 erat

366 5125 627 5196 credere,
649 5131 933 5198 apparatu
957 5129 1135 5196 atque
1156 5122 1476 5181 insultibus
1500 5125 1708 5197 primis
1728 5126 2022 5181 Romanos

370 5215 649 5271 custodes
666 5215 820 5270 arcis
849 5230 951 5287 per
972 5218 1162 5270 certos
1188 5213 1458 5270 homines
1477 5218 1801 5285 tentarunt,
1821 5214 2027 5271 admo-

373 5308 581 5361 nentes
607 5305 767 5361 haud
798 5322 927 5363 esse
955 5306 1115 5378 ipsos
1147 5305 1496 5373 resistendo,
1530 5309 1586 5362 et
1617 5305 1761 5361 satis
1783 5322 1888 5377 pro
1921 5322 2029 5361 sua

372 5394 694 5465 prudentia
721 5395 917 5452 videre
943 5411 1116 5467 posse
1145 5395 1600 5451 Constantinum
1633 5398 1689 5450 et
1732 5394 2029 5450 Tocharos

375 5483 547 5539 facile
577 5485 856 5557 perﬁcere
873 5484 1028 5557 quod
1058 5487 1226 5539 erant
1246 5484 1532 5558 aggressi,
1564 5489 1621 5540 et
1639 5499 1832 5540 arcem
1850 5500 2029 5540 unam

374 5571 553 5627 istam
587 5588 620 5627 a
648 5573 828 5628 fundo
859 5573 1113 5628 diruere.
1158 5571 1541 5629 Consulerent
1587 5571 1769 5645 igitur
1817 5573 1928 5628 sibi
1978 5576 2035 5629 et

376 5662 604 5717 cladem
650 5662 924 5718 ultimam
977 5665 1208 5716 matura
1275 5679 1380 5718 nec
1441 5662 1717 5718 indecora
1766 5662 2035 5732 pactione

378 5754 816 5822 praeverterent.
851 5755 966 5807 Has
999 5750 1157 5823 leges
1188 5751 1635 5824 compositionis
1658 5751 1778 5808 fore
1801 5767 1815 5807 :
1842 5751 2035 5808 Bulta-

704 5869 967 5930 ΡΑτιωι..
1014 5865 1123 5926 Gn.
1171 5865 1428 5930 CXLIII.

2127 4784 2257 4825 nem
2291 4766 2673 4839 expetendam
2708 4766 3039 4835 ruentibus,
3072 4767 3389 4838 optabilem
3421 4770 3590 4825 nobis
3612 4786 3783 4825 occa-

2128 4858 2356 4915 sionem
2388 4857 2592 4912 datum
2615 4855 2687 4909 iri
2702 4853 2791 4910 vel
2810 4854 2944 4911 fidei
2973 4872 3112 4927 erga
3132 4855 3548 4929 imperatorem
3573 4864 3783 4914 nostras

2130 4948 2289 5005 obita
2338 4963 2441 5021 pro
2490 4963 2556 5002 eo
2606 4946 2925 5017 pugnando
2988 4949 3175 5001 morte
3238 4946 3637 5018 obsignandre,
3698 4949 3787 5005 vel

2131 5038 2423 5111 gloriosae,
2458 5035 2507 5092 si
2534 5039 2689 5090 Deus
2721 5034 3034 5105 adjuverit,
3063 5036 3337 5091 victoriae.
3372 5036 3537 5093 Talia
3568 5038 3668 5093 ubi
3703 5038 3792 5094 al-

2135 5130 2428 5183 tercantes
2477 5124 2751 5195 utrinque
2800 5122 3147 5194 aliquandiu
3208 5125 3535 5194 jactarunt,
3595 5130 3789 5184 media

2134 5215 2374 5271 tandem
2401 5212 2694 5269 sententia
2723 5210 3048 5282 praevaluit,
3073 5212 3395 5268 decernens
3419 5232 3793 5287 perseveran-

2137 5305 2281 5360 dum
2308 5302 2500 5359 adhuc
2527 5306 2583 5357 et
2607 5302 3067 5371 exspectandum
3088 5300 3372 5357 auxilium
3397 5303 3790 5376 imperatoris,

2140 5410 2245 5450 nec
2259 5398 2454 5448 tamen
2469 5391 2639 5463 plane
2654 5390 3081 5461 precidendam
3097 5390 3254 5446 hosti
3267 5392 3585 5449 deditionis
3603 5412 3792 5466 spem,

2143 5484 2287 5556 quin
2319 5497 2449 5537 eam
2482 5480 2678 5552 potius
2710 5478 2982 5535 alendam
3002 5478 3298 5536 industria
3322 5481 3796 5555 etsimulatione,

2143 5588 2260 5644 quo
2291 5570 2403 5643 ipsi
2437 5567 2878 5639 suspendantur
2907 5568 3144 5637 animis,
3185 5574 3243 5625 et
3268 5570 3543 5626 extreniis
3574 5576 3800 5644 tempe-

2144 5664 2343 5717 rantes
2375 5657 2684 5714 conatibus
2708 5672 2770 5712 re
2795 5656 2855 5711 in
2880 5657 3122 5730 longum
3145 5662 3335 5714 tracta
3358 5658 3543 5714 otium
3568 5660 3807 5718 auxiliis

2148 5753 2489 5807 nostrorum
2506 5745 2622 5802 huc
2640 5761 2704 5802 se
2729 5745 3077 5803 admovendi
3094 5747 3396 5818 prebeant
3418 5764 3432 5803 :
3454 5748 3631 5805 rebus
3652 5749 3809 5809 inte-

3409 5867 3490 5924 22
