4112 6460
353 432 461 487 683

1665 424 1965 480 GEORGII
2005 417 2468 474 PACHYMERE

3675 422 3784 478 684

354 555 529 612 πτείν·
589 549 920 631 παραϐόλων
971 555 1075 628 γὰρ
1137 551 1344 627 ἀνδρῶν
1405 551 1494 606 καὶ
1556 549 1908 614 θανατώντων
1947 543 2093 615 τὸΑ
2127 539 2515 617 ἐπιγενομένης
2541 543 2752 631 ἡμέρας
2789 541 2878 596 καὶ
2937 540 3188 620 δευτέρας
3247 545 3383 616 μετά
3435 546 3535 614 τὴν
3594 550 3783 621 πρᾶξιν

354 645 626 718 τόλμημα
657 647 816 717 εἶναι,
846 645 909 698 τὸ
942 642 986 698 δ’
1019 643 1070 698 ἐν
1105 640 1365 703 σπονδαῖς
1410 637 1732 695 ἀποδιδόναι
1777 641 1878 692 τοῦ
1911 636 2017 690 σώ-

359 741 540 804 ζεσθαι
596 735 663 788 τὰ
722 734 891 788 Λοιπά
940 727 1208 787 εὐϐούλου
1257 729 1418 806 ἐγγυς
1461 727 1740 806 προνοίας.
1791 726 2017 785 Τούτοις

353 822 812 899 συγκροτηθέντες
855 827 974 886 τοῖς
1031 820 1218 896 λόγοις
1266 821 1544 892 πέμπουσι
1601 820 1702 887 τὴν
1746 816 2012 891 ταχίστην

349 912 439 966 καὶ
477 913 867 986 ὑπισχνοῦνται
924 909 1395 986 βουλευσαμένους
1430 911 1492 980 [Ρ
1527 909 1648 979 158]
1700 904 1781 984 ἐφ’
1829 904 2012 959 ἰκανὸν

351 997 582 1068 ἐξανύειν
616 997 645 1051 ὅ
692 1019 742 1052 τι
779 1003 1009 1066 ζητοῖεν.
1064 995 1162 1050 Καὶ
1215 995 1282 1064 ἦν
1331 995 1423 1068 μὶν
1468 991 1782 1065 αὐθημερὸν
1815 993 1850 1060 ἡ
1882 991 2012 1044 ἀνα-

349 1090 533 1162 κωχή,
566 1087 626 1141 ού
663 1089 769 1159 μὴν
795 1085 961 1140 δὲκαὶ
987 1083 1042 1148 ἐς
1060 1084 1227 1139 πλέον
1251 1083 1470 1160 ἡφίουν,
1495 1079 1622 1136 ἀλλ’
1653 1078 2014 1155 ἐπολιόρκουν

349 1176 675 1236 κυκλοῦντες
731 1175 818 1229 καὶ
873 1175 1058 1248 μάχην
1117 1192 1379 1248 καρτεραν
1433 1171 1720 1237 συνίστων,
1779 1170 1915 1242 πρὸς
1947 1167 2013 1237 ἤν

349 1267 398 1319 οἱ
459 1265 609 1328 ἐντὸς
655 1264 904 1339 ἀντέχειν
956 1261 1451 1336 κατηναγκάζοντο.
1508 1259 1609 1314 Καὶ
1660 1257 1834 1319 πολὺς
1885 1258 2008 1327 ἦνῆ

345 1354 395 1423 ἐξ
440 1354 766 1427 ἀμφοτέρων
824 1348 954 1426 ἔρις.
1015 1358 1101 1413 Ὡς
1161 1348 1208 1405 δ’
1273 1351 1323 1404 o't
1377 1347 1528 1410 ἐντὸς
1585 1345 1696 1418 ἤδη
1747 1349 2007 1416 ἠσθένουν

343 1443 431 1496 καὶ
467 1445 494 1496 ὁ
525 1441 771 1504 κίνδυνος
819 1444 886 1512 ἦν
938 1444 1075 1496 κατὰ
1115 1438 1383 1516 κεφαλῆς,
1433 1434 1822 1514 πρεσϐεύονται
1881 1456 2009 1510 παρ’

341 1531 576 1594 ἐκείνους
608 1533 642 1601 ἧ
681 1534 789 1605 μῆν
819 1529 1114 1600 ἐκδιδόναι,
1142 1529 1290 1598 πλὴν
1327 1529 1414 1605 ὐφ’
1469 1531 1657 1604 ὅρκοις
1705 1532 1822 1588 τοῖς
1872 1527 2010 1580 κατά

341 1625 475 1675 Θεοῦ
504 1621 592 1674 mi
620 1621 778 1674 θείων
811 1621 922 1693 (καὶ
974 1619 1073 1695 γὰρ
1124 1619 1260 1694 πρὸς
1305 1619 1400 1673 τὸν
1451 1621 1854 1673 Κωνσταντῖνον
1898 1612 2010 1669 διε-

345 1710 641 1782 μηνύοντο)
703 1708 961 1782 ἀσφαλῶς
1035 1708 1360 1782 γενομένοις.
1424 1705 1582 1763 Οὕτω
1655 1699 2006 1778 διαπρεσϐευ-

339 1798 588 1870 σάμενοι,
641 1797 1081 1853 κατανευσάντων
1138 1796 1424 1864 κάκείνων,
1483 1795 1571 1849 ἐπὶ
1632 1800 1760 1848 πᾶσι
1822 1797 2005 1868 χρῶν-

340 1893 536 1959 ταιτῷ
576 1887 746 1942 ἐκεῖσε
798 1889 1067 1963 ἀρχιερεῖ,
1110 1889 1176 1943 Ὀ
1210 1883 1266 1940 δὲ
1311 1887 1411 1955 τὴν
1471 1885 1749 1954 ἱερατικὴν
1801 1881 2003 1951 στολὴν
2036 1902 2083 1968 Β

341 1974 514 2042 ένδὸς,
548 1971 731 2030 λαϐὼν
777 1976 872 2038 τὰς
924 1975 1066 2039 θείας
1107 1974 1339 2042 εἰκόνας,
1391 1972 1482 2027 σὺν
1531 1971 1690 2026 παντῖ
1740 1992 1797 2025 τε
1845 1968 2006 2040 ἔξεισι

338 2063 535 2139 κλήρῳ
583 2065 673 2119 καὶ
722 2065 869 2139 παρά
913 2065 1003 2120 τὸν
1058 2069 1456 2119 Κωνσταντῖνον
1498 2062 1725 2137 γίνεται.
1787 2061 1885 2117 Καὶ
1935 2057 2002 2128 δὴ

334 2152 696 2208 τελεσθέντων
753 2159 861 2208 τῶν
923 2153 1100 2227 ὅρκων
1155 2153 1260 2208 ὑπὸ
1313 2156 1429 2223 Θεῷ
1487 2150 1573 2205 καὶ
1626 2155 1705 2222 τῷ
1765 2147 1999 2223 ἴεράρχῃ

334 2240 523 2311 εἴσεισι
577 2241 669 2314 μὲν
703 2243 731 2296 ὁ
763 2241 1073 2316 ἀρχιερεὺς,
1131 2241 1328 2296 ἐκεῖνοι
1361 2238 1405 2294 δ’
1438 2238 1594 2303 εὐθὺς
1639 2238 1729 2293 καὶ
1769 2236 2001 2292 σουλτάν

330 2331 420 2383 καὶ
451 2330 624 2384 πάντα
665 2331 732 2385 τά
763 2329 970 2384 ἐκείνου
1001 2329 1092 2383 σὺν
1139 2335 1257 2391 τοῖς
1307 2328 1444 2405 ἀμφ’
1492 2328 1652 2383 αὐτὸν
1702 2323 1998 2396 ἐκδιδοῦσι,

331 2419 421 2472 καὶ
457 2418 644 2473 αὐτίκα
681 2418 996 2494 ἀνεχώρουν
1051 2413 1330 2487 λαϐόντες,
1387 2414 1549 2490 μηδὲν
1614 2415 1778 2487 ἀλλο,
1829 2436 1998 2489 προσ-

330 2507 620 2572 ἐπιθέντες·
649 2508 784 2576 ἦσαν
816 2509 918 2584 γὰρ
963 2509 1029 2562 τὰ
1075 2512 1183 2561 τῶν
1236 2507 1412 2582 ὅρκων
1519 2508 1627 2578 μὴν
1676 2505 1767 2559 τὸν
1811 2504 1994 2569 ,σουλ-

325 2598 425 2651 τάν
472 2593 737 2658 λαϐόντας
794 2598 1139 2671 ἀρκεσθῆναι,
1204 2594 1374 2669 μηδὲν
1432 2595 1728 2671 πράξοντας
1788 2592 1983 2648 πλέον.

327 2682 489 2740 Ἀλλ’
538 2687 612 2747 ὡς
653 2684 816 2754 ἔοικε,
844 2685 906 2740 τὸ
959 2680 1235 2762 μοιρίδιον
1285 2685 1534 2760 ἰσχυρόν,
1586 2680 1680 2738 κᾶν
1715 2681 1745 2737 ὅ
1773 2704 1826 2737 τι
1863 2682 1990 2758 βου-

328 2773 581 2830 λεύσαιτό
655 2796 737 2837 τις
813 2776 1188 2850 ἀντιπεριστᾷν
1246 2774 1309 2829 τὸ
1371 2773 1666 2849 μόρσιμον.
1723 2778 1832 2841 Τῆς
1887 2771 1988 2848 γὰρ

325 2971 437 3026 rim
471 2971 690 3028 nostris
717 2988 894 3044 quam
913 2971 1037 3026 ﬁeri
1059 2971 1270 3044 poterit
1291 2970 1509 3042 optime
1528 2969 1979 3041 providendum,

323 3066 389 3116 ut
419 3077 597 3132 quam
623 3061 958 3116 diutissime
987 3060 1351 3130 resistemus,
1370 3060 1638 3114 tardante
1665 3062 1981 3129 quantum-

321 3149 463 3205 libet
493 3149 748 3216 auxilio;
797 3166 862 3206 ac
911 3149 961 3205 si
1012 3148 1100 3206 vis
1153 3149 1382 3204 interea
1429 3150 1620 3218 major
1667 3146 1976 3220 ingruerit,

323 3255 630 3310 nunquam
663 3255 729 3294 eo
755 3243 951 3295 tamen
987 3237 1420 3294 deveniendum
1452 3240 1518 3292 ut
1548 3241 1651 3292 aut
1671 3237 1977 3293 abscinda-

321 3345 454 3383 mus
471 3332 575 3384 aut
589 3327 972 3399 projiciamus
998 3326 1252 3384 sultanis
1269 3331 1449 3398 caput
1470 3343 1484 3382 :
1507 3343 1645 3382 nam
1666 3327 1720 3381 id
1744 3325 1974 3382 facinus

317 3421 472 3472 esset
501 3421 716 3473 temere
734 3417 1053 3473 furentium
1071 3417 1356 3472 etinsana
1381 3414 1789 3486 desperatione
1813 3431 1972 3471 mor-

317 3509 432 3558 tem
467 3504 580 3559 sibi
629 3504 1077 3576 vituperabilem
1136 3504 1586 3561 accersentium.
1629 3507 1765 3571 Qua:
1797 3521 1970 3576 porro

317 3595 506 3663 quoad
533 3594 685 3650 vires
707 3592 1097 3664 suppetierint
1124 3594 1456 3650 defenderis
1493 3594 1742 3664 fortiter,
1769 3610 1856 3661 ea,
1881 3592 1970 3650 vel

315 3682 514 3752 potius
547 3681 823 3752 reliquias
855 3698 1057 3738 eorum
1077 3683 1744 3756 semiconsumptorum,
1765 3684 1968 3739 defen-

315 3769 477 3825 sione
526 3770 655 3843 ipsa
703 3772 1130 3842 extremosjam
1180 3771 1521 3829 discrimine
1568 3777 1814 3846 urgente
1863 3790 1967 3844 pro

315 3858 505 3913 saluto
536 3876 602 3914 ac
621 3860 809 3931 capite
833 3861 1372 3933 pacisci,sapientis
1391 3863 1566 3918 affine
1586 3863 1965 3934 providentiae

311 3953 600 4003 censetur.
638 3949 699 4003 In
728 3949 851 4005 haec
877 3956 1108 4006 decreta
1134 3951 1232 4006 ubi
1265 3969 1467 4007 omnes
1499 3952 1963 4022 consensissent,

310 4037 554 4092 mittunt
583 4038 785 4092 statim
821 4039 921 4110 qui
947 4040 1218 4095 hostibus
1252 4041 1601 4112 promittant
1624 4042 1878 4096 facturos
1902 4057 1964 4097 se

303 4127 459 4197 quod
494 4127 962 4198 239juberent,
988 4133 1302 4201 postquam
1326 4130 1608 4201 aliquam,
1636 4131 1964 4186 cessatione

302 4216 704 4287 oppugnandi,
721 4216 967 4272 liberam
983 4217 1127 4289 ipsis
1141 4217 1235 4272 ind
1249 4218 1614 4274 ulsissentad
1629 4219 1962 4274 consultan-

299 4305 439 4358 dum
474 4321 722 4360 moram.
755 4305 1054 4361 Concessa
1087 4308 1145 4360 in
1179 4323 1360 4360 unum
1387 4305 1556 4362 illum
1590 4306 1747 4362 diem
1780 4307 1957 4384 indu.

297 4392 421 4459 ciae,
452 4410 602 4464 quas
643 4409 778 4448 cum
830 4393 1073 4463 produci
1123 4393 1553 4464 postulassent,
1603 4395 1750 4451 nihil
1804 4395 1958 4450 ultra

294 4482 614 4552 impetrare
629 4481 942 4537 valuerunt
959 4481 1118 4553 :quin
1136 4484 1331 4554 potius
1349 4484 1442 4539 die
1457 4483 1656 4540 statim
1672 4489 1956 4556 sequente

294 4569 450 4625 omni
468 4587 536 4624 ex
559 4575 721 4640 parte
749 4570 1266 4628 vehementissime
1289 4573 1613 4645 Oppugnati
1640 4590 1877 4629 summa
1898 4575 1949 4629 vi

2125 631 2400 709 φαίνονται
2460 630 2597 686 κατά
2651 629 2923 687 θάλασσαν
2970 633 3060 687 καὶ
3093 635 3145 688 αί
3200 637 3297 688 τοῦ
3351 633 3622 709 βασιλέως
3663 657 3786 710 τρι-

2123 723 2296 795 ήρεις.
2332 721 2436 777 Καὶ
2496 721 2549 774 αἱ
2585 721 2679 793 μὲν
2735 720 2859 776 ὅσον
2917 719 3070 776 οὔπω
3129 722 3409 798 ἐνώρμουν
3469 724 3608 800 πρὸς
3664 732 3786 790 τοῖς

2124 807 2332 882 λιμέσι,
2369 814 2486 871 τοῖς
2539 807 2596 863 δὲ
2647 809 2915 883 μετέμελε
2957 816 3067 866 τῶν
3121 807 3468 883 συμϐάντων.
3501 812 3658 870 Ἀλλ’
3684 815 3784 869 οὐκ

2121 898 2270 973 εἶχόν
2301 919 2354 952 τι
2384 897 2638 973 πράττειν
2691 898 2835 953 οὕτω
2880 899 3206 976 γενομένων.
3251 901 3314 955 τὸ
3369 903 3472 977 γὰρ
3527 901 3775 975 ἐπιμηθῆ

2125 986 2450 1060 μεταμέλειν
2492 989 2580 1057 ἦν,
2633 986 2760 1043 ἀλλ’
2821 987 2920 1042 οὐκ
2981 988 3190 1059 ἐξανύοι
3218 989 3280 1043 τὸ
3313 989 3568 1046 σύνολον.
3625 994 3780 1047 Ὅθεν

2119 1077 2206 1130 καὶ
2244 1076 2357 1131 ἐπεὶ
2411 1075 2511 1131 οὐκ
2561 1076 2714 1151 εἶχον
2747 1077 3189 1151 μεταμελόμενοι
3219 1080 3280 1132 τὸ
3311 1080 3541 1154 γεγονὸς
3582 1083 3785 1152 ἀποίη-

2118 1185 2208 1218 τον
2268 1171 2461 1238 θεῖναι,
2514 1166 2603 1220 ἐπὶ
2655 1171 2772 1227 τοῖς
2832 1167 3084 1241 χρήμασι
3127 1168 3223 1222 τοῦ
3280 1169 3558 1245 ἀσφαλοῦς
3607 1171 3785 1245 πρού-

2119 1254 2300 1327 νόουν,
2335 1256 2412 1327 μὴ
2445 1255 2534 1309 καὶ
2593 1253 2680 1309 ἐπὶ
2738 1254 2959 1318 τούτοις
3013 1257 3286 1333 σφαλεῖεν.
3337 1258 3782 1338 Ἑπεπλήμμυρε

2115 1343 2216 1418 γὰρ
2265 1344 2356 1399 καὶ
2413 1341 2500 1399 ἔπι
2551 1345 2578 1398 ὁ
2607 1343 2777 1406 τόπος
2835 1343 3045 1420 ἐχθρῶν
3109 1344 3630 1423 διασκεγαννυμένου
3680 1355 3780 1406 τοῦ

2114 1432 2383 1502 πλήθους,
2434 1437 2523 1506 Τῷ
2579 1453 2667 1488 τοι
2723 1433 3048 1511 καταντικρὺ
3108 1437 3202 1508 μὲν
3255 1443 3355 1506 τῆς
3408 1438 3626 1502 πόλεως
3684 1441 3783 1504 τάς

2112 1524 2358 1596 τριήρεις
2408 1521 2637 1592 ἔστησαν
2699 1523 2982 1600 φέροντες,
3043 1530 3232 1603 στῖφος
3291 1523 3338 1580 δ’
3397 1526 3641 1584 ὁπλιτῶν
3703 1529 3781 1592 ὡς

2111 1617 2300 1686 τεῖχος
2359 1611 2442 1688 ἐφ’
2498 1611 2724 1686 ἑκάτερα
2772 1614 3062 1682 στήσαντες
3111 1613 3284 1679 οὕτως
3340 1614 3528 1691 ἐξῆγον
3558 1617 3626 1672 τὰ
3671 1623 3781 1674 τῶν

2116 1699 2412 1775 βασιλείων
2467 1701 2796 1774 χρημάτων,
2856 1701 2947 1755 καὶ
3005 1705 3258 1778 φέροντες
3315 1710 3434 1767 ταῖς
3491 1708 3775 1783 τριήρεσιν

2113 1788 2475 1857 ἐναπετίθουν.
2557 1789 2729 1852 Τέλος
2789 1787 2845 1845 δὲ
2902 1791 2993 1845 καὶ
3077 1791 3231 1846 αὐτοὶ
3317 1789 3582 1866 ἐμϐάντες
3641 1797 3770 1852 ἀπέ-

2111 1876 2311 1933 πλεον.
2369 1878 2519 1934 Ἐπεὶ
2569 1876 2627 1932 δὲ
2685 1875 2987 1934 κατέλαϐον
3041 1881 3142 1948 τὴν
3197 1884 3770 1941 Κωνσταντινούπολιν

2114 1967 2204 2021 καὶ
2255 1972 2335 2040 τῷ
2394 1967 2612 2043 βασιλεῖ
2667 1967 3007 2044 ἠγγέλλοντο
3062 1969 3130 2024 τὰ
3193 1983 3530 2046 πραχθεντα,
3591 1975 3774 2029 αὐτίκ’

2114 2055 2318 2118 ἐκεῖνος
2376 2055 2516 2131 πρός
2567 2058 2667 2126 τήν
2717 2055 2980 2132 ἀγγελίαν
3031 2059 3383 2131 παροξυνθεὶς
3425 2058 3655 2137 ἄσχετος
3704 2064 3772 2132 ἦν

2109 2150 2188 2216 τῷ
2219 2144 2377 2219 θυμῷ
2407 2145 2498 2200 καὶ
2539 2142 2686 2200 δεινά
2730 2145 2927 2203 ἐποίει.
2978 2146 3078 2203 Καὶ
3112 2145 3178 2216 δὴ
3211 2149 3303 2203 τὸν
3360 2151 3452 2223 μὲν
3505 2153 3769 2228 ἀρχιερέα

2110 2233 2186 2296 εἷς
2242 2235 2340 2302 τήν
2400 2236 2547 2308 παρᾶ
2601 2241 2701 2304 τῆς
2757 2233 3090 2306 Ἐκκλησίας
3147 2236 3319 2306 κρίσιν
3376 2239 3626 2311 καθίστα,
3676 2243 3770 2297 καί

2110 2321 2371 2398 ἐκρίνετο,
2427 2321 2519 2377 καὶ
2577 2323 2736 2398 ἐγγὺς
2790 2323 2930 2392 ἦλθε
2986 2329 3082 2380 τοῦ
3137 2322 3467 2382 κινδυνεύειν
3527 2328 3604 2391 εἷς
3660 2332 3762 2400 τήν

2108 2409 2244 2466 ἰδίαν
2302 2412 2578 2484 ἐπιτιμίαν
2659 2412 2732 2473 ὡς
2789 2418 2909 2474 τοῖς
2986 2421 3281 2490 πραχθεῖσι
3372 2414 3761 2490 μεσολαϐήσας

2104 2500 2328 2563 ἐκεῖνος·
2387 2500 2515 2564 τοὺς
2581 2503 2763 2574 μέντοι
2813 2503 2864 2576 γ’
2927 2502 3222 2566 οἶκείουςὸ
3257 2505 3512 2580 βασιλεὺς
3573 2511 3766 2581 μαστί-

2103 2594 2194 2664 ξας
2256 2594 2344 2646 καὶ
2405 2591 2480 2653 ὡς
2532 2591 2600 2659 ἦν
2648 2612 2978 2666 γυναικειαις
3036 2593 3316 2666 ἀτιμώσας
3372 2595 3596 2659 στολαῖς
3653 2598 3762 2655 ἀπὸ

2100 2681 2401 2754 προσώπου
2453 2683 2512 2754 [Ρ
2564 2682 2687 2754 159]
2738 2679 2928 2736 ἐποίει·
2967 2680 3065 2736 Καὶ
3122 2683 3342 2757 πέμψας
3387 2687 3482 2749 τὰς
3535 2686 3630 2758 μὲν
3664 2692 3762 2742 τοῦ

2100 2767 2333 2824 σουλτάν
2385 2769 2459 2831 εἷς
2506 2775 2734 2844 γυναῖκα
2791 2768 2880 2824 καὶ
2926 2770 3213 2846 θυγατέρα,
3268 2767 3346 2828 ἔτι
3408 2773 3464 2828 δὲ
3511 2776 3597 2830 καὶ
3636 2798 3755 2850 μη-

2092 2966 2304 3022 tinum.
2336 2966 2570 3022 Nullam
2615 2967 2708 3022 die
2736 2983 2959 3023 moram
2993 2967 3130 3024 fecit
3175 2971 3598 3042 promissorum
3628 2990 3661 3028 a
3691 2991 3754 3030 se

2089 3056 2265 3111 ﬁdem
2296 3055 2411 3112 Deo
2443 3061 2594 3112 teste
2623 3056 2928 3112 sanciendi
2951 3060 3250 3131 conceptis
3271 3061 3380 3117 rite
3397 3062 3612 3131 verbis,
3633 3063 3747 3119 sub

2089 3145 2436 3200 auctoritate
2469 3161 2535 3200 ac
2557 3150 2704 3200 nutu
2735 3147 2993 3219 episcopi
3026 3150 3353 3219 praesentis.
3385 3152 3650 3214 Quicum
3673 3153 3748 3208 ad

2089 3250 2231 3289 suos
2264 3233 2557 3304 rediisset,
2581 3233 2778 3290 statim
2805 3235 2907 3307 qui
2931 3253 3125 3292 arcem
3147 3239 3429 3294 tenebant
3451 3239 3749 3296 sultanem

2089 3323 2444 3379 dimiserunt
2506 3339 2639 3378 cum
2689 3324 2815 3379 suis
2861 3326 3037 3380 rebus
3092 3327 3320 3382 cunctis
3354 3328 3750 3400 universaque

2077 3411 2270 3483 ipsius
2302 3411 2607 3468 comitatu.
2641 3412 2720 3468 Eo
2744 3421 2972 3486 recepto
2999 3415 3306 3471 confestim
3330 3416 3531 3474 hostes
3559 3434 3755 3476 reces-

2077 3505 2304 3569 serunt,
2329 3500 2477 3556 nihil
2500 3500 2758 3572 amplius
2781 3502 3136 3560 facessentes
3157 3504 3442 3561 molestiae
3467 3525 3480 3563 :
3506 3511 3743 3564 cautum

2074 3589 2233 3645 enim
2267 3590 2619 3648 sacramenti
2649 3591 2906 3647 formula
2938 3592 3154 3649 diserte
3187 3594 3378 3650 fuerat
3408 3600 3475 3650 ut
3505 3596 3738 3654 sultane

2072 3679 2220 3751 ipsis
2251 3680 2468 3736 tradito
2518 3679 2777 3736 contenti
2811 3679 2956 3736 nihil
2992 3681 3147 3737 ultra
3195 3684 3584 3755 requirerent.
3617 3686 3741 3742 Hoc

2073 3774 2284 3826 eventu
2301 3771 2578 3844 apparuit
2593 3769 2992 3826 ineluctabilis
3011 3769 3194 3826 divini
3213 3773 3430 3829 decreti
3449 3777 3739 3846 potentia,

2073 3859 2165 3914 cui
2194 3860 2418 3916 frustra
2447 3861 2732 3916 obsistere
2746 3864 2992 3916 conetur
3009 3861 3097 3916 vis
3119 3877 3187 3917 ac
3206 3863 3517 3933 prudentia
3549 3881 3741 3935 quan-

2071 3949 2244 4005 tavis.
2282 3950 2378 4005 Die
2428 3949 2719 4021 sequenti,
2772 3950 3033 4006 secunda
3082 3951 3154 4005 ab
3203 3967 3272 4006 ea
3322 3967 3438 4023 qua
3494 3953 3733 4010 deditus

2071 4036 2270 4092 sultan
2300 4042 2412 4105 est,
2447 4041 2734 4109 apparent
2761 4037 2819 4091 in
2854 4038 3002 4092 mari
3025 4039 3297 4094 triremes
3321 4041 3728 4112 imperatoris;

2069 4143 2318 4197 quarum
2338 4125 2590 4198 appulsu
2609 4125 2798 4182 vicino
2818 4131 3047 4182 tantum
3071 4129 3318 4199 nonjam
3341 4129 3727 4187 subeuntium

2067 4222 2302 4286 portum
2336 4217 2492 4272 240
2534 4231 2664 4271 sera
2697 4215 2978 4271 festinata
3020 4217 3336 4272 deditionis
3377 4220 3730 4290 pmnitentia

2065 4304 2475 4375 imperatorias
2506 4305 2744 4360 invasit.
2797 4306 2907 4360 Sed
2942 4322 3070 4376 qua
3111 4306 3266 4362 facta
3314 4313 3483 4363 erant
3513 4309 3734 4366 infecta

2062 4393 2187 4448 ﬁeri
2221 4394 2563 4465 nequibant.
2606 4397 2752 4449 Cum
2799 4411 2932 4464 ergo
2965 4394 3125 4450 aliud
3187 4413 3301 4451 non
3335 4403 3598 4468 possent,
3651 4416 3727 4456 ne

2059 4482 2484 4555 supellectilem
2515 4487 2573 4539 et
2604 4483 2914 4555 pecuniam
2947 4484 3318 4556 imperatoris
3341 4503 3372 4543 e
3398 4488 3581 4544 tantis
3600 4492 3725 4546 tam

2057 4588 2208 4644 aegre
2239 4573 2523 4628 hactenus
2556 4572 2834 4644 periculis
2877 4579 3136 4629 servatas
3167 4573 3229 4629 in
3275 4575 3474 4647 aliquo
3524 4578 3726 4636 adhuc

287 4659 615 4716 resistendo
649 4661 1001 4716 contendere
1031 4665 1172 4717 sunt
1203 4664 1411 4718 coacti.
1435 4667 1733 4720 Certatum
1753 4665 1941 4719 utrin-
1974 4648 2020 4712 D
2054 4661 2397 4717 discrimine
2416 4661 2839 4734 relinquerent,
2875 4664 3080 4735 utique
3102 4664 3161 4719 in
3182 4665 3420 4735 regione
3439 4666 3717 4724 hostibus

285 4767 401 4820 que
433 4750 572 4805 totis
605 4748 854 4819 viribus,
888 4752 1082 4821 quoad
1125 4753 1253 4822 jam
1304 4753 1646 4808 fatiscentes
1699 4753 1948 4820 obsessi,

285 4844 342 4894 et
374 4840 642 4894 futurum
675 4838 828 4896 clare
864 4845 1171 4896 cernentes
1206 4846 1269 4896 ut
1298 4858 1433 4896 mox
1474 4843 1950 4913 opprimerentur

286 4927 637 4998 praevalente
672 4929 1076 4998 multitudine,
1110 4931 1346 4986 mittunt
1385 4931 1624 4986 tandem
1658 4931 1758 5003 qui
1779 4933 1947 4988 dedi-

284 5017 503 5072 tionem
533 5017 966 5089 pollicerentur,
999 5035 1067 5074 ea
1092 5023 1290 5075 tamen
1317 5019 1674 5091 conditione,
1707 5021 1755 5077 si
1781 5022 1944 5093 prius

280 5105 338 5160 in
374 5111 542 5176 pacta
575 5111 858 5164 conventa
879 5107 1308 5179 jusjurandum
1341 5108 1602 5165 solemne
1626 5127 1727 5182 per
1756 5110 1941 5167 Deum

275 5199 331 5249 et
361 5194 558 5250 divina
588 5195 696 5250 rite
728 5196 798 5250 ab
833 5197 1321 5268 oppugnantibus
1351 5197 1606 5253 daretur.
1631 5199 1708 5254 Ea
1730 5197 1942 5272 legatio

280 5282 501 5338 directa
530 5284 600 5338 ad
633 5285 1082 5341 Constantinum
1117 5291 1229 5355 est,
1269 5286 1509 5358 quicum
1533 5289 1801 5344 securius
1824 5293 1944 5345 tra-

277 5371 424 5426 ctari
475 5387 646 5443 posse
693 5371 1040 5439 videbatur;
1110 5391 1226 5447 quo
1294 5375 1655 5432 assentiente
1705 5375 1940 5445 oblatis,

276 5461 453 5516 etiam
505 5461 577 5516 de
627 5461 853 5516 consilii
905 5467 964 5517 et
1012 5463 1230 5520 ducum
1291 5465 1577 5522 exercitus
1627 5466 1939 5536 sententia,

276 5549 577 5606 adhibitus
610 5551 681 5605 ad
722 5550 1052 5619 juramenti
1095 5555 1501 5610 caeremoniam
1549 5554 1660 5611 loci
1691 5556 1940 5611 antistes

274 5637 672 5707 pontificalem
697 5639 946 5693 indutus
971 5639 1206 5707 stolam,
1229 5659 1426 5698 sacras
1443 5643 1734 5717 imagines
1758 5661 1936 5700 manu

274 5729 536 5797 gestans,
570 5744 704 5783 cum
727 5743 832 5783 suo
853 5729 1124 5784 universo
1148 5730 1300 5786 clero
1320 5732 1537 5803 prodiit
1559 5735 1630 5788 ad
1655 5735 1934 5789 Constan-

2062 4751 2254 4822 iisque
2286 4752 2688 4824 rapacissimis
2719 4753 3106 4818 redundante,
3128 4755 3412 4812 ordinatis
3445 4756 3726 4830 utrinque

2059 4841 2118 4894 in
2153 4841 2351 4897 binarn
2387 4841 2598 4897 seriem
2631 4843 2704 4897 ab
2732 4859 2862 4898 arce
2883 4842 2942 4896 in
2967 4847 3200 4913 portum
3225 4844 3517 4902 militibus
3535 4864 3729 4904 arma-

2057 4930 2133 4984 tis
2176 4930 2369 5001 regias
2419 4929 2552 4986 illas
2601 4947 2769 5002 gazas
2815 4932 3147 4986 eduxerunt
3186 4932 3723 5009 imposueruntque

2063 5019 2442 5088 triremibus,
2472 5023 2600 5074 tum
2629 5037 2807 5092 super
2835 5019 3017 5091 etipsi
3037 5025 3500 5080 conscendentes
3521 5024 3718 5082 solve-

2055 5117 2209 5165 runt.
2240 5109 2381 5164 Inde
2413 5107 2515 5163 ubi
2537 5107 2892 5180 appulerunt
2907 5111 3501 5184 Constantinopolim,
3517 5115 3717 5186 cogni-

2052 5199 2130 5253 tis
2171 5198 2495 5270 imperator
2533 5215 2662 5270 quae
2715 5198 3089 5271 contigerant
3132 5200 3393 5258 immane
3426 5211 3721 5274 quantum

2053 5287 2390 5342 excanduit.
2420 5287 2500 5341 Ac
2529 5285 2854 5342 antistitem
2888 5287 3127 5358 quidem
3161 5289 3233 5344 ad
3257 5289 3517 5347 tribunal
3539 5291 3725 5348 eccle-
3783 5347 3786 5349 _

2053 5375 2361 5432 siasticum
2412 5392 2578 5431 reum
2631 5375 2804 5446 fecit;
2856 5393 3187 5448 parumque
3237 5378 3427 5434 abfuit
3480 5381 3626 5451 quin
3671 5381 3725 5437 is

2052 5469 2260 5524 acerbo
2313 5467 2605 5539 supplicio
2657 5466 2846 5523 lueret
2876 5468 3238 5526 functionem
3271 5471 3487 5543 recepti
3510 5472 3723 5543 jusju-

2051 5557 2239 5612 randi.
2275 5557 2639 5613 Domesticos
2665 5557 2904 5630 quidem
2939 5574 3081 5614 suos
3113 5559 3186 5614 ab
3217 5559 3346 5616 [Eni
3377 5576 3510 5616 arce
3533 5561 3716 5618 redu-

2049 5662 2169 5713 ces,
2202 5646 2367 5717 prius
2398 5645 2750 5718 ﬂagellatos,
2797 5646 2937 5702 inde
2980 5647 3373 5705 muliebribus
3403 5650 3472 5705 ad
3505 5665 3715 5722 expro-

2051 5735 2377 5791 brationem
2407 5735 2648 5806 ignaviae
2671 5736 3094 5793 dehonestatos
3117 5737 3308 5804 stolis,
3336 5755 3369 5793 a
3391 5745 3714 5812 conspectu
