4112 6416
302 452 413 507 685

1384 456 1482 509 DE
1524 454 1894 509 MICHAELE
1933 454 2379 514 PALBOLOGO
2414 462 2550 515 LIB.
2592 467 2690 519 III.

3623 477 3736 530 686

305 575 434 648 τέρα
462 575 553 630 καὶ
585 573 826 653 ἀδελφὴν
876 575 1228 649 ταττομένας,
1260 577 1348 632 καὶ
1393 577 1522 640 τοὺς
1579 579 1786 634 ἐκείνου
1836 584 1962 633 παῖ·
1993 578 2049 644 Α
2080 583 2349 659 ἀπέλεγον
2414 589 2489 659 μὴ
2555 593 2734 659 ζητεῖν
2767 608 2779 658 ;
2812 591 2900 645 καὶ
2958 591 3011 646 τί
3057 614 3116 668 γε
3155 592 3297 649 ἄλλο
3328 594 3363 664 ἢ
3395 598 3453 650 σὲ
3502 599 3591 652 καὶ
3646 598 3739 660 τὰς

309 663 403 727 δας
435 665 527 719 σὺν
557 670 673 727 τοῖς
704 666 828 741 περὶ
859 666 1096 731 ἐκείνευς
1134 665 1328 723 ἅπασιν
1382 668 1619 743 εἱρκταῖς
1673 670 1967 749 ἀσφαλέσιν

307 752 509 812 ἐδίδου.
560 758 719 809 Ὅσον
783 752 831 809 δ’
888 757 954 825 ἦν
1010 756 1195 830 ἐκείνῳ
1256 758 1473 827 πλῆθος
1522 764 1852 834 ’χρημάτων
1914 760 1966 815 ἐν

308 845 534 920 ἀργύρῳ
590 866 649 901 τε
703 846 792 900 καὶ
850 851 1040 922 χρυσῷ
1096 847 1187 902 καὶ
1234 847 1467 910 πέπλοις
1498 849 1768 923 ἐξάλλοις,
1802 850 1879 906 ἔτι
1913 849 1971 906 δὲ

307 936 397 990 καὶ
458 932 682 997 στολαῖς
740 936 831 990 καὶ
893 937 1114 1004 ζώναις,
1166 936 1314 993 ἀλλὰ
1368 938 1457 993 καὶ
1521 942 1822 1015 μαργάροις
1877 940 1967 996 καὶ

306 1023 508 1096 λίθοις,
539 1024 810 1097 πάμπολυ
854 1026 935 1097 ὃν,
970 1026 1044 1088 ὡς
1079 1027 1228 1104 φασὶ,
1261 1029 1353 1082 καὶ
1403 1029 1585 1083 ἱκανὸν
1634 1029 1712 1092 εἷς
1756 1033 1964 1105 τρυφὴν

310 1115 606 1189 Περσικὴν,
638 1118 717 1186 τῷ
746 1119 919 1186 κοινῷ
946 1115 1181 1189 ταμιείῳ
1210 1118 1665 1192 προσανατίθησι.

374 1224 385 1240 1
457 1225 478 1242 ον

304 1224 405 1285 xq'.
457 1224 663 1301 ’ᾨπως
712 1220 1004 1301 ὑπεᾷέξατο
1146 1227 1495 1301 πατριάρχης
1540 1224 1801 1301 ,ἐλθόντα
1876 1226 1969 1282 τὸν

476 1292 730 1368 βασιλέα,
758 1294 848 1348 καὶ
886 1292 1005 1367 μεθ’
1038 1294 1167 1349 ὅσου
1196 1292 1554 1373 ἐλέγχόῦκαὶ
1590 1298 1784 1369 ζήλου.

374 1386 438 1456 [Ρ
475 1386 595 1454 160]
653 1384 797 1445 Τέως
854 1380 932 1451 δὲ,
992 1383 1257 1459 πρότερον
1317 1385 1354 1455 ἢ
1402 1391 1569 1441 ταῦτα
1620 1388 1965 1463 γεγενῆσθαι,

312 1471 427 1528 ἐπεὶ
486 1472 716 1535 πολῦςὸ
769 1475 1121 1548 πατριάρχης
1176 1473 1409 1529 κωλύων
1458 1477 1525 1545 ἦν
1586 1478 1677 1531 τὸν
1742 1476 1969 1552 βασιλέα

311 1562 447 1616 κατὰ
500 1562 841 1634 Χριστιανῶν
898 1561 1266 1636 ἐκστρατεύειν
1328 1562 1401 1624 ὡς
1464 1562 1563 1617 οὐκ
1639 1561 1969 1633 εὐοδήσοντα

310 1651 527 1713 πάντως
560 1649 864 1728 ἐμφυλίους
895 1655 1149 1705 κινοῦντα
1196 1651 1505 1725 πολέμους,
1537 1652 1661 1707 τότε
1716 1654 1790 1726 μή
1834 1657 1971 1710 κατὰ

308 1736 513 1817 τρόπον
586 1739 872 1816 βασιλικὸν
935 1744 1003 1815 τῇ
1056 1742 1467 1797 Κωνσταντίνου
1536 1742 1967 1816 ἐπιδημήσαντι,

308 1833 388 1901 τῷ
452 1828 674 1903 μεγάλῳ
730 1834 835 1901 νεῷ
888 1828 1165 1884 ἐπιστάντι
1222 1829 1303 1907 ἐφ’
1344 1832 1388 1902 ᾦ
1445 1839 1818 1905 προσκυνῆσαι
1876 1833 1966 1887 καὶ

2079 673 2175 734 σὰς
2208 671 2463 747 δυνάμεις
2525 676 2599 739 εἷς
2658 679 2845 753 μάχην
2906 686 2985 751 τῷ
3044 679 3281 754 δεσπότᾳ
3333 685 3570 761 Μιχαὴλ
3604 686 3738 741 ἰέναι

2076 763 2167 816 καὶ
2197 770 2315 827 τοῖς
2348 765 2556 821 ἐκείνου
2598 769 3035 841 στρατεύμασινς
3072 770 3177 846 οὐχ
3228 774 3341 845 ἅμα
3392 776 3454 827 σὺ
3517 775 3610 847 μὲν
3660 780 3740 846 τῷ

2077 857 2319 925 Χριστοῦ
2402 855 2776 929 ἐνεσημάνθης
2861 857 3091 931 ὀνόματι
3185 862 3436 927 κάκεῖνος
3525 864 3736 940 λάτρης

2077 944 2526 1017 Χριστοῦςτίσιν
2579 948 2823 1018 εὐκτέον,
2860 947 3046 1026 ἔλεγον
3094 951 3238 1022 τότε,
3292 959 3585 1017 ποιοῦντας
3637 959 3734 1021 τὰς

2076 1032 2152 1093 εἷς
2202 1036 2329 1088 Θεὸν
2380 1036 2602 1106 ἱκεσίας,
2632 1038 2721 1091 καὶ
2774 1039 2909 1092 κατὰ
2951 1042 3114 1094 τίνων
3150 1040 3450 1114 ὁμιλητέον
3480 1050 3595 1117 Θεῷ
3654 1047 3729 1108 ὡς

2076 1121 2386 1178 ἐκσπόνδων
2436 1125 2647 1199 ἐχθρῶν
2684 1149 2697 1197 ;
2731 1129 2785 1180 ai
2834 1128 2964 1203 ὑπὲρ
3023 1129 3183 1201 ἡμῶν
3240 1131 3400 1205 εὐχαὶ
3444 1136 3531 1187 καὶ
3596 1135 3728 1210 ὑπὲρ

2076 1210 2293 1267 ἐκείνων
2356 1216 2595 1285 πάντως,
2632 1213 2925 1291 ἐπειδήπερ
2979 1218 3068 1272 καὶ
3124 1226 3249 1290 μιᾶς
3313 1220 3553 1297 μάνδρας
3612 1224 3729 1277 ἐστὲ

2074 1305 2170 1355 τοῦ
2225 1304 2482 1377 Χριστοῦ.
2518 1309 2620 1357 Νῦν
2669 1302 2747 1375 δὲ,
2782 1303 2909 1361 ἀλλ’
2955 1306 3257 1382 εὐλογητὸς
3318 1310 3513 1385 Κύριος
3555 1314 3583 1366 6
3634 1312 3731 1388 ῥυ-

2076 1391 2308 1463 σάμενὸς
2372 1414 2427 1446 σε
2478 1392 2528 1463 ἐξ
2580 1394 2796 1468 ἐχθρῶν
2869 1395 3102 1468 ἀνόμων.
3156 1400 3431 1455 Ἐπέσεισε
3482 1403 3585 1477 γάρ
3646 1425 3729 1458 σοι

2077 1482 2237 1556 σφέας
2268 1481 2345 1557 ἐφ’
2380 1482 2530 1557 ᾧπερ
2585 1484 2648 1555 [Ρ
2682 1486 2805 1556 161]
2861 1484 3162 1556 ἀναμνῆσαι
3224 1489 3297 1549 ὡς
3348 1488 3439 1553 οὓς
3500 1492 3594 1561 μέν
3656 1493 3731 1554 ὡς

2076 1569 2309 1645 ἐχθροὺς
2361 1571 2592 1641 ἐζήτεις,
2645 1573 2747 1627 οὐκ
2804 1574 3121 1649 έχοραντέοι
3182 1576 3395 1639 πάντως
3483 1578 3731 1643 δικαίως.

2074 1662 2209 1735 Ὅρα
2241 1658 2298 1715 δὲ
2347 1660 2475 1722 τοὺς
2523 1661 2781 1737 ἐχθροὺς,
2816 1663 2866 1717 εἷ’
2918 1663 3131 1738 βούλει,
3169 1667 3249 1728 οἷς
3311 1668 3410 1721 οὐκ
3467 1667 3527 1721 ἂν
3561 1670 3731 1741 ὁμόσε

2077 1751 2377 1822 χωρήσεις,
2408 1752 2474 1819 ἢν
2514 1751 2589 1822 μή
2624 1749 2728 1826 ἐγὼ
2760 1750 3001 1823 θέλοιμι.
3037 1751 3243 1824 Ἐδειξε
3262 1757 3445 1810 τοίνυν
3479 1757 3567 1811 καὶ
3606 1758 3734 1821 τοῦς

2076 1836 2326 1912 ἐχθροὺς,
2378 1839 2469 1893 καὶ
2531 1834 2777 1913 φοϐήσας
2840 1840 3002 1913 μόνον
3063 1839 3384 1913 μεταϐαλὼν
3445 1845 3727 1921 ἐρρύσατο.

310 1915 606 1972 ἀποδοῦναι
665 1918 733 1973 τὰ
783 1925 885 1986 τῆς
962 1918 1316 1993 εὐχαριστίας
1387 1919 1567 1995 ῥύσια,
1611 1920 1888 1976 κατελθὼν
1940 1924 1967 1976 6
1999 1944 2046 2008 B
2078 1925 2268 1989 Οὕτως
2300 1925 2410 1982 οἶδε
2441 1928 2643 2001 Κύριος
2672 1928 2910 2003 κρίματα
2960 1935 3154 1989 ποιῶν.
3195 1958 3220 1983 υ
3260 1936 3440 1989 Ταῦτα
3473 1915 3577 1989 -τ-Οὖ
3626 1957 3732 1990 πα-

311 2006 661 2081 πατριάρχης
734 2006 980 2076 ὠνείδιζέ
1047 2029 1105 2063 τε
1179 2007 1366 2078 αὐθὺς,
1424 2010 1826 2084 προσεπιτιθεῖς
1875 2012 1963 2066 καὶ

310 2097 405 2160 τὰς
463 2095 539 2158 είς
594 2097 722 2151 Θεὸν
798 2104 901 2166 τῆς
980 2096 1253 2171 σωτηρίας
1334 2098 1545 2153 ἐκείνου
1602 2100 1968 2176 εὐχαριστίας,

311 2186 423 2255 καὶ,
456 2208 482 2240 α
514 2191 601 2258 Τῷ
656 2191 775 2259 Θεῷ
831 2189 1018 2262 χάρις,
1062 2210 1090 2239 η
1138 2184 1314 2262 ἔλεγε,
1349 2212 1377 2240 ‹‹
1438 2190 1521 2244 ὅτι
1580 2190 1832 2259 σέσωσαι,
1881 2189 1970 2245 καὶ

314 2277 502 2350 χερσὶν
538 2276 599 2331 οὐ
627 2275 987 2350 παραδέδοσαι
1019 2282 1128 2332 τῶν
1155 2279 1253 2347 τήν
1287 2280 1386 2347 σὴν
1428 2280 1615 2353 ψυχῆν
1665 2280 1973 2351 ζητούντων

323 2364 563 2438 ἐχθρῶν.
599 2366 665 2422 Τί
718 2363 803 2421 δαὶ
854 2367 922 2421 τὰ
968 2366 1255 2440 παρ’ἐμοῦ
1304 2388 1387 2421 σοι
1436 2370 1559 2423 τότε
1606 2369 1903 2445 λεγόμενα;
1935 2370 1970 2440 ἢ

317 2454 378 2508 οὐ
441 2456 714 2527 μέμνησαι
767 2456 840 2517 ὡς
891 2457 990 2525 τήν
1051 2455 1396 2530 ἐκστρατείαν
1482 2456 1724 2514 ἐκώλυον
1781 2459 1856 2521 ὡς
1907 2462 1971 2515 οὐ

313 2544 663 2599 συνοίσουσαν
715 2542 1003 2617 ἄντικρυς;
1036 2544 1096 2600 οὐ
1154 2545 1281 2607 τούς
1323 2543 1631 2623 ἐμφυλίους
1688 2546 1971 2621 πολέμους

317 2744 640 2818 imperator
683 2745 928 2802 removit
973 2762 1105 2811 suo,
1138 2746 1418 2818 palatinis
1445 2746 1654 2803 ofticiis
1687 2747 1963 2820 privatos.

315 2834 464 2889 Tum
484 2833 665 2890 missa
686 2832 940 2888 militum
962 2850 1140 2888 manu
1162 2832 1412 2889 sultanis
1432 2849 1667 2889 uxorem
1690 2839 1745 2889 et
1761 2835 1965 2905 tiliam,

320 2927 569 2978 matrem
602 2930 877 2993 prasterea
894 2925 952 2977 et
968 2937 1230 2978 sororem
1248 2921 1517 2993 ﬁliosque
1531 2924 1797 2994 ejusdem
1827 2940 1963 2978 cum

323 3011 659 3067 domesticis
691 3015 747 3066 et
766 3016 978 3067 cuncta
997 3010 1222 3067 familia
1241 3011 1507 3066 omnium
1523 3028 1728 3068 eorum
1746 3028 1964 3068 securae

330 3099 607 3154 custodite
638 3099 958 3156 mandavit.
992 3100 1288 3164 Quantum
1324 3116 1493 3171 porro
1526 3099 1713 3156 eidem
1743 3101 1965 3157 sultani

326 3187 659 3245 divitiarum
704 3188 787 3245 ibi
822 3188 934 3245 fuit
962 3187 1021 3244 in
1053 3205 1194 3245 auro
1225 3196 1584 3261 argentoque
1607 3189 1837 3262 signato
1869 3195 1974 3247 aut

318 3277 468 3333 facto
501 3278 760 3350 velisque
781 3278 1137 3350 insignibus,
1160 3277 1329 3335 stolis
1361 3294 1427 3335 ac
1457 3280 1972 3350 zonis,unionibus

2076 2015 2344 2091 τριάρχου
2395 2016 2648 2090 λέγοντος
2701 2017 2940 2089 εὐμενῶς
2999 2020 3026 2073 6
3084 2027 3297 2095 κρατῶν
3363 2022 3581 2099 ἐδέχετο
3638 2026 3732 2086 τὰς

2082 2103 2313 2180 ἐλέγξεις
2344 2106 2434 2160 καὶ
2466 2108 2798 2180 προσεπῄνει
2834 2126 2844 2137 ·
2876 2106 3173 2185 ἀντιλέγειν
3219 2114 3319 2186 γὰρ
3377 2114 3450 2173 ὡς
3502 2111 3732 2176 δικαίοις

2084 2193 2183 2247 οὐκ
2213 2194 2523 2268 εἶχεν,ἀλλ’
2556 2195 2754 2272 ἐπῆγεν
2815 2200 2887 2260 ὡς
2932 2197 3092 2267 δῆθεν
3148 2199 3599 2275 ἀπολογούμενος
3660 2204 3736 2265 ὡς

2083 2282 2172 2335 καὶ
2221 2281 2443 2357 εἰρήνην
2502 2284 2719 2357 μᾶλλον
2780 2289 2845 2342 τὰ
2891 2296 2992 2357 τῆς
3024 2290 3153 2343 ὁδοῦ
3212 2292 3615 2360 κατηντήκεσαν
3649 2291 3738 2346 καὶ

2084 2372 2157 2433 ὡς
2224 2371 2393 2441 κῆδος
2454 2370 2835 2446 μεσολαϐῆσαν
2896 2379 2991 2442 τὰς
3044 2378 3280 2441 εἰσαῦθις
3338 2377 3569 2443 σπονδὰς
3618 2376 3741 2435 ἐϐεο

2084 2455 2337 2517 ϐαίωσεν.
2371 2463 2431 2519 Ὁ
2465 2463 2558 2533 μὲν
2592 2462 2680 2518 οὖν
2743 2466 2998 2539 βασιλεὺς
3050 2466 3221 2529 οὕτως
3272 2468 3439 2522 εἶπὼν
3496 2469 3575 2539 (Οὐ
3635 2472 3737 2544 γὰρ

2084 2550 2111 2603 ὁ
2170 2551 2361 2626 καιρὸς
2416 2549 2597 2607 ἐδίδου
2656 2555 2745 2609 καὶ
2803 2554 3037 2610 πλείονα
3099 2554 3293 2633 λέγειν)
3362 2558 3738 2635 ἀποπεμφθεὲς

2079 2749 2196 2804 dixi
2229 2755 2284 2805 et
2330 2751 2481 2806 serio
2516 2753 2855 2808 denuntiavi
2885 2754 2992 2809 tibi
3037 2771 3109 2811 ne
3156 2756 3311 2811 bella
3355 2757 3549 2812 civilia
3594 2775 3731 2813 sus-

2079 2838 2355 2910 ciperes?
2402 2840 2518 2895 Cur
2565 2859 2702 2915 ergo
2766 2848 2822 2899 te
2890 2848 3141 2915 tuasque
3199 2844 3396 2917 c0pias
3460 2847 3732 2901 Michaeli

2080 2928 2338 3000 despotaa
2369 2930 2764 3002 exercituique
2796 2933 2925 3003 ejus
2960 2932 3018 2987 in
3043 2934 3226 2989 aciem
3258 2951 3608 3006 progressus
3637 2936 3733 2991 ob-

2071 3017 2269 3088 jecisti
2290 3018 2318 3073 ?
2364 3036 2556 3076 nonne
2588 3025 2645 3076 et
2674 3027 2735 3075 tu
2767 3022 3006 3077 nomine
3036 3022 3250 3078 Christi
3285 3024 3553 3096 signatus
3584 3042 3646 3080 es
3676 3030 3734 3081 et

2079 3105 2179 3161 ille
2205 3106 2504 3165 Christum
2537 3110 2822 3182 agnoscit.
2858 3111 3210 3167 Dominum?
3240 3114 3400 3167 Inter
3432 3113 3596 3181 tales,
3618 3113 3735 3169 aie-

2082 3195 2243 3265 bam,
2269 3195 2466 3267 prazlio
2498 3198 2814 3254 commisso
2848 3217 2951 3272 pro
2984 3200 3199 3271 quibus
3224 3201 3557 3258 orabimus?
3580 3202 3737 3258 Utris

2082 3285 2413 3357 victoriam,
2474 3288 2626 3344 utris
2683 3287 2907 3344 cladem
2969 3289 3286 3360 impetrare
3329 3291 3738 3348 conabimura

317 3367 465 3439 quin
497 3367 670 3424 etiam
692 3367 911 3425 etvarii
931 3368 1165 3440 generis
1187 3367 1467 3441 exquisiti
1497 3369 1667 3441 pretii
1690 3370 1966 3442 gemmis,
2004 3396 2047 3464 ρ
2090 3376 2240 3442 Deo,
2301 3375 2442 3431 dum
2496 3376 2682 3432 sacris
2740 3377 3111 3450 operamur?
3162 3378 3412 3435 Neutros
3470 3378 3729 3435 hostium

319 3456 475 3527 quod
527 3474 596 3514 ex
645 3474 758 3513 usu
810 3456 1054 3513 luxuriaa
1089 3457 1331 3514 Persicas
1365 3457 1692 3530 plurimum
1723 3457 1965 3515 omnino

315 3545 498 3602 fuisse
547 3547 737 3615 aiunt,
779 3549 970 3603 totum
1019 3545 1266 3603 corrasit
1314 3552 1372 3602 et
1402 3546 1460 3601 in
1494 3546 1728 3619 publico
1760 3548 1965 3604 aerario

314 3635 616 3707 deposuit.

311 3802 404 3854 26.
433 3801 494 3856 Ut
518 3799 798 3870 exceperit
836 3797 1160 3870 patriarcha
1190 3797 1509 3853 redeuntem
1556 3799 1962 3870 imperatorem,

636 3887 804 3941 quam
832 3872 954 3925 acri
981 3870 1378 3942 reprhensione
1408 3886 1472 3924 ac
1502 3871 1639 3926 zelo.

390 4001 537 4056 241
589 3999 879 4055 Caeterum
932 3999 1280 4071 priusquam
1325 3999 1449 4053 haec
1494 3999 1719 4066 ﬁerent,
1754 4015 1963 4070 Oppor-

314 4094 459 4145 tune
481 4089 847 4145 occasionem
871 4088 1203 4160 arripuerat
1222 4088 1593 4160 imperatoris
1612 4088 1965 4159 objurgandi

314 4177 905 4250 patriarcha.Multus
936 4178 988 4233 is
1018 4179 1243 4233 dudum
1280 4178 1473 4233 fuerat
1506 4178 1565 4232 in
1599 4177 1966 4234 dehortando

317 4269 680 4340 imperatore
712 4268 785 4322 ab
816 4266 1290 4339 expeditionibus
1309 4268 1588 4323 adversus
1606 4267 1969 4323 Christianos

317 4356 737 4428 suscipiendis,
770 4373 887 4412 non
910 4373 1291 4412 successuras
1324 4356 1571 4412 feliciter
1600 4373 1699 4412 eas
1733 4355 1842 4427 ipsi
1876 4357 1971 4411 de-

319 4445 605 4501 nuntians
632 4462 645 4500 :
698 4462 889 4517 neque
918 4445 1077 4500 enim
1109 4445 1267 4500 civili
1301 4450 1504 4501 contra
1536 4446 1803 4516 ejusdem
1836 4445 1968 4502 reli-

314 4535 509 4606 gionis
564 4535 927 4607 professores
990 4534 1143 4590 bello
1204 4539 1383 4589 Deum
1444 4535 1774 4605 adjutorem
1828 4535 1967 4590 fore.

318 4622 495 4678 Talia
526 4624 744 4680 frustra
775 4639 930 4695 saape
960 4638 994 4677 a
1025 4638 1088 4678 se
1116 4623 1406 4678 monitum
1434 4623 1820 4691 videnstunc;
1854 4640 1969 4678 non

317 4716 388 4768 ut
440 4712 793 4785 imperatore
846 4711 1088 4784 dignum
1136 4712 1346 4782 fuerat,
1391 4713 1492 4767 sed
1526 4711 1803 4768 indecora
1835 4713 1970 4783 fuga

324 4801 423 4857 vix
452 4801 679 4857 salvum
704 4818 835 4858 sese
866 4800 1244 4873 recipientem
1268 4800 1967 4873 Constantinopolim,ubi

313 4891 581 4962 primum
612 4890 663 4947 is
695 4909 727 4947 a
750 4891 939 4946 reditu
966 4906 1247 4962 magnum
1282 4889 1339 4944 in
1368 4889 1655 4960 templum
1681 4906 1743 4945 se
1764 4894 1969 4945 contu-

313 4979 387 5036 lit
436 4980 535 5035 Dei
579 4980 867 5036 adorandi
894 4985 952 5035 et
986 4995 1087 5050 pro
1117 4978 1328 5034 evitato
1361 4994 1597 5033 summo
1630 4977 1972 5034 discrimine

313 5068 539 5141 gratias
571 5068 781 5140 agendi
814 5084 1013 5135 causa,
1046 5068 1316 5123 cominus
1345 5066 1630 5123 accedens
1652 5066 1976 5139 increpavit

316 5157 515 5230 palam
540 5156 735 5214 verbis
769 5158 925 5213 haud
961 5156 1267 5226 mollibus,
1303 5156 1361 5211 id
1397 5160 1628 5212 tantum
1669 5156 1974 5213 intermis-

314 5262 461 5303 cens
481 5246 872 5317 delinimenti,
894 5250 959 5302 ut
985 5245 1269 5319 gratulari
1292 5262 1355 5301 se
1377 5245 1557 5301 simul
1580 5246 1691 5318 ipsi
1720 5245 1971 5302 salutem

311 5336 622 5407 insperato
655 5340 974 5407 servatam,
1006 5334 1327 5392 reddendis
1360 5339 1467 5390 Deo
1496 5351 1600 5406 pro
1647 5351 1716 5391 ea
1745 5334 1974 5408 gratiis,

308 5424 724 5497 signiﬁcaret:
786 5446 815 5475 «
852 5428 966 5481 Deo
1020 5424 1328 5497 gratias,»
1387 5424 1686 5494 inquiens,
1748 5446 1775 5473 «
1812 5424 1973 5495 quod

310 5513 517 5571 salvus
575 5513 834 5581 evasisti,
897 5517 954 5570 et
994 5529 1109 5569 non
1143 5529 1204 5569 es
1234 5513 1494 5569 traditus
1542 5512 1822 5569 manibus
1870 5513 1974 5568 ho-

306 5603 500 5661 stium
542 5603 937 5677 quaerentium
964 5602 1223 5659 animam
1254 5607 1444 5658 tuam.
1500 5602 1723 5673 Ecquid
1773 5606 1971 5657 autem

302 5710 521 5751 eorum
556 5692 878 5749 meministi
911 5709 1040 5764 qua:
1070 5710 1223 5765 saepe
1253 5693 1408 5764 apud
1441 5697 1497 5746 te
1531 5693 1976 5764 egi,expeditio-

306 5798 421 5840 nes
452 5780 801 5839 istiusmodi
831 5780 1188 5838 dissuadens
1219 5786 1283 5837 ut
1314 5797 1559 5853 prorsus
1592 5780 1828 5838 noxias?
1850 5782 1975 5837 Non

2085 3463 2299 3520 habere
2350 3481 2597 3521 numero
2641 3482 2983 3537 possumus,
3015 3466 3285 3538 utrisque
3315 3468 3540 3522 astricti
3570 3484 3736 3523 como

2080 3553 2247 3609 muni
2277 3554 2489 3609 foedere
2521 3554 2849 3625 religionis.
2882 3557 3040 3621 Quas
3072 3573 3174 3627 pro
3203 3556 3371 3611 vobis
3405 3573 3607 3627 preces
3638 3557 3730 3613 of-

2076 3642 2344 3710 ferimus,
2378 3644 2597 3698 eaedem
2630 3660 2734 3714 pro
2762 3643 2881 3699 illis
2908 3644 3122 3714 valent,
3149 3646 3627 3716 quandoquidem
3655 3647 3726 3701 ad

2078 3747 2264 3786 unum
2297 3748 2460 3803 aeque
2491 3732 2665 3787 ambo
2700 3733 3007 3802 pertinetis
3031 3733 3180 3788 ovile
3213 3735 3465 3806 pastoris
3488 3736 3723 3791 Christi.

2079 3819 2244 3877 Nunc
2275 3828 2471 3875 autem
2521 3819 2867 3875 benedictus
2904 3822 3204 3888 Dominus,
3239 3823 3334 3892 qui
3369 3822 3636 3879 liberavit
3666 3829 3721 3880 te

2075 3908 2147 3964 ab
2179 3908 2451 3964 hostibus
2479 3925 2512 3963 a
2542 3908 2669 3980 lege
2701 3909 2913 3964 Christi
2944 3910 3173 3978 alienis,
3208 3927 3355 3981 quos
3381 3912 3628 3968 immisit
3660 3914 3718 3967 in

2077 4001 2132 4053 te
2166 4002 2229 4052 ut
2250 3998 2402 4054 242
2436 3998 2777 4053 admoneret
2810 4015 2922 4052 non
2947 3999 3108 4067 juste
3140 4016 3171 4052 a
3204 4008 3255 4053 te
3303 4000 3435 4055 illos
3488 4001 3723 4056 hostili-

2076 4091 2167 4142 ter
2197 4086 2397 4157 impeti
2431 4104 2573 4157 quos
2606 4086 2805 4142 hostes
2836 4086 2939 4142 tibi
2974 4088 3254 4158 quaesisti,
3288 4088 3586 4145 exhiberet
3615 4108 3725 4146 au-

2076 4180 2195 4231 tem
2256 4181 2313 4231 et
2365 4175 2485 4231 tuis
2545 4176 2824 4246 objiceret
2884 4176 3071 4231 oculis
3104 4194 3271 4232 veros
3305 4178 3522 4245 hostes,
3554 4180 3727 4250 quasi

2077 4266 2330 4321 diceret:
2386 4266 2463 4319 En
2511 4265 2569 4319 in
2618 4281 2765 4337 quos
2810 4266 2897 4321 fas
2941 4266 3222 4337 piumque
3255 4267 3350 4333 sit,
3386 4267 3433 4323 si
3468 4285 3729 4340 pugnare

2079 4354 2485 4422 libet,omnem
2512 4354 2646 4409 belli
2681 4355 2799 4410 vim
2833 4356 3156 4424 effundere;
3180 4372 3328 4427 quos
3352 4357 3729 4428 ipsostamen

2079 4444 2297 4498 frustra
2344 4443 2637 4498 debellare
2693 4444 2890 4514 praelio
2937 4444 3177 4499 adortus
3228 4446 3557 4516 conaberis,
3612 4445 3732 4501 nisi

2079 4548 2186 4604 ego
2242 4532 2447 4588 volens
2500 4537 2556 4588 et
2584 4532 2874 4603 propitius
2932 4533 3193 4589 adiuero.
3250 4534 3523 4590 Ostendit
3553 4535 3732 4607 igitur

2078 4621 2184 4676 tibi
2219 4621 2440 4689 hostes,
2476 4626 2532 4676 et
2564 4621 2844 4677 terruisse
2877 4626 3189 4678 contentus
3220 4640 3421 4679 eorum
3456 4642 3489 4679 a
3517 4628 3571 4679 te
3614 4625 3730 4679 vim

2081 4710 2329 4778 arcuit,e
2363 4709 2642 4781 periculis
2674 4709 3026 4766 insidiarum
3062 4712 3120 4766 in
3147 4717 3339 4767 tutum
3370 4713 3727 4768 incolumem

2083 4761 2324 4778 __-_--,_
2366 4761 2639 4781 τη---η
2676 4761 3026 4766 _----_--------
3152 4761 3339 4767 ---ηπ
3372 4761 3727 4768 ------_.------

1999 4761 2049 4825 Β
2078 4799 3736 4871 transferens.SicagerenovitDominusiudiciafaciens.»

2082 4887 2212 4943 Haec
2242 4888 2580 4960 loquentem
2612 4888 3006 4959 patriarcham
3040 4889 3269 4961 placide
3299 4891 3523 4946 audivit
3553 4891 3739 4963 impe-

2081 4982 2261 5043 rator,
2323 4976 2887 5049 reprehensionique
2935 4979 3232 5050 acquievit
3263 4980 3534 5048 obnoxie,
3581 4979 3737 5037 ultro

2084 5067 2479 5138 comprobans
2537 5072 2595 5123 et
2653 5068 2942 5123 meruisse
3004 5068 3334 5123 confitens:
3396 5070 3537 5141 quid
3578 5070 3736 5125 enim

2089 5160 2294 5211 contra
2319 5161 2640 5228 opponeret
2666 5156 2821 5212 veris
2850 5162 2907 5212 et
2939 5157 3133 5229 palam
3161 5157 3367 5229 justis,
3402 5175 3518 5214 non
3549 5158 3739 5214 habe-

2085 5244 2360 5300 bat.lllud
2397 5248 2630 5301 tantum
2664 5246 2733 5300 ad
2770 5247 3090 5316 quamdam
3123 5249 3561 5304 excusationem
3596 5249 3739 5305 sub-

2080 5334 2246 5406 jecit:
2281 5355 2309 5383 ‹‹
2342 5332 2521 5405 Atqui
2553 5334 2625 5388 ad
2659 5351 2885 5404 pacem,
2918 5354 2944 5385 ιι
2975 5336 3274 5407 inquiens,
3319 5358 3348 5388 «
3381 5354 3516 5393 cum
3572 5338 3740 5394 Chri-

2087 5422 2301 5479 stianis
2370 5422 2751 5478 sanciendam
2825 5425 2941 5480 ista
3015 5442 3131 5496 qua
3197 5442 3324 5481 sum
3382 5427 3743 5499 periclitatus

2086 5513 2184 5567 via
2240 5511 2676 5583 properabam:
2738 5512 2855 5569 huc
2913 5514 3070 5570 enim
3142 5515 3372 5571 ferebar
3429 5522 3493 5571 ut
3550 5518 3742 5572 foedus

2080 5603 2206 5672 jam
2266 5600 2445 5656 ictum
2507 5617 2641 5656 cum
2697 5602 2848 5671 illis,
2911 5620 3058 5675 quos
3113 5621 3206 5662 me
3264 5606 3477 5662 habere
3537 5606 3737 5661 hostes

2084 5696 2269 5760 vetas,
2304 5691 2479 5746 etiam
2516 5691 2820 5748 affinitatis
2856 5694 3288 5750 necessitudine
3322 5696 3739 5767 astringerem,

2089 5782 2370 5837 firmitate
2421 5782 2477 5835 in
2522 5788 2823 5853 posterum
2852 5784 3103 5839 certiori.
3138 5808 3163 5833 ››
3195 5784 3449 5841 Tantum
3482 5785 3738 5856 impera-
