4112 6414
351 404 457 457 687

1653 402 1955 458 GEORGII
1994 403 2459 460 PACHYMERE

3665 404 3776 460 688

353 530 475 585 ταῖς
509 522 699 601 εὒχαῖς
729 521 931 598 ἐχώρει
963 523 1099 598 πρὸς
1120 522 1183 576 τὸ
1214 518 1502 591 παλάτιον,
1532 522 1599 575 τὰ
1628 518 1686 575 δὲ
1733 522 1857 593 περὶ
1912 524 2010 576 τοῦ
2040 531 2093 605 Α
2126 526 2354 597 χήρωτο
2410 526 2663 598 γυναικὸς
2719 529 2775 598 (ἡ
2824 529 2925 601 γάρ
3013 526 3251 603 θυγάτηρ
3335 533 3433 582 τοῦ
3503 528 3777 604 βασιλέως

356 616 560 687 κήδους
593 615 765 679 οὕτως
792 616 947 685 ἦσαν.

357 832 453 901 κζ’.
487 828 670 900 Κῆδος
721 829 809 885 ἐπί
859 851 919 885 τε
965 834 1034 903 τῇ
1094 828 1318 955 θυγατρὶ
1367 835 1469 898 τῆς
1530 826 1799 903 Εὖλογίας
1845 832 2012 900 ’Ἀννῃ

428 905 515 955 καὶ
578 902 879 955 Νικηοόοω
938 900 1171 955 δεσπότῃ
1228 907 1333 955 uin
1393 904 1492 955 τοῦ
1579 898 1843 955 δεσπότου
1903 901 2009 955 Μι-

428 898 879 1030 καὶὰΝικηφόρῳ
938 898 1183 976 δεσπότῄ
1228 898 1333 973 υίῷ
1393 904 1492 955 τοῦ
1579 898 1843 961 δεσπότου
1903 898 2009 957 Μιέ

429 996 541 1030 vam
594 1020 606 1030 .

429 996 606 1050 χαηΛ.

432 1152 657 1222 Ἐπειδῆ
705 1155 803 1229 γὰρ
856 1149 1130 1214 πολλάκις
1186 1149 1511 1212 ἀποστείλας
1545 1152 1572 1204 6
1617 1147 1874 1226 βασιλεὺς
1924 1151 2010 1205 καὶ

356 1243 450 1305 τάς
483 1240 738 1316 δυνάμεις
771 1236 1101 1317 προσϐαλὼν
1134 1240 1463 1315 ἀπεκρούετο
1492 1240 1721 1314 (ἐχρῆτο
1776 1239 1876 1315 γάρ
1926 1238 2014 1293 καὶ

360 1330 647 1406 ὁΜιχαὴλ
703 1335 781 1401 τῷ
817 1329 1072 1402 Ἰταλικῷ
1132 1329 1209 1391 εἷς
1271 1330 1547 1403 βοήθειαν,
1594 1329 1684 1382 καὶ
1740 1332 2015 1404 καρτερῶς

358 1422 761 1496 κρατυνάμενος
830 1421 925 1481 τὰς
1010 1415 1266 1491 δυνάμεις
1328 1418 1567 1493 ἀντεῖχε,
1623 1416 1712 1475 καὶ
1773 1414 1925 1472 οὐδέν
1987 1418 2014 1471 ὁ

360 1510 525 1565 ἐπιὼν
586 1507 770 1581 ἤνυεν,
826 1506 1041 1583 μᾶλλον
1106 1508 1196 1582 μὲν
1259 1508 1351 1561 οὖν
1426 1508 1515 1562 καὶ
1572 1511 2017 1583 προσεξημιοῦτο

357 1604 480 1659 ταῖς
541 1596 592 1651 ἐν
652 1602 830 1661 κενοῖς
871 1596 1207 1671 ἀσχολίαις),
1244 1596 1406 1669 μόλις
1446 1596 1581 1653 κατά
1637 1597 1734 1663 IT“:
1797 1594 2014 1663 πολλὴν

360 1693 576 1761 πεῖραν,
635 1688 1004 1748 ἱκετεύσαντος
1076 1690 1172 1739 τοῦ
1234 1682 1500 1740 δεσπότου
1556 1684 1647 1739 καὶ
1702 1680 2016 1757 πρεσϐείαις

362 1780 589 1850 συχναῖς
650 1773 1102 1849 ἐκμειλιξαμένου
1159 1776 1250 1829 τὸν
1302 1773 1697 1848 αὐτοκράτορα,
1748 1773 1885 1849 πρὸς
1944 1773 2017 1827 εἶ’-

365 1868 532 1939 ρήνην
565 1864 656 1918 καὶ
688 1865 844 1927 οὗτος
873 1863 1149 1920 ἀπέκλινε.
1184 1864 1282 1918 Καὶ
1336 1862 1451 1918 ἐπεὶ
1508 1860 1697 1924 παῖδες
1746 1863 1882 1933 ἦσαν
1940 1866 2020 1933 τῷ

365 1952 596 2029 Μιχαὴλ
649 1959 795 2030 τρεῖς
855 1954 949 2027 μέν
1007 1955 1343 2031 γνήσιοι,ὧν
1406 1954 1434 2007 6
1487 1954 1581 2026 μὲν
1608 1951 1864 2021 Ἰωάννης
1923 1950 2020 2009 ἀνά

363 2050 555 2120 χεῖρας
596 2044 662 2112 ἧν
716 2043 812 2096 τού
858 2047 1210 2117 κρατοῦντος,
1240 2042 1508 2120 πεμφθεὶς
1575 2042 1669 2113 μὲν
1722 2042 1856 2116 πρὸς
1914 2062 2019 2096 πα-

363 2134 513 2209 τρὸς,
550 2129 725 2195 δοθεὶς
758 2129 814 2185 δὲ
843 2132 933 2185 καὶ
973 2132 1119 2207 παρά
1169 2132 1376 2207 μητρὸς
1430 2130 1679 2201 ἡκούσης
1740 2129 1817 2192 εἷς
1878 2129 2022 2202 δμη-

366 2242 479 2297 ρον,
522 2221 581 2275 ’ὃν
636 2220 724 2275 καὶ
775 2215 1025 2295 γαμϐρὸν
1074 2224 1171 2275 τοῦ
1223 2216 1685 2295 σεϐαστοράτορος
1733 2219 2023 2293 Τορνικίου

366 2313 393 2365 6
427 2309 594 2384 λόγος
622 2306 1039 2385 προϋπεδείκνυ,
1082 2306 1177 2363 δύο
1211 2307 1267 2363 δὲ
1310 2310 1457 2383 παρὰ
1500 2313 1578 2381 τῷ
1626 2308 1813 2381 πατρὶ,
1849 2314 2021 2379 Νικη-

361 2400 529 2476 φόρος
587 2418 645 2452 τε
705 2397 797 2451 καὶ
872 2400 1218 2473 Δημήτριος²
1266 2394 1453 2473 ἕτερος
1510 2395 1556 2451 δ’
1616 2396 1675 2451 ἐκ
1727 2396 1935 2458 νοθείας
1994 2397 2023 2453 6

362 2489 636 2560 Ἰωάννης,
668 2486 759 2542 καί
806 2488 833 2541 6
871 2487 964 2561 μὲν
1000 2490 1318 2565 Δημήτριος
1367 2487 1616 2550 ἀντίπαις
1671 2487 1737 2555 ἧν
1793 2482 1869 2541 ἔτι
1932 2484 2021 2541 καὶ

367 2582 419 2637 ἐν
451 2576 843 2655 ἀπραγμοσύνῃ
880 2580 982 2646 ζῶν
1018 2576 1273 2647 διετέλει,
1305 2578 1332 2632 ὁ
1364 2574 1421 2633 δέ
1451 2598 1514 2646 γε
1565 2574 1886 2651 Νικηφόρος
1928 2596 2021 2629 κε-

362 2795 454 2847 tor
484 2788 717 2845 locutus
751 2790 894 2857 (non
925 2782 1083 2839 enim
1115 2786 1348 2853 tempus
1380 2779 1439 2834 id
1472 2782 1598 2835 erat
1628 2777 1801 2850 plura
1831 2776 2018 2833 disse-

365 2879 559 2949 rendi)
611 2875 856 2934 recessit
913 2873 973 2928 in
1008 2870 1321 2945 palatium,
1354 2870 1502 2926 bene
1534 2871 1806 2939 precante
1837 2865 1896 2922 in
1928 2864 2019 2920 di-

365 2984 573 3040 gressu
608 2961 1245 3039 patriarcha.Afﬁnitas
1271 2975 1444 3031 porro
1477 2958 1647 3029 cujus
1664 2956 1837 3012 modo
1870 2956 2025 3013 facta

369 3066 458 3114 est
490 3055 733 3126 mentio,
769 3054 854 3111 sic
887 3068 949 3108 se
978 3049 1209 3106 habuit.

370 3280 462 3337 27.
496 3279 758 3352 Afﬁnitas
786 3279 932 3333 inter
961 3277 1352 3352 imperitwa
1382 3271 1747 3352 et‘dcspotawt
1791 3268 2028 3352 Arichan

2117 616 2181 685 [P
2234 616 2356 685 102]
2408 615 2647 687 Λάσκαρι
2708 614 3029 688 ἐτεθνήκει),
3088 616 3266 689 τούτῳ
3326 616 3626 693 ἐγνώκεσαν
3684 616 3778 672 καὶ

2119 701 2453 779 ἀμφότεροις
2484 706 2586 773 τὴν
2619 704 2810 778 τρίτην
2838 709 2945 761 τῶν
2978 712 3079 774 τῆς
3138 705 3412 778 Εὐλογίας
3476 708 3782 783 θυγατέρων

2117 792 2313 848 ’Ἄνναν
2373 789 2656 863 ἐκδοθῆναι
2708 794 2843 868 πρὸς
2898 794 3099 867 γάμον,
3135 792 3367 868 δεσπότῃ
3432 816 3496 871 γε
3550 791 3689 865 ὄντι,
3722 794 3783 850 ἐκ

2117 884 2215 934 τοῦ
2272 883 2543 956 προτέρου
2597 880 2801 951 κήδους
2866 886 3012 957 παρὰ
3067 888 3164 938 τοῦ
3211 880 3782 958 προϐεϐασιλευκότος

2122 970 2375 1025 Ἰωάννου
2407 969 2592 1044 ἔχοντι
2622 973 2685 1026 τὸ
2717 972 2950 1043 ἀξίωμα.
2986 973 3087 1031 Καὶ
3120 971 3188 1041 δὴ
3224 975 3359 1046 μετσὶ
3405 973 3508 1031 πολ
3524 975 3628 1045 λῆς
3689 974 3785 1029 80-

2122 1060 2390 1136 ρυφορίας
2422 1060 2750 1124 ἀποστείλας
2782 1064 2882 1131 τὴν
2916 1064 3113 1119 Ἀνναν
3146 1062 3275 1126 τοὺς
3309 1064 3527 1140 γάμους
3584 1064 3786 1132 ἐτέλει,

2124 1149 2235 1202 εἶτα
2287 1150 2376 1203 καὶ
2430 1152 2523 1205 τὸν
2574 1153 2889 1228 Νικηφόρον
2930 1151 3004 1213 εἷς
3041 1154 3227 1208 ἑαυτὸν
3261 1153 3596 1228 συγκαλέσας
3650 1155 3790 1210 κατὰ

2121 1240 2219 1307 τὴν
2254 1240 2661 1295 Κιυνσταντίνου
2718 1240 2971 1313 κρατύνει
3037 1244 3133 1313 μὲν
3177 1242 3239 1297 τὸ
3274 1243 3509 1316 ἀξίωμα,
3540 1245 3630 1299 καὶ
3691 1265 3785 1297 τι-

2128 1333 2253 1399 μαῖς
2290 1326 2599 1403 μεγαλύνας
2644 1329 2733 1385 καὶ
2788 1326 2990 1403 δώροις
3044 1329 3254 1407 ἆγήλας
3296 1334 3434 1409 πρὸς
3488 1333 3554 1388 τὰ
3610 1333 3788 1388 οἰκεῖα

2125 1416 2411 1491 ἐκπέμπει.
2443 1417 2544 1475 Καὶ
2602 1418 2750 1474 οὕτω
2804 1418 2871 1477 τὰ
2926 1418 3064 1477 κατά
3123 1416 3274 1475 δύσιν
3317 1424 3661 1491 καταστήσας
3718 1423 3789 1477 τὰ

2123 1513 2223 1575 τῆς
2284 1506 2556 1575 ἀνατολῆς
2616 1512 2888 1565 πονοῦντα
2945 1516 3379 1582 προσανεκτᾶτο,
3429 1510 3517 1566 καὶ
3579 1508 3791 1573 ἄλλους

2129 1595 2223 1668 μέν
2282 1594 2576 1658 πλείστους
2633 1596 3163 1672 προσαποστέλλων,
3224 1598 3509 1675 ἐξαιρέτως
3581 1598 3639 1655 δί
3693 1602 3786 1655 τὸν

2126 1683 2391 1757 δεσπότην
2454 1686 2732 1756 Ἰωάννην,
2793 1691 2839 1758 ᾦ
2897 1684 2964 1755 δὴ
3026 1685 3311 1763 ἐπεθάρῥει
3386 1689 3627 1763 αὐτάρκη
3685 1691 3788 1758 τὴν

2124 1777 2232 1827 τῶν
2289 1775 2642 1847 κακουμένων
2700 1774 3014 1850 ἐπικουρίαν
3054 1795 3066 1811 ·
3120 1781 3241 1838 ταῖς
3327 1778 3430 1853 γὰρ
3498 1775 3789 1848 ἀληθείαις

2127 1861 2551 1936 ἀσχολουμένου
2580 1867 2676 1918 τοῦ
2712 1864 2983 1939 βασιλέως
3012 1870 3131 1928 τοῖς
3188 1863 3431 1929 δυτικοῖς
3492 1869 3568 1929 ὡς
3624 1865 3790 1937 δῆθεν

2129 1950 2573 2025 ἀνακαλουμένου
2627 1956 2696 2027 τῇ
2760 1952 3011 2029 βασιλείᾳ
3060 1954 3123 2009 τὸ
3173 1954 3388 2024 λεῖπον,
3447 1956 3664 2027 ἠσθένει
3721 1955 3792 2011 τὰ

2128 2042 2244 2095 καθ’
2274 2038 2350 2095 ἕω
2410 2039 2655 2115 διχόθεν,
2686 2047 2765 2114 τῷ
2822 2064 2881 2099 τε
2924 2044 3021 2105 τὰς
3061 2042 3174 2098 ἐκεῖ
3205 2042 3461 2117 δυνάμεις
3489 2046 3628 2121 πρὸς
3684 2047 3789 2115 τήν

2134 2125 2280 2184 δύσιν
2314 2128 2680 2204 ἐκπέμπεσθαι
2728 2133 2819 2187 καὶ
2873 2137 2953 2203 τῷ
3010 2134 3436 2207 καταμελεῖσθαι
3498 2136 3793 2211 μακρόθεν.

2134 2217 2314 2275 Ἀλλά
2359 2224 2529 2275 ταῦτα
2590 2221 2708 2294 μέν,
2741 2226 2848 2276 τῶν
2912 2219 3142 2278 δυτικῶν
3196 2225 3616 2299 ἡσυχαζόντων,
3647 2225 3794 2297 πέμ.-

2132 2329 2249 2364 πων
2310 2310 2337 2363 ὁ
2402 2308 2657 2383 βασιλεὺς
2735 2312 2851 2369 καθ’
2908 2312 3032 2366 ὅσον
3110 2312 3225 2368 οἷόν
3278 2335 3337 2370 τε
3384 2314 3642 2370 ἀνεκτᾶτο
3700 2315 3790 2370 καὶ

2133 2397 2270 2474 πρὸς
2301 2399 2363 2453 τὸ
2390 2399 2654 2475 πρότερον
2689 2399 2971 2475 ἐπανῆγεν.
3004 2401 3081 2460 Οὐ
3138 2404 3239 2477 γὰρ
3293 2404 3382 2471 ἦν,
3415 2404 3513 2459 οὐκ
3570 2405 3640 2472 ἦν
3698 2408 3796 2459 τοῦ

2135 2484 2399 2547 δεσπότου
2460 2490 2717 2565 φανέντος
2776 2489 2948 2547 ἐκεῖσε
3001 2490 3127 2553 τοὺς
3183 2493 3393 2568 Πέρσας
3431 2494 3506 2566 μὴ
3540 2494 3793 2568 ἠρεμεῖν,

2134 2575 2169 2645 ἢ
2208 2576 2421 2649 μᾶλλον
2453 2577 2543 2632 καί
2570 2579 2645 2652 μὴ
2670 2577 2760 2633 σὺν
2795 2574 2950 2656 φόϐῳ
2981 2579 3195 2635 πλείονι
3227 2580 3671 2639 ἀναστέλλεσθαι.

2128 2793 2263 2834 vero
2316 2777 2530 2835 viduus
2582 2784 2708 2836 erat
2755 2796 2943 2851 nuper
3000 2785 3231 2838 mortua
3262 2782 3455 2853 ipsius
3505 2785 3783 2857 conjuge,

2133 2866 2253 2922 ﬁlia
2268 2867 2537 2924 Lascaris
2553 2869 2965 2940 Augusti,buio
2986 2871 3372 2929 decreverunt
3396 2876 3798 2931 communiter

2131 2955 2367 3013 tertiam
2409 2957 2666 3029 Eulogiaa
2702 2962 2974 3015 natarum
3008 2961 3796 3036 Annamcopularenuptiis,

2131 3044 2374 3103 titulum
2406 3062 2474 3101 ac
2504 3046 2855 3118 dignitatem
2892 3050 3144 3120 despotaa
3171 3049 3298 3121 jain
3330 3068 3399 3107 ex
3448 3052 3641 3123 priore
3687 3054 3795 3109 ha-

2137 3134 2296 3191 benti
2327 3151 2360 3189 a
2389 3152 2593 3192 socero
2622 3135 2978 3207 imperatore
3005 3138 3232 3195 Joanne
3262 3145 3622 3213 accceptam.
3676 3143 3797 3199 Ita-

2140 3239 2252 3295 que
2279 3240 2414 3281 cum
2456 3223 2647 3281 multo
2693 3224 2975 3282 satellitio
3028 3226 3460 3300 splendideque
3508 3230 3797 3287 comitatu

446 3313 558 3409 ifm’
568 3313 922 3415 "5357:4012?
947 3313 1124 3404 3252'
1140 3313 1408 3412 ἓῖὶὸἇὶέ
1416 3313 1767 3412 hit-21%;;
1791 3313 2034 3409 11:53.1:
2062 3314 2105 3384 α
2137 3313 2306 3415 Anne
2336 3313 2523 3415 ωίξιεα
2551 3314 2791 3415 {nptias
2824 3314 3147 3415 ξξιιρθτεξξον
3167 3316 3323 3415 fama
3354 3319 3592 3415 ,ρεηείι
3615 3338 3628 3389 ς
3662 3324 3797 3377 tum

444 3426 746 3497 Nicephoro
786 3422 1021 3492 despotaa
1074 3415 1356 3477 Michaelis
1385 3416 1503 3486 ﬁlio
1536 3416 1595 3477 in
1616 3430 1849 3471 uxorem
1874 3415 2026 3471 data.

448 3597 597 3650 Cum
642 3607 793 3664 saepe
849 3590 1171 3661 imperator
1226 3587 1313 3643 vel
1374 3584 1626 3642 aliorum
1675 3583 1761 3641 vel
1797 3582 2035 3657 proprio

387 3687 569 3740 ductu
602 3680 891 3736 immissis
924 3679 984 3734 in
1015 3680 1269 3735 tractum
1300 3674 1625 3731 Occiduum
1655 3672 1863 3747 copiis,
1884 3671 2033 3727 illic-

385 3790 503 3846 que
552 3787 689 3827 cum
736 3769 1008 3826 hostibus
1069 3782 1445 3838 congressus,
1480 3780 1709 3834 semper
1766 3761 2038 3834 repulsus

389 3865 567 3928 esset,
612 3864 923 3933 propterea
954 3857 1110 3928 quod
1137 3856 1219 3912 ibi
1252 3854 1565 3911 dominans
1595 3851 1840 3908 Michael
1872 3851 2036 3907 auxi-

387 3952 486 4007 liis
533 3949 754 4007 Italicis
804 3949 1083 4004 utebatur
1112 3950 1165 4001 et
1197 3944 1408 4001 horum
1439 3943 1496 3998 vi
1529 3943 1911 3999 conﬁrmatus
1941 3957 2037 3996 re-

384 4041 632 4099 sistebat
662 4036 1206 4104 validissime,adeo
1234 4052 1348 4090 non
1371 4032 1814 4106 proﬁcientibus
1835 4035 2038 4086 contra

380 4130 707 4203 quidquam
735 4125 1015 4183 Romanis
1049 4124 1305 4181 utetiam
1326 4122 1476 4179 male
1496 4120 1729 4178 multati
1763 4120 2024 4191 plerum-

380 4237 494 4293 que
544 4218 823 4283 redirent,
873 4214 1047 4287 longa
1078 4212 1441 4284 experientia
1476 4210 1700 4266 militiae
1735 4209 2036 4265 damnosa

378 4310 621 4367 tandem
656 4322 977 4379 persuasus
1010 4302 1194 4358 otium
1226 4301 1308 4358 ibi
1340 4306 1397 4359 et
1428 4316 1667 4372 operam
1721 4299 1782 4354 in
1814 4297 2038 4355 nullius

379 4397 588 4469 frugis,
626 4394 852 4451 nullius
888 4391 1013 4464 spei
1046 4391 1279 4463 negotio
1305 4389 1460 4446 male
1486 4387 1782 4458 consumi,
1806 4387 2041 4444 induxit

384 4488 445 4543 in
465 4486 729 4542 animum
750 4500 866 4538 non
891 4482 1018 4553 jam
1040 4480 1344 4551 aspernari
1369 4477 1626 4550 amplius
1650 4478 1887 4534 crebras
1907 4478 2037 4532 des-

384 4581 531 4650 potae
584 4589 806 4647 preces,
860 4587 965 4626 nec
1017 4586 1102 4641 se,
1156 4572 1222 4624 ut
1270 4567 1579 4636 hactenus,
1613 4565 2040 4625 inexorabilem

381 4658 1055 4740 praeberedelinimentis
1068 4660 1116 4731 ej
1130 4658 1338 4714 usdem
1353 4662 1409 4714 et
1425 4655 1795 4729 supplicibus
1808 4654 2041 4726 ofﬁciis,

2140 3405 2347 3459 vocatu
2376 3404 2448 3459 ad
2473 3420 2536 3458 se
2565 3403 3139 3477 Constantinopolim
3167 3406 3520 3479 Nicephoro,
3553 3415 3798 3480 praster-

2142 3506 2321 3563 quam
2353 3491 2404 3545 ei
2436 3491 2780 3563 dignitatem
2813 3495 3205 3561 conﬁrmavit,
3250 3496 3575 3554 honoribus
3616 3500 3799 3556 etiam

2141 3579 2311 3634 illum
2329 3586 2571 3637 auctum
2617 3583 2941 3653 majoribus
2985 3584 3274 3657 donisque
3302 3586 3663 3659 dignitatum
3694 3590 3805 3644 do-

2143 3687 2307 3725 mum
2328 3671 2795 3743 remisit.Sicque
2811 3674 3149 3730 constitutis
3175 3676 3233 3730 in
3259 3676 3572 3734 Occidente
3596 3680 3798 3748 rebus,

2142 3758 2364 3815 Orienti
2386 3761 2747 3832 jamdudum
2778 3760 3071 3818 laboranti
3103 3768 3504 3837 recuperando
3520 3769 3797 3824 attende-

2142 3849 2402 3919 bat,cum
2419 3849 2549 3905 aliis
2564 3866 2629 3905 eo
2645 3851 2846 3906 missis
2861 3850 3131 3923 plurimis
3149 3858 3269 3907 tum
3286 3857 3613 3925 praesertim
3627 3858 3798 3914 Joan-

2145 3954 2216 3995 ne
2248 3939 2634 4011 despota,quo
2669 3940 2923 3997 maxime
2964 3942 3596 4011 innitebatur,abunde
3624 3946 3797 4003 illum

2142 4028 3583 4106 idoneumoonﬁdensemendandissarciendisque
3622 4053 3807 4093 cunc-

2146 4118 2221 4173 tis
2242 4134 2345 4190 per
2370 4117 2539 4177 illum
2570 4122 2822 4175 tractum
2852 4120 3227 4178 detrimentis
3244 4123 3665 4194 reipublicae,et
3683 4126 3809 4185 illis

2144 4206 2616 4279 periclitantibus
2647 4208 2907 4279 populis,
2938 4216 3160 4281 quanto
3192 4217 3349 4271 esset
3378 4229 3528 4284 opus
3560 4215 3632 4270 ad
3662 4215 3805 4274 illos

2143 4295 2392 4367 imperio
2424 4297 2771 4365 servandos,
2802 4297 3023 4354 auxilio
3060 4300 3341 4368 juvandis
3387 4303 3806 4375 tegendisque.

2145 4386 2367 4443 Revera
2410 4385 2567 4443 enim
2597 4384 2822 4442 intento
2872 4389 3226 4459 imperatore
3276 4391 3550 4448 Occiduis
3602 4394 3805 4461 rebus,

2143 4480 2201 4530 et
2229 4475 2390 4532 omni
2422 4492 2563 4531 cura
2592 4477 3020 4548 satagenteilla
3037 4477 3264 4535 divulsa
3284 4482 3806 4556 membraimperii

2146 4565 2372 4635 corpori
2403 4565 2763 4637 conjungere
2795 4566 3010 4623 iterum
3043 4585 3109 4624 ac
3142 4569 3470 4638 restituere,
3507 4571 3801 4629 infirmari

2145 4669 2212 4710 ac
2244 4653 2536 4709 debilitari
2568 4654 2813 4727 contigit
2853 4656 3181 4727 provincias
3206 4660 3362 4716 244
3411 4662 3486 4716 ad
3531 4662 3805 4720 Orienta-

384 4739 486 4815 sed
520 4755 591 4811 ad
627 4768 834 4825 pacem
866 4765 1002 4806 cum
1033 4749 1165 4820 ipso
1192 4746 1497 4804 inclinare.
1527 4744 1815 4844 Quoniam
1839 4749 2036 4801 autem
2068 4777 2117 4841 Β
2150 4739 2263 4799 lem
2297 4741 2721 4844 limitem-sitas
2751 4742 2972 4844 duplici
3002 4761 3072 4799 ex
3096 4762 3297 4844 causa,
3326 4747 3803 4844 -pr_imum-quod

381 4847 535 4904 243
582 4840 883 4899 Michaelis
942 4842 1111 4895 erant
1168 4837 1431 4909 despotaa
1478 4835 1585 4891 filii
1615 4838 1734 4891 tres
1764 4832 2037 4905 legitimi,

386 4950 638 5009 quorum
678 4936 938 4987 Joannes
985 4925 1225 5000 quidem
1258 4926 1319 4983 in
1343 4925 1619 4982 manibus
1650 4941 1717 4981 ac
1748 4927 2039 4996 potestate

385 5020 763 5096 imperatoris
816 5022 963 5085 erat,
993 5015 1215 5073 missus
1242 5015 1478 5089 quidem
1512 5030 1545 5068 a
1566 5016 1751 5084 patre,
1781 5012 2039 5067 traditus

385 5118 583 5172 autem
615 5111 674 5165 in
701 5109 965 5165 obsidem
997 5123 1032 5162 a
1060 5109 1249 5161 matre
1278 5108 1585 5176 praesente,
1611 5104 1683 5159 ad
1716 5101 2035 5158 concilian-

393 5206 527 5260 dam
578 5198 1023 5256 conventionem
1071 5194 1224 5251 ultro
1272 5191 1842 5264 Constantinopolim
1902 5207 2035 5263 pro-

384 5294 558 5360 fecta,
617 5304 788 5361 quem
838 5291 896 5341 et
922 5299 1207 5357 generum
1269 5284 1490 5340 factum
1550 5280 2037 5338 sebastocratoris

384 5378 642 5440 Tornicii
682 5375 957 5447 superius
1008 5373 1341 5440 docuimus;
1377 5373 1493 5429 duo
1515 5376 1712 5428 autem
1744 5369 2039 5441 degebant

387 5471 543 5545 apud
578 5472 829 5540 patrem,
858 5461 1224 5533 Nicephorus
1250 5467 1306 5518 et
1326 5461 1680 5530 Demetrius,
1710 5476 1843 5515 cum
1866 5459 2037 5514 tertio

385 5578 456 5618 ex
510 5556 717 5630 pellice
776 5552 972 5625 genito
1030 5549 1295 5619 Joanne;
1344 5568 1410 5607 ao
1434 5550 1765 5607 Demetrius
1798 5548 2035 5621 quidem

390 5649 649 5720 primum
685 5648 827 5699 tunc
860 5639 1188 5713 pubescens
1218 5639 1576 5696 immaturus
1608 5638 1857 5710 negotiis
1890 5636 2038 5692 nihil

390 5738 507 5794 nisi
538 5732 867 5808 puerilibus
893 5727 1344 5787 remissionibus
1365 5729 1631 5786 vacabat.
1671 5726 2039 5799 Nicephorus

2148 4847 2281 4901 quae.
2311 4829 2446 4886 illas
2480 4830 2642 4903 prius
2674 4831 3068 4888 defendebant
3118 4836 3302 4906 copiae,
3322 4836 3457 4893 inde
3506 4838 3567 4894 in
3608 4838 3793 4895 Occi-

2147 4920 2383 4976 dentem
2418 4919 2925 4992 abstraherentur,
2958 4922 3170 4978 deinde
3202 4926 3359 4995 quod
3391 4926 3451 4982 in
3485 4929 3807 4985 necessita-

2146 5008 2306 5065 tibus
2335 5010 2673 5081 urgentium
2728 5016 2788 5067 et
2846 5013 3104 5068 remedio
3164 5017 3438 5084 praesenti
3498 5019 3805 5089 egentium

2145 5115 2392 5155 casuum
2424 5103 2661 5170 propter
2691 5097 3185 5171 longinquitatem
3210 5104 3668 5177 negligerentur.
3688 5108 3807 5163 Ce-

2146 5192 2339 5243 terum
2389 5188 2512 5255 ubi,
2563 5192 2630 5244 ut
2669 5189 2812 5259 dixi,
2846 5194 3090 5260 pacatus
3122 5192 3233 5249 fuit
3261 5192 3571 5265 Occidens,
3601 5196 3808 5253 missis

2148 5278 2221 5333 ad
2268 5276 2402 5333 illas
2461 5282 2658 5349 partes
2701 5277 3023 5349 imperator
3076 5282 3262 5352 copiis
3306 5289 3586 5354 quantam
3614 5288 3812 5357 potuit

2148 5366 2468 5423 maximam
2502 5367 2576 5422 iis
2608 5369 3027 5439 recuperandis
3066 5387 3274 5429 curam
3303 5372 3614 5444 impendit,
3647 5375 3810 5432 fere-

2148 5474 2259 5528 que
2305 5457 2365 5513 in
2416 5460 2639 5512 statum
2690 5457 3011 5527 pristinum
3062 5460 3316 5517 reduxit.
3364 5462 3513 5518 Nam
3544 5464 3808 5535 despotae

2145 5545 2391 5603 Joannis
2450 5563 2517 5603 ea
2564 5546 2775 5617 virtus,
2825 5564 2893 5604 ea
2926 5550 3082 5609 fama
3111 5554 3256 5617 erat,
3286 5555 3351 5606 ut
3379 5569 3446 5607 eo
3479 5560 3808 5625 apparente

2148 5637 2272 5693 ﬁeri
2332 5654 2446 5693 non
2506 5642 2703 5708 posset
2732 5638 2876 5709 quin
2910 5643 3094 5695 Persae
3144 5641 3533 5711 quiescerent,
3568 5650 3670 5700 aut
3702 5662 3807 5719 po-

2145 5726 2268 5785 tius
2303 5742 2436 5782 cum
2468 5730 2627 5782 metu
2654 5730 2713 5783 et
2742 5730 2963 5785 terrore
2992 5729 3203 5800 majori
3235 5730 3718 5803 reprimerentur.
