4112 6400
421 429 535 485 689

1484 437 1580 489 DE
1617 434 1994 491 MICHAELE
2034 435 2481 491 PALEOLOGO
2518 439 2650 491 LIB.
2691 441 2788 493 III.

3744 440 3852 495 690

423 555 531 627 κη’.
593 554 722 630 Περὶ
779 557 889 647 τοῦ,
925 557 1291 647 φημισθέντος
1323 556 1594 647 ,φεόδους
1662 557 1753 615 διὰ
1807 557 2078 635 Τοχάρων
2109 563 2163 629 Α
2195 579 2311 630 σαν,
2370 559 2639 637 Τοχάρων
2690 560 2841 623 ἔθνος
2889 566 2969 633 τῷ
3017 561 3218 634 πλήθει
3267 568 3560 638 θαρσῆσαν,
3590 564 3718 625 τοὺς
3745 569 3851 619 τῶν

872 626 1179 704 ἐπιδρομὴν
1210 631 1347 685 κατά
1376 626 1630 689 Νίκαιαν.

497 737 601 788 Τοῦ
660 732 707 788 δ’
765 734 930 790 αὐτοῦ
988 734 1161 803 ἔτους,
1225 739 1395 808 μηνὸς
1453 738 1707 812 Κρονίου,
1761 743 1867 793 τῶν
1926 739 2082 802 θείων

425 827 651 900 ἡμερῶν
677 832 778 895 τῆς
825 828 1077 895 νηστείας
1124 826 1485 901 τελουμένης,
1534 829 1718 903 ἡμέρᾳ
1756 835 1855 898 τῆς
1906 826 2085 884 δευτέ-

426 935 523 989 ρας
570 912 877 987 ἑϐδομάδος
926 913 1146 991 δευτέρᾳ
1197 913 1389 988 συνέϐη
1440 922 1508 992 τῇ
1554 919 1754 989 Νικαίᾳ
1802 918 1861 973 ἐκ
1908 938 2083 993 παρα-

426 1001 585 1076 δόξου
614 1025 673 1059 τε
715 1006 805 1059 καὶ
856 1004 1109 1079 ἐξαίφνης
1157 1012 1383 1082 πρᾶγμα
1422 1008 1665 1082 πραχθὲν
1703 1009 1796 1080 μὲν
1848 1002 2081 1084 φοϐερὸν

423 1094 514 1149 καὶ
563 1091 759 1165 μηδενὶ
803 1092 964 1167 ἄλΛῳ
1022 1092 1099 1157 εἷς
1150 1095 1316 1171 λόγον
1368 1092 1683 1173 ὕπερϐολῆς
1711 1102 2079 1173 παραχωροῦν

423 1188 529 1237 τῶν
562 1182 869 1256 πρωτείων,
918 1184 1016 1238 γόὶν
1066 1182 1094 1239 ὃ
1124 1206 1177 1239 τι
1208 1185 1297 1240 καὶ
1330 1184 1480 1248 ὅπως
1514 1181 1780 1260 συμϐαίη,
1838 1187 1962 1241 ὅσον
2012 1190 2080 1261 τῇ

420 1268 710 1347 προσϐολῆ
742 1273 832 1327 καὶ
870 1278 1011 1347 μονῇ
1043 1276 1131 1329 καὶ
1163 1276 1234 1345 τῇ
1261 1279 1367 1330 τῶν
1412 1274 1599 1330 δεινῶν
1646 1274 1971 1351 προσδοκίᾳ,
2006 1278 2079 1339 ὡς

420 1359 529 1432 ἤδη
568 1360 845 1438 μεγίστοις
894 1368 1089 1427 κακοῖς
1113 1359 1549 1439 περιϐεϐλῆσθαι
1597 1364 1889 1440 ἀναγκαῖον
1943 1366 2079 1421 εἶναι

418 1458 536 1513 τοῖς
570 1448 894 1526 δεχομένοις
924 1452 1014 1506 καὶ
1048 1452 1219 1526 μηδὲν
1262 1456 1344 1527 [Ρ.
1378 1456 1502 1527 163]
1532 1458 1639 1509 τῶν
1694 1454 1770 1517 εἷς
1805 1456 2076 1529 σωτηρίαν

420 1540 686 1609 ἐλπίζειν,
744 1536 1045 1616 λεγόμενον
1107 1539 1165 1596 δὲ
1228 1544 1303 1615 μὴ
1359 1543 1519 1597 τόσον
1582 1541 1712 1617 ἔχον
1776 1543 1853 1607 εἷς
1911 1540 2080 1620 φόϐον

418 1627 508 1683 καί
565 1626 837 1697 συστολήν
874 1671 887 1684 .
946 1627 1123 1693 Εῗωθε
1177 1629 1279 1705 γὰρ
1337 1631 1365 1685 ὁ
1424 1628 1596 1704 λόγος
1654 1635 1770 1692 τοῖς
1834 1631 2076 1705 μετρίοις

338 1726 345 1727 “
424 1719 647 1794 μέγεθος
702 1717 976 1795 ἐπιφέρειν
1049 1719 1124 1780 ὡς
1186 1718 1303 1781 οἷός
1354 1721 1399 1773 τ’
1466 1716 1683 1773 ἐκείνων
1761 1726 2074 1793 περιεῖναι,

416 1814 535 1869 τοῖς
611 1805 669 1862 δέ
744 1806 1019 1880 μεγίστοις
1096 1807 1359 1880 ἐξατονῶν
1412 1806 1631 1884 ὕστερος
1688 1814 1834 1887 σφῶν
1891 1810 2075 1884 φαίνε-

420 1910 563 1962 σθαι.
613 1897 768 1965 Πλὴν
819 1897 987 1951 καλὸν
1038 1895 1089 1951 ἐν
1138 1904 1259 1960 τοῖς
1301 1898 1573 1961 τοιούτοις
1624 1901 1700 1971 μή
1751 1904 1867 1961 τοῖς
1918 1906 2074 1976 λεγοο

420 1988 606 2060 μένοις
680 1985 931 2058 ἐμμένειν
1008 1990 1126 2049 τοῖς
1196 1984 1385 2063 λόγοις
1459 1989 1865 2063 προσέχοντας,
1928 1988 2073 2045 ἀλλά

413 2076 503 2131 καὶ
553 2075 607 2138 ἐς
662 2075 811 2147 μάλα
859 2077 951 2130 τὸν
1000 2080 1124 2131 νοῦν
1174 2076 1456 2151 ἐπανάγειν
1504 2077 1593 2133 καὶ
1644 2078 1718 2142 ὡς
1765 2078 1848 2132 ἐπ’
1896 2079 2071 2133 αὐτῶν

413 2161 573 2227 ὄντας
603 2168 710 2219 τῶν
741 2164 1077 2240 πραγμάτων
1108 2164 1401 2220 ἀναπολεῖν
1431 2167 1501 2221 τὰ
1544 2166 1837 2241 λεγόμενα.
1871 2169 2070 2242 Πρώτη

409 2254 593 2310 τοίνυν
643 2252 862 2331 φυλακῇ
910 2262 1014 2325 τῆς
1061 2256 1274 2330 ἡμέρας
1307 2254 1536 2328 ἐκείνης,
1594 2252 2069 2330 ὑπεραναϐεϐηκό-

410 2364 503 2405 τος
551 2342 642 2397 τὸν
696 2342 948 2416 ὁρίζοντα
977 2346 1075 2398 τοῦ
1119 2342 1288 2412 ἡλίου
1320 2341 1444 2399 ὅσον
1493 2344 1584 2399 καὶ
1616 2342 1700 2399 ἐπὶ
1739 2345 1931 2420 μοίρας
1963 2351 2066 2414 ζω-

414 2430 528 2488 δίου
558 2434 868 2508 τριάκοντα,
924 2433 1005 2488 ἐπ’
1054 2429 1236 2508 ἔργοις
1266 2429 1435 2488 ὄντων
1458 2438 1565 2487 τῶν
1600 2433 1901 2509 ἀνθρώπων
1956 2438 2066 2490 τῶν

413 2523 506 2595 μὲν
563 2527 955 2594 πνευματικοῖς
1002 2527 1110 2577 τῶν
1164 2520 1222 2576 δὲ
1264 2522 1353 2576 καὶ
1404 2530 1762 2595 σωματικοῖς,
1815 2522 2067 2602 ἐξαίφνης

411 2611 708 2690 φημίζεται
756 2610 926 2686 λόγος
956 2612 1056 2666 οὐκ
1104 2612 1155 2666 ἐν
1187 2610 1329 2684 τῷδε
1382 2614 1475 2686 μὲν
1505 2618 1584 2685 τῷ
1619 2613 1767 2689 μέρει
1812 2620 1913 2682 τῆς
1961 2614 2065 2668 πό-

410 2699 551 2765 λεως
579 2701 630 2756 ἐν
657 2698 801 2772 τῷδε
832 2699 877 2755 δ’
910 2698 995 2770 οὕ,
1028 2700 1174 2756 ἀλλὰ
1218 2700 1406 2775 κύκλῳ
1453 2703 1577 2776 περὶ
1607 2704 1707 2771 τὴν
1738 2701 1900 2757 πόλιν
1934 2705 2066 2758 ἅπα-

408 2902 496 2955 28.
538 2903 612 2958 De
676 2902 920 2973 Vulgata
970 2901 1179 2958 Nicaeae
1230 2902 1370 2969 falso
1426 2904 1626 2959 nuntio
1678 2903 2063 2960 invadentium

837 2990 959 3029 eam
1006 2977 1198 3029 urbem
1238 2974 1629 3032 Tocharorum.

484 3081 755 3151 Ejusdem
790 3085 987 3137 autem
1035 3081 1175 3135 anni
1220 3097 1424 3137 mense
1476 3082 1704 3151 Martio,
1741 3098 1876 3139 cum
1909 3083 2061 3139 sacri

412 3169 532 3225 dies
553 3169 769 3241 jejunii
800 3170 1363 3239 celebrarentur,die
1384 3172 1646 3227 secunda
1667 3170 2057 3228 hebdomadis

2196 648 2384 704 πυλῶν
2445 658 2817 726 κρεουργῆσαν
2877 651 3152 729 φύλαξας,
3214 652 3475 716 εἰσελθεῖν
3530 654 3629 722 τήν
3688 652 3850 707 πόλιν

2200 740 2318 811 μεθ’
2374 737 2457 793 ὅτι
2517 738 2788 794 πλείστων
2848 740 2937 794 καὶ
2992 738 3181 795 δεινῶν
3238 740 3604 815 ὁρμημάτων,
3637 742 3766 797 ὥστ’
3796 742 3851 796 ἐν

2194 827 2385 902 ἀκαρεῖ
2412 827 2540 890 τοὺς
2591 828 2960 901 ἐμπίπτοντας
3013 837 3190 907 σφίσιν
3234 828 3662 904 ἀπροσδοκήτως
3710 832 3853 902 ἀπη-

2195 921 2300 978 νῶς
2329 918 2738 995 κατασφάττειν.
2792 919 2889 973 Καὶ
2939 920 2966 972 ὁ
3014 920 3179 994 Λόγος
3210 922 3321 992 ἅμα
3352 921 3445 993 μὶν
3476 920 3704 996 ἐρρήθη,
3740 923 3854 993 ἅμα

2196 1004 2252 1060 δὲ
2332 1006 2421 1061 καὶ
2494 1008 2594 1076 τὴν
2662 1007 2825 1063 πόλιν
2893 1005 3350 1083 περιελάμϐανεν.
3414 1007 3849 1080 Ἐκπηδήσαντες

2194 1102 2477 1172 τοιγαροῦν
2531 1102 2638 1152 τῶν
2697 1097 2906 1170 οῗκιῶν,
2956 1100 3136 1160 καθὼς
3183 1096 3407 1162 ἕκαστος
3437 1095 3583 1173 ἔχων
3632 1096 3850 1174 εὒρέθη,

2193 1185 2397 1258 ἐξέθεον
2448 1187 2792 1248 ἀσυντάκτως
2835 1188 2971 1242 κατὰ
3019 1188 3116 1249 τὰς
3172 1186 3473 1265 ἀμφόδους,
3528 1188 3617 1242 καὶ
3649 1190 3703 1242 οἱ
3758 1191 3851 1261 μὲν

2193 1272 2357 1343 ἔνθεν,
2392 1276 2447 1328 οἱ
2480 1273 2525 1329 δ’
2552 1274 2752 1339 ἐκεῖθεν
2804 1276 3098 1351 φερόμενοι
3128 1275 3407 1347 ἀλλήλοις
3454 1276 3852 1353 προσέπιπτον.

2191 1365 2287 1419 Ἠν
2324 1362 2381 1417 δὲ
2428 1365 2516 1417 καὶ
2561 1364 2777 1428 τούτοις
2815 1365 3081 1427 κάκείνοις
3114 1369 3190 1427 εἴς
3237 1367 3329 1420 καὶ
3362 1367 3389 1420 ὁ
3442 1367 3601 1427 αὐτὸς
3656 1368 3852 1428 πόνος.

2191 1452 2290 1506 Καὶ
2351 1454 2530 1527 ὥσπερ
2586 1454 2723 1507 κατὰ
2770 1453 2947 1508 νώτου
2996 1455 3085 1508 καὶ
3143 1453 3477 1532 ἀμφοτέροις
3540 1454 3855 1529 ἐπείγοντος

2186 1544 2285 1595 τοῦ
2313 1546 2483 1595 κακοῦ
2514 1540 2907 1618 συγκρούοντες
2968 1542 3264 1613 ἀλλήλοις,
3317 1544 3496 1618 ἅτεροι
3552 1543 3602 1613 ἐξ
3652 1545 3849 1617 ἐτέρων

2192 1630 2477 1703 μανθάνειν
2511 1630 2709 1699 ἤθελον
2742 1633 2826 1693 τίς
2862 1634 2894 1701 ἡ
2929 1634 3113 1709 φήμη,
3162 1631 3252 1685 καὶ
3284 1629 3328 1686 εί
3374 1630 3557 1702 ἀληθῆ
3589 1632 3655 1686 τὰ
3686 1633 3848 1707 Αεγό-

2191 1740 2343 1790 μενα.
2376 1716 2515 1776 Οὔτε
2546 1717 2596 1774 δ’
2625 1721 2777 1774 οὗτοι
2810 1718 2927 1775 οὔτ’
2967 1720 3162 1775 ἐκεῖνοι
3196 1718 3453 1797 ἀσφαλῶς
3501 1724 3659 1795 εἶχον
3710 1720 3843 1797 φρά-

2189 1813 2319 1878 ζειν,
2352 1808 2501 1878 πλήν
2550 1812 2647 1863 τοῦ
2679 1808 2860 1880 ἀληθῆ
2914 1811 3045 1864 εἶναι
3102 1814 3270 1865 ταῦτα
3314 1809 3624 1887 συμφὼνως
3670 1809 3844 1864 ἀπάν-

2185 1919 2291 1952 των
2374 1899 2808 1974 ἶσχυριζομένων
2883 1898 2961 1961 εἰς
3019 1903 3224 1955 τοῦτο.
3290 1898 3387 1955 Καὶ
3442 1896 3667 1961 ἕκαστος
3717 1899 3839 1971 περὶ

2182 1989 2358 2061 ἐαυτῷ
2409 1985 2739 2064 ἀμφιϐόλως
2786 1987 2929 2063 ἔχων
2988 1989 3051 2042 τὸ
3104 1991 3390 2057 σώζεσθαι,
3449 1983 3843 2066 ἀναμφιϐόλως

2183 2079 2299 2153 εἶχε
2330 2078 2451 2155 περὶ
2479 2080 2578 2147 τὴν
2612 2080 2683 2156 φή
2698 2100 2827 2151 μην.
2861 2079 2954 2134 ’Ev
3005 2077 3118 2151 ὅσῳ
3160 2075 3217 2132 δὲ
3245 2077 3395 2133 ταῦτ’
3424 2076 3651 2141 ἐκείνοις
3680 2077 3841 2147 ἦσαν,

2179 2168 2409 2222 κατόπιν
2455 2164 2624 2223 ἄλλοι
2676 2166 3025 2243 ἐκτρέχοντες
3072 2164 3414 2242 ἐτραγῴδουν
3473 2168 3569 2228 τὰς
3624 2186 3842 2244 συμφο-

2182 2260 2297 2333 ρὰς,
2348 2259 2438 2313 καὶ
2489 2257 2713 2322 οἰκείοις
2760 2256 2949 2333 ἔλεγον
3001 2257 3313 2332 ὀφθαλμοῖς
3371 2260 3649 2321 τεθεᾶσθαι
3707 2256 3839 2320 τοὺς

2179 2347 2430 2411 ἐπιόντας
2477 2350 2567 2404 τὸν
2610 2348 3009 2424 ἐντυγχάνοντα
3037 2348 3186 2426 σφίσι
3235 2345 3478 2420 μεληδὸν
3529 2347 3836 2425 κατασφάτ-

2177 2459 2383 2506 τοντας,
2416 2439 2492 2501 ὡς
2543 2439 2671 2493 εἶναι
2719 2441 2820 2507 τήν
2866 2436 3082 2493 ἐκείνων
3133 2438 3254 2500 θέαν
3307 2438 3420 2510 ἅμα
3472 2438 3561 2491 καὶ
3606 2437 3831 2500 θάνατον

2179 2526 2473 2598 οἷ’κτιστον,
2530 2532 2639 2581 τῶν
2699 2522 2906 2603 φόϐων,
2967 2530 3147 2600 οἶμαι,
3200 2523 3712 2581 εἷδωλοποιούντων
3767 2524 3835 2580 τὰ

2176 2617 2321 2687 πᾶθη
2380 2617 2467 2671 καὶ
2526 2620 2859 2691 γρηγοροῦσι
2903 2617 2991 2671 καὶ
3045 2618 3113 2670 τὰ
3173 2616 3247 2688 μή
3307 2611 3435 2670 ὄντα
3480 2614 3831 2671 πλαττόντων

2177 2705 2489 2779 ὀφθαλμοῖς
2519 2706 2582 2759 τὸ
2629 2704 2850 2760 όπτικὸν
2879 2702 3262 2778 πλανωμένοις
3311 2704 3400 2759 καὶ
3430 2707 3529 2773 τῆς
3574 2704 3834 2775 ἀληθείας

2178 2904 2287 2960 hac
2318 2905 2559 2976 quidem
2587 2904 2753 2959 urbis
2784 2908 2968 2976 parte,
3002 2904 3062 2959 in
3093 2903 3195 2959 illa
3224 2918 3357 2959 vero
3388 2920 3528 2967 non.
3561 2904 3664 2959 sed
3711 2903 3830 2959 late

2174 3011 2278 3067 per
2335 2995 2542 3049 urbem
2597 2998 2781 3049 totam
2840 3010 2958 3049 uno
3016 2994 3241 3049 circum
3290 2993 3551 3064 undique
3599 2998 3824 3064 tenore,

2171 3088 2403 3155 gentem
2436 3082 2831 3139 TocharOrum
2860 3082 3244 3138 multitudine
3274 3083 3483 3137 fretam
3513 3083 3826 3138 trucidatis

2170 3178 2351 3245 portm
2381 3172 2728 3228 custodibus
2747 3171 2804 3226 in
2820 3172 3114 3227 civitatem
3139 3171 3425 3239 irrupisse
3447 3171 3825 3242 rapidissimo

408 3232 701 3328 secundae,
732 3259 978 3331 contigit
1026 3232 1258 3315 Nicena.
1287 3276 1357 3315 ex
1402 3259 1708 3332 inopinato
1760 3266 1819 3316 et
1861 3262 2056 3317 subito
2088 3232 2131 3300 α
2170 3232 2227 3318 et
2258 3261 2577 3318 swviesimo
2625 3260 2809 3317 simul
2865 3261 3117 3332 impetu,
3179 3232 3358 3317 ita‘ut
3389 3232 3616 3332 passim
3670 3261 3820 3333 ipsis

405 3348 685 3419 quiddam
716 3349 862 3404 adeo
893 3348 1240 3419 terriﬁcum,
1274 3350 1414 3405 utsi
1446 3364 1579 3405 cum
1630 3350 1883 3406 maxime
1930 3356 2054 3406 tur-

405 3438 665 3494 bulentis
695 3442 753 3493 et
782 3437 1171 3494 tumultuosis
1215 3439 1549 3506 eventibus,
1582 3440 1685 3511 qui
1738 3440 2055 3496 maximam

409 3529 614 3584 afferre
664 3527 1201 3583 consternationem
1254 3527 1466 3593 solent,
1519 3529 1873 3594 conferatur,
1907 3529 2054 3585 nulli

407 3618 672 3672 omnium
705 3617 943 3671 diritate
973 3617 1388 3672 commotionis
1418 3633 1483 3672 ac
1515 3616 1816 3689 popularis
1850 3618 2051 3673 formi-

402 3706 560 3761 dinis
590 3705 803 3761 insana
834 3705 1217 3761 concitatione
1249 3705 1547 3760 concedat.
1595 3705 1759 3761 Unde
1791 3721 1857 3760 ac
1904 3723 2049 3777 quo-

403 3795 578 3849 modo
629 3795 911 3850 acciderit
964 3798 1087 3849 tam
1136 3793 1519 3849 vehementer
1565 3794 1870 3865 ingruens,
1930 3800 2051 3850 tam

398 3883 639 3953 longum
668 3885 913 3949 durans,
945 3888 1067 3939 tam
1097 3883 1272 3939 anxia
1292 3883 1728 3955 exspectatione
1761 3882 1894 3939 mali
1916 3899 2048 3956 gra-

393 3973 621 4029 vissimi
653 3974 926 4029 crucians
948 3977 1158 4038 terror,
1199 3977 1316 4028 tam
1348 3972 1764 4028 inevitabiliter
1793 3974 1853 4028 in
1884 3990 2046 4028 sum-

396 4079 507 4118 mae
542 4062 895 4119 calamitatis
924 4079 1167 4118 sensum
1200 4063 1371 4135 quasi
1402 4067 1747 4133 praesentem
1781 4078 1916 4118 cum
1949 4080 2048 4118 ex-

401 4156 597 4207 trema
644 4153 1053 4225 desperatione
1100 4151 1312 4208 salutis
1336 4168 1487 4224 quos
1517 4152 2050 4225 comprehendebat

396 4242 645 4297 miseros
676 4242 1023 4313 conjiciens,
1044 4243 1381 4297 conandum
1414 4242 2049 4314 estdicere,utcunque

394 4332 474 4386 sit
500 4331 737 4387 difficile
760 4332 1100 4387 narratione
1123 4348 1243 4387 rem
1274 4333 1599 4403 exprimere
1620 4331 1708 4387 uti
1731 4346 1793 4387 se
1816 4332 2044 4397 habuit,

398 4421 615 4493 quippe
640 4437 768 4491 quae
803 4421 877 4475 sit
907 4421 1239 4476 necessario
1289 4422 1488 4476 minus
1519 4425 1683 4478 atrox
1705 4422 2049 4493 apparitura

393 4510 725 4579 legentibus
757 4527 939 4582 quam
969 4526 1096 4565 eam
1119 4510 1344 4581 experti
1366 4516 1703 4566 senserunt.
1738 4511 1883 4566 Nam
1917 4529 2047 4583 qua:

2167 3352 2469 3423 inopinato
2494 3352 2685 3407 ubivis
2706 3354 3077 3407 occurrentes
3099 3354 3397 3406 momento
3418 3350 3491 3404 ab
3514 3350 3588 3405 iis
3610 3350 3827 3405 imma-

2169 3442 2415 3497 nissime
2445 3457 2653 3496 omnes
2683 3441 3148 3496 conciderentur.
3184 3440 3254 3495 Et
3285 3456 3489 3495 rumor
3518 3439 3614 3494 hic
3646 3440 3820 3496 simul

2167 3530 2458 3603 prolatus,
2493 3531 2673 3586 simul
2703 3530 3042 3586 universam
3075 3530 3293 3603 pariter
3322 3529 3632 3601 complevit
3664 3546 3823 3586 com-

2168 3618 2605 3691 prehenditque
2674 3620 2995 3674 civitatem.
3045 3618 3362 3674 Exilientes
3423 3618 3607 3689 igitur
3663 3626 3822 3673 extra

2166 3709 2372 3764 domos
2403 3725 2469 3763 eo
2495 3708 2750 3781 quisque
2778 3707 2979 3763 habitu
3027 3723 3143 3779 quo
3190 3705 3289 3763 illo
3340 3723 3536 3762 rerum
3569 3706 3818 3762 articulo

2166 3802 2432 3867 repertus
2462 3803 2571 3864 est,
2603 3797 3020 3853 discurrebant
3040 3796 3458 3852 confusissime
3481 3813 3585 3868 per
3612 3798 3738 3852 vias
3758 3800 3818 3852 et

2165 3887 2533 3958 angiportus,
2559 3891 2801 3941 ruentes
2821 3886 2920 3941 ille
2944 3886 3077 3954 huc,
3103 3886 3199 3941 hic
3221 3885 3383 3952 illuc,
3411 3885 3559 3942 alter
3587 3886 3647 3940 in
3670 3885 3818 3941 alte-

2162 3991 2290 4031 rum
2323 3975 2653 4031 accidentes
2682 3980 2888 4030 mutuo
2910 3975 3143 4039 collisu,
3167 3974 3365 4030 labore
3387 3975 3664 4047 utrinque
3686 3992 3821 4031 con-

2162 4065 2360 4133 trario,
2394 4066 2495 4121 sed
2532 4065 2696 4138 pari;
2747 4065 2804 4119 in
2858 4079 3033 4135 quem
3092 4063 3224 4119 illos
3280 4064 3558 4119 trudebat
3614 4065 3815 4135 opinio

2162 4156 2375 4227 cuique
2410 4154 2691 4210 instantis
2723 4170 2757 4208 a
2787 4158 2950 4224 tergo
2981 4151 3142 4208 mali.
3192 4157 3273 4210 Ac
3327 4168 3457 4208 sese
3509 4153 3816 4225 pulsantes

2161 4244 2661 4316 percontabantur
2674 4259 2801 4314 quae
2824 4241 2947 4296 haec
2976 4245 3133 4298 esset
3161 4241 3338 4311 fama,
3362 4246 3420 4296 et
3441 4242 3651 4313 ecquid
3675 4258 3814 4297 vera

2160 4340 2561 4388 narrarentur.
2613 4332 2789 4387 Porro
2847 4346 3035 4402 neque
3091 4330 3151 4385 hi
3209 4346 3401 4401 neque
3446 4329 3533 4384 illi
3582 4334 3808 4386 certum

2161 4422 2487 4495 quidquam
2519 4422 2791 4493 expedire
2814 4424 3107 4492 poterant.
3133 4422 3419 4477 Ceterum
3442 4436 3648 4476 omnes
3670 4436 3809 4476 voce

2159 4528 2417 4568 consona
2440 4512 2751 4567 verissima
2797 4510 2912 4566 dici
2960 4511 3375 4580 affirmabant;
3435 4526 3573 4566 nam
3628 4527 3808 4582 quam

398 4599 792 4655 mediocribus
842 4599 1081 4671 quidem
1131 4600 1411 4669 affingere
1452 4599 1917 4671 magnitudinem
1951 4618 2048 4658 ars
2081 4605 2125 4668 D
2160 4603 2413 4673 quisque
2452 4602 2713 4657 incertus
2772 4605 2899 4655 erat
2954 4600 3184 4656 consilii
3242 4601 3313 4655 de
3369 4600 3461 4655 via
3518 4601 3810 4668 modoque

398 4693 576 4761 atque
594 4689 973 4761 ampliﬁcatio
995 4690 1287 4745 sermonis
1307 4692 1731 4760 potest,eadem
1757 4691 1909 4747 infra
1932 4709 2050 4747 ma-

391 4778 684 4834 ximarum
720 4796 823 4850 per
851 4795 914 4834 se
944 4795 1141 4834 rerum
1180 4777 1487 4834 subsidere
1524 4779 1825 4851 fastigium
1858 4781 2050 4851 impar

394 4870 768 4939 assequendo
801 4868 967 4924 solet.
993 4869 1181 4931 Quare
1222 4867 1505 4939 sapientis
1529 4868 1763 4924 lectoris
1792 4874 1883 4924 est
1906 4871 2044 4925 sub-

394 4957 589 5013 levare
634 4958 856 5028 judicio
887 4958 945 5011 in
980 4956 1198 5012 talibus
1244 4956 1654 5013 inﬁrmitatem
1704 4959 2045 5030 scriptionis

393 5045 490 5100 cui
525 5047 948 5118 cognoscendae
999 5047 1098 5101 dat
1155 5062 1416 5118 operam,
1467 5052 1524 5101 et
1567 5047 1735 5118 quasi
1770 5047 2044 5118 supplere

389 5135 773 5207 imaginando
807 5136 963 5206 quod
999 5135 1176 5191 dictio
1208 5135 1407 5191 minus
1446 5135 1745 5207 exprimit,
1779 5135 2043 5192 evolante

391 5224 590 5279 animo
623 5225 681 5278 in
728 5224 917 5295 ipsam
969 5225 1340 5297 praesentiam
1395 5225 1659 5295 periculi,
1710 5240 2041 5297 sensusque

388 5314 673 5369 induente
704 5313 911 5385 quales
964 5313 1148 5369 fuisse
1205 5319 1668 5369 consentaneum
1712 5314 1791 5369 sit
1836 5332 2037 5370 eorum

390 5402 609 5474 quibus
641 5403 889 5474 contigit
935 5402 994 5457 in
1046 5403 1195 5459 245
1250 5418 1331 5470 re,
1394 5403 1535 5457 dum
1586 5408 1883 5471 gereretur
1913 5405 2041 5474 ipsa

386 5492 632 5547 versari.
667 5491 862 5547 Primo
887 5492 1068 5563 igitur
1110 5492 1357 5547 trihorio
1390 5492 1504 5546 diei
1534 5492 1715 5561 illius,
1750 5494 2039 5549 eminente

388 5598 573 5652 supra
590 5582 951 5637 horizontem
977 5582 1099 5636 sole
1120 5582 1291 5652 quasi
1308 5583 1576 5653 partibus
1601 5581 1754 5652 signi
1774 5582 2037 5653 triginta,

388 5687 525 5725 cum
560 5671 838 5741 cperibus
869 5670 1139 5725 homines
1172 5674 1442 5726 vacarent
1472 5670 1569 5725 alii
1601 5670 2033 5743 spiritualibus,

389 5759 687 5831 corporeis
742 5759 862 5827 alii,
897 5760 1204 5815 confestim
1236 5761 1394 5817 fama
1424 5759 1765 5834 dissipatur,
1807 5778 1923 5817 non
1978 5762 2037 5818 in

2162 4691 2408 4762 propriae
2436 4690 2645 4745 salutis
2679 4689 2739 4743 in
2771 4693 2898 4744 tuto
2929 4689 3300 4755 collocandae,
3334 4694 3457 4744 tam
3490 4694 3715 4745 certum
3747 4704 3809 4744 se

2160 4780 2381 4835 ferebat
2411 4781 2481 4835 de
2511 4779 2750 4834 veritate
2779 4778 3081 4850 gliscentis
3125 4780 3387 4833 famaan
3413 4779 3504 4833 his
3537 4779 3677 4833 dum
3710 4778 3809 4834 isti

2157 4875 2345 4938 erant,
2380 4884 2513 4925 ecce
2546 4885 2579 4924 a
2601 4874 2763 4939 tergo
2785 4868 2885 4923 alii
2926 4873 3231 4923 currentes
3264 4868 3679 4923 miserabiliter
3707 4869 3807 4925 de-

2156 4960 2466 5030 plorabant
2495 4958 2799 5013 infandam
2851 4957 3100 5022 cladem,
3136 4957 3387 5028 propriis
3420 4958 3592 5013 modo
3624 4975 3686 5014 se
3716 4959 3805 5013 vi-

2154 5048 2312 5103 disse
2341 5047 2525 5103 oculis
2558 5050 2970 5109 memorantes,
3004 5047 3158 5101 246
3191 5047 3331 5101 dum
3366 5046 3564 5102 hostes
3598 5064 3801 5120 quem-

2154 5137 2311 5207 piam
2342 5136 2455 5192 sibi
2487 5136 2722 5193 obvium
2772 5135 3143 5191 membratim
3187 5138 3650 5207 concerpserint,
3693 5138 3804 5193 dif-

2154 5225 2287 5279 ficili
2318 5225 2501 5295 judici
2553 5226 2946 5280 immaniorne
2985 5223 3087 5278 illa
3135 5224 3453 5280 crudelitas
3506 5228 3683 5283 caedis
3731 5245 3804 5282 an

2152 5314 2382 5370 tristius
2401 5319 2457 5369 et
2482 5312 2877 5369 miserabilius
2900 5314 3303 5384 spectaculum
3331 5315 3521 5369 fuerit.
3542 5317 3806 5373 Credide-

2151 5421 2179 5457 r
2205 5421 2257 5458 m
2289 5409 2596 5469 terrorem,
2622 5406 2817 5475 partes
2840 5403 3215 5457 invadentem
3241 5405 3519 5475 Morphei,
3572 5407 3804 5461 somnia

2148 5493 2533 5565 vigilantibus
2584 5496 2736 5547 tetra
2784 5492 3055 5563 quaedam
3111 5492 3460 5562 objectassc,
3512 5499 3689 5565 atque
3739 5501 3803 5549 ut

2152 5602 2253 5656 per
2284 5590 2512 5639 noctem
2560 5583 2969 5654 imaginationi
3019 5582 3169 5637 solet
3226 5600 3419 5655 sopor,
3481 5586 3560 5639 ita
3612 5586 3798 5641 oculis

2149 5674 2276 5728 luce
2332 5673 2523 5742 palam
2568 5672 2852 5739 illusisse,
2902 5672 3028 5726 visa
3073 5675 3425 5728 ostentando
3475 5673 3643 5730 falsa.
3696 5674 3800 5731 Vis

2150 5778 2361 5834 nempe
2417 5761 2515 5817 illa
2570 5768 2660 5818 est
2721 5762 2942 5817 insanae
2999 5762 3355 5829 formidinis,
3390 5762 3488 5817 ubi
3542 5768 3797 5819 mentem
