  <div class='ocr_page' id='page_1' title='image "/cluster/home/n/w/nwhite01/storage/ocr_20150623/143:no.1/coo.31924054870484/353.png"; bbox 0 0 4112 6414; ppageno 0'>
   <div class='ocr_carea' id='block_1_1' title="bbox 272 394 372 449">
    <p class='ocr_par' dir='ltr' id='par_1_1' title="bbox 272 394 372 449">
     <span class='ocr_line' id='line_1_1' title="bbox 272 394 372 449; baseline -0.04 0"><span class='ocrx_word' id='word_1_1' title='bbox 272 394 372 449; x_wconf 84' lang='grc'>691</span> 
     </span>
    </p>
   </div>
   <div class='ocr_carea' id='block_1_2' title="bbox 1584 388 2465 449">
    <p class='ocr_par' dir='ltr' id='par_1_2' title="bbox 1584 388 2465 449">
     <span class='ocr_line' id='line_1_2' title="bbox 1584 388 2465 449; baseline -0.006 -1"><span class='ocrx_word' id='word_1_2' title='bbox 1584 388 1889 449; x_wconf 82' lang='lat' dir='ltr'>GEORGII</span> <span class='ocrx_word' id='word_1_3' title='bbox 1931 391 2399 445; x_wconf 69' lang='lat' dir='ltr'>PACHYMERB</span> <span class='ocrx_word' id='word_1_4' title='bbox 2464 430 2465 433; x_wconf 60' lang='grc' dir='ltr'><strong>η</strong></span> 
     </span>
    </p>
   </div>
   <div class='ocr_carea' id='block_1_3' title="bbox 3597 390 3710 445">
    <p class='ocr_par' dir='ltr' id='par_1_3' title="bbox 3597 390 3710 445">
     <span class='ocr_line' id='line_1_3' title="bbox 3597 390 3710 445; baseline 0.009 -1"><span class='ocrx_word' id='word_1_5' title='bbox 3597 390 3710 445; x_wconf 84' lang='grc'>692</span> 
     </span>
    </p>
   </div>
   <div class='ocr_carea' id='block_1_4' title="bbox 275 500 3716 592">
    <p class='ocr_par' dir='ltr' id='par_1_4' title="bbox 275 500 3716 592">
     <span class='ocr_line' id='line_1_4' title="bbox 275 500 3716 592; baseline -0.001 -21"><span class='ocrx_word' id='word_1_6' title='bbox 275 518 745 591; x_wconf 78' lang='grc' dir='ltr'>ἀποτυγχάνουσι.</span> <span class='ocrx_word' id='word_1_7' title='bbox 770 516 847 571; x_wconf 87' lang='grc' dir='ltr'>Τὸ</span> <span class='ocrx_word' id='word_1_8' title='bbox 896 516 1000 592; x_wconf 77' lang='grc' dir='ltr'>γὰρ</span> <span class='ocrx_word' id='word_1_9' title='bbox 1049 518 1185 571; x_wconf 73' lang='grc' dir='ltr'>κατὰ</span> <span class='ocrx_word' id='word_1_10' title='bbox 1226 521 1352 571; x_wconf 79' lang='grc' dir='ltr'>νοῦν</span> <span class='ocrx_word' id='word_1_11' title='bbox 1386 512 1616 592; x_wconf 73' lang='grc' dir='ltr'>φοῧερὸν</span> <span class='ocrx_word' id='word_1_12' title='bbox 1652 511 1933 587; x_wconf 74' lang='grc' dir='ltr'>λαμϐάνον</span> <span class='ocrx_word' id='word_1_13' title='bbox 1967 520 2022 586; x_wconf 76' lang='grc' dir='ltr'><strong>Α</strong></span> <span class='ocrx_word' id='word_1_14' title='bbox 2053 512 2141 567; x_wconf 81' lang='grc' dir='ltr'>οἷά</span> <span class='ocrx_word' id='word_1_15' title='bbox 2182 533 2325 575; x_wconf 87' lang='grc' dir='ltr'>τινες</span> <span class='ocrx_word' id='word_1_16' title='bbox 2359 510 2665 582; x_wconf 72' lang='grc' dir='ltr'>διᾴττοντες</span> <span class='ocrx_word' id='word_1_17' title='bbox 2696 516 2963 586; x_wconf 82' lang='grc' dir='ltr'>συνεχεῖς,</span> <span class='ocrx_word' id='word_1_18' title='bbox 3012 513 3101 567; x_wconf 78' lang='grc' dir='ltr'>καὶ</span> <span class='ocrx_word' id='word_1_19' title='bbox 3155 513 3207 565; x_wconf 78' lang='grc' dir='ltr'>οἱ</span> <span class='ocrx_word' id='word_1_20' title='bbox 3242 513 3338 584; x_wconf 72' lang='grc' dir='ltr'>μὲν</span> <span class='ocrx_word' id='word_1_21' title='bbox 3372 511 3538 583; x_wconf 83' lang='grc' dir='ltr'>ἔνθεν,</span> <span class='ocrx_word' id='word_1_22' title='bbox 3571 514 3622 568; x_wconf 79' lang='grc' dir='ltr'>οἱ</span> <span class='ocrx_word' id='word_1_23' title='bbox 3655 500 3716 569; x_wconf 70' lang='grc' dir='ltr'>δὲ</span> 
     </span>
    </p>
   </div>
   <div class='ocr_carea' id='block_1_5' title="bbox 274 604 1937 679">
    <p class='ocr_par' dir='ltr' id='par_1_5' title="bbox 274 604 1937 679">
     <span class='ocr_line' id='line_1_5' title="bbox 274 604 1937 679; baseline -0.001 -19"><span class='ocrx_word' id='word_1_24' title='bbox 274 609 337 660; x_wconf 85' lang='grc' dir='ltr'>τὸ</span> <span class='ocrx_word' id='word_1_25' title='bbox 370 606 617 675; x_wconf 83' lang='grc' dir='ltr'>ὀπτικὸν,</span> <span class='ocrx_word' id='word_1_26' title='bbox 652 606 724 666; x_wconf 85' lang='grc' dir='ltr'>ὡς</span> <span class='ocrx_word' id='word_1_27' title='bbox 756 611 874 667; x_wconf 88' lang='grc' dir='ltr'>τοῖς</span> <span class='ocrx_word' id='word_1_28' title='bbox 903 604 1002 677; x_wconf 78' lang='grc' dir='ltr'>ἔξω</span> <span class='ocrx_word' id='word_1_29' title='bbox 1036 606 1323 669; x_wconf 72' lang='grc' dir='ltr'>σκοτασθέν</span> <span class='ocrx_word' id='word_1_30' title='bbox 1360 604 1447 659; x_wconf 75' lang='grc' dir='ltr'>διὰ</span> <span class='ocrx_word' id='word_1_31' title='bbox 1491 606 1552 659; x_wconf 88' lang='grc' dir='ltr'>τὸ</span> <span class='ocrx_word' id='word_1_32' title='bbox 1599 606 1784 679; x_wconf 82' lang='grc' dir='ltr'>περιὸν</span> <span class='ocrx_word' id='word_1_33' title='bbox 1836 611 1937 673; x_wconf 78' lang='grc' dir='ltr'>τῆς</span> 
     </span>
    </p>
   </div>
   <div class='ocr_carea' id='block_1_6' title="bbox 281 692 1940 770">
    <p class='ocr_par' dir='ltr' id='par_1_6' title="bbox 281 692 1940 770">
     <span class='ocr_line' id='line_1_6' title="bbox 281 692 1940 770; baseline -0.001 -21"><span class='ocrx_word' id='word_1_34' title='bbox 281 693 513 766; x_wconf 84' lang='grc' dir='ltr'>δειλίας,</span> <span class='ocrx_word' id='word_1_35' title='bbox 545 694 633 748; x_wconf 76' lang='grc' dir='ltr'>καὶ</span> <span class='ocrx_word' id='word_1_36' title='bbox 665 697 802 749; x_wconf 77' lang='grc' dir='ltr'>κατὰ</span> <span class='ocrx_word' id='word_1_37' title='bbox 829 694 1031 766; x_wconf 75' lang='grc' dir='ltr'>τρόπον</span> <span class='ocrx_word' id='word_1_38' title='bbox 1078 694 1304 770; x_wconf 70' lang='grc' dir='ltr'>βλέπον,</span> <span class='ocrx_word' id='word_1_39' title='bbox 1351 700 1644 770; x_wconf 85' lang='grc' dir='ltr'>προσεῖχεν</span> <span class='ocrx_word' id='word_1_40' title='bbox 1693 696 1766 756; x_wconf 84' lang='grc' dir='ltr'>ὡς</span> <span class='ocrx_word' id='word_1_41' title='bbox 1798 692 1940 763; x_wconf 83' lang='grc' dir='ltr'>ἀλη-</span> 
     </span>
    </p>
   </div>
   <div class='ocr_carea' id='block_1_7' title="bbox 283 779 1942 854">
    <p class='ocr_par' dir='ltr' id='par_1_7' title="bbox 283 779 1942 854">
     <span class='ocr_line' id='line_1_7' title="bbox 283 779 1942 854; baseline -0.002 -19"><span class='ocrx_word' id='word_1_42' title='bbox 283 783 365 835; x_wconf 84' lang='grc' dir='ltr'>θεῖ</span> <span class='ocrx_word' id='word_1_43' title='bbox 396 779 999 854; x_wconf 77' lang='grc' dir='ltr'>εἷδωλοπλαστουμὲνῳ</span> <span class='ocrx_word' id='word_1_44' title='bbox 1045 786 1113 854; x_wconf 81' lang='grc' dir='ltr'>τῇ</span> <span class='ocrx_word' id='word_1_45' title='bbox 1174 783 1458 854; x_wconf 76' lang='grc' dir='ltr'>φαντασίᾳ,</span> <span class='ocrx_word' id='word_1_46' title='bbox 1507 782 1595 835; x_wconf 80' lang='grc' dir='ltr'>καὶ</span> <span class='ocrx_word' id='word_1_47' title='bbox 1641 782 1670 834; x_wconf 78' lang='grc' dir='ltr'>’ὁ</span> <span class='ocrx_word' id='word_1_48' title='bbox 1731 780 1942 835; x_wconf 83' lang='grc' dir='ltr'>ὑπενόει</span> 
     </span>
    </p>
   </div>
   <div class='ocr_carea' id='block_1_8' title="bbox 288 870 1941 946">
    <p class='ocr_par' dir='ltr' id='par_1_8' title="bbox 288 870 1941 946">
     <span class='ocr_line' id='line_1_8' title="bbox 288 870 1941 946; baseline 0.001 -22"><span class='ocrx_word' id='word_1_49' title='bbox 288 871 452 943; x_wconf 86' lang='grc' dir='ltr'>μόνον</span> <span class='ocrx_word' id='word_1_50' title='bbox 487 871 561 932; x_wconf 84' lang='grc' dir='ltr'>ὡς</span> <span class='ocrx_word' id='word_1_51' title='bbox 594 871 650 924; x_wconf 79' lang='grc' dir='ltr'>ὃν</span> <span class='ocrx_word' id='word_1_52' title='bbox 686 870 1004 939; x_wconf 85' lang='grc' dir='ltr'>ὑπετόπαζε.</span> <span class='ocrx_word' id='word_1_53' title='bbox 1060 871 1119 924; x_wconf 89' lang='grc' dir='ltr'>Τί</span> <span class='ocrx_word' id='word_1_54' title='bbox 1178 873 1279 946; x_wconf 72' lang='grc' dir='ltr'>γάρ</span> <span class='ocrx_word' id='word_1_55' title='bbox 1338 870 1567 932; x_wconf 86' lang='grc' dir='ltr'>ἐκείνοις</span> <span class='ocrx_word' id='word_1_56' title='bbox 1601 874 1680 942; x_wconf 78' lang='grc' dir='ltr'>[Ρ.</span> <span class='ocrx_word' id='word_1_57' title='bbox 1721 872 1843 941; x_wconf 84' lang='grc'>163]</span> <span class='ocrx_word' id='word_1_58' title='bbox 1875 871 1941 937; x_wconf 83' lang='grc' dir='ltr'>ἡ·</span> 
     </span>
    </p>
   </div>
   <div class='ocr_carea' id='block_1_9' title="bbox 288 956 1945 1035">
    <p class='ocr_par' dir='ltr' id='par_1_9' title="bbox 288 956 1945 1035">
     <span class='ocr_line' id='line_1_9' title="bbox 288 956 1945 1035; baseline -0.001 -21"><span class='ocrx_word' id='word_1_59' title='bbox 288 959 520 1035; x_wconf 70' lang='grc' dir='ltr'>βούλετο</span> <span class='ocrx_word' id='word_1_60' title='bbox 569 960 630 1013; x_wconf 87' lang='grc' dir='ltr'>τὸ</span> <span class='ocrx_word' id='word_1_61' title='bbox 679 961 747 1013; x_wconf 75' lang='grc' dir='ltr'>τά</span> <span class='ocrx_word' id='word_1_62' title='bbox 794 958 1103 1034; x_wconf 72' lang='grc' dir='ltr'>ἀνόπαρκτα</span> <span class='ocrx_word' id='word_1_63' title='bbox 1156 961 1231 1023; x_wconf 84' lang='grc' dir='ltr'>ὡς</span> <span class='ocrx_word' id='word_1_64' title='bbox 1277 960 1327 1014; x_wconf 91' lang='grc' dir='ltr'>ἐν</span> <span class='ocrx_word' id='word_1_65' title='bbox 1373 961 1663 1014; x_wconf 76' lang='grc' dir='ltr'>ὑποστάσει</span> <span class='ocrx_word' id='word_1_66' title='bbox 1696 956 1823 1013; x_wconf 81' lang='grc' dir='ltr'>ὄντα</span> <span class='ocrx_word' id='word_1_67' title='bbox 1852 980 1945 1012; x_wconf 79' lang='grc' dir='ltr'>πι-</span> 
     </span>
    </p>
   </div>
   <div class='ocr_carea' id='block_1_10' title="bbox 286 1046 1945 1123">
    <p class='ocr_par' dir='ltr' id='par_1_10' title="bbox 286 1046 1945 1123">
     <span class='ocr_line' id='line_1_10' title="bbox 286 1046 1945 1123; baseline -0.001 -21"><span class='ocrx_word' id='word_1_68' title='bbox 286 1053 565 1115; x_wconf 72' lang='grc' dir='ltr'>στοῦσθαι,</span> <span class='ocrx_word' id='word_1_69' title='bbox 620 1050 672 1101; x_wconf 74' lang='grc' dir='ltr'>οἱ</span> <span class='ocrx_word' id='word_1_70' title='bbox 722 1046 767 1102; x_wconf 89' lang='grc' dir='ltr'>δ’</span> <span class='ocrx_word' id='word_1_71' title='bbox 815 1049 1105 1111; x_wconf 74' lang='grc' dir='ltr'>ἀκούοντες</span> <span class='ocrx_word' id='word_1_72' title='bbox 1146 1054 1251 1103; x_wconf 81' lang='grc' dir='ltr'>τῶν</span> <span class='ocrx_word' id='word_1_73' title='bbox 1285 1050 1514 1123; x_wconf 76' lang='grc' dir='ltr'>πρόσθεν</span> <span class='ocrx_word' id='word_1_74' title='bbox 1570 1052 1663 1123; x_wconf 75' lang='grc' dir='ltr'>μὲν</span> <span class='ocrx_word' id='word_1_75' title='bbox 1699 1048 1945 1120; x_wconf 72' lang='grc' dir='ltr'>ἐξεκρού-</span> 
     </span>
    </p>
   </div>
   <div class='ocr_carea' id='block_1_11' title="bbox 288 1134 1946 1213">
    <p class='ocr_par' dir='ltr' id='par_1_11' title="bbox 288 1134 1946 1213">
     <span class='ocr_line' id='line_1_11' title="bbox 288 1134 1946 1213; baseline 0.001 -24"><span class='ocrx_word' id='word_1_76' title='bbox 288 1160 429 1206; x_wconf 88' lang='grc' dir='ltr'>οντο,</span> <span class='ocrx_word' id='word_1_77' title='bbox 463 1134 967 1213; x_wconf 76' lang='grc' dir='ltr'>παλινδρομοῦντες</span> <span class='ocrx_word' id='word_1_78' title='bbox 1002 1136 1046 1192; x_wconf 84' lang='grc' dir='ltr'>δ’</span> <span class='ocrx_word' id='word_1_79' title='bbox 1090 1138 1141 1199; x_wconf 91' lang='grc' dir='ltr'>ἐς</span> <span class='ocrx_word' id='word_1_80' title='bbox 1194 1138 1379 1200; x_wconf 75' lang='grc' dir='ltr'>οἷ’κους</span> <span class='ocrx_word' id='word_1_81' title='bbox 1434 1141 1485 1193; x_wconf 75' lang='grc' dir='ltr'>οἱ</span> <span class='ocrx_word' id='word_1_82' title='bbox 1535 1141 1629 1211; x_wconf 70' lang='grc' dir='ltr'>μὲν</span> <span class='ocrx_word' id='word_1_83' title='bbox 1686 1144 1805 1199; x_wconf 86' lang='grc' dir='ltr'>ταῖς</span> <span class='ocrx_word' id='word_1_84' title='bbox 1835 1160 1946 1211; x_wconf 87' lang='grc' dir='ltr'>γω-</span> 
     </span>
    </p>
   </div>
   <div class='ocr_carea' id='block_1_12' title="bbox 284 1227 1946 1308">
    <p class='ocr_par' dir='ltr' id='par_1_12' title="bbox 284 1227 1946 1308">
     <span class='ocr_line' id='line_1_12' title="bbox 284 1227 1946 1308; baseline -0.001 -26"><span class='ocrx_word' id='word_1_85' title='bbox 284 1228 419 1290; x_wconf 84' lang='grc' dir='ltr'>νίαις</span> <span class='ocrx_word' id='word_1_86' title='bbox 454 1228 675 1298; x_wconf 81' lang='grc' dir='ltr'>ἐζήτουν</span> <span class='ocrx_word' id='word_1_87' title='bbox 728 1227 1095 1305; x_wconf 73' lang='grc' dir='ltr'>παραδύεσθαι</span> <span class='ocrx_word' id='word_1_88' title='bbox 1126 1232 1263 1285; x_wconf 68' lang='grc' dir='ltr'>κατὰ</span> <span class='ocrx_word' id='word_1_89' title='bbox 1307 1230 1370 1285; x_wconf 88' lang='grc' dir='ltr'>τὸ</span> <span class='ocrx_word' id='word_1_90' title='bbox 1424 1231 1604 1308; x_wconf 83' lang='grc' dir='ltr'>σφίσιν</span> <span class='ocrx_word' id='word_1_91' title='bbox 1636 1231 1819 1290; x_wconf 78' lang='grc' dir='ltr'>αὗτοῖς</span> <span class='ocrx_word' id='word_1_92' title='bbox 1872 1228 1946 1288; x_wconf 84' lang='grc' dir='ltr'>εἷς</span> 
     </span>
    </p>
   </div>
   <div class='ocr_carea' id='block_1_13' title="bbox 285 1320 1950 1396">
    <p class='ocr_par' dir='ltr' id='par_1_13' title="bbox 285 1320 1950 1396">
     <span class='ocr_line' id='line_1_13' title="bbox 285 1320 1950 1396; baseline 0 -25"><span class='ocrx_word' id='word_1_93' title='bbox 285 1320 560 1394; x_wconf 76' lang='grc' dir='ltr'>σωτηρίαν</span> <span class='ocrx_word' id='word_1_94' title='bbox 625 1320 805 1373; x_wconf 74' lang='grc' dir='ltr'>ἱκανὸν</span> <span class='ocrx_word' id='word_1_95' title='bbox 868 1322 1272 1393; x_wconf 84' lang='grc' dir='ltr'>νομιζόμενον,</span> <span class='ocrx_word' id='word_1_96' title='bbox 1333 1320 1423 1374; x_wconf 83' lang='grc' dir='ltr'>καὶ</span> <span class='ocrx_word' id='word_1_97' title='bbox 1484 1322 1536 1373; x_wconf 77' lang='lat' dir='ltr'>oi</span> <span class='ocrx_word' id='word_1_98' title='bbox 1598 1320 1692 1392; x_wconf 74' lang='grc' dir='ltr'>μὲν</span> <span class='ocrx_word' id='word_1_99' title='bbox 1746 1321 1950 1396; x_wconf 79' lang='grc' dir='ltr'>τάφους</span> 
     </span>
    </p>
   </div>
   <div class='ocr_carea' id='block_1_14' title="bbox 1789 1408 1950 1464">
    <p class='ocr_par' dir='ltr' id='par_1_14' title="bbox 1789 1408 1950 1464">
     <span class='ocr_line' id='line_1_14' title="bbox 1789 1408 1950 1464; baseline 0 0"><span class='ocrx_word' id='word_1_100' title='bbox 1789 1412 1841 1464; x_wconf 69' lang='grc' dir='ltr'>οἱ</span> <span class='ocrx_word' id='word_1_101' title='bbox 1904 1408 1950 1464; x_wconf 88' lang='grc' dir='ltr'>δ’</span> 
     </span>
    </p>
   </div>
   <div class='ocr_carea' id='block_1_15' title="bbox 289 1497 1954 1577">
    <p class='ocr_par' dir='ltr' id='par_1_15' title="bbox 289 1497 1954 1577">
     <span class='ocr_line' id='line_1_15' title="bbox 289 1497 1954 1577; baseline -0.001 -24"><span class='ocrx_word' id='word_1_102' title='bbox 289 1498 553 1577; x_wconf 69' lang='grc' dir='ltr'>ἀσφαλέσι</span> <span class='ocrx_word' id='word_1_103' title='bbox 611 1499 806 1561; x_wconf 84' lang='grc' dir='ltr'>τόποις</span> <span class='ocrx_word' id='word_1_104' title='bbox 867 1501 1089 1563; x_wconf 71' lang='grc' dir='ltr'>ἑαυτοὺς</span> <span class='ocrx_word' id='word_1_105' title='bbox 1149 1500 1512 1575; x_wconf 77' lang='grc' dir='ltr'>ἐνεπίστευον·</span> <span class='ocrx_word' id='word_1_106' title='bbox 1565 1498 1727 1555; x_wconf 73' lang='grc' dir='ltr'>ἄλλοι</span> <span class='ocrx_word' id='word_1_107' title='bbox 1780 1497 1837 1554; x_wconf 76' lang='grc' dir='ltr'>δὲ</span> <span class='ocrx_word' id='word_1_108' title='bbox 1868 1500 1954 1554; x_wconf 85' lang='grc' dir='ltr'>ἆν-</span> 
     </span>
    </p>
   </div>
   <div class='ocr_carea' id='block_1_16' title="bbox 298 1588 1956 1667">
    <p class='ocr_par' dir='ltr' id='par_1_16' title="bbox 298 1588 1956 1667">
     <span class='ocr_line' id='line_1_16' title="bbox 298 1588 1956 1667; baseline 0.001 -23"><span class='ocrx_word' id='word_1_109' title='bbox 298 1588 500 1665; x_wconf 77' lang='grc' dir='ltr'>δρῶδέε</span> <span class='ocrx_word' id='word_1_110' title='bbox 532 1612 583 1645; x_wconf 91' lang='grc' dir='ltr'>τι</span> <span class='ocrx_word' id='word_1_111' title='bbox 611 1590 701 1644; x_wconf 78' lang='grc' dir='ltr'>καὶ</span> <span class='ocrx_word' id='word_1_112' title='bbox 732 1590 1032 1667; x_wconf 58' lang='grc' dir='ltr'>θαρραλέον</span> <span class='ocrx_word' id='word_1_113' title='bbox 1082 1592 1379 1667; x_wconf 71' lang='grc' dir='ltr'>ἡγούμενοι</span> <span class='ocrx_word' id='word_1_114' title='bbox 1420 1595 1673 1667; x_wconf 85' lang='grc' dir='ltr'>πράττειν</span> <span class='ocrx_word' id='word_1_115' title='bbox 1700 1590 1846 1647; x_wconf 71' lang='grc' dir='ltr'>ὅπλα</span> <span class='ocrx_word' id='word_1_116' title='bbox 1897 1613 1956 1646; x_wconf 92' lang='grc' dir='ltr'>τε</span> 
     </span>
    </p>
   </div>
   <div class='ocr_carea' id='block_1_17' title="bbox 298 1676 1954 1753">
    <p class='ocr_par' dir='ltr' id='par_1_17' title="bbox 298 1676 1954 1753">
     <span class='ocr_line' id='line_1_17' title="bbox 298 1676 1954 1753; baseline 0 -22"><span class='ocrx_word' id='word_1_117' title='bbox 298 1679 636 1750; x_wconf 85' lang='grc' dir='ltr'>περιετιθουν</span> <span class='ocrx_word' id='word_1_118' title='bbox 696 1678 784 1731; x_wconf 76' lang='grc' dir='ltr'>καὶ</span> <span class='ocrx_word' id='word_1_119' title='bbox 846 1677 1081 1753; x_wconf 78' lang='grc' dir='ltr'>λόγγαις</span> <span class='ocrx_word' id='word_1_120' title='bbox 1137 1679 1229 1732; x_wconf 79' lang='grc' dir='ltr'>σὺν</span> <span class='ocrx_word' id='word_1_121' title='bbox 1286 1678 1503 1734; x_wconf 82' lang='grc' dir='ltr'>ἀσπίσιν</span> <span class='ocrx_word' id='word_1_122' title='bbox 1563 1678 1808 1753; x_wconf 77' lang='grc' dir='ltr'>ἐχρῶντο</span> <span class='ocrx_word' id='word_1_123' title='bbox 1865 1676 1954 1732; x_wconf 86' lang='grc' dir='ltr'>καὶ</span> 
     </span>
    </p>
   </div>
   <div class='ocr_carea' id='block_1_18' title="bbox 298 1765 1957 1839">
    <p class='ocr_par' dir='ltr' id='par_1_18' title="bbox 298 1765 1957 1839">
     <span class='ocr_line' id='line_1_18' title="bbox 298 1765 1957 1839; baseline 0.002 -22"><span class='ocrx_word' id='word_1_124' title='bbox 298 1767 388 1818; x_wconf 85' lang='grc' dir='ltr'>τὸν</span> <span class='ocrx_word' id='word_1_125' title='bbox 449 1766 794 1839; x_wconf 72' lang='grc' dir='ltr'>ἡγησόμενον</span> <span class='ocrx_word' id='word_1_126' title='bbox 855 1767 1161 1837; x_wconf 84' lang='grc' dir='ltr'>ἐξεζήτουν.</span> <span class='ocrx_word' id='word_1_127' title='bbox 1222 1770 1392 1822; x_wconf 88' lang='grc' dir='ltr'>Ἦσαν</span> <span class='ocrx_word' id='word_1_128' title='bbox 1456 1765 1514 1822; x_wconf 73' lang='grc' dir='ltr'>δὲ</span> <span class='ocrx_word' id='word_1_129' title='bbox 1541 1768 1663 1822; x_wconf 91' lang='grc' dir='ltr'>τότε</span> <span class='ocrx_word' id='word_1_130' title='bbox 1695 1769 1723 1821; x_wconf 86' lang='grc' dir='ltr'><strong>ὁ</strong></span> <span class='ocrx_word' id='word_1_131' title='bbox 1758 1768 1852 1839; x_wconf 74' lang='grc' dir='ltr'>μὲν</span> <span class='ocrx_word' id='word_1_132' title='bbox 1881 1766 1957 1827; x_wconf 77' lang='grc' dir='ltr'>είς</span> 
     </span>
    </p>
   </div>
   <div class='ocr_carea' id='block_1_19' title="bbox 286 1408 1703 1485">
    <p class='ocr_par' dir='ltr' id='par_1_19' title="bbox 286 1408 1703 1485">
     <span class='ocr_line' id='line_1_19' title="bbox 286 1408 1703 1485; baseline 0 -22"><span class='ocrx_word' id='word_1_133' title='bbox 286 1408 457 1464; x_wconf 85' lang='grc' dir='ltr'>πάλαι</span> <span class='ocrx_word' id='word_1_134' title='bbox 516 1412 962 1473; x_wconf 86' lang='grc' dir='ltr'>κατατεθνεώτων</span> <span class='ocrx_word' id='word_1_135' title='bbox 1019 1412 1362 1485; x_wconf 80' lang='grc' dir='ltr'>ἀνοιγνόντες</span> <span class='ocrx_word' id='word_1_136' title='bbox 1423 1410 1703 1481; x_wconf 77' lang='grc' dir='ltr'>εἶ’σὲδυον,</span> 
     </span>
    </p>
   </div>
   <div class='ocr_carea' id='block_1_20' title="bbox 2052 600 3713 677">
    <p class='ocr_par' dir='ltr' id='par_1_20' title="bbox 2052 600 3713 677">
     <span class='ocr_line' id='line_1_20' title="bbox 2052 600 3713 677; baseline 0.001 -21"><span class='ocrx_word' id='word_1_137' title='bbox 2052 602 2250 658; x_wconf 87' lang='grc' dir='ltr'>ἐκεῖθεν</span> <span class='ocrx_word' id='word_1_138' title='bbox 2316 604 2433 675; x_wconf 81' lang='grc' dir='ltr'>μεθ’</span> <span class='ocrx_word' id='word_1_139' title='bbox 2496 604 2677 677; x_wconf 81' lang='grc' dir='ltr'>ὁρμῆς</span> <span class='ocrx_word' id='word_1_140' title='bbox 2724 600 3085 674; x_wconf 80' lang='grc' dir='ltr'>ἐξαλλόμενοι</span> <span class='ocrx_word' id='word_1_141' title='bbox 3146 600 3299 656; x_wconf 71' lang='grc' dir='ltr'>οὐδὲν</span> <span class='ocrx_word' id='word_1_142' title='bbox 3361 602 3547 677; x_wconf 84' lang='grc' dir='ltr'>ἐώρων</span> <span class='ocrx_word' id='word_1_143' title='bbox 3604 609 3713 659; x_wconf 82' lang='grc' dir='ltr'>τῶν</span> 
     </span>
    </p>
   </div>
   <div class='ocr_carea' id='block_1_21' title="bbox 2054 689 3714 768">
    <p class='ocr_par' dir='ltr' id='par_1_21' title="bbox 2054 689 3714 768">
     <span class='ocr_line' id='line_1_21' title="bbox 2054 689 3714 768; baseline 0 -19"><span class='ocrx_word' id='word_1_144' title='bbox 2054 692 2389 768; x_wconf 73' lang='grc' dir='ltr'>λεγομὲνων,</span> <span class='ocrx_word' id='word_1_145' title='bbox 2463 693 2644 765; x_wconf 88' lang='grc' dir='ltr'>μόνων</span> <span class='ocrx_word' id='word_1_146' title='bbox 2720 689 2778 746; x_wconf 73' lang='grc' dir='ltr'>δὲ</span> <span class='ocrx_word' id='word_1_147' title='bbox 2858 689 3112 764; x_wconf 77' lang='grc' dir='ltr'>ὀδυρμῶν</span> <span class='ocrx_word' id='word_1_148' title='bbox 3185 692 3275 748; x_wconf 79' lang='grc' dir='ltr'>καὶ</span> <span class='ocrx_word' id='word_1_149' title='bbox 3336 695 3714 768; x_wconf 78' lang='grc' dir='ltr'>στεναγμάτων</span> 
     </span>
    </p>
   </div>
   <div class='ocr_carea' id='block_1_22' title="bbox 2052 780 3715 851">
    <p class='ocr_par' dir='ltr' id='par_1_22' title="bbox 2052 780 3715 851">
     <span class='ocr_line' id='line_1_22' title="bbox 2052 780 3715 851; baseline 0.001 -16"><span class='ocrx_word' id='word_1_150' title='bbox 2052 781 2253 851; x_wconf 79' lang='grc' dir='ltr'>ἤκουον</span> <span class='ocrx_word' id='word_1_151' title='bbox 2315 783 2390 843; x_wconf 87' lang='grc' dir='ltr'>ὡς</span> <span class='ocrx_word' id='word_1_152' title='bbox 2447 780 2677 842; x_wconf 80' lang='grc' dir='ltr'>ἁλόντος</span> <span class='ocrx_word' id='word_1_153' title='bbox 2735 784 2833 836; x_wconf 71' lang='grc' dir='ltr'>τοῦ</span> <span class='ocrx_word' id='word_1_154' title='bbox 2892 781 3078 843; x_wconf 82' lang='grc' dir='ltr'>ἄστεος</span> <span class='ocrx_word' id='word_1_155' title='bbox 3131 782 3222 836; x_wconf 84' lang='grc' dir='ltr'>καὶ</span> <span class='ocrx_word' id='word_1_156' title='bbox 3273 782 3349 844; x_wconf 84' lang='grc' dir='ltr'>ὡς</span> <span class='ocrx_word' id='word_1_157' title='bbox 3394 787 3492 837; x_wconf 76' lang='grc' dir='ltr'>τοῦ</span> <span class='ocrx_word' id='word_1_158' title='bbox 3539 781 3715 838; x_wconf 80' lang='grc' dir='ltr'>δεινοῦ</span> 
     </span>
    </p>
   </div>
   <div class='ocr_carea' id='block_1_23' title="bbox 2055 869 3714 948">
    <p class='ocr_par' dir='ltr' id='par_1_23' title="bbox 2055 869 3714 948">
     <span class='ocr_line' id='line_1_23' title="bbox 2055 869 3714 948; baseline 0.001 -22"><span class='ocrx_word' id='word_1_159' title='bbox 2055 871 2231 945; x_wconf 83' lang='grc' dir='ltr'>σφίσιν</span> <span class='ocrx_word' id='word_1_160' title='bbox 2279 870 2331 925; x_wconf 85' lang='grc' dir='ltr'>ἐν</span> <span class='ocrx_word' id='word_1_161' title='bbox 2382 875 2507 946; x_wconf 87' lang='grc' dir='ltr'>χρῷ</span> <span class='ocrx_word' id='word_1_162' title='bbox 2562 869 2871 945; x_wconf 86' lang='grc' dir='ltr'>γεγονότος,</span> <span class='ocrx_word' id='word_1_163' title='bbox 2930 870 3021 925; x_wconf 81' lang='grc' dir='ltr'>καὶ</span> <span class='ocrx_word' id='word_1_164' title='bbox 3081 879 3276 947; x_wconf 82' lang='grc' dir='ltr'>σχῆμα</span> <span class='ocrx_word' id='word_1_165' title='bbox 3331 872 3397 941; x_wconf 77' lang='grc' dir='ltr'>ἦν</span> <span class='ocrx_word' id='word_1_166' title='bbox 3458 870 3714 948; x_wconf 82' lang='grc' dir='ltr'>ἄντικρυς</span> 
     </span>
    </p>
   </div>
   <div class='ocr_carea' id='block_1_24' title="bbox 2056 958 3715 1033">
    <p class='ocr_par' dir='ltr' id='par_1_24' title="bbox 2056 958 3715 1033">
     <span class='ocr_line' id='line_1_24' title="bbox 2056 958 3715 1033; baseline 0.001 -18"><span class='ocrx_word' id='word_1_167' title='bbox 2056 959 2297 1029; x_wconf 81' lang='grc' dir='ltr'>ἀλούσης</span> <span class='ocrx_word' id='word_1_168' title='bbox 2356 961 2574 1021; x_wconf 77' lang='grc' dir='ltr'>πόλεως</span> <span class='ocrx_word' id='word_1_169' title='bbox 2632 960 2699 1014; x_wconf 82' lang='grc' dir='ltr'>τὰ</span> <span class='ocrx_word' id='word_1_170' title='bbox 2754 958 3123 1033; x_wconf 87' lang='grc' dir='ltr'>πραττόμενα,</span> <span class='ocrx_word' id='word_1_171' title='bbox 3179 961 3326 1030; x_wconf 75' lang='grc' dir='ltr'>πλὴν</span> <span class='ocrx_word' id='word_1_172' title='bbox 3387 962 3486 1016; x_wconf 80' lang='grc' dir='ltr'>οὐκ</span> <span class='ocrx_word' id='word_1_173' title='bbox 3518 961 3579 1017; x_wconf 85' lang='grc' dir='ltr'>ἐκ</span> <span class='ocrx_word' id='word_1_174' title='bbox 3606 967 3715 1017; x_wconf 81' lang='grc' dir='ltr'>τῶν</span> 
     </span>
    </p>
   </div>
   <div class='ocr_carea' id='block_1_25' title="bbox 2060 1047 3717 1125">
    <p class='ocr_par' dir='ltr' id='par_1_25' title="bbox 2060 1047 3717 1125">
     <span class='ocr_line' id='line_1_25' title="bbox 2060 1047 3717 1125; baseline 0.002 -22"><span class='ocrx_word' id='word_1_175' title='bbox 2060 1047 2313 1124; x_wconf 82' lang='grc' dir='ltr'>δρώντων</span> <span class='ocrx_word' id='word_1_176' title='bbox 2349 1048 2763 1121; x_wconf 77' lang='grc' dir='ltr'>εἰκονιζομὲνων</span> <span class='ocrx_word' id='word_1_177' title='bbox 2823 1053 2932 1103; x_wconf 81' lang='grc' dir='ltr'>τῶν</span> <span class='ocrx_word' id='word_1_178' title='bbox 2987 1047 3273 1125; x_wconf 79' lang='grc' dir='ltr'>χαλεπῶν,</span> <span class='ocrx_word' id='word_1_179' title='bbox 3336 1050 3463 1106; x_wconf 77' lang='grc' dir='ltr'>ἀλλ’</span> <span class='ocrx_word' id='word_1_180' title='bbox 3521 1050 3581 1106; x_wconf 83' lang='grc' dir='ltr'>ἐκ</span> <span class='ocrx_word' id='word_1_181' title='bbox 3607 1057 3717 1107; x_wconf 82' lang='grc' dir='ltr'>τῶν</span> 
     </span>
    </p>
   </div>
   <div class='ocr_carea' id='block_1_26' title="bbox 2058 1135 3720 1215">
    <p class='ocr_par' dir='ltr' id='par_1_26' title="bbox 2058 1135 3720 1215">
     <span class='ocr_line' id='line_1_26' title="bbox 2058 1135 3720 1215; baseline 0.002 -22"><span class='ocrx_word' id='word_1_182' title='bbox 2058 1137 2385 1212; x_wconf 80' lang='grc' dir='ltr'>πασχόντων</span> <span class='ocrx_word' id='word_1_183' title='bbox 2444 1138 2511 1192; x_wconf 72' lang='grc' dir='ltr'>τά</span> <span class='ocrx_word' id='word_1_184' title='bbox 2551 1145 2651 1207; x_wconf 84' lang='grc' dir='ltr'>τῆς</span> <span class='ocrx_word' id='word_1_185' title='bbox 2704 1135 2981 1199; x_wconf 80' lang='grc' dir='ltr'>ἁλώσεως.</span> <span class='ocrx_word' id='word_1_186' title='bbox 3045 1137 3123 1195; x_wconf 76' lang='grc' dir='ltr'>Οὐ</span> <span class='ocrx_word' id='word_1_187' title='bbox 3180 1139 3280 1215; x_wconf 79' lang='grc' dir='ltr'>γὰρ</span> <span class='ocrx_word' id='word_1_188' title='bbox 3337 1141 3487 1202; x_wconf 87' lang='grc' dir='ltr'>κενὸς</span> <span class='ocrx_word' id='word_1_189' title='bbox 3537 1139 3720 1196; x_wconf 75' lang='grc' dir='ltr'>ἐκάλει</span> 
     </span>
    </p>
   </div>
   <div class='ocr_carea' id='block_1_27' title="bbox 2059 1226 3720 1303">
    <p class='ocr_par' dir='ltr' id='par_1_27' title="bbox 2059 1226 3720 1303">
     <span class='ocr_line' id='line_1_27' title="bbox 2059 1226 3720 1303; baseline 0.002 -21"><span class='ocrx_word' id='word_1_190' title='bbox 2059 1228 2209 1282; x_wconf 83' lang='grc' dir='ltr'>κενὸν</span> <span class='ocrx_word' id='word_1_191' title='bbox 2270 1228 2345 1288; x_wconf 88' lang='grc' dir='ltr'>ὡς</span> <span class='ocrx_word' id='word_1_192' title='bbox 2405 1226 2723 1300; x_wconf 81' lang='grc' dir='ltr'>Ληψόμενος</span> <span class='ocrx_word' id='word_1_193' title='bbox 2775 1228 2866 1281; x_wconf 88' lang='grc' dir='ltr'>τὸν</span> <span class='ocrx_word' id='word_1_194' title='bbox 2924 1227 3089 1302; x_wconf 86' lang='grc' dir='ltr'>ἀργὸν</span> <span class='ocrx_word' id='word_1_195' title='bbox 3149 1229 3285 1303; x_wconf 87' lang='grc' dir='ltr'>πρὸς</span> <span class='ocrx_word' id='word_1_196' title='bbox 3330 1230 3393 1283; x_wconf 88' lang='grc' dir='ltr'>τὸ</span> <span class='ocrx_word' id='word_1_197' title='bbox 3426 1228 3720 1303; x_wconf 72' lang='grc' dir='ltr'>λήψεσθαι,</span> 
     </span>
    </p>
   </div>
   <div class='ocr_carea' id='block_1_28' title="bbox 2063 1312 3718 1393">
    <p class='ocr_par' dir='ltr' id='par_1_28' title="bbox 2063 1312 3718 1393">
     <span class='ocr_line' id='line_1_28' title="bbox 2063 1312 3718 1393; baseline 0.002 -24"><span class='ocrx_word' id='word_1_198' title='bbox 2063 1313 2187 1370; x_wconf 76' lang='grc' dir='ltr'>οὐδὲ</span> <span class='ocrx_word' id='word_1_199' title='bbox 2214 1313 2438 1389; x_wconf 78' lang='grc' dir='ltr'>πλήρης</span> <span class='ocrx_word' id='word_1_200' title='bbox 2475 1315 2547 1369; x_wconf 85' lang='grc' dir='ltr'>ὥν</span> <span class='ocrx_word' id='word_1_201' title='bbox 2580 1312 2752 1377; x_wconf 76' lang='grc' dir='ltr'>ἄλλος</span> <span class='ocrx_word' id='word_1_202' title='bbox 2805 1317 3150 1390; x_wconf 81' lang='grc' dir='ltr'>παρώτρυνεν</span> <span class='ocrx_word' id='word_1_203' title='bbox 3200 1313 3409 1393; x_wconf 71' lang='grc' dir='ltr'>ἕτερον,</span> <span class='ocrx_word' id='word_1_204' title='bbox 3443 1316 3571 1372; x_wconf 84' lang='grc' dir='ltr'>ἀλλ’</span> <span class='ocrx_word' id='word_1_205' title='bbox 3603 1321 3718 1373; x_wconf 85' lang='grc' dir='ltr'>οἷον</span> 
     </span>
    </p>
   </div>
   <div class='ocr_carea' id='block_1_29' title="bbox 2062 1400 3725 1483">
    <p class='ocr_par' dir='ltr' id='par_1_29' title="bbox 2062 1400 3725 1483">
     <span class='ocr_line' id='line_1_29' title="bbox 2062 1400 3725 1483; baseline 0.002 -24"><span class='ocrx_word' id='word_1_206' title='bbox 2062 1404 2447 1468; x_wconf 81' lang='grc' dir='ltr'>ἐκσπασθέντες</span> <span class='ocrx_word' id='word_1_207' title='bbox 2501 1408 2579 1476; x_wconf 80' lang='grc' dir='ltr'>τῷ</span> <span class='ocrx_word' id='word_1_208' title='bbox 2654 1400 3003 1483; x_wconf 77' lang='grc' dir='ltr'>φοϐόληπτοι</span> <span class='ocrx_word' id='word_1_209' title='bbox 3077 1407 3398 1481; x_wconf 68' lang='grc' dir='ltr'>γεγονέναι,</span> <span class='ocrx_word' id='word_1_210' title='bbox 3458 1407 3548 1461; x_wconf 84' lang='grc' dir='ltr'>καὶ</span> <span class='ocrx_word' id='word_1_211' title='bbox 3604 1413 3725 1470; x_wconf 88' lang='grc' dir='ltr'>τοῖς</span> 
     </span>
    </p>
   </div>
   <div class='ocr_carea' id='block_1_30' title="bbox 2064 1492 3727 1568">
    <p class='ocr_par' dir='ltr' id='par_1_30' title="bbox 2064 1492 3727 1568">
     <span class='ocr_line' id='line_1_30' title="bbox 2064 1492 3727 1568; baseline 0.001 -19"><span class='ocrx_word' id='word_1_212' title='bbox 2064 1494 2291 1556; x_wconf 75' lang='grc' dir='ltr'>οἰκείοις</span> <span class='ocrx_word' id='word_1_213' title='bbox 2323 1492 2397 1556; x_wconf 85' lang='grc' dir='ltr'>ὠς</span> <span class='ocrx_word' id='word_1_214' title='bbox 2428 1492 2744 1567; x_wconf 83' lang='grc' dir='ltr'>ἀλλοτρίοις</span> <span class='ocrx_word' id='word_1_215' title='bbox 2774 1494 3223 1568; x_wconf 72' lang='grc' dir='ltr'>προσπταίοντες,</span> <span class='ocrx_word' id='word_1_216' title='bbox 3286 1496 3605 1551; x_wconf 84' lang='grc' dir='ltr'>ὑπώπτευον</span> <span class='ocrx_word' id='word_1_217' title='bbox 3634 1498 3727 1552; x_wconf 84' lang='grc' dir='ltr'>καὶ</span> 
     </span>
    </p>
   </div>
   <div class='ocr_carea' id='block_1_31' title="bbox 2063 1583 3724 1660">
    <p class='ocr_par' dir='ltr' id='par_1_31' title="bbox 2063 1583 3724 1660">
     <span class='ocr_line' id='line_1_31' title="bbox 2063 1583 3724 1660; baseline 0.001 -21"><span class='ocrx_word' id='word_1_218' title='bbox 2063 1583 2191 1639; x_wconf 78' lang='grc' dir='ltr'>τοὺς</span> <span class='ocrx_word' id='word_1_219' title='bbox 2266 1584 2517 1653; x_wconf 79' lang='grc' dir='ltr'>συνήθεις</span> <span class='ocrx_word' id='word_1_220' title='bbox 2593 1583 2669 1645; x_wconf 86' lang='grc' dir='ltr'>ὡς</span> <span class='ocrx_word' id='word_1_221' title='bbox 2733 1583 3060 1657; x_wconf 87' lang='grc' dir='ltr'>πολεμίους,</span> <span class='ocrx_word' id='word_1_222' title='bbox 3136 1585 3282 1660; x_wconf 76' lang='grc' dir='ltr'>παρὰ</span> <span class='ocrx_word' id='word_1_223' title='bbox 3338 1589 3602 1640; x_wconf 77' lang='grc' dir='ltr'>τοσοῦτον</span> <span class='ocrx_word' id='word_1_224' title='bbox 3660 1587 3724 1641; x_wconf 78' lang='grc' dir='ltr'>οὐ</span> 
     </span>
    </p>
   </div>
   <div class='ocr_carea' id='block_1_32' title="bbox 2069 1671 3724 1751">
    <p class='ocr_par' dir='ltr' id='par_1_32' title="bbox 2069 1671 3724 1751">
     <span class='ocr_line' id='line_1_32' title="bbox 2069 1671 3724 1751; baseline 0.001 -24"><span class='ocrx_word' id='word_1_225' title='bbox 2069 1674 2393 1751; x_wconf 77' lang='grc' dir='ltr'>σφάττοντες</span> <span class='ocrx_word' id='word_1_226' title='bbox 2448 1674 2576 1745; x_wconf 85' lang='grc' dir='ltr'>παρ’</span> <span class='ocrx_word' id='word_1_227' title='bbox 2627 1671 2752 1727; x_wconf 79' lang='grc' dir='ltr'>ὅσον</span> <span class='ocrx_word' id='word_1_228' title='bbox 2806 1672 2896 1727; x_wconf 83' lang='grc' dir='ltr'>καὶ</span> <span class='ocrx_word' id='word_1_229' title='bbox 2951 1674 3015 1728; x_wconf 90' lang='grc' dir='ltr'>τὸ</span> <span class='ocrx_word' id='word_1_230' title='bbox 3072 1674 3210 1747; x_wconf 86' lang='grc' dir='ltr'>πρὸς</span> <span class='ocrx_word' id='word_1_231' title='bbox 3266 1672 3485 1729; x_wconf 84' lang='grc' dir='ltr'>ἐκείνων</span> <span class='ocrx_word' id='word_1_232' title='bbox 3532 1676 3724 1729; x_wconf 82' lang='grc' dir='ltr'>παθεῖν</span> 
     </span>
    </p>
   </div>
   <div class='ocr_carea' id='block_1_33' title="bbox 2070 1758 3727 1837">
    <p class='ocr_par' dir='ltr' id='par_1_33' title="bbox 2070 1758 3727 1837">
     <span class='ocr_line' id='line_1_33' title="bbox 2070 1758 3727 1837; baseline 0.002 -23"><span class='ocrx_word' id='word_1_233' title='bbox 2070 1760 2460 1829; x_wconf 79' lang='grc' dir='ltr'>ἐφυλάττοντο,</span> <span class='ocrx_word' id='word_1_234' title='bbox 2494 1758 2762 1837; x_wconf 77' lang='grc' dir='ltr'>δύσμοροι</span> <span class='ocrx_word' id='word_1_235' title='bbox 2791 1768 2892 1831; x_wconf 83' lang='grc' dir='ltr'>τῆς</span> <span class='ocrx_word' id='word_1_236' title='bbox 2920 1763 3234 1837; x_wconf 80' lang='grc' dir='ltr'>ὁμαιχμίας</span> <span class='ocrx_word' id='word_1_237' title='bbox 3287 1763 3377 1817; x_wconf 79' lang='grc' dir='ltr'>καὶ</span> <span class='ocrx_word' id='word_1_238' title='bbox 3410 1762 3597 1819; x_wconf 75' lang='grc' dir='ltr'>ἄθλιοι</span> <span class='ocrx_word' id='word_1_239' title='bbox 3625 1770 3727 1833; x_wconf 81' lang='grc' dir='ltr'>τῆς</span> 
     </span>
    </p>
   </div>
   <div class='ocr_carea' id='block_1_34' title="bbox 297 1847 3731 1943">
    <p class='ocr_par' dir='ltr' id='par_1_34' title="bbox 297 1847 3731 1943">
     <span class='ocr_line' id='line_1_34' title="bbox 297 1847 3731 1943; baseline -0.001 -35"><span class='ocrx_word' id='word_1_240' title='bbox 297 1854 629 1929; x_wconf 81' lang='grc' dir='ltr'>προστασίαν</span> <span class='ocrx_word' id='word_1_241' title='bbox 704 1862 806 1924; x_wconf 80' lang='grc' dir='ltr'>τῆς</span> <span class='ocrx_word' id='word_1_242' title='bbox 867 1854 1086 1917; x_wconf 88' lang='grc' dir='ltr'>πόλεως</span> <span class='ocrx_word' id='word_1_243' title='bbox 1142 1857 1470 1930; x_wconf 70' lang='grc' dir='ltr'>τεταγμένος</span> <span class='ocrx_word' id='word_1_244' title='bbox 1531 1857 1635 1910; x_wconf 81' lang='grc' dir='ltr'>οὐκ</span> <span class='ocrx_word' id='word_1_245' title='bbox 1692 1855 1748 1909; x_wconf 83' lang='grc' dir='ltr'>εὗ</span> <span class='ocrx_word' id='word_1_246' title='bbox 1799 1852 1958 1915; x_wconf 82' lang='grc' dir='ltr'>εἰδὼς</span> <span class='ocrx_word' id='word_1_247' title='bbox 1991 1878 2037 1943; x_wconf 79' lang='grc' dir='ltr'><strong>Β</strong></span> <span class='ocrx_word' id='word_1_248' title='bbox 2069 1852 2203 1905; x_wconf 71' lang='grc' dir='ltr'>κατὰ</span> <span class='ocrx_word' id='word_1_249' title='bbox 2262 1855 2395 1926; x_wconf 78' lang='grc' dir='ltr'>σφᾶς</span> <span class='ocrx_word' id='word_1_250' title='bbox 2437 1850 2746 1923; x_wconf 79' lang='grc' dir='ltr'>προθυμίας</span> <span class='ocrx_word' id='word_1_251' title='bbox 2793 1847 3041 1913; x_wconf 68' lang='grc' dir='ltr'>ἕκαστος.</span> <span class='ocrx_word' id='word_1_252' title='bbox 3098 1853 3236 1908; x_wconf 89' lang='grc' dir='ltr'>Τότε</span> <span class='ocrx_word' id='word_1_253' title='bbox 3288 1853 3378 1907; x_wconf 85' lang='grc' dir='ltr'>καὶ</span> <span class='ocrx_word' id='word_1_254' title='bbox 3437 1855 3489 1907; x_wconf 78' lang='lat' dir='ltr'>oi</span> <span class='ocrx_word' id='word_1_255' title='bbox 3530 1851 3583 1907; x_wconf 92' lang='grc' dir='ltr'>ἐν</span> <span class='ocrx_word' id='word_1_256' title='bbox 3617 1854 3731 1929; x_wconf 71' lang='grc' dir='ltr'>εἱρ-</span> 
     </span>
    </p>
   </div>
   <div class='ocr_carea' id='block_1_35' title="bbox 297 1942 1956 2018">
    <p class='ocr_par' dir='ltr' id='par_1_35' title="bbox 297 1942 1956 2018">
     <span class='ocr_line' id='line_1_35' title="bbox 297 1942 1956 2018; baseline 0.001 -21"><span class='ocrx_word' id='word_1_257' title='bbox 297 1942 583 2016; x_wconf 80' lang='grc' dir='ltr'>πολέμων,</span> <span class='ocrx_word' id='word_1_258' title='bbox 634 1942 780 1999; x_wconf 75' lang='grc' dir='ltr'>ἀλλὰ</span> <span class='ocrx_word' id='word_1_259' title='bbox 828 1943 1139 2018; x_wconf 80' lang='grc' dir='ltr'>λημμάτων</span> <span class='ocrx_word' id='word_1_260' title='bbox 1173 1946 1199 1999; x_wconf 87' lang='grc' dir='ltr'><strong>ὁ</strong></span> <span class='ocrx_word' id='word_1_261' title='bbox 1232 1942 1627 2014; x_wconf 82' lang='grc' dir='ltr'>Μανουηλίτης</span> <span class='ocrx_word' id='word_1_262' title='bbox 1662 1943 1956 2014; x_wconf 86' lang='grc' dir='ltr'>Νικόλαος,</span> 
     </span>
    </p>
   </div>
   <div class='ocr_carea' id='block_1_36' title="bbox 294 2030 1958 2109">
    <p class='ocr_par' dir='ltr' id='par_1_36' title="bbox 294 2030 1958 2109">
     <span class='ocr_line' id='line_1_36' title="bbox 294 2030 1958 2109; baseline 0.001 -23"><span class='ocrx_word' id='word_1_263' title='bbox 294 2036 463 2105; x_wconf 73' lang='grc' dir='ltr'>τιμὴν</span> <span class='ocrx_word' id='word_1_264' title='bbox 528 2031 674 2107; x_wconf 80' lang='grc' dir='ltr'>ἔχων</span> <span class='ocrx_word' id='word_1_265' title='bbox 732 2034 792 2088; x_wconf 86' lang='grc' dir='ltr'>τὸ</span> <span class='ocrx_word' id='word_1_266' title='bbox 848 2036 1225 2109; x_wconf 79' lang='grc' dir='ltr'>προκαθῆσθαι</span> <span class='ocrx_word' id='word_1_267' title='bbox 1278 2041 1379 2103; x_wconf 80' lang='grc' dir='ltr'>τῆς</span> <span class='ocrx_word' id='word_1_268' title='bbox 1438 2033 1669 2103; x_wconf 84' lang='grc' dir='ltr'>πόλεως,</span> <span class='ocrx_word' id='word_1_269' title='bbox 1706 2032 1869 2088; x_wconf 84' lang='grc' dir='ltr'>ἄλλοι</span> <span class='ocrx_word' id='word_1_270' title='bbox 1901 2030 1958 2087; x_wconf 74' lang='grc' dir='ltr'>δὶ</span> 
     </span>
    </p>
   </div>
   <div class='ocr_carea' id='block_1_37' title="bbox 297 2121 1960 2197">
    <p class='ocr_par' dir='ltr' id='par_1_37' title="bbox 297 2121 1960 2197">
     <span class='ocr_line' id='line_1_37' title="bbox 297 2121 1960 2197; baseline -0.001 -21"><span class='ocrx_word' id='word_1_271' title='bbox 297 2121 551 2176; x_wconf 83' lang='grc' dir='ltr'>πλεῖστοι</span> <span class='ocrx_word' id='word_1_272' title='bbox 608 2121 947 2195; x_wconf 86' lang='grc' dir='ltr'>πολεμικαῖς</span> <span class='ocrx_word' id='word_1_273' title='bbox 1005 2122 1313 2195; x_wconf 77' lang='grc' dir='ltr'>ἐμπειρίαις</span> <span class='ocrx_word' id='word_1_274' title='bbox 1359 2121 1815 2197; x_wconf 66' lang='grc' dir='ltr'>ἐντεθραμμένοι,</span> <span class='ocrx_word' id='word_1_275' title='bbox 1875 2124 1960 2183; x_wconf 85' lang='grc' dir='ltr'>οἷς</span> 
     </span>
    </p>
   </div>
   <div class='ocr_carea' id='block_1_38' title="bbox 299 2208 1960 2283">
    <p class='ocr_par' dir='ltr' id='par_1_38' title="bbox 299 2208 1960 2283">
     <span class='ocr_line' id='line_1_38' title="bbox 299 2208 1960 2283; baseline -0.001 -18"><span class='ocrx_word' id='word_1_276' title='bbox 299 2210 527 2283; x_wconf 69' lang='grc' dir='ltr'>οὐδεμία</span> <span class='ocrx_word' id='word_1_277' title='bbox 556 2232 638 2272; x_wconf 83' lang='grc' dir='ltr'>τις</span> <span class='ocrx_word' id='word_1_278' title='bbox 692 2210 814 2279; x_wconf 78' lang='grc' dir='ltr'>ἐνῆν</span> <span class='ocrx_word' id='word_1_279' title='bbox 864 2213 926 2265; x_wconf 89' lang='grc' dir='ltr'>τὸ</span> <span class='ocrx_word' id='word_1_280' title='bbox 983 2211 1242 2281; x_wconf 83' lang='grc' dir='ltr'>τηνικάδε</span> <span class='ocrx_word' id='word_1_281' title='bbox 1302 2210 1480 2265; x_wconf 80' lang='grc' dir='ltr'>ἔννοια</span> <span class='ocrx_word' id='word_1_282' title='bbox 1534 2216 1630 2265; x_wconf 73' lang='grc' dir='ltr'>τοῦ</span> <span class='ocrx_word' id='word_1_283' title='bbox 1689 2208 1960 2271; x_wconf 82' lang='grc' dir='ltr'>πολλάκις</span> 
     </span>
    </p>
   </div>
   <div class='ocr_carea' id='block_1_39' title="bbox 299 2297 1962 2378">
    <p class='ocr_par' dir='ltr' id='par_1_39' title="bbox 299 2297 1962 2378">
     <span class='ocr_line' id='line_1_39' title="bbox 299 2297 1962 2378; baseline 0 -24"><span class='ocrx_word' id='word_1_284' title='bbox 299 2300 390 2354; x_wconf 82' lang='grc' dir='ltr'>καὶ</span> <span class='ocrx_word' id='word_1_285' title='bbox 448 2297 645 2371; x_wconf 75' lang='grc' dir='ltr'>ψεῦδος</span> <span class='ocrx_word' id='word_1_286' title='bbox 699 2301 827 2354; x_wconf 73' lang='grc' dir='ltr'>εἶναι</span> <span class='ocrx_word' id='word_1_287' title='bbox 886 2301 949 2354; x_wconf 82' lang='grc' dir='ltr'>τὸ</span> <span class='ocrx_word' id='word_1_288' title='bbox 982 2300 1381 2378; x_wconf 80' lang='grc' dir='ltr'>φημιζόμενον,</span> <span class='ocrx_word' id='word_1_289' title='bbox 1437 2298 1583 2354; x_wconf 80' lang='grc' dir='ltr'>ἀλλὰ</span> <span class='ocrx_word' id='word_1_290' title='bbox 1624 2305 1754 2354; x_wconf 76' lang='grc' dir='ltr'>πᾶσι</span> <span class='ocrx_word' id='word_1_291' title='bbox 1779 2302 1962 2363; x_wconf 87' lang='grc' dir='ltr'>κοινὸς</span> 
     </span>
    </p>
   </div>
   <div class='ocr_carea' id='block_1_40' title="bbox 302 2384 1959 2466">
    <p class='ocr_par' dir='ltr' id='par_1_40' title="bbox 302 2384 1959 2466">
     <span class='ocr_line' id='line_1_40' title="bbox 302 2384 1959 2466; baseline -0.001 -23"><span class='ocrx_word' id='word_1_292' title='bbox 302 2388 699 2463; x_wconf 83' lang='grc' dir='ltr'>προσπεπαίκει</span> <span class='ocrx_word' id='word_1_293' title='bbox 760 2384 949 2462; x_wconf 77' lang='grc' dir='ltr'>φόϐος.</span> <span class='ocrx_word' id='word_1_294' title='bbox 1012 2390 1107 2443; x_wconf 83' lang='grc' dir='ltr'>Καὶ</span> <span class='ocrx_word' id='word_1_295' title='bbox 1166 2392 1242 2462; x_wconf 75' lang='grc' dir='ltr'>μὴ</span> <span class='ocrx_word' id='word_1_296' title='bbox 1300 2391 1465 2462; x_wconf 89' lang='grc' dir='ltr'>μόνον</span> <span class='ocrx_word' id='word_1_297' title='bbox 1516 2391 1578 2444; x_wconf 77' lang='grc' dir='ltr'>τὸ</span> <span class='ocrx_word' id='word_1_298' title='bbox 1634 2389 1770 2444; x_wconf 81' lang='grc' dir='ltr'>κατᾶ</span> <span class='ocrx_word' id='word_1_299' title='bbox 1826 2394 1959 2466; x_wconf 79' lang='grc' dir='ltr'>σφᾶς</span> 
     </span>
    </p>
   </div>
   <div class='ocr_carea' id='block_1_41' title="bbox 303 2476 1959 2547">
    <p class='ocr_par' dir='ltr' id='par_1_41' title="bbox 303 2476 1959 2547">
     <span class='ocr_line' id='line_1_41' title="bbox 303 2476 1959 2547; baseline 0.003 -17"><span class='ocrx_word' id='word_1_300' title='bbox 303 2476 524 2546; x_wconf 71' lang='grc' dir='ltr'>ἤθελον,</span> <span class='ocrx_word' id='word_1_301' title='bbox 577 2477 722 2533; x_wconf 84' lang='grc' dir='ltr'>ἀλλᾶ</span> <span class='ocrx_word' id='word_1_302' title='bbox 765 2478 855 2532; x_wconf 81' lang='grc' dir='ltr'>καὶ</span> <span class='ocrx_word' id='word_1_303' title='bbox 880 2479 943 2532; x_wconf 87' lang='grc' dir='ltr'>τὸ</span> <span class='ocrx_word' id='word_1_304' title='bbox 973 2478 1107 2533; x_wconf 81' lang='grc' dir='ltr'>κατᾶ</span> <span class='ocrx_word' id='word_1_305' title='bbox 1138 2484 1311 2533; x_wconf 79' lang='grc' dir='ltr'>πᾶσαν</span> <span class='ocrx_word' id='word_1_306' title='bbox 1337 2481 1436 2547; x_wconf 80' lang='grc' dir='ltr'>τήν</span> <span class='ocrx_word' id='word_1_307' title='bbox 1463 2477 1626 2534; x_wconf 89' lang='grc' dir='ltr'>πόλιν</span> <span class='ocrx_word' id='word_1_308' title='bbox 1677 2480 1959 2547; x_wconf 84' lang='grc' dir='ltr'>σώζεσθαι.</span> 
     </span>
    </p>
   </div>
   <div class='ocr_carea' id='block_1_42' title="bbox 305 2565 1958 2643">
    <p class='ocr_par' dir='ltr' id='par_1_42' title="bbox 305 2565 1958 2643">
     <span class='ocr_line' id='line_1_42' title="bbox 305 2565 1958 2643; baseline -0.002 -19"><span class='ocrx_word' id='word_1_309' title='bbox 305 2565 686 2629; x_wconf 79' lang='grc' dir='ltr'>Ὁπλισθέντες</span> <span class='ocrx_word' id='word_1_310' title='bbox 756 2588 1041 2643; x_wconf 85' lang='grc' dir='ltr'>τοιγαρουν</span> <span class='ocrx_word' id='word_1_311' title='bbox 1122 2565 1324 2623; x_wconf 83' lang='grc' dir='ltr'>διέθεον</span> <span class='ocrx_word' id='word_1_312' title='bbox 1387 2574 1560 2622; x_wconf 76' lang='grc' dir='ltr'>πᾶσαν</span> <span class='ocrx_word' id='word_1_313' title='bbox 1611 2569 1710 2636; x_wconf 72' lang='grc' dir='ltr'>τὴν</span> <span class='ocrx_word' id='word_1_314' title='bbox 1770 2565 1958 2636; x_wconf 87' lang='grc' dir='ltr'>πόλιν,</span> 
     </span>
    </p>
   </div>
   <div class='ocr_carea' id='block_1_43' title="bbox 307 2768 1965 2834">
    <p class='ocr_par' dir='ltr' id='par_1_43' title="bbox 307 2768 1965 2834">
     <span class='ocr_line' id='line_1_43' title="bbox 307 2768 1965 2834; baseline -0.001 -10"><span class='ocrx_word' id='word_1_315' title='bbox 307 2768 788 2833; x_wconf 89' lang='lat' dir='ltr'>consternaverit,</span> <span class='ocrx_word' id='word_1_316' title='bbox 823 2769 1076 2825; x_wconf 88' lang='lat' dir='ltr'>furorem</span> <span class='ocrx_word' id='word_1_317' title='bbox 1122 2769 1259 2825; x_wconf 87' lang='lat' dir='ltr'>inde</span> <span class='ocrx_word' id='word_1_318' title='bbox 1307 2769 1495 2824; x_wconf 89' lang='lat' dir='ltr'>oculis</span> <span class='ocrx_word' id='word_1_319' title='bbox 1525 2770 1849 2834; x_wconf 81' lang='lat' dir='ltr'>oll‘undere,</span> <span class='ocrx_word' id='word_1_320' title='bbox 1899 2772 1965 2823; x_wconf 92' lang='lat' dir='ltr'>ut</span> 
     </span>
    </p>
   </div>
   <div class='ocr_carea' id='block_1_44' title="bbox 308 2857 1967 2929">
    <p class='ocr_par' dir='ltr' id='par_1_44' title="bbox 308 2857 1967 2929">
     <span class='ocr_line' id='line_1_44' title="bbox 308 2857 1967 2929; baseline -0.002 -16"><span class='ocrx_word' id='word_1_321' title='bbox 308 2859 422 2914; x_wconf 83' lang='lat' dir='ltr'>sibi</span> <span class='ocrx_word' id='word_1_322' title='bbox 456 2874 649 2913; x_wconf 80' lang='lat' dir='ltr'>coram</span> <span class='ocrx_word' id='word_1_323' title='bbox 684 2873 920 2913; x_wconf 90' lang='lat' dir='ltr'>cernere</span> <span class='ocrx_word' id='word_1_324' title='bbox 952 2863 1162 2913; x_wconf 73' lang='lat' dir='ltr'>moesta</span> <span class='ocrx_word' id='word_1_325' title='bbox 1194 2862 1462 2929; x_wconf 79' lang='lat' dir='ltr'>tetraque</span> <span class='ocrx_word' id='word_1_326' title='bbox 1514 2857 1835 2912; x_wconf 89' lang='lat' dir='ltr'>simulacra</span> <span class='ocrx_word' id='word_1_327' title='bbox 1880 2858 1967 2911; x_wconf 90' lang='lat' dir='ltr'>vi-</span> 
     </span>
    </p>
   </div>
   <div class='ocr_carea' id='block_1_45' title="bbox 314 2946 1969 3017">
    <p class='ocr_par' dir='ltr' id='par_1_45' title="bbox 314 2946 1969 3017">
     <span class='ocr_line' id='line_1_45' title="bbox 314 2946 1969 3017; baseline -0.001 -16"><span class='ocrx_word' id='word_1_328' title='bbox 314 2948 586 3013; x_wconf 88' lang='lat' dir='ltr'>deantur,</span> <span class='ocrx_word' id='word_1_329' title='bbox 622 2963 749 3017; x_wconf 75' lang='lat' dir='ltr'>quae</span> <span class='ocrx_word' id='word_1_330' title='bbox 794 2962 1091 3017; x_wconf 83' lang='lat' dir='ltr'>nusquam</span> <span class='ocrx_word' id='word_1_331' title='bbox 1126 2947 1245 3000; x_wconf 90' lang='lat' dir='ltr'>sint</span> <span class='ocrx_word' id='word_1_332' title='bbox 1275 2947 1415 3001; x_wconf 88' lang='lat' dir='ltr'>alibi</span> <span class='ocrx_word' id='word_1_333' title='bbox 1449 2962 1628 3017; x_wconf 91' lang='lat' dir='ltr'>quam</span> <span class='ocrx_word' id='word_1_334' title='bbox 1680 2946 1739 3001; x_wconf 91' lang='lat' dir='ltr'>in</span> <span class='ocrx_word' id='word_1_335' title='bbox 1772 2962 1969 3001; x_wconf 89' lang='lat' dir='ltr'>errore</span> 
     </span>
    </p>
   </div>
   <div class='ocr_carea' id='block_1_46' title="bbox 316 3034 1970 3106">
    <p class='ocr_par' dir='ltr' id='par_1_46' title="bbox 316 3034 1970 3106">
     <span class='ocr_line' id='line_1_46' title="bbox 316 3034 1970 3106; baseline 0 -17"><span class='ocrx_word' id='word_1_336' title='bbox 316 3035 623 3090; x_wconf 76' lang='lat' dir='ltr'>delirantis</span> <span class='ocrx_word' id='word_1_337' title='bbox 647 3035 1014 3100; x_wconf 89' lang='lat' dir='ltr'>animi,unici</span> <span class='ocrx_word' id='word_1_338' title='bbox 1039 3035 1282 3090; x_wconf 82' lang='lat' dir='ltr'>artificis</span> <span class='ocrx_word' id='word_1_339' title='bbox 1303 3034 1561 3104; x_wconf 88' lang='lat' dir='ltr'>illorum,</span> <span class='ocrx_word' id='word_1_340' title='bbox 1586 3035 1970 3106; x_wconf 83' lang='lat' dir='ltr'>persuasione</span> 
     </span>
    </p>
   </div>
   <div class='ocr_carea' id='block_1_47' title="bbox 317 3123 1966 3195">
    <p class='ocr_par' dir='ltr' id='par_1_47' title="bbox 317 3123 1966 3195">
     <span class='ocr_line' id='line_1_47' title="bbox 317 3123 1966 3195; baseline 0 -17"><span class='ocrx_word' id='word_1_341' title='bbox 317 3123 588 3195; x_wconf 86' lang='lat' dir='ltr'>quamvis</span> <span class='ocrx_word' id='word_1_342' title='bbox 604 3140 752 3178; x_wconf 90' lang='lat' dir='ltr'>vana</span> <span class='ocrx_word' id='word_1_343' title='bbox 767 3123 1064 3194; x_wconf 84' lang='lat' dir='ltr'>stultaque</span> <span class='ocrx_word' id='word_1_344' title='bbox 1082 3124 1137 3177; x_wconf 91' lang='lat' dir='ltr'>in</span> <span class='ocrx_word' id='word_1_345' title='bbox 1157 3128 1312 3179; x_wconf 91' lang='lat' dir='ltr'>certo</span> <span class='ocrx_word' id='word_1_346' title='bbox 1333 3124 1669 3179; x_wconf 86' lang='lat' dir='ltr'>afﬁrmandi</span> <span class='ocrx_word' id='word_1_347' title='bbox 1693 3125 1765 3178; x_wconf 75' lang='lat' dir='ltr'>(id</span> <span class='ocrx_word' id='word_1_348' title='bbox 1778 3124 1966 3179; x_wconf 91' lang='lat' dir='ltr'>uciam</span> 
     </span>
    </p>
   </div>
   <div class='ocr_carea' id='block_1_48' title="bbox 315 3212 1967 3284">
    <p class='ocr_par' dir='ltr' id='par_1_48' title="bbox 315 3212 1967 3284">
     <span class='ocr_line' id='line_1_48' title="bbox 315 3212 1967 3284; baseline -0.001 -16"><span class='ocrx_word' id='word_1_349' title='bbox 315 3212 844 3269; x_wconf 88' lang='lat' dir='ltr'>abundante.Talia</span> <span class='ocrx_word' id='word_1_350' title='bbox 860 3213 1009 3284; x_wconf 90' lang='lat' dir='ltr'>quia</span> <span class='ocrx_word' id='word_1_351' title='bbox 1023 3218 1226 3269; x_wconf 91' lang='lat' dir='ltr'>contra</span> <span class='ocrx_word' id='word_1_352' title='bbox 1242 3213 1615 3269; x_wconf 89' lang='lat' dir='ltr'>venientibus</span> <span class='ocrx_word' id='word_1_353' title='bbox 1638 3214 1967 3281; x_wconf 83' lang='lat' dir='ltr'>audierant,</span> 
     </span>
    </p>
   </div>
   <div class='ocr_carea' id='block_1_49' title="bbox 317 3301 1969 3374">
    <p class='ocr_par' dir='ltr' id='par_1_49' title="bbox 317 3301 1969 3374">
     <span class='ocr_line' id='line_1_49' title="bbox 317 3301 1969 3374; baseline -0.002 -15"><span class='ocrx_word' id='word_1_354' title='bbox 317 3304 673 3359; x_wconf 87' lang='lat' dir='ltr'>referebamt</span> <span class='ocrx_word' id='word_1_355' title='bbox 712 3307 862 3358; x_wconf 90' lang='lat' dir='ltr'>retro</span> <span class='ocrx_word' id='word_1_356' title='bbox 884 3304 1088 3374; x_wconf 89' lang='lat' dir='ltr'>pedem</span> <span class='ocrx_word' id='word_1_357' title='bbox 1109 3303 1316 3358; x_wconf 90' lang='lat' dir='ltr'>domos</span> <span class='ocrx_word' id='word_1_358' title='bbox 1338 3319 1707 3374; x_wconf 88' lang='lat' dir='ltr'>versus;pars</span> <span class='ocrx_word' id='word_1_359' title='bbox 1723 3301 1969 3374; x_wconf 79' lang='lat' dir='ltr'>angulos</span> 
     </span>
    </p>
   </div>
   <div class='ocr_carea' id='block_1_50' title="bbox 2072 1937 3732 2016">
    <p class='ocr_par' dir='ltr' id='par_1_50' title="bbox 2072 1937 3732 2016">
     <span class='ocr_line' id='line_1_50' title="bbox 2072 1937 3732 2016; baseline 0.001 -22"><span class='ocrx_word' id='word_1_360' title='bbox 2072 1945 2225 2000; x_wconf 89' lang='grc' dir='ltr'>κταῖς</span> <span class='ocrx_word' id='word_1_361' title='bbox 2258 1937 2505 2013; x_wconf 84' lang='grc' dir='ltr'>σιδήροις</span> <span class='ocrx_word' id='word_1_362' title='bbox 2533 1938 2865 2012; x_wconf 84' lang='grc' dir='ltr'>πεδούμενοι</span> <span class='ocrx_word' id='word_1_363' title='bbox 2899 1940 3127 2011; x_wconf 83' lang='grc' dir='ltr'>(πολλοὶ</span> <span class='ocrx_word' id='word_1_364' title='bbox 3168 1942 3273 2016; x_wconf 80' lang='grc' dir='ltr'>γὰρ</span> <span class='ocrx_word' id='word_1_365' title='bbox 3302 1945 3408 1996; x_wconf 82' lang='grc' dir='ltr'>τῶν</span> <span class='ocrx_word' id='word_1_366' title='bbox 3442 1940 3732 2015; x_wconf 86' lang='grc' dir='ltr'>πολεμίων</span> 
     </span>
    </p>
   </div>
   <div class='ocr_carea' id='block_1_51' title="bbox 2067 2026 3730 2104">
    <p class='ocr_par' dir='ltr' id='par_1_51' title="bbox 2067 2026 3730 2104">
     <span class='ocr_line' id='line_1_51' title="bbox 2067 2026 3730 2104; baseline 0.001 -20"><span class='ocrx_word' id='word_1_367' title='bbox 2067 2030 2425 2103; x_wconf 71' lang='grc' dir='ltr'>κρατηθέντες</span> <span class='ocrx_word' id='word_1_368' title='bbox 2480 2029 2556 2091; x_wconf 85' lang='grc' dir='ltr'>ὡς</span> <span class='ocrx_word' id='word_1_369' title='bbox 2610 2029 2829 2102; x_wconf 73' lang='grc' dir='ltr'>εἱρκτὴν</span> <span class='ocrx_word' id='word_1_370' title='bbox 2862 2026 3046 2100; x_wconf 85' lang='grc' dir='ltr'>λήθης</span> <span class='ocrx_word' id='word_1_371' title='bbox 3088 2030 3189 2099; x_wconf 79' lang='grc' dir='ltr'>τήν</span> <span class='ocrx_word' id='word_1_372' title='bbox 3242 2030 3294 2084; x_wconf 87' lang='grc' dir='ltr'>ἐν</span> <span class='ocrx_word' id='word_1_373' title='bbox 3322 2032 3525 2102; x_wconf 82' lang='grc' dir='ltr'>Νικαίᾳ</span> <span class='ocrx_word' id='word_1_374' title='bbox 3554 2029 3730 2104; x_wconf 84' lang='grc' dir='ltr'>φυλα-</span> 
     </span>
    </p>
   </div>
   <div class='ocr_carea' id='block_1_52' title="bbox 2067 2116 3732 2196">
    <p class='ocr_par' dir='ltr' id='par_1_52' title="bbox 2067 2116 3732 2196">
     <span class='ocr_line' id='line_1_52' title="bbox 2067 2116 3732 2196; baseline 0.001 -23"><span class='ocrx_word' id='word_1_375' title='bbox 2067 2119 2169 2187; x_wconf 79' lang='grc' dir='ltr'>κὴν</span> <span class='ocrx_word' id='word_1_376' title='bbox 2228 2119 2650 2193; x_wconf 85' lang='grc' dir='ltr'>κατεκρίνοντο,</span> <span class='ocrx_word' id='word_1_377' title='bbox 2722 2119 2798 2181; x_wconf 86' lang='grc' dir='ltr'>ὡς</span> <span class='ocrx_word' id='word_1_378' title='bbox 2853 2118 2913 2173; x_wconf 78' lang='grc' dir='ltr'>οὐ</span> <span class='ocrx_word' id='word_1_379' title='bbox 2993 2116 3197 2196; x_wconf 81' lang='grc' dir='ltr'>ῥᾳδίως</span> <span class='ocrx_word' id='word_1_380' title='bbox 3257 2117 3316 2174; x_wconf 78' lang='grc' dir='ltr'>ἂν</span> <span class='ocrx_word' id='word_1_381' title='bbox 3374 2117 3732 2195; x_wconf 85' lang='grc' dir='ltr'>ἀποδράντες)</span> 
     </span>
    </p>
   </div>
   <div class='ocr_carea' id='block_1_53' title="bbox 2070 2205 3731 2285">
    <p class='ocr_par' dir='ltr' id='par_1_53' title="bbox 2070 2205 3731 2285">
     <span class='ocr_line' id='line_1_53' title="bbox 2070 2205 3731 2285; baseline 0 -22"><span class='ocrx_word' id='word_1_382' title='bbox 2070 2207 2265 2263; x_wconf 84' lang='grc' dir='ltr'>ἐκεῖνοι</span> <span class='ocrx_word' id='word_1_383' title='bbox 2324 2205 2506 2263; x_wconf 90' lang='grc' dir='ltr'>τοίνυν</span> <span class='ocrx_word' id='word_1_384' title='bbox 2561 2209 2660 2276; x_wconf 72' lang='grc' dir='ltr'>τήν</span> <span class='ocrx_word' id='word_1_385' title='bbox 2733 2209 2918 2277; x_wconf 82' lang='grc' dir='ltr'>κοινὴν</span> <span class='ocrx_word' id='word_1_386' title='bbox 2976 2211 3243 2281; x_wconf 84' lang='grc' dir='ltr'>θεώμενοι</span> <span class='ocrx_word' id='word_1_387' title='bbox 3299 2211 3548 2285; x_wconf 68' lang='grc' dir='ltr'>ταραχὴν</span> <span class='ocrx_word' id='word_1_388' title='bbox 3605 2209 3731 2264; x_wconf 82' lang='grc' dir='ltr'>ἐπί-</span> 
     </span>
    </p>
   </div>
   <div class='ocr_carea' id='block_1_54' title="bbox 2072 2296 3734 2373">
    <p class='ocr_par' dir='ltr' id='par_1_54' title="bbox 2072 2296 3734 2373">
     <span class='ocr_line' id='line_1_54' title="bbox 2072 2296 3734 2373; baseline 0.001 -21"><span class='ocrx_word' id='word_1_389' title='bbox 2072 2319 2255 2352; x_wconf 81' lang='grc' dir='ltr'>στευον</span> <span class='ocrx_word' id='word_1_390' title='bbox 2316 2296 2443 2359; x_wconf 83' lang='grc' dir='ltr'>τοὺς</span> <span class='ocrx_word' id='word_1_391' title='bbox 2502 2296 2733 2372; x_wconf 76' lang='grc' dir='ltr'>ἐχθροὺς</span> <span class='ocrx_word' id='word_1_392' title='bbox 2766 2298 3101 2353; x_wconf 81' lang='grc' dir='ltr'>είσιέναικαί</span> <span class='ocrx_word' id='word_1_393' title='bbox 3134 2307 3400 2373; x_wconf 83' lang='grc' dir='ltr'>κρατῆσαι</span> <span class='ocrx_word' id='word_1_394' title='bbox 3459 2300 3521 2353; x_wconf 89' lang='grc' dir='ltr'>τὸ</span> <span class='ocrx_word' id='word_1_395' title='bbox 3577 2297 3734 2365; x_wconf 78' lang='grc' dir='ltr'>ἄστυ,</span> 
     </span>
    </p>
   </div>
   <div class='ocr_carea' id='block_1_55' title="bbox 2072 2380 3735 2457">
    <p class='ocr_par' dir='ltr' id='par_1_55' title="bbox 2072 2380 3735 2457">
     <span class='ocr_line' id='line_1_55' title="bbox 2072 2380 3735 2457; baseline 0.001 -17"><span class='ocrx_word' id='word_1_396' title='bbox 2072 2386 2172 2440; x_wconf 80' lang='grc' dir='ltr'>οὐκ</span> <span class='ocrx_word' id='word_1_397' title='bbox 2200 2385 2251 2457; x_wconf 78' lang='grc' dir='ltr'>ἐξ</span> <span class='ocrx_word' id='word_1_398' title='bbox 2300 2384 2374 2439; x_wconf 82' lang='grc' dir='ltr'>ὧν</span> <span class='ocrx_word' id='word_1_399' title='bbox 2403 2386 2638 2448; x_wconf 81' lang='grc' dir='ltr'>ἐκείνους</span> <span class='ocrx_word' id='word_1_400' title='bbox 2671 2380 2923 2457; x_wconf 75' lang='grc' dir='ltr'>ἔϐλεπον,</span> <span class='ocrx_word' id='word_1_401' title='bbox 2958 2384 3086 2442; x_wconf 78' lang='grc' dir='ltr'>ἀλλ’</span> <span class='ocrx_word' id='word_1_402' title='bbox 3117 2387 3167 2457; x_wconf 75' lang='grc' dir='ltr'>ἐξ</span> <span class='ocrx_word' id='word_1_403' title='bbox 3217 2388 3289 2442; x_wconf 83' lang='grc' dir='ltr'>ὧν</span> <span class='ocrx_word' id='word_1_404' title='bbox 3321 2389 3413 2443; x_wconf 85' lang='grc' dir='ltr'>τὸν</span> <span class='ocrx_word' id='word_1_405' title='bbox 3443 2392 3549 2442; x_wconf 80' lang='grc' dir='ltr'>τῶν</span> <span class='ocrx_word' id='word_1_406' title='bbox 3583 2386 3735 2443; x_wconf 87' lang='grc' dir='ltr'>ἐποί-</span> 
     </span>
    </p>
   </div>
   <div class='ocr_carea' id='block_1_56' title="bbox 2070 2470 3733 2547">
    <p class='ocr_par' dir='ltr' id='par_1_56' title="bbox 2070 2470 3733 2547">
     <span class='ocr_line' id='line_1_56' title="bbox 2070 2470 3733 2547; baseline 0 -16"><span class='ocrx_word' id='word_1_407' title='bbox 2070 2480 2182 2531; x_wconf 84' lang='grc' dir='ltr'>κῶν</span> <span class='ocrx_word' id='word_1_408' title='bbox 2238 2470 2467 2547; x_wconf 72' lang='grc' dir='ltr'>θόρυϐον</span> <span class='ocrx_word' id='word_1_409' title='bbox 2523 2474 2773 2539; x_wconf 83' lang='grc' dir='ltr'>ἐθεῶντο.</span> <span class='ocrx_word' id='word_1_410' title='bbox 2827 2473 3021 2544; x_wconf 83' lang='grc' dir='ltr'>Καὶδή</span> <span class='ocrx_word' id='word_1_411' title='bbox 3070 2482 3178 2531; x_wconf 79' lang='grc' dir='ltr'>τῶν</span> <span class='ocrx_word' id='word_1_412' title='bbox 3207 2474 3386 2532; x_wconf 82' lang='grc' dir='ltr'>πεδῶν</span> <span class='ocrx_word' id='word_1_413' title='bbox 3416 2477 3733 2538; x_wconf 69' lang='grc' dir='ltr'>ἐκλυθέντες</span> 
     </span>
    </p>
   </div>
   <div class='ocr_carea' id='block_1_57' title="bbox 2072 2563 3735 2645">
    <p class='ocr_par' dir='ltr' id='par_1_57' title="bbox 2072 2563 3735 2645">
     <span class='ocr_line' id='line_1_57' title="bbox 2072 2563 3735 2645; baseline 0 -25"><span class='ocrx_word' id='word_1_414' title='bbox 2072 2563 2298 2641; x_wconf 76' lang='grc' dir='ltr'>οὐραγοί</span> <span class='ocrx_word' id='word_1_415' title='bbox 2382 2586 2524 2627; x_wconf 88' lang='grc' dir='ltr'>τινες</span> <span class='ocrx_word' id='word_1_416' title='bbox 2608 2564 2741 2631; x_wconf 74' lang='grc' dir='ltr'>ἦσαν</span> <span class='ocrx_word' id='word_1_417' title='bbox 2820 2566 3222 2641; x_wconf 76' lang='grc' dir='ltr'>προεκθεοόσης</span> <span class='ocrx_word' id='word_1_418' title='bbox 3277 2565 3372 2633; x_wconf 73' lang='grc' dir='ltr'>τῆς</span> <span class='ocrx_word' id='word_1_419' title='bbox 3426 2565 3735 2645; x_wconf 75' lang='grc' dir='ltr'>φάλαγγος,</span> 
     </span>
    </p>
   </div>
   <div class='ocr_carea' id='block_1_58' title="bbox 2079 2766 3737 2839">
    <p class='ocr_par' dir='ltr' id='par_1_58' title="bbox 2079 2766 3737 2839">
     <span class='ocr_line' id='line_1_58' title="bbox 2079 2766 3737 2839; baseline 0.001 -17"><span class='ocrx_word' id='word_1_420' title='bbox 2079 2768 2280 2837; x_wconf 91' lang='lat' dir='ltr'>hilque</span> <span class='ocrx_word' id='word_1_421' title='bbox 2311 2767 2509 2822; x_wconf 83' lang='lat' dir='ltr'>deerat</span> <span class='ocrx_word' id='word_1_422' title='bbox 2541 2767 2613 2821; x_wconf 90' lang='lat' dir='ltr'>ad</span> <span class='ocrx_word' id='word_1_423' title='bbox 2646 2782 2882 2821; x_wconf 81' lang='lat' dir='ltr'>scenam</span> <span class='ocrx_word' id='word_1_424' title='bbox 2935 2766 3211 2839; x_wconf 84' lang='lat' dir='ltr'>tragicam</span> <span class='ocrx_word' id='word_1_425' title='bbox 3262 2772 3532 2823; x_wconf 72' lang='lat' dir='ltr'>extrema:</span> <span class='ocrx_word' id='word_1_426' title='bbox 3574 2768 3737 2824; x_wconf 90' lang='lat' dir='ltr'>cala-</span> 
     </span>
    </p>
   </div>
   <div class='ocr_carea' id='block_1_59' title="bbox 2082 2855 3743 2929">
    <p class='ocr_par' dir='ltr' id='par_1_59' title="bbox 2082 2855 3743 2929">
     <span class='ocr_line' id='line_1_59' title="bbox 2082 2855 3743 2929; baseline 0.001 -18"><span class='ocrx_word' id='word_1_427' title='bbox 2082 2857 2329 2925; x_wconf 90' lang='lat' dir='ltr'>mitatis,</span> <span class='ocrx_word' id='word_1_428' title='bbox 2363 2855 2557 2927; x_wconf 84' lang='lat' dir='ltr'>qualis</span> <span class='ocrx_word' id='word_1_429' title='bbox 2592 2856 2651 2909; x_wconf 89' lang='lat' dir='ltr'>in</span> <span class='ocrx_word' id='word_1_430' title='bbox 2686 2856 3012 2927; x_wconf 84' lang='lat' dir='ltr'>direptione</span> <span class='ocrx_word' id='word_1_431' title='bbox 3046 2856 3210 2911; x_wconf 84' lang='lat' dir='ltr'>urbis</span> <span class='ocrx_word' id='word_1_432' title='bbox 3242 2863 3586 2929; x_wconf 69' lang='lat' dir='ltr'>expugnatis</span> <span class='ocrx_word' id='word_1_433' title='bbox 3620 2875 3743 2913; x_wconf 90' lang='lat' dir='ltr'>cer-</span> 
     </span>
    </p>
   </div>
   <div class='ocr_carea' id='block_1_60' title="bbox 2081 2944 3742 3017">
    <p class='ocr_par' dir='ltr' id='par_1_60' title="bbox 2081 2944 3742 3017">
     <span class='ocr_line' id='line_1_60' title="bbox 2081 2944 3742 3017; baseline 0.002 -17"><span class='ocrx_word' id='word_1_434' title='bbox 2081 2946 2267 3011; x_wconf 85' lang='lat' dir='ltr'>nitur,</span> <span class='ocrx_word' id='word_1_435' title='bbox 2323 2945 2439 3000; x_wconf 88' lang='lat' dir='ltr'>nisi</span> <span class='ocrx_word' id='word_1_436' title='bbox 2489 2945 2641 3016; x_wconf 90' lang='lat' dir='ltr'>quod</span> <span class='ocrx_word' id='word_1_437' title='bbox 2694 2944 2830 2999; x_wconf 68' lang='lat' dir='ltr'>solas</span> <span class='ocrx_word' id='word_1_438' title='bbox 2887 2961 3013 3016; x_wconf 70' lang='lat' dir='ltr'>quae</span> <span class='ocrx_word' id='word_1_439' title='bbox 3050 2945 3429 3016; x_wconf 89' lang='lat' dir='ltr'>patiebantur</span> <span class='ocrx_word' id='word_1_440' title='bbox 3474 2962 3742 3017; x_wconf 70' lang='lat' dir='ltr'>personae</span> 
     </span>
    </p>
   </div>
   <div class='ocr_carea' id='block_1_61' title="bbox 2080 3032 3745 3106">
    <p class='ocr_par' dir='ltr' id='par_1_61' title="bbox 2080 3032 3745 3106">
     <span class='ocr_line' id='line_1_61' title="bbox 2080 3032 3745 3106; baseline 0.002 -19"><span class='ocrx_word' id='word_1_441' title='bbox 2080 3038 2276 3106; x_wconf 89' lang='lat' dir='ltr'>partes</span> <span class='ocrx_word' id='word_1_442' title='bbox 2294 3032 2436 3099; x_wconf 88' lang='lat' dir='ltr'>illic,</span> <span class='ocrx_word' id='word_1_443' title='bbox 2470 3036 2528 3086; x_wconf 91' lang='lat' dir='ltr'>et</span> <span class='ocrx_word' id='word_1_444' title='bbox 2552 3032 2793 3103; x_wconf 87' lang='lat' dir='ltr'>quidem</span> <span class='ocrx_word' id='word_1_445' title='bbox 2827 3032 3274 3103; x_wconf 83' lang='lat' dir='ltr'>perfectissime,</span> <span class='ocrx_word' id='word_1_446' title='bbox 3304 3034 3555 3104; x_wconf 76' lang='lat' dir='ltr'>agebant</span> <span class='ocrx_word' id='word_1_447' title='bbox 3575 3052 3745 3103; x_wconf 87' lang='lat' dir='ltr'>suas,</span> 
     </span>
    </p>
   </div>
   <div class='ocr_carea' id='block_1_62' title="bbox 2082 3121 3739 3194">
    <p class='ocr_par' dir='ltr' id='par_1_62' title="bbox 2082 3121 3739 3194">
     <span class='ocr_line' id='line_1_62' title="bbox 2082 3121 3739 3194; baseline 0.002 -19"><span class='ocrx_word' id='word_1_448' title='bbox 2082 3122 2197 3176; x_wconf 91' lang='lat' dir='ltr'>vim</span> <span class='ocrx_word' id='word_1_449' title='bbox 2231 3121 2549 3176; x_wconf 84' lang='lat' dir='ltr'>inferentes</span> <span class='ocrx_word' id='word_1_450' title='bbox 2598 3122 3020 3192; x_wconf 80' lang='lat' dir='ltr'>comparebant</span> <span class='ocrx_word' id='word_1_451' title='bbox 3050 3138 3367 3193; x_wconf 81' lang='lat' dir='ltr'>nusquam.</span> <span class='ocrx_word' id='word_1_452' title='bbox 3402 3124 3525 3179; x_wconf 92' lang='lat' dir='ltr'>Non</span> <span class='ocrx_word' id='word_1_453' title='bbox 3552 3124 3739 3194; x_wconf 81' lang='lat' dir='ltr'>enim,</span> 
     </span>
    </p>
   </div>
   <div class='ocr_carea' id='block_1_63' title="bbox 2083 3209 3741 3283">
    <p class='ocr_par' dir='ltr' id='par_1_63' title="bbox 2083 3209 3741 3283">
     <span class='ocr_line' id='line_1_63' title="bbox 2083 3209 3741 3283; baseline 0.001 -17"><span class='ocrx_word' id='word_1_454' title='bbox 2083 3214 2149 3266; x_wconf 91' lang='lat' dir='ltr'>ut</span> <span class='ocrx_word' id='word_1_455' title='bbox 2177 3211 2241 3264; x_wconf 87' lang='lat' dir='ltr'>fit</span> <span class='ocrx_word' id='word_1_456' title='bbox 2272 3211 2331 3263; x_wconf 91' lang='lat' dir='ltr'>in</span> <span class='ocrx_word' id='word_1_457' title='bbox 2363 3209 2900 3281; x_wconf 69' lang='lat' dir='ltr'>depraedationibus</span> <span class='ocrx_word' id='word_1_458' title='bbox 2932 3215 3234 3283; x_wconf 90' lang='lat' dir='ltr'>captarum</span> <span class='ocrx_word' id='word_1_459' title='bbox 3276 3212 3606 3279; x_wconf 85' lang='lat' dir='ltr'>civitatum,</span> <span class='ocrx_word' id='word_1_460' title='bbox 3641 3231 3741 3269; x_wconf 89' lang='lat' dir='ltr'>va-</span> 
     </span>
    </p>
   </div>
   <div class='ocr_carea' id='block_1_64' title="bbox 2087 3298 3742 3373">
    <p class='ocr_par' dir='ltr' id='par_1_64' title="bbox 2087 3298 3742 3373">
     <span class='ocr_line' id='line_1_64' title="bbox 2087 3298 3742 3373; baseline 0.001 -17"><span class='ocrx_word' id='word_1_461' title='bbox 2087 3316 2235 3356; x_wconf 89' lang='lat' dir='ltr'>cuus</span> <span class='ocrx_word' id='word_1_462' title='bbox 2263 3315 2513 3354; x_wconf 90' lang='lat' dir='ltr'>vacuum</span> <span class='ocrx_word' id='word_1_463' title='bbox 2547 3298 2964 3355; x_wconf 82' lang='lat' dir='ltr'>exhortabatur</span> <span class='ocrx_word' id='word_1_464' title='bbox 2990 3301 3061 3356; x_wconf 90' lang='lat' dir='ltr'>ad</span> <span class='ocrx_word' id='word_1_465' title='bbox 3111 3317 3312 3357; x_wconf 83' lang='lat' dir='ltr'>secum</span> <span class='ocrx_word' id='word_1_466' title='bbox 3364 3303 3742 3373; x_wconf 89' lang='lat' dir='ltr'>rapiendum,</span> 
     </span>
    </p>
   </div>
   <div class='ocr_carea' id='block_1_65' title="bbox 324 3387 3743 3482">
    <p class='ocr_par' dir='ltr' id='par_1_65' title="bbox 324 3387 3743 3482">
     <span class='ocr_line' id='line_1_65' title="bbox 324 3387 3743 3482; baseline 0 -34"><span class='ocrx_word' id='word_1_467' title='bbox 324 3393 769 3457; x_wconf 83' lang='lat' dir='ltr'>scrutabantur,</span> <span class='ocrx_word' id='word_1_468' title='bbox 791 3392 975 3447; x_wconf 90' lang='lat' dir='ltr'>sicubi</span> <span class='ocrx_word' id='word_1_469' title='bbox 994 3409 1197 3447; x_wconf 90' lang='lat' dir='ltr'>cavum</span> <span class='ocrx_word' id='word_1_470' title='bbox 1228 3392 1561 3448; x_wconf 89' lang='lat' dir='ltr'>invenirent</span> <span class='ocrx_word' id='word_1_471' title='bbox 1580 3408 1696 3463; x_wconf 91' lang='lat' dir='ltr'>quo</span> <span class='ocrx_word' id='word_1_472' title='bbox 1719 3409 1779 3446; x_wconf 91' lang='lat' dir='ltr'>se</span> <span class='ocrx_word' id='word_1_473' title='bbox 1810 3408 1973 3447; x_wconf 89' lang='lat' dir='ltr'>com-</span> <span class='ocrx_word' id='word_1_474' title='bbox 2008 3418 2050 3482; x_wconf 61' lang='grc' dir='ltr'>ρ</span> <span class='ocrx_word' id='word_1_475' title='bbox 2089 3387 2233 3443; x_wconf 89' lang='lat' dir='ltr'>etin</span> <span class='ocrx_word' id='word_1_476' title='bbox 2266 3387 2374 3442; x_wconf 89' lang='lat' dir='ltr'>hoc</span> <span class='ocrx_word' id='word_1_477' title='bbox 2406 3403 2643 3457; x_wconf 78' lang='lat' dir='ltr'>segnem</span> <span class='ocrx_word' id='word_1_478' title='bbox 2692 3387 3051 3460; x_wconf 88' lang='lat' dir='ltr'>increpabat.</span> <span class='ocrx_word' id='word_1_479' title='bbox 3101 3389 3224 3445; x_wconf 87' lang='lat' dir='ltr'>Non</span> <span class='ocrx_word' id='word_1_480' title='bbox 3274 3407 3483 3445; x_wconf 89' lang='lat' dir='ltr'>rursus</span> <span class='ocrx_word' id='word_1_481' title='bbox 3527 3390 3743 3463; x_wconf 91' lang='lat' dir='ltr'>plenus</span> 
     </span>
    </p>
   </div>
   <div class='ocr_carea' id='block_1_66' title="bbox 327 3480 1979 3554">
    <p class='ocr_par' dir='ltr' id='par_1_66' title="bbox 327 3480 1979 3554">
     <span class='ocr_line' id='line_1_66' title="bbox 327 3480 1979 3554; baseline -0.001 -18"><span class='ocrx_word' id='word_1_482' title='bbox 327 3483 637 3554; x_wconf 84' lang='lat' dir='ltr'>pingerent</span> <span class='ocrx_word' id='word_1_483' title='bbox 670 3499 683 3536; x_wconf 87' lang='lat'><strong>:</strong></span> <span class='ocrx_word' id='word_1_484' title='bbox 714 3481 809 3537; x_wconf 90' lang='lat' dir='ltr'>alii</span> <span class='ocrx_word' id='word_1_485' title='bbox 844 3481 1002 3536; x_wconf 90' lang='lat' dir='ltr'>aliud</span> <span class='ocrx_word' id='word_1_486' title='bbox 1037 3480 1246 3536; x_wconf 89' lang='lat' dir='ltr'>salutis</span> <span class='ocrx_word' id='word_1_487' title='bbox 1279 3497 1442 3552; x_wconf 88' lang='lat' dir='ltr'>spem</span> <span class='ocrx_word' id='word_1_488' title='bbox 1475 3482 1724 3536; x_wconf 77' lang='lat' dir='ltr'>offerens</span> <span class='ocrx_word' id='word_1_489' title='bbox 1768 3480 1979 3535; x_wconf 89' lang='lat' dir='ltr'>latibu-</span> 
     </span>
    </p>
   </div>
   <div class='ocr_carea' id='block_1_67' title="bbox 328 3568 1984 3641">
    <p class='ocr_par' dir='ltr' id='par_1_67' title="bbox 328 3568 1984 3641">
     <span class='ocr_line' id='line_1_67' title="bbox 328 3568 1984 3641; baseline 0 -15"><span class='ocrx_word' id='word_1_490' title='bbox 328 3573 451 3626; x_wconf 92' lang='lat' dir='ltr'>lum</span> <span class='ocrx_word' id='word_1_491' title='bbox 488 3570 838 3641; x_wconf 88' lang='lat' dir='ltr'>captabant;</span> <span class='ocrx_word' id='word_1_492' title='bbox 875 3587 979 3625; x_wconf 90' lang='lat' dir='ltr'>nec</span> <span class='ocrx_word' id='word_1_493' title='bbox 1010 3571 1250 3625; x_wconf 84' lang='lat' dir='ltr'>deerant</span> <span class='ocrx_word' id='word_1_494' title='bbox 1276 3570 1379 3641; x_wconf 90' lang='lat' dir='ltr'>qui</span> <span class='ocrx_word' id='word_1_495' title='bbox 1421 3568 1706 3640; x_wconf 87' lang='lat' dir='ltr'>sepulcris</span> <span class='ocrx_word' id='word_1_496' title='bbox 1758 3571 1984 3626; x_wconf 91' lang='lat' dir='ltr'>dudum</span> 
     </span>
    </p>
   </div>
   <div class='ocr_carea' id='block_1_68' title="bbox 341 3660 1988 3729">
    <p class='ocr_par' dir='ltr' id='par_1_68' title="bbox 341 3660 1988 3729">
     <span class='ocr_line' id='line_1_68' title="bbox 341 3660 1988 3729; baseline 0.001 -14"><span class='ocrx_word' id='word_1_497' title='bbox 341 3665 707 3717; x_wconf 82' lang='lat' dir='ltr'>mortuorum</span> <span class='ocrx_word' id='word_1_498' title='bbox 742 3676 870 3716; x_wconf 90' lang='lat' dir='ltr'>sese</span> <span class='ocrx_word' id='word_1_499' title='bbox 900 3660 1273 3716; x_wconf 84' lang='lat' dir='ltr'>insinuantes</span> <span class='ocrx_word' id='word_1_500' title='bbox 1322 3662 1401 3716; x_wconf 91' lang='lat' dir='ltr'>ibi</span> <span class='ocrx_word' id='word_1_501' title='bbox 1434 3664 1811 3729; x_wconf 86' lang='lat' dir='ltr'>mussarent;</span> <span class='ocrx_word' id='word_1_502' title='bbox 1842 3661 1988 3716; x_wconf 91' lang='lat' dir='ltr'>locis</span> 
     </span>
    </p>
   </div>
   <div class='ocr_carea' id='block_1_69' title="bbox 342 3750 1990 3823">
    <p class='ocr_par' dir='ltr' id='par_1_69' title="bbox 342 3750 1990 3823">
     <span class='ocr_line' id='line_1_69' title="bbox 342 3750 1990 3823; baseline 0.001 -20"><span class='ocrx_word' id='word_1_503' title='bbox 342 3750 581 3822; x_wconf 90' lang='lat' dir='ltr'>quidam</span> <span class='ocrx_word' id='word_1_504' title='bbox 635 3750 881 3804; x_wconf 88' lang='lat' dir='ltr'>munitis</span> <span class='ocrx_word' id='word_1_505' title='bbox 912 3754 969 3804; x_wconf 92' lang='lat' dir='ltr'>et</span> <span class='ocrx_word' id='word_1_506' title='bbox 1002 3750 1154 3804; x_wconf 88' lang='lat' dir='ltr'>firmi</span> <span class='ocrx_word' id='word_1_507' title='bbox 1214 3750 1405 3821; x_wconf 90' lang='lat' dir='ltr'>operis</span> <span class='ocrx_word' id='word_1_508' title='bbox 1458 3755 1637 3822; x_wconf 89' lang='lat' dir='ltr'>caput</span> <span class='ocrx_word' id='word_1_509' title='bbox 1692 3750 1990 3823; x_wconf 87' lang='lat' dir='ltr'>vitamque</span> 
     </span>
    </p>
   </div>
   <div class='ocr_carea' id='block_1_70' title="bbox 341 3838 1993 3910">
    <p class='ocr_par' dir='ltr' id='par_1_70' title="bbox 341 3838 1993 3910">
     <span class='ocr_line' id='line_1_70' title="bbox 341 3838 1993 3910; baseline 0 -16"><span class='ocrx_word' id='word_1_510' title='bbox 341 3839 854 3894; x_wconf 89' lang='lat' dir='ltr'>commendabant.</span> <span class='ocrx_word' id='word_1_511' title='bbox 887 3840 971 3894; x_wconf 84' lang='lat' dir='ltr'>Ab</span> <span class='ocrx_word' id='word_1_512' title='bbox 1004 3839 1097 3893; x_wconf 87' lang='lat' dir='ltr'>his</span> <span class='ocrx_word' id='word_1_513' title='bbox 1131 3838 1342 3894; x_wconf 86' lang='lat' dir='ltr'>diversi</span> <span class='ocrx_word' id='word_1_514' title='bbox 1387 3838 1654 3894; x_wconf 88' lang='lat' dir='ltr'>nonnulli</span> <span class='ocrx_word' id='word_1_515' title='bbox 1706 3840 1881 3910; x_wconf 81' lang='lat' dir='ltr'>digno</span> <span class='ocrx_word' id='word_1_516' title='bbox 1906 3840 1993 3894; x_wconf 90' lang='lat' dir='ltr'>vi-</span> 
     </span>
    </p>
   </div>
   <div class='ocr_carea' id='block_1_71' title="bbox 342 3927 1994 4000">
    <p class='ocr_par' dir='ltr' id='par_1_71' title="bbox 342 3927 1994 4000">
     <span class='ocr_line' id='line_1_71' title="bbox 342 3927 1994 4000; baseline 0.001 -17"><span class='ocrx_word' id='word_1_517' title='bbox 342 3928 445 3998; x_wconf 89' lang='lat' dir='ltr'>ris,</span> <span class='ocrx_word' id='word_1_518' title='bbox 478 3933 534 3983; x_wconf 88' lang='lat' dir='ltr'>et</span> <span class='ocrx_word' id='word_1_519' title='bbox 572 3932 638 3982; x_wconf 91' lang='lat' dir='ltr'>ut</span> <span class='ocrx_word' id='word_1_520' title='bbox 668 3927 815 3999; x_wconf 89' lang='lat' dir='ltr'>ipsis</span> <span class='ocrx_word' id='word_1_521' title='bbox 846 3928 1172 3999; x_wconf 83' lang='lat' dir='ltr'>videbatur,</span> <span class='ocrx_word' id='word_1_522' title='bbox 1197 3946 1478 4000; x_wconf 82' lang='lat' dir='ltr'>generoso</span> <span class='ocrx_word' id='word_1_523' title='bbox 1512 3928 1778 3999; x_wconf 92' lang='lat' dir='ltr'>consilio,</span> <span class='ocrx_word' id='word_1_524' title='bbox 1810 3930 1994 3985; x_wconf 90' lang='lat' dir='ltr'>armis</span> 
     </span>
    </p>
   </div>
   <div class='ocr_carea' id='block_1_72' title="bbox 340 4016 1992 4091">
    <p class='ocr_par' dir='ltr' id='par_1_72' title="bbox 340 4016 1992 4091">
     <span class='ocr_line' id='line_1_72' title="bbox 340 4016 1992 4091; baseline 0 -18"><span class='ocrx_word' id='word_1_525' title='bbox 340 4016 587 4084; x_wconf 89' lang='lat' dir='ltr'>indutis,</span> <span class='ocrx_word' id='word_1_526' title='bbox 624 4022 853 4089; x_wconf 88' lang='lat' dir='ltr'>arrepta</span> <span class='ocrx_word' id='word_1_527' title='bbox 884 4017 1089 4074; x_wconf 90' lang='lat' dir='ltr'>lancea</span> <span class='ocrx_word' id='word_1_528' title='bbox 1118 4023 1425 4091; x_wconf 91' lang='lat' dir='ltr'>scutoque,</span> <span class='ocrx_word' id='word_1_529' title='bbox 1460 4019 1562 4090; x_wconf 90' lang='lat' dir='ltr'>qui</span> <span class='ocrx_word' id='word_1_530' title='bbox 1604 4020 1841 4074; x_wconf 90' lang='lat' dir='ltr'>duceret</span> <span class='ocrx_word' id='word_1_531' title='bbox 1894 4020 1992 4073; x_wconf 91' lang='lat' dir='ltr'>ad-</span> 
     </span>
    </p>
   </div>
   <div class='ocr_carea' id='block_1_73' title="bbox 345 4106 1996 4178">
    <p class='ocr_par' dir='ltr' id='par_1_73' title="bbox 345 4106 1996 4178">
     <span class='ocr_line' id='line_1_73' title="bbox 345 4106 1996 4178; baseline 0.001 -17"><span class='ocrx_word' id='word_1_532' title='bbox 345 4123 550 4162; x_wconf 82' lang='lat' dir='ltr'>versus</span> <span class='ocrx_word' id='word_1_533' title='bbox 582 4106 810 4162; x_wconf 87' lang='lat' dir='ltr'>hostem</span> <span class='ocrx_word' id='word_1_534' title='bbox 845 4108 1204 4178; x_wconf 74' lang='lat' dir='ltr'>quaerebant.</span> <span class='ocrx_word' id='word_1_535' title='bbox 1241 4108 1425 4163; x_wconf 88' lang='lat' dir='ltr'>Homo</span> <span class='ocrx_word' id='word_1_536' title='bbox 1458 4112 1581 4163; x_wconf 91' lang='lat' dir='ltr'>erat</span> <span class='ocrx_word' id='word_1_537' title='bbox 1612 4108 1740 4163; x_wconf 89' lang='lat' dir='ltr'>urbi</span> <span class='ocrx_word' id='word_1_538' title='bbox 1775 4124 1996 4178; x_wconf 72' lang='lat' dir='ltr'>praepo-</span> 
     </span>
    </p>
   </div>
   <div class='ocr_carea' id='block_1_74' title="bbox 347 4196 1995 4268">
    <p class='ocr_par' dir='ltr' id='par_1_74' title="bbox 347 4196 1995 4268">
     <span class='ocr_line' id='line_1_74' title="bbox 347 4196 1995 4268; baseline -0.001 -17"><span class='ocrx_word' id='word_1_539' title='bbox 347 4198 500 4251; x_wconf 90' lang='lat' dir='ltr'>situs</span> <span class='ocrx_word' id='word_1_540' title='bbox 533 4197 860 4268; x_wconf 72' lang='lat' dir='ltr'>praedarum</span> <span class='ocrx_word' id='word_1_541' title='bbox 894 4213 1070 4267; x_wconf 89' lang='lat' dir='ltr'>quam</span> <span class='ocrx_word' id='word_1_542' title='bbox 1104 4196 1438 4268; x_wconf 68' lang='lat' dir='ltr'>praeliorum</span> <span class='ocrx_word' id='word_1_543' title='bbox 1486 4196 1785 4261; x_wconf 90' lang='lat' dir='ltr'>scientior,</span> <span class='ocrx_word' id='word_1_544' title='bbox 1834 4197 1995 4251; x_wconf 92' lang='lat' dir='ltr'>Man-</span> 
     </span>
    </p>
   </div>
   <div class='ocr_carea' id='block_1_75' title="bbox 350 4284 2001 4357">
    <p class='ocr_par' dir='ltr' id='par_1_75' title="bbox 350 4284 2001 4357">
     <span class='ocr_line' id='line_1_75' title="bbox 350 4284 2001 4357; baseline 0 -17"><span class='ocrx_word' id='word_1_545' title='bbox 350 4284 560 4340; x_wconf 87' lang='lat' dir='ltr'>neiites</span> <span class='ocrx_word' id='word_1_546' title='bbox 592 4285 889 4341; x_wconf 88' lang='lat' dir='ltr'>Nicolaus.</span> <span class='ocrx_word' id='word_1_547' title='bbox 919 4287 1021 4340; x_wconf 83' lang='lat' dir='ltr'>Hic</span> <span class='ocrx_word' id='word_1_548' title='bbox 1062 4285 1249 4341; x_wconf 89' lang='lat' dir='ltr'>honor</span> <span class='ocrx_word' id='word_1_549' title='bbox 1306 4286 1596 4357; x_wconf 80' lang='lat' dir='ltr'>obtigerat</span> <span class='ocrx_word' id='word_1_550' title='bbox 1652 4286 2001 4356; x_wconf 64' lang='lat' dir='ltr'>praesidendi</span> 
     </span>
    </p>
   </div>
   <div class='ocr_carea' id='block_1_76' title="bbox 274 4373 1996 4446">
    <p class='ocr_par' dir='ltr' id='par_1_76' title="bbox 274 4373 1996 4446">
     <span class='ocr_line' id='line_1_76' title="bbox 274 4373 1996 4446; baseline 0.001 -18"><span class='ocrx_word' id='word_1_551' title='bbox 274 4396 277 4399; x_wconf 58' lang='grc' dir='ltr'>λ</span> <span class='ocrx_word' id='word_1_552' title='bbox 348 4380 488 4429; x_wconf 92' lang='lat' dir='ltr'>tunc</span> <span class='ocrx_word' id='word_1_553' title='bbox 536 4375 761 4429; x_wconf 66' lang='lat' dir='ltr'>Nicaeae.</span> <span class='ocrx_word' id='word_1_554' title='bbox 818 4374 1001 4428; x_wconf 82' lang='lat' dir='ltr'>Erant</span> <span class='ocrx_word' id='word_1_555' title='bbox 1052 4378 1109 4429; x_wconf 93' lang='lat' dir='ltr'>et</span> <span class='ocrx_word' id='word_1_556' title='bbox 1165 4373 1266 4428; x_wconf 87' lang='lat' dir='ltr'>alii</span> <span class='ocrx_word' id='word_1_557' title='bbox 1319 4373 1582 4446; x_wconf 90' lang='lat' dir='ltr'>plurimi,</span> <span class='ocrx_word' id='word_1_558' title='bbox 1635 4373 1855 4429; x_wconf 74' lang='lat' dir='ltr'>militiae</span> <span class='ocrx_word' id='word_1_559' title='bbox 1889 4392 1996 4429; x_wconf 90' lang='lat' dir='ltr'>usu</span> 
     </span>
    </p>
   </div>
   <div class='ocr_carea' id='block_1_77' title="bbox 350 4461 2002 4534">
    <p class='ocr_par' dir='ltr' id='par_1_77' title="bbox 350 4461 2002 4534">
     <span class='ocr_line' id='line_1_77' title="bbox 350 4461 2002 4534; baseline 0 -15"><span class='ocrx_word' id='word_1_560' title='bbox 350 4462 656 4529; x_wconf 90' lang='lat' dir='ltr'>nonnullo,</span> <span class='ocrx_word' id='word_1_561' title='bbox 692 4461 1016 4517; x_wconf 90' lang='lat' dir='ltr'>multorum</span> <span class='ocrx_word' id='word_1_562' title='bbox 1070 4479 1361 4517; x_wconf 85' lang='lat' dir='ltr'>annorum</span> <span class='ocrx_word' id='word_1_563' title='bbox 1415 4463 1729 4534; x_wconf 90' lang='lat' dir='ltr'>stipendiis</span> <span class='ocrx_word' id='word_1_564' title='bbox 1767 4463 2002 4520; x_wconf 89' lang='lat' dir='ltr'>imbuti.</span> 
     </span>
    </p>
   </div>
   <div class='ocr_carea' id='block_1_78' title="bbox 350 4550 2007 4626">
    <p class='ocr_par' dir='ltr' id='par_1_78' title="bbox 350 4550 2007 4626">
     <span class='ocr_line' id='line_1_78' title="bbox 350 4550 2007 4626; baseline 0.002 -21"><span class='ocrx_word' id='word_1_565' title='bbox 350 4558 570 4607; x_wconf 86' lang='lat' dir='ltr'>Horum</span> <span class='ocrx_word' id='word_1_566' title='bbox 605 4550 749 4605; x_wconf 90' lang='lat' dir='ltr'>nulli</span> <span class='ocrx_word' id='word_1_567' title='bbox 783 4555 911 4605; x_wconf 91' lang='lat' dir='ltr'>tum</span> <span class='ocrx_word' id='word_1_568' title='bbox 942 4552 1101 4606; x_wconf 90' lang='lat' dir='ltr'>venit</span> <span class='ocrx_word' id='word_1_569' title='bbox 1130 4551 1187 4605; x_wconf 91' lang='lat' dir='ltr'>in</span> <span class='ocrx_word' id='word_1_570' title='bbox 1221 4557 1476 4608; x_wconf 87' lang='lat' dir='ltr'>mentem</span> <span class='ocrx_word' id='word_1_571' title='bbox 1528 4553 1785 4626; x_wconf 85' lang='lat' dir='ltr'>cogitare</span> <span class='ocrx_word' id='word_1_572' title='bbox 1824 4571 2007 4609; x_wconf 90' lang='lat' dir='ltr'>vanos</span> 
     </span>
    </p>
   </div>
   <div class='ocr_carea' id='block_1_79' title="bbox 351 4640 2007 4715">
    <p class='ocr_par' dir='ltr' id='par_1_79' title="bbox 351 4640 2007 4715">
     <span class='ocr_line' id='line_1_79' title="bbox 351 4640 2007 4715; baseline 0.003 -19"><span class='ocrx_word' id='word_1_573' title='bbox 351 4642 702 4715; x_wconf 89' lang='lat' dir='ltr'>plerumque</span> <span class='ocrx_word' id='word_1_574' title='bbox 746 4640 883 4695; x_wconf 91' lang='lat' dir='ltr'>ferri</span> <span class='ocrx_word' id='word_1_575' title='bbox 922 4641 1213 4711; x_wconf 87' lang='lat' dir='ltr'>ejusmodi</span> <span class='ocrx_word' id='word_1_576' title='bbox 1255 4659 1544 4705; x_wconf 90' lang='lat' dir='ltr'>rumores,</span> <span class='ocrx_word' id='word_1_577' title='bbox 1578 4643 1827 4715; x_wconf 91' lang='lat' dir='ltr'>ideoque</span> <span class='ocrx_word' id='word_1_578' title='bbox 1855 4644 2007 4701; x_wconf 89' lang='lat' dir='ltr'>serio</span> 
     </span>
    </p>
   </div>
   <div class='ocr_carea' id='block_1_80' title="bbox 360 4729 2004 4803">
    <p class='ocr_par' dir='ltr' id='par_1_80' title="bbox 360 4729 2004 4803">
     <span class='ocr_line' id='line_1_80' title="bbox 360 4729 2004 4803; baseline 0.001 -15"><span class='ocrx_word' id='word_1_579' title='bbox 360 4734 509 4789; x_wconf 68' lang='lat'>247</span> <span class='ocrx_word' id='word_1_580' title='bbox 546 4731 874 4802; x_wconf 87' lang='lat' dir='ltr'>disquerire</span> <span class='ocrx_word' id='word_1_581' title='bbox 908 4729 1045 4801; x_wconf 91' lang='lat' dir='ltr'>quid</span> <span class='ocrx_word' id='word_1_582' title='bbox 1079 4730 1135 4784; x_wconf 90' lang='lat' dir='ltr'>in</span> <span class='ocrx_word' id='word_1_583' title='bbox 1167 4747 1226 4785; x_wconf 91' lang='lat' dir='ltr'>re</span> <span class='ocrx_word' id='word_1_584' title='bbox 1258 4737 1449 4800; x_wconf 86' lang='lat' dir='ltr'>esset;</span> <span class='ocrx_word' id='word_1_585' title='bbox 1486 4733 1585 4788; x_wconf 88' lang='lat' dir='ltr'>sed</span> <span class='ocrx_word' id='word_1_586' title='bbox 1627 4733 1846 4803; x_wconf 89' lang='lat' dir='ltr'>pariter</span> <span class='ocrx_word' id='word_1_587' title='bbox 1876 4751 2004 4789; x_wconf 87' lang='lat' dir='ltr'>om-</span> 
     </span>
    </p>
   </div>
   <div class='ocr_carea' id='block_1_81' title="bbox 355 4788 2081 4893">
    <p class='ocr_par' dir='ltr' id='par_1_81' title="bbox 355 4788 2081 4893">
     <span class='ocr_line' id='line_1_81' title="bbox 355 4788 2081 4893; baseline 0.001 -16"><span class='ocrx_word' id='word_1_588' title='bbox 355 4839 460 4878; x_wconf 91' lang='lat' dir='ltr'>nes</span> <span class='ocrx_word' id='word_1_589' title='bbox 493 4837 609 4875; x_wconf 86' lang='lat' dir='ltr'>una</span> <span class='ocrx_word' id='word_1_590' title='bbox 641 4820 939 4875; x_wconf 88' lang='lat' dir='ltr'>communi</span> <span class='ocrx_word' id='word_1_591' title='bbox 997 4820 1251 4891; x_wconf 90' lang='lat' dir='ltr'>perculsi</span> <span class='ocrx_word' id='word_1_592' title='bbox 1293 4820 1625 4891; x_wconf 82' lang='lat' dir='ltr'>formidine,</span> <span class='ocrx_word' id='word_1_593' title='bbox 1659 4824 2006 4893; x_wconf 85' lang='lat' dir='ltr'>satagebant</span> <span class='ocrx_word' id='word_1_594' title='bbox 2040 4788 2081 4851; x_wconf 83' lang='lat' dir='ltr'><strong>D</strong></span> 
     </span>
    </p>
   </div>
   <div class='ocr_carea' id='block_1_82' title="bbox 359 4908 2003 4981">
    <p class='ocr_par' dir='ltr' id='par_1_82' title="bbox 359 4908 2003 4981">
     <span class='ocr_line' id='line_1_82' title="bbox 359 4908 2003 4981; baseline 0 -15"><span class='ocrx_word' id='word_1_595' title='bbox 359 4928 473 4966; x_wconf 91' lang='lat' dir='ltr'>non</span> <span class='ocrx_word' id='word_1_596' title='bbox 508 4925 569 4965; x_wconf 91' lang='lat' dir='ltr'>se</span> <span class='ocrx_word' id='word_1_597' title='bbox 600 4908 778 4977; x_wconf 90' lang='lat' dir='ltr'>solos,</span> <span class='ocrx_word' id='word_1_598' title='bbox 809 4924 1002 4963; x_wconf 68' lang='lat' dir='ltr'>verum</span> <span class='ocrx_word' id='word_1_599' title='bbox 1032 4913 1090 4962; x_wconf 88' lang='lat' dir='ltr'>et</span> <span class='ocrx_word' id='word_1_600' title='bbox 1119 4909 1273 4965; x_wconf 87' lang='lat' dir='ltr'>cives</span> <span class='ocrx_word' id='word_1_601' title='bbox 1314 4914 1587 4981; x_wconf 89' lang='lat' dir='ltr'>tectaque</span> <span class='ocrx_word' id='word_1_602' title='bbox 1619 4926 1867 4966; x_wconf 90' lang='lat' dir='ltr'>servare.</span> <span class='ocrx_word' id='word_1_603' title='bbox 1898 4916 2003 4967; x_wconf 86' lang='lat' dir='ltr'>Ar-</span> 
     </span>
    </p>
   </div>
   <div class='ocr_carea' id='block_1_83' title="bbox 361 4998 2009 5071">
    <p class='ocr_par' dir='ltr' id='par_1_83' title="bbox 361 4998 2009 5071">
     <span class='ocr_line' id='line_1_83' title="bbox 361 4998 2009 5071; baseline 0.001 -16"><span class='ocrx_word' id='word_1_604' title='bbox 361 5001 502 5056; x_wconf 89' lang='lat' dir='ltr'>mati</span> <span class='ocrx_word' id='word_1_605' title='bbox 537 5017 673 5071; x_wconf 85' lang='lat' dir='ltr'>ergo</span> <span class='ocrx_word' id='word_1_606' title='bbox 725 4998 1132 5054; x_wconf 85' lang='lat' dir='ltr'>discurrebant</span> <span class='ocrx_word' id='word_1_607' title='bbox 1165 5015 1267 5069; x_wconf 91' lang='lat' dir='ltr'>per</span> <span class='ocrx_word' id='word_1_608' title='bbox 1296 5002 1477 5055; x_wconf 92' lang='lat' dir='ltr'>totam</span> <span class='ocrx_word' id='word_1_609' title='bbox 1508 4999 1826 5066; x_wconf 90' lang='lat' dir='ltr'>civitatem,</span> <span class='ocrx_word' id='word_1_610' title='bbox 1848 5001 2009 5057; x_wconf 91' lang='lat' dir='ltr'>velut</span> 
     </span>
    </p>
   </div>
   <div class='ocr_carea' id='block_1_84' title="bbox 362 5087 2004 5160">
    <p class='ocr_par' dir='ltr' id='par_1_84' title="bbox 362 5087 2004 5160">
     <span class='ocr_line' id='line_1_84' title="bbox 362 5087 2004 5160; baseline 0.001 -17"><span class='ocrx_word' id='word_1_611' title='bbox 362 5088 603 5160; x_wconf 89' lang='lat' dir='ltr'>quidam</span> <span class='ocrx_word' id='word_1_612' title='bbox 641 5087 793 5143; x_wconf 89' lang='lat' dir='ltr'>ultro</span> <span class='ocrx_word' id='word_1_613' title='bbox 824 5088 1083 5157; x_wconf 90' lang='lat' dir='ltr'>citroque</span> <span class='ocrx_word' id='word_1_614' title='bbox 1112 5088 1388 5143; x_wconf 90' lang='lat' dir='ltr'>continue</span> <span class='ocrx_word' id='word_1_615' title='bbox 1428 5089 1881 5143; x_wconf 89' lang='lat' dir='ltr'>commeabundi</span> <span class='ocrx_word' id='word_1_616' title='bbox 1914 5105 2004 5145; x_wconf 90' lang='lat' dir='ltr'>ce-</span> 
     </span>
    </p>
   </div>
   <div class='ocr_carea' id='block_1_85' title="bbox 362 5176 2005 5251">
    <p class='ocr_par' dir='ltr' id='par_1_85' title="bbox 362 5176 2005 5251">
     <span class='ocr_line' id='line_1_85' title="bbox 362 5176 2005 5251; baseline 0.002 -19"><span class='ocrx_word' id='word_1_617' title='bbox 362 5178 512 5234; x_wconf 87' lang='lat' dir='ltr'>leres</span> <span class='ocrx_word' id='word_1_618' title='bbox 546 5177 759 5232; x_wconf 91' lang='lat' dir='ltr'>nuntii.</span> <span class='ocrx_word' id='word_1_619' title='bbox 794 5181 874 5230; x_wconf 86' lang='lat' dir='ltr'>Ac</span> <span class='ocrx_word' id='word_1_620' title='bbox 928 5176 1069 5231; x_wconf 88' lang='lat' dir='ltr'>dum</span> <span class='ocrx_word' id='word_1_621' title='bbox 1130 5176 1188 5231; x_wconf 92' lang='lat' dir='ltr'>hi</span> <span class='ocrx_word' id='word_1_622' title='bbox 1237 5176 1409 5244; x_wconf 89' lang='lat' dir='ltr'>hanc,</span> <span class='ocrx_word' id='word_1_623' title='bbox 1443 5178 1541 5232; x_wconf 90' lang='lat' dir='ltr'>alii</span> <span class='ocrx_word' id='word_1_624' title='bbox 1575 5177 1749 5233; x_wconf 90' lang='lat' dir='ltr'>aliam</span> <span class='ocrx_word' id='word_1_625' title='bbox 1780 5178 1839 5233; x_wconf 88' lang='lat' dir='ltr'>in</span> <span class='ocrx_word' id='word_1_626' title='bbox 1873 5197 2005 5251; x_wconf 89' lang='lat' dir='ltr'>par-</span> 
     </span>
    </p>
   </div>
   <div class='ocr_carea' id='block_1_86' title="bbox 360 5265 2005 5339">
    <p class='ocr_par' dir='ltr' id='par_1_86' title="bbox 360 5265 2005 5339">
     <span class='ocr_line' id='line_1_86' title="bbox 360 5265 2005 5339; baseline 0.001 -17"><span class='ocrx_word' id='word_1_627' title='bbox 360 5274 480 5323; x_wconf 90' lang='lat' dir='ltr'>tem</span> <span class='ocrx_word' id='word_1_628' title='bbox 515 5266 734 5337; x_wconf 88' lang='lat' dir='ltr'>impetu</span> <span class='ocrx_word' id='word_1_629' title='bbox 760 5265 1047 5336; x_wconf 86' lang='lat' dir='ltr'>feruntur,</span> <span class='ocrx_word' id='word_1_630' title='bbox 1074 5265 1219 5321; x_wconf 90' lang='lat' dir='ltr'>nihil</span> <span class='ocrx_word' id='word_1_631' title='bbox 1252 5266 1489 5337; x_wconf 91' lang='lat' dir='ltr'>quidem</span> <span class='ocrx_word' id='word_1_632' title='bbox 1522 5283 1722 5322; x_wconf 90' lang='lat' dir='ltr'>eorum</span> <span class='ocrx_word' id='word_1_633' title='bbox 1759 5285 1890 5339; x_wconf 75' lang='lat' dir='ltr'>quae</span> <span class='ocrx_word' id='word_1_634' title='bbox 1919 5269 2005 5323; x_wconf 93' lang='lat' dir='ltr'>di-</span> 
     </span>
    </p>
   </div>
   <div class='ocr_carea' id='block_1_87' title="bbox 362 5353 2006 5428">
    <p class='ocr_par' dir='ltr' id='par_1_87' title="bbox 362 5353 2006 5428">
     <span class='ocr_line' id='line_1_87' title="bbox 362 5353 2006 5428; baseline -0.001 -15"><span class='ocrx_word' id='word_1_635' title='bbox 362 5357 647 5413; x_wconf 87' lang='lat' dir='ltr'>cebantur</span> <span class='ocrx_word' id='word_1_636' title='bbox 678 5353 957 5409; x_wconf 87' lang='lat' dir='ltr'>videbant</span> <span class='ocrx_word' id='word_1_637' title='bbox 990 5372 1002 5409; x_wconf 92' lang='lat'><strong>:</strong></span> <span class='ocrx_word' id='word_1_638' title='bbox 1038 5353 1229 5410; x_wconf 88' lang='lat' dir='ltr'>solum</span> <span class='ocrx_word' id='word_1_639' title='bbox 1263 5355 1519 5426; x_wconf 83' lang='lat' dir='ltr'>ejulatus</span> <span class='ocrx_word' id='word_1_640' title='bbox 1551 5358 1813 5428; x_wconf 91' lang='lat' dir='ltr'>undique</span> <span class='ocrx_word' id='word_1_641' title='bbox 1843 5358 2006 5428; x_wconf 86' lang='lat' dir='ltr'>plan-</span> 
     </span>
    </p>
   </div>
   <div class='ocr_carea' id='block_1_88' title="bbox 364 5442 2007 5517">
    <p class='ocr_par' dir='ltr' id='par_1_88' title="bbox 364 5442 2007 5517">
     <span class='ocr_line' id='line_1_88' title="bbox 364 5442 2007 5517; baseline -0.001 -14"><span class='ocrx_word' id='word_1_642' title='bbox 364 5454 615 5517; x_wconf 89' lang='lat' dir='ltr'>ctusque</span> <span class='ocrx_word' id='word_1_643' title='bbox 653 5442 992 5509; x_wconf 88' lang='lat' dir='ltr'>audiebant,</span> <span class='ocrx_word' id='word_1_644' title='bbox 1023 5443 1184 5499; x_wconf 91' lang='lat' dir='ltr'>velut</span> <span class='ocrx_word' id='word_1_645' title='bbox 1211 5450 1382 5517; x_wconf 90' lang='lat' dir='ltr'>capta</span> <span class='ocrx_word' id='word_1_646' title='bbox 1413 5446 1646 5503; x_wconf 87' lang='lat' dir='ltr'>civitate</span> <span class='ocrx_word' id='word_1_647' title='bbox 1679 5446 2007 5503; x_wconf 87' lang='lat' dir='ltr'>lamentan-</span> 
     </span>
    </p>
   </div>
   <div class='ocr_carea' id='block_1_89' title="bbox 365 5536 2009 5610">
    <p class='ocr_par' dir='ltr' id='par_1_89' title="bbox 365 5536 2009 5610">
     <span class='ocr_line' id='line_1_89' title="bbox 365 5536 2009 5610; baseline 0.002 -18"><span class='ocrx_word' id='word_1_648' title='bbox 365 5539 551 5604; x_wconf 87' lang='lat' dir='ltr'>tium;</span> <span class='ocrx_word' id='word_1_649' title='bbox 584 5539 869 5605; x_wconf 87' lang='lat' dir='ltr'>erantque</span> <span class='ocrx_word' id='word_1_650' title='bbox 897 5550 1067 5589; x_wconf 90' lang='lat' dir='ltr'>voces</span> <span class='ocrx_word' id='word_1_651' title='bbox 1092 5552 1158 5589; x_wconf 89' lang='lat' dir='ltr'>ac</span> <span class='ocrx_word' id='word_1_652' title='bbox 1172 5536 1455 5593; x_wconf 91' lang='lat' dir='ltr'>clamores</span> <span class='ocrx_word' id='word_1_653' title='bbox 1472 5538 1643 5610; x_wconf 88' lang='lat' dir='ltr'>plane</span> <span class='ocrx_word' id='word_1_654' title='bbox 1667 5538 1872 5609; x_wconf 88' lang='lat' dir='ltr'>quales</span> <span class='ocrx_word' id='word_1_655' title='bbox 1906 5539 2009 5595; x_wconf 89' lang='lat' dir='ltr'>ho-</span> 
     </span>
    </p>
   </div>
   <div class='ocr_carea' id='block_1_90' title="bbox 368 5625 2007 5702">
    <p class='ocr_par' dir='ltr' id='par_1_90' title="bbox 368 5625 2007 5702">
     <span class='ocr_line' id='line_1_90' title="bbox 368 5625 2007 5702; baseline 0.003 -21"><span class='ocrx_word' id='word_1_656' title='bbox 368 5627 617 5696; x_wconf 82' lang='lat' dir='ltr'>minum,</span> <span class='ocrx_word' id='word_1_657' title='bbox 652 5641 801 5697; x_wconf 92' lang='lat' dir='ltr'>quos</span> <span class='ocrx_word' id='word_1_658' title='bbox 833 5640 967 5679; x_wconf 87' lang='lat' dir='ltr'>cum</span> <span class='ocrx_word' id='word_1_659' title='bbox 999 5625 1252 5681; x_wconf 84' lang='lat' dir='ltr'>maxime</span> <span class='ocrx_word' id='word_1_660' title='bbox 1283 5643 1541 5699; x_wconf 69' lang='lat' dir='ltr'>praesens</span> <span class='ocrx_word' id='word_1_661' title='bbox 1572 5630 1781 5702; x_wconf 87' lang='lat' dir='ltr'>pungit</span> <span class='ocrx_word' id='word_1_662' title='bbox 1812 5647 1878 5686; x_wconf 92' lang='lat' dir='ltr'>ac</span> <span class='ocrx_word' id='word_1_663' title='bbox 1906 5646 2007 5701; x_wconf 84' lang='lat' dir='ltr'>pe-</span> 
     </span>
    </p>
   </div>
   <div class='ocr_carea' id='block_1_91' title="bbox 370 5712 2009 5789">
    <p class='ocr_par' dir='ltr' id='par_1_91' title="bbox 370 5712 2009 5789">
     <span class='ocr_line' id='line_1_91' title="bbox 370 5712 2009 5789; baseline 0.002 -20"><span class='ocrx_word' id='word_1_664' title='bbox 370 5716 529 5771; x_wconf 85' lang='lat' dir='ltr'>nitus</span> <span class='ocrx_word' id='word_1_665' title='bbox 559 5714 826 5771; x_wconf 88' lang='lat' dir='ltr'>vulnerat</span> <span class='ocrx_word' id='word_1_666' title='bbox 855 5712 1069 5769; x_wconf 91' lang='lat' dir='ltr'>atrocis</span> <span class='ocrx_word' id='word_1_667' title='bbox 1102 5715 1432 5786; x_wconf 82' lang='lat' dir='ltr'>ingruentis</span> <span class='ocrx_word' id='word_1_668' title='bbox 1464 5719 1603 5774; x_wconf 90' lang='lat' dir='ltr'>mali</span> <span class='ocrx_word' id='word_1_669' title='bbox 1635 5736 1885 5789; x_wconf 88' lang='lat' dir='ltr'>sensus;</span> <span class='ocrx_word' id='word_1_670' title='bbox 1922 5719 2009 5773; x_wconf 86' lang='lat' dir='ltr'>ni-</span> 
     </span>
    </p>
   </div>
   <div class='ocr_carea' id='block_1_92' title="bbox 2092 3475 3743 3552">
    <p class='ocr_par' dir='ltr' id='par_1_92' title="bbox 2092 3475 3743 3552">
     <span class='ocr_line' id='line_1_92' title="bbox 2092 3475 3743 3552; baseline 0.002 -21"><span class='ocrx_word' id='word_1_671' title='bbox 2092 3478 2299 3549; x_wconf 73' lang='lat' dir='ltr'>prasdaa</span> <span class='ocrx_word' id='word_1_672' title='bbox 2331 3475 2483 3531; x_wconf 89' lang='lat' dir='ltr'>alius</span> <span class='ocrx_word' id='word_1_673' title='bbox 2533 3479 2864 3533; x_wconf 86' lang='lat' dir='ltr'>ostentabat</span> <span class='ocrx_word' id='word_1_674' title='bbox 2910 3478 3068 3534; x_wconf 91' lang='lat' dir='ltr'>socio</span> <span class='ocrx_word' id='word_1_675' title='bbox 3099 3479 3290 3551; x_wconf 92' lang='lat' dir='ltr'>spolia</span> <span class='ocrx_word' id='word_1_676' title='bbox 3331 3482 3616 3552; x_wconf 85' lang='lat' dir='ltr'>exposita,</span> <span class='ocrx_word' id='word_1_677' title='bbox 3649 3483 3743 3535; x_wconf 91' lang='lat' dir='ltr'>in-</span> 
     </span>
    </p>
   </div>
   <div class='ocr_carea' id='block_1_93' title="bbox 2093 3567 3745 3643">
    <p class='ocr_par' dir='ltr' id='par_1_93' title="bbox 2093 3567 3745 3643">
     <span class='ocr_line' id='line_1_93' title="bbox 2093 3567 3745 3643; baseline 0.004 -22"><span class='ocrx_word' id='word_1_678' title='bbox 2093 3568 2286 3622; x_wconf 90' lang='lat' dir='ltr'>citans</span> <span class='ocrx_word' id='word_1_679' title='bbox 2318 3571 2382 3621; x_wconf 89' lang='lat' dir='ltr'>ut</span> <span class='ocrx_word' id='word_1_680' title='bbox 2406 3570 2643 3623; x_wconf 88' lang='lat' dir='ltr'>strenue</span> <span class='ocrx_word' id='word_1_681' title='bbox 2674 3567 2950 3623; x_wconf 81' lang='lat' dir='ltr'>auferret.</span> <span class='ocrx_word' id='word_1_682' title='bbox 3007 3568 3186 3636; x_wconf 86' lang='lat' dir='ltr'>Nihil,</span> <span class='ocrx_word' id='word_1_683' title='bbox 3242 3569 3508 3640; x_wconf 88' lang='lat' dir='ltr'>inquam,</span> <span class='ocrx_word' id='word_1_684' title='bbox 3568 3587 3745 3643; x_wconf 84' lang='lat' dir='ltr'>spec—</span> 
     </span>
    </p>
   </div>
   <div class='ocr_carea' id='block_1_94' title="bbox 2097 3655 3763 3721">
    <p class='ocr_par' dir='ltr' id='par_1_94' title="bbox 2097 3655 3763 3721">
     <span class='ocr_line' id='line_1_94' title="bbox 2097 3655 3763 3721; baseline 0.002 -9"><span class='ocrx_word' id='word_1_685' title='bbox 2097 3659 2329 3713; x_wconf 85' lang='lat' dir='ltr'>tabatur</span> <span class='ocrx_word' id='word_1_686' title='bbox 2358 3655 2494 3721; x_wconf 87' lang='lat' dir='ltr'>tale,</span> <span class='ocrx_word' id='word_1_687' title='bbox 2519 3656 2621 3711; x_wconf 88' lang='lat' dir='ltr'>sed</span> <span class='ocrx_word' id='word_1_688' title='bbox 2670 3661 2905 3713; x_wconf 89' lang='lat' dir='ltr'>tantum</span> <span class='ocrx_word' id='word_1_689' title='bbox 2947 3657 3119 3713; x_wconf 87' lang='lat' dir='ltr'>turba</span> <span class='ocrx_word' id='word_1_690' title='bbox 3165 3658 3539 3714; x_wconf 82' lang='lat' dir='ltr'>tumultuans</span> <span class='ocrx_word' id='word_1_691' title='bbox 3589 3661 3763 3716; x_wconf 86' lang='lat' dir='ltr'>avul-</span> 
     </span>
    </p>
   </div>
   <div class='ocr_carea' id='block_1_95' title="bbox 2106 3746 3767 3806">
    <p class='ocr_par' dir='ltr' id='par_1_95' title="bbox 2106 3746 3767 3806">
     <span class='ocr_line' id='line_1_95' title="bbox 2106 3746 3767 3806; baseline 0.002 -3"><span class='ocrx_word' id='word_1_692' title='bbox 2106 3763 2303 3803; x_wconf 90' lang='lat' dir='ltr'>sorum</span> <span class='ocrx_word' id='word_1_693' title='bbox 2388 3746 2667 3802; x_wconf 89' lang='lat' dir='ltr'>domibus</span> <span class='ocrx_word' id='word_1_694' title='bbox 2760 3750 2817 3801; x_wconf 88' lang='lat' dir='ltr'>et</span> <span class='ocrx_word' id='word_1_695' title='bbox 2874 3750 3093 3802; x_wconf 89' lang='lat' dir='ltr'>temere</span> <span class='ocrx_word' id='word_1_696' title='bbox 3161 3748 3527 3802; x_wconf 88' lang='lat' dir='ltr'>cursantium</span> <span class='ocrx_word' id='word_1_697' title='bbox 3601 3755 3767 3806; x_wconf 88' lang='lat' dir='ltr'>metu</span> 
     </span>
    </p>
   </div>
   <div class='ocr_carea' id='block_1_96' title="bbox 2106 3835 3766 3911">
    <p class='ocr_par' dir='ltr' id='par_1_96' title="bbox 2106 3835 3766 3911">
     <span class='ocr_line' id='line_1_96' title="bbox 2106 3835 3766 3911; baseline 0.004 -22"><span class='ocrx_word' id='word_1_698' title='bbox 2106 3835 2546 3909; x_wconf 86' lang='lat' dir='ltr'>lymphatorum</span> <span class='ocrx_word' id='word_1_699' title='bbox 2599 3853 2612 3891; x_wconf 90' lang='lat'><strong>:</strong></span> <span class='ocrx_word' id='word_1_700' title='bbox 2664 3837 2765 3907; x_wconf 88' lang='lat' dir='ltr'>qui</span> <span class='ocrx_word' id='word_1_701' title='bbox 2808 3836 2906 3890; x_wconf 90' lang='lat' dir='ltr'>ubi</span> <span class='ocrx_word' id='word_1_702' title='bbox 2961 3837 3021 3891; x_wconf 90' lang='lat' dir='ltr'>in</span> <span class='ocrx_word' id='word_1_703' title='bbox 3074 3838 3427 3894; x_wconf 89' lang='lat' dir='ltr'>domesticos</span> <span class='ocrx_word' id='word_1_704' title='bbox 3472 3856 3766 3911; x_wconf 88' lang='lat' dir='ltr'>procursu</span> 
     </span>
    </p>
   </div>
   <div class='ocr_carea' id='block_1_97' title="bbox 2107 3925 3765 3997">
    <p class='ocr_par' dir='ltr' id='par_1_97' title="bbox 2107 3925 3765 3997">
     <span class='ocr_line' id='line_1_97' title="bbox 2107 3925 3765 3997; baseline 0.002 -17"><span class='ocrx_word' id='word_1_705' title='bbox 2107 3927 2492 3990; x_wconf 71' lang='lat' dir='ltr'>offenderant,</span> <span class='ocrx_word' id='word_1_706' title='bbox 2522 3925 2982 3982; x_wconf 90' lang='lat' dir='ltr'>cohorescebant</span> <span class='ocrx_word' id='word_1_707' title='bbox 3024 3930 3309 3997; x_wconf 88' lang='lat' dir='ltr'>tanquam</span> <span class='ocrx_word' id='word_1_708' title='bbox 3343 3928 3403 3983; x_wconf 91' lang='lat' dir='ltr'>in</span> <span class='ocrx_word' id='word_1_709' title='bbox 3446 3927 3645 3984; x_wconf 89' lang='lat' dir='ltr'>hostes</span> <span class='ocrx_word' id='word_1_710' title='bbox 3676 3930 3765 3985; x_wconf 89' lang='lat' dir='ltr'>in-</span> 
     </span>
    </p>
   </div>
   <div class='ocr_carea' id='block_1_98' title="bbox 2109 4015 3773 4088">
    <p class='ocr_par' dir='ltr' id='par_1_98' title="bbox 2109 4015 3773 4088">
     <span class='ocr_line' id='line_1_98' title="bbox 2109 4015 3773 4088; baseline 0.001 -17"><span class='ocrx_word' id='word_1_711' title='bbox 2109 4016 2413 4085; x_wconf 89' lang='lat' dir='ltr'>cidissent,</span> <span class='ocrx_word' id='word_1_712' title='bbox 2444 4019 2665 4070; x_wconf 88' lang='lat' dir='ltr'>terrore</span> <span class='ocrx_word' id='word_1_713' title='bbox 2697 4015 2929 4086; x_wconf 91' lang='lat' dir='ltr'>panico,</span> <span class='ocrx_word' id='word_1_714' title='bbox 2958 4032 3074 4086; x_wconf 89' lang='lat' dir='ltr'>quo</span> <span class='ocrx_word' id='word_1_715' title='bbox 3104 4022 3273 4071; x_wconf 90' lang='lat' dir='ltr'>erant</span> <span class='ocrx_word' id='word_1_716' title='bbox 3300 4017 3773 4088; x_wconf 88' lang='lat' dir='ltr'>fascinati,fami-</span> 
     </span>
    </p>
   </div>
   <div class='ocr_carea' id='block_1_99' title="bbox 2111 4104 3779 4177">
    <p class='ocr_par' dir='ltr' id='par_1_99' title="bbox 2111 4104 3779 4177">
     <span class='ocr_line' id='line_1_99' title="bbox 2111 4104 3779 4177; baseline 0.002 -17"><span class='ocrx_word' id='word_1_717' title='bbox 2111 4105 2287 4161; x_wconf 88' lang='lat' dir='ltr'>liares</span> <span class='ocrx_word' id='word_1_718' title='bbox 2317 4106 2682 4160; x_wconf 90' lang='lat' dir='ltr'>deformante</span> <span class='ocrx_word' id='word_1_719' title='bbox 2721 4104 2778 4158; x_wconf 90' lang='lat' dir='ltr'>in</span> <span class='ocrx_word' id='word_1_720' title='bbox 2829 4104 3130 4173; x_wconf 86' lang='lat' dir='ltr'>barbaros,</span> <span class='ocrx_word' id='word_1_721' title='bbox 3183 4122 3333 4177; x_wconf 85' lang='lat' dir='ltr'>quos</span> <span class='ocrx_word' id='word_1_722' title='bbox 3387 4123 3458 4162; x_wconf 92' lang='lat' dir='ltr'>ne</span> <span class='ocrx_word' id='word_1_723' title='bbox 3507 4110 3779 4164; x_wconf 90' lang='lat' dir='ltr'>occidere</span> 
     </span>
    </p>
   </div>
   <div class='ocr_carea' id='block_1_100' title="bbox 2112 4195 3778 4268">
    <p class='ocr_par' dir='ltr' id='par_1_100' title="bbox 2112 4195 3778 4268">
     <span class='ocr_line' id='line_1_100' title="bbox 2112 4195 3778 4268; baseline 0.004 -16"><span class='ocrx_word' id='word_1_724' title='bbox 2112 4201 2467 4253; x_wconf 89' lang='lat' dir='ltr'>conarentur</span> <span class='ocrx_word' id='word_1_725' title='bbox 2496 4195 2623 4251; x_wconf 90' lang='lat' dir='ltr'>sola</span> <span class='ocrx_word' id='word_1_726' title='bbox 2652 4196 2854 4251; x_wconf 90' lang='lat' dir='ltr'>tuendi</span> <span class='ocrx_word' id='word_1_727' title='bbox 2891 4212 2953 4251; x_wconf 91' lang='lat' dir='ltr'>se</span> <span class='ocrx_word' id='word_1_728' title='bbox 2984 4199 3144 4268; x_wconf 91' lang='lat' dir='ltr'>ipsos</span> <span class='ocrx_word' id='word_1_729' title='bbox 3180 4201 3250 4252; x_wconf 89' lang='lat' dir='ltr'>ab</span> <span class='ocrx_word' id='word_1_730' title='bbox 3296 4215 3497 4254; x_wconf 90' lang='lat' dir='ltr'>eorum</span> <span class='ocrx_word' id='word_1_731' title='bbox 3538 4201 3778 4259; x_wconf 88' lang='lat' dir='ltr'>scilicet</span> 
     </span>
    </p>
   </div>
   <div class='ocr_carea' id='block_1_101' title="bbox 2112 4284 3775 4347">
    <p class='ocr_par' dir='ltr' id='par_1_101' title="bbox 2112 4284 3775 4347">
     <span class='ocr_line' id='line_1_101' title="bbox 2112 4284 3775 4347; baseline 0.004 -6"><span class='ocrx_word' id='word_1_732' title='bbox 2112 4287 2328 4341; x_wconf 89' lang='lat' dir='ltr'>infesta</span> <span class='ocrx_word' id='word_1_733' title='bbox 2354 4284 2410 4339; x_wconf 91' lang='lat' dir='ltr'>vi</span> <span class='ocrx_word' id='word_1_734' title='bbox 2442 4290 2501 4340; x_wconf 90' lang='lat' dir='ltr'>et</span> <span class='ocrx_word' id='word_1_735' title='bbox 2530 4284 2715 4339; x_wconf 88' lang='lat' dir='ltr'>armis</span> <span class='ocrx_word' id='word_1_736' title='bbox 2745 4299 2884 4341; x_wconf 83' lang='lat' dir='ltr'>cura</span> <span class='ocrx_word' id='word_1_737' title='bbox 2916 4286 3269 4342; x_wconf 85' lang='lat' dir='ltr'>retardabat.</span> <span class='ocrx_word' id='word_1_738' title='bbox 3322 4287 3592 4345; x_wconf 84' lang='lat' dir='ltr'>Infelices</span> <span class='ocrx_word' id='word_1_739' title='bbox 3643 4290 3775 4347; x_wconf 81' lang='lat' dir='ltr'>dira</span> 
     </span>
    </p>
   </div>
   <div class='ocr_carea' id='block_1_102' title="bbox 2112 4373 3776 4445">
    <p class='ocr_par' dir='ltr' id='par_1_102' title="bbox 2112 4373 3776 4445">
     <span class='ocr_line' id='line_1_102' title="bbox 2112 4373 3776 4445; baseline 0.004 -16"><span class='ocrx_word' id='word_1_740' title='bbox 2112 4374 2394 4441; x_wconf 68' lang='lat' dir='ltr'>caecitate,</span> <span class='ocrx_word' id='word_1_741' title='bbox 2455 4373 2557 4445; x_wconf 92' lang='lat' dir='ltr'>qui</span> <span class='ocrx_word' id='word_1_742' title='bbox 2624 4390 2740 4428; x_wconf 91' lang='lat' dir='ltr'>non</span> <span class='ocrx_word' id='word_1_743' title='bbox 2801 4374 3201 4430; x_wconf 88' lang='lat' dir='ltr'>discernerent</span> <span class='ocrx_word' id='word_1_744' title='bbox 3251 4376 3406 4432; x_wconf 89' lang='lat' dir='ltr'>cives</span> <span class='ocrx_word' id='word_1_745' title='bbox 3464 4382 3522 4432; x_wconf 90' lang='lat' dir='ltr'>et</span> <span class='ocrx_word' id='word_1_746' title='bbox 3580 4378 3776 4437; x_wconf 90' lang='lat' dir='ltr'>socios</span> 
     </span>
    </p>
   </div>
   <div class='ocr_carea' id='block_1_103' title="bbox 2113 4462 3775 4531">
    <p class='ocr_par' dir='ltr' id='par_1_103' title="bbox 2113 4462 3775 4531">
     <span class='ocr_line' id='line_1_103' title="bbox 2113 4462 3775 4531; baseline 0.002 -13"><span class='ocrx_word' id='word_1_747' title='bbox 2113 4465 2185 4518; x_wconf 91' lang='lat' dir='ltr'>ab</span> <span class='ocrx_word' id='word_1_748' title='bbox 2218 4464 2529 4531; x_wconf 89' lang='lat' dir='ltr'>hostibus;</span> <span class='ocrx_word' id='word_1_749' title='bbox 2565 4477 2671 4517; x_wconf 89' lang='lat' dir='ltr'>nec</span> <span class='ocrx_word' id='word_1_750' title='bbox 2704 4462 2902 4517; x_wconf 88' lang='lat' dir='ltr'>minus</span> <span class='ocrx_word' id='word_1_751' title='bbox 2934 4464 3133 4519; x_wconf 87' lang='lat' dir='ltr'>miseri</span> <span class='ocrx_word' id='word_1_752' title='bbox 3169 4465 3513 4521; x_wconf 89' lang='lat' dir='ltr'>fortitudine</span> <span class='ocrx_word' id='word_1_753' title='bbox 3553 4466 3775 4523; x_wconf 87' lang='lat' dir='ltr'>intem-</span> 
     </span>
    </p>
   </div>
   <div class='ocr_carea' id='block_1_104' title="bbox 2115 4552 3779 4627">
    <p class='ocr_par' dir='ltr' id='par_1_104' title="bbox 2115 4552 3779 4627">
     <span class='ocr_line' id='line_1_104' title="bbox 2115 4552 3779 4627; baseline 0.004 -21"><span class='ocrx_word' id='word_1_754' title='bbox 2115 4552 2357 4625; x_wconf 88' lang='lat' dir='ltr'>pestiva,</span> <span class='ocrx_word' id='word_1_755' title='bbox 2391 4569 2507 4624; x_wconf 86' lang='lat' dir='ltr'>qua</span> <span class='ocrx_word' id='word_1_756' title='bbox 2539 4552 2598 4605; x_wconf 91' lang='lat' dir='ltr'>in</span> <span class='ocrx_word' id='word_1_757' title='bbox 2640 4552 2861 4607; x_wconf 91' lang='lat' dir='ltr'>amicos</span> <span class='ocrx_word' id='word_1_758' title='bbox 2893 4557 3069 4623; x_wconf 88' lang='lat' dir='ltr'>atque</span> <span class='ocrx_word' id='word_1_759' title='bbox 3095 4554 3238 4608; x_wconf 89' lang='lat' dir='ltr'>adeo</span> <span class='ocrx_word' id='word_1_760' title='bbox 3271 4554 3329 4609; x_wconf 91' lang='lat' dir='ltr'>in</span> <span class='ocrx_word' id='word_1_761' title='bbox 3359 4570 3421 4609; x_wconf 90' lang='lat' dir='ltr'>se</span> <span class='ocrx_word' id='word_1_762' title='bbox 3451 4554 3614 4627; x_wconf 90' lang='lat' dir='ltr'>ipsos</span> <span class='ocrx_word' id='word_1_763' title='bbox 3646 4573 3779 4612; x_wconf 83' lang='lat' dir='ltr'>mu-</span> 
     </span>
    </p>
   </div>
   <div class='ocr_carea' id='block_1_105' title="bbox 2116 4642 3778 4713">
    <p class='ocr_par' dir='ltr' id='par_1_105' title="bbox 2116 4642 3778 4713">
     <span class='ocr_line' id='line_1_105' title="bbox 2116 4642 3778 4713; baseline 0.003 -17"><span class='ocrx_word' id='word_1_764' title='bbox 2116 4658 2303 4697; x_wconf 91' lang='lat' dir='ltr'>croem</span> <span class='ocrx_word' id='word_1_765' title='bbox 2356 4642 2764 4713; x_wconf 90' lang='lat' dir='ltr'>impetumque</span> <span class='ocrx_word' id='word_1_766' title='bbox 2813 4642 3227 4713; x_wconf 89' lang='lat' dir='ltr'>unusquisque</span> <span class='ocrx_word' id='word_1_767' title='bbox 3275 4645 3555 4699; x_wconf 88' lang='lat' dir='ltr'>vertebat.</span> <span class='ocrx_word' id='word_1_768' title='bbox 3606 4646 3778 4702; x_wconf 90' lang='lat' dir='ltr'>Tunc</span> 
     </span>
    </p>
   </div>
   <div class='ocr_carea' id='block_1_106' title="bbox 2118 4729 3781 4802">
    <p class='ocr_par' dir='ltr' id='par_1_106' title="bbox 2118 4729 3781 4802">
     <span class='ocr_line' id='line_1_106' title="bbox 2118 4729 3781 4802; baseline 0.002 -15"><span class='ocrx_word' id='word_1_769' title='bbox 2118 4732 2174 4787; x_wconf 92' lang='lat' dir='ltr'>hi</span> <span class='ocrx_word' id='word_1_770' title='bbox 2210 4747 2443 4802; x_wconf 87' lang='lat' dir='ltr'>quoque</span> <span class='ocrx_word' id='word_1_771' title='bbox 2474 4747 2623 4802; x_wconf 91' lang='lat' dir='ltr'>quos</span> <span class='ocrx_word' id='word_1_772' title='bbox 2681 4729 2957 4786; x_wconf 76' lang='lat' dir='ltr'>custodiae</span> <span class='ocrx_word' id='word_1_773' title='bbox 3008 4732 3157 4787; x_wconf 90' lang='lat' dir='ltr'>ferro</span> <span class='ocrx_word' id='word_1_774' title='bbox 3216 4732 3446 4787; x_wconf 86' lang='lat' dir='ltr'>vinctos</span> <span class='ocrx_word' id='word_1_775' title='bbox 3493 4735 3781 4790; x_wconf 90' lang='lat' dir='ltr'>tenebant</span> 
     </span>
    </p>
   </div>
   <div class='ocr_carea' id='block_1_107' title="bbox 2115 4819 3779 4891">
    <p class='ocr_par' dir='ltr' id='par_1_107' title="bbox 2115 4819 3779 4891">
     <span class='ocr_line' id='line_1_107' title="bbox 2115 4819 3779 4891; baseline 0.001 -15"><span class='ocrx_word' id='word_1_776' title='bbox 2115 4821 2309 4890; x_wconf 90' lang='lat' dir='ltr'>(multi</span> <span class='ocrx_word' id='word_1_777' title='bbox 2343 4821 2499 4876; x_wconf 91' lang='lat' dir='ltr'>enim</span> <span class='ocrx_word' id='word_1_778' title='bbox 2532 4819 2684 4875; x_wconf 91' lang='lat' dir='ltr'>bello</span> <span class='ocrx_word' id='word_1_779' title='bbox 2736 4820 2890 4891; x_wconf 88' lang='lat' dir='ltr'>capti</span> <span class='ocrx_word' id='word_1_780' title='bbox 2922 4826 3202 4891; x_wconf 90' lang='lat' dir='ltr'>perpetuo</span> <span class='ocrx_word' id='word_1_781' title='bbox 3263 4837 3517 4877; x_wconf 90' lang='lat' dir='ltr'>carcere.</span> <span class='ocrx_word' id='word_1_782' title='bbox 3572 4823 3779 4878; x_wconf 64' lang='lat' dir='ltr'>Nicaea:</span> 
     </span>
    </p>
   </div>
   <div class='ocr_carea' id='block_1_108' title="bbox 2116 4907 3775 4977">
    <p class='ocr_par' dir='ltr' id='par_1_108' title="bbox 2116 4907 3775 4977">
     <span class='ocr_line' id='line_1_108' title="bbox 2116 4907 3775 4977; baseline 0.001 -11"><span class='ocrx_word' id='word_1_783' title='bbox 2116 4910 2415 4967; x_wconf 89' lang='lat' dir='ltr'>detinendi</span> <span class='ocrx_word' id='word_1_784' title='bbox 2443 4909 2702 4965; x_wconf 89' lang='lat' dir='ltr'>damnati</span> <span class='ocrx_word' id='word_1_785' title='bbox 2736 4912 2922 4976; x_wconf 89' lang='lat' dir='ltr'>erant,</span> <span class='ocrx_word' id='word_1_786' title='bbox 2953 4909 3022 4963; x_wconf 92' lang='lat' dir='ltr'>ad</span> <span class='ocrx_word' id='word_1_787' title='bbox 3056 4909 3114 4963; x_wconf 91' lang='lat' dir='ltr'>id</span> <span class='ocrx_word' id='word_1_788' title='bbox 3139 4907 3256 4965; x_wconf 88' lang='lat' dir='ltr'>ista</span> <span class='ocrx_word' id='word_1_789' title='bbox 3274 4910 3497 4965; x_wconf 88' lang='lat' dir='ltr'>delecta</span> <span class='ocrx_word' id='word_1_790' title='bbox 3519 4911 3775 4977; x_wconf 88' lang='lat' dir='ltr'>civitate,</span> 
     </span>
    </p>
   </div>
   <div class='ocr_carea' id='block_1_109' title="bbox 2118 4997 3782 5072">
    <p class='ocr_par' dir='ltr' id='par_1_109' title="bbox 2118 4997 3782 5072">
     <span class='ocr_line' id='line_1_109' title="bbox 2118 4997 3782 5072; baseline 0 -16"><span class='ocrx_word' id='word_1_791' title='bbox 2118 5001 2444 5071; x_wconf 59' lang='lat' dir='ltr'>quodjnde</span> <span class='ocrx_word' id='word_1_792' title='bbox 2476 4997 2780 5053; x_wconf 85' lang='lat' dir='ltr'>difﬁcilius</span> <span class='ocrx_word' id='word_1_793' title='bbox 2825 4997 2946 5053; x_wconf 91' lang='lat' dir='ltr'>vias</span> <span class='ocrx_word' id='word_1_794' title='bbox 2988 4998 3249 5069; x_wconf 86' lang='lat' dir='ltr'>fugiendi</span> <span class='ocrx_word' id='word_1_795' title='bbox 3302 5000 3555 5070; x_wconf 88' lang='lat' dir='ltr'>reperire</span> <span class='ocrx_word' id='word_1_796' title='bbox 3604 5017 3782 5072; x_wconf 87' lang='lat' dir='ltr'>posse</span> 
     </span>
    </p>
   </div>
   <div class='ocr_carea' id='block_1_110' title="bbox 2118 5087 3781 5158">
    <p class='ocr_par' dir='ltr' id='par_1_110' title="bbox 2118 5087 3781 5158">
     <span class='ocr_line' id='line_1_110' title="bbox 2118 5087 3781 5158; baseline 0.001 -13"><span class='ocrx_word' id='word_1_797' title='bbox 2118 5088 2502 5158; x_wconf 78' lang='lat' dir='ltr'>viderentur),</span> <span class='ocrx_word' id='word_1_798' title='bbox 2538 5088 2659 5157; x_wconf 87' lang='lat' dir='ltr'>isti,</span> <span class='ocrx_word' id='word_1_799' title='bbox 2692 5088 2960 5158; x_wconf 87' lang='lat' dir='ltr'>inquam,</span> <span class='ocrx_word' id='word_1_800' title='bbox 3007 5087 3311 5143; x_wconf 87' lang='lat' dir='ltr'>communi</span> <span class='ocrx_word' id='word_1_801' title='bbox 3360 5089 3781 5146; x_wconf 89' lang='lat' dir='ltr'>animadversa</span> 
     </span>
    </p>
   </div>
   <div class='ocr_carea' id='block_1_111' title="bbox 2120 5176 3781 5250">
    <p class='ocr_par' dir='ltr' id='par_1_111' title="bbox 2120 5176 3781 5250">
     <span class='ocr_line' id='line_1_111' title="bbox 2120 5176 3781 5250; baseline 0.001 -16"><span class='ocrx_word' id='word_1_802' title='bbox 2120 5177 2580 5250; x_wconf 89' lang='lat' dir='ltr'>perturbatione,</span> <span class='ocrx_word' id='word_1_803' title='bbox 2636 5176 2905 5247; x_wconf 88' lang='lat' dir='ltr'>persuasi</span> <span class='ocrx_word' id='word_1_804' title='bbox 2960 5192 3161 5232; x_wconf 87' lang='lat' dir='ltr'>revera</span> <span class='ocrx_word' id='word_1_805' title='bbox 3219 5177 3520 5249; x_wconf 82' lang='lat' dir='ltr'>ingressos</span> <span class='ocrx_word' id='word_1_806' title='bbox 3576 5178 3781 5236; x_wconf 88' lang='lat' dir='ltr'>hostes</span> 
     </span>
    </p>
   </div>
   <div class='ocr_carea' id='block_1_112' title="bbox 2119 5264 3780 5338">
    <p class='ocr_par' dir='ltr' id='par_1_112' title="bbox 2119 5264 3780 5338">
     <span class='ocr_line' id='line_1_112' title="bbox 2119 5264 3780 5338; baseline 0 -14"><span class='ocrx_word' id='word_1_807' title='bbox 2119 5267 2272 5324; x_wconf 72' lang='lat'><strong>248</strong></span> <span class='ocrx_word' id='word_1_808' title='bbox 2306 5272 2364 5323; x_wconf 91' lang='lat' dir='ltr'>et</span> <span class='ocrx_word' id='word_1_809' title='bbox 2395 5267 2450 5321; x_wconf 93' lang='lat' dir='ltr'>in</span> <span class='ocrx_word' id='word_1_810' title='bbox 2486 5266 2630 5321; x_wconf 89' lang='lat' dir='ltr'>urbe</span> <span class='ocrx_word' id='word_1_811' title='bbox 2662 5264 2995 5336; x_wconf 82' lang='lat' dir='ltr'>praevalere,</span> <span class='ocrx_word' id='word_1_812' title='bbox 3028 5282 3145 5321; x_wconf 90' lang='lat' dir='ltr'>non</span> <span class='ocrx_word' id='word_1_813' title='bbox 3185 5268 3344 5336; x_wconf 89' lang='lat' dir='ltr'>quod</span> <span class='ocrx_word' id='word_1_814' title='bbox 3395 5268 3557 5338; x_wconf 90' lang='lat' dir='ltr'>ipsos</span> <span class='ocrx_word' id='word_1_815' title='bbox 3609 5267 3780 5325; x_wconf 84' lang='lat' dir='ltr'>vide-</span> 
     </span>
    </p>
   </div>
   <div class='ocr_carea' id='block_1_113' title="bbox 2120 5352 3781 5426">
    <p class='ocr_par' dir='ltr' id='par_1_113' title="bbox 2120 5352 3781 5426">
     <span class='ocr_line' id='line_1_113' title="bbox 2120 5352 3781 5426; baseline 0.001 -13"><span class='ocrx_word' id='word_1_816' title='bbox 2120 5360 2270 5426; x_wconf 91' lang='lat' dir='ltr'>rent,</span> <span class='ocrx_word' id='word_1_817' title='bbox 2304 5356 2404 5412; x_wconf 91' lang='lat' dir='ltr'>sed</span> <span class='ocrx_word' id='word_1_818' title='bbox 2438 5372 2507 5411; x_wconf 89' lang='lat' dir='ltr'>ex</span> <span class='ocrx_word' id='word_1_819' title='bbox 2554 5352 2949 5425; x_wconf 87' lang='lat' dir='ltr'>trepidatione</span> <span class='ocrx_word' id='word_1_820' title='bbox 2996 5370 3177 5425; x_wconf 89' lang='lat' dir='ltr'>quam</span> <span class='ocrx_word' id='word_1_821' title='bbox 3208 5356 3529 5412; x_wconf 86' lang='lat' dir='ltr'>cernebant</span> <span class='ocrx_word' id='word_1_822' title='bbox 3559 5356 3781 5414; x_wconf 89' lang='lat' dir='ltr'>civium</span> 
     </span>
    </p>
   </div>
   <div class='ocr_carea' id='block_1_114' title="bbox 2119 5445 3781 5517">
    <p class='ocr_par' dir='ltr' id='par_1_114' title="bbox 2119 5445 3781 5517">
     <span class='ocr_line' id='line_1_114' title="bbox 2119 5445 3781 5517; baseline 0.001 -14"><span class='ocrx_word' id='word_1_823' title='bbox 2119 5447 2669 5517; x_wconf 89' lang='lat' dir='ltr'>ductaconjectura,</span> <span class='ocrx_word' id='word_1_824' title='bbox 2696 5446 2871 5502; x_wconf 88' lang='lat' dir='ltr'>soluti</span> <span class='ocrx_word' id='word_1_825' title='bbox 2899 5445 3150 5501; x_wconf 86' lang='lat' dir='ltr'>vinculis</span> <span class='ocrx_word' id='word_1_826' title='bbox 3178 5462 3239 5502; x_wconf 89' lang='lat' dir='ltr'>se</span> <span class='ocrx_word' id='word_1_827' title='bbox 3263 5448 3508 5503; x_wconf 90' lang='lat' dir='ltr'>comites</span> <span class='ocrx_word' id='word_1_828' title='bbox 3533 5447 3781 5504; x_wconf 85' lang='lat' dir='ltr'>addide-</span> 
     </span>
    </p>
   </div>
   <div class='ocr_carea' id='block_1_115' title="bbox 2120 5534 3787 5607">
    <p class='ocr_par' dir='ltr' id='par_1_115' title="bbox 2120 5534 3787 5607">
     <span class='ocr_line' id='line_1_115' title="bbox 2120 5534 3787 5607; baseline -0.001 -14"><span class='ocrx_word' id='word_1_829' title='bbox 2120 5542 2260 5593; x_wconf 89' lang='lat' dir='ltr'>runt</span> <span class='ocrx_word' id='word_1_830' title='bbox 2301 5537 2373 5593; x_wconf 91' lang='lat' dir='ltr'>iis</span> <span class='ocrx_word' id='word_1_831' title='bbox 2410 5538 2481 5592; x_wconf 90' lang='lat' dir='ltr'>de</span> <span class='ocrx_word' id='word_1_832' title='bbox 2520 5535 2738 5607; x_wconf 90' lang='lat' dir='ltr'>quibus</span> <span class='ocrx_word' id='word_1_833' title='bbox 2787 5534 2908 5590; x_wconf 84' lang='lat' dir='ltr'>dixi</span> <span class='ocrx_word' id='word_1_834' title='bbox 2960 5536 3226 5604; x_wconf 85' lang='lat' dir='ltr'>armatis,</span> <span class='ocrx_word' id='word_1_835' title='bbox 3251 5540 3309 5590; x_wconf 92' lang='lat' dir='ltr'>et</span> <span class='ocrx_word' id='word_1_836' title='bbox 3330 5540 3589 5592; x_wconf 88' lang='lat' dir='ltr'>extremo</span> <span class='ocrx_word' id='word_1_837' title='bbox 3621 5536 3787 5593; x_wconf 88' lang='lat' dir='ltr'>velut</span> 
     </span>
    </p>
   </div>
   <div class='ocr_carea' id='block_1_116' title="bbox 2120 5624 3779 5699">
    <p class='ocr_par' dir='ltr' id='par_1_116' title="bbox 2120 5624 3779 5699">
     <span class='ocr_line' id='line_1_116' title="bbox 2120 5624 3779 5699; baseline -0.003 -12"><span class='ocrx_word' id='word_1_838' title='bbox 2120 5628 2355 5699; x_wconf 87' lang='lat' dir='ltr'>agmine</span> <span class='ocrx_word' id='word_1_839' title='bbox 2373 5627 2670 5684; x_wconf 90' lang='lat' dir='ltr'>cohortem</span> <span class='ocrx_word' id='word_1_840' title='bbox 2690 5629 2982 5681; x_wconf 86' lang='lat' dir='ltr'>auxerunt</span> <span class='ocrx_word' id='word_1_841' title='bbox 3005 5624 3344 5695; x_wconf 87' lang='lat' dir='ltr'>obeuntem,</span> <span class='ocrx_word' id='word_1_842' title='bbox 3370 5630 3779 5682; x_wconf 89' lang='lat' dir='ltr'>utestmemo-</span> 
     </span>
    </p>
   </div>
   <div class='ocr_carea' id='block_1_117' title="bbox 2121 5714 3775 5787">
    <p class='ocr_par' dir='ltr' id='par_1_117' title="bbox 2121 5714 3775 5787">
     <span class='ocr_line' id='line_1_117' title="bbox 2121 5714 3775 5787; baseline -0.003 -12"><span class='ocrx_word' id='word_1_843' title='bbox 2121 5722 2340 5784; x_wconf 86' lang='lat' dir='ltr'>ratum,</span> <span class='ocrx_word' id='word_1_844' title='bbox 2370 5717 2495 5773; x_wconf 89' lang='lat' dir='ltr'>vias</span> <span class='ocrx_word' id='word_1_845' title='bbox 2526 5714 2712 5784; x_wconf 91' lang='lat' dir='ltr'>urbis,</span> <span class='ocrx_word' id='word_1_846' title='bbox 2762 5719 2819 5771; x_wconf 88' lang='lat' dir='ltr'>et</span> <span class='ocrx_word' id='word_1_847' title='bbox 2876 5717 3301 5787; x_wconf 74' lang='lat' dir='ltr'>praecurrentes</span> <span class='ocrx_word' id='word_1_848' title='bbox 3348 5716 3775 5787; x_wconf 89' lang='lat' dir='ltr'>sequebantur,</span> 
     </span>
    </p>
   </div>
  </div>
