4112 6400
387 411 495 466 693
540 374 545 377 ’

1442 409 1541 461 DE
1576 406 1947 461 MICHAELE
1985 404 2433 463 PALJEOIDGO
2470 410 2601 462 LIB.
2647 412 2746 463 III.

3714 415 3820 469 69/1

2264 526 2287 545 εἴ

388 535 535 603 πλὴν
570 535 635 589 οὐ
681 534 797 588 κατ’
849 530 1078 605 ἄμυναν,
1128 529 1276 585 ἀλλά
1303 530 1441 584 κατά
1468 527 1777 601 προθυμίαν
1808 550 1906 583 του
1937 549 2034 607 φυ-
2069 531 2120 596 Α
2150 528 2202 582 ο¹ι
2261 527 2307 583 δ’
2360 528 2557 585 ἐκείθεν
2620 532 2849 608 φῖόντες,
2911 536 3025 608 ἅμα
3078 538 3196 600 καθ’
3256 538 3478 609 ἡμίσεις
3534 542 3653 597 ταῖς
3702 531 3821 589 καθ’

388 624 701 681 λάσσεσθαι.
764 624 864 678 Ἦν
891 619 948 675 δὲ
995 620 1057 674 τὸ
1114 626 1214 689 τῆς
1269 616 1546 692 ἐκδρομῆς
1598 618 1757 680 τέλος
1814 618 1902 672 ἐπὶ
1957 617 2050 678 τὰς

386 711 565 775 πύλας
612 712 744 766 ἴέναι
775 718 874 780 τῆς
907 708 1148 769 πόλεως.
1191 709 1294 765 Καὶ
1329 709 1357 763 ὁ
1408 706 1541 770 λαὸς
1590 709 1675 781 [Ρ.
1709 710 1831 780 465]
1866 706 2048 761 εἷ’πετο

386 800 608 878 χύδην,
669 801 759 855 καὶ
832 799 883 855 ἐν
939 798 1221 874 ἀλογίστῳ
1283 801 1352 871 τῇ
1411 803 1531 861 καθ’
1582 797 1745 851 αὐτὸν
1804 795 2049 868 ἀσθενείᾳ

316 916 323 924 ·
385 889 680 969 ὠρρώδουν
726 887 971 959 ἕκαστος,
1023 888 1100 951 ὡς
1149 889 1185 958 ἢ
1216 886 1604 959 τεθνηξόμενος
1653 889 1759 939 τῶν
1811 886 2044 957 πρώτων

382 981 657 1038 πεσόντων
693 1023 707 1047 ,
769 980 814 1034 εἰ
872 980 924 1033 οἱ
977 975 1241 1049 πολέμιοι
1315 972 1506 1046 ἔξωθεν
1568 972 1898 1028 διεκπαίοιεν
1936 1016 1949 1041 ,
2006 972 2041 1043 ἢ

381 1072 590 1127 τούτων
647 1070 1005 1124 ἀνωθούντων
1061 1066 1189 1128 τοὺς
1245 1061 1630 1140 εἰσχεομένους
1662 1064 1752 1118 καὶ
1784 1063 2043 1118 ἀναστελ-

384 1161 591 1217 λόντων
651 1154 863 1213 ἔνδοθεν
920 1157 1081 1219 αὐτὸς
1156 1155 1406 1230 ούραγῶν
1470 1152 1928 1224 συνελευσόμενός
1986 1174 2043 1206 τε

382 1250 470 1305 καὶ
532 1248 964 1324 ἐκφευξόμενος.
1021 1246 1091 1299 Τὸ
1151 1242 1206 1298 δὲ
1258 1244 1324 1312 ἦν
1384 1245 1487 1317 ἄρα
1544 1238 1752 1305 όνειδος
1802 1243 1989 1303 αὐτοῖς
2024 1285 2037 1297 .

382 1338 789 1413 Προσπεσόντες
852 1335 953 1409 γὰρ
1007 1338 1127 1395 ταῖς
1183 1332 1386 1395 πύλαις
1445 1332 1507 1386 ού
1553 1332 1686 1406 μετά
1741 1334 1841 1396 τῆς
1871 1329 2038 1399 αὐτῆς

381 1428 470 1482 καὶ
530 1432 658 1499 μιᾶς
715 1423 1026 1499 προθέσεως
1081 1420 1393 1496 ἐπήρχοντό
1441 1443 1499 1475 τε
1556 1420 1644 1474 καὶ
1703 1418 2037 1493 ἀνεχώρουν,

383 1515 507 1571 ἀλλ’
555 1515 606 1570 ἐν
656 1518 873 1589 ταραχῇ
922 1512 1012 1566 καὶ
1068 1511 1159 1566 σὺν
1208 1508 1386 1566 οὐδενὶ
1435 1511 1628 1583 κόσμῳ
1675 1509 2036 1581 ἐμπίπτοντες

383 1607 498 1679 μεθ’
553 1603 791 1678 ἡσυχίας
848 1602 938 1657 καὶ
1015 1602 1108 1655 σὺν
1176 1599 1497 1656 καταστάσει
1552 1602 1621 1672 τῇ
1681 1598 2034 1672 προσηκούσῃ

380 1694 729 1769 ἀνεζεύγνυον
766 1737 779 1749 .
841 1689 1109 1764 Εύρισκον
1166 1692 1267 1765 γὰρ
1324 1690 1443 1753 καθ’
1499 1686 1736 1763 ἡσυχίαν
1795 1689 2040 1760 καθημέ-

377 1805 503 1845 νους
548 1782 675 1845 τοὺς
705 1781 950 1860 φύλακας
999 1781 1086 1835 καὶ
1126 1777 1295 1853 μηδὲν
1329 1778 1616 1839 ἐπαΐουτας
1665 1781 1772 1830 τῶν
1811 1778 1909 1831 ἀνά
1935 1777 2033 1845 τήν

2158 616 2408 691 suum
2459 620 2659 682 πύλαις
2716 620 3021 699 ἐφίσταντο.
3066 626 3397 701 ἀπογνόντες
3444 626 3519 687 ὡς
3580 627 3655 697 μὴ
3717 646 3817 678 πο-

2156 708 2358 777 νούσης
2408 713 2507 773 τῆς
2557 711 2678 764 καθ’
2708 708 2802 767 ἕω.
2856 715 2944 775 *Ως
3005 712 3062 769 δὲ
3118 716 3183 769 τὰ
3233 714 3329 769 ’ίσα
3385 714 3554 769 καὶέν
3586 713 3814 776 ἐκείναις

2158 797 2308 871 εὗρον
2341 799 2459 871 (τὴν
2512 800 2616 873 γὰρ
2667 802 2801 875 πρὸς
2850 803 3095 876 αἰγιαλὸν
3144 802 3322 866 οὐδεὶς
3383 805 3456 866 ὡς
3491 801 3812 877 προδώσου-

2156 908 2249 941 σαν
2310 890 2777 964 καθυπώπτευεν),
2833 891 2911 954 εἷς
2970 890 3024 946 ἓν
3081 896 3437 968 συναχθέντες
3494 893 3812 947 καθίσταντό

2153 998 2209 1030 τε
2258 976 2352 1038 τὰς
2398 979 2576 1053 ψυχας
2608 978 2697 1032 καὶ
2744 978 2793 1033 ἐν
2840 980 3131 1055 ἀμηχανίᾳ
3155 987 3251 1037 τοῦ
3280 985 3331 1037 τί
3365 984 3621 1057 πράττειν
3651 984 3809 1050 ἦσαν·

2157 1066 2231 1136 μή
2283 1066 2387 1139 γὰρ
2424 1065 2482 1119 ἂν
2531 1068 2648 1121 κατ’
2677 1068 2834 1142 ἀέρος
2867 1076 3046 1124 πεσεῖν
3092 1071 3219 1133 τοὺς
3272 1070 3505 1145 ἐχθροὺς
3544 1070 3810 1145 πτέρυγας

2152 1155 2504 1228 περιθέντας.
2565 1158 2649 1217 Ὡς
2708 1155 2764 1211 δὲ
2823 1158 2912 1211 καὶ
2964 1161 3063 1227 τήν
3122 1160 3175 1221 ἐς
3231 1160 3483 1235 αἰγιαλὸν
3545 1159 3809 1236 φέρουσαν

2151 1243 2463 1306 ἐπιστάντες
2524 1242 2808 1322 ἐλευθέραν
2859 1248 2949 1301 καὶ
3005 1249 3206 1318 ταύτην
3264 1248 3417 1311 δέους
3475 1250 3629 1322 εὗρον
3672 1271 3809 1303 παν-

2147 1335 2263 1401 τὸς,
2322 1338 2428 1388 τῶν
2489 1332 2745 1411 φυλάκων
2793 1337 2882 1390 καὶ
2931 1336 3008 1398 εἷς
3061 1335 3272 1411 χλεύην
3327 1337 3625 1410 τιθεμένων
3660 1339 3807 1413 σφίσι

2145 1425 2244 1491 τήν
2296 1423 2523 1495 ἀπάτην,
2575 1423 2897 1479 ἀνέπνευσαν
2928 1447 2985 1479 τε
3018 1426 3213 1490 εὐθέως
3241 1432 3335 1481 τού
3367 1425 3521 1490 δέους
3567 1428 3657 1481 καὶ
3706 1429 3804 1496 τὴν

2149 1513 2324 1567 αἰτίαν
2356 1520 2455 1583 τῆς
2515 1516 2705 1591 φήμης
2744 1513 3012 1590 ἠρεύνωνθ
3079 1516 3264 1590 μήγάρ
3326 1514 3387 1569 ἂν
3448 1516 3663 1569 αὐτόθεν
3700 1523 3803 1589 γῆς

2150 1601 2539 1675 μυκησαμένης
2608 1601 2999 1677 ἐξενεχθῆναι,
3056 1604 3098 1657 εἷ
3162 1607 3235 1676 μή
3294 1626 3377 1668 τις
3432 1608 3651 1680 πρῶτος
3710 1607 3801 1659 τὸν

2146 1686 2314 1765 φόϐον
2378 1689 2829 1767 ἐψευδολόγησεν.
2886 1694 3009 1748 Ἐπὶ
3044 1692 3261 1755 πολλὰς
3291 1698 3420 1767 γοῦν
3465 1693 3801 1768 τραπόμενοι

2143 1781 2239 1842 τὰς
2290 1777 2473 1849 ὁδους,
2520 1778 2660 1851 μηδὲ
2687 1781 2750 1835 τὸ
2780 1783 2947 1857 τυχὲν
2981 1780 3323 1853 παριδόντες,
3349 1780 3417 1851 ἤν
3442 1805 3524 1842 τις
3555 1778 3803 1855 προϐάλ-

379 1870 544 1927 πόλιν
592 1872 924 1947 γενομένων.
971 1872 1127 1933 Ὅθεν
1182 1869 1272 1923 καὶ
1334 1865 1548 1941 μᾶλλον
1606 1865 1815 1940 ἤλγουν
1849 1866 1924 1929 ὡς
1952 1866 2036 1920 τό·
2069 1891 2115 1952 Β
2147 1870 2325 1937 λοιτο,
2361 1868 2516 1924 οὐδὲν
2550 1868 2716 1925 πλέον
2752 1872 2899 1947 εἶγον
2932 1872 3177 1946 εὑρέσθαι
3209 1876 3306 1926 τοῦ
3338 1873 3388 1942 ἐξ
3422 1872 3656 1949 ἀφανοῦς
3691 1872 3802 1943 ἅμα

378 1982 470 2015 σον
521 1958 887 2032 ἠπατημένοι,
920 1958 955 2028 ἢ
1014 1955 1309 2035 ὠρρώδουν
1366 1956 1416 2010 έν
1472 1952 1669 2015 ἄλλαις
1714 1953 1916 2017 πύλαις
1946 1952 2035 2010 ἐλ·

375 2050 673 2121 πιζόμένον
748 2050 811 2102 τὸ
880 2046 1090 2101 κακόν.
1142 2048 1211 2102 ’Ὀ
1271 2042 1338 2113 δὴ
1396 2042 1485 2098 καὶ
1543 2040 1720 2097 πλείω
1771 2049 2031 2117 παρεῖχεν

374 2137 601 2199 ἐκείνοις
629 2138 727 2206 τὴν
756 2137 1029 2211 ταραχὴν,
1060 2135 1105 2190 εἰ
1137 2133 1280 2189 οὕτω
1328 2130 1702 2209 βραδυνάντων
1746 2139 1847 2201 τῆς
1894 2134 2030 2209 πρὸς

368 2228 463 2289 τὰς
498 2224 707 2300 μηδένα
756 2222 926 2300 φόϐον
960 2224 1197 2300 ἐχούσας
1237 2222 1415 2287 πύλας
1463 2221 1781 2295 ἁπτομένων
1833 2223 1885 2276 οἱ
1933 2222 2025 2297 ἐχ-

368 2317 486 2391 θροὶ
535 2317 656 2371 καθ’
705 2317 889 2389 ἐτέρας
938 2314 1117 2377 πύλας
1168 2314 1282 2387 μετ’
1326 2311 1605 2387 εὐχερείας
1658 2311 1838 2382 πάσης
1890 2311 2025 2366 εἷσε-

368 2404 530 2478 λῷεν.
566 2406 666 2459 Καὶ
700 2403 765 2475 δὴ
825 2404 1023 2459 ἐκεῖθεν
1076 2400 1538 2475 διασκιδνάμενοι,
1594 2402 1645 2455 οἳ
1707 2401 1799 2474 μὲν
1860 2399 2024 2471 ἔνθεν,

361 2622 476 2661 non
510 2605 596 2660 illi
630 2605 871 2678 quidem
904 2603 1105 2660 animo
1130 2606 1233 2659 aut
1265 2603 1486 2674 impetu
1512 2602 1817 2674 pugnandi
1850 2602 2023 2659 ultio-

362 2694 522 2751 nisve
545 2696 618 2751 ab
646 2694 816 2750 hoste
848 2693 1170 2761 sumendae,
1191 2693 1294 2748 sed
1324 2690 1497 2747 taedio
1519 2691 1769 2747 carceris
1792 2692 2022 2748 occasio

361 2800 516 2850 nem,
552 2788 617 2839 ut
650 2784 714 2838 ﬁt
745 2783 1273 2854 quomodocunque
1296 2781 1919 2851 oblatampsurpandaa
1952 2781 2021 2835 li-

361 2873 604 2928 bertatis
655 2872 911 2928 libenter
959 2871 1236 2942 amplexi.
1292 2870 1408 2925 Ista
1447 2886 1617 2941 porro
1672 2874 2017 2925 cunctorum

365 2962 449 3016 sic
496 2963 761 3017 euntium
798 2962 1099 3031 procursio
1132 2960 1202 3015 ad
1253 2963 1450 3031 portas
1481 2958 1736 3014 civitatis
1791 2959 2018 3014 fereba-

368 3054 483 3105 tur.
515 3051 882 3123 Sequebatur
914 3057 1112 3107 autem
1146 3049 1467 3105 multitudo
1500 3048 1747 3104 confusa
1778 3049 2012 3121 populi,

366 3138 805 3197 exhorrescente
820 3158 924 3213 pro
941 3158 1001 3196 se
1028 3156 1408 3212 unoquoque,
1426 3139 1568 3193 dum
1588 3142 1820 3210 reputat
1836 3155 2015 3210 quam

360 3228 641 3285 infirmus
673 3246 778 3301 per
827 3247 889 3285 se
921 3230 997 3285 sit
1027 3231 1098 3285 ad
1145 3228 1618 3302 propulsandum
1668 3227 1889 3283 malum
1925 3228 2015 3283 in-

357 3334 595 3390 gruens,
628 3324 683 3374 et
711 3319 793 3375 ita
824 3336 885 3375 se
917 3318 1191 3391 pluribus
1214 3318 1570 3390 applicante,
1604 3316 1687 3372 sic
1715 3317 1833 3371 fere
1866 3318 2007 3373 sub-

357 3408 531 3462 ducta
563 3408 887 3464 errantium
924 3408 1348 3481 cogitationum
1382 3423 1639 3476 summa,
1674 3411 1775 3460 aut
1802 3423 1865 3462 se
1890 3410 2008 3462 sta-

354 3496 461 3551 tim
496 3497 834 3565 morituros,
871 3497 920 3551 si
947 3497 1210 3552 hostium
1245 3497 1394 3551 ferro
1427 3512 1529 3567 per
1553 3499 1780 3566 portam
1810 3500 2009 3567 paten-

353 3590 470 3641 tem
502 3586 1223 3642 extrinsecusirruentium
1248 3586 1422 3657 primi
1452 3587 1836 3652 armatorum,
1862 3602 2010 3656 quos

353 3676 774 3747 sequebantur,
808 3676 1155 3731 cecidissent
1181 3695 1194 3743 ;
1220 3678 1320 3729 aut
1344 3674 1392 3729 si
1426 3674 1485 3728 hi
1517 3675 1755 3728 fortuna
1773 3673 1865 3728 usi
1890 3691 2009 3728 me-

353 3763 484 3819 liori
530 3764 881 3837 repellerent
922 3765 1317 3836 ingredientes
1367 3763 1651 3817 barbaros
1682 3767 1739 3817 et
1788 3764 2011 3832 majore

352 3853 576 3926 impetu
640 3854 1039 3910 incumbendo
1098 3853 1487 3926 reprimerent
1542 3852 1658 3907 vim
1717 3852 2006 3924 ipsorum,

354 3960 469 3999 non
502 3945 894 4016 desperabant
930 3943 1147 4015 singuli
1180 3960 1402 4005 eorum,
1438 3959 1586 4014 quos
1614 3942 1872 3997 diximus
1904 3959 2007 3997 cu-

353 4032 563 4087 stodiis
591 4033 849 4105 elapsos,
888 4031 1149 4087 invenire
1181 4032 1240 4085 in
1274 4030 1573 4086 communi
1620 4029 2008 4100 trepidatione

350 4120 505 4176 viam
551 4122 662 4177 sibi
731 4122 1009 4194 privatim
1073 4119 1439 4189 consulendi,
1494 4120 1856 4190 erumpendo
1906 4134 2008 4190 per

351 4214 555 4282 aperta
585 4211 742 4267 ostia
796 4211 975 4266 simul
1008 4227 1143 4265 cum
1169 4209 1558 4265 referentibus
1585 4210 1788 4280 pedem
1821 4208 2007 4263 hosti-

354 4300 485 4366 bus,
513 4306 572 4355 et
593 4300 674 4355 ita
700 4300 983 4372 ell‘ugium
1009 4299 1227 4356 alicubi
1253 4299 1547 4370 captandi.
1577 4301 1642 4354 In
1676 4299 1789 4353 ﬁne
1809 4302 2005 4353 autem

352 4390 532 4459 hujus
555 4389 682 4444 vita:
708 4389 1033 4445 ludibrium
1049 4389 1141 4444 sui
1158 4389 1466 4459 risumque
1487 4391 2004 4460 repererunt.Cum

351 4478 507 4535 enim
541 4480 613 4534 ad
664 4484 917 4551 portam,
954 4496 1069 4551 quo
1100 4479 1210 4534 iter
1260 4478 1654 4545 intenderant,
1708 4477 2005 4548 pervenis-

354 4573 501 4636 sent,
534 4587 651 4624 non
678 4570 882 4625 eodem
914 4574 1057 4624 aestu
1084 4571 1140 4623 et
1170 4568 1461 4623 anxietate
1480 4567 1663 4622 animi
1687 4583 1804 4637 qua
1831 4582 2003 4621 vene-

354 4663 489 4713 rant
519 4659 838 4723 redierunt,
876 4658 976 4713 sed
1033 4656 1397 4711 tumultuose
1442 4655 1889 4726 inordinateque
1935 4672 2000 4709 eo

2043 3362 2085 3429 C

2148 1981 2210 2033 γε
2237 1966 2557 2033 γεννηθῆναι
2602 1960 2691 2014 καὶ
2742 1962 2857 2014 ἅωα
2898 1960 3166 2037 τραφέντα
3216 1959 3653 2034 συνδιειληφέναι
3709 1962 3804 2021 τὰς

2142 2053 2247 2102 τῶν
2282 2046 2509 2102 πολλῶν
2544 2050 2729 2110 ἀκοάς,
2761 2050 2838 2105 Τὸ
2862 2048 2907 2103 δ’
2940 2050 2998 2104 ἐκ
3020 2050 3323 2125 προχείρου
3354 2051 3444 2105 καὶ
3466 2050 3689 2113 πιθανὸν
3725 2048 3801 2111 εἷς

2142 2137 2314 2191 αἰτίαν
2344 2138 2407 2192 τὸ
2434 2144 2535 2207 τῆς
2568 2137 2777 2199 εἰκόνος
2825 2144 2925 2207 τῆς
2958 2142 3297 2214 θεομήτορος
3325 2141 3441 2202 καθ’
3473 2139 3676 2193 ἱκεσίαν
3714 2138 3802 2192 ἐκ-

2140 2225 2448 2303 φερομένης
2494 2224 2710 2295 πλῆθος
2733 2225 2954 2291 ’ἕπεσθαι
2985 2233 3275 2303 γυναικῶν,
3310 2226 3370 2290 ἃς
3400 2226 3469 2297 δὴ
3498 2229 3586 2282 καί
3621 2226 3803 2304 ἐκφω-

2137 2321 2245 2370 νεῖν
2294 2316 2585 2390 ἀναγκαῖον
2636 2316 2735 2384 τήν
2772 2312 2954 2385 δέησιν
2999 2317 3227 2370 κατόπιν
3275 2316 3537 2385 ἡκούσας.
3573 2316 3796 2372 Τούτων

2137 2403 2228 2459 οὖν
2261 2403 2642 2482 ὀλοφυρτικῶς
2664 2405 2803 2459 κατά
2822 2409 3043 2479 Περσῶν
3061 2404 3150 2459 καὶ
3175 2405 3446 2480 Τοχάρων
3468 2407 3795 2459 θεοκλυτού-

2134 2607 2323 2669 Quare
2355 2622 2557 2660 rursus
2589 2604 2747 2660 anxii
2779 2606 3115 2677 partiuntur
3146 2623 3271 2663 sese
3292 2606 3602 2675 bifariam;
3638 2610 3695 2663 et
3718 2609 3787 2662 ad

2131 2694 2281 2748 duas
2330 2710 2457 2765 quae
2513 2695 2817 2750 restabant
2862 2696 3094 2768 (praeter
3148 2696 3503 2751 Orientalem
3540 2738 3554 2763 ,
3612 2713 3786 2768 quam

2130 2798 2334 2837 vacare
2374 2782 2749 2840 incommodo
2797 2785 3095 2851 videbant,
3129 2789 3185 2840 et
3233 2785 3621 2854 maritimam,
3672 2802 3788 2857 qua

2132 2888 2300 2927 nemo
2350 2872 2765 2945 suspicabatur
2806 2874 3004 2929 venire
3035 2874 3233 2930 hostes
3279 2874 3563 2947 potuisse)
3613 2876 3785 2940 duas,

2131 2962 2395 3033 inquam,
2429 2963 2634 3017 eodem
2666 2966 2929 3035 tempore
2961 2962 3216 3033 reliquas
3246 2968 3445 3035 portas
3476 2964 3784 3033 adierunt;

2129 3055 2194 3106 ut
2224 3055 2421 3107 autem
2456 3067 2526 3107 ne
2559 3051 2619 3106 in
2662 3051 2754 3107 bis
2787 3052 3025 3124 quidem
3065 3058 3410 3125 repererunt
3453 3054 3654 3109 damni
3686 3059 3786 3109 aut

2127 3140 2482 3212 suspicionis
2515 3141 2865 3213 quidquam,
2914 3143 3282 3214 respirarunt
3310 3142 3584 3198 videlicet
3616 3160 3780 3199 men-

2128 3233 2334 3300 tesque
2383 3247 2416 3284 a
2445 3232 2608 3301 gravi
2658 3231 3097 3303 perturbatione
3147 3235 3524 3303 receperunt.
3557 3232 3780 3287 Tamen

2127 3318 2320 3374 adhuc
2353 3320 2563 3375 incerti
2614 3337 2729 3391 quo
2762 3337 2824 3376 se
2858 3325 3165 3385 verterent,
3202 3321 3301 3375 ubi
3345 3320 3776 3386 delitescerent,

2127 3409 2303 3473 unde,
2325 3408 3005 3479 quairruissenthostes,
3023 3410 3221 3465 omnia
3235 3409 3777 3481 circumspectando

2123 3499 2481 3570 qumrebant,
2516 3499 2661 3564 Quid
2695 3498 2894 3555 enim?
2926 3498 3301 3555 dictitantes:
3335 3516 3406 3554 an
3441 3498 3573 3554 illos
3605 3504 3773 3571 puta-

2124 3587 2319 3642 bimus
2352 3586 2460 3642 alis
2482 3604 2585 3659 per
2606 3604 2799 3644 aerem
2822 3588 3082 3643 invectos
3106 3604 3360 3659 superne
3388 3588 3542 3643 intra
3568 3588 3771 3643 urbem

2125 3674 2462 3731 involasse?
2489 3676 2632 3732 Cum
2663 3682 2861 3731 autem
2898 3681 3192 3748 postremo
3224 3676 3382 3731 illam
3421 3677 3612 3748 ipsam
3647 3694 3773 3747 qua:

2125 3764 2292 3819 littus
2326 3765 2506 3820 maris
2539 3766 2863 3836 spectabat,
2897 3770 3124 3837 portam
3159 3766 3481 3822 lustrantes
3504 3766 3777 3821 similiter

2124 3853 2369 3909 liberam
2402 3855 2559 3909 omni
2596 3860 2754 3909 metu
2784 3856 3342 3926 deprehendissent,
3375 3860 3432 3910 et
3461 3857 3773 3911 custodum

2123 3942 2205 3996 ibi
2256 3958 2488 4014 quoque
2521 3959 2778 3998 errorem
2844 3942 2991 4014 ipsis
3022 3948 3079 3999 et
3117 3942 3523 3999 credulitatem
3570 3961 3773 4015 expro-

2122 4031 2425 4086 brantium
2476 4030 2739 4086 ludibrio
2808 4031 2965 4085 irrisi
3017 4036 3235 4101 essent,
3288 4032 3660 4102 respirarunt
3707 4035 3774 4087 ab

2122 4120 2281 4176 omni
2316 4119 2631 4175 formidine
2674 4124 2813 4174 tunc
2846 4119 3039 4191 plane,
3072 4123 3129 4173 et
3159 4118 3370 4175 solutis
3405 4120 3526 4188 jam
3558 4120 3775 4175 animis

2121 4209 2553 4280 investigabant
2601 4225 2729 4279 quae
2781 4208 2943 4279 origo
3002 4208 3162 4263 falsae
3214 4208 3508 4280 opinionis
3571 4210 3773 4279 quisve

2124 4303 2327 4353 auctor
2357 4298 2658 4353 mendacis
2708 4297 2909 4353 indicii
2946 4297 3190 4352 fuisset:
3225 4314 3339 4353 non
3372 4296 3530 4352 enim
3568 4297 3774 4353 videli-

2122 4392 2212 4442 cet
2260 4391 2422 4442 terraz
2482 4387 2738 4458 quodam
2790 4387 3022 4459 mugitu
3083 4386 3349 4442 extitisse
3398 4403 3597 4442 vocem
3648 4406 3771 4458 quae

2122 4479 2421 4548 ingressos
2444 4475 2853 4533 denuntiasset
2876 4476 3100 4544 hostes,
3123 4477 3223 4532 sed
3248 4476 3489 4532 omnino
3512 4477 3768 4548 primum

2123 4567 2380 4637 aliquem
2435 4566 2617 4621 fuisse
2662 4566 2799 4621 vani
2859 4566 3134 4621 nuntium
3189 4570 3400 4621 metus.
3451 4571 3767 4637 Postquam

2121 4674 2256 4713 vero
2287 4655 2385 4711 diu
2418 4660 2475 4710 et
2500 4655 2814 4727 diligenter
2842 4656 2899 4709 in
2934 4655 3046 4710 ista
3075 4659 3212 4709 sunt
3240 4655 3621 4725 inquisitione
3650 4672 3771 4709 vcr-

355 4748 651 4820 progressi
674 4744 980 4817 tranquilli
1007 4743 1315 4815 securique
1342 4744 1712 4812 recedebant,
1736 4744 2009 4798 custodes
2045 4737 2086 4799 D
2120 4746 2251 4814 sati,
2285 4744 2654 4815 explorantes
2677 4744 2899 4800 circum
2932 4744 3133 4799 omnia
3165 4743 3311 4797 nihil
3334 4744 3490 4799 aliud
3517 4745 3767 4815 reperire

355 4836 650 4908 siquidem
684 4840 865 4907 portae
899 4834 1093 4906 quiete
1136 4833 1473 4888 desidentes
1508 4832 1633 4887 sine
1666 4832 1783 4887 ullo
1818 4831 2009 4887 adhuc

356 4943 551 4981 rerum
586 4942 713 4996 quae
739 4940 842 4997 per
866 4925 1068 4979 urbem
1090 4922 1441 4995 gerebantur
1471 4939 1649 4977 sensu
1678 4920 2005 4977 inveniunt.

355 5015 522 5070 Unde
556 5032 670 5069 una
692 5031 752 5069 re
785 5012 1084 5080 dolebant,
1116 5028 1231 5084 quo
1268 5010 1510 5066 illusum
1544 5010 1656 5066 sibi
1683 5015 1858 5076 esset,
1892 5028 2007 5066 non

356 5108 555 5159 tamen
581 5102 950 5158 omniadhuc
982 5100 1377 5156 sollicitudine
1403 5102 1711 5167 vacabant,
1735 5104 2009 5171 reputan-

355 5197 443 5249 tes
468 5193 730 5265 potuisse
754 5192 876 5246 fieri
913 5194 976 5246 ut
997 5208 1101 5262 per
1122 5190 1270 5245 alias
1297 5194 1494 5261 portas
1509 5190 1777 5245 hostesin
1804 5189 2007 5244 urbem

358 5285 786 5354 penetrassent.
822 5280 940 5336 lmo
975 5296 1108 5337 cum
1143 5280 1426 5335 attentius
1458 5278 1878 5350 cogitaverant,
1911 5278 2012 5333 illa

356 5373 509 5443 ipsa,
543 5388 721 5442 quam
754 5370 1051 5438 videbant,
1087 5371 1240 5425 249
1276 5368 1461 5424 nimia
1491 5368 1779 5423 securitas
1810 5372 2008 5423 custo-

361 5464 501 5517 dum
534 5478 737 5516 curam
770 5460 917 5531 ipsis
950 5459 1294 5514 admovebat
1316 5459 1706 5530 augebatque,
1733 5462 2008 5529 reputan-

362 5552 522 5605 tibus
551 5550 673 5622 pari
709 5550 856 5604 forte
886 5549 1247 5620 negligentia
1273 5548 1496 5604 solutos
1538 5546 1785 5602 aliarum
1815 5552 2007 5618 porta-

364 5657 495 5695 rum
538 5639 956 5711 praesidiarios,
992 5637 1159 5693 facile
1187 5655 1501 5710 oppressos
1542 5637 1737 5692 subito
1768 5637 2009 5693 incursu

362 5730 645 5799 hostium,
695 5728 920 5783 aditum
971 5727 1251 5784 Tocharis
1297 5728 1356 5782 in
1410 5727 1613 5783 urbem
1665 5726 2006 5798 praebuisse.

2121 4838 2441 4906 potuerunt
2485 4833 2596 4888 nisi
2647 4834 2991 4888 mendacem
3042 4833 3259 4886 famam
3311 4832 3514 4887 multis
3562 4835 3763 4888 eodem

2122 4922 3003 4990 momentolocissimulnatam,
3020 4922 3195 4976 simul
3213 4921 3763 4987 increbrescentem,

2122 5011 2298 5068 simul
2340 5011 2496 5083 vulgi
2526 5010 2854 5081 complesse
2890 5026 3082 5079 aures,
3117 5010 3295 5065 simul
3337 5010 3565 5066 animos
3604 5011 3761 5066 inani

2119 5107 2341 5158 terrore
2370 5100 2718 5172 perfudisse.
2757 5100 2877 5155 Una
2911 5102 3141 5154 tantum
3176 5116 3303 5168 quae
3336 5099 3535 5170 aliqua
3564 5100 3763 5155 verisi-

2122 5191 2453 5247 militudine
2484 5190 2765 5244 niteretur
2790 5188 3009 5259 publici
3044 5188 3258 5243 erroris
3283 5205 3462 5244 causa
3484 5206 3767 5245 memora-

2120 5282 2313 5343 batur,
2365 5278 2717 5350 supplicatio
2763 5283 2905 5332 tunc
2956 5278 3099 5333 forte
3148 5294 3250 5349 per
3296 5278 3502 5333 urbem
3558 5280 3766 5347 ducta,

2121 5369 2484 5425 circumdata
2516 5369 2585 5423 de
2609 5384 2769 5422 more
2789 5366 2847 5421 in
2872 5366 3083 5421 thensa
3107 5364 3207 5436 per
3236 5366 3557 5423 solemnem
3587 5384 3653 5422 ea
3678 5369 3767 5423 die

2120 5474 2395 5530 pompam
2413 5455 2663 5526 imagine
2677 5455 2956 5528 Deiparae,
2974 5456 3145 5510 turba
3161 5455 3470 5511 mulierum
3486 5462 3769 5526 sequente

2120 5548 2274 5620 quod
2308 5546 2457 5601 solet
2486 5546 2544 5600 in
2595 5544 3127 5617 supplicationibus
3160 5544 3469 5600 acclamari
3507 5546 3578 5599 ab
3616 5546 3769 5600 mala

2120 5635 2574 5709 deprecantibus
2602 5651 2834 5690 carmen
2861 5651 3012 5706 pone
3042 5634 3538 5704 frequentantium
3571 5650 3584 5688 :
3613 5635 3767 5691 250

2120 5743 2187 5785 ac
2216 5726 2483 5781 videlicet
2519 5740 2646 5795 quae
2681 5734 2816 5779 tunc
2849 5722 3102 5779 maxime
3136 5722 3436 5784 timebant,
3490 5722 3768 5779 distincte
