4112 6492
260 422 373 477 695

1579 409 1882 466 GEORGII
1919 402 2384 463 PACHYMBRB

3582 398 3693 455 696

263 550 396 613 σῶν,
429 542 571 604 εἶ’κὸς
598 539 665 597 τὰ
709 546 810 610 τῆς
849 545 1033 617 φωνῆς
1076 536 1331 603 διελθεῖν,
1382 534 1471 590 καὶ
1524 529 1799 606 συμϐῆναι
1824 530 1921 592 τὰς
1954 534 2009 599 Α
2039 527 2280 602 ἐχόντων
2322 524 2461 617 πρδς
2506 525 2569 617 τὸ
2618 522 3004 617 παρεμπῖπτον
3051 526 3155 617 τῆς
3197 522 3391 617 φῇήμης
3423 519 3701 617 θορ-υϐουέ-

269 636 363 705 μὲν
409 633 525 687 κατ’
570 630 788 684 ἐκείνων
852 625 1345 704 μεγαλοφωνούσας
1402 629 1747 692 ποτνιᾶσθαι,
1797 620 1924 681 τοὺς

263 721 322 777 δὲ
380 723 534 795 πὲριξ
584 720 676 774 καὶ
722 718 917 790 ἔξωθεν
964 717 1064 783 τὴν
1108 715 1291 782 φωνὴν
1344 711 1682 788 δεχομένους
1712 710 1780 766 τὰ
1807 711 1925 765 κατ’

262 811 478 865 ἐκείνων
513 812 593 882 [Ρ.
629 811 750 876 166]
795 806 869 867 ὠς
911 806 1035 880 περὶ
1085 802 1303 858 ἐκείνων
1351 800 1670 877 ἐρχομένων
1726 801 1926 854 ὑποτο-

264 902 477 968 πάζειν,
527 896 617 952 καὶ
651 895 793 951 οὕτω
841 892 1164 962 διαδοθῆναι
1196 892 1407 963 σύναμα
1433 886 1589 968 φόϐῳ
1618 891 1709 943 τὸν
1732 888 1923 965 λόγον,

259 990 351 1043 καὶ
408 989 505 1049 τὰς
562 991 669 1041 τῶν
730 982 961 1045 πολλῶν
1027 983 1193 1045 ἀκοὰς
1244 979 1566 1055 πληροῦντα
1622 980 1925 1053 παραθῆξαι

262 1081 354 1132 τὸν
406 1071 657 1149 θόρυϐον.
713 1071 874 1129 Ἀλλ’
902 1070 1099 1126 ἐκεῖνοι
1134 1071 1227 1143 μὲν
1277 1070 1471 1140 οὕτως,
1532 1070 1559 1124 6
1593 1066 1647 1124 δέ
1679 1090 1739 1144 γε
1773 1070 1929 1144 βασι-

265 1166 391 1227 λεὺς
446 1165 579 1239 μετὰ
620 1168 790 1218 ταῦτα
843 1162 1029 1235 μαθὼν
1060 1161 1211 1220 ὅπως
1257 1158 1499 1235 γένοιτο,
1552 1158 1931 1233 ὑπερεπάθησέ

262 1278 323 1310 τε
369 1256 458 1309 καὶ
518 1252 740 1326 πέμψας
784 1248 873 1306 διὰ
914 1247 1252 1326 γραμμάτων
1306 1249 1375 1302 τὰ
1419 1246 1608 1303 πολλὰ
1654 1250 1929 1321 κατεμέμ-

266 1348 439 1417 ψατο.
499 1340 655 1412 Μηδὲ
710 1340 811 1416 γὰρ
864 1337 1078 1413 ἀνδρῶν
1132 1338 1265 1392 εἶναι
1326 1337 1609 1413 φρονίμων
1667 1338 1757 1390 καὶ
1807 1342 1928 1391 νοῦν

270 1487 563 1561 poscenda
595 1501 799 1542 eorum
832 1483 1177 1538 liberatione
1208 1480 1554 1537 nominatim
1593 1481 1925 1552 exprimen-

268 1579 437 1645 tium,
475 1592 581 1633 nec
622 1574 749 1631 sine
781 1573 1000 1643 ejulata
1029 1570 1525 1642 ingeminantium
1561 1588 1574 1626 :
1608 1593 1637 1620 ‹‹
1676 1572 1929 1628 Defende

272 1684 402 1733 nos,
440 1671 617 1735 Deus,
654 1680 688 1720 a
732 1661 950 1730 Persis,
982 1678 1016 1715 a
1045 1659 1324 1716 Tocharis
1373 1676 1531 1726 erue,
1583 1676 1617 1715 a
1660 1660 1929 1717 barbaris

272 1773 401 1823 nos,
436 1755 614 1820 Deus,
665 1756 931 1825 protege,
966 1773 988 1803 ι
1024 1749 1169 1805 talia
1200 1765 1335 1805 cum
1381 1748 1797 1806 meticulosum
1830 1767 1927 1823 ge-

279 1861 392 1899 nus
441 1841 923 1898 muliercularum
957 1842 1015 1896 et
1044 1840 1103 1895 in
1154 1839 1227 1895 iis
1270 1838 1765 1895 consternatiores
1814 1842 1935 1896 ani-

2041 616 2235 691 μὲνους
2304 614 2465 679 εὐθὺς
2522 608 2772 689 θορυϐεῖν
2807 630 2820 644 ³
2901 609 3008 667 δεῖν
3067 612 3168 687 γὰρ
3222 611 3422 666 ἐννοεῖν
3479 613 3544 668 τὸ
3599 615 3703 667 τοῦ

2034 710 2356 784 πράγματος
2415 705 2807 773 ἀνυπόστατον,
2856 704 2943 757 καὶ
2993 703 3143 765 ὅπως
3194 701 3387 778 ἐχθροὶ
3436 704 3513 777 μὴ
3541 724 3702 779 περι..

2033 799 2338 870 καθήμενοι
2393 794 2557 850 πόλιν
2617 791 2748 867 μηδ’
2807 792 2860 847 ἐν
2915 794 3041 867 χρῷ
3098 797 3206 847 τῶν
3265 789 3491 867 πύργων
3524 789 3703 864 ὄντες,

2038 887 2184 943 ἀλλὰ
2238 885 2401 961 μόλις
2428 887 2521 941 καὶ
2571 884 2898 957 ἀκουόμενοι
2932 882 3204 960 διάγοντες
3238 883 3290 938 ἐν
3322 881 3567 960 Περσίδι,
3600 883 3703 938 αὐ-

2035 982 2161 1034 τίκα
2242 978 2577 1051 παμπληθὲς
2662 976 2964 1051 ἀπέχοντες
3041 975 3394 1038 πετασθὲντες
3473 969 3705 1048 ἐμϐαῖεν

2040 1069 2170 1145 δίχα
2199 1066 2453 1143 πολέμου
2500 1069 2589 1123 καὶ
2638 1062 2983 1143 προσϐολῆς.
3035 1069 3217 1123 Ταῦτα
3264 1065 3354 1120 καὶ
3386 1065 3706 1120 τὰτοιαῦτα

2037 1164 2245 1237 γράψας
2270 1161 2359 1216 καὶ
2396 1158 2664 1221 ὀνειδίσας
2700 1161 2727 1213 ὁ
2783 1157 3041 1234 βασιλεὺς
3087 1156 3166 1221 εἲς
3210 1156 3272 1211 τὸ
3322 1157 3445 1229 ἑξῆς
3475 1156 3707 1221 καθίστα

2040 1251 2175 1327 πρὸς
2207 1251 2269 1305 τὸ
2301 1248 2765 1325 εὐφυλακτότερον
2796 1251 2888 1303 τὸν
2915 1245 3070 1302 λαόν.

2041 1487 2167 1540 tum
2199 1483 2414 1540 litteris
2446 1483 2685 1555 scriptis
2717 1482 2874 1539 haud
2917 1480 3315 1552 perfunctorie
3345 1481 3525 1537 duces
3557 1497 3713 1553 prae-

2042 1572 2244 1628 sertim
2289 1573 2698 1644 primoresque
2740 1570 3133 1642 reprehendit,
3176 1586 3400 1641 negans
3442 1568 3711 1625 virorum

2044 1662 2430 1733 prudentium
2473 1678 2541 1718 ac
2593 1678 2666 1717 ne
2707 1678 2888 1716 sensu
2929 1660 3171 1731 quidem
3214 1657 3516 1715 communi
3563 1660 3716 1715 satis

2044 1751 2311 1822 expedite
2351 1751 2647 1807 utentium
2692 1750 2896 1817 fuisse,
2940 1748 3137 1804 statim
3172 1764 3362 1821 usque
3405 1748 3551 1803 adeo
3582 1752 3715 1804 tur-

2046 1840 2173 1896 bari
2214 1841 2373 1901 fama
2400 1845 2621 1897 temere
2651 1840 2839 1909 illata,
2880 1838 3140 1911 primum
3173 1837 3471 1909 siquidem
3510 1837 3713 1908 explo-

270 1932 421 1989 culm
478 1931 745 2002 quaedam
804 1929 1265 1985 vociferarentur
1323 1928 1553 1984 acutius
1581 1971 1595 1996 ,
1656 1929 1937 1986 credibile
1968 1918 2014 1982 Β
2047 1945 2174 1984 rare
2206 1930 2539 2001 oportuisse
2579 1945 2696 2001 quo
2728 1929 3113 1985 fundamento
3145 1943 3347 1982 rumor
3376 1927 3664 1983 niteretur
3700 1970 3719 1997 ,

271 2026 360 2079 est
404 2038 575 2078 voces
626 2019 760 2075 illas
791 2019 1103 2075 Persarum
1135 2022 1193 2072 et
1239 2016 1641 2074 Tocharorum
1688 2034 1929 2090 percus-

272 2111 424 2166 sisse
473 2126 648 2165 aures
680 2108 1075 2180 quorumdam
1108 2104 1267 2161 aliud
1300 2106 1626 2177 agentium,
1661 2109 1719 2161 et
1768 2106 1930 2162 novi-

277 2205 390 2253 late
424 2198 551 2268 ipsa
582 2214 649 2252 ac
678 2200 817 2253 tono
849 2194 1222 2251 formidinem
1246 2194 1451 2265 ciente,
1478 2194 1719 2265 multos,
1742 2195 1929 2252 indis-

276 2304 448 2341 cusso
482 2286 682 2341 statim
717 2282 935 2340 indicio
959 2284 1267 2355 gliscente,
1296 2283 1356 2339 in
1381 2284 1700 2341 absurdam
1720 2284 1933 2355 ingres-

275 2392 471 2431 sorum
523 2375 730 2430 urbem
780 2374 1056 2444 istorum,
1090 2389 1239 2445 quos
1292 2371 1575 2445 appellari
1624 2374 1935 2430 audierant

278 2465 607 2531 nominum,
640 2462 977 2534 opinionem
1010 2478 1077 2517 ac
1109 2462 1282 2516 ﬁdem
1315 2462 1500 2517 fuisse
1530 2463 1775 2519 ridicule
1806 2482 1932 2536 per-

274 2557 513 2609 tractos.
547 2552 695 2607 Nam
746 2567 819 2605 ne
848 2551 962 2606 cito
1004 2550 1542 2623 deprehenderetur
1581 2551 1811 2624 primus
1842 2570 1932 2609 er-

278 2660 391 2710 ror,
441 2640 944 2712 perturbationem
995 2656 1063 2695 ex
1092 2638 1221 2694 dira
1251 2639 1549 2694 mentione
1580 2641 1782 2696 statim
1823 2660 1933 2698 na-

274 2736 397 2787 tam
453 2729 783 2797 obstitisse,
822 2732 879 2783 et
928 2727 1374 2800 persuasionem
1427 2743 1561 2783 cum
1612 2735 1769 2785 metu
1817 2732 1934 2787 late

277 2820 743 2887 disseminasse;
799 2817 882 2872 ita
914 2817 1237 2873 tumultum
1288 2817 1453 2873 urbis
1483 2822 1540 2874 et
1570 2817 1733 2874 illam
1774 2820 1933 2876 insa-

277 2927 413 2966 nam
427 2908 879 2981 trepidationem
904 2911 1091 2963 ortam
1108 2911 1481 2979 auctamque,
1510 2908 1933 2981 sicilliconjec-

276 3003 471 3055 tantes
501 2998 890 3054 disserebant.
926 2998 1209 3051 Caeterum
1233 2997 1553 3068 imperator
1582 2997 1682 3052 ubi
1715 3015 1783 3053 ea
1807 3004 1937 3070 post

279 3085 576 3156 cognovit,
628 3099 762 3138 cum
813 3082 1161 3138 humaniter
1208 3099 1554 3155 compassus
1594 3085 1776 3140 errori
1824 3089 1931 3141 est.

2047 2018 2370 2088 praesertim
2419 2016 2573 2074 male
2619 2016 2971 2072 coherentia
3021 2016 3351 2073 nuntians:
3408 2017 3707 2087 quomodo

2041 2107 2197 2163 enim
2239 2106 2436 2163 hostes
2473 2106 2630 2162 intra
2659 2106 2865 2161 urbem
2896 2109 2953 2160 et
2988 2105 3049 2159 in
3091 2104 3305 2160 civium
3332 2103 3583 2176 jugulis,
3630 2105 3709 2159 de

2045 2196 2262 2268 quibus
2291 2196 2563 2251 auditum
2588 2195 2859 2250 nundum
2886 2199 3043 2250 esset
3063 2193 3207 2250 foris
3229 2193 3690 2265 approximasse,

2046 2286 2469 2341 circumsidere
2501 2302 2726 2355 muros,
2759 2285 3024 2340 turribus
3055 2301 3119 2341 se
3151 2283 3523 2339 admovisse?
3553 2285 3713 2347 Quo-

2044 2375 2218 2430 modo
2250 2374 2351 2446 qui
2392 2376 2568 2446 paulo
2595 2378 2732 2430 ante
2762 2374 2904 2429 dicti
2937 2378 3137 2431 essent
3174 2374 3391 2430 haerere
3420 2374 3480 2428 in
3512 2372 3712 2429 Persi-

2044 2466 2136 2531 de,
2170 2464 2365 2519 subilo
2383 2463 2491 2519 alis
2509 2462 2768 2535 sumptis
2791 2463 3047 2519 volucris
3069 2463 3361 2519 exercitus
3384 2479 3564 2533 supra
3586 2466 3703 2517 sta-

2044 2552 2571 2609 rentimminentes
2603 2553 2857 2624 desuper
2888 2552 3239 2619 cervicibus,
3262 2556 3493 2606 tantum
3525 2551 3706 2606 inter-

2041 2642 2286 2711 vallum,
2320 2642 2416 2697 ubi
2445 2646 2502 2697 et
2531 2658 2695 2698 arces
2726 2646 2783 2696 et
2813 2641 3089 2715 praesidia
3120 2642 3384 2698 Romana
3416 2641 3561 2709 sint,
3592 2640 3715 2697 vic'

2042 2731 2210 2787 toriis
2238 2734 2536 2787 momento
2560 2731 2875 2787 emensos?
2896 2736 3030 2787 Haec
3053 2735 3110 2787 et
3130 2729 3222 2786 his
3251 2729 3472 2785 similia
3500 2729 3709 2785 merito

2043 2820 2406 2894 exprobrans
2457 2830 2557 2891 per
2586 2820 2900 2894 epistolam
2946 2820 3349 2876 Nicaeensibus
3380 2818 3713 2891 imperator

2042 2910 2100 2965 id
2134 2911 2343 2982 agebat
2374 2915 2439 2965 ut
2459 2910 2515 2965 in
2550 2914 2854 2983 posterum
2879 2910 3167 2966 cautiores
3197 2908 3327 2967 illos
3350 2910 3622 2965 redderet
3646 2908 3709 2966 in

2043 3016 2290 3055 occursu
2321 2999 2609 3057 similium
2642 3016 2913 3057 casuum.

2834 3120 2904 3131 —_..

1920 3266 2058 3359 A’.

278 3433 345 3491 α’.
400 3428 727 3508 Δημηγορία
789 3428 1059 3511 βασιλέως
1115 3426 1441 3511 πρδςποὺς
1486 3429 1767 3510 ἀρχιερεῖς
1815 3434 1938 3509 περῖ
1972 3439 2015 3505 C
2058 3456 2224 3509 μενος
2278 3435 2327 3509 ἐξ
2380 3432 2619 3509 ἀνάγκης
2650 3432 3044 3511 ἀπαραιτήτου,
3095 3434 3169 3495 ὡς
3225 3434 3365 3508 μέγα
3394 3454 3446 3487 τι
3495 3429 3586 3487 καὶ
3616 3431 3719 3487 τὸν

874 3507 983 3557 τῶν
1010 3505 1128 3557 κατ’
1162 3503 1349 3559 αὐτόν.

353 3614 433 3684 [Ρ.
473 3613 596 3684 170]
626 3613 897 3685 ⁹Ἀρχεται
931 3607 978 3663 δ’
1028 3606 1239 3672 ἐνθένδε
1266 3611 1334 3664 τὰ
1360 3609 1498 3665 κατὰ
1535 3611 1627 3665 τὸν
1677 3613 1944 3688 πατριάρ-

283 3720 391 3775 χην
449 3701 725 3773 Ἀρσὲνιον
762 3742 775 3755 .
835 3699 897 3753 Ὁ
972 3700 1077 3773 γὰρ
1141 3697 1399 3772 βασιλεὺς
1454 3705 1559 3761 π’άς
1614 3701 1947 3777 γιγνόμενος

282 3790 422 3864 πρὸς
469 3789 531 3842 τὸ
580 3792 763 3841 πεῖσαι
816 3785 963 3858 αὖτῷ
1009 3807 1066 3841 τε
1096 3786 1278 3857 ἠπίως
1336 3788 1795 3863 προσενέγκασθαι
1852 3791 1943 3845 καὶ

283 3879 373 3933 τὸν
431 3875 629 3949 δεσμὸν
662 3875 834 3948 λόειν,
879 3875 991 3931 ἐπεὶ
1046 3876 1367 3952 ἀπέγνωστό
1399 3880 1451 3933 οἱ
1480 3879 1547 3933 τὰ
1586 3883 1681 3933 τοῦ
1715 3885 1942 3949 σκοποῖ’),

283 3966 461 4028 πολὺς
516 3968 585 4035 ἦν
659 3965 1029 4040 ὀριγνώμενος
1106 3964 1166 4021 ἐκ
1217 3966 1419 4029 παντὸς
1477 3969 1683 4043 τρόπου
1745 3967 1946 4024 ἐκεῖνον

285 4056 773 4111 ἀποσκευάσασθαι,
833 4056 989 4111 ’Ὁθεν
1035 4057 1122 4110 καὶ
1170 4054 1445 4120 πολλάκις
1491 4078 1621 4120 τους
1670 4060 1945 4134 ἀρχιερεῖς

284 4144 569 4221 συγκαλῶν
632 4144 964 4220 ἐμαρτύρετο
1019 4146 1118 4216 τὴν
1170 4146 1433 4221 ἀνάγκην,
1492 4148 1567 4209 ὡς
1627 4171 1656 4199 ‹‹
1717 4147 1845 4201 Δέον
1887 4150 1945 4203 ’ὀν

282 4238 483 4311 ἄγοντα
514 4239 620 4290 τῶν
654 4232 839 4289 ἄλλων
865 4234 1080 4308 σχολὴν
1130 4235 1195 4289 τὰ
1237 4242 1340 4305 τῆς
1394 4237 1575 4312 ἀρχῆς
1603 4235 1790 4291 πολλὰ
1820 4231 1946 4291 ὄντα

282 4325 372 4378 καὶ
406 4321 760 4394 δυσεξάνυστα
807 4328 1162 4398 προσκοπεῖν,
1215 4325 1242 4378 ὁ
1288 4320 1345 4378 δὲ
1393 4324 1664 4387 κάκείνοις
1701 4323 1945 4380 ἐνειλού-

2054 3525 2159 3580 ἀπὸ
2210 3530 2308 3580 τοῦ
2374 3524 2721 3599 πατριάρχου
2800 3520 2996 3597 δεσμὸν
3058 3521 3316 3598 ἐφόλκιον
3378 3520 3722 3597 ἐπισύρεται,

2054 3618 2261 3692 Ἐχρῆν
2324 3612 2370 3668 δ’
2420 3613 2527 3688 οὐχ
2559 3612 2753 3675 οὕτως.
2790 3611 2936 3667 ἀλλὰ
2964 3612 3053 3667 καὶ
3098 3609 3292 3673 αὐτοὺς
3320 3617 3399 3683 τῷ
3431 3612 3728 3687 πράγματι

2054 3710 2303 3777 νεμεσᾷν,
2347 3702 2394 3758 εἷ
2423 3701 2917 3777 πλημμελήματος
2966 3703 3040 3775 μὴ
3095 3699 3211 3756 οἵου
3262 3703 3310 3755 τ’
3357 3700 3513 3763 ὅντος
3538 3704 3605 3774 τῇ
3640 3701 3729 3764 εἷς

2054 3795 2116 3847 τὸ
2172 3793 2403 3868 ἀρχαῖον
2454 3796 2561 3846 τῶν
2620 3792 2955 3867 πραγμάτων
3017 3788 3392 3863 ἐπανακάμψει
3454 3787 3728 3860 ἐξαληλί-

2057 3884 2183 3960 φθαι
2236 3884 2262 3936 6
2311 3883 2447 3956 πρὸς
2476 3882 2537 3934 τὸ
2573 3879 2883 3954 θεραπεύειν
2911 3880 3243 3952 ταττόμενος
3305 3876 3454 3932 δυοῖν
3488 3880 3728 3954 θάτερος

2056 3973 2309 4047 πράττοι,
2346 3970 2378 4039 ἢ
2411 3970 2478 4025 τὰ
2528 3970 2765 4046 πρότερα
2826 3970 2899 4031 ὡς
2950 3969 3094 4044 εἶχεν
3125 3968 3487 4039 ἀνταπαιτῶν,
3546 3967 3722 4037 ἢτήν

2057 4059 2340 4135 θεραπείαν
2375 4053 2847 4129 ἀναϐαλλόμενος.
2900 4058 2977 4113 Τὸ
3026 4057 3121 4130 μὲν
3170 4058 3273 4132 γὰρ
3319 4053 3605 4124 ἀδύνατον,
3653 4054 3728 4110 τὸ

2060 4147 2116 4203 δὲ
2143 4149 2360 4209 πάντως
2417 4148 2875 4219 ἀνοικονόμητον.
2929 4145 3029 4203 Καὶ
3062 4143 3179 4200 δέον
3213 4146 3270 4199 ’ὸν
3298 4150 3577 4219 παραινεῖν
3626 4144 3728 4198 καὶ

2056 4239 2157 4305 τὴν
2188 4242 2282 4291 τοῦ
2319 4240 2658 4311 μεταγνῶναι
2691 4233 2946 4290 δεικνύειν
3000 4232 3123 4290 ὁδὸν
3172 4236 3261 4289 καὶ
3291 4239 3372 4307 τῷ
3424 4232 3592 4307 μηδὲν
3619 4238 3727 4287 τοῦ

2059 4324 2555 4401 πλημμελήματος
2610 4325 2918 4400 αἰσθομένῳ
2975 4326 3010 4398 ἢ
3066 4325 3158 4380 καὶ
3208 4323 3724 4402 καταρῥᾳθυμοῦντι

1919 4480 2069 4572 IV.

298 4666 347 4714 1.
406 4658 593 4714 Oratio
642 4658 993 4730 imperatoris
1036 4658 1117 4714 ad
1171 4659 1444 4730 episcopos
1491 4659 1555 4715 de
1597 4661 1758 4715 rebus
1818 4660 1951 4716 suis.
1984 4637 2030 4701 D
2066 4660 2415 4715 necessitate
2440 4676 2612 4715 curas
2642 4659 2898 4731 imperii,
2932 4660 3081 4716 tales
3121 4659 3363 4715 omnino
3395 4674 3521 4730 quae
3553 4657 3721 4714 solu-

371 4749 518 4805 251
565 4748 713 4803 Hinc
765 4748 1059 4819 incipiunt
1089 4763 1182 4803 res
1230 4748 1512 4803 adversus
1542 4750 1949 4820 ipstriarcham

297 4838 616 4892 Arsenium
645 4842 842 4909 gestae.
870 4842 1015 4894 Cum
1046 4836 1206 4891 enim
1231 4839 1552 4908 imperator
1571 4842 1730 4893 totus
1753 4839 1952 4893 hacte-

297 4944 410 4981 nus
441 4927 650 4981 fuisset
680 4930 739 4981 in
774 4925 1109 4981 deliniendo
1152 4926 1505 4997 patriarcha,
1553 4928 1953 4998 omnibusque

298 5016 512 5070 ofﬁciis
532 5016 923 5071 eblandiendo
947 5020 1013 5071 ut
1039 5015 1245 5070 mitius
1269 5032 1436 5085 agere
1467 5032 1667 5071 secum
1692 5016 1867 5071 vellet
1893 5022 1951 5072 et

297 5104 693 5158 anathematis
744 5104 945 5175 injeeti
993 5104 1297 5159 vinculum
1348 5104 1591 5171 solvere,
1639 5110 1947 5176 postquam

299 5190 717 5247 animadvertit
744 5208 806 5247 se
824 5192 972 5247 nihil
1005 5194 1286 5263 proficere
1308 5194 1756 5264 desperavitque
1780 5192 1951 5264 plane

300 5278 604 5333 meliorem
638 5280 695 5333 in
730 5286 1034 5351 posterum
1069 5298 1410 5336 successum
1444 5282 1744 5353 petitionis
1775 5283 1950 5337 istius

295 5384 443 5435 suis,
485 5383 762 5421 conversa
808 5360 1199 5424 veliﬁcatione
1238 5370 1614 5425 vehementer
1653 5373 1709 5425 in
1754 5373 1951 5427 consi-

298 5455 447 5509 lium
483 5454 754 5509 incubuit
782 5458 911 5526 ejus
959 5458 1119 5511 omni
1154 5459 1379 5513 ratione
1410 5460 1739 5514 amovendi.
1777 5460 1837 5514 Ei
1868 5462 1948 5515 rei

301 5544 778 5614 praemuniendae,
813 5544 1027 5616 saepius
1059 5549 1392 5602 convocatis
1424 5566 1723 5604 sacrorum
1758 5550 1951 5619 praesi-

301 5633 497 5703 dibus,
523 5640 862 5689 centestans
894 5635 1220 5705 exponebat
1241 5638 1544 5707 angustias
1567 5640 1785 5709 quibus
1811 5655 1951 5694 con-

304 5720 680 5791 ﬂictaretur,a
698 5724 855 5779 inter
874 5722 1011 5778 hinc
1035 5722 1272 5793 quidem
1290 5727 1941 5795 urgentesineluctabili

2060 4754 2185 4804 tum
2217 4767 2249 4804 a
2279 4750 2501 4804 caeteris
2534 4749 2796 4804 animum
2822 4750 3208 4821 requirerent,
3242 4764 3308 4805 ac
3331 4746 3417 4802 vel
3452 4747 3536 4801 sic
3568 4747 3659 4801 vix
3682 4765 3720 4802 ει

2059 4844 2357 4909 satagente
2379 4839 2834 4910 connitenteque
2857 4843 3032 4911 prout
3052 4838 3359 4909 oportebat
3373 4836 3721 4909 expediren-

2060 4934 2176 4996 tur,
2227 4928 2363 4983 inde
2407 4932 2605 4982 autem
2654 4930 2988 4983 obstantem
3028 4926 3313 4982 duritiam
3365 4926 3714 4998 patriarchae

2060 5017 2439 5088 impedientis
2472 5033 2534 5071 se
2557 5033 2623 5071 ac
2655 5017 2823 5087 quasi
2847 5017 3237 5072 constrictum
3260 5015 3549 5070 trahentis
3568 5015 3719 5070 diris

2057 5105 2309 5160 vinculis
2351 5104 2744 5160 anathematis
2777 5106 3023 5160 infandi.
3056 5106 3513 5161 Considerarent
3543 5105 3665 5159 hec
3700 5146 3714 5171 ,

2058 5198 2115 5249 et
2142 5194 2409 5249 viderent
2431 5211 2500 5247 an
2535 5210 2650 5248 non
2676 5200 2835 5249 esset
2855 5195 3080 5265 aequius
3104 5193 3299 5249 venire
3326 5193 3489 5265 ipsos
3512 5209 3716 5248 secum

2060 5283 2117 5337 in
2151 5288 2375 5354 partem
2411 5282 2831 5339 sollicitudinis
2863 5282 3135 5354 publicas,
3184 5283 3572 5354 improbanda
3601 5283 3721 5339 ista

2060 5373 2473 5444 intempestiva
2505 5373 2845 5443 pertinacia.
2877 5373 3296 5440 Patriarcham,
3323 5374 3493 5442 cujus
3517 5378 3723 5428 essent

2062 5468 2257 5533 partes
2288 5462 2569 5517 adhibere
2599 5464 2962 5518 curationem
2998 5462 3215 5533 lapsis,
3247 5464 3593 5517 obﬁrmasse
3625 5463 3720 5516 in-

2065 5550 2397 5606 ﬂexibiliter
2419 5551 2685 5606 animum
2719 5552 2775 5605 in
2801 5552 3213 5622 prosecutione
3237 5552 3483 5607 alterius
3506 5552 3718 5607 harum

2062 5641 2312 5693 duarum
2332 5657 2550 5707 rerum,
2577 5645 2679 5694 aut
2704 5646 2769 5695 ut
2791 5646 3109 5713 reponatur
3131 5642 3187 5696 in
3214 5642 3466 5712 priorem
3491 5646 3716 5695 statum

2062 5730 2117 5783 id
2152 5730 2307 5800 quod
2341 5745 2469 5785 meo
2501 5734 2736 5800 peccato
2764 5736 3057 5785 mutatum
3082 5736 3206 5801 est;
3240 5736 3341 5786 aut
3369 5732 3428 5785 ni
3451 5730 3559 5786 hoc
3583 5731 3712 5799 ﬁat,
