4112 6400
317 452 431 509 697

1382 456 1482 510 ΒΕ
1518 454 1891 511 MICHAELB
1927 449 2376 512 PALEOLOGO
2411 458 2545 511 LIB.
2585 459 2682 511 IV.

3635 452 3745 510 698

319 579 383 635 ἐκ
413 576 805 655 προαιρέσεως,
845 577 872 632 ὅ
932 575 989 632 δὲ
1042 574 1135 633 καί
1185 578 1275 633 τὸν
1325 577 1376 651 ἐξ
1429 579 1598 633 αὐτοῦ
1654 580 1979 655 νυττόμενον
2008 580 2063 649 Α
2096 578 2373 656 βασιλείας
2403 582 2493 636 καὶ
2549 578 2858 655 ίδιωτισμῷ
2893 582 3127 655 μετιέναι
3170 581 3232 635 τὸ
3265 578 3517 657 ἔγκλημα
3551 578 3749 657 βούλε-

321 673 403 740 τῷ
433 664 675 744 γνησίως
732 671 1086 743 μεταγνῶναι,
1118 666 1208 721 καὶ
1264 670 1364 738 τὴν
1412 668 1693 744 θεραπείαν
1744 666 1988 734 ἐκτόπως

324 755 559 821 θέλοντα
610 754 887 831 δέχεσθαι,
918 753 1013 811 κᾶν
1059 759 1386 833 καυστῆρσιν
1438 758 1812 831 οἷκονομοῖτο,
1845 757 1987 813 ἐκεῖ-

319 868 416 909 νος
479 845 797 913 ἀπωθεῖται,
853 845 943 900 καὶ
1024 849 1104 918 τῷ
1166 851 1503 922 μεταγνῶναι
1559 845 1621 901 τὰ
1679 846 1985 921 ἀπογνῶναι

324 935 577 1011 συνείρει,
615 936 688 997 ὡς
748 939 994 1009 κρεῖττον
1050 935 1110 989 ’ὸν
1171 937 1245 1008 μὴ
1293 935 1699 1010 μεταγνῶναιῆ
1733 940 1986 1012 απογνῶ-

319 1046 409 1079 ναι
446 1022 780 1100 μεταγνόντα
814 1043 827 1056 ·
861 1023 924 1078 τὸ
957 1023 1052 1096 μὶν
1108 1022 1213 1100 γάρ
1275 1024 1603 1100 ἀναλγησίαν
1663 1030 1983 1102 κατηγορεῖ,

317 1115 383 1169 τὸ
416 1110 461 1168 δ’
494 1110 776 1168 ἀπώλειαν
811 1111 1191 1183 αἰωνίζουσαν.
1225 1112 1395 1169 Αὐτὸν
1428 1114 1524 1187 μὲν
1566 1112 1656 1169 οὖν
1706 1114 1795 1169 καὶ
1844 1111 1983 1169 πολ-

322 1202 482 1265 λάκις
511 1199 890 1279 προσελθόντα
922 1202 1363 1274 ἀποπέμπεσθαι,
1395 1203 1486 1257 καὶ
1544 1208 1808 1272 ζητοῦντα
1854 1202 1985 1266 τοὺς

320 1293 560 1370 τρόπους
592 1298 693 1361 τῆς
722 1290 960 1366 ἰατρείας
996 1293 1106 1367 ούχ
1154 1290 1305 1355 ὅπως
1352 1287 1677 1366 λαμϐάνειν,
1712 1291 1857 1348 ἀλλά
1894 1295 1983 1348 καὶ

321 1379 848 1450 προσονειδίζεσθαι,
879 1381 971 1436 καὶ
1028 1380 1187 1443 τέλος
1244 1379 1398 1436 οὐδὲν
1453 1380 1595 1437 ἄλλο
1625 1383 1982 1447 πυνθάνεσθαι

320 1472 466 1542 πλὴν
528 1472 589 1526 τὸ
648 1471 890 1547 ἀνάγκην
946 1470 1075 1526 εἶναι
1123 1472 1185 1525 τὸ
1233 1475 1449 1547 τραῦμα
1503 1471 1706 1545 ἰᾶσθαι,
1738 1472 1887 1535 ὅπως
1937 1458 1982 1528 δ’

326 1562 460 1635 ἷῴτο
498 1563 575 1636 μὴ
614 1562 925 1634 μανθάνειν,
958 1559 1106 1615 ἀλλὰ
1157 1561 1294 1637 πρὸς
1340 1562 1403 1616 τὸ
1452 1562 1706 1635 πράττειν
1752 1562 1984 1639 προτρέ-

320 1663 516 1715 πεσθαι
570 1647 741 1723 μηδὲν
804 1647 988 1704 εἷδότα
1044 1654 1152 1704 τῶν
1187 1650 1439 1724 πράττειν
1475 1650 1876 1728 ὀφειλομένων,
1910 1653 1986 1706 εί-

320 1762 408 1795 ναι
445 1737 490 1795 δ’
529 1739 852 1794 ὑποπτεύειν
899 1739 960 1792 τὸ
1018 1744 1120 1792 πᾶν
1172 1738 1404 1814 χλεύην.
1436 1740 1575 1814 “Ωρα
1626 1744 1755 1815 γοῦν
1809 1737 1981 1796 δεδοι-

322 1832 473 1886 κέναι
532 1832 606 1902 μή
652 1851 705 1884 τι
761 1830 849 1883 καὶ
903 1826 1237 1907 πράττοντος
1304 1826 1509 1892 ἐκεῖνος
1581 1826 1980 1905 ἀναλαμϐάνων

322 1921 385 1976 τὸ
444 1917 719 2009 ἔγκλημα,
754 1918 842 2009 ὡς-
892 1916 1122 2009 μηδενὸς
1174 1917 1474 2009 αὐτάρκους
1531 1919 1848 1993 γενομένου,
1900 1921 1975 1994 μή
2008 1945 2054 2009 Β

320 2005 709 2083 καταδέχοιτο,
760 2005 850 2061 καὶ
903 2006 1045 2062 οὕτω
1086 2006 1315 2069 πονέσας
1375 2007 1611 2079 ἀνήνυτα
1666 2010 1973 2084 γνώσομαι.

318 2100 385 2155 ’Ὁ
438 2094 484 2152 δ’
541 2094 634 2151 οὖν
691 2094 779 2151 voti
855 2098 878 2151 ἒ
1010 2097 1020 2117 ¹
1223 2094 1256 2151 λ
1340 2097 1353 2151 ί
1529 2098 1542 2115 ’
1634 2095 1648 2115 '
1915 2098 1946 2153 ἃ

712 2142 780 2151 ..
886 2118 1103 2174 μιραινει
1180 2116 1221 2151 π
1264 2118 1330 2171 αγ
1362 2118 1459 2165 ως,
1519 2118 1841 2162 ακουσαντες
1947 2120 1973 2153 ν

322 2187 584 2264 διαγνῶτε
610 2186 676 2257 ἢν
729 2185 877 2250 ὅλως
935 2185 1223 2262 συμφέροι.
1258 2188 1340 2259 [Ρ.
1376 2190 1498 2259 171]
1533 2186 1816 2244 Ἀποθέσει
1873 2188 1975 2265 γὰρ

322 2389 465 2446 mihi
496 2405 701 2446 omnes
726 2402 862 2461 spes
894 2386 1180 2443 redeundi
1212 2404 1477 2460 unquam
1508 2388 1579 2443 ad
1611 2388 1975 2444 communio-

321 2497 454 2536 nem
520 2478 790 2535 Ecclesiaa
841 2476 1190 2533 inexorabili
1251 2478 1558 2533 severitate
1605 2478 1975 2550 praecidatur.

320 2569 517 2641 Atqui,
542 2573 607 2624 ut
638 2585 739 2624 vos
771 2585 874 2640 pro
905 2571 1102 2623 vestra
1122 2566 1437 2638 prudentia
1462 2567 1693 2639 videtis,
1725 2567 1975 2623 alterum

323 2658 558 2731 quidem
582 2657 833 2714 istorum
858 2657 981 2712 ﬁeri
1009 2674 1124 2712 non
1157 2660 1351 2728 potest
1376 2677 1389 2725 ;
1412 2655 1659 2712 alterum
1693 2673 1974 2730 perquam

320 2747 713 2804 inhumanum
747 2751 839 2802 est
868 2750 926 2801 et
959 2746 1031 2801 ah
1062 2743 1321 2800 Ecclesia
1351 2744 1691 2800 maternain
1725 2762 1866 2801 suos
1888 2746 1976 2802 in-

321 2837 625 2910 dulgentia
665 2836 817 2894 252
863 2834 1115 2891 maxime
1155 2833 1495 2889 abhorrens.
1536 2834 1671 2889 Veri
1728 2835 1979 2907 pastoris

323 2932 381 2982 et
409 2925 835 3000 providipatris
867 2941 1086 2980 munus
1109 2924 1299 2980 fuerat
1328 2922 1551 2980 hortari
1580 2925 1651 2979 ad
1685 2925 1977 2998 paeniten-

322 3016 569 3086 tiam,et
594 3017 748 3072 viam
790 3012 1099 3072 ostendere
1142 3013 1458 3085 aberranti,
1508 3011 1815 3087 calcarque
1876 3016 1980 3071 ad-

327 3106 483 3176 dere,
516 3109 579 3161 ut
609 3107 677 3161 ad
711 3106 895 3161 Deum
930 3106 1281 3176 frugemque
1311 3102 1546 3171 rediret,
1582 3103 1759 3159 etiam
1806 3122 1977 3162 suam

323 3193 619 3250 miseriam
648 3212 762 3249 non
789 3192 1090 3265 sentienti,
1121 3192 1561 3265 negligentique
1587 3210 1652 3249 ac
1674 3196 1973 3266 respuenti

319 3287 616 3344 obstinata
638 3286 1011 3344 contumacia
1039 3286 1386 3342 remedium.
1408 3285 1514 3342 Ille
1545 3290 1739 3342 autem
1774 3304 1862 3343 me
1884 3287 1974 3343 ul-
2005 3254 2047 3321 Ο

315 3380 407 3434 tro
439 3378 818 3433 damnantem
852 3376 1356 3447 detestantemque
1387 3374 1578 3431 scelus
1600 3393 1821 3443 meum,
1854 3394 1983 3435 me-

322 3467 685 3524 omniaverae
704 3464 1059 3538 poenitentia:
1084 3463 1666 3537 signaexhihentem,
1691 3482 1783 3521 me
1805 3467 1979 3523 etiam

322 3562 501 3628 atque
530 3556 706 3611 etiam
742 3559 1076 3627 poscentem
1109 3571 1309 3625 poenas
1341 3553 1484 3609 mihi
1511 3554 1731 3625 imponi
1756 3556 1980 3611 saluta-

324 3662 418 3702 res
477 3662 570 3701 me
623 3643 907 3717 patientia
956 3643 1205 3698 obnoxia
1272 3643 1643 3713 proﬁtentem
1701 3644 1978 3699 sectionis

325 3751 561 3808 quoque
592 3740 649 3789 et
669 3732 921 3789 ustionis
944 3733 1198 3787 austeris
1220 3731 1547 3786 subeundis
1571 3732 1978 3788 curationibus

323 3828 618 3896 paratum,
654 3820 845 3894 rejicit
873 3825 1053 3895 atque
1085 3824 1435 3894 aspernatur
1462 3824 1681 3887 tamen,
1706 3825 1762 3876 et
1793 3821 1977 3894 culpae

323 3918 623 3986 utcunque
679 3931 711 3967 a
756 3912 1139 3984 resipiscente
1184 3911 1477 3965 damnata
1555 3910 1975 3967 conscientiam

319 4020 553 4075 aequum
588 4006 787 4058 censet
819 4006 1080 4057 extrema
1114 4000 1523 4072 desperatione
1553 4001 1972 4073 constringere.

318 4093 463 4149 Mihi
492 4109 626 4149 vero
659 4092 855 4147 minus
878 4089 1103 4147 malum
1128 4090 1448 4163 minusque
1478 4091 1721 4145 noxium
1744 4091 1977 4147 videtur

318 4200 433 4238 non
466 4198 784 4255 agnoscere
801 4181 1035 4254 culpam
1064 4181 1580 4253 propriam,quam
1605 4181 1730 4250 ejus
1754 4181 1973 4253 impro-

317 4274 465 4327 batac
516 4276 914 4342 revocataeque
952 4269 1184 4326 veniam
1234 4270 1563 4342 desperare.
1615 4270 1784 4325 Prius
1812 4271 1970 4325 enim

313 4361 463 4417 illud
497 4361 776 4417 duritiam
798 4361 989 4416 solum
1015 4360 1210 4433 arguit
1231 4359 1377 4415 alias
1403 4359 1834 4416 emendabilem
1861 4361 1970 4415 im-

316 4449 654 4523 pmnitentis
706 4449 765 4504 in
816 4465 1077 4521 praesens
1131 4449 1314 4503 animi
1359 4465 1372 4503 :
1424 4448 1532 4504 hoc
1572 4450 1865 4521 posterius
1913 4450 1972 4504 in

316 4544 545 4595 mternae
576 4539 780 4611 utique
810 4537 1211 4594 damnationis
1233 4535 1474 4592 exitium
1504 4537 1842 4593 inevitabile
1873 4540 1972 4594 de-

2090 691 2199 725 ται.
2234 673 2330 743 Τῷ
2361 667 2438 740 δὲ,
2473 670 2517 744 ᾧ
2566 674 2624 726 ἂν
2669 671 2758 725 καὶ
2814 671 3121 745 συνενέγκοι
3174 675 3414 739 σκοπῶν,
3450 668 3565 724 οὐδ’
3597 668 3743 734 ὅλως

2092 758 2341 833 εὑρίσκω.
2378 758 2500 816 Ἐπὶ
2562 760 2657 834 μὲν
2709 757 2798 813 οὗν
2858 765 2974 824 τοῖς
3020 764 3250 827 κοινοῖς,
3280 759 3499 823 αὐτόθεν
3550 756 3742 827 δῆλον,

2089 847 2179 902 καὶ
2232 847 2384 903 οὐδὲν
2446 846 2527 903 δεῖ
2582 849 2899 923 ἐρωτῶντας
2962 851 3247 922 μανθάνειν
3285 867 3299 880 ·
3331 849 3395 904 τὸ
3452 848 3551 925 γὰρ
3615 851 3741 923 μήτ’

2092 934 2292 992 ἐκείνου
2326 934 2442 991 ο⁹ίου
2471 938 2521 993 τ’
2551 932 2707 1000 ὄντος
2754 939 2821 993 τὰ
2866 940 3160 1014 πράγματα
3209 935 3459 1006 διοικεῖν,
3490 938 3581 992 καὶ
3636 960 3743 1011 μη·-

2092 1022 2148 1080 δὶ
2176 1022 2485 1100 συμϐάντος
2516 1027 2790 1099 ἐκστῆναι,
2825 1027 2898 1090 ὡς
2930 1029 3066 1104 μέγα
3106 1049 3158 1082 τι
3198 1030 3297 1097 τὴν
3351 1026 3585 1104 ἐρημίαν
3646 1026 3745 1083 λο-

2089 1115 2353 1190 γίζεσθαι,
2390 1113 2542 1171 οὐδὲν
2595 1114 2720 1171 ἀλλ’
2755 1119 2789 1188 ἢ
2836 1122 3127 1187 ζητοῦντος
3183 1116 3337 1190 οἶμαι
3384 1115 3567 1172 κοινὸν
3624 1113 3743 1171 ὄλε-

2090 1215 2215 1280 θρον
2269 1206 2357 1259 καὶ
2415 1205 2685 1279 Τελχῖνος
2727 1205 2930 1281 τρόπον
2977 1203 3410 1279 ἐνδεικνυμένου.
3436 1207 3505 1263 ’Ὸ
3538 1203 3595 1260 δὲ
3652 1204 3739 1260 καὶ

2091 1291 2305 1367 μᾶλλον
2342 1292 2710 1373 διαφερόντως
2739 1300 2847 1350 τῶν
2886 1293 3072 1350 ἄλλων
3127 1296 3352 1352 ἅπτεται
3405 1300 3511 1351 τῶν
3568 1296 3740 1369 ἐμῶν,

2092 1382 2299 1460 μακρὰν
2352 1382 2411 1439 ἃν
2470 1385 2569 1453 τήν
2630 1382 2982 1461 δημηγορίαν
3031 1381 3306 1441 κατέτεινα
3351 1383 3435 1456 ἂν,
3467 1384 3533 1454 ἣν
3600 1387 3740 1461 μήγε

2086 1474 2173 1528 καὶ
2206 1473 2295 1549 ἀφ’
2325 1474 2442 1536 ἑνὸς
2478 1473 2646 1547 μόνου
2679 1473 2794 1536 οἷός
2838 1475 2886 1527 τ’
2913 1475 2983 1543 ἦν
3030 1480 3292 1549 παριστᾷν
3352 1476 3447 1543 τήν
3500 1468 3735 1549 βλάϐην.

2086 1566 2150 1619 Τί
2199 1562 2299 1637 γάρ
2331 1585 2426 1636 μοι
2457 1562 2547 1619 καὶ
2596 1562 2857 1639 ἐχέγγυον
2906 1567 3001 1618 τοῦ
3054 1561 3110 1617 δὲ
3158 1561 3307 1626 αὖθις
3364 1564 3737 1638 ἀπραγμόνως

2092 1654 2287 1727 βιῶσαι
2318 1653 2670 1726 καταθεμένῳ
2718 1654 2818 1721 τήν
2853 1650 3093 1723 ἐξουσίαν
3123 1673 3136 1723 ;
3168 1651 3228 1707 Τί
3268 1650 3324 1708 δὲ
3374 1655 3588 1728 γυναικὶ
3647 1653 3737 1707 καὶ

2086 1743 2243 1795 παισί
2304 1740 2681 1814 μᾶλλον;οἴς
2738 1740 2797 1795 ἂν
2853 1741 3124 1817 παρευθὺς
3179 1746 3374 1815 μοῖραν
3434 1737 3739 1815 ἐφεδρεύειν

2086 1830 2291 1905 ἀνάγκη
2315 1833 2380 1899 ἧς
2410 1832 2437 1885 ὁ
2465 1832 2649 1907 τυχὼν
2679 1831 2740 1886 ού
2774 1834 3086 1907 γηθήσειεν.
3116 1832 3276 1905 Ἐμοὶ
3336 1832 3431 1904 μὲν
3492 1829 3583 1885 οὖν
3646 1829 3743 1885 ούκ

2087 1916 2228 1974 ἔστιν
2288 1915 2653 1998 ἀμφισϐητεῖν
2703 1920 2895 1993 ἐκείνῳ
2951 1927 3050 1990 τῆς
3106 1926 3479 1993 πνευματικῆς
3508 1918 3736 1993 ἴδμοσύ-

2086 2029 2203 2080 νης,
2235 2004 2331 2063 κᾶν
2366 2008 2395 2062 ὅ
2422 2030 2475 2063 τι
2500 2008 2718 2064 κελεύοι
2752 2029 2764 2042 ·
2796 2006 2933 2073 τέως
2964 2007 3009 2065 δ’
3052 2008 3102 2064 ἐν
3148 2010 3366 2071 τούτοις
3421 2006 3638 2065 πολλοῦ
3674 2031 3737 2086 γε

2088 2094 2193 2152 δέω
2252 2103 2650 2157 ποοσεπαινεῖν.
2684 2103 2794 2153 Ποῦ
2850 2100 2949 2173 γὰρ
2994 2100 3080 2153 καὶ
3114 2099 3247 2153 .τίνι
3308 2099 3429 2153 ποτ’
3479 2096 3617 2161 ἔθνει
3672 2098 3736 2153 τὸ

2084 2192 2333 2243 τοιοῦτον
2375 2183 2763 2261 ἕϐλαστεςκαὶ
2813 2188 2889 2251 εἷς
2933 2188 2986 2243 τί
3042 2186 3386 2264 παράδειγμα
3436 2186 3655 2260 βλέπων
3706 2190 3733 2242 ὁ

2092 2388 2142 2444 si
2198 2387 2353 2444 ultro
2401 2388 2708 2462 aggrediar
2763 2387 3100 2445 satisfacere
3148 2405 3251 2462 pro
3310 2387 3574 2455 crimine,
3635 2386 3734 2442 ubi

2089 2476 2277 2533 multa
2303 2477 2664 2550 impendere,
2690 2475 2879 2534 multa
2895 2481 3196 2534 tentavero
3228 2477 3482 2533 multum
3515 2477 3738 2533 sudans

2088 2572 2400 2645 nitensque
2446 2572 2505 2626 in
2546 2570 2783 2627 sceleris
2834 2572 3225 2644 expiationem
3277 2571 3393 2627 mei
3443 2586 3738 2644 peregero,

2088 2660 2240 2715 haud
2266 2677 2333 2716 ea
2360 2664 2557 2716 tamen
2592 2660 2687 2716 ille
2717 2660 2861 2716 satis
2886 2661 3154 2732 accipiat,
3180 2661 3382 2732 sicque
3405 2660 3738 2716 contentio-

2085 2767 2189 2806 nes
2222 2766 2310 2805 me
2356 2748 2488 2804 illas
2537 2765 2950 2820 aerumnasque
3008 2749 3333 2821 perdidisse
3381 2753 3616 2821 spretus
3666 2750 3739 2804 ad

2086 2844 2411 2894 extremum
2433 2855 2499 2893 ac
2516 2836 2788 2910 repulsus
2806 2836 3055 2893 sentiam
3076 2837 3331 2893 ?Audite
3354 2841 3548 2893 autem
3567 2842 3623 2893 et
3637 2855 3739 2910 pro

2085 2932 2279 2983 vestra
2311 2926 2601 2998 sapientia
2621 2927 2908 2983 aestimate
2930 2926 3100 2997 quale
3130 2927 3208 2982 sit
3236 2931 3295 2982 et
3321 2927 3525 2997 ecquid
3557 2944 3738 2999 expe-

2087 3017 2211 3073 diat
2250 3016 2612 3089 reipublicae,
2643 3018 2798 3089 quod
2836 3033 2938 3089 per
2984 3017 3131 3071 istas
3176 3016 3457 3089 ambages
3504 3016 3743 3089 oblique

2086 3105 2240 3161 253
2271 3104 2485 3162 innuit.
2519 3102 2930 3174 Videturivelle
2953 3120 3045 3159 me
3066 3102 3428 3175 depositione
3450 3104 3743 3175 principa-

2086 3198 2182 3251 tus
2195 3199 2253 3250 et
2278 3194 2467 3249 reditu
2500 3194 2571 3249 ad
2598 3193 3091 3265 vitamiprivatam
3114 3192 3347 3264 expiare
3364 3192 3560 3249 scelus
3584 3194 3741 3265 quod

2089 3285 2362 3341 conscivi.
2397 3286 2459 3339 In
2491 3283 2601 3340 hoc
2632 3283 2732 3339 ille
2755 3283 2894 3355 quid
2923 3287 3232 3356 spectet,et
3262 3283 3320 3337 in
3346 3300 3517 3355 quem
3546 3288 3742 3340 trans-

2088 3375 2238 3431 ferre
2269 3372 2482 3447 cogitet
2511 3374 2906 3447 principatum
2942 3373 3085 3428 mihi
3108 3377 3394 3446 ereptum,
3428 3373 3741 3429 commini-

2088 3465 2171 3521 sci
2197 3464 2467 3537 equidem
2500 3481 2744 3536 nequeo.
2778 3466 3011 3531 Quanta
3054 3479 3225 3535 porro
3276 3479 3569 3535 quamque
3602 3480 3737 3535 per-

2088 3555 2312 3609 niciosa
2360 3553 2496 3609 inde
2546 3553 2695 3609 foret
2741 3553 2968 3608 oritura
3014 3552 3402 3625 perturbatio,
3448 3553 3739 3624 subjicere

2088 3646 2201 3701 sibi
2224 3643 2478 3716 quisque
2495 3643 3251 3715 circumspiciendocuncta
3267 3644 3738 3714 potest,utalium

2086 3734 2357 3790 consulat
2387 3735 2706 3789 neminem.
2733 3733 2876 3788 Cum
2908 3732 3065 3787 enim
3100 3732 3197 3787 ille
3227 3734 3321 3787 cui
3348 3732 3739 3788 interversum

2083 3823 2397 3896 imperium
2451 3822 2785 3895 patriarcha
2826 3824 2957 3893 jure
2999 3822 3284 3894 queritur,
3316 3837 3423 3877 nec
3462 3838 3567 3894 per
3596 3826 3736 3878 aeta-

2084 3920 2198 3968 tem
2230 3915 2333 3967 aut
2362 3912 2781 3983 experientiam
2814 3928 2918 3985 par
2961 3913 3037 3966 sit
3068 3911 3206 3965 moli
3260 3912 3507 3966 ferenda;
3539 3910 3735 3983 publi-

2082 4018 2283 4058 carum
2308 4018 2528 4071 rerum,
2561 4004 2957 4072 praetereaque
2988 4000 3047 4055 in
3081 4000 3473 4055 calamitatem
3511 4001 3736 4056 incide-

2082 4093 2157 4146 rit
2188 4108 2321 4147 cum
2354 4089 2851 4145 immedicabilem
2901 4094 3029 4143 tum
3077 4089 3337 4143 omnimo
3370 4089 3569 4159 talem,
3605 4107 3731 4161 quae

2084 4187 2148 4237 ut
2196 4181 2430 4237 abunde
2470 4184 2683 4235 cuncta
2721 4182 2927 4234 caetera
2977 4182 3376 4251 suppeterent,
3416 4195 3647 4233 omnem
3681 4179 3735 4235 ei

2082 4288 2324 4342 prorsus
2355 4269 2691 4325 facultatem
2724 4284 2791 4322 ac
2821 4266 2937 4321 vim
2970 4268 3190 4322 adimat
3220 4266 3588 4338 principatus
3624 4285 3733 4323 un-

2082 4377 2256 4432 quam
2290 4360 2821 4431 quomodocunque
2854 4356 3160 4428 fungendi,
3184 4356 3327 4412 satis
3361 4360 3520 4428 patet
3550 4374 3729 4429 quam

2082 4449 2407 4522 perniciose
2438 4446 2707 4502 consulat
2754 4446 3111 4519 reipublicae,
3143 4446 3244 4517 qui
3289 4463 3383 4502 me
3415 4452 3610 4502 amoto
3644 4464 3734 4502 re-

2080 4541 2367 4610 dactoque
2392 4537 2451 4592 in
2501 4536 2767 4593 ordinem
2814 4535 3008 4591 solum
3057 4534 3239 4591 istum
3271 4540 3327 4591 et
3375 4536 3729 4592 destitutum

314 4628 503 4683 trudit
550 4633 903 4701 pecatorem.
954 4627 1239 4699 Expertus
1306 4626 1505 4682 omnia
1553 4626 1675 4680 haec
1736 4643 1967 4698 queror.
2002 4626 2048 4690 D
2081 4645 2188 4700 ope
2218 4628 2452 4699 collegae
2475 4627 2745 4682 universo
2776 4643 2970 4681 rerum
2997 4626 3258 4681 omnium
3281 4626 3552 4698 regimini
3586 4642 3731 4697 prae-

313 4717 468 4774 Nihil
503 4736 616 4775 non
649 4718 888 4773 tentavi.
938 4715 1103 4772 Adivi
1148 4716 1393 4787 supplex
1436 4716 1829 4788 patriarcham
1863 4735 1968 4772 sae-

314 4807 486 4880 pius;
521 4807 691 4863 toties
723 4806 976 4874 rejectus
1004 4822 1157 4859 sum.
1195 4804 1409 4875 Rogavi
1466 4808 1531 4859 ut
1564 4804 1707 4860 mihi
1737 4804 1970 4860 satisfa-

315 4897 525 4952 ctionis
558 4897 771 4950 modus
794 4894 1305 4967 praescriheretur:
1345 4911 1458 4947 non
1503 4894 1676 4948 modo
1710 4912 1822 4948 non
1856 4894 1972 4948 im-

318 4985 557 5059 petravi,
612 4984 711 5040 sed
756 4983 968 5039 acriter
1017 4984 1365 5054 increpitus,
1398 4982 1498 5038 sed
1545 4983 1968 5041 contumeliose

315 5074 663 5145 ohjurgatus
695 5088 848 5138 sum,
884 5089 917 5125 a
943 5088 1055 5125 non
1089 5070 1245 5125 aliud
1277 5070 1522 5125 extremi
1552 5072 1819 5141 responsi
1843 5073 1967 5128 loco

315 5164 383 5220 ad
422 5163 592 5218 finem
618 5162 951 5232 adjiciente,
976 5161 1090 5216 nisi
1115 5177 1351 5216 necesse
1373 5176 1501 5215 esse
1517 5162 1706 5217 curari
1728 5163 1964 5231 vulnus,

315 5270 439 5324 quae
495 5256 694 5307 autem
747 5252 797 5305 ei
849 5251 1037 5322 possit
1082 5248 1204 5305 fieri
1260 5249 1664 5313 medicina,se
1716 5252 1960 5307 nescire.

311 5340 834 5397 Verumenimvero
866 5356 935 5394 an
962 5356 1074 5393 non
1100 5338 1328 5393 irrideri
1354 5356 1415 5393 se
1433 5341 1687 5410 superbo
1709 5339 1964 5396 ludibrio

312 5428 405 5485 ille
431 5430 567 5500 jure
599 5428 965 5500 suspicaretu
980 5428 1127 5494 r,cui
1147 5428 1470 5482 suadeatur
1491 5432 1547 5482 et
1567 5432 1841 5498 tanquam
1865 5448 1962 5486 ne-

313 5519 635 5573 cessarium
671 5517 1085 5589 praescrihatur
1124 5516 1353 5571 efficere
1403 5515 1643 5588 aliquid,
1677 5523 1734 5571 et
1766 5523 1961 5575 tamen

313 5625 424 5678 quo
456 5608 511 5661 id
540 5608 712 5661 modo
735 5622 920 5678 quave
938 5606 1163 5660 ratione
1186 5610 1363 5677 queat
1386 5605 1604 5677 suscipi
1627 5623 1692 5659 ac
1721 5609 1957 5677 perduci

312 5698 379 5752 ad
431 5696 675 5765 exitum,
728 5696 855 5767 ipse
901 5694 1001 5766 qui
1051 5696 1223 5765 jubet
1255 5696 1523 5767 ignorare
1574 5712 1634 5750 se
1666 5699 1961 5754 testetur‘?

311 5787 514 5844 Nonne
535 5786 849 5857 hincjusta
863 5802 1044 5841 causa
1063 5786 1207 5840 mihi
1228 5785 1584 5859 relinquitur
1602 5786 1849 5842 timendi
1864 5806 1957 5861 ne,

2083 4717 2258 4774 ficiat.
2292 4719 2406 4773 Hoc
2437 4716 2593 4771 enim
2628 4716 2769 4787 quid
2801 4718 2960 4771 esset
2992 4715 3149 4770 aliud
3183 4732 3361 4787 quam
3394 4716 3450 4769 in
3486 4714 3725 4769 exitium

2079 4806 2471 4862 certissimum
2497 4809 2708 4860 cuncta
2735 4806 3034 4875 projicere,
3069 4821 3133 4859 ac
3164 4803 3296 4858 mali
3331 4804 3616 4859 daemonis
3640 4804 3731 4857 in-

2076 4896 2329 4949 videntis
2362 4894 2537 4949 rebus
2570 4894 2716 4949 bene
2748 4892 3085 4947 constitutis
3118 4892 3369 4947 indolem
3410 4892 3680 4964 prael'erre
3704 4892 3731 4945 ‘?

2078 4984 2237 5039 Idem
2270 4984 2378 5038 hoc
2400 5000 2570 5055 porro
2602 4981 2917 5038 consilium
2970 4998 3149 5053 quam
3183 4980 3329 5037 meis
3362 4981 3602 5053 privatis
3634 4998 3729 5035 ra-

2076 5073 2338 5129 tionibus
2362 5078 2580 5140 status,
2600 5074 2791 5143 famae,
2817 5072 3026 5127 salutis
3049 5071 3301 5144 capitale
3323 5078 3501 5143 atque
3520 5073 3725 5127 imma-

2076 5163 2227 5217 niter
2257 5163 2533 5217 infestum
2567 5162 2664 5230 sit,
2706 5160 3045 5217 distinctius
3093 5177 3504 5231 exsequercrer
3552 5164 3729 5239 longa

2076 5252 2337 5308 oratione
2367 5251 2598 5322 singula
2631 5250 3049 5319 enumerando,
3074 5250 3187 5304 nisi
3221 5254 3404 5305 totam
3441 5252 3725 5312 latissime

2075 5341 2331 5412 patentis
2354 5340 2583 5410 injurize
2606 5339 2909 5410 perciciem
2934 5338 3089 5394 brevi
3110 5356 3341 5410 possem
3376 5347 3723 5415 compendio

2074 5430 2280 5498 oculis,
2324 5429 2381 5483 in
2418 5445 2533 5483 uno
2576 5428 2757 5482 veluti
2810 5427 3157 5499 specimine,
3192 5430 3502 5500 subjicere.
3539 5434 3719 5496 Quem

2072 5520 2226 5575 enim
2264 5519 2528 5572 idoneum
2549 5517 2692 5571 mihi
2722 5517 2925 5570 vadem
2960 5516 3520 5590 dahunttranquille
3545 5538 3633 5577 me
3658 5540 3722 5577 ac

2072 5624 2271 5664 secure
2302 5607 2580 5679 deinceps
2605 5607 2920 5671 victurum,
2940 5610 3257 5677 postquam
3278 5608 3585 5678 imperium
3621 5611 3722 5664 ah-

2071 5699 2336 5753 dicavero
2358 5696 2385 5750 ‘?
2407 5696 2553 5759 Quid
2588 5698 2732 5749 tunc
2764 5696 2862 5750 ﬁet
2895 5695 3082 5765 uxori,
3117 5696 3257 5767 quid
3296 5698 3439 5751 meis
3471 5697 3672 5753 liberis
3696 5702 3722 5755 ?

2070 5806 2218 5861 quos
2250 5787 2455 5859 utique
2485 5784 2790 5857 principali
2823 5784 3097 5859 delapsos
3128 5784 3358 5855 fastigio
3391 5786 3490 5841 illa
3514 5805 3720 5860 exspe-
