4112 6412
374 384 484 440 699

1688 385 1990 443 GEORGII
2029 379 2495 437 PACHYMERE

3694 371 3809 425 700

373 512 641 585 ἱεράρχης
674 510 1025 583 ἀνεμεσήτως
1056 511 1237 581 ἀξιοῦν
1268 510 1389 586 ἔχοι
1421 516 1580 566 τοῦτο
1641 510 1729 565 καὶ
1773 509 1825 565 ἐν
1859 511 2033 581 mihi;
2067 508 2118 575 Α
2151 508 2335 576 σμοῖς.
2370 501 2436 558 Τί
2495 498 2603 568 δαὶ,
2639 499 2699 553 οὐ
2758 504 2825 572 τῇ
2855 496 3152 569 Ἐκκλησία
3216 495 3471 569 μετάνοια
3529 494 3757 569 ὥρισται
3789 516 3801 561 ;

374 599 409 667 ἢ
446 600 547 653 οὐκ
578 598 690 654 οἶδε
736 601 827 654 τὸν
866 600 1124 669 τοιαύτης
1183 603 1509 677 γευσάμενον
1564 602 1803 669 καθάπαξ
1865 618 2029 671 μετα-

375 684 552 759 ϐολῆς
600 691 674 762 μή
727 690 931 763 τρόπον
964 691 1096 744 εἶναι
1134 690 1551 764 μετεγκλὶναντα
1603 688 1896 759 τελευτᾷν;
1931 684 2031 740 πό-

374 798 489 840 σοις
547 779 650 853 γὰρ
705 775 1043 854 ἐφεδρεύεται
1106 778 1404 852 βασιλεία;
1458 780 1682 842 ὁπόσοις
1739 776 1796 832 δὲ
1852 779 1942 831 καὶ
1995 778 2029 845 ἡ

370 865 550 927 πίστις
582 863 803 939 ἔψυκται
838 865 923 918 ἐπὶ
952 870 1046 919 τοῦ
1080 867 1392 940 σχήματος,
1427 864 1745 939 σωζομένου
1802 862 1891 917 καὶ
1952 860 2029 916 ἔτι

369 960 467 1011 τοῦ
526 952 818 1030 βασιλέως,
880 953 971 1016 οὓς
1030 955 1119 1009 καὶ
1194 957 1581 1032 καθυφεικότος
1665 951 2029 1027 ὡρμημένους

368 1044 539 1099 πάλαι
573 1042 789 1119 θαρρεῖν
827 1042 1053 1118 ἀνάγκη.
1090 1041 1198 1099 Κᾶν
1242 1044 1393 1098 αὐτοὶ
1456 1046 1532 1117 μὴ
1582 1042 1749 1119 δρῷεν
1803 1042 2025 1096 ἱάπτον-

367 1156 453 1195 τες
486 1129 698 1203 ἄλλως,
730 1130 880 1186 ἀλλά
930 1134 1010 1204 τῷ
1063 1140 1111 1208 γ’
1140 1132 1228 1187 ἐπὶ
1288 1141 1388 1203 τῆς
1444 1134 1623 1209 ἀρχῆς
1680 1132 2025 1203 καταστάντι,

372 1225 551 1296 ὥσπερ
585 1221 910 1291 ἀντιζηλοῦν
945 1222 1109 1290 εἶ’κὸς,
1145 1222 1288 1278 οὕτω
1346 1225 1432 1278 καὶ
1499 1221 1627 1298 ὃρᾷν
1686 1223 1752 1277 τὰ
1781 1222 2028 1295 χείριστα

373 1311 580 1389 ῥάδιον.
608 1311 667 1365 Τί
699 1309 766 1379 δὴ
818 1312 907 1365 καὶ
958 1311 1171 1387 ἀνάγειν
1201 1312 1276 1375 εἷς
1306 1315 1406 1382 τήν
1440 1313 1618 1389 ἀρχὴν
1654 1308 1783 1383 ἔδει,
1815 1312 1872 1365 ’ὸν
1912 1312 2025 1382 μετ’

370 1402 432 1457 ού
464 1398 608 1456 πολὺ
638 1399 892 1475 κατάγειν
927 1396 1210 1470 ἐϐούλετο,
1239 1403 1313 1464 ὡς
1360 1402 1621 1477 γεύσαντα
1674 1402 1834 1475 μόνον
1886 1401 2025 1455 ἀπο-

369 1495 573 1566 στερεῖν
601 1510 615 1560 ;
651 1489 829 1564 χωρὶς
860 1486 916 1543 δὲ
954 1489 1165 1544 τούτων
1221 1492 1306 1545 καὶ
1357 1492 1511 1563 Θεὸν,
1545 1490 1693 1564 εἷ’περ
1727 1490 1833 1545 τινὶ
1867 1488 2024 1561 ἄλλῳ

372 1578 635 1654 μεγίστῳ,
666 1577 755 1631 καὶ
814 1580 1132 1633 καταστάσει
1188 1577 1467 1653 βασιλείας
1520 1581 1750 1634 συνιέναι
1804 1578 2022 1633 πιστεύ-

365 1686 521 1738 ομεν.
556 1669 689 1719 Θεοῦ
721 1662 778 1718 δὲ
815 1664 1026 1739 βουλὴν
1060 1662 1341 1736 διασκεδᾷν
1396 1665 1596 1730 ἐθέλειν
1650 1668 1723 1727 ὡς
1782 1663 1827 1719 3'
1858 1662 2019 1719 αὔθα-

367 1753 481 1825 δες,
512 1754 588 1815 ὡς
620 1751 677 1808 δὲ
706 1753 794 1808 καὶ
830 1752 996 1827 μέγαν
1027 1752 1158 1829 ἔχον
1187 1760 1303 1819 τοῖς
1333 1754 1583 1827 τολμῶσι
1612 1756 1703 1810 τὸν
1749 1753 2019 1809 κίνδυνον.

2144 593 2205 649 οὐ
2236 592 2396 665 νόμοι
2428 590 2628 660 ταύτης
2660 595 2795 653 θεῖοι
2828 583 3239 662 προϐέϐληνται
3267 613 3280 655 ;
3314 585 3422 660 οὐχ
3474 587 3631 657 ὑμεῖς
3684 586 3803 639 κατ’

2143 682 2377 742 ἐκείνους
2406 679 2533 742 τοὺς
2566 676 2813 739 πολλοὺς
2865 676 3223 751 θεραπεύετε;
3261 677 3295 746 ἢ
3343 680 3463 736 τοῖς
3522 674 3803 747 βασιλεῦσι

2144 770 2511 848 διαφερόντως
2573 769 2711 845 πρὸς
2760 766 2890 828 τοὺς
2950 764 3196 827 πολλοὺς
3260 766 3310 818 οἱ
3339 768 3439 829 τῆς
3473 761 3805 833 Ἐκκλησίας

2142 864 2453 938 πρόκεινται
2513 857 2790 931 νόμοιςεῖ
2841 854 2885 910 δ’
2944 856 3061 928 οὗο,
3094 853 3220 909 ἀλλ’
3271 854 3313 907 εἰ
3374 855 3448 925 μὴ
3496 854 3625 927 παρ’
3674 852 3802 923 ὑμῖν

2146 949 2427 1025 μετανοίας
2485 947 2699 1020 θεσμοὶ,
2763 943 3020 1019 ἀλλαχοῦ
3094 948 3202 999 τῶν
3279 942 3611 1013 ἐκκλησιῶν,
3676 939 3803 1006 εἶσὶ,

2140 1042 2227 1096 καὶ
2281 1036 2745 1115 προσδραμοῦμαι
2794 1034 3037 1106 ταύταις,
3068 1034 3157 1088 καὶ
3207 1034 3333 1107 παρ’
3382 1030 3599 1086 ἐκείνων
3645 1042 3807 1106 θερα-

2141 1132 2501 1201 πευθησομαι.
2526 1128 2691 1197 Ἡμῖν
2725 1126 2820 1197 μὲν
2856 1125 2946 1178 οὖν
2978 1123 3045 1177 τά
3094 1122 3229 1177 κατὰ
3278 1123 3509 1196 γνώμην
3566 1118 3802 1195 εἷ’ρηται,

2146 1223 2271 1293 ὑμῖν
2316 1216 2373 1273 δὲ
2419 1216 2673 1271 σκεπτέον
2723 1215 2785 1268 τὸ
2845 1212 3103 1283 ποιητέον
3150 1210 3575 1283 βουλευομένοις
3611 1208 3805 1280 σύναμ’

2142 1310 2348 1381 ἐκείνῳ.
2385 1310 2447 1381 [Ρ
2482 1308 2602 1379 172]
2666 1301 2809 1361 Οὐδὲ
2864 1302 2968 1377 γὰρ
3018 1302 3107 1357 καὶ
3166 1301 3328 1356 εἰσέτι
3383 1300 3638 1371 ἀνέξομαι
3693 1298 3802 1351 πά-

2142 1419 2295 1474 σχειν
2357 1395 2559 1451 ἀνίατα.
2596 1392 2779 1449 Καλὸν
2840 1392 2944 1467 γὰρ
2977 1392 3011 1460 ἢ
3046 1393 3173 1468 παρ’
3205 1392 3332 1463 ὑμῖν
3395 1388 3598 1457 ἷᾶσθαιν
3702 1393 3801 1457 ζη-

2138 1495 2248 1543 τεῖν
2304 1487 2395 1541 τὸν
2450 1486 2653 1561 τρόπον
2700 1490 2800 1553 τῆς
2859 1481 3141 1555 θεραπείας
3200 1481 3481 1551 ἑτέρωθεν.
3531 1502 3559 1529 ››
3618 1481 3801 1534 Ταῦτα

2139 1582 2235 1632 τοῦ
2290 1573 2557 1651 βασιλέως
2618 1571 3055 1642 διαλαλήσαντος
3123 1574 3241 1631 τοῖς
3312 1569 3648 1643 ἀρχιερεῦσι,
3708 1566 3801 1619 καὶ

2142 1669 2256 1720 οἷον
2312 1664 2448 1738 πρὸς
2508 1664 2575 1717 τά
2619 1668 2718 1730 τῆς
2773 1659 2953 1735 μάχης
3014 1654 3546 1734 ἀκροϐολισαμένου,
3599 1656 3799 1710 ἐκεῖνοι

2141 1753 2222 1829 ἐφ’
2251 1754 2459 1823 ἑκάστῳ
2508 1755 2615 1805 τῶν
2674 1748 2989 1824 λεγομένων
3035 1752 3152 1811 τοῖς
3208 1747 3542 1821 ἀχθομένοις
3599 1765 3799 1819 προσε-

371 1847 554 1901 Ταῦτα
582 1844 761 1897 τοίνυν
789 1842 1224 1916 ἐνθυμουμένους
1257 1842 1339 1899 δεῖ
1366 1845 1455 1899 καὶ
1504 1844 1642 1917 ὑμᾶς
1686 1848 1765 1916 τῷ
1824 1841 2019 1915 δίκαίῳ
2054 1872 2101 1936 Β
2140 1844 2346 1903 οικότες
2379 1838 2543 1910 δῆλοι
2573 1841 2707 1909 ἦσαν
2741 1840 2807 1892 τὰ
2836 1836 2974 1911 πρὸς
3028 1836 3254 1912 βασιλέα
3296 1840 3392 1891 τοῦ
3447 1835 3794 1908 πατριάρχου

367 1939 469 2003 τῆς
534 1930 811 2008 βασιλείας
861 1932 1250 2009 συμπράττειν,
1310 1934 1399 1987 καὶ
1462 1936 1537 2007 μὴ
1590 1932 1732 1988 οὕτω
1789 1953 2025 2005 καταμε-

373 2021 487 2077 λεῖν
545 2024 707 2095 ἡμῶν
759 2022 847 2077 ἐπὶ
902 2027 1161 2077 τοσοῦτον
1222 2022 1623 2099 ἀπαγχομένων
1678 2027 1795 2084 τοῖς
1870 2019 2028 2094 λογι-

369 2227 512 2292 ctat,
530 2223 633 2279 illa
649 2222 849 2278 statim
873 2222 1119 2294 excipiet
1142 2222 1271 2277 vitae
1294 2238 1443 2290 sors,
1479 2238 1597 2294 qua
1623 2222 1716 2277 vix
1747 2222 1923 2278 homo
1947 2223 2019 2277 de

368 2312 539 2384 vulgo
562 2316 877 2368 contentus
899 2312 1153 2383 degeret.
1183 2312 1315 2375 Quae
1337 2328 1443 2383 ego
1488 2312 1631 2367 dum
1658 2317 1887 2383 reputo,
1913 2313 2019 2367 eisi

372 2403 527 2458 haud
547 2400 848 2473 prtefracte
870 2399 1068 2455 iverim
1095 2400 1323 2455 inﬁcias
1346 2400 1541 2456 inesse
1574 2401 1823 2456 fortasse
1846 2401 2020 2473 spiri-

371 2489 591 2547 tualem
623 2490 968 2562 patriarchae
1014 2491 1387 2562 prudentiam
1422 2491 1481 2546 in
1512 2490 1645 2545 aliis
1674 2490 2021 2562 plerumque

368 2598 495 2654 quae
528 2578 873 2652 praescribit,
896 2584 1092 2636 tamen
1122 2580 1334 2635 adduci
1358 2596 1623 2651 unquam
1648 2596 1933 2651 nequeam
1961 2585 2024 2636 ut

369 2671 604 2727 credam
629 2668 983 2740 posseillum
1010 2669 1154 2724 mihi
1182 2672 1344 2739 juste
1375 2687 1441 2724 ac
1474 2670 2019 2741 sapientertantum

369 2760 858 2815 detrimentorum
918 2776 985 2815 ac
1048 2758 1476 2826 calamitatum,
1555 2765 1847 2831 quantum
1910 2760 2021 2816 ista

369 2847 870 2921 perniciosissima
896 2847 1149 2903 fortunis
1177 2848 1473 2921 capitique
1498 2863 1627 2903 meo
1659 2866 1725 2903 ac
1755 2866 2021 2905 meorum

364 2937 761 2993 exauctoratio
794 2938 1073 3004 continet,
1128 2954 1307 3008 pinnae
1358 2938 1595 2993 nomine
1654 2938 2021 2995 medicinalis

368 3032 466 3083 aut
487 3026 837 3099 poenitentiae
855 3026 1134 3081 salutaris
1157 3027 1350 3097 specie
1372 3026 1703 3097 injungere.
1732 3026 1839 3081 Ubi
1864 3028 2021 3083 enim

372 3117 657 3185 locorum,
705 3132 823 3187 qua
855 3115 912 3170 in
948 3120 1141 3187 gente.
1186 3116 1299 3172 tale
1351 3116 1675 3188 quidquam
1727 3117 2025 3173 exstitisse

372 3208 544 3262 fando
573 3222 834 3277 unquam
866 3204 1201 3260 audivimus
1230 3206 1257 3260 ?
1295 3210 1351 3260 et
1382 3206 1551 3275 cujus
1583 3206 1843 3261 tandem.
1868 3208 2021 3277 quod

2137 1930 2380 1993 συνόλως
2414 1931 2515 1984 οὐκ
2546 1926 2971 2004 ἀποδεχόμενοι,
3003 1927 3093 1980 καὶ
3122 1923 3209 1979 διὰ
3258 1928 3419 1979 τοῦτο
3460 1922 3645 1979 πολλὰ
3701 1922 3791 1977 καὶ

2138 2019 2291 2075 αὐτοὶ
2349 2016 2689 2093 προτιθέντες
2737 2016 2827 2071 καὶ
2878 2016 2991 2088 ἅμα
3068 2012 3397 2089 συνείροντες
3477 2011 3788 2088 θεραπεύειν

2132 2219 2370 2292 cipitem
2405 2218 2657 2288 dejicere
2704 2220 3042 2287 conaretur,
3075 2219 3237 2271 tanto
3270 2214 3543 2271 miserius
3572 2229 3788 2269 sensu-

2132 2326 2263 2365 rum
2314 2307 2735 2376 calamitatem,
2780 2310 3000 2379 quanto
3045 2321 3175 2360 eam
3217 2304 3573 2377 experientio
3620 2304 3790 2374 prius

2132 2401 2455 2471 degustatae
2488 2397 2547 2451 in
2570 2412 2850 2468 suprema
2880 2398 3168 2467 potestate
3200 2393 3497 2449 felicitatis
3528 2392 3792 2447 acerbio-

2131 2504 2255 2544 rem
2298 2485 2942 2557 intolerabilioremque
2975 2483 3347 2539 reddiderit?
3397 2486 3614 2537 Prmter
3642 2480 3794 2541 hrsc.

2133 2577 2181 2634 si
2202 2577 2357 2649 quod
2386 2576 2715 2631 humanum
2735 2574 2974 2645 majoris
2998 2572 3281 2629 momenti
3310 2572 3614 2643 negotium
3642 2573 3793 2625 heus

2133 2664 2416 2737 peculiari
2463 2681 2602 2719 cura
2655 2663 2957 2734 dignatur,
3008 2660 3364 2717 evectionem
3416 2659 3673 2729 alicujus
3729 2658 3790 2712 in

2130 2754 2446 2827 imperium
2480 2770 2601 2809 rem
2633 2769 2785 2817 esse,
2822 2751 3022 2823 utique
3055 2750 3148 2806 cui
3172 2765 3407 2822 semper
3436 2748 3793 2803 interveniat

2134 2846 2456 2903 studiosior
2501 2843 2700 2916 aliqua
2742 2842 3013 2898 Numinis
3066 2840 3447 2914 providentia,
3504 2838 3681 2910 vulgo
3733 2846 3791 2895 et

2135 2934 2341 2990 merito
2410 2932 2836 2989 existimamus.
2872 2932 3033 2995 Quod
3082 2929 3266 3002 igitur
3304 2929 3502 2984 divino
3543 2928 3789 2985 consilio

2134 3026 2434 3080 decretum
2473 3024 2866 3095 elfectumque
2908 3020 2986 3077 sit
3034 3037 3301 3076 revocare
3344 3036 3409 3075 ac
3452 3019 3788 3075 rescindere

2133 3117 2434 3173 hominem
2463 3115 2681 3184 conari,
2708 3114 2842 3187 quis
2866 3130 2981 3169 non
3004 3114 3163 3169 videt
3180 3129 3357 3184 quam
3382 3111 3787 3179 temerarium,

2135 3224 2313 3280 quam
2349 3206 2672 3262 insolenter
2694 3220 2997 3275 arrogans,
3031 3219 3208 3274 quam
3235 3202 3487 3273 denique
3520 3200 3794 3255 audenti—

367 3295 545 3352 veluti
585 3297 741 3352 254
788 3294 1086 3366 exemplar
1136 3295 1309 3349 fuerit
1362 3295 1637 3365 intuitus,
1679 3296 2024 3352 auctoritate
2057 3298 2098 3363 C
2141 3300 2253 3354 bus
2294 3296 2689 3369 periculosum
2732 3295 2957 3350 censeri
3011 3292 3266 3348 debeat?
3310 3292 3441 3347 Hazc
3483 3291 3791 3346 vobiscum

367 3384 596 3459 probati
628 3384 774 3439 alias
808 3384 945 3439 facti
997 3388 1223 3439 tantam
1255 3384 1433 3439 istam
1486 3400 1545 3439 se
1590 3386 1816 3455 putavit
1847 3402 2022 3440 excu-

367 3491 498 3531 sare
530 3490 721 3545 posse,
756 3477 858 3527 aut
886 3472 1064 3527 etiam
1089 3473 1528 3542 commendare,
1555 3471 1870 3528 novitatem
1890 3474 2020 3529 ‘?An

366 3563 555 3619 nescit
586 3562 636 3616 ei
670 3561 768 3632 qui
799 3577 867 3615 ex
906 3561 1029 3615 vita
1062 3561 1285 3631 privata
1334 3562 1391 3614 in
1434 3560 1754 3633 imperium
1787 3568 2021 3618 evectus

368 3650 768 3724 principatum
810 3648 991 3704 semel
1028 3649 1443 3719 degustaverit,
1480 3666 1595 3704 non
1638 3649 1811 3705 aliam
1846 3668 2020 3722 quam

370 3756 505 3795 cum
567 3738 1028 3811 presentissimo
1079 3739 1457 3808 conjunctam
1507 3739 1713 3795 mortis
1762 3741 2024 3812 periculo

368 3828 765 3884 conditionem
800 3826 1029 3882 ostendi
1080 3826 1324 3882 fortunae
1357 3828 1569 3898 prioris
1616 3830 2026 3884 resumendae?

370 3917 996 3991 plurimorumi'etenim
1023 3933 1255 3989 semper
1277 3916 1510 3973 insidiis
1533 3918 1897 3991 principatus
1921 3920 2022 3973 ob-

369 4008 632 4063 sidetur:
694 4005 1107 4078 plerorumque
1172 4022 1306 4061 vero
1339 4006 1710 4061 subditorum
1774 4008 1917 4063 ﬁdes
1968 4012 2023 4063 et

370 4114 538 4153 amor
565 4096 625 4151 in
649 4096 975 4168 principem
1008 4111 1159 4150 vana
1178 4095 1465 4151 duntaxat
1487 4097 1797 4167 superficie
1830 4101 2023 4151 osten-

365 4188 465 4242 tati
501 4187 755 4242 exterius
787 4184 1055 4256 obsequii
1080 4188 1238 4239 totus
1256 4185 1640 4255 expromitur,
1668 4188 1829 4241 intus
1862 4187 2010 4242 nihil

364 4276 586 4332 habens
619 4274 814 4330 solidi.
849 4277 1036 4339 Quare
1061 4288 1300 4328 necesse
1344 4278 1433 4329 est
1482 4291 1614 4329 eum
1666 4292 1700 4329 a
1749 4292 1865 4347 quo
1895 4277 2019 4332 vio-

364 4366 540 4421 lando
573 4364 697 4419 sola
728 4363 1054 4418 reverentia
1084 4363 1393 4433 potestatis
1430 4364 1562 4419 odia
1598 4364 2018 4421 malevolorum

364 4455 688 4521 coercebat,
720 4469 855 4507 cum
895 4451 1156 4523 primum
1193 4452 1448 4507 nudatus
1492 4454 2019 4526 prmeidioimperii

364 4543 496 4599 telis
530 4541 763 4596 invidias
798 4542 971 4595 fuerit
1013 4541 1301 4611 objectus,
1334 4543 1407 4597 iis
1447 4542 1772 4598 insultihus
1814 4544 2013 4614 impeti

2133 3387 2282 3445 255
2320 3390 2682 3457 reputantes,
2742 3399 2969 3453 aequum
3033 3387 3145 3450 est,
3201 3382 3426 3448 Patres,
3488 3381 3628 3435 dare
3689 3396 3795 3435 vos

2130 3492 2366 3549 operam
2398 3479 2462 3528 ut
2486 3472 2809 3544 imperialis
2835 3471 3163 3543 dignitatis,
3189 3475 3363 3541 prout
3386 3470 3472 3525 fas
3508 3470 3799 3541 piumque

2129 3572 2237 3632 est,
2274 3566 2422 3621 ratio
2453 3564 2764 3630 habeatur,
2798 3578 2985 3632 neque
3019 3560 3313 3632 negligere
3347 3576 3451 3615 nos
3483 3560 3789 3629 tantojam

2129 3665 2391 3727 tempore
2427 3654 2639 3709 misere
2669 3666 3004 3723 suspensos
3036 3658 3209 3721 atque
3240 3653 3559 3703 aestuantes
3593 3649 3789 3717 inopia

2131 3743 2385 3800 consilii.
2421 3742 2572 3808 Quid
2605 3741 2900 3795 enimvero
2922 3739 2949 3794 ?
2981 3755 3053 3794 an
3098 3755 3215 3793 non
3256 3738 3328 3792 ab
3373 3736 3629 3792 Ecclesia
3661 3753 3785 3807 pcn-

2130 3835 2441 3889 nitentiam
2480 3831 2604 3885 dari
2640 3828 3022 3901 poscentibus
3064 3826 3373 3882 deﬁnitum
3427 3826 3564 3881 est?
3596 3842 3789 3880 nonne

2130 3924 2238 3977 hoc
2270 3922 2409 3977 olim
2445 3921 2573 3991 ejus
2615 3918 2775 3990 leges
2808 3917 3017 3972 divinas
3058 3915 3432 3972 sanxerunt?
3462 3932 3578 3970 non
3618 3916 3787 3985 juxta

2126 4030 2227 4068 eas
2252 4011 2514 4083 quotidie
2538 4011 2793 4081 quisque
2816 4013 3072 4063 vestrum
3102 4023 3489 4079 quoscunque
3520 4023 3673 4077 opus
3696 4013 3790 4060 est

2128 4099 2393 4172 (plurimi
2426 4104 2620 4154 autem
2652 4097 2981 4153 offeruntur
3011 4095 3180 4166 tales)
3204 4096 3656 4168 praescribendis
3688 4112 3793 4149 sae

2128 4188 2565 4245 tisfactionibus
2596 4187 2817 4242 curatis
2837 4187 2865 4242 ?
2888 4204 2958 4241 an
2986 4186 3169 4257 pejori
3200 4185 3533 4241 conditione
3566 4185 3791 4256 princi-

2129 4296 2227 4352 pes
2264 4278 2453 4334 sunt?
2484 4295 2555 4332 an
2590 4276 2723 4331 illos
2757 4293 2905 4331 unos
2935 4275 3195 4331 Ecclesia
3227 4275 3298 4330 ab
3333 4274 3651 4329 universali
3681 4291 3795 4329 sua

2126 4370 2181 4425 id
2246 4369 2398 4423 filios
2448 4365 2820 4437 indulgentia
2876 4370 3150 4435 exceptos
3208 4363 3597 4436 exclusosque
3634 4363 3793 4432 vult,

2129 4476 2232 4514 nec
2260 4458 2455 4529 legum
2478 4456 2755 4511 omnibus
2787 4455 3040 4510 latarum
3068 4454 3181 4508 frui
3206 4454 3484 4509 beneﬁcio
3518 4453 3789 4524 patitur?

2131 4547 2496 4619 llespondete
2544 4561 2685 4600 num
2725 4545 2807 4598 ita
2838 4545 2953 4613 sit;
3009 4542 3324 4608 declarata,
3367 4542 3633 4613 inquam,
3669 4559 3787 4598 non

361 4632 451 4689 vel
484 4631 671 4729 palam
696 4632 1169 4729 oppugnantium
1193 4630 1278 4684 vel
1302 4630 1452 4686 clam
1482 4633 1800 4687 faventium
1834 4650 2016 4704 oppu-
2048 4667 2093 4729 Β
2125 4653 2252 4692 esse
2285 4637 2440 4707 apud
2473 4652 2573 4690 vos
2608 4633 2966 4705 poenitentiae
3015 4632 3231 4697 locum,
3266 4648 3371 4687 nec
3402 4633 3587 4702 excipi
3621 4649 3654 4686 a
3683 4649 3784 4687 vo-

364 4721 709 4796 gnantibus,
742 4720 960 4792 quibus
1008 4719 1205 4775 salvus
1254 4720 1411 4775 haud
1465 4722 1654 4791 possit
1701 4722 2008 4777 obsistere.

367 4817 501 4880 Quae
533 4827 666 4867 cum
694 4826 891 4882 aequos
922 4814 981 4864 et
1029 4810 1324 4881 sapientes
1374 4826 1579 4865 omnes
1633 4811 2012 4868 mstimatores

367 4918 562 4958 rerum
626 4905 896 4971 reputare
940 4899 1094 4971 apud
1150 4915 1277 4953 sese
1326 4916 1428 4970 par
1456 4900 1665 4966 fuerat,
1700 4906 1826 4954 tum
1879 4917 2009 4959 eum

366 4991 618 5046 maxime
650 4990 747 5061 qui
774 5005 866 5043 me
897 5005 1003 5043 suo
1026 4989 1151 5059 ipse
1174 4988 1228 5041 in
1257 4988 1463 5059 primis
1497 4989 1778 5061 suffragio
1810 4992 1876 5045 ad
1904 4991 2011 5045 im-

366 5079 591 5151 perium
616 5076 912 5140 extulerit,
945 5076 1054 5131 hoc
1074 5080 1162 5131 est
1192 5076 1477 5132 invidiose
1501 5081 1557 5131 et
1588 5076 2013 5134 olfensionibus

363 5166 626 5239 exposito
651 5166 1007 5239 implicuerit
1040 5166 1294 5238 negotio.
1330 5166 1495 5221 Unde
1527 5166 1714 5237 ipsius
1745 5172 1833 5221 est
1867 5167 2013 5222 tueri

364 5256 520 5328 quod
554 5255 707 5326 fecit,
756 5272 873 5311 non
905 5260 1101 5310 autem
1151 5255 1207 5308 id
1262 5270 1453 5326 agere,
1503 5270 1633 5310 mea
1673 5260 2012 5311 exauctora-

362 5347 521 5401 tione
554 5344 923 5416 procuranda
953 5348 1009 5398 et
1040 5361 1142 5415 per
1190 5360 1319 5399 eam
1363 5344 1422 5399 in
1460 5360 1549 5399 me
1600 5345 1890 5400 armanda
1922 5344 2009 5399 in-

354 5433 966 5497 vidiaaemulorummt
987 5449 1163 5502 quem
1188 5433 1399 5488 detulit
1424 5450 1778 5505 superemus
1801 5433 2009 5501 honor,

356 5526 413 5579 in
449 5528 781 5581 extremum
816 5522 961 5576 mihi
983 5527 1244 5577 vertatur
1273 5523 1534 5579 exitium.
1562 5525 1711 5588 Quid
1742 5525 1895 5579 enim
1922 5532 2008 5579 at-

358 5614 586 5668 tinebat
616 5612 672 5666 in
706 5628 1007 5667 summum
1037 5611 1339 5681 fastigium
1367 5613 1608 5669 evehere
1632 5630 1807 5684 quem
1833 5614 2007 5685 paulo

357 5707 491 5774 post
516 5701 574 5757 in
610 5700 925 5773 perniciem
960 5698 1231 5755 ultimam
1261 5700 1567 5757 detrahere
1599 5702 1733 5757 inde
1763 5720 1829 5759 ac
1859 5720 2006 5774 prae-

2128 4726 2219 4780 bis
2251 4725 2728 4795 resispiscentem
2754 4722 2853 4794 qui
2878 4738 3079 4793 pcenas
3099 4720 3211 4775 sibi
3236 4721 3439 4776 sceleri
3474 4722 3783 4791 purgando

2128 4814 2358 4885 injungi
2378 4813 2667 4868 salutares
2693 4816 2851 4883 petat
2877 4828 2889 4865 :
2913 4816 3036 4866 tum
3059 4826 3199 4865 mea?
3220 4815 3414 4881 partes
3438 4816 3613 4864 erunt
3634 4811 3784 4865 mihi

2128 4902 2453 4967 consulere,
2486 4906 2543 4956 et
2574 4899 2711 4955 alibi
2744 4915 3003 4972 quaerere
3034 4915 3155 4954 rem
3183 4898 3575 4954 necessariam
3610 4902 3787 4971 cujus

2130 4992 2217 5046 hic
2251 4991 2415 5062 copia
2448 5007 2561 5045 non
2598 4989 2879 5060 suppetit.
2913 4988 3051 5043 Aliae
3084 4988 3216 5043 aliis
3259 4988 3317 5042 in
3351 4988 3493 5044 locis
3524 4988 3787 5045 ecclesia:

2127 5085 2307 5136 sunt:
2339 5098 2437 5135 eas
2469 5079 2667 5147 adibo,
2698 5080 2769 5133 ab
2798 5079 2867 5133 iis
2909 5078 3316 5150 paenitentiam
3350 5083 3541 5149 petam
3576 5082 3633 5133 et
3650 5095 3792 5133 con-

2126 5187 2363 5241 sequar.
2398 5167 2653 5239 Exposui
2687 5167 2853 5223 vobis
2887 5184 3101 5222 sensus
3136 5167 3382 5222 intimos
3415 5167 3598 5222 animi
3626 5167 3746 5222 mei
3776 5186 3790 5224 :

2125 5258 2622 5314 considerandum
2657 5256 2823 5312 vobis
2847 5256 3204 5326 relinquo,et
3223 5272 3357 5311 cum
3384 5257 3512 5327 ipso
3537 5256 3798 5327 patriar-

2123 5349 2235 5403 cha
2265 5348 2747 5418 consultandum,
2769 5346 2908 5419 quid
2943 5345 3067 5401 ﬁeri
3100 5346 3426 5401 conveniat.
3464 5346 3587 5401 Non
3622 5348 3786 5402 enim

2126 5438 2383 5509 amplius
2430 5437 2619 5509 patiar
2663 5453 2767 5507 pro
2814 5435 3080 5507 deposito
3133 5452 3224 5491 me
3257 5436 3454 5506 abjici.
3500 5436 3653 5505 Jam,
3688 5435 3786 5490 in-

2121 5544 2323 5597 quam,
2354 5527 2496 5596 mihi
2530 5526 2701 5597 plane
2753 5527 3051 5580 decretum
3104 5529 3194 5580 est
3225 5530 3325 5579 aut
3377 5525 3639 5594 accipere
3674 5543 3781 5580 cu-

2120 5616 2364 5671 rationis
2399 5617 2636 5671 modum
2673 5634 2705 5670 a
2736 5614 2899 5671 vobis
2933 5619 3031 5669 aut
3057 5614 3196 5670 alibi
3236 5631 3513 5685 qumrere.
3548 5638 3576 5665 »
3607 5615 3777 5670 Talia

2118 5704 2408 5777 episcopis
2431 5704 2625 5761 locuto
2648 5705 3021 5776 imperatore,
3047 5720 3112 5759 ac
3127 5721 3228 5776 per
3250 5704 3371 5759 haec
3393 5704 3560 5775 quasi
3582 5704 3779 5774 prima
