4112 6402
323 440 426 494 701
503 432 512 443 ’

1386 454 1484 506 DE
1520 451 1895 507 MICHAELE
1932 450 2379 507 PALJEOLOGO
2415 452 2549 505 LlB.
2594 452 2690 504 IV.

3638 451 3747 504 702

323 565 523 636 ἤθελον
583 569 676 623 τὸν
736 574 1053 647 κρατοῦντα.
1097 574 1169 629 Οὐ
1232 576 1339 648 μὴν
1397 572 1454 629 δὲ
1512 572 1658 630 ἀλλά
1707 578 1797 629 καὶ
1847 585 1982 639 καθ·
2011 577 2067 644 Α
2096 574 2347 650 ἠγρίαινε
2376 574 2464 629 καὶ
2507 573 2851 647 ἀμεταθέτως
2912 574 3030 649 εἶχε
3080 580 3179 643 τῆς
3239 575 3492 648 γνώμης,
3524 574 3599 636 ὡς
3654 577 3742 629 καὶ

326 661 701 731 υπισχνοῦντο
731 657 897 733 μόνον
930 663 1017 716 καὶ
1063 663 1227 717 αὐτοῦ
1263 662 1532 739 βασιλέως
1589 663 1984 738 προσπέμψαν-

323 767 417 808 τος
448 744 604 803 αὐτοὶ
634 748 702 803 τὰ
735 749 947 825 μεγάλα
979 751 1379 826 συλλήψεσθαι.

328 855 397 929 β’,
459 854 646 934 Ὅπως
723 857 814 934 τὸν
870 862 1040 934 ’τού-
1082 858 1355 934 Γαλησίου
1412 860 1612 934 Ἰωσὴφ
1687 860 1826 934 πρὸς
1890 860 1982 914 τὸν

399 926 751 1017 ¹ιτειτριάρχην
786 927 1115 985 ἀπέστελλεν
1143 933 1171 985 6
1202 926 1438 1007 κρατῶν,
1473 926 1648 1003 ζητῶν
1693 926 1848 986 Λύσιν
1887 936 1984 987 τοῦ

397 1017 729 1073 αφορισμου.

402 1105 461 1176 [Ρ
494 1106 618 1176 175]
649 1105 709 1161 Ὀ
740 1110 868 1181 γοῦν
907 1108 1162 1183 βασιλεὺς
1193 1111 1283 1165 καὶ
1333 1108 1541 1175 ἄλλους
1602 1111 1695 1184 μὲν
1748 1110 1867 1164 καθ’
1892 1106 1987 1164 ἕνα

326 1190 620 1257 πλείστους
666 1195 983 1251 ἀπέστειλεν
1036 1199 1201 1269 ἀξιῶν
1258 1200 1351 1254 τὸν
1408 1201 1675 1275 ἱεράρχην
1719 1199 1880 1255 λῦσαί
1933 1200 1984 1254 οἱ

324 1283 425 1350 τὴν
484 1281 747 1357 ἀθυμίαν,
781 1286 990 1360 ἑτοίμῳ
1050 1284 1186 1359 ὅντι,
1249 1290 1323 1353 ὡς
1380 1288 1584 1354 ἐκεῖνος
1645 1291 1985 1365 ὑπισχνεῖτο,

323 1372 387 1426 τὸ
445 1371 806 1446 κελευόμενον
866 1375 1179 1453 ἐκπληροῦν
1213 1397 1226 1409 '
1259 1379 1417 1441 τέλος
1479 1376 1535 1434 δὲ
1592 1379 1682 1433 καὶ
1739 1379 1831 1433 τὸν
1885 1385 1985 1447 τῆς

334 1463 506 1533 μονῆς
537 1465 634 1516 τοῦ
660 1462 938 1535 Γαλησίου
979 1466 1378 1540 προϊστάμενον
1411 1468 1639 1545 Ἰώσήφ,
1672 1468 1730 1529 ’ὸς
1781 1464 1847 1537 δὴ
1897 1467 1987 1522 καὶ

329 1548 609 1621 Γαλησίου
662 1554 1035 1630 φανερώτερον
1096 1555 1367 1629 ἐκαλεῖτο,
1400 1555 1568 1634 ἄνδρα
1623 1558 1989 1629 πνευματικὸν

329 1639 419 1695 καί
475 1641 551 1703 εἰς
606 1643 813 1715 πατέρα
867 1646 1200 1721 τεταγμένον
1244 1651 1325 1719 τῷ
1358 1646 1595 1723 βασιλεῖ,
1629 1645 1986 1702 ἀποστέλλων

328 1726 714 1799 κατηντιϐόλει
775 1730 1028 1808 δέχεσθαι
1087 1736 1185 1803 τήν
1223 1730 1511 1809 πρεσϐείαν
1565 1735 1655 1791 καὶ
1714 1756 1987 1812 συγκατα-

327 1818 500 1873 νεύειν
554 1824 624 1894 τῇ
682 1821 920 1893 ἀξιώσει.
948 1821 1108 1880 Ἀλλ’
1157 1825 1185 1879 6
1236 1827 1587 1901 πατριάρχης
1642 1824 1830 1881 πολλὰ
1890 1825 1987 1898 μὲν

332 1908 481 1982 παρὰ
508 1913 617 1963 τῶν
650 1910 953 1985 ἀρχιερέων
999 1912 1130 1987 ὑπὲρ
1187 1918 1285 1969 τοῦ
1344 1912 1619 1979 Βασιλέως
1677 1915 1989 1987 ἱκετευόμε-
2019 1934 2064 1998 Β

329 2016 440 2061 νος,
472 1995 546 2057 ὡς
576 1995 675 2051 οὐκ
705 1995 850 2067 ἄξιον
884 1997 1154 2074 λεγόντων
1216 2001 1389 2065 οὕτως
1446 2000 1534 2056 ἐπὶ
1592 2006 1851 2057 τοσοῦτον
1907 2006 1987 2072 τῷ

330 2083 596 2157 ἐπιτιμίῳ
628 2085 1000 2161 συνίσχεσθαι,
1033 2086 1222 2144 πολλά
1273 2088 1331 2145 δὲ
1377 2090 1467 2146 καὶ
1525 2090 1671 2163 παρᾶ
1699 2095 1796 2146 τοῦ
1826 2111 1987 2145 πνευ-

332 2177 567 2245 ματικοῦ
626 2172 831 2229 ἐκείνου
880 2177 969 2231 καὶ
1031 2177 1174 2241 θείου
1229 2176 1424 2252 ἀνδρὸς
1467 2180 1784 2253 ἀξιούμενος
1832 2178 1985 2259 ἐφ’ᾧ

326 2262 425 2331 τὴν
459 2260 704 2317 παιδείαν
738 2262 928 2328 ἄλλως
961 2266 1281 2340 οἰκονομοίη
1314 2269 1409 2323 τὸν
1442 2266 1640 2342 δεσμὸν
1670 2268 1837 2331 λύσας
1890 2271 1979 2324 καὶ

329 2352 656 2427 προστιμῴη
692 2358 771 2426 τῷ
806 2354 1022 2429 βασιλεῖ
1050 2360 1157 2410 τῶν
1191 2356 1435 2427 εἰκότων,
1472 2358 1499 2412 ὁ
1532 2355 1705 2413 δὲκαὶ
1767 2355 1980 2431 μᾶλλον

344 2554 681 2612 velitatione
721 2557 1024 2630 auspicato
1055 2556 1345 2629 praelium,
1376 2558 1462 2614 illi
1493 2560 1565 2614 ad
1599 2557 1833 2631 singula
1871 2575 1999 2631 qua:

349 2646 503 2700 dicta
537 2646 773 2701 fuerant
802 2646 1001 2702 dolore
1032 2646 1385 2718 signiﬁcato,
1436 2647 1830 2715 declararunt,
1874 2665 2000 2721 quae

356 2751 553 2791 severe
571 2752 637 2791 ac
656 2736 802 2791 dure
825 2736 1161 2808 patriarcha
1181 2753 1320 2809 erga
1342 2737 1755 2809 imperatorem
1780 2743 2000 2810 ageret,

348 2824 462 2879 sibi
489 2825 735 2880 minime
753 2825 1008 2897 probari:
1034 2842 1101 2881 ac
1139 2832 1447 2899 propterea
1473 2831 1607 2899 post
1636 2826 1819 2883 multa
1850 2828 2000 2882 invi-

353 2930 476 2969 cem
509 2914 720 2969 collata
750 2915 1193 2988 disceptataque
1226 2921 1460 2989 paratos
1500 2934 1563 2973 se
1615 2918 2003 2973 ostenderunt

359 3003 430 3057 ad
463 3004 812 3059 offerendam
842 3006 1106 3075 Augusto
1154 3007 1463 3079 pcenitenti
1507 3006 2001 3063 reconciliationis

360 3090 535 3147 viam.
570 3092 691 3148 Non
712 3097 910 3149 tamen
942 3098 1078 3150 tunc
1100 3095 1292 3151 adhuc
1315 3095 1562 3152 ulterius
1593 3101 2003 3168 processerunt

355 3196 531 3251 quam
564 3186 626 3235 ut
658 3182 1072 3254 promitterent
1116 3200 1178 3239 se
1237 3183 1664 3241 intercessuros
1713 3186 1869 3257 apud
1901 3202 2003 3257 pa-

350 3268 668 3326 triarcham
694 3288 868 3343 quam
888 3272 1301 3329 etﬁcacissime
1317 3279 1576 3346 possent,
1597 3276 1917 3331 suadentes
1941 3280 2004 3331 ut

350 3375 454 3429 pro
487 3376 549 3414 se
581 3359 707 3431 ipse
756 3362 825 3416 de
880 3378 1025 3417 novo
1084 3362 1362 3433 allegaret
1419 3365 1490 3419 ad
1553 3381 1687 3420 eum
1742 3369 2003 3421 oratores

351 3449 674 3520 supplices,
709 3452 926 3522 quibus
956 3452 1027 3507 ad
1064 3453 1502 3525 impetrandum
1546 3456 1701 3526 quod
1736 3459 2010 3527 rogarent

351 3538 467 3610 ipsi
500 3556 561 3595 se
593 3556 699 3612 pro
728 3540 880 3596 virili
907 3545 1325 3614 cooperaturos
1348 3544 1729 3615 recipiebant.

353 3657 409 3709 2.
447 3656 511 3729 Ut
536 3657 890 3726 praepositum
920 3654 1123 3712 Galesii
1163 3657 1457 3729 Josephum
1494 3658 1571 3713 ad
1624 3659 2009 3729 patriarcham

431 3727 760 3811 allegaverit
785 3729 1109 3811 imperator,
1141 3727 1326 3800 pateris
1362 3727 1769 3786 absolutionem
1813 3732 1881 3786 ab
1908 3749 2007 3787 ea:-

426 3807 941 3855 communicatione.

426 3896 614 3963 Igitur
646 3897 968 3969 imperator
998 3914 1129 3955 cum
1163 3898 1309 3955 alios
1358 3899 1707 3972 singillatim
1741 3901 2008 3974 allegavit

356 3986 510 4042 256
545 3985 859 4057 plurimos,
892 3987 1246 4060 suppliciter
1301 4006 1479 4045 orans
1518 3989 1911 4061 patriarcham
1947 3996 2010 4045 ut

351 4090 417 4130 se
442 4091 584 4130 cura
614 4077 1013 4147 mmstitiaque
1070 4076 1318 4133 liberare
1362 4078 1726 4150 dignaretur,
1759 4080 2007 4137 offerens

352 4180 416 4219 se
448 4172 714 4234 paratum
747 4165 819 4220 ad
851 4165 1088 4237 quidvis
1110 4169 1551 4238 exsequendum
1576 4168 2005 4240 quodjuberet.

350 4253 613 4309 Tandem
646 4258 703 4309 et
728 4254 1057 4326 Josephum
1091 4256 1161 4311 ad
1185 4256 1241 4311 id
1270 4256 1435 4312 misit
1458 4258 1817 4313 monasterio
1839 4258 2005 4315 Gale-

352 4341 424 4398 sii
447 4342 853 4414 praepositum,
876 4344 1123 4399 ccenobii
1139 4345 1292 4416 quod
1314 4346 1552 4417 regebat
1574 4346 1810 4402 nomine
1832 4364 2010 4419 quam

352 4448 462 4487 suo
486 4431 672 4504 ipsius
706 4432 878 4505 vulgo
894 4433 1202 4501 notiorem,
1227 4434 1415 4491 virum
1442 4436 1810 4507 spiritualem
1829 4442 1887 4492 et
1906 4439 2003 4510 qui

351 4521 692 4591 imperatori
718 4522 902 4592 patris
928 4522 1053 4578 loco
1077 4527 1252 4587 esset,
1274 4523 1490 4596 quippe
1523 4524 1850 4595 audiendis,
1881 4528 2008 4597 ejus

355 4610 1179 4682 confessionibuapreefectus.
1205 4611 1371 4667 Hunc
1397 4629 1534 4684 ergo
1558 4631 1661 4685 pro
1684 4630 1747 4669 se
1778 4615 2007 4687 suppli-

355 4716 482 4755 cem
514 4700 794 4772 allegans,
829 4701 1135 4756 obsecrare
1167 4701 1566 4773 obtestarique
1612 4686 2004 4775 patriarcham
2042 4686 2088 4749 ί)

355 4789 575 4844 institit
597 4790 681 4845 uti
696 4790 933 4846 tandem
950 4790 1514 4847 inﬂexusinduceret
1531 4791 1589 4845 in
1605 4794 1869 4848 animum
1892 4811 2004 4849 non

355 4877 611 4951 amplius
624 4880 1143 4951 aspernaripreces
1159 4879 1717 4936 suas.Vehementer
1739 4882 1793 4935 id
1810 4881 2004 4954 ipsum

353 4968 426 5022 ab
460 4969 662 5023 eodem
688 4968 945 5039 episcopi
964 4970 1393 5025 contenderunt
1414 4974 1670 5041 orantes,
1694 4986 2005 5043 argumen-

354 5059 434 5112 tis
465 5057 642 5113 etiam
677 5058 1389 5130 adhibitis,etindignum
1404 5059 1587 5114 videri
1610 5065 2008 5117 contestantes

359 5147 683 5219 principem
716 5151 880 5203 tanto
911 5152 1171 5220 tempore
1209 5147 1323 5204 isto
1356 5148 1527 5220 quasi
1572 5150 1867 5221 ergastulo
1898 5150 2007 5205 diri

357 5234 755 5291 anathematis
787 5236 1173 5292 constrictum
1205 5237 1472 5293 detineri.
1508 5237 1766 5310 Urgebat
1812 5256 1915 5311 pro
1949 5256 2010 5295 se

356 5341 593 5396 quoque
641 5326 916 5381 ardenter
971 5343 1093 5382 rem
1153 5327 1420 5383 eamdem
1480 5327 1809 5398 spiritualis
1840 5333 2011 5384 Pater

354 5413 664 5486 supplicis,
698 5412 819 5481 ille,
854 5431 1029 5487 quem
1061 5414 1203 5485 dixi,
1235 5416 1320 5471 vir
1361 5418 1733 5487 reverendus,
1785 5419 2009 5475 demis-

351 5501 592 5557 sissime
624 5503 946 5574 deprecans
977 5504 1238 5575 suscepti
1269 5505 1362 5559 sui
1392 5504 1632 5560 nomine
1665 5510 1729 5560 ut
1755 5506 2008 5578 castiga-

351 5590 570 5646 tionem
598 5609 776 5664 quam
801 5608 1026 5663 aequam
1045 5593 1375 5662 judicasset
1407 5594 1834 5665 praescriberet,
1858 5600 1917 5651 et
1944 5613 2009 5652 ea

356 5683 665 5754 perfuncto
678 5699 733 5737 m
750 5681 1063 5737 miseratus
1084 5699 1155 5738 an
1165 5682 1481 5739 athematis
1493 5683 1724 5739 vinculo
1738 5685 2006 5741 solveret.

357 5772 546 5826 Surdo
577 5771 700 5827 haec
730 5770 1112 5829 canebantur.
1145 5772 1457 5845 Obduruit,
1491 5774 1633 5845 quin
1665 5774 1841 5831 etiam
1873 5792 2008 5832 exa-

2090 668 2208 725 τοῖς
2236 658 2623 735 πρεσϐεύοτσιν
2656 661 3010 733 ἐπιπλήττειν
3062 663 3152 717 καὶ
3209 662 3356 734 αὐτῷ
3406 660 3471 732 δή
3516 667 3597 734 τῷ
3629 665 3745 719 Ἰω-

2093 754 2202 831 σὴφ
2248 752 2503 827 γενναίως
2563 751 2804 827 ἐπέχειν,
2829 750 3114 824 τολμῶντι
3175 752 3250 814 ὡς
3309 749 3466 820 δῆθεν
3526 752 3593 807 τὰ
3646 760 3747 816 τῖς

2099 840 2370 917 βασιλέως
2412 839 2692 917 ἀναδοχῆς
2742 843 2890 917 παρὰ
2936 842 3036 910 τὴν
3078 840 3285 896 ἐκείνου
3320 840 3561 911 θέλησιν.
3594 843 3751 917 Αἰρεῖ

2094 929 2152 985 δὲ
2182 930 2270 985 καὶ
2302 930 2476 1005 λόγος
2507 932 2653 1004 παρὰ
2680 929 2919 992 πολλοῖς
2966 931 3041 992 ὡς
3090 930 3180 984 καὶ
3241 930 3612 1003 ἐπιτιμήσειεν
3670 930 3751 1007 ἐφ’

2094 1020 2140 1093 ᾧ
2175 1018 2315 1093 μηδὲ
2344 1020 2710 1093 πνευματικὸς
2744 1017 3067 1093 ἀναδέχοιτο
3105 1039 3116 1050 ·
3146 1020 3175 1073 ’ὁ
3208 1015 3274 1087 δὴ
3316 1016 3411 1072 κᾶν
3458 1019 3682 1093 γεγονὸς
3713 1021 3747 1091 ἢ

2095 1108 2383 1187 ἐφυλάχθη
2441 1108 2477 1177 ἢ
2534 1107 2624 1162 καὶ
2679 1103 2991 1183 παραϐαθὶν
3053 1106 3221 1176 ἐλύθη
3282 1106 3319 1175 ἢ
3373 1108 3462 1162 καὶ
3544 1106 3745 1161 ἄλυτον

2093 1192 2292 1269 ἔμεινε,
2323 1195 2419 1251 κᾶν
2456 1198 2533 1270 μή
2565 1197 2790 1271 γεγονὸς
2842 1195 3145 1274 ἐφημίσθη,
3178 1196 3251 1258 ὡς
3308 1195 3398 1250 καὶ
3459 1196 3484 1248 ὁ
3545 1196 3747 1273 Ἰωσὴφ

2092 1288 2533 1363 πατριαρχεύσας
2580 1285 2800 1362 ὕστερον
2860 1286 3313 1359 ἀπολογούμενος
3364 1286 3493 1359 ὑπὲρ
3551 1286 3747 1341 τούτου

2094 1372 2490 1450 διισχυρίζετο,
2524 1374 2678 1447 ὅμως
2711 1372 2888 1437 πολὺς
2929 1373 3165 1439 ἐντεῦθεν
3217 1374 3481 1451 ἀνερράγη
3534 1373 3751 1430 κλύδων

2090 1471 2160 1540 τῇ
2220 1465 2540 1538 Ἐκκλησία,
2576 1467 2651 1528 ὡς
2711 1465 2936 1541 ἰσχυρὸν
2999 1465 3396 1540 προτεινόντων
3456 1470 3563 1519 τῶν
3618 1467 3751 1539 Ἀρ-

2094 1560 2350 1610 σενιατῶν
2410 1557 2527 1611 κατ’
2582 1554 2790 1610 ἐκείνου
2874 1551 3132 1630 ἔγκλημα
3208 1554 3746 1630 πατριαρχεύσαντος

2094 1646 2462 1720 σχιζομένων.

2092 1758 2160 1826 γ’.
2192 1753 2384 1813 Ὅπως
2416 1746 2688 1828 λίϐελλος
2707 1751 3047 1828 κατηγορίας
3076 1752 3214 1828 κατὰ
3257 1755 3355 1806 τοῦ
3404 1752 3749 1826 πατριάρχου

2639 1822 2800 1895 ἐδόθη
2831 1822 2912 1897 τῷ
2927 1822 2934 1828 ’
2949 1822 3185 1899 βασιλεῖ.

2170 1914 2256 1984 [Ρ.
2294 1913 2417 1987 174]
2452 1913 2591 1970 Τότε
2618 1915 2803 1969 τοίνυν
2844 1912 3277 1988 Βοηδρομιῶνος
3307 1911 3604 1985 ἱσταμένου
3661 1911 3751 1966 καὶ

2094 2005 2202 2054 τῶν
2237 2003 2485 2072 συνήθων
2516 2006 2780 2072 νηστειῶν
2828 2001 3197 2075 τελουμένων,
3229 2002 3422 2074 ἑορτῆς
3478 1998 3755 2076 ἀγομένης

2094 2090 2501 2158 ἣνἈκάθιστον
2534 2090 2759 2161 σύνηθες
2823 2090 3129 2164 ὀνομάζειν,
3160 2094 3268 2144 τῶν
3316 2111 3399 2151 τις
3456 2093 3553 2143 τοῦ
3608 2089 3749 2158 κλή-

2098 2198 2195 2253 ρου
2227 2178 2281 2232 ἐν
2311 2179 2583 2255 νοταρίοις
2612 2184 2691 2252 τῷ
2718 2178 3036 2255 πατριάρχῃ
3066 2177 3241 2233 τελῶν
3280 2179 3413 2248 μετὰ
3448 2178 3541 2233 τὸν
3602 2181 3750 2253 σφῶν

2094 2270 2479 2344 πριμικήριον,
2539 2269 2597 2324 ’ὀν
2653 2268 2745 2323 καὶ
2804 2267 3046 2338 Μεσίτην
3107 2267 3360 2322 εἰώθασιν
3436 2268 3489 2321 οἱ
3543 2263 3748 2321 πολλοὶ

2111 2356 2470 2431 σεμνύνοντες
2529 2356 2729 2434 λέγειν,
2759 2356 3067 2427 τοῦπίκλην
3101 2352 3543 2430 Ἑψητόπουλος,
3576 2350 3769 2410 λίϐελ-

2110 2565 2382 2634 speratus
2414 2561 2807 2632 eii'eratusque
2848 2559 3036 2631 magis
3067 2564 3157 2614 est
3190 2558 3437 2613 audiens
3495 2558 3611 2612 ista
3666 2574 3766 2627 pa-

2110 2649 2385 2703 triarcha.
2421 2650 2694 2719 Adeoque
2723 2646 3123 2703 inﬂexibiliter
3151 2647 3321 2702 haesit
3359 2645 3418 2700 in
3443 2646 3767 2717 proposito,

2113 2743 2176 2793 ut
2206 2737 2380 2793 etiam
2410 2754 2479 2793 ea
2502 2742 2778 2809 rogantes
2808 2736 3166 2807 objurgaret,
3224 2740 3282 2791 et
3336 2736 3533 2807 ipsum
3590 2735 3761 2790 Jese-

2110 2827 2293 2898 phum
2326 2826 2537 2883 acriter
2566 2829 2872 2896 coerceret,
2908 2842 2972 2880 eo
3005 2823 3228 2880 scilicet
3254 2823 3486 2879 nomine
3524 2823 3693 2895 quasi
3715 2824 3765 2878 is

2111 2917 2526 2987 imperatorem
2551 2915 2848 2971 absolvere
2873 2931 3054 2970 ausus
3084 2918 3241 2969 esset
3271 2917 3472 2969 contra
3506 2913 3761 2984 patriar—

2112 3006 2232 3061 chae
2251 3004 2633 3061 voluntatem.
2659 3009 2837 3059 Fama
2864 3008 3020 3059 certe
3052 3002 3343 3059 increbuit
3393 3019 3494 3074 per
3550 3002 3765 3056 multos

2110 3096 2369 3168 vulgata,
2394 3094 2759 3167 prohibitum
2807 3092 3120 3148 interdicto
3149 3092 3407 3163 Josepho
3448 3109 3481 3146 a
3514 3091 3763 3162 patriar-

2113 3185 2225 3241 cha
2255 3185 2439 3240 fuisse
2465 3200 2537 3239 ne
2567 3183 2843 3256 deinceps
2876 3182 3003 3255 ipse
3033 3182 3454 3247 confessiones,
3507 3186 3571 3234 ut
3617 3180 3767 3235 sole-

2119 3274 2237 3344 bat,
2298 3274 2426 3344 ejus
2479 3273 2735 3343 privatas
2789 3272 3079 3343 acciperet
3135 3286 3389 3341 eumque
3420 3268 3765 3325 absolveret:

2117 3363 2282 3430 Quod
2314 3362 2720 3430 interdictum,
2751 3362 2799 3416 si
2832 3377 2965 3415 vere
2996 3360 3261 3432 contigit,
3296 3377 3369 3415 an
3392 3360 3763 3415 observatum

2114 3452 2210 3520 sit,
2245 3468 2317 3506 an
2351 3452 2409 3506 id
2452 3456 2862 3524 transgressus
2918 3449 3215 3521 Josephus
3273 3447 3765 3519 transgressionis

2112 3541 2286 3597 istius
2317 3540 2490 3595 venia
2507 3539 2823 3611 impetrata
2842 3538 3152 3594 restitutus
3168 3537 3229 3592 in
3247 3537 3543 3608 integrum
3568 3537 3763 3603 fuerit,

2113 3647 2184 3685 an
2215 3634 2510 3700 postremo
2542 3629 2763 3685 crimen
2800 3628 2960 3684 istud
3018 3627 3399 3685 contumaciae
3431 3630 3632 3682 contra
3682 3627 3767 3680 in-

2111 3718 2426 3774 terdictum
2451 3722 2509 3773 et
2538 3734 2737 3774 revera
2767 3719 3119 3774 consciverit
3140 3716 3437 3788 Josephus
3496 3720 3554 3771 et
3601 3716 3763 3771 inex-

2113 3807 2340 3880 platum
2371 3807 2428 3861 id
2464 3808 2766 3875 manserit,
2818 3808 2875 3863 in
2934 3807 3116 3863 medio
3175 3806 3529 3878 relinquam.
3592 3809 3768 3861 Fama

2113 3895 2326 3968 quippe
2357 3895 2444 3950 illi
2478 3896 2658 3967 priori
2690 3895 2990 3951 contraria
3022 3912 3229 3967 sparsa
3259 3910 3489 3965 quoque
3520 3898 3629 3961 est,
3671 3911 3766 3949 as-

2114 4002 2315 4041 serens
2346 4001 2652 4057 nunquam
2685 3985 2974 4057 perlatum
3008 4002 3039 4040 a
3072 3984 3409 4056 patriarcha
3439 3983 3556 4039 tale
3588 3984 3768 4039 inter-

2112 4074 2355 4130 dictum.
2389 4076 2461 4130 Et
2491 4074 2599 4130 hac
2653 4073 2991 4130 defensione
3042 4073 3335 4145 Josephus
3378 4072 3525 4145 ipse,
3578 4072 3765 4127 factus

2115 4166 2263 4221 257
2312 4168 2513 4235 postea
2571 4163 2925 4236 patriarcha,
2988 4163 3287 4230 utebatur,
3341 4162 3762 4218 asseverantis-

2114 4254 2260 4309 sime
2283 4253 2588 4309 afﬁrmans
2619 4268 2991 4324 nequaquam
3025 4252 3083 4305 id
3116 4250 3229 4306 sibi
3254 4250 3614 4321 prohibitum
3655 4268 3763 4305 un-

2116 4360 2293 4414 quam
2322 4361 2355 4399 a
2395 4342 2747 4415 patriarcha,
2806 4341 3346 4397 contradicentibus
3379 4338 3765 4395 nihilominus

2114 4438 2171 4488 et
2202 4434 2261 4488 in
2292 4438 2514 4489 asserto
2546 4431 3059 4505 perseverantibus
3117 4430 3453 4486 auctoribus
3511 4430 3765 4502 oppositi

2115 4522 2394 4592 rumoris,
2423 4522 2525 4593 qui
2553 4521 2613 4576 in
2671 4521 2812 4577 satis
2863 4538 3140 4593 magnam
3201 4520 3336 4576 inde
3368 4519 3766 4575 celebritatem

2118 4612 2281 4667 abiit.
2341 4612 2616 4682 Adeoque
2673 4610 2729 4665 id
2785 4627 2969 4665 unum
3002 4616 3058 4664 et
3118 4610 3495 4681 potissimum
3549 4612 3676 4663 erat
3709 4609 3767 4663 in

2118 4702 2489 4770 criminibus,
2522 4717 2649 4771 quae
2669 4699 2979 4755 Arseniani
3002 4698 3665 4770 objectabantJosepho,
3695 4700 3767 4754 ab

2117 4808 2182 4848 eo
2206 4791 2524 4847 schismate
2554 4789 2812 4845 discissi.

2118 4945 2170 4998 3.
2209 4945 2271 4999 Ut
2302 4941 2523 4998 libellus
2579 4939 2946 4996 accusationis
2976 4944 3167 4995 contra
3192 4939 3578 5011 patriarcham
3609 4938 3769 4995 datus

2716 5016 2794 5068 sit
2822 5012 3168 5084 imperatori.

2190 5149 2356 5202 Tune
2390 5147 2569 5219 igitur
2598 5148 2707 5202 sub
2744 5147 2980 5202 initium
3016 5145 3257 5217 Aprilis,
3291 5146 3576 5202 solemnis
3613 5147 3769 5218 jeju-

2120 5237 2201 5293 nii
2226 5241 2511 5308 tempore,
2535 5237 2677 5291 dum
2694 5236 2910 5291 festum
2936 5240 3203 5306 ageretur
3218 5236 3372 5306 quod
3392 5235 3768 5291 Acathistum

2118 5326 2291 5399 vulgo
2318 5327 2639 5393 nominant,
2673 5325 2911 5395 quidam
2939 5343 3008 5381 ex
3050 5324 3203 5381 clero
3249 5324 3640 5397 EpsetOpulus
3671 5342 3767 5381 co-

2119 5420 2460 5491 gnomento,
2493 5416 2553 5470 in
2586 5416 2791 5470 ordine
2821 5414 3186 5470 notariorum
3209 5416 3556 5487 patriarchae
3586 5415 3767 5470 inser-

2118 5509 2304 5578 viens,
2336 5510 2469 5578 post
2507 5505 2768 5577 ipsorum
2820 5504 3246 5576 primicerium,
3298 5521 3473 5576 quem
3522 5505 3766 5560 Mesiten

2119 5599 2242 5654 sive
2271 5596 2653 5652 mediatorem
2685 5594 2949 5667 plerique
2978 5597 3172 5652 solent
3193 5596 3387 5666 amplo
3409 5592 3645 5649 nomine
3670 5610 3767 5649 vo-

2119 5704 2271 5757 care,
2292 5684 2556 5741 libellum
2574 5702 2605 5738 a
2628 5700 2689 5739 se
2703 5684 2993 5755 digestum
3019 5683 3495 5739 accusationibus
3524 5681 3762 5754 plenum

2118 5782 2325 5849 sponte
2354 5773 2694 5847 imperatori
2724 5773 2988 5843 tradidit,
3020 5775 3196 5829 noctu
3230 5776 3362 5844 post
3401 5772 3578 5827 finem
3602 5770 3765 5843 hym-
