4112 6412
356 450 465 504 703

1662 447 1970 507 GEORGII
2007 444 2473 506 PACHYHERE

3592 426 3599 433 ’
3672 450 3783 506 704

362 574 458 630 λον
486 574 959 649 κατηγορημάτων
991 573 1181 648 πλήρη
1216 570 1540 645 συνθέμενος
1567 572 1788 645 ἀσμένῳ
1827 571 2011 647 ἐγχιιδ
2040 573 2095 640 Α
2127 570 2219 626 σὺν
2302 579 2419 636 τοῖς
2506 574 2803 649 σατράπαις
2873 575 3036 629 αὑτοῦ
3083 572 3221 629 κατὰ
3269 573 3332 628 τὸ
3386 573 3633 650 ὀρθρινὸν
3679 582 3780 646 τῆς

361 664 493 737 ρίζει
552 668 631 733 τῷ
686 662 925 738 βασιλεῖ,
956 665 1146 724 νυκτὸς
1170 663 1292 718 τότε
1343 662 1511 733 οὔσης
1575 664 1709 736 μετὰ
1755 664 1855 731 τὴν
1914 669 2015 731 τῆς

364 750 639 824 ὑμνῳδίας
672 751 1043 826 ἐκπλήρωσιν.
1078 753 1140 809 Ὁ
1191 749 1247 806 δὲ
1304 754 1430 814 τοὺς
1483 754 1898 827 παρατυχόντας
1957 750 2016 805 ἐκ

358 848 464 896 τῶν
518 847 615 896 τοῦ
675 843 889 916 κλήρου
947 842 1277 917 συγκαλέσας
1330 846 1441 915 ἅμα
1471 843 1661 916 ἠρώτα
1693 843 1859 897 εἶκαὶ
1918 842 2017 896 αὐ-

360 931 445 985 τοὶ
479 929 752 985 συνοίδασι
783 936 862 1002 τῷ
894 931 1287 1005 Ἑψητοτούλῳ
1333 934 1401 987 τά
1450 934 1500 987 οἱ
1559 933 1890 1008 πραχθέντα.
1924 932 2013 993 Ὠς

363 1017 408 1073 δ’
448 1022 549 1074 οὑκ
598 1020 663 1089 ἦν
719 1025 1036 1074 κατανεῦσαι
1100 1020 1396 1085 ἀκούοντας
1446 1022 1593 1089 πλὴν
1653 1022 1768 1083 ἑνὸς
1830 1023 1865 1091 ἢ
1922 1019 2013 1076 καὶ

362 1107 633 1181 δευτέρου,
659 1111 781 1182 περί
838 1129 896 1163 τε
952 1114 1059 1163 τῶν
1114 1108 1425 1187 κεφαλαίων
1486 1108 1882 1180 διεπυνθάνετο,
1923 1110 2012 1164 καὶ

358 1196 550 1259 ὁποίας
589 1195 670 1266 εἷή
704 1204 803 1266 τῆς
837 1196 1171 1271 ὑπολήψεως
1206 1201 1233 1254 ὁ
1263 1200 1356 1255 τὸν
1392 1196 1651 1255 Λίϐιλλον
1682 1200 2011 1276 ἐγχειρίσας.

353 1288 448 1338 Ὠ»
507 1284 605 1339 δ’²
764 1286 873 1321 ι¹σ
1028 1288 1043 1305 ‘
1168 1293 1194 1303 “
1265 1286 1381 1342 δ’δ’
1562 1288 1593 1343 ὰ
1692 1288 1707 1318 ί
1996 1288 2011 1341 ὶ

426 1329 446 1348 .,
586 1306 922 1360 εμαρτοροδν
987 1308 1081 1359 μεν
1130 1310 1207 1359 τῳ
1302 1310 1469 1343 ιοντι
1526 1312 1555 1343 τ
1646 1308 1857 1364 μετρια,
1889 1308 1987 1362 περ

358 1372 415 1428 δὲ
470 1378 575 1427 τῶν
635 1373 949 1450 κεφαλαίων
1026 1375 1423 1452 ἀπελογοῦντο,
1492 1378 1726 1453 ἀνάγκην
1781 1378 1874 1432 τὸν
1936 1377 2013 1439 εἰς

358 1464 640 1525 τοιούτους
669 1465 883 1538 ἀγῶνας
929 1463 1342 1538 ἀποδυσάμενον
1389 1466 1475 1521 καί
1522 1468 1651 1529 τοὺς
1702 1464 2011 1529 συνειδότας

359 1547 505 1628 ἔχειν
542 1552 568 1606 ὁ
608 1553 859 1627 βασιλεὺς
890 1554 1048 1617 εὑθύς
1090 1554 1319 1627 οἰηθεὶς,
1350 1556 1439 1611 καὶ
1500 1556 1574 1617 εἰς
1623 1562 1814 1631 χεῖρας
1862 1554 2009 1630 ἔχειν

352 1644 447 1697 τὸν
483 1641 699 1711 λέοντα,
729 1643 888 1717 ἀπρὶξ
922 1642 1102 1717 ε’ίχετο
1152 1650 1261 1699 τῶν
1310 1646 1651 1721 γραμμάτων
1686 1646 1775 1700 καὶ
1824 1647 2009 1720 καιρὸν

357 1731 514 1785 ἐτίθει
565 1739 665 1801 τῆς
708 1732 832 1804 περὶ
885 1734 1092 1789 τούτων
1132 1736 1387 1808 σκέψεως.
1423 1738 1516 1797 Οἷς
1577 1734 1634 1790 δὲ
1693 1734 2013 1812 κεφαλαίοις

360 1822 387 1874 ὁ
434 1816 703 1883 λίϐελλος
756 1823 1177 1897 συγκεκρότητο,
1210 1822 1326 1878 τάδ’
1352 1827 1512 1894 ἦσαν,
1541 1827 1613 1887 ὡς
1666 1826 1833 1879 εἰπεῖν
1892 1825 2011 1889 καθ’

2126 660 2383 737 λαμπρᾶς
2423 665 2511 719 καί
2566 662 2809 740 μεγάλης
2839 668 3113 740 Κυριακῆς
3143 668 3223 735 τῷ
3255 667 3573 740 πατριάρχῃ
3622 663 3779 720 λιτα-

2122 751 2331 806 νεύοντι
2392 752 2641 817 συνέλθοι
2701 775 2756 808 τε
2812 755 2904 808 καὶ
2960 753 3421 811 συλλιτανεύσειε.
3457 755 3559 811 Καὶ
3592 754 3625 808 ἃ
3682 757 3778 828 μὲν

2125 846 2203 913 τῷ
2228 837 2478 915 λιϐἑλλῳ
2510 841 2858 917 διειλήφατο,
2888 843 3055 899 ταῦτά
3082 864 3143 898 τε
3192 842 3283 897 καὶ
3340 845 3551 907 τοιαῦθ’
3578 841 3735 918 ἕτερα
3763 863 3779 879 ο

2121 934 2203 1002 τῷ
2245 932 2429 1002 μέντοι
2485 952 2547 1007 γε
2604 931 2919 1008 πατριᾶρχῃ
2977 932 3039 987 τὸ
3097 932 3348 1005 παράπαν
3407 933 3618 1006 ἀγνοεῖν
3680 934 3783 988 οὑκ

2122 1019 2212 1090 ἦν,
2246 1018 2397 1092 ὅμως
2449 1017 2507 1075 δὲ
2555 1026 2671 1093 Θεῷ
2717 1022 2780 1077 τὸ
2811 1027 2912 1075 πᾶν
2946 1020 3251 1095 ἐπιτρέπων
3284 1021 3581 1096 ἡσύχαζεν.
3612 1022 3673 1078 Ὁ
3724 1019 3782 1076 δέ

2122 1128 2186 1182 γε
2220 1107 2473 1183 βασιλεὺς
2503 1114 2611 1164 τῶν
2642 1112 2984 1185 γραμμάτων
3017 1110 3153 1180 ἅπαξ
3201 1109 3608 1183 ἐπειλημμένος
3654 1109 3783 1172 τοὺς

2122 1194 2525 1269 ἐπιδημοῦντας
2565 1204 2646 1270 [Ρ.
2681 1202 2807 1272 475]
2848 1204 2917 1271 τῇ
2950 1200 3361 1255 Κωνσταντίνου
3418 1203 3528 1253 τῶν
3587 1200 3783 1274 ἀρχιε-

2124 1286 2261 1361 ρέων
2292 1286 2731 1363 ἐπισυνῆγε,καὶ
2790 1287 2855 1359 δὴ
2918 1285 3203 1362 προῦτεινε
3265 1289 3357 1361 μὲν
3417 1286 3644 1350 ἐκείνοις
3704 1288 3782 1352 εἷς

2120 1382 2316 1452 γνῶσιν
2348 1378 2413 1432 τά
2442 1380 2761 1453 γράμματα,
2797 1377 3073 1433 ἐκοινοῦτο
3133 1375 3191 1433 δὲ
3247 1378 3393 1455 σφίσι
3447 1378 3548 1447 τήν
3593 1380 3781 1452 σκέψιν

2122 1465 2273 1531 ὅπως
2301 1467 2515 1537 ποιοίη.
2551 1468 2629 1522 Οὐ
2659 1468 2759 1542 γὰρ
2790 1470 2856 1537 ἧν
2915 1468 3233 1541 ὑπερθέσθαι
3294 1472 3524 1542 πρᾶγμα
3584 1466 3776 1523 δοκοῦν

2121 1552 2535 1629 συμϐάλλεσθαι
2592 1562 2673 1630 τῷ
2730 1562 2939 1629 σκοπῷ,
2973 1555 3068 1611 κᾶν
3130 1556 3229 1611 οὐκ
3275 1554 3451 1611 ἐδόκει
3512 1558 3776 1633 ἀποχρῶν

2121 1647 2255 1721 πρὸς
2286 1646 2349 1700 τὸ
2377 1647 2468 1700 τὸν
2510 1649 2857 1722 πατριάρχην
2894 1644 3211 1717 δεδίξεσθαι.
3245 1647 3488 1709 Ἐκεῖνος
3538 1647 3639 1723 γάρ
3687 1649 3775 1703 καὶ

2125 1738 2201 1805 μή
2256 1735 2392 1810 πρὸς
2446 1734 2745 1809 ἀπολογίαν
2801 1731 2879 1791 ἔτι
2935 1736 3279 1809 καλούμενος
3335 1734 3683 1811 ἀπελογεῖτο,
3714 1738 3775 1792 τὸ

2128 1825 2219 1899 μὲν
2252 1829 2349 1879 τοὺ
2375 1823 2623 1899 ψαλμοῦ,
2658 1825 2731 1887 ὡς
2759 1824 2920 1887 αὐτὸς
2947 1822 3030 1895 εἶή
3066 1825 3093 1879 ὁ
3124 1826 3282 1895 τάξας
3324 1830 3485 1880 τοῦτο
3534 1827 3597 1880 τὸ
3625 1828 3776 1900 πρῶ-

356 1908 580 1965 ἓκαστον
617 1930 628 1943 ·
655 1916 875 1985 πρῶτον
906 1913 968 1966 τὸ
1001 1913 1052 1966 ἐν
1086 1914 1233 1988 ἀρχῇ
1257 1916 1357 1982 τῆς
1416 1914 1674 1989 ὀρθρινῆς
1736 1912 2011 1987 ὑμνῳδίας
2044 1934 2090 1999 Β
2119 1935 2235 1987 τον,
2267 1915 2341 1977 ὡς
2372 1920 2488 1977 τοῖς
2524 1921 2791 1990 μοναχοῖς
2844 1915 3071 1985 σύνηθες
3124 1917 3206 1983 ὃν,
3241 1916 3339 1969 κᾶν
3384 1919 3452 1989 τῇ
3512 1914 3777 1986 ἐκκλησίᾳ

358 2002 450 2055 τὸν
487 2000 617 2075 ὑπὲρ
650 2005 746 2055 τοῦ
782 2001 1051 2075 βασιλέως
1083 2001 1303 2075 ψαλμὸν
1347 2002 1595 2077 ἐγκόψαι,
1626 2004 1777 2076 μόνῳ
1836 2003 1893 2058 δὲ
1934 2010 2014 2075 τῷ

360 2088 621 2164 τρισαγίῳ
650 2090 740 2144 καὶ
770 2094 850 2161 τῷ
887 2089 971 2145 ἐπ’
1002 2090 1148 2162 αὐτῷ
1184 2092 1523 2164 μνημοσύνῳ
1572 2092 1824 2147 κελεῦσαι
1874 2112 2011 2167 προ-

362 2178 703 2250 οιμιάζεσθαι
738 2198 752 2212 ο
786 2177 1032 2252 δεύτερον
1066 2180 1127 2233 τὸ
1158 2182 1508 2255 προσκεῖσθαι
1547 2187 1662 2244 τοῖς
1708 2186 1805 2235 τοῦ
1838 2182 2014 2236 Σουλ-

359 2269 454 2321 τὰν
502 2267 766 2340 εὐμενῶς,
800 2268 873 2329 ὡς
923 2270 1012 2323 καί
1063 2289 1184 2343 σφιν
1244 2267 1449 2346 ἐφεῖναι
1504 2275 1583 2342 τῷ
1642 2270 1861 2345 λουτρῷ
1916 2278 2014 2339 τῆς

363 2356 657 2427 ἐκκλησίας
718 2367 980 2431 συχνάκις
1016 2356 1359 2427 ἐλλούεσθαι,
1399 2359 1598 2432 τιμίων
1650 2362 2014 2435 χαρακτήρων

360 2451 591 2520 σταυροῦ
672 2446 845 2501 ἐκεῖσε
919 2454 1036 2510 τοῖς
1111 2451 1421 2524 μαρμάροις
1502 2450 2011 2525 ἐγκεχαραγμένων,

357 2539 683 2612 Ἀγαρηνοῖς
746 2535 862 2591 οὖσι
921 2538 1011 2592 καὶ
1068 2539 1337 2611 ἀμυήτοις
1372 2560 1385 2572 ·
1418 2541 1599 2615 τρίτον
1644 2542 1718 2603 ὡς
1770 2541 1857 2595 καὶ
1897 2546 2013 2603 τοῖς

356 2627 522 2680 υἱέσιν
552 2625 757 2681 ἐκείνου
786 2632 866 2699 τῷ
898 2625 1021 2699 ἰδίῳ
1056 2634 1288 2704 μοναχῷ
1337 2628 1685 2701 μεταδιδόναι
1717 2635 1825 2685 τῶν
1858 2633 2012 2705 ἁγια-

356 2719 575 2789 σμάτων
636 2717 962 2785 κελεύσειεν,
995 2716 1202 2791 ἄδηλον
1265 2721 1322 2775 ’ὀν
1383 2720 1429 2775 εἰ
1484 2726 1565 2793 τῷ
1623 2722 1749 2795 θείῳ
1794 2721 2011 2793 λουτρῷ

355 2805 733 2879 ἐτελέσθησαν,
764 2808 853 2862 καὶ
893 2809 957 2863 τὸ
993 2808 1079 2865 ἐπὶ
1105 2809 1341 2879 τούτοις,
1376 2811 1452 2875 ὡς
1482 2811 1510 2865 ὁ
1543 2810 1705 2874 αὐτὸς
1764 2810 2008 2866 Σουλτὰν

359 3008 566 3065 nodiae.
605 3013 928 3080 Imperator
956 3011 1290 3067 convocatis
1348 3011 1449 3082 qui
1483 3012 1625 3068 forte
1684 3018 2004 3085 prmeentes

356 3099 673 3153 adfuerunt
703 3113 733 3152 e
765 3097 941 3167 clero,
973 3099 1151 3155 simul
1174 3116 1382 3155 omnes
1405 3101 1777 3173 interogahat
1793 3104 2003 3174 ecquid

355 3203 646 3243 consensu
679 3192 736 3242 et
758 3188 1115 3244 conscientia
1171 3189 1437 3261 ipsorum
1497 3190 1889 3263 Epsetopulus
1947 3194 2005 3249 id

349 3276 583 3348 egisset.
617 3277 762 3332 Cum
813 3282 1009 3333 autem
1068 3294 1239 3335 nemo
1295 3284 1583 3335 annuerat
1639 3280 2004 3338 audientium

350 3370 561 3438 praeter
586 3382 770 3421 unum
804 3370 904 3421 aut
936 3366 1205 3436 alterum,
1264 3368 1337 3423 de
1384 3368 1661 3439 capitulis
1694 3375 2000 3439 perconta-

350 3456 543 3523 batur,
579 3454 877 3527 simulque
907 3456 1077 3526 cujus
1109 3461 1266 3513 esset
1294 3456 1749 3513 existimationis
1798 3460 1896 3529 qui
1931 3459 2004 3514 li-

350 3544 571 3599 bellum
599 3543 907 3600 obtulerat.
939 3546 1023 3599 Ad
1059 3563 1126 3600 ea
1156 3545 1383 3601 clericis
1416 3547 1603 3602 datori
1662 3548 1901 3618 quidem
1932 3549 2003 3603 li-

350 3633 487 3688 belli
516 3633 810 3688 mediocre
840 3635 1249 3690 testimonium
1294 3636 1698 3705 reddentibus,
1757 3638 2005 3695 crimina

348 3736 486 3774 vero
516 3719 957 3787 excusantibus,
983 3722 1259 3792 opinatus
1279 3722 1478 3777 statim
1505 3723 1628 3777 fieri
1664 3741 1779 3779 non
1832 3742 2003 3796 posse

351 3808 497 3879 quin
530 3808 771 3863 haberet
792 3811 1059 3866 conscios
1091 3812 1191 3882 qui
1223 3816 1455 3867 tantum
1489 3830 1551 3868 se
1595 3813 1655 3867 in
1705 3819 1999 3871 certamen

352 3900 520 3953 daret
546 3897 757 3969 cupide
787 3899 1072 3970 scriptum
1104 3900 1363 3956 oblatum
1399 3900 1606 3969 tenuit,
1631 3904 2000 3960 occasionem

350 3988 485 4043 inde
520 3987 630 4041 sibi
652 3990 1012 4044 nascituram
1037 4006 1339 4061 augurans
1359 3990 1566 4061 leonis,
1587 3994 1757 4063 cujus
1775 3999 1999 4049 tantam

350 4080 711 4149 experiretur
741 4078 1044 4148 saevitiam,
1103 4078 1164 4134 in
1212 4084 1500 4150 potestate
1558 4081 1832 4137 habendi.
1869 4083 2000 4138 Mox

348 4166 495 4221 diem
513 4167 871 4238 praescripsit
901 4169 1177 4223 examini.
1211 4169 1481 4240 Capitula
1511 4168 1707 4225 libello
1738 4187 2000 4243 compre-

346 4256 530 4312 hensa
560 4256 681 4311 haec
724 4257 903 4311 ferme
934 4262 1121 4326 erant,
1155 4259 1439 4328 primum,
1466 4276 1536 4313 ex
1566 4260 1852 4331 principio
1871 4278 1997 4317 ma-

344 4346 549 4401 tutina
577 4346 729 4402 258
764 4345 1095 4417 hymnodiaa
1153 4347 1452 4417 psalmum
1513 4365 1615 4418 pro
1646 4348 1999 4420 imperatore

347 4437 602 4490 recisum
627 4452 659 4489 a
685 4435 1286 4506 patriarcha,juhente
1312 4436 1437 4491 solo
1456 4437 1723 4509 Trisagio
1744 4442 1800 4493 et
1822 4456 2001 4511 super

347 4540 415 4579 eo
456 4523 1015 4579 commemoratione
1072 4525 1420 4595 prooemium
1480 4526 1726 4582 absolvi.
1782 4529 2000 4583 Secun-

346 4613 515 4681 dum,
549 4612 801 4667 nimium
836 4629 897 4667 se
929 4630 1288 4684 propensum
1320 4615 1741 4671 etfamiliarem
1766 4616 1995 4672 Sultani

2121 2004 2414 2074 τελεῖσθαι,
2476 2007 2566 2059 καὶ
2624 2004 2784 2067 αὐτὸς
2836 2005 3055 2075 ἆθετοίη
3118 2001 3286 2060 πάλιν
3343 2005 3417 2066 ὡς
3475 2002 3777 2079 αὐτάρκους

2125 2091 2410 2155 δοκοῦντος
2437 2091 2534 2148 τοῖ’)
2584 2094 2869 2169 τρισαγίου
2927 2094 3019 2148 σὺν
3072 2099 3152 2166 τῷ
3201 2094 3538 2168 μνημοσύνῳ
3570 2094 3645 2155 εἷς
3685 2096 3775 2148 εὑ-

2122 2189 2232 2256 χῆς
2264 2182 2612 2258 ἐκπλήρωσιν
2650 2203 2662 2215 ο
2695 2184 2784 2237 καὶ
2818 2182 3038 2244 δικαίως
3063 2181 3121 2237 ἃν
3183 2182 3666 2259 ἀπολογησόμενος
3727 2182 3773 2236 εἰ

2121 2272 2213 2325 καὶ
2268 2276 2429 2325 τοῦτο
2488 2269 2682 2341 τελοίη
2741 2272 2884 2327 οὕτω
2940 2272 3036 2326 τοῦ
3068 2269 3335 2347 βασιλέως
3366 2269 3618 2344 ἔχοντος,
3652 2274 3772 2331 πῶς

2125 2360 2182 2413 ἂν
2243 2357 2469 2422 δικαίως
2528 2359 2817 2436 ἐγκαλοῖτο
2867 2360 3125 2438 καθυφεὶς
3180 2364 3277 2415 τοῦ
3324 2358 3659 2429 παντός;τὸ
3720 2355 3777 2411 δὶ

2121 2448 2253 2512 τοὺς
2280 2454 2375 2503 τοὺ
2401 2449 2645 2505 Σουλτὰν
2680 2448 2767 2503 ἐπὶ
2794 2454 2873 2520 τῷ
2902 2453 3124 2525 λουτρῷ
3158 2447 3412 2504 λούεσθαι
3467 2448 3623 2501 αὐτὸν
3682 2447 3774 2518 μὲν

2126 2540 2254 2611 μήτ’
2282 2536 2480 2593 εἰδέναι
2526 2541 2664 2611 μήτε
2719 2538 2984 2595 κελεύειν.
3019 2563 3047 2590 ‹‹
3082 2538 3229 2600 Τἐως
3290 2536 3515 2598 δικαίως
3573 2534 3635 2590 ἂν
3692 2535 3781 2591 ὲκ-

2120 2627 2391 2682 κΛείοιντο
2422 2627 2640 2682 πάντων
2672 2626 2869 2683 ἐκεῖνοι
2902 2632 3008 2682 τῶν
3060 2625 3330 2701 λοετρῶν,
3362 2625 3473 2701 οὐχ
3518 2626 3682 2694 ἧττον
3742 2628 3777 2697 ἢ

2119 2721 2216 2773 τοῦ
2246 2720 2345 2782 τῆς
2375 2715 2694 2787 ἐκκλησίας,
2724 2716 2797 2779 ὠς
2822 2722 2929 2771 τῶν
2964 2714 3150 2772 ἄλλων
3198 2717 3337 2791 πρὸς
3396 2720 3513 2777 τοῖς
3567 2713 3778 2790 χαράγ-

2126 2829 2255 2882 μασι
2294 2811 2390 2862 τοῦ
2420 2811 2652 2881 σταυροῦ
2682 2808 2770 2862 καὶ
2824 2806 3050 2862 εἰκόνων
3112 2805 3523 2883 εὐμοιρούντων
3583 2805 3775 2881 ἁγίων.

2112 3017 2245 3069 tene
2267 3010 2625 3084 quiescebat.
2658 3009 2725 3063 At
2754 3008 3071 3079 imperator
3100 3007 3364 3064 admissa
3394 3008 3575 3065 semel
3606 3004 3768 3064 dela-

2114 3102 2274 3157 tione
2304 3098 2661 3171 scriptisque
2692 3096 3075 3153 accusatoriis
3107 3096 3379 3166 receptis,
3415 3112 3774 3169 congregra-

2114 3192 2200 3246 vit
2229 3190 2537 3262 episcopos
2565 3188 2815 3243 aliarum
2846 3185 3085 3241 urbium
3111 3186 3213 3257 qui
3255 3190 3398 3241 tunc
3429 3186 3772 3243 Constanti-

2117 3279 2315 3352 nopoli
2346 3283 2488 3335 sunt
2518 3276 2753 3349 reperti,
2786 3275 2988 3347 eisque
3016 3275 3087 3330 ad
3111 3275 3378 3330 notitiam
3407 3275 3626 3346 scripta
3653 3275 3771 3331 sibi

2116 3371 2333 3425 tradita
2356 3367 2623 3440 protulit,
2639 3370 2697 3422 et
2710 3368 2773 3420 ut
2790 3363 3183 3421 communiter
3203 3380 3407 3420 secum
3430 3364 3773 3420 considera-

2114 3464 2245 3516 rent
2274 3459 2416 3530 quid
2450 3457 2563 3513 sibi
2623 3459 2776 3511 esset
2820 3454 3157 3509 faciendum
3190 3453 3377 3525 petiit.
3425 3454 3552 3511 Non
3607 3454 3769 3511 enim

2110 3555 2237 3606 erat
2266 3565 2372 3603 cur
2391 3546 2725 3601 differretur
2746 3543 3046 3615 negotium
3071 3558 3186 3614 quo
3208 3544 3433 3598 dudum
3465 3543 3771 3615 aspirabat

2107 3641 2263 3695 viam
2297 3637 2582 3710 pandens,
2616 3634 2726 3691 etsi
2755 3651 2871 3690 non
2904 3634 3212 3689 videbatur
3234 3632 3536 3689 sufficiens
3558 3634 3629 3688 ad
3645 3638 3769 3688 ter-

2110 3728 2358 3783 rendum
2392 3725 2811 3797 patriarcbam.
2844 3721 2946 3778 Ille
3004 3722 3246 3793 quippe,
3278 3726 3581 3793 utcunque
3612 3737 3768 3778 non-

2108 3819 2249 3873 dum
2282 3816 2499 3871 citatus
2538 3814 2608 3869 ad
2637 3830 2742 3884 pro
2776 3828 2838 3867 se
2865 3812 3203 3877 dicendum,
3240 3812 3637 3881 respondebat
3657 3811 3763 3867 ob-

2100 3907 2295 3979 jectis,
2323 3907 2393 3961 ad
2419 3905 2677 3976 primum
2710 3902 2945 3973 quidem
2980 3902 3052 3956 de
3078 3899 3331 3972 psalmo,
3363 3901 3530 3955 aiens
3561 3917 3625 3956 se
3655 3918 3765 3956 au-

2106 4001 2323 4051 ctorem
2357 3994 2543 4048 fuisse
2571 3993 2743 4047 istius
2770 3989 2984 4061 psalmi
3016 3988 3122 4043 tali
3153 3994 3421 4061 tempore
3462 3989 3762 4059 cantandi,

2106 4090 2164 4141 et
2195 4099 2327 4138 cum
2360 4086 2533 4137 antea
2563 4080 2707 4135 solis
2738 4096 2771 4134 a
2802 4076 3111 4133 monachis
3150 4077 3210 4131 id
3262 4076 3388 4132 fieri
3419 4078 3762 4133 consuevis-

2106 4179 2215 4239 set,
2253 4172 2507 4244 primum
2542 4185 2605 4225 se
2636 4170 2695 4223 in
2729 4166 3000 4223 Ecclesiae
3030 4183 3203 4221 usum
3250 4165 3576 4222 induxisse.
3605 4168 3763 4224 259

2106 4264 2317 4319 Verum
2349 4260 2621 4316 eumdem
2656 4274 2719 4312 se
2750 4257 2807 4311 id
2841 4260 3047 4328 postea
3075 4255 3445 4327 improbasse
3491 4272 3765 4312 revocas-

2106 4366 2308 4421 seque,
2357 4349 2509 4419 quod
2574 4346 2843 4403 sufﬁcere
2894 4344 3191 4399 videretur
3245 4344 3579 4417 Trisagium
3624 4363 3763 4402 cum

2106 4437 2663 4495 commemoratione
2694 4436 2767 4489 ad
2800 4433 3082 4489 orationis
3133 4433 3546 4505 expletionem.
3607 4438 3763 4490 Prae-

2106 4535 2266 4584 terea
2298 4528 2345 4583 si
2377 4527 2495 4582 alia
2525 4526 2661 4581 facti
2696 4524 2873 4594 hujus
2903 4523 3168 4579 defensio
3190 4524 3439 4591 deesset,
3467 4522 3570 4578 illa
3590 4540 3652 4579 se
3676 4525 3766 4581 uti

2100 4621 2266 4689 justa
2289 4617 2553 4689 potuisse
2577 4631 2757 4686 quam
2779 4617 3122 4685 suggereret
3138 4629 3396 4684 premens
3417 4617 3610 4667 status
3652 4614 3766 4668 im-

349 4702 692 4772 praebuisse,
724 4703 868 4757 adeo
901 4681 963 4755 ul
993 4681 1056 4756 ei
1079 4707 1135 4757 et
1163 4704 1476 4758 comitibus
1507 4705 1839 4775 permiserit
1888 4724 1993 4761 εοε-
2024 4681 2072 4744 D
2100 4681 2417 4780 peratoris;
2440 4706 2539 4777 qui
2572 4681 2687 4776 quo
2712 4681 3047 4774 jurewqueri
3100 4681 3303 4773 posset
3357 4700 3663 4756 exclusum
3695 4718 3759 4757 se

345 4791 478 4863 pius
510 4791 689 4845 lavari
724 4791 781 4844 in
814 4789 1042 4847 lavacro
1074 4791 1352 4859 ecclesiae,
1382 4794 1479 4847 ubi
1515 4800 1656 4849 sunt
1694 4795 1863 4865 signa
1905 4813 1996 4850 ve-

348 4881 621 4935 uerenda:
652 4881 846 4935 crucis
877 4882 1277 4935 marmoribus
1321 4882 1638 4954 insculpta,
1699 4902 1832 4939 cum
1894 4885 1993 4941 isti

341 4975 541 5025 essent
571 4970 820 5042 Agareni
865 4975 921 5024 et
973 4970 1190 5026 Christi
1240 4972 1652 5041 mysteriorum
1709 4979 1991 5044 expertes.

351 5060 637 5130 Tertium,
666 5061 817 5131 quod
852 5060 992 5115 filiis
1022 5061 1151 5130 ejus
1182 5062 1607 5116 communicari
1660 5080 1761 5134 per
1819 5082 1990 5119 suum

346 5149 701 5204 monachum
734 5165 932 5204 sacras
966 5150 1346 5205 Eucharistiaa
1381 5150 1664 5223 reliquias
1687 5154 1991 5222 jussisset,

344 5254 477 5291 cum
511 5254 625 5291 non
658 5244 953 5294 constaret
984 5257 1055 5293 an
1084 5256 1251 5295 sacro
1285 5240 1579 5311 baptismo
1604 5242 1817 5297 initiati
1849 5243 1994 5297 fuis-

344 5332 497 5381 sent.
524 5330 924 5396 Praetereaque
957 5329 1083 5398 ipse
1114 5328 1306 5384 sultan
1360 5346 1493 5384 cum
1555 5331 1680 5385 suis
1740 5334 1994 5404 satrapis

345 5432 447 5485 per
487 5415 838 5469 matutinum
899 5418 1215 5487 splendidis
1278 5435 1619 5489 magnaeque
1679 5421 1994 5477 Dominicas

345 5502 692 5573 patriarchae
728 5504 964 5558 litanias
997 5508 1311 5561 celebranti
1357 5508 1643 5563 adfuisset
1700 5515 1757 5564 et
1815 5511 1992 5565 simul

346 5591 606 5647 Litanias
632 5592 1091 5648 recitassetilaoc
1120 5602 1177 5649 et
1204 5596 1262 5650 id
1292 5612 1478 5667 genus
1500 5597 1609 5652 alia
1642 5598 1838 5655 libello
1870 5601 1991 5656 ine-

342 5681 1033 5751 rant.Porropatriarchte
1074 5684 1227 5738 haud
1274 5702 1695 5757 usquequaque
1725 5689 1989 5759 ignotum

339 5769 467 5818 erat
497 5769 632 5834 quid
668 5774 1003 5840 gereretur:
1038 5776 1234 5827 tamen
1268 5773 1319 5828 is
1349 5777 1542 5829 totum
1581 5776 1699 5831 Deo
1750 5779 1990 5848 permit-

2105 4797 2393 4869 particula
2424 4796 2679 4867 quadam
2711 4794 3249 4849 ecclesiasticarum
3300 4808 3563 4862 precum,
3598 4796 3762 4863 post-

2105 4904 2283 4959 quam
2320 4886 2607 4958 patienter
2635 4887 2692 4939 et
2721 4882 2977 4937 demisse
3009 4880 3401 4953 acquievisset
3429 4896 3764 4935 excommu-

2105 4977 2408 5044 nicationi,
2452 4993 2571 5047 qua
2624 4974 2891 5030 omnium
2948 4986 3249 5026 sacrorum
3316 4970 3767 5042 participatione

2106 5066 2572 5123 arceretur?Ad
2631 5062 2884 5118 sultanis
2941 5060 3187 5117 comites
3245 5060 3401 5130 quod
3461 5061 3761 5128 attineret,

2105 5158 2259 5211 lotos
2290 5171 2389 5209 eos
2420 5152 2678 5209 ecclesia:
2709 5151 2917 5207 balneo
2942 5149 3164 5205 nescire
3204 5164 3287 5218 se,
3322 5164 3514 5220 neque
3544 5148 3600 5202 id
3627 5150 3760 5219 jus-

2113 5244 2580 5300 sisse.Caaterum
2613 5242 2662 5296 si
2695 5241 2948 5313 allegata
2976 5239 3123 5293 ratio
3152 5237 3390 5304 valeret,
3439 5237 3760 5293 excluden-

2105 5336 2212 5390 dos
2242 5350 2339 5389 eos
2371 5349 2501 5388 esse
2530 5332 2756 5387 cunctis
2788 5330 3007 5402 pariter
3036 5327 3201 5383 urbis
3223 5326 3471 5397 balneis,
3498 5344 3612 5383 non
3646 5328 3763 5382 mi-

2104 5439 2217 5477 nus
2248 5438 2426 5492 quam
2456 5419 2557 5475 illo
2590 5420 2745 5490 quod
2780 5418 2851 5472 ad
2882 5415 3187 5472 ecclesiam
3219 5415 3559 5486 pertineret,
3618 5431 3757 5470 cum

2105 5511 2228 5566 aliae
2261 5524 2496 5581 quoque
2540 5510 2803 5577 thermas,
2864 5510 3251 5577 praeterquam
3312 5504 3498 5575 signis
3560 5506 3756 5559 crucis

2104 5599 2412 5668 insculpta:
2446 5599 2586 5662 sint,
2611 5597 2795 5652 sacris
2826 5594 3001 5649 etiam
3038 5592 3397 5663 imaginibus
3442 5599 3754 5649 ornentur.

2102 5689 2160 5743 Si
2194 5692 2390 5743 autem
2422 5687 2479 5741 id
2513 5703 2627 5741 non
2661 5686 2858 5741 obstat
2878 5683 3202 5752 quominus
3242 5681 3337 5751 iis,
3370 5684 3755 5752 quantumvis

2101 5793 2245 5833 verm
2279 5774 2583 5845 religionis
2613 5772 2975 5844 expertibus,
3007 5786 3153 5825 usus
3185 5770 3562 5841 permittatur
3604 5771 3754 5827 alio-
