4112 6406
341 396 454 450 705

1392 397 1488 449 DE
1525 395 1899 450 MICEAELE
1937 393 2386 450 PALEOLOGO
2420 398 2556 451 LIB.
2597 398 2695 451 IV.

3663 407 3772 461 706

337 519 403 576 Εἰ
464 517 523 575 δὲ
579 517 760 574 τᾶλλα
816 516 994 596 σφίσιν
1055 520 1264 573 ἀνεῖται
1320 519 1410 573 καὶ
1440 513 1689 573 ἀσεϐέσιν
1723 515 1896 586 οὖσιν,
1926 516 2002 579 εἷς
2033 524 2086 589 Α
2115 515 2169 579 ἐς
2230 519 2392 591 μέσον
2441 521 2654 595 παριὼν
2685 520 2780 574 τὸν
2829 516 3096 576 λίόελλον
3148 521 3483 598 προῦτεινεν,
3513 525 3620 582 ὁδ’
3649 531 3773 584 ἀνε-

335 611 390 666 τί
423 615 521 666 τοῦ
549 614 650 680 τῆς
681 610 978 680 ἐκκλησίας
1027 607 1336 683 λουτρῶνος
1369 607 1839 684 ἐκδιωχοήσονται
1868 636 1881 678 ;
1933 610 2010 666 Τὸ

344 699 403 755 δὲ
448 705 529 774 τῷ
582 699 830 756 Σουλτᾶν
864 701 953 754 καὶ
984 706 1104 762 τοῖς
1147 698 1313 754 υἱέσιν
1349 701 1420 761 ὡς
1452 704 1808 774 Χριστιανοῖς
1841 717 2008 772 προσ·

341 791 596 868 φέρεσθαι
648 789 950 866 ἀρχιερέως
1005 791 1098 864 μὲν
1145 794 1548 866 μαρτυροῦντος
1581 793 1677 843 τοῦ
1730 782 2010 848 Πισσιδίας

344 877 635 942 ἀνεύθυνον
685 878 871 949 οἶμαι·
932 877 978 931 εἰ
1039 875 1084 932 δ’
1142 876 1329 938 ἄλλως
1387 874 1709 951 ἐλέγχοιντο
1765 870 2007 948 ἔχοντες,

344 967 554 1023 ἐκείνου
604 966 696 1020 καὶ
729 965 922 1047 μόνου,
955 965 1080 1021 ἀλλ’
1116 966 1216 1020 οὐκ
1242 965 1376 1037 ἐμὸν
1404 965 1468 1019 τὸ
1520 964 1943 1036 πλημμέλημα.
1983 988 2004 1014 ι

340 1055 504 1114 Ἀλλ’
564 1057 676 1130 οὐχ
734 1055 894 1109 ἱκανά
949 1060 1119 1110 ταῦτα
1160 1060 1279 1116 τοῖς
1329 1055 1468 1132 ἀμφὶ
1499 1056 1590 1109 τὸν
1627 1049 1854 1128 βασιλέα
1885 1049 2009 1107 ἐδό-

340 1167 472 1201 κουν
530 1145 627 1208 τὰς
683 1143 906 1208 εὐθύνας
963 1143 1235 1215 ἐξελέσθαι
1293 1144 1372 1216 τῷ
1449 1145 1809 1218 πατριάρχῃ,
1865 1141 2012 1196 ἀλλὰ

345 1232 575 1290 σύνοδον
631 1231 800 1302 ἤθελε
854 1240 1170 1308 συγκροτεῖν
1231 1231 1282 1303 ἐξ
1344 1233 1592 1286 ἁπάντων
1651 1236 1758 1286 τῶν
1817 1234 2010 1307 ἀρχιε-

347 1326 506 1396 ρέων,
567 1324 853 1396 παρόντων
913 1321 1142 1386 ἐνταῦθα
1199 1322 1291 1376 καὶ
1345 1326 1704 1396 πατριαρχῶν
1745 1318 1862 1389 δύο,
1915 1324 2012 1374 τοῦ

342 1435 402 1468 τε
435 1410 842 1487 Ἀλεξανδρείας
872 1411 1154 1467 Νικολάου
1203 1411 1296 1464 καὶ
1348 1415 1447 1464 τοῦ
1503 1410 1846 1484 Ἀντιοχείας
1905 1408 2013 1464 Εὐ-

347 1501 566 1574 Θυμίου.
625 1501 788 1564 ’Ὅθεν
819 1501 911 1554 καὶ
947 1497 1258 1574 βασιλικαῖς
1293 1493 1596 1562 συλλαϐαῖς
1627 1497 2014 1570 μετεστέλλετο

347 1591 478 1654 τοὺς
533 1591 812 1665 ἀρχιερεῖς
864 1587 1226 1664 πανταχόθεν,
1285 1586 1426 1645 ὥστε
1469 1587 1872 1661 παρῳχηκυίας
1915 1588 2016 1654 τῆς

351 1679 550 1756 ἒορτῆς
581 1680 954 1753 ἀνυπερθέτως
1003 1678 1241 1746 ἀπαντᾷν
1295 1677 1520 1743 πάντας,
1573 1673 1847 1748 μηδεμιᾶς
1877 1695 2016 1750 προ-

355 1770 568 1848 φάσεως
619 1767 1052 1844 ἀποχρησοῦσης
1108 1767 1246 1836 πρὸς
1288 1766 1640 1841 παραίτησιν.
1692 1767 1840 1838 Ἅμα
1885 1769 2014 1839 γοῦν

351 1858 548 1931 τελείῳ
588 1858 684 1932 ἧρι
735 1863 1058 1931 συνήγοντο,
1113 1857 1202 1910 καὶ
1244 1857 1314 1909 τὰ
1358 1855 1496 1909 κατὰ
1540 1856 1631 1909 τὸν
1665 1855 2014 1930 πατριάρχην

358 1952 702 2022 συναχθεῖσιν
735 1945 1158 2020 ἐπιμελέστερον
1187 1945 1439 2002 ἐκινεῖτο.

358 2091 422 2153 δ’.
454 2095 644 2156 Ὅπως
675 2091 764 2148 καὶ
797 2088 934 2145 ὅπου
966 2089 1262 2182 ἐζητοῦντο
1292 2089 1360 2143 τὰ
1389 2088 1523 2148 κατὰ
1551 2088 1642 2144 τὸν
1666 2089 2011 2164 πατριάρχην

1059 2164 1338 2217 Αοσένιον.

1109 2181 1226 2237 ρσεν
1239 2182 1314 2215 ιον
1325 2206 1338 2220 .

427 2306 606 2370 Τόπος
636 2304 694 2360 δὶ
720 2311 822 2375 τῆς
852 2304 1028 2360 αὐτῶν
1063 2301 1292 2358 συνόδου
1326 2304 1353 2358 ὁ
1389 2303 1674 2378 βασιλικὸς
1705 2303 2019 2376 Ἀλεξιακὸς

356 2395 639 2472 τρίκλινος
669 2395 760 2467 ἦν,
787 2393 877 2449 ’ίνα
905 2395 994 2449 καὶ
1027 2390 1381 2469 προυκάθητο
1417 2394 1514 2466 μὲν
1545 2394 1574 2448 ὁ
1620 2397 1854 2467 κρατῶν,
1889 2415 2018 2469 συγ-

358 2487 651 2555 καθέζοντο
682 2482 740 2538 Si
784 2485 871 2538 καὶ
908 2484 959 2537 οἱ
995 2489 1310 2557 μεγιστᾶνες
1356 2482 1446 2536 καὶ
1478 2481 1604 2537 ὅσον
1633 2481 1684 2538 ἐν
1719 2482 2020 2555 ἀξιώμασιν

357 2576 450 2644 ἦν,
475 2572 819 2648 συνεδρίαζον
841 2575 927 2645 [Ρ.
956 2574 1082 2644 176]
1105 2569 1150 2626 δ’
1176 2573 1227 2625 οἱ
1250 2572 1550 2647 ἀρχιερεῖς,
1579 2572 1671 2625 καὶ
1701 2576 1809 2625 πᾶν
1837 2571 1901 2625 τὸ
1921 2577 2023 2640 τῆς

361 2662 677 2740 συγκλήτου
726 2662 1077 2738 παρίσταντο.
1142 2667 1389 2729 Συνῆσαν
1431 2657 1488 2714 δὲ
1543 2658 1635 2714 καὶ
1682 2658 1788 2712 ἀπὸ
1835 2663 2021 2712 πασῶν

357 2758 466 2812 τῶν
503 2758 684 2828 μονῶν
720 2753 772 2810 οἱ
802 2747 1142 2827 προῦχοντες
1176 2751 1438 2828 μονήρεις
1471 2750 1682 2821 συνάμα
1724 2753 1841 2810 τοῖς
1871 2751 2021 2825 σφῶν

359 2827 722 2918 προεστῶσιν.
785 2838 946 2896 Ἀλλ’
997 2837 1126 2894 οὐδὲ
1180 2839 1244 2893 τὸ
1300 2827 1398 2908 τῆς
1455 2835 1736 2901 πολιτείας
1794 2835 1920 2891 ὅσον
1952 2836 2022 2906 ἦν

363 2931 652 3010 περιφανὲς
701 2930 791 2987 καὶ
851 2927 1025 3002 δῆλον
1077 2928 1238 2996 ἀπῆν.
1300 2929 1405 2984 Καὶ
1460 2928 1488 2982 ὁ
1543 2928 1638 3000 μὲν
1697 2930 2020 3002 κατηγορῶν

2113 607 2381 681 γινώσκτο
2441 607 2530 663 ἐπὶ
2589 611 2842 666 πάντων.
2903 610 3009 665 Καὶ
3071 610 3187 666 ἐπεὶ
3246 610 3420 669 ἐδόκει
3478 617 3774 691 προκαλεῖ-

2116 697 2233 750 σθαι
2285 697 2374 751 καὶ
2415 698 2506 752 τὸν
2540 697 2914 774 πατριάρχην,
2965 698 3274 772 πέμποντες
3323 709 3469 777 τρεῖς
3525 705 3618 777 μέν
3669 711 3775 761 τῶν

2116 783 2440 860 ἀρχιερέων,
2471 793 2620 862 τρεῖς
2652 784 2709 841 δὲ
2737 793 2845 841 τῶν
2883 788 3166 864 κληρικῶν
3199 793 3574 865 προσεκάλουν
3606 797 3779 850 ἀπαν-

2113 878 2352 946 τήσοντα
2397 878 2536 952 πρὸς
2582 877 2881 955 ἀπόλογον.
2931 879 2995 937 Ὁ
3034 877 3080 933 δ’
3130 881 3342 937 ἀνένευε
3383 885 3634 958 πάμπαν,
3688 887 3778 941 καί

2115 986 2174 1038 γε
2203 967 2380 1040 κρίσιν
2417 968 2510 1039 μὲν
2564 970 2639 1041 μή
2671 971 3072 1044 παραιτεῖσθαι,
3104 971 3307 1046 τρόπον
3347 971 3404 1028 δὲ
3433 975 3660 1048 κρίσεως
3689 978 3776 1031 καὶ

2115 1055 2284 1109 τόπον
2316 1057 2406 1110 καὶ
2448 1059 2716 1132 πρόσωπα
2766 1059 2977 1136 φεύγειν
3032 1060 3212 1136 ἔλεγε,
3259 1063 3349 1118 καὶ
3403 1063 3648 1138 δικαίως,
3709 1071 3782 1130 ὡς

2119 1140 2351 1207 οἴεσθαι·
2402 1148 2752 1225 πατριάρχην
2787 1148 2882 1220 μὲν
2931 1150 3032 1224 γὰρ
3061 1149 3333 1225 κρίνεσθαι
3364 1153 3636 1228 παρόντος
3687 1157 3783 1228 μὲν

2124 1231 2420 1304 βασιλέως,
2451 1234 2736 1308 παρόντων
2770 1233 2826 1290 δὲ
2862 1239 3193 1310 μεγιστάνων
3239 1240 3330 1293 καὶ
3363 1247 3664 1314 κοσμικῶν,
3694 1243 3782 1297 καὶ

2120 1317 2172 1372 ἐν
2207 1321 2552 1396 ἀνακτόροις,
2583 1323 2673 1376 καὶ
2722 1328 2890 1377 ταῦτα
2920 1325 3012 1378 καὶ
3047 1325 3316 1400 βασιλέως
3347 1327 3522 1391 οὕτως
3555 1330 3783 1406 έχοντος

2116 1408 2208 1462 καὶ
2241 1409 2315 1472 είς
2348 1409 2552 1483 ἄμυναν
2581 1410 3056 1487 προειλημμένου,
3091 1415 3190 1470 οὐκ
3221 1416 3368 1487 ἄξιον
3408 1417 3532 1473 οὐδὲ
3561 1425 3665 1474 τῶν
3702 1419 3783 1474 δι-

2117 1497 2287 1554 καίων
2337 1501 2469 1555 εἶναι
2517 1501 2580 1554 τὸ
2613 1501 2851 1573 σύμπαν.
2884 1507 3061 1557 Ταῦτα
3089 1506 3227 1577 πρὸς
3261 1505 3389 1568 τοὺς
3436 1508 3784 1582 ἀπεσταλμέ-

2118 1607 2245 1649 νους
2271 1593 2368 1642 τοῦ
2407 1592 2755 1664 πατριάρχου
2789 1589 3069 1666 λέγοντος,
3104 1597 3287 1670 γραφῇ
3324 1593 3564 1650 ἐδίδοντο
3596 1598 3660 1651 τὰ
3692 1597 3783 1652 λε-

2119 1676 2348 1763 γόμενα,
2381 1679 2454 1739 ὡς
2489 1680 2564 1750 μή
2596 1695 2648 1732 τι
2682 1681 3141 1758 συκοφαντηθείη.
3174 1683 3241 1738 Οἱ
3274 1681 3322 1737 δ’
3356 1685 3787 1763 ὑποστρέφοντες

2121 1762 2359 1834 ἐδήλουν
2393 1765 2567 1821 πάντα
2618 1770 2735 1840 μετ’
2765 1767 3059 1832 ἀσφαλείας
3101 1775 3220 1833 τοῖς
3266 1762 3642 1844 ἀποστείλασι,
3696 1778 3786 1831 καὶ

2045 1886 2093 1950 Β
2122 1853 2400 1958 ἵόΑλογος
2437 1854 2704 1913 διελύετο.
2758 1856 2936 1914 Τοῦτο
2969 1857 3050 1920 δὶς
3103 1861 3216 1915 εἶτα
3262 1861 3352 1915 καὶ
3397 1863 3514 1938 τρὶς
3563 1865 3787 1939 γεγονὸς

2124 1942 2185 1994 ἔκ
2239 1961 2402 1996 τινων
2453 1948 2754 2018 καιριακῶν
2816 1942 3232 2019 διαλειμμάτων
3293 1947 3481 2022 (ἔμελε
3535 1953 3636 2028 γὰρ
3695 1953 3787 2008 καὶ

2121 2031 2365 2086 κανόνων
2406 2029 2635 2096 ἐκείνοις
2661 2037 2887 2088 τοιαῦτα
2915 2034 3270 2111 πράττουσιν)
3319 2038 3477 2093 οὖῖὲν
3507 2041 3574 2108 ἦν
3615 2039 3785 2096 πλέον

2126 2117 2187 2173 ἐκ
2235 2119 2444 2176 τούτων
2493 2120 2576 2175 ὅτι
2639 2123 2717 2192 μὴ
2748 2123 2841 2177 τὸν
2894 2125 3239 2202 πατριάρχην
3271 2132 3646 2202 παραιτεῖσθαι
3693 2133 3784 2186 τὸν

2123 2207 2328 2282 τρόπον
2377 2213 2479 2275 τῆς
2524 2210 2777 2286 κρίσεως,
2821 2211 2951 2274 τοὺς
2985 2211 3030 2266 δ’
3075 2213 3517 2271 ἀντεπιστέλλειν
3575 2217 3784 2292 ἐκείνῳ,

2128 2298 2202 2360 ὡς
2235 2296 2724 2374 ἐπιστημονάρχου
2773 2305 2872 2356 τοῦ
2923 2301 3194 2376 βασιλέως
3237 2305 3373 2359 εἶναι
3403 2303 3790 2380 δικαιουμένου

2128 2384 2326 2449 ἐντοῖς
2370 2386 2851 2458 ἐκκλησιαστικαῖς
2902 2391 3206 2466 πράγμασι,
3265 2395 3339 2465 μὴ
3397 2391 3605 2449 δίκαιον
3659 2397 3794 2450 εἶναι

2133 2479 2264 2556 μηδ’
2297 2475 2528 2555 εὔλογον
2557 2481 2624 2535 τὰ
2651 2486 2876 2536 τοιαῦτα
2911 2482 3118 2556 μέγιστ’
3149 2480 3278 2539 ὄντα
3332 2483 3465 2560 δίχα
3503 2487 3793 2561 βασιλικῆς

2132 2569 2439 2631 ἐπιστασίας
2469 2572 2756 2634 κινεῖσθαι.

2134 2719 2189 2769 e‘.
2223 2714 2414 2776 Ὅπως
2435 2713 2492 2794 ..ὁ
2546 2711 2898 2794 πατριάρχης
2935 2712 3083 2794 ,πρὸς
3131 2714 3359 2794 βασιλέα
3402 2717 3652 2794 ἀφίκοιτο
3701 2719 3794 2777 καὶ

2431 2781 2583 2845 ὅπως
2614 2781 2760 2858 παρᾶ
2791 2781 3476 2865 μικρὸν”παραλογισθείη’.

2205 2927 2294 2982 Ἐν
2347 2923 2460 2998 ὅσῳ
2491 2923 2550 2980 δὲ
2589 2926 2740 2983 ta'vr’
2787 2923 3102 3001 ἐπράττετο,
3154 2927 3414 3000 ἐννοήσας
3465 2933 3494 2987 ὁ
3524 2935 3794 3010 πατριάρ-

370 3148 499 3188 rum
527 3129 1069 3202 lavacrorum,quid
1102 3133 1194 3185 est
1222 3143 1327 3184 cur
1365 3126 1729 3199 repellantur
1748 3128 1821 3182 ab
1845 3125 2023 3183 eccle-
2054 3133 2097 3195 (Γ,
2136 3143 2378 3183 causam
2403 3127 2736 3183 dicendam.
2761 3127 2862 3185 Ille
2884 3133 3082 3186 autem
3104 3132 3346 3189 omnino
3367 3135 3566 3191 venire
3585 3139 3798 3211 renuit,

365 3221 468 3278 eis:
516 3219 771 3278 balneo?
825 3218 1093 3290 Denique
1141 3233 1278 3273 cum
1328 3216 1561 3274 sultane
1606 3221 1663 3272 et
1707 3217 1837 3288 ejus
1887 3215 2030 3273 ﬁliis

363 3315 649 3382 tanquam
681 3326 818 3366 cum
865 3307 1222 3364 Christianis
1263 3306 1458 3378 egisse
1506 3306 2032 3379 irreprshensibile

361 3397 865 3472 videri,quoniam
894 3397 955 3452 id
988 3401 1230 3454 auctore
1258 3395 1469 3452 idoneo
1501 3395 1724 3463 fecerit,
1756 3395 2028 3467 episcopo

365 3489 640 3546 videlicet
670 3487 906 3544 Pisidia
934 3486 1084 3543 tales
1115 3486 1251 3556 illos
1280 3502 1411 3542 esse
1437 3489 1715 3542 testante.
1761 3485 1926 3549 Quod
1976 3485 2029 3540 si

359 3580 492 3649 jam
513 3579 864 3635 ostendatur
882 3592 1256 3648 nequaquam
1270 3575 1433 3646 ipsos
1445 3573 1627 3629 fuisse
1639 3572 2027 3640 Christianos,

359 3667 449 3723 illi
481 3668 596 3725 soli
629 3667 1006 3735 ascribenda,
1036 3682 1154 3721 non
1186 3664 1332 3718 mihi
1365 3664 1496 3733 ejus
1529 3663 1669 3719 facti
1697 3661 1871 3733 culpa
1903 3663 2026 3718 fue-

359 3759 459 3813 rit.
492 3758 608 3814 Sed
639 3756 726 3811 he
757 3756 1132 3812 defensiones
1191 3752 1536 3825 imperatori
1580 3768 1696 3807 non
1743 3752 2028 3807 videban-

359 3851 461 3903 tur
488 3845 855 3903 sufﬁcientes
880 3845 953 3900 ad
983 3843 1363 3916 purgandum
1409 3840 1808 3913 patriarehem
1860 3855 1873 3894 :
1924 3856 2026 3896 veo

368 3953 502 3991 rum
518 3935 778 3991 decrevit
809 3949 1168 4005 congregare
1191 3931 1372 4004 synod
1386 3946 1482 3985 um
1507 3928 1772 3984 omnium
1791 3929 2026 3984 antisti-

363 4029 516 4094 tum,
547 4023 645 4079 cui
666 4023 1020 4079 interessent
1043 4021 1160 4076 duo
1193 4019 1563 4092 patriarchae,
1594 4017 2028 4073 Alexandrinus

361 4113 640 4169 Nicolaus
670 4117 728 4168 et
755 4111 1160 4168 Antiochenus
1188 4098 1563 4180 Euthymius.
1597 4109 1802 4179 Itaque
1847 4106 2028 4177 regiis

369 4202 583 4259 litteris
605 4201 947 4258 convocavit
969 4199 1230 4271 undique
1253 4198 1536 4270 praesules
1556 4201 1622 4252 ut
1648 4201 1781 4268 post
1810 4197 2024 4251 festum

364 4293 495 4348 sine
527 4307 694 4347 mora
721 4289 1122 4356 convenirent,
1157 4287 1321 4344 nullo
1352 4291 1632 4358 praetextu
1665 4286 1738 4340 ad
1789 4301 2025 4341 recusa-

367 4381 590 4436 tionem
623 4381 781 4437 260
810 4379 1153 4435 suffectura.
1185 4375 1364 4432 Pleno
1413 4375 1601 4447 igitur
1638 4390 1771 4430 vere
1819 4390 2024 4430 conve-

370 4471 606 4536 nerunt,
637 4473 698 4524 et
725 4483 902 4523 caua
932 4464 1278 4538 patriarchae
1309 4462 1578 4519 ventilari
1617 4479 1653 4518 a
1701 4477 2026 4534 congrega-

372 4558 451 4614 tis
479 4563 570 4615 est
599 4561 812 4630 empta.

370 4659 424 4714 4.
459 4658 689 4727 Quando
713 4660 766 4712 et
811 4654 909 4712 ubi
957 4653 1258 4781 quaesitam
1305 4652 1372 4707 de
1413 4649 1748 4723 patriarcha
1792 4651 2028 4707 Arsenio

1153 4742 1178 4780 δ
1233 4765 1245 4778 .

1153 4742 1245 4780 δα.

445 4829 633 4885 Locus
666 4827 872 4900 ynodi
903 4825 1132 4897 regium
1165 4822 1499 4879 Alexiaeum
1531 4821 1858 4877 triclinium
1889 4821 2024 4891 tuit,

373 4917 446 4973 ad
486 4919 542 4973 id
583 4916 849 4973 delectus
879 4920 944 4971 ut
977 4913 1286 4987 prasidere
1320 4916 1519 4984 posset
1549 4911 1888 4981 imperator.
1923 4914 2031 4964 As-

375 5007 650 5063 sidebant
673 5011 731 5061 et
751 5004 897 5061 aulas
932 5009 1328 5074 magnales,ac
1357 5003 1646 5072 quotquot
1674 4998 1736 5054 in
1767 4997 2032 5070 dignita—

373 5095 539 5152 tibus
566 5099 752 5162 erant,
786 5093 962 5150 simul
989 5109 1124 5148 cum
1157 5089 1471 5163 episcopis.
1507 5089 1728 5144 Aderat
1751 5091 1809 5143 et
1857 5102 2030 5146 sena-

372 5189 475 5242 tus
505 5184 840 5251 universus,
874 5188 932 5238 et
961 5199 1027 5238 ex
1060 5180 1290 5237 cunctis
1323 5177 1698 5235 monasteriis
1748 5175 2029 5248 praecipui

377 5273 807 5329 monachorum
868 5288 1003 5327 cum
1057 5269 1184 5326 suis
1231 5267 1447 5339 quique
1509 5265 1872 5338 praepositis;
1923 5280 2030 5321 nec

380 5361 628 5419 aberant
653 5360 934 5417 clariores
965 5358 1435 5426 illustrioresque
1465 5355 1704 5411 civium.
1737 5355 1806 5410 Et
1853 5369 2031 5410 accu-

377 5455 540 5507 sator
562 5451 806 5523 quidem
826 5449 888 5506 in
911 5449 1171 5505 medium
1197 5446 1476 5519 prodiens
1493 5443 1762 5501 libellum
1795 5443 2027 5499 obtulit.

380 5543 436 5596 Is
466 5539 700 5596 cunctis
730 5538 1116 5596 audientibus
1145 5537 1430 5592 recitatus
1459 5537 1734 5590 est.’l‘unc
1764 5549 1900 5588 cum
1941 5548 2030 5588 esi

379 5637 468 5686 set
510 5629 704 5686 visum
767 5627 937 5685 citari
983 5627 1200 5684 debere
1257 5623 1678 5696 patriarcham,
1727 5622 2033 5678 mittentes

379 5723 504 5776 tres
530 5717 840 5792 episcopos
867 5722 926 5774 et
953 5720 1074 5773 tres
1103 5714 1351 5772 clericos
1375 5713 1575 5786 ipsum
1621 5715 1908 5768 vocarunt
1957 5712 2030 5769 ad

2059 4508 2106 4571 D

2136 3232 2272 3272 cum
2299 3217 2521 3273 diceret
2546 3217 2835 3287 judicium
2881 3219 3122 3290 quidem
3172 3220 3331 3278 haud
3382 3241 3444 3279 se
3495 3241 3790 3298 recusare,

2135 3307 2381 3361 modum
2411 3310 2612 3362 autem
2645 3310 2702 3362 et
2749 3306 2944 3362 locum
2988 3308 3201 3379 judicii
3247 3327 3651 3385 personasque
3703 3317 3792 3372 fu-

2135 3409 2306 3466 gere,
2347 3411 2380 3450 a
2415 3407 2535 3467 qua
2565 3395 2903 3469 exceptione
2925 3397 3081 3468 juris
3129 3399 3355 3471 species
3389 3417 3519 3458 non
3569 3405 3793 3462 aberat.

2135 3484 2284 3540 Nam
2318 3485 2580 3555 judicari
2631 3485 3028 3556 patriarcham
3079 3494 3365 3558 praesente
3415 3490 3791 3563 imperatore,

2135 3575 2526 3643 praesentibus
2555 3575 2945 3646 optimatibus
2964 3581 3022 3632 et
3050 3577 3437 3635 saecularibus
3499 3584 3791 3652 personis,

2134 3662 2314 3733 idque
2343 3662 2404 3718 in
2433 3663 2674 3734 palatio,
2709 3665 3038 3736 praesertim
3071 3666 3428 3739 imperatore
3453 3670 3536 3726 sic
3566 3675 3794 3728 consti-

2134 3755 2264 3806 tuto
2292 3754 2351 3806 et
2381 3750 2575 3822 palam
2610 3753 2981 3809 occasionem
3014 3753 3281 3811 vindicta
3314 3761 3606 3830 captante,
3643 3761 3796 3815 indi-

2134 3855 2318 3910 gnum
2348 3840 2679 3908 videbatur,
2702 3846 2760 3897 et
2789 3847 2910 3898 tota
2938 3860 3032 3899 res
3061 3843 3259 3916 inique
3308 3853 3666 3919 comparata.
3717 3851 3794 3906 Ea

2135 3943 2310 3999 porro
2333 3927 2610 3999 loquente
2631 3930 2964 4000 patriarcha
2995 3933 3200 3989 missis
3221 3950 3253 3989 a
3275 3939 3520 4008 synodo,
3553 3946 3794 4010 excepta

2134 4021 2276 4072 sunt
2297 4018 2516 4088 scripto
2537 4018 2716 4073 verba
2737 4019 2967 4089 ejus,ne
2990 4021 3130 4091 quid
3155 4022 3463 4080 calumniae
3479 4026 3794 4083 interveni-

2134 4114 2240 4160 ret.
2275 4107 2418 4161 Inde
2449 4107 2550 4178 qui
2582 4107 2752 4162 missi
2785 4108 3022 4163 fuerant
3046 4110 3360 4166 redeuntes
3394 4115 3464 4168 ad
3500 4117 3796 4186 synodum

2133 4199 2346 4250 cuncta
2365 4210 2435 4250 ex
2455 4196 2569 4251 ﬁde
2591 4195 2918 4252 retulerunt
2939 4198 3009 4252 ad
3033 4214 3133 4252 eos
3156 4199 3258 4270 qui
3283 4200 3586 4271 miserant,
3607 4209 3662 4260 et
3685 4222 3796 4261 cm-

2130 4289 2230 4339 tus
2259 4283 2490 4340 solutus
2521 4289 2630 4340 est.
2665 4286 2828 4341 Idem
2859 4286 3070 4342 iterum
3102 4290 3159 4342 et
3187 4290 3360 4345 tertio
3410 4297 3499 4346 est
3551 4293 3794 4366 factum,

2132 4373 2310 4429 certis
2353 4373 2678 4430 intervallis
2709 4377 2998 4448 temporis
3031 4376 3394 4449 interpositis
3431 4398 3443 4435 :
3477 4383 3800 4439 studebant

2137 4461 2295 4518 enim
2311 4463 2414 4534 qui
2429 4463 2552 4520 haec
2569 4464 2845 4536 agebant,
2870 4465 3016 4521 nihil
3036 4465 3306 4524 omittere
3323 4484 3524 4526 eorum
3545 4488 3672 4543 quae
3696 4490 3797 4530 ca-

2137 4553 2394 4608 nonesin
2409 4569 2477 4608 eo
2488 4568 2704 4625 genere
2728 4554 3138 4626 praescribunt.
3165 4556 3450 4614 Caeterum
3467 4560 3612 4615 nihll
3637 4561 3793 4618 aliud

2135 4658 2205 4698 ex
2226 4642 2376 4698 261
2406 4643 2480 4698 iis
2505 4642 3004 4699 missitationibus
3034 4647 3093 4699 et
3123 4647 3421 4719 responsis
3444 4648 3576 4703 elici
3609 4651 3798 4720 potuit

2135 4730 2252 4786 nisi
2283 4729 2598 4801 displicere
2629 4732 2973 4802 patriarchae
2999 4733 3210 4802 judicii
3245 4736 3510 4801 modum,
3543 4742 3600 4792 et
3631 4740 3702 4793 ob
3735 4739 3793 4793 id

2137 4835 2480 4890 comparere
2511 4834 2799 4876 recusare.
2831 4825 2907 4876 At
2936 4837 3063 4891 qua
3097 4821 3206 4877 hoc
3246 4827 3371 4877 erat
3414 4829 3654 4881 Patrum
3705 4843 3796 4882 re-

2137 4923 2424 4980 sponsum
2458 4907 2806 4979 patriarchm
2837 4925 2940 4980 per
2964 4911 3245 4966 remissos
3278 4911 3349 4966 ad
3384 4912 3579 4984 ipsum
3626 4933 3797 4972 voca-

2137 5003 2294 5053 tores
2325 4997 2643 5066 redditum,
2675 5013 2810 5053 cum
2843 4998 2922 5054 sit
2949 4997 3090 5054 olim
3122 4999 3521 5057 existimatum
3555 5021 3788 5076 aequum

2138 5085 2481 5158 imperatori
2513 5086 2695 5141 tribui
2727 5086 3054 5159 principem
3103 5087 3301 5144 locum
3353 5091 3412 5146 in
3462 5093 3794 5162 cognitione

2139 5191 2337 5232 rerum
2386 5174 2937 5241 ecclesiasticarum,
2993 5191 3100 5232 nec
3143 5178 3370 5248 justum
3426 5197 3532 5236 nec
3582 5185 3795 5240 rationi

2139 5270 2603 5322 consentaneum
2625 5281 2776 5333 esse,
2801 5283 2930 5338 qua:
2953 5282 3021 5323 ex
3040 5283 3108 5323 eo
3129 5283 3343 5340 genere
3373 5274 3610 5345 negotia
3639 5292 3797 5331 nunc

2141 5357 2524 5427 agitarentur,
2587 5354 2834 5410 maximi
2895 5356 3102 5428 utique
3159 5358 3443 5414 momenti
3495 5361 3635 5418 alibi
3697 5368 3800 5420 aut

2140 5445 2312 5501 aliter
2323 5460 2503 5515 quam
2517 5449 2810 5516 prasente
2822 5460 2889 5500 ac
2901 5446 3253 5517 pmsidente
3267 5448 3532 5523 principe
3558 5467 3800 5507 moveri.

2138 5556 2193 5610 5.
2231 5553 2293 5610 Ut
2341 5549 2665 5621 patriarcha
2716 5552 2787 5607 ad
2835 5555 3221 5624 imperatorem
3270 5559 3589 5621 accesserit;
3632 5564 3686 5614 et
3733 5565 3795 5614 ut

2433 5639 2642 5696 parum
2670 5624 2913 5696 abfuerit
2940 5627 3074 5698 quin
3104 5625 3465 5698 deciperetur.

2212 5714 2363 5770 Dum
2393 5716 2592 5770 autem
2623 5709 2747 5770 hac
2773 5713 2857 5771 ita
2885 5719 3251 5787 gererentur,
3300 5715 3636 5789 intelligens
3687 5735 3794 5792 pa-
