4112 6464
282 410 390 463 707

1594 402 1897 458 GEORGII
1935 401 2397 456 PACHYMERE

3601 401 3713 455 708

286 551 419 606 χης,
483 530 511 583 '6
540 527 631 582 καὶ
663 526 866 597 ἀληθὲς
897 527 985 597 ἧν,
1035 524 1109 586 ὡς
1140 521 1292 579 οὐδέν
1332 523 1475 577 ἐστιν
1497 520 1638 577 ἄλλο
1668 523 1731 576 τὸ
1760 526 1943 575 κινοῦν
1973 551 2027 616 Α
2057 521 2397 597 γαλοφώνως
2454 523 2546 576 τὸν
2606 522 2753 597 ἱερέα
2798 521 2934 577 κατὰ
2962 523 3026 577 τὸ
3057 520 3303 593 σύνηθες,
3355 522 3443 576 καὶ
3471 529 3571 592 τῆς
3604 522 3717 580 λει-

286 626 510 676 τοιαῦτα
539 621 573 688 ἢ
602 619 666 673 τὸ
705 622 802 671 τοῦ
850 620 1177 691 κρατοῦντος
1226 615 1363 687 πρὸς
1413 612 1573 667 αὐτὸν
1626 612 1948 692 ἀμυντικὸν,

291 713 379 764 ὅτε
427 709 516 763 καὶ
572 705 874 763 κινδυνεύοι
933 709 1083 777 καγῷ
1141 705 1203 758 τὸ
1256 704 1424 757 κακὸν
1482 701 1685 771 ίᾶσθαι,
1742 706 1811 775 τῇ
1851 704 1948 756 τοῦ

284 798 633 874 πατριάρχου
686 792 948 867 καταδίκῃ
990 793 1053 847 τὸ
1112 794 1249 865 πρὸς
1311 791 1515 846 ἐκείνου
1573 792 1808 865 ἀπεχθές
1856 790 1948 845 καὶ

289 886 565 964 ὀχλῶδες,
614 887 753 942 ὥστε
811 886 900 940 καὶ
960 881 1352 947 ἀπεσκευάσθαι
1403 887 1573 937 ταῦτα
1632 879 1948 956 βούλεσθαι,

286 977 529 1051 παριδὼν
590 982 760 1031 πᾶσαν
822 974 1220 1049 μικροψυχίαν,
1273 970 1449 1027 ’ίππου
1497 993 1556 1026 τε
1604 966 1815 1038 ἐπιϐὰς,
1872 972 1946 1042 μὴ

285 1070 547 1144 πρότερον
586 1065 794 1128 εἰωθὼς
850 1064 900 1134 ἐξ
950 1064 1015 1117 οὗ
1065 1065 1164 1129 τὴν
1198 1061 1606 1117 Κωνσταντίνου
1655 1056 1947 1130 κατέλαϐε,

286 1158 375 1212 καὶ
435 1153 652 1231 βασιλεῖ
705 1155 1007 1228 πρόσεισιν.
1064 1153 1273 1229 Ἡμέρα
1331 1150 1376 1205 δ’
1433 1153 1500 1221 ἦν
1558 1152 1677 1206 καθ’
1708 1156 1787 1223 [Ρ.
1824 1153 1949 1221 177]

287 1249 346 1315 ἣν
404 1247 553 1299 ταῦτ’
612 1243 905 1318 ἐπράττετο
964 1243 1333 1315 κυριώνυμος.
1392 1242 1454 1297 Ὁ
1508 1244 1641 1315 γοῦν
1696 1238 1952 1315 βασιλεὺς

286 1335 479 1409 καιρὸν
532 1334 728 1387 ἐκεῖνον
779 1331 985 1401 οἳηθεὶς
1031 1331 1315 1399 ἐπιστῆναι
1371 1330 1428 1383 ’ὸν
1477 1330 1566 1384 καὶ
1617 1328 1797 1399 ἐζήτει
1846 1330 1947 1383 πά⁹

284 1423 398 1493 λαι,
468 1423 561 1477 τὸν
620 1426 722 1487 τῆς
779 1420 1006 1483 ἀνέσεως
1064 1417 1267 1493 (ἔπειθε
1324 1420 1429 1493 γὰρ
1489 1419 1688 1473 ἐννοεῖν
1746 1418 1950 1472 τοιαῦτ’

284 1512 493 1566 ἐκεῖνον
546 1511 608 1566 τό
670 1512 715 1564 τ’
776 1507 1031 1579 ἐπιϐῆναι
1080 1507 1256 1563 ’ίππου
1308 1508 1399 1562 τὸν
1459 1506 1810 1583 πατριάρχην
1860 1505 1950 1560 καὶ

282 1602 428 1678 ποιρᾶ
484 1602 545 1655 τὸ
603 1600 830 1670 σύνηθες
890 1599 1110 1672 πρᾶξαι,
1169 1596 1234 1651 τά
1288 1618 1347 1651 τε
1398 1595 1696 1668 κινούμενα
1759 1596 1835 1659 ὡς
1895 1594 1947 1649 ἐν

286 1710 410 1766 χρῳ
469 1686 768 1758 καταδίκης
846 1686 937 1742 καὶ
1005 1687 1166 1741 αὐτὸν
1241 1688 1637 1760 γεγενῆσθαι),
1714 1684 1806 1739 καὶ
1874 1684 1948 1747 ὡς

287 1778 693 1850 ἐκμειλίξασθαι
744 1777 1103 1851 παραγένοιτο
1139 1820 1153 1844 ,
1206 1773 1558 1852 φιλοφρόνως
1619 1770 1948 1848 ὑποδέχεται

285 1867 605 1937 προσιόντα,
647 1867 737 1920 καὶ
795 1865 1051 1920 πλεῖστον
1113 1865 1236 1919 ὅσον
1299 1861 1489 1936 ὁμιλεῖ
1546 1864 1614 1917 τὰ
1672 1862 1944 1938 χαρίεντα.

284 1958 390 2018 Ὠς
433 1960 567 2029 γοῦν
623 1954 816 2030 καιρὸς
862 1962 964 2023 τῆς
1023 1956 1174 2029 ἱερᾶς
1234 1953 1577 2028 λειτουργίας
1624 1951 1821 2023 ἐπέστη
1855 1953 1946 2007 καὶ

281 2042 391 2115 ἤδη
424 2046 491 2113 ἧν
526 2045 554 2098 ὁ
601 2049 811 2118 κρατῶν
840 2044 976 2119 πρὸς
1006 2043 1069 2097 τὸ
1117 2047 1194 2113 τῷ
1221 2046 1335 2113 ναῷ
1386 2041 1693 2110 ἐπιστῆναι,
1724 2039 1944 2115 πέμψας

286 2133 492 2195 ἐκεῖνός
521 2154 644 2188 τινα
667 2138 775 2187 τῶν
807 2133 976 2187 αὐτοῦ
1006 2130 1132 2193 τοὺς
1177 2129 1265 2185 ἐπὶ
1294 2137 1393 2200 τῆς
1445 2128 1788 2205 λειτουργίας
1815 2152 1943 2185 κατ-

284 2222 665 2301 ησιραλίζετο,
726 2222 816 2276 καὶ
876 2220 1117 2276 ἐκέλευεν
1180 2222 1292 2292 ἅμα
1350 2220 1714 2291 θεασαμένους
1778 2220 1942 2274 αὐτὸν

292 2314 431 2383 μήτε
487 2312 796 2387 περιμένειν
829 2312 927 2379 τήν
974 2310 1114 2385 πρὸς
1143 2309 1239 2371 τὰς
1279 2309 1439 2384 ἆγίας
1485 2308 1697 2371 εἰκόνας
1744 2310 1944 2384 προσέ-

288 2399 472 2455 λευσιν
522 2400 687 2456 αὐτοῦ
738 2401 1216 2475 προσκυνήσοντος
1271 2400 1398 2472 μήτ’
1446 2397 1588 2454 ἄλλο
1617 2419 1669 2452 τι
1719 2418 1943 2474 περιαρ-

287 2495 522 2563 γοῦντας
594 2489 867 2563 πράττειν,
945 2486 1071 2543 ἀλλ’
1145 2487 1298 2549 εὐθὺς
1373 2487 1627 2566 ἐκφωνεῖν
1697 2489 1792 2561 μὲν
1849 2490 1941 2543 τὸν

289 2578 538 2635 διάκονον
586 2579 650 2633 τὸ
709 2577 1047 2654 Εὐλόγησον,
1092 2575 1341 2654 εὐλογεῖν
1395 2574 1453 2632 δὲ
1508 2578 1599 2632 τὸν
1652 2578 1780 2632 Θεὸν
1847 2598 1942 2651 με·

288 2780 568 2852 triarcha,
600 2780 756 2852 quod
788 2793 991 2835 verum
1022 2780 1164 2849 erat,
1198 2794 1314 2834 non
1345 2793 1475 2835 esse
1504 2777 1681 2834 aliam
1729 2778 1941 2834 horum

293 2875 562 2927 motuum
596 2887 836 2927 causam
868 2887 1043 2942 quam
1077 2870 1227 2925 iram
1259 2872 1317 2925 in
1353 2887 1414 2925 se
1445 2869 1817 2941 imperatoris
1849 2869 1942 2925 ul-

292 2961 512 3016 tionem
542 2959 890 3031 expetentis,
923 2958 983 3014 in
1016 2976 1134 3030 qua
1163 2959 1574 3030 prosecutione
1617 2958 1944 3031 periculum

293 3056 415 3106 erat
442 3066 513 3104 ne
537 3049 589 3104 is
614 3048 768 3104 malo
800 3047 957 3104 aliud
992 3049 1213 3103 malum
1243 3065 1346 3120 pro
1380 3047 1639 3103 remedio
1685 3064 1942 3121 appone—

290 3144 398 3199 ret,
436 3154 542 3193 suo
572 3136 843 3192 videlicet
886 3136 942 3191 in
990 3136 1382 3208 patriarcham
1427 3138 1561 3193 odio
1610 3141 1668 3193 et
1714 3136 1944 3193 rancori

289 3226 633 3297 patriarchas
665 3225 853 3297 ipsius
886 3224 1267 3281 damnatione
1297 3225 1669 3297 procuranda
1717 3225 1939 3281 mederi

286 3320 390 3370 aut
422 3314 618 3386 potius
644 3313 887 3385 obsequi
918 3318 1218 3386 satagens,
1248 3313 1505 3387 speravit
1535 3330 1651 3371 uno
1681 3314 1775 3370 sui
1804 3331 1938 3371 cum

287 3405 517 3460 infenso
549 3404 905 3475 imperatore
932 3419 1251 3477 congressu
1304 3403 1459 3459 istud
1511 3403 1777 3476 praeverti
1824 3403 1944 3459 dis-

291 3494 513 3549 crimen
564 3510 755 3565 posse.
809 3495 999 3558 Quare
1058 3492 1550 3564 pusillanimitate
1607 3492 1946 3565 posthabita

291 3600 507 3654 equum
541 3582 857 3649 inscendit,
896 3582 1177 3637 desuetus
1208 3582 1265 3636 id
1301 3582 1489 3638 facere
1530 3583 1657 3652 jam
1706 3599 1775 3637 ex
1827 3599 1942 3654 quo

290 3670 860 3741 Constantinopolim
891 3670 1222 3739 advenerat,
1261 3675 1319 3726 et
1348 3670 1762 3742 imperatorem
1795 3672 1939 3726 adit.

287 3760 419 3815 Dies
453 3777 570 3831 qua
602 3759 724 3815 haec
751 3763 915 3830 gesta
950 3762 1091 3814 sunt
1119 3759 1427 3815 Dominica
1458 3761 1796 3833 erat.Igitur
1826 3760 1942 3816 im-

287 3853 521 3920 perator
543 3852 707 3902 ratus
730 3852 992 3919 optatam
1017 3848 1119 3903 diu
1140 3848 1250 3903 sibi
1266 3848 1678 3905 remissionem
1704 3849 1942 3906 anathe-

292 3938 467 3993 matis
491 3937 559 3991 ad
586 3954 647 3992 se
670 3936 820 3992 ultro
842 3937 1053 3993 deferri
1086 3937 1397 4010 (suadebat
1427 3938 1538 3994 hoc
1568 3939 1726 3994 enim
1772 3939 1941 4010 equi-

289 4028 433 4082 tatio
470 4026 566 4083 illa
598 4025 836 4081 insolita
867 4025 1207 4097 patriarchae
1238 4028 1643 4099 adventusque
1672 4028 1939 4098 inopina-

288 4120 404 4182 tus,
458 4121 513 4171 et
569 4110 909 4171 verisimilis
966 4116 1325 4186 conjectura,
1386 4115 1711 4188 impulsum
1772 4116 1938 4173 illum

289 4211 448 4261 metu
505 4206 781 4262 intentati
835 4205 1043 4276 judicii
1101 4210 1158 4261 et
1215 4206 1480 4278 periculo
1537 4206 1939 4262 damnationis

284 4295 652 4350 imminentis
716 4295 787 4349 ad
857 4295 1015 4350 hunc
1084 4298 1360 4350 conatum
1421 4296 1511 4351 sui
1569 4294 1938 4366 deliniendi),

282 4384 730 4455 perhumaniter
754 4385 1014 4440 occurrit
1046 4384 1325 4453 venienti,
1374 4388 1433 4439 et
1474 4400 1611 4439 eum
1661 4384 1941 4441 benevole

288 4475 659 4529 accedentem
694 4476 873 4545 atque
923 4471 1191 4528 hilariter
1238 4472 1478 4545 excipit,
1528 4477 1653 4529 tum
1704 4473 1939 4531 blandis

291 4562 497 4633 perdiu
532 4561 905 4618 sermonibus
936 4562 1175 4617 detinet.
1210 4561 1283 4618 Ut
1311 4578 1448 4635 ergo
1480 4579 1659 4618 sacrae
1689 4562 1939 4637 liturgiae

292 4651 446 4707 262
482 4656 718 4723 tempus
752 4638 963 4717 adfuit,
991 4651 1312 4722 imperator
1349 4652 1477 4722 jam
1528 4652 1587 4707 in
1639 4653 1942 4724 procinctu

290 4738 546 4794 adeundi
578 4739 776 4810 templi
809 4739 973 4795 misit
1001 4743 1227 4796 certum
1257 4756 1287 4796 e
1319 4741 1444 4796 suis
1475 4742 1571 4811 qui
1618 4743 1941 4813 praemuni-

291 4834 401 4898 ret,
445 4832 617 4899 prout
646 4829 975 4900 oportebat,
1020 4829 1293 4885 sacriﬁcii
1348 4830 1675 4897 ministros,
1720 4832 1943 4902 jubens

288 4933 408 4981 eos,
468 4915 650 4973 simul
710 4917 1123 4989 imperatorem
1184 4917 1608 4990 ingredientem
1658 4919 1942 4989 viderent,

290 5005 518 5072 statim,
551 5022 668 5061 non
692 5010 1022 5079 exspectato
1045 5007 1187 5062 dum
1209 5006 1309 5063 ille
1329 5007 1400 5063 ad
1423 5024 1622 5063 sacras
1653 5007 1944 5081 imagines

292 5095 645 5151 adoraturus
672 5097 997 5163 accederet,
1030 5096 1310 5168 nullaque
1340 5097 1581 5153 omnino
1632 5096 1746 5153 alia
1797 5114 1943 5169 qua-

292 5199 525 5254 cunque
555 5200 622 5240 ex
674 5201 855 5242 causa
905 5202 1071 5243 mora
1117 5185 1486 5258 interposita,
1536 5186 1808 5259 protinus
1855 5186 1945 5242 in-

293 5272 504 5327 choare
564 5273 926 5331 functionem
987 5276 1242 5344 sacram,
1291 5276 1539 5332 diacono
1584 5275 1941 5332 versiculum

295 5360 535 5416 Benedic
562 5366 1005 5434 pronuntiante,
1038 5370 1096 5421 et
1113 5365 1215 5421 Dei
1238 5364 1705 5421 benedictionem
1728 5365 1944 5423 solem-

293 5466 425 5505 nem
452 5452 754 5507 sacerdote
782 5453 1001 5525 pariter
1023 5455 1353 5525 proferente
1372 5471 1509 5510 voce
1538 5459 1833 5512 contenta.
1863 5460 1945 5512 Ac

289 5537 603 5593 consilium
629 5538 687 5594 in
711 5540 805 5596 his
830 5542 1201 5613 imperatoris
1223 5543 1334 5599 hoc
1355 5548 1517 5600 erat:
1542 5562 1604 5602 se
1626 5562 1744 5601 una
1766 5544 1945 5601 simul

291 5641 420 5680 cum
446 5626 782 5696 patriarcha
804 5631 961 5686 intra
981 5631 1268 5704 templum
1292 5637 1485 5689 stante
1503 5634 1699 5691 missae
1712 5651 1944 5691 sacrum

288 5712 397 5768 rite
426 5716 839 5786 peragi,tacita
869 5720 1135 5790 quaedam
1160 5721 1359 5777 futura
1382 5722 1493 5794 ipsi
1519 5723 1831 5780 videbatur
1852 5725 1943 5780 sui

2049 611 2307 686 τουργίας
2361 611 2725 687 ἀπάρχεσθαι.
2788 615 2967 669 Τοῦτο
3023 609 3069 667 δ’
3118 614 3183 681 ῆν
3230 612 3447 673 πάντως
3493 613 3631 685 πρὸς
3682 613 3713 667 ’ὀ

2050 702 2198 755 ταῦτ’
2258 701 2463 763 ἐκεῖνος
2520 701 2967 775 παρεσκευάζετο,
3025 703 3087 755 τὸ
3143 701 3234 756 τὸν
3290 702 3558 777 ἱεράρχην
3613 704 3711 777 ἅμ’

2053 788 2200 844 αὐτῶ
2261 788 2344 844 ἐπ’
2399 790 2695 859 ἐκκλησίας
2746 796 3095 866 συναγαγεῖν,
3143 790 3431 845 κάντεῦθεν
3488 812 3709 863 σιωπη-

2056 881 2167 941 Λῶς
2197 880 2297 947 τὴν
2347 884 2448 935 τοῦ
2477 878 2681 953 δεσμοῦ
2731 880 2889 935 λύσιν
2938 881 3499 955 πραγματευσάμενον
3534 879 3709 956 ἔχειν.

2054 970 2153 1023 Καὶ
2184 966 2252 1038 δὴ
2301 970 2633 1044 ηὐτρέπιστο
2686 979 2779 1043 μὲν
2833 974 2900 1025 τὰ
2947 973 3046 1039 τῆς
3088 972 3236 1045 ἱερᾶς
3286 968 3653 1045 λειτουργίας,
3685 971 3714 1024 6

2054 1057 2264 1133 κλῆρος
2328 1057 2374 1113 δ’
2434 1062 2570 1121 ἅπας
2630 1061 3168 1133 μετασκευασάμενος
3218 1048 3339 1121 τοῖς
3396 1059 3565 1114 εἰκόσι
3614 1080 3715 1113 κα-

2057 1145 2410 1221 ραδοκοῦντες
2441 1150 2537 1203 τὸν
2590 1149 2817 1224 βασιλέα
2849 1149 2973 1204 ὅσον
3028 1145 3182 1203 οὔπω
3237 1149 3566 1226 ἀφιξόμενον
3617 1169 3715 1203 πε-

2057 1242 2300 1310 ριέμενον
2338 1280 2350 1293 .
2404 1238 2462 1291 Ὀ
2521 1235 2578 1292 δὲ
2635 1237 2893 1312 βασιλεὺς
2945 1242 3044 1292 τοῦ
3102 1238 3253 1311 ἱεροῦ
3316 1234 3558 1309 μανδύου
3614 1236 3710 1290 τὸν

2055 1326 2404 1402 πατριάρχην
2460 1328 2732 1402 κατέχων,
2786 1328 2923 1382 κατά
2975 1348 3097 1382 τινα
3143 1327 3289 1381 ποσὰ
3341 1323 3709 1399 διαστήματα,

2056 1418 2169 1489 ἅμα
2203 1418 2297 1489 μὶν
2356 1418 2651 1489 ἱστάμενος
2714 1415 2942 1489 ὡμίλει,
2992 1418 3105 1489 ἅμα
3154 1415 3213 1471 ὅὶ
3257 1417 3345 1471 καὶ
3394 1416 3471 1479 ὡς
3500 1416 3587 1471 ἐπὶ
3618 1415 3708 1470 τὸν

2053 1506 2180 1561 ναὸν
2228 1508 2563 1581 προσήγετο.
2593 1506 2682 1567 Ὠς
2728 1503 2787 1560 δέ
2834 1526 2967 1561 ποτε
3010 1509 3107 1561 τοῦ
3163 1502 3327 1560 οὐδοῦ
3359 1501 3528 1575 ἐπέϐη
3559 1505 3649 1559 καὶ
3683 1505 3711 1558 6

2055 1591 2309 1657 διάκονος
2366 1595 2429 1649 τὸ
2479 1592 2804 1669 Εὐλόγησον
2838 1589 3025 1666 ἐξεϐόα
3072 1595 3163 1649 καὶ
3215 1594 3370 1659 εὐθὺς
3418 1597 3453 1664 ἡ
3505 1594 3566 1649 ἐκ
3610 1598 3708 1649 τοῦ

2054 1684 2245 1758 ἱερέως
2276 1682 2599 1759 εὐλόγησις,
2650 1684 2911 1740 ἐκσπᾶται
2954 1689 3036 1757 τῷ
3065 1681 3355 1757 παραδόξῳ
3386 1685 3414 1738 6
3447 1683 3711 1759 πατριάρ-

2054 1792 2187 1847 χης,
2215 1774 2303 1828 καί
2352 1775 2445 1828 τὸν
2515 1771 2678 1829 δόλον
2731 1774 2910 1837 συνεὶς
2954 1773 3147 1828 αὐτίκα
3193 1774 3429 1828 ἀντέσπα
3479 1773 3571 1828 καὶ
3612 1780 3714 1841 τῆς

2058 1862 2246 1937 χειρὸς
2302 1868 2400 1918 τοῦ
2447 1867 2775 1937 κρατοῦντος
2817 1861 3095 1933 ἐξώλισθε,
3156 1862 3272 1932 καὶ,
3330 1887 3357 1915 ‹‹
3389 1863 3483 1932 Τί,
3511 1860 3713 1938 λέγων,

2056 1952 2201 2007 οὕτω
2251 1949 2497 2029 δολερῶς
2542 1952 2797 2015 κλέπτεις
2843 1954 2943 2021 τὴν
2988 1950 3272 2026 εὐλογίαν,
3319 1953 3408 2007 καὶ
3457 1949 3711 2026 παραλο-

2053 2041 2177 2117 γίζῃ
2206 2043 2267 2096 τὸ
2299 2048 2452 2097 Θεῖον
2504 2041 2793 2117 ἅνθρωπος
2822 2041 2918 2111 ὥν,
2962 2042 3026 2097 οὐ
3079 2038 3197 2096 δέον
3248 2042 3305 2096 ’ὀν
3341 2039 3466 2097 οὐδὲ
3497 2043 3709 2118 συμφέ-

2057 2151 2191 2205 ρον;
2228 2157 2256 2184 ››
2289 2135 2410 2189 ’Έτι
2445 2130 2502 2187 δὲ
2548 2132 2661 2205 καί,
2716 2158 2742 2185 ι(
2775 2131 2933 2188 Καλά
2963 2153 3026 2207 γε
3054 2129 3243 2201 ταῦτα,
3280 2157 3308 2183 ››
3358 2130 3705 2208 προσονειδί-

2058 2226 2185 2291 ζων,
2239 2246 2267 2273 ‹‹
2299 2222 2389 2276 καί
2433 2243 2494 2295 γε
2540 2222 2757 2296 βασιλεῖ
2787 2221 3032 2294 ἐννόμως
3065 2219 3254 2296 ἄρχειν
3285 2220 3704 2295 προαιρουμένῳ

2054 2310 2349 2383 πρέποντα,
2398 2311 2489 2365 καὶ
2524 2308 2837 2389 δυσφόρητα
2882 2316 3000 2374 τοῖς
3032 2309 3228 2373 ἄλλοις
3260 2312 3506 2377 ἀκοῦσαι,
3566 2309 3709 2363 ὥστε

2052 2401 2142 2453 καὶ
2192 2400 2447 2471 ἐπαινεῖν,
2480 2425 2506 2452 ››
2570 2400 2727 2464 εὐθὺς
2768 2400 2925 2463 ἀετὸς
2969 2400 3038 2469 ῆν
3090 2398 3269 2455 λιπὼν
3329 2397 3531 2454 ἐκεῖνον
3576 2419 3709 2453 κατ-

2053 2487 2365 2553 αιδεσθέντα
2419 2491 2508 2545 καὶ
2564 2491 2961 2568 ἀφιπτάμενος,
3019 2489 3110 2544 καὶ
3173 2487 3264 2543 διὰ
3318 2496 3420 2559 τῆς
3479 2486 3709 2562 σιδηρᾶς

2052 2583 2151 2632 τοῦ
2177 2578 2463 2655 τρικλίνου
2494 2578 2677 2648 πύλης
2728 2579 2803 2643 ὡς
2850 2580 3023 2654 τάχος
3073 2581 3212 2652 πεζῇ
3256 2573 3507 2648 διαθέων,
3605 2597 3710 2631 πο-

2051 2796 2085 2835 a
2110 2780 2334 2836 dudum
2367 2780 2584 2851 injecto
2606 2779 3001 2836 anathematis
3022 2779 3255 2836 vinculo
3277 2778 3713 2850 solutio.Atque

2052 2869 2134 2924 ita
2158 2869 2506 2942 compendio
2538 2870 2793 2941 quodam
2825 2874 3167 2942 opportunae
3194 2869 3520 2925 occasionis
3571 2884 3710 2924 con-

2052 2964 2395 3017 secuturum
2457 2976 2519 3017 se
2581 2962 2859 3033 sperabat
2915 2961 3071 3032 quod
3128 2965 3294 3016 tanto
3346 2959 3709 3032 jampridem

2053 3050 2299 3105 circuitu
2334 3054 2633 3121 captatum
2667 3050 2865 3105 iverat.
2898 3049 3377 3121 Succedebatque
3424 3048 3511 3103 illi
3562 3049 3706 3105 hac-

2052 3144 2227 3196 tenus
2252 3139 2423 3195 dolus
2453 3139 2701 3212 egregie.
2752 3138 2897 3195 Nam
2945 3138 3136 3195 clerus
3189 3138 3501 3194 universus
3554 3155 3703 3210 prae-

2052 3229 2331 3297 monitus,
2368 3237 2429 3285 ut
2451 3229 2671 3296 dixi,ad
2692 3227 3095 3285 inchoandum
3121 3228 3314 3285 missa;
3346 3228 3704 3285 sacriﬁcium

2054 3318 2317 3391 proxime
2347 3318 2675 3375 instructus
2705 3317 2867 3375 omni
2892 3318 3261 3375 convenienti
3309 3321 3597 3390 apparatu
3648 3321 3708 3373 et

2051 3412 2282 3475 ornatu,
2350 3406 2727 3479 exspectabat
2794 3408 2937 3463 dum
3005 3410 3312 3479 appareret
3377 3406 3705 3463 adventans

2050 3496 2392 3569 imperator.
2425 3496 2533 3562 Qui
2563 3500 2761 3551 astute
2785 3496 3035 3567 adquod
3082 3494 3428 3551 intendebat
3474 3511 3705 3551 sacram

2050 3585 2325 3658 penulam
2341 3586 2491 3641 comi
2502 3585 2681 3641 tantis
2694 3602 2894 3642 secum
2909 3584 3256 3658 patriarchae
3268 3584 3506 3641 tenebat
3520 3601 3702 3640 manu

2047 3674 2327 3732 incedens
2360 3691 2499 3745 una,
2524 3679 2581 3729 et
2610 3691 2713 3746 per
2742 3673 3051 3730 intervalla
3083 3675 3307 3730 urbane
3354 3674 3705 3745 interposita

2049 3763 2401 3832 consistens,
2432 3761 2938 3835 confabulansque
2964 3761 3137 3833 plane
3169 3760 3559 3827 familiariter,
3595 3760 3702 3816 do-

2048 3868 2155 3908 nec
2186 3869 2319 3908 eum
2350 3851 2507 3907 intra
2537 3852 2825 3924 templum
2860 3851 3036 3908 simul
3072 3850 3411 3923 ingrediens
3442 3849 3700 3905 induxit.

2046 3946 2436 4013 Supergresso
2484 3944 2681 3995 autem
2735 3939 2860 4008 ipso
2907 3939 3112 4004 limen,
3158 3938 3357 3995 statim
3409 3938 3697 3993 diaconus

2046 4029 2288 4086 Benedic
2318 4027 2690 4097 inclamavit;
2726 4045 2905 4100 quam
2936 4044 3134 4085 vocem
3167 4030 3370 4083 secuta
3416 4026 3697 4082 continuo

2046 4124 2137 4175 est
2159 4118 2482 4175 sacerdotis
2505 4118 2853 4174 benedictio.
2880 4110 3191 4173 Perculsus
3211 4116 3515 4189 inopinato
3548 4116 3700 4171 facto

2047 4208 2401 4281 patriarcha,
2433 4212 2491 4262 et
2521 4206 2725 4262 dolum
2757 4207 2955 4262 subito
3004 4205 3366 4277 intelligens,
3412 4204 3705 4277 proripuit

2046 4314 2129 4365 se,
2164 4314 2230 4353 ac
2281 4296 2485 4352 manui
2534 4296 2787 4352 tenentis
2835 4296 3209 4367 imperatoris
3257 4294 3495 4367 elapsus
3542 4299 3634 4349 est
3688 4311 3701 4348 :

2044 4406 2073 4434 «
2108 4385 2244 4450 Cur,
2273 4382 2572 4454 inquiens,
2605 4382 2807 4437 dolose
2838 4382 3053 4437 furaris
3097 4382 3591 4449 benedictionem,
3645 4385 3707 4436 et

2046 4473 2317 4544 decipere
2346 4471 2531 4527 Deum
2564 4471 2818 4538 conaris,
2852 4472 3029 4527 homo
3060 4488 3196 4527 cum
3227 4471 3356 4528 sis?
3386 4471 3542 4542 quod
3595 4486 3703 4527 nec

2047 4560 2351 4633 oportebat
2380 4577 2483 4616 nec
2516 4560 2862 4632 expediebat
2912 4578 2945 4616 a
2992 4566 3049 4617 te
3098 4560 3333 4617 tentari.
3387 4582 3415 4611 »
3465 4560 3709 4616 Addidit

2052 4655 2333 4722 praeterea
2380 4649 2540 4705 haud
2585 4649 2842 4706 molliter
2870 4650 3232 4722 exprobrans
3265 4665 3279 4705 :
3312 4672 3340 4699 «
3378 4649 3706 4705 Pulchrane

2053 4739 2174 4794 haec
2206 4743 2379 4811 putas
2431 4743 2488 4793 et
2531 4739 2940 4794 convenientia
2997 4738 3336 4810 imperatori
3390 4738 3707 4810 magniﬁce

2052 4828 2317 4899 professo
2350 4844 2413 4884 se
2434 4828 2601 4899 juxta
2628 4827 2789 4900 leges
2820 4828 2974 4884 268
3008 4828 3296 4899 imperare
3328 4826 3523 4883 velle?
3566 4828 3708 4900 quid

2052 4918 2322 4974 homines
2351 4917 2549 4973 dicent
2579 4918 2677 4972 ubi
2709 4916 3049 4973 audierint?
3079 4933 3153 4972 an
3187 4917 3429 4972 laudare
3466 4916 3600 4986 ista,
3634 4916 3705 4971 ad

2054 5006 2262 5064 saltem
2288 5006 2377 5063 vel
2409 5007 2739 5063 tolerabilia
2770 5022 3009 5063 censere
3040 5005 3362 5078 poterunt?
3416 5028 3445 5057 ››
3494 5006 3566 5061 Et
3611 5005 3708 5061 his

2054 5101 2294 5169 repente
2324 5096 2507 5152 dictis
2525 5095 2779 5152 avolavit
2807 5096 2996 5151 instar
3024 5094 3255 5166 aquila,
3290 5095 3511 5167 pudore
3568 5111 3707 5149 con-

2053 5186 2254 5242 fusum
2304 5186 2717 5258 imperatorem
2768 5185 3146 5256 relinquens;
3199 5201 3264 5241 ac
3323 5200 3426 5255 per
3477 5187 3706 5254 portam

2055 5275 2295 5332 triclinii
2319 5275 2779 5347 ferream,pedes
2802 5278 3025 5346 quanta
3046 5274 3303 5330 maxima
3334 5272 3531 5346 posuit
3573 5289 3708 5345 per-

2056 5363 2293 5420 nicitate
2323 5380 2592 5435 currens,
2642 5365 2905 5435 pervenit
2954 5363 3025 5418 ad
3080 5379 3264 5431 mare,
3314 5362 3510 5434 ibique
3558 5362 3708 5417 nave

2056 5470 2377 5511 conscensa
2406 5453 2647 5510 domum
2677 5470 2741 5510 se
2770 5451 2998 5509 retulit.
3038 5454 3111 5507 At
3140 5452 3461 5523 imperator
3499 5450 3709 5524 plenus

2056 5544 2193 5600 licet
2222 5542 2617 5611 contumelias,
2647 5559 2714 5599 ac
2742 5548 2862 5599 tam
2893 5541 3189 5613 probrosae
3231 5540 3480 5612 repulsae
3529 5557 3708 5597 sensu

2054 5633 2265 5688 intimo
2296 5632 2615 5704 doloreque
2646 5636 2925 5697 aestuans,
2976 5636 3169 5685 tamen
3225 5629 3711 5700 magnanimitate

2058 5721 2337 5779 simulata
2366 5722 2656 5778 sacrificio
2684 5722 2937 5793 perrexit
2968 5719 3488 5792 attendere,quoad
3524 5719 3710 5775 missa
