4112 6402
330 386 445 440 709

1396 383 1484 434 DE
1522 382 1891 437 MICHAELE
1933 381 2377 439 PALIEOLOGO
2412 384 2547 437 LIB.
2587 386 2684 438 IV.

3648 387 3759 443 710

329 508 437 565 δῶν
493 510 641 582 εἶχεν
691 507 893 583 ἐχώρει
935 508 1073 582 πρὸς
1124 503 1418 575 θάλασσαν,
1466 506 1736 585 καὶ-νεὼς
1794 500 1987 568 ἐπιϐας
2017 510 2065 573 Α
2103 505 2167 567 ς’.
2227 507 2416 567 ’Όπως
2478 507 2865 595 συναχθέντων,
2910 511 3017 562 τῶν
3080 508 3380 583 ἀρχιερέων
3438 509 3501 563 τὸ
3544 509 3752 565 τέλειον

1567 577 1575 585 '
1740 595 1752 597 _
1862 594 1873 597 _
1927 593 1936 597 -
2342 582 2351 597 ,'
2605 577 2626 597 ς’
2641 577 2669 595 ‘9
2722 582 2735 597 \
2853 579 2865 597 I
2992 582 3005 597 ο
3061 581 3073 595 ·ι
3117 577 3143 597 ‘I

330 592 715 669 κατελάμϐανε
778 597 844 650 τὰ
900 595 1075 650 οἰκεῖα
1109 638 1123 651 .
1191 596 1247 648 Ὁ
1330 595 1513 668 μέντοι
1589 616 1653 669 γε
1732 593 1985 669 βασιλεὺς

332 684 749 762 ὑϐριοπαθήσας
811 686 928 740 οἷον
984 685 1074 739 καὶ
1134 682 1400 748 αἰδεσθεὶς
1454 688 1834 759 προσποιεῖται
1892 682 1983 738 οὖν

329 776 483 850 ὅμως
515 776 577 829 τὸ
614 772 1033 849 μεγαλόψυχον.
1070 773 1176 829 Καὶ
1216 772 1328 827 ἐπεὶ
1371 770 1530 835 τέλος
1556 774 1655 841 τὴν
1688 775 1836 847 ἱεραν
1870 772 1983 827 λει-

325 864 587 940 τουργίαν
637 858 967 935 ἐλάμϐανεν,
1018 861 1285 935 ἐξελθὼν,
1333 861 1544 925 σταθεὶς
1592 861 1643 917 ἐν
1691 867 1771 934 τῷ
1822 860 1981 917 Ἀλε-

328 954 498 1024 ξιακῷ
527 951 813 1029 τρικλίνῳ,
863 951 993 1013 τοὺς
1042 972 1099 1005 τε
1150 956 1257 1005 τῶν
1305 952 1581 1025 ἰεραρχῶν
1631 950 1981 1025 παρατκχόν-

324 1064 419 1104 τας
453 1041 700 1103 καὶτοὺς
752 1045 849 1095 τοῦ
901 1039 1115 1116 κλήρου
1170 1040 1681 1113 μεταστειλάμενος,
1736 1042 1818 1112 [Ρ.
1858 1042 1980 1112 178]

328 1127 639 1184 ἐπενεκάλει
680 1133 759 1201 τῷ
792 1130 1110 1205 πατριάρχῃ
1165 1127 1539 1201 σκληρότητα,
1571 1127 1685 1195 καὶ,
1736 1152 1764 1180 ‹‹
1790 1126 1979 1196 Ἴδετε,

329 1219 529 1295 λὲγων,
579 1219 728 1281 ὅπως
791 1220 1014 1291 ἀμαθῶς
1077 1217 1218 1273 οὕτω
1274 1223 1384 1273 τῶν
1434 1218 1716 1292 ᾑμετέρων
1778 1222 1981 1293 χειρῶν

326 1308 717 1384 ἀπεδίδρασκε.
782 1309 877 1363 Καὶ
932 1308 977 1364 εἰ
1034 1306 1299 1378 λυπήσων
1356 1308 1519 1384 ἐιράνη
1552 1354 1566 1377 ,
1618 1309 1755 1363 κατά
1811 1308 1863 1362 τί
1920 1330 1981 1385 γε

322 1399 412 1453 καὶ
445 1400 749 1472 παρ’ἡμᾶς
804 1400 1066 1476 ἀφῖκταις
1128 1396 1253 1453 ἀλλ’
1304 1398 1377 1459 ὡς
1430 1395 1593 1469 ἔοικε,
1646 1397 1773 1459 τοὺς
1833 1396 1981 1472 ἐλέγ-

324 1508 459 1562 χους
521 1485 906 1563 διαφυγγάνειν
966 1485 1537 1561 πραγματευόμενος,
1597 1484 1784 1541 ἔλαθεν
1853 1486 1977 1541 ἐαυ-

322 1580 412 1632 τὸν
472 1579 787 1648 συνωθήσας
825 1576 1061 1649 μάλιστα
1118 1576 1253 1652 πρὸς
1310 1577 1409 1644 τήν
1470 1574 1650 1645 δίκην.
1712 1578 1804 1644 Μή
1850 1580 1980 1650 γοῦν

324 1666 411 1721 ἐπὶ
440 1666 610 1722 πλέον
646 1664 983 1744 φευγοδικῶν
1023 1663 1370 1741 κερδαινέτω,
1423 1662 1575 1721 Ἀλλ’
1622 1665 1739 1719 ἐπεὶ
1770 1666 1832 1719 τὸ
1860 1665 1976 1739 τρί-

1191 596 1247 648 Ὁ
1330 595 1513 668 μέντοι
1589 616 1653 670 γε

322 1778 413 1811 τον
472 1754 927 1810 ἐναπολέλειπται
991 1757 1246 1827 μήνυμα,
1308 1753 1684 1828 συναχθέντων
1740 1753 2023 1829 γενέσθω’

2283 582 2509 651 μήνυμα
2529 579 2624 633 καῖ
2643 579 2736 634 ’ἐπὶ
2770 579 2952 652 τούνῳ
2982 582 3016 650 ἡ
3050 579 3311 656 ἀοόέρασις
3334 581 3574 655 γέγονεν.

2167 685 2283 748 Τῆς
2316 682 2374 737 δὲ
2426 687 2545 757 μετ’
2593 685 2761 753 αὐτὴν
2820 685 3033 762 ἡμέρας
3080 688 3198 759 ἅμα
3242 687 3620 762 συναχθέντων
3662 689 3753 743 καὶ

2100 770 2268 826 πάλιν
2307 773 2440 845 μετά
2479 773 2667 829 πολλά
2695 774 2763 828 τὰ
2812 772 3118 845 λαληθέντα
3164 776 3254 829 καὶ
3303 778 3402 845 τήν
3447 781 3544 830 τοῦ
3595 778 3747 852 βασι-

2101 860 2239 922 λέως
2292 864 2405 917 οἷον
2440 862 2790 938 παραίτησιν,
2823 865 2898 925 ὡς
2934 862 3076 936 μηδὲ
3124 864 3284 919 αὐτὸν
3339 864 3514 928 θέλειν
3564 869 3751 941 παρεῖ-

2090 970 2200 1020 ναι,
2233 950 2277 1003 εἰ
2309 952 2385 1023 μή
2428 972 2488 1025 γε
2524 959 2624 1021 τῆς
2684 952 3010 1022 ἘκκΛησίας
3070 950 3267 1027 δεσμοὶ
3323 953 3630 1029 ἐξεχώρουν
3662 955 3751 1010 καὶ

2090 1041 2667 1114 προσκατηνάγκαζον,
2719 1042 2811 1095 καὶ
2878 1043 2939 1095 τὸ
3012 1040 3206 1097 λοιπὸν
3280 1045 3556 1115 πέμπεται
3643 1047 3754 1117 μή-

2089 1148 2275 1199 νυμα,
2338 1129 2638 1203 ἀρχιερέων
2702 1132 2797 1184 κὰν
2852 1130 3030 1202 τούτῳ
3093 1126 3589 1203 μεσολαϐησάντων
3658 1133 3749 1187 καὶ

2086 1214 2397 1289 κληρικῶν.
2458 1220 2544 1280 Ὡς
2604 1217 2661 1273 δὲ
2715 1219 2805 1274 καὶ
2866 1218 3017 1281 αὖθις
3061 1221 3089 1273 ὁ
3148 1223 3499 1297 πατριάρχης
3546 1222 3744 1277 ἀπεῖπε

2084 1308 2185 1376 τὴν
2216 1304 2419 1384 ἄφιξιν,
2451 1311 2763 1381 προστιθεὶς
2795 1309 2871 1371 ὡς
2904 1333 2926 1362 ι
2960 1311 3030 1364 Τὸ
3081 1308 3274 1365 δοκοῦν
3327 1314 3453 1385 ὑμῖν
3504 1312 3741 1378 ἀπόντος

2086 1397 2347 1470 γενέσθω·
2402 1395 2531 1452 οὐδὲ
2558 1398 2659 1473 γὰρ
2715 1398 3089 1472 ἀπαντησαιμι
3139 1399 3235 1454 κᾶν
3288 1401 3318 1455 ὅ
3356 1423 3407 1456 τι
3438 1403 3675 1476 γένοιτο,
3709 1426 3739 1455 »

2082 1486 2206 1541 τότε
2235 1486 2369 1558 μετά
2416 1488 2516 1556 τήν
2575 1485 2797 1555 πολλὴν
2856 1488 3041 1562 σκέψιν
3098 1490 3150 1543 οἳ
3208 1490 3462 1565 ἱεράρχαι
3515 1492 3735 1547 κανόσιν

2085 1576 2198 1629 οἷον
2260 1574 2624 1651 ἐπερείδεσθαι
2680 1576 2931 1640 θέλοντες
2988 1579 3138 1653 εἶχον
3203 1580 3298 1652 μὲν
3348 1580 3438 1634 καὶ
3485 1581 3578 1636 τὸν
3635 1589 3737 1651 τῆς

2084 1662 2408 1741 φυγοδικίας
2451 1666 2651 1720 κανόνα
2705 1670 2813 1721 τῶν
2874 1664 3195 1723 ἀποστόλων
3249 1669 3314 1723 τὰ
3351 1669 3539 1725 πολλᾶ
3587 1672 3736 1747 σφίσι

2082 1755 2219 1827 πρὸς
2251 1755 2312 1808 τὸ
2358 1756 2427 1809 τὰ
2485 1752 2747 1809 δοκοῦντα
2804 1755 3194 1829 ἀποφαίνεσθαι
3256 1753 3739 1831 συμϐαλλόμενον,

324 1846 416 1900 καὶ
467 1850 648 1913 τοῦτο,
709 1844 798 1899 καὶ
857 1844 902 1899 εἶ
966 1845 1060 1917 μὲν
1120 1845 1439 1915 ἀπαντήσει,
1495 1844 1783 1919 κρινέσθω,
1837 1843 1882 1897 εἰ
1928 1841 1973 1897 δ’
2010 1877 2053 1941 Β
2085 1842 2236 1914 ὅμως
2281 1840 2338 1897 δὲ
2385 1864 2448 1917 γε
2505 1844 2555 1898 ἐν
2612 1843 2847 1921 ἀσφαλεῖ
2906 1845 3235 1920 βουλόμενοι
3296 1849 3578 1920 πράττειν,
3621 1848 3735 1918 ἐηεὶ

329 1936 446 2004 οὖν,
479 1931 613 1990 Ἀλλ
648 1934 815 2006 ἀὺμῖν
843 1955 903 2009 γε
933 1931 1160 2006 μελήσει
1192 1938 1312 1997 πῶς
1343 1932 1400 1986 ἂν
1428 1930 1828 2010 φυγοδικοῢντα
1849 1953 1971 2005 μετ-

328 2022 627 2086 ελεύσεσθε.
672 2023 749 2080 Τὸ
801 2022 848 2077 δ’
896 2021 1025 2095 ἐμὸν
1090 2020 1373 2087 ἀναθετέον
1436 2026 1551 2092 Θεῷ
1607 2022 1755 2082 ὅπως
1811 2019 1871 2074 ἂν
1900 2021 1975 2082 ὡς

326 2112 517 2185 ἐκείνῳ
568 2107 842 2182 ϐουλητὸν
899 2110 1319 2184 οίκονομηθείη.
1372 2135 1401 2163 ››
1451 2112 1611 2165 Ταῦτ’
1666 2109 1834 2164 εἷ’πὼν
1886 2110 1977 2163 καὶ

320 2202 580 2276 προσθεὶς
636 2202 773 2256 κατά
827 2223 951 2256 τινα
1008 2200 1291 2277 πρόληψιν
1350 2201 1573 2254 κάκεῖνα
1636 2196 1974 2272 εὐμεθόδως,

322 2292 405 2345 ὅτι
437 2290 527 2345 καὶ
575 2290 638 2344 τὸ
676 2290 907 2351 τούτους
965 2288 1238 2351 πολλάκις
1291 2288 1654 2365 ἀναφέροντας
1709 2289 1831 2363 περὶ
1865 2292 1973 2343 τῶν

321 2382 456 2434 κατὰ
490 2384 621 2455 σφᾶς
666 2377 976 2449 ἐκκλησιῶν
1043 2379 1116 2450 μὴ
1179 2377 1549 2440 εἰσακούεσθαι
1610 2376 1783 2431 αἰτίαν
1849 2376 1973 2448 μίαν

322 2470 455 2523 εἶναι
515 2469 612 2535 τὴν
671 2472 767 2522 τοῦ
823 2468 1169 2543 πατριάρχου
1222 2467 1359 2541 πρὸς
1440 2466 1598 2521 αὐτὸν
1658 2466 1973 2539 ἀπέχθειαν,

320 2557 410 2612 καὶ
458 2558 532 2619 ὡς
577 2556 625 2611 εἴ
678 2554 924 2611 ἐκποδὼν
956 2558 1017 2611 τὸ
1049 2553 1345 2610 σκάνδαλον
1388 2576 1633 2630 γενηται,
1685 2554 1881 2616 αὐτοὺς
1910 2556 1978 2609 τὰ

323 2645 541 2723 μεγάλα
587 2649 717 2720 παρ’
770 2647 917 2717 αὐτῷ
969 2643 1246 2719 δύνασθαι,
1292 2644 1590 2700 καταπαύει
1637 2645 1729 2699 τὸν
1780 2642 1974 2713 λόγον.

324 2856 558 2925 peracta
614 2868 917 2924 regressus
968 2856 1253 2924 stansque
1285 2853 1344 2909 in
1378 2853 1650 2909 Alexiaco
1696 2851 1971 2919 triclinio,

324 2944 475 3013 apud
524 2959 622 2999 eos
669 2959 819 3014 quos
850 2942 932 2997 ibi
966 2942 1113 2998 forte
1143 2945 1358 3014 reperit
1385 2942 1718 3015 episcopos,
1749 2945 1805 2997 et
1830 2942 1975 2997 alios

326 3045 393 3084 ex
423 3029 573 3085 clero
604 3047 753 3101 quos
774 3035 1101 3099 vocaverat,
1129 3036 1373 3102 questus
1404 3035 1495 3087 est
1525 3031 1596 3086 de
1628 3029 1974 3102 patriarchae

326 3118 539 3173 duritia
566 3135 578 3174 :
612 3139 634 3168 ι
659 3120 879 3189 Videte,
903 3120 1198 3192 inquiens,
1225 3137 1403 3193 quam
1436 3120 1724 3175 inurbane
1759 3119 1975 3175 nostris

2085 1931 2174 1985 καὶ
2206 1931 2293 1985 ἐπὶ
2328 1932 2503 2003 πάσης
2561 1934 2637 1994 ὡς
2669 1933 2837 1988 εἷπεῖν
2895 1941 2996 2003 τῆς
3055 1933 3273 2000 πόλεως
3328 1938 3476 1991 ταῦτ’
3535 1935 3737 2013 ἔπρατ-

2084 2043 2175 2075 τον
2232 2024 2318 2091 [Ρ.
2384 2023 2507 2095 179]
2562 2027 2658 2077 τοῦ
2721 2022 2992 2096 βασιλέως
3039 2023 3465 2099 οἶκονομοῦντος
3522 2024 3613 2081 διὰ
3634 2027 3735 2095 τὴν

2084 2116 2185 2177 τῆς
2243 2110 2543 2184 ἀπεχθείας
2606 2110 3018 2185 ὑποτρέχουσαν
3080 2113 3335 2186 ὑποψίαν,
3368 2116 3459 2169 καὶ
3513 2113 3607 2169 ’ίνα
3658 2116 3735 2187 μὴ

2084 2197 2174 2251 καὶ
2208 2197 2359 2261 αὖθις
2389 2196 2671 2271 σχίζοιντο
2724 2199 2988 2271 μαθόντες
3034 2203 3100 2255 τὰ
3146 2202 3429 2277 γεγονότα,
3459 2203 3737 2279 παρίστων

2086 2286 2174 2341 καὶ
2202 2285 2350 2348 αὖθις
2375 2285 2462 2341 ἐπὶ
2486 2288 2653 2359 μέσου
2674 2288 2767 2341 τὸν
2789 2289 3228 2362 Ἑψητόπουλον.
3253 2293 3314 2347 Ὁ
3338 2290 3600 2355 λίϐελλος
3622 2294 3740 2357 καθ’

2083 2373 2136 2429 ἓν
2171 2376 2472 2451 κεφάλαιον
2506 2377 2991 2452 ὑπανεγινώσκετο,
3020 2380 3108 2434 καὶ
3142 2381 3187 2434 εἰ
3221 2380 3343 2455 ἔχοι
3372 2382 3503 2445 τοὺς
3536 2403 3742 2457 μαρτυ-

2087 2467 2348 2538 ρήσοντας
2380 2466 2657 2540 ἠρωτᾶτο.
2691 2468 2751 2522 Ὁ
2780 2465 2837 2520 δὲ
2866 2489 2948 2542 γε,
2982 2493 3007 2519 ‹‹
3034 2471 3380 2545 Πραγμάτων
3412 2477 3671 2548 φανερῶν,
3706 2495 3735 2524 ››

2087 2555 2252 2626 εἶπεν,
2286 2579 2313 2605 ‹‹
2350 2553 2413 2609 ού
2460 2552 2618 2609 τόνδε
2647 2553 2681 2623 ἢ
2714 2553 2871 2610 τόνδε
2924 2558 3123 2632 ἀνάγκη
3172 2560 3299 2614 εἶναι
3342 2560 3434 2614 τὸν
3471 2562 3738 2638 μάρτυρα,

2085 2641 2212 2697 ἀλλ’
2261 2644 2377 2716 ἅμα
2415 2641 2751 2716 σύμπαντας,
2812 2644 2894 2700 ὅτι
2940 2648 3031 2701 καὶ
3088 2649 3281 2711 πάντες
3342 2647 3615 2705 συνοίδασι
3647 2671 3740 2727 γε·

2084 2850 2355 2907 veniendi
2399 2853 2642 2923 synodo,
2678 2853 2726 2908 si
2780 2869 2881 2924 per
2925 2853 3161 2909 vincula
3196 2854 3488 2924 Ecclesiae,
3520 2857 3741 2929 quibus

2086 2941 2606 3012 constringeretur,
2631 2941 2688 2995 id
2716 2942 2956 2997 minime
2986 2941 3206 3013 liceret,
3228 2947 3451 3000 tantem
3479 2945 3553 3012 is,
3585 2945 3744 3001 velut

2086 3046 2374 3086 consensu
2390 3035 2624 3086 coactus
2642 3030 2818 3086 invita
2828 3031 3274 3101 ntiumPatrum,
3286 3032 3296 3086 i
3308 3048 3748 3105 ngressusasse-

2087 3119 2193 3174 dit.
2209 3119 2295 3174 Ad
2311 3118 2582 3175 ultimam
2595 3118 2752 3188 inde,
2767 3136 2896 3191 quae
2910 3119 3035 3176 sola
3054 3126 3379 3193 supererat,
3395 3124 3741 3195 patriarcha;

322 3224 382 3263 se
440 3209 715 3266 manibus
772 3209 1146 3281 proripuerit.
1180 3192 1605 3266 Sioﬂ'ensurus
1656 3209 1972 3279 prodierat,
2005 3192 2048 3259 C
2089 3208 2425 3264 citationem
2459 3209 2569 3263 rite
2600 3209 2994 3281 peragendam
3054 3192 3334 3282 episcopi,
3368 3192 3434 3267 ut
3463 3216 3656 3279 antea,
3687 3216 3746 3268 et

319 3297 457 3367 quid
492 3298 781 3354 attinebat
810 3300 988 3354 etiam
1029 3300 1102 3355 ad
1150 3315 1258 3355 nos
1289 3300 1562 3355 accedere
1582 3299 1610 3353 ?
1640 3298 1883 3366 Verum,
1917 3305 1980 3353 ut

321 3392 581 3458 apparet,
610 3388 865 3460 elfugere
882 3388 1177 3459 judicium
1198 3388 1448 3445 moliens
1465 3388 1659 3444 induit
1678 3404 1741 3444 se
1763 3387 1977 3461 magis,

320 3476 730 3549 intricavitque
751 3476 870 3534 illis
891 3477 1038 3549 ipsis
1061 3495 1209 3550 quos
1232 3477 1528 3533 declinare
1558 3477 1721 3548 cupit
1750 3476 1979 3549 laqueis

321 3566 669 3637 quaestionis
698 3567 771 3622 de
800 3566 925 3639 ipso
953 3571 1147 3639 coeptae
1174 3584 1187 3635 ;
1218 3584 1397 3638 quam
1432 3582 1641 3623 censeo
1664 3567 1791 3622 sine
1813 3582 1980 3622 mora

320 3656 671 3727 urgendam,
704 3672 810 3711 nec
858 3656 1348 3713 committendum
1400 3662 1466 3712 ut
1514 3655 1976 3722 cavillationum,

318 3745 535 3816 quibus
593 3745 832 3801 eludere
884 3745 1044 3817 leges
1102 3745 1332 3813 nititur,
1390 3746 1649 3800 fructum
1708 3749 1977 3816 optatum

319 3851 521 3889 secure
569 3835 815 3901 auferat,
851 3835 1157 3906 quaesitam
1217 3834 1651 3906 impunitatem.
1686 3833 1977 3900 Quoniam

322 3924 504 3994 igitur
553 3923 723 3978 tertia
769 3927 1002 3979 tantum
1049 3924 1249 3980 citatio
1302 3930 1594 3995 superest,
1644 3940 1730 3993 ea,
1781 3921 1978 3991 velim,

325 4012 696 4085 congregatis
718 4013 918 4068 statim
968 4013 1134 4069 vobis
1183 4014 1531 4069 decernatur
1561 4017 1620 4068 et
1646 4013 1786 4081 ﬁat;
1828 4016 1887 4067 et
1930 4010 1980 4066 si

320 4101 727 4157 vadimonium
777 4102 991 4157 citatus
1040 4102 1274 4169 stiterit,
1308 4102 1587 4158 continuo
1627 4101 1928 4171 judicetur
1964 4117 1977 4156 :

321 4190 412 4245 sin
462 4190 683 4260 minus,
716 4195 976 4246 vestrum
1010 4191 1117 4245 erit
1140 4191 1336 4247 videre
1367 4191 1510 4263 quid
1542 4192 1613 4246 de
1646 4190 1979 4246 contumaci

320 4284 655 4336 recusatore
678 4279 893 4351 judicii
925 4297 1159 4351 aequum
1194 4281 1271 4336 sit
1301 4285 1579 4337 statuere.
1614 4280 1676 4335 Id
1703 4280 1977 4351 equidem

320 4369 381 4423 in
440 4373 631 4423 vestro
690 4368 929 4424 arbitrio
988 4368 1349 4440 relinquens,
1410 4370 1527 4425 Deo
1586 4358 1862 4441 permitto
1916 4373 1981 4424 ut

323 4463 495 4528 prout
525 4458 611 4512 illi
644 4457 927 4529 placuerit
957 4458 1341 4529 gubernetur.
1379 4481 1400 4507 ι
1442 4459 1519 4514 Ea
1547 4475 1681 4514 cum
1713 4458 1979 4528 dixisset,

2082 3313 2152 3352 ex
2173 3297 2325 3353 clero
2348 3296 2526 3367 aliqui
2551 3297 2714 3353 missi
2740 3297 3055 3353 sunt.Cum
3071 3303 3269 3354 autem
3285 3316 3444 3356 more
3456 3300 3627 3357 solito
3640 3318 3743 3372 pa-

2083 3386 2340 3441 triarcha
2358 3401 2421 3442 se
2442 3392 2751 3441 venturum
2776 3392 3069 3458 negasset,
3092 3388 3353 3443 addidit:
3382 3410 3411 3438 ‹‹
3432 3393 3519 3445 Me
3542 3390 3745 3462 utique

2086 3478 2350 3545 absente,
2410 3477 2566 3547 quod
2625 3475 2790 3530 vobis
2843 3475 3157 3546 videbitur,
3215 3478 3320 3533 fiat
3370 3494 3383 3533 :
3438 3496 3741 3550 nunquam

2084 3566 2242 3621 enim
2270 3564 2533 3632 omnino,
2568 3565 2853 3636 quidquid
2895 3566 2967 3620 ad
3018 3566 3075 3620 id
3130 3572 3449 3636 moveatur,
3483 3570 3745 3624 adducar

2087 3660 2151 3709 ut
2180 3654 2299 3709 illic
2334 3670 2427 3709 me
2458 3654 2687 3709 sistam.
2722 3681 2750 3707 ιι
2781 3655 2947 3709 Tunc
2978 3660 3111 3726 pcst
3155 3656 3403 3711 multam
3454 3657 3743 3714 delibera-

2084 3744 2305 3797 tionem
2350 3747 2408 3797 et
2451 3742 2984 3797 considerationem
3034 3748 3320 3799 attentam
3365 3745 3581 3813 Patres,
3616 3763 3740 3801 ma-

2082 3834 2238 3888 xime
2287 3832 2595 3887 studentes
2652 3830 2826 3886 inniti
2879 3833 3230 3900 canonibus,
3263 3835 3637 3906 reperiebant
3684 3836 3742 3889 in

2084 3922 2294 3994 primis
2321 3920 2769 3975 accomodatum
2802 3920 2873 3974 ad
2907 3937 3030 3975 rem
3063 3928 3414 3993 praesentem
3455 3939 3738 3980 canonem

2083 4011 2485 4083 apostolorum
2544 4008 2617 4063 de
2668 4010 3040 4065 recusatione
3090 4012 3336 4081 judicii.
3396 4013 3741 4083 Quanquam

2085 4106 2280 4156 autem
2315 4099 2365 4154 is
2396 4096 2665 4153 sufﬁcere
2708 4097 2854 4168 ipsis
2892 4098 3201 4154 videbatur
3257 4101 3327 4156 ad
3387 4101 3741 4157 sententiam

2088 4191 2221 4261 jure
2270 4188 2589 4255 ferendam,
2621 4190 2818 4241 tamen
2853 4185 2993 4257 quia
3024 4187 3080 4241 in
3114 4188 3301 4244 oculis
3334 4190 3643 4259 universae,
3678 4195 3745 4245 ut

2084 4280 2169 4335 sic
2199 4278 2414 4342 dicam,
2447 4275 2724 4338 civitatis,
2760 4281 2936 4346 prout
2977 4276 3299 4347 imperator
3349 4277 3743 4348 ordinaverat,

2085 4368 2205 4422 haec
2235 4366 2610 4438 gerebantur,
2646 4380 2747 4435 per
2778 4381 2953 4435 quam
2978 4370 3104 4420 erat
3125 4364 3528 4437 vulgatissima
3545 4368 3742 4438 opinio

2086 4473 2150 4511 ac
2196 4454 2403 4510 notitia
2460 4452 2811 4523 simultatis,
2844 4469 2961 4524 qua
3005 4454 3055 4509 is
3086 4454 3476 4526 apatriarcha
3521 4456 3633 4512 sibi
3658 4458 3744 4512 vi-

322 4545 468 4599 illud
500 4555 774 4617 praeterea
805 4563 908 4618 per
937 4547 1255 4617 quamdam
1307 4546 1507 4602 utilem
1552 4548 1779 4604 intento
1830 4565 1976 4618 prae-
2010 4567 2055 4630 D
2088 4545 2287 4600 cissim
2324 4542 2551 4599 infenso
2601 4542 2946 4610 dissidebat,
2976 4559 3049 4598 ne
3080 4560 3181 4616 per
3218 4560 3347 4600 eam
3379 4561 3616 4601 causam
3653 4546 3743 4601 in-

320 4636 764 4706 occupationem
794 4636 1084 4705 adjunxit,
1118 4636 1273 4707 quod
1297 4635 1646 4707 plerumque
1675 4636 1975 4708 continge-

322 4730 411 4780 ret
458 4725 617 4796 ipsos
670 4726 742 4781 de
787 4724 1042 4797 negotiis
1089 4726 1245 4781 264
1293 4741 1538 4781 suarum
1598 4725 1980 4782 ecclesiarum

322 4814 512 4869 audiri
585 4814 955 4886 postulantes
1012 4831 1129 4870 non
1189 4814 1443 4884 admitti,
1500 4830 1681 4870 unam
1740 4831 1980 4870 causam

321 4919 451 4959 esse
474 4904 677 4959 odium
705 4904 762 4959 in
788 4919 850 4959 se
873 4903 1247 4977 patriarchas;
1281 4902 1586 4960 tolleretur
1616 4903 1775 4959 istud
1810 4904 1984 4959 modo

323 4994 671 5049 scandalum
697 5011 711 5049 :
736 4994 968 5051 visuros
984 5010 1084 5049 eos
1106 4995 1307 5050 statim
1332 5010 1507 5065 quam
1542 4993 1796 5049 multum
1827 4995 1984 5065 apud

324 5096 389 5136 se
420 5081 650 5152 possint
695 5097 896 5152 preces
935 5097 1142 5138 omnes
1171 5087 1228 5137 et
1257 5080 1726 5153 signiﬁcationes
1778 5080 1985 5137 volun-

319 5172 460 5225 tatis
486 5169 777 5242 ipsorum.
812 5171 876 5225 In
907 5188 975 5227 ea
998 5170 1179 5227 verba
1208 5171 1371 5241 loqui
1402 5170 1597 5226 desiit.

318 5321 374 5374 6.
412 5322 474 5377 Ut
506 5320 858 5392 congregatis
889 5320 1149 5377 Patribus
1178 5321 1378 5375 ultima
1408 5320 1606 5376 citatio
1633 5328 1685 5376 et
1708 5324 1834 5392 post
1862 5336 1985 5377 eam

823 5395 1120 5449 damnatio
1167 5392 1480 5463 contigerit.

396 5526 683 5583 Postridie
709 5531 1101 5600 congregatus
1135 5544 1371 5583 rursum
1402 5530 1590 5583 castus
1610 5530 1721 5582 est.
1746 5525 1831 5580 Ibi
1852 5542 1986 5598 post

324 5616 513 5671 multa
543 5616 700 5671 varie
731 5617 907 5682 dicta,
931 5620 1175 5687 postque
1206 5616 1473 5689 aliquam
1508 5614 1880 5687 imperatoris
1910 5615 1983 5670 ad

325 5706 625 5778 specimen
652 5706 951 5762 modestiae
977 5705 1307 5763 affectatam
1340 5705 1770 5763 recusationem
1804 5704 1984 5761 inter.

2090 4633 2363 4688 firmandi
2406 4630 2619 4702 judicii
2670 4635 2949 4701 tanquam
2975 4648 3043 4686 ex
3073 4633 3205 4687 odio
3249 4634 3321 4688 ad
3374 4634 3744 4705 imperatoris

2093 4721 2344 4795 gratiam
2392 4719 2495 4775 lati
2539 4720 2771 4774 occasio
2820 4720 3115 4791 quispiam
3147 4726 3206 4777 et
3235 4739 3303 4777 ex
3333 4740 3400 4777 ea
3426 4727 3743 4794 praetextus

2095 4809 2439 4865 schismatis
2488 4812 2831 4863 nasceretur
2861 4807 2933 4863 iis
2964 4809 3065 4879 qui
3092 4810 3239 4865 forte
3283 4828 3405 4866 rem
3456 4812 3541 4866 uti
3586 4829 3744 4868 nunc

2094 4899 2408 4971 gerebatur
2481 4896 2707 4953 narrari
2784 4901 2988 4968 postea
3062 4900 3352 4967 audirent,
3412 4904 3748 4957 statuerunt

2095 4989 2304 5044 iterum
2334 4987 2389 5041 in
2426 4986 2619 5042 medio
2652 4985 3113 5058 Epsetopulum;
3156 4992 3212 5043 et
3260 4989 3528 5045 libellum
3577 4990 3744 5063 sigil-

2093 5078 2260 5133 latim
2308 5075 2584 5148 expensis
2632 5074 2905 5146 capitulis
2953 5076 3204 5133 relectus
3256 5079 3405 5136 265
3441 5084 3551 5147 est,
3584 5083 3642 5136 et
3670 5097 3744 5137 an

2095 5171 2276 5223 testes
2332 5164 2575 5220 haberet
2632 5164 2849 5235 quibus
2900 5165 3277 5222 confirmaret
3324 5185 3447 5239 quae
3500 5185 3745 5226 accusa—

2095 5258 2215 5326 bat,
2270 5255 2666 5325 interrogatus
2723 5258 2814 5310 est
2869 5254 3113 5311 delator.
3155 5256 3257 5312 Ille
3307 5274 3442 5315 vero
3500 5275 3745 5332 respon-

2095 5347 2182 5401 dit
2226 5360 2423 5399 rerum
2470 5342 2662 5413 palam
2716 5343 3157 5401 manifestarum
3204 5346 3361 5403 hunc
3418 5352 3522 5404 aut
3574 5348 3744 5405 illum

2093 5433 2307 5491 adduci
2357 5435 2564 5487 testem
2616 5447 2731 5486 non
2783 5432 3014 5507 debere,
3046 5435 3147 5491 sed
3181 5436 3357 5491 simul
3417 5438 3745 5509 universos,

2095 5524 2252 5596 quod
2303 5537 2462 5591 aeque
2511 5535 2714 5576 omnes
2740 5523 2960 5577 conscii
2993 5523 3280 5580 factorum
3312 5543 3345 5581 a
3374 5541 3437 5581 se
3466 5524 3744 5597 allegato-

2094 5630 2226 5673 rum
2260 5611 2400 5667 sint.
2423 5608 2496 5664 Ut
2518 5612 2716 5664 autem
2749 5611 2948 5667 selecti
2980 5612 3221 5684 quidam
3269 5631 3336 5670 ex
3375 5614 3527 5669 clero
3559 5615 3743 5671 inter-

2096 5702 2279 5776 rogati
2312 5698 2637 5773 praesertim
2669 5699 2741 5755 de
2771 5699 3027 5771 sultane,
3050 5706 3248 5759 utrum
3276 5702 3373 5759 ille
3400 5702 3579 5760 simul
3611 5702 3746 5762 lita-
