4112 6412
362 385 467 445 711

1676 392 1980 449 GEORGII
2018 382 2505 445 PACHYHERE'

3680 386 3792 450 712

360 514 636 585 νομένοις.
676 534 697 563 ι
731 512 819 573 Ὠς
848 516 983 586 γοῦν
1014 510 1320 588 ἑκλεγέντες
1343 513 1483 575 τινὲς
1505 514 1870 589 ἠρωτήθησαν
1900 516 2009 567 τῶν
2040 517 2095 581 Α
2122 509 2213 565 καὶ
2269 517 2439 586 κρεῶν
2497 512 2654 567 ὑείων
2733 511 3017 587 ὀρέγεσθαι
3071 514 3172 583 τὴν
3230 513 3367 569 κατᾶ
3416 515 3787 590 Χριστιανοὺς

358 607 455 655 τοῦ
512 601 748 674 κλήρου,
806 601 895 655 καὶ
941 601 1152 673 μᾶλλον
1204 602 1325 676 περῖ
1386 607 1482 657 τοῦ
1539 602 1791 672 σουλτὰν,
1847 604 1936 657 καὶ
1973 601 2018 656 εἰ

365 692 787 754 συλλιτανεῦσας
871 697 950 762 τῷ
1014 693 1327 766 πατριάρχῃ
1397 690 1763 756 συδκαθίσειεν
1830 694 2022 765 ἀναγι-

368 781 722 854 νωσκομένιου
753 785 847 835 τιῦ
879 780 1202 855 θεολογικοῦ
1258 780 1424 857 λόγου
1477 782 1611 836 κατὰ
1662 783 1723 836 τὸ
1776 782 2021 850 σύνηθες,

369 870 525 932 εὐθὺς
575 869 904 943 ὡμολόγουν
955 870 1098 923 οὕτω
1146 869 1409 944 γενέσθαι,
1458 873 1553 925 τὸν
1602 868 1659 926 δὲ
1709 869 1943 924 ocul-civ
1975 869 2021 924 εί

364 959 689 1031 Χριστιανός
731 959 874 1013 ἐστιν
940 957 1045 1013 εἷ’τε
1099 958 1188 1012 καὶ
1242 961 1318 1031 μὴ
1383 962 1457 1033 μή
1512 958 1709 1015 εἰδέναι
1764 957 2018 1035 ἔφασκον,

362 1050 498 1109 τέως
528 1046 575 1101 δ’
628 1048 832 1102 ἐκεῖνον
886 1048 1010 1101 τότε
1067 1048 1391 1122 Χριστιανὸν
1452 1050 1692 1121 νομίζειν
1746 1048 2017 1121 ἄντικρυς.

364 1136 431 1193 Ol
462 1141 595 1210 γοῦν
628 1137 902 1210 κρίνοντες
930 1140 1093 1190 τοῦτο
1148 1138 1313 1208 μόνον
1363 1132 1658 1210 λαμϐάνειν
1708 1136 1910 1205 ἤθελον
1955 1138 2019 1190 τὸ

362 1223 858 1281 συλλιτανεύσαντα
923 1228 1274 1297 καθεοθῆναι,
1324 1227 1385 1280 τὸ
1437 1224 1483 1281 δ’
1542 1227 1649 1281 εἷ’τε
1701 1227 2021 1301 Χριστιανὸς

358 1314 465 1370 εἴτε
493 1316 581 1370 καὶ
619 1317 720 1388 μή,
755 1315 953 1377 ωὐτοῖς
1000 1311 1229 1392 ἔφασκον
1287 1317 1549 1387 ζητητέον
1604 1318 1762 1383 εἶναι,
1806 1317 1896 1370 καὶ
1931 1314 2018 1369 ἐπὶ

354 1404 569 1466 τούτοις
628 1404 835 1459 πολλοὶ
888 1408 1205 1479 παρήγοντο
1268 1407 1705 1481 μαρτυρήσοντες
1754 1406 1816 1459 τὸ
1861 1400 2021 1465 σέϐας

361 1492 550 1565 ἐκείνῳ
594 1494 669 1566 μὴ
705 1494 842 1548 κατὰ
899 1494 1257 1567 Χριστιανοὺς
1300 1495 1454 1563 εἶναι,
1516 1494 1615 1548 οὐκ
1670 1492 1792 1549 οἴδα
1845 1491 1891 1548 δ’
1924 1491 2021 1547 εἴτ’

362 1580 585 1651 ἀληθὲς,
630 1581 737 1637 εἴτε
797 1584 906 1655 μὴν
962 1583 1349 1658 θεραπεύοντες
1408 1584 1499 1638 τὸν
1554 1588 1843 1657 κρατοῦνα.
1875 1584 2019 1644 Τέως

360 1667 419 1725 δὲ
446 1691 526 1746 γε,
583 1670 657 1732 ὡς
706 1671 926 1745 ὕστερον
977 1674 1125 1743 ἡμᾶς
1188 1672 1540 1736 πυνθάνεσθαι
1594 1678 1698 1726 τῶν
1752 1671 2015 1726 τοιούτων

356 1758 518 1823 τέλος
549 1755 855 1829 λαϐόντων,
888 1762 914 1815 ὁ
948 1761 1181 1815 σουλτὰν
1214 1761 1542 1825 ἀποστείλας
1572 1763 1709 1835 πρὸς
1753 1762 1843 1814 τὸν
1878 1781 2017 1835 κρα-

2130 599 2417 655 πολιτείαν
2460 599 2843 679 ἐμφαίνοντος.
2904 601 3035 657 Τότε
3095 600 3153 657 δὲ
3209 604 3285 665 ὡς
3342 602 3633 659 άτιλέστου
3663 607 3793 679 περὶ

2128 695 2225 744 τοῦ
2267 690 2497 746 σουλτὰν
2555 692 2970 767 βουλευομένων
3032 693 3249 749 ἐκείνων
3310 692 3483 750 ἐδόκει
3544 693 3794 757 κίνδυνος

2133 778 2357 857 ὲξῆφθαι
2388 783 2467 852 τῷ
2500 780 2837 857 πατριάρχῃ.
2896 783 3065 838 Ἦσαν
3128 781 3174 836 δ’
3229 780 3397 837 ἄλλοι
3442 781 3493 838 οἵ
3523 789 3618 837 καῖ
3646 782 3792 859 γλαο

2129 869 2442 944 φυρώτερον
2501 868 2824 944 ἐπτχείρουν
2889 868 3047 939 δῆθεν
3107 872 3621 946 προσεπιτιθέμενοι
3669 879 3789 936 ταῖς

2128 958 2504 1033 κατηγορίαις,
2539 960 2615 1022 ὡς
2643 958 2795 1035 εἴπερ
2838 960 3085 1021 κακεῖνος
3139 960 3215 1024 εἷς
3258 960 3614 1034 Χριστιανοὺς
3649 963 3791 1033 άλη-

2130 1050 2238 1110 θῶς
2296 1045 2507 1118 ἐτέλει,
2546 1048 2608 1102 τὸ
2664 1053 2796 1121 γοῦν
2846 1049 2968 1123 περὶ
3030 1048 3236 1105 ἐλεῖνον
3297 1052 3558 1125 Περσικὸν
3618 1051 3787 1107 καλὸν

2126 1135 2192 1203 ἦν
2231 1136 2475 1197 ἐκτόπως
2505 1138 2594 1190 τὸν
2656 1139 3007 1212 πατριάρχην
3064 1136 3446 1215 φυλάττεσθαι·
3511 1138 3654 1212 μηδὲ
3683 1141 3786 1215 γὰρ

2126 1224 2403 1287 κάκείνους
2470 1224 2669 1289 πάντας
2715 1227 3068 1297 Χριστιανοὺς
3128 1229 3257 1283 εἶναι
3312 1227 3345 1297 ἢ
3407 1230 3499 1283 καὶ
3558 1227 3771 1306 λογίζε-

2128 1326 2273 1379 σθαι.
2336 1316 2424 1377 Ὦς
2457 1320 2587 1390 γοῦν
2644 1318 2783 1391 πρὸς
2840 1318 2903 1371 τὸ
2957 1317 3022 1371 τά
3081 1314 3345 1372 δοκοῦντα
3391 1318 3785 1396 ἀποφαίνεσθαι

2126 1403 2287 1473 ἦσαν,
2334 1404 2386 1457 οἱ
2450 1406 2543 1476 μὲν
2603 1403 2853 1476 πλείους,
2887 1406 2921 1474 ἢ
2957 1407 3046 1460 καὶ
3105 1406 3299 1470 πάντες
3353 1408 3501 1481 παρὰ
3558 1408 3701 1469 τινὰς
3738 1410 3787 1481 (ὁ

2128 1493 2600 1568 Ποντοηρακλείας
2668 1494 2919 1567 Θεόωρος
3004 1496 3163 1560 οὗτος
3217 1499 3283 1565 ἦν
3322 1541 3336 1565 ,
3408 1498 3435 1551 ὁ
3492 1498 3782 1572 Εύχαϊτῶν

2126 1580 2398 1655 Ἀλέξιος,
2433 1585 2461 1637 ὁ
2487 1582 2740 1655 Βρύσεως
2795 1585 3075 1654 Ἰωάννης,
3108 1585 3200 1640 καὶ
3236 1588 3351 1659 μετ’
3384 1574 3563 1641 αὐτῶν
3596 1586 3783 1642 ἄλλοι·

2126 1672 2154 1724 ὁ
2183 1672 2283 1746 γὰρ
2316 1674 2399 1745 [Ρ.
2459 1675 2583 1745 180]
2641 1674 2969 1744 Μιτυλήνης
3025 1677 3330 1751 Γρηγόριος
3365 1676 3436 1731 τὰ
3463 1674 3653 1731 πολλὰ
3706 1682 3785 1749 τῷ

2126 1763 2442 1837 πατριάρχῃ
2489 1763 2806 1838 προσέχων,
2842 1763 2961 1819 ἐπεὶ
3018 1766 3117 1834 τὴν
3170 1763 3328 1837 δίκην
3389 1765 3783 1840 ἀπηρτημένην

358 1854 571 1919 τοῦντα,
606 1850 723 1905 ἐπεὶ
762 1851 909 1922 παρὰ
957 1852 1056 1918 τὴν
1112 1849 1278 1905 αὐτοῦ
1336 1851 1512 1905 αἰτίαν
1568 1853 1872 1923 μεμαθτςκει
1921 1850 2013 1904 τὸν
2048 1881 2093 1946 Β
2128 1850 2274 1924 ἑώρα
2322 1853 2395 1919 οἱ,
2455 1853 2612 1907 νόσον
2670 1854 3023 1927 σκηψάμενος
3083 1856 3255 1928 ἀπῆν,
3303 1856 3348 1927 ᾧ
3400 1853 3466 1924 δὴ
3518 1857 3608 1910 καὶ
3671 1862 3790 1929 μετ’

356 1939 707 2015 πατριάρχην
751 1939 1087 2011 ἐξελαθέντα,
1140 1939 1232 1993 σὺν
1282 1939 1481 2001 ἄλλοις
1532 1943 1617 2002 οἷς
1666 1939 1891 2011 ἐμήνυε,
1923 1941 2012 1994 καὶ

358 2036 521 2087 τοῦτο
582 2030 883 2106 χαριέντως
933 2029 969 2097 ἢ
1006 2028 1221 2102 μᾶλλον
1281 2031 1371 2083 καὶ
1434 2029 1643 2105 βαθέως
1702 2028 2010 2101 ἁπτόμενος

356 2123 805 2195 προσεμμήνυεν,
837 2119 1001 2189 ἀξιῶν
1034 2118 1242 2173 στεῖλαί
1276 2120 1327 2173 οἱ
1356 2124 1463 2173 τῶν
1498 2117 1702 2173 ἐκείνου
1733 2116 2013 2195 διαφερόνς

362 2231 475 2272 τως
505 2210 572 2264 τὰ
616 2210 739 2283 ἱερὰ
789 2210 1163 2281 περιάμματα,
1194 2207 1227 2260 ἆ
1259 2204 1325 2275 δὴ
1384 2207 1473 2263 καὶ
1533 2206 1797 2283 ἐγκόλπια
1830 2208 1858 2260 ὁ
1890 2227 2012 2261 κοι-

367 2298 460 2360 νὸς
490 2298 750 2370 ὀνομάζει
782 2295 975 2369 λόγος,
1007 2296 1097 2349 καὶ
1126 2294 1170 2349 εἰ
1210 2292 1495 2369 βούλοιτο,
1527 2295 1618 2349 καὶ
1663 2297 1863 2370 χοίρου
1906 2316 2007 2349 τα-

369 2388 690 2462 ριχευθέντα
748 2384 923 2459 μηρὸν
982 2384 1057 2446 ὡς
1096 2384 1419 2460 ὀρεγόμενος
1478 2386 1665 2459 φάγοι.
1718 2386 1818 2439 Καὶ
1865 2386 2012 2438 τοῦτ’

364 2478 433 2546 ἦν
473 2473 595 2531 τότε
640 2480 722 2548 τῷ
784 2472 999 2550 βασιλεῖ
1052 2475 1177 2548 περὶ
1232 2478 1330 2528 τοῦ
1387 2473 1731 2548 πατριάρχου
1781 2469 2011 2547 ἔλεγχος

365 2567 666 2641 ἄντικρυς,
726 2568 806 2637 τῷ
866 2564 959 2638 μὲν
1012 2562 1145 2617 εἶναι
1222 2566 1331 2617 τῶν
1388 2564 1546 2617 θείων
1604 2562 2009 2635 ἐκτυπωμάτων

361 2655 734 2730 κροσκυνητὴν
793 2652 857 2707 τὸ
918 2647 1075 2714 σέϐας
1132 2651 1299 2706 αὐτοῦ
1358 2657 1755 2728 παριστῶντος,
1814 2656 1894 2723 τῷ
1956 2649 2012 2705 δὲ

362 2854 491 2909 nias
540 2852 848 2908 recitasset
895 2864 1030 2905 cum
1075 2848 1430 2920 patriarcha,
1463 2853 1520 2904 et
1548 2850 1692 2903 dum
1725 2848 2017 2920 legeretur

360 2943 599 2999 divinus
627 2956 821 2996 sermo
853 2938 925 2995 de
956 2954 1136 3005 more,
1170 2937 1491 2994 assedisset
1519 2954 1658 3006 una,
1692 2938 1890 2993 statim
1924 2953 2012 2993 re-

358 3033 724 3105 sponderunt
753 3028 837 3085 ita
866 3030 1087 3084 factum
1119 3026 1326 3095 fuisse,
1350 3026 1549 3082 sultan
1571 3043 1707 3082 vero
1738 3026 2015 3082 Chsistia—

359 3138 474 3178 nus
495 3136 677 3177 necne
697 3118 775 3176 sit
795 3134 858 3174 se
877 3117 1137 3185 nescire;
1161 3131 1229 3172 ac
1250 3119 1376 3171 tum
1409 3116 1648 3185 quidem
1680 3132 1741 3171 se
1776 3120 2014 3186 putasse

356 3212 525 3267 illum
558 3208 978 3264 Christianum.
1002 3204 1159 3263 Velle
1188 3209 1385 3260 autem
1410 3222 1471 3260 se
1494 3204 1749 3273 aiebant,
1774 3204 2011 3273 judices

356 3300 469 3356 hoc
489 3296 683 3355 solum
706 3313 810 3369 pro
834 3293 1174 3351 testimonio
1207 3292 1493 3363 accipere,
1514 3292 1692 3347 simul
1725 3309 1924 3348 orasse
1954 3297 2013 3348 et

358 3388 653 3445 assedisse
679 3385 974 3442 sultanem
1008 3399 1022 3439 :
1056 3381 1248 3453 qualis
1279 3386 1478 3437 autem
1509 3382 1707 3448 fuerit,
1732 3381 2016 3437 Christia-

359 3495 473 3534 nus
502 3495 579 3534 an
608 3490 899 3548 paganus,
932 3471 1316 3543 quaerendum
1345 3486 1413 3524 ex
1444 3487 1505 3524 se
1538 3486 1653 3525 non
1680 3487 1830 3525 esse.
1864 3470 2015 3525 Pras-

356 3569 447 3621 ter
475 3564 586 3620 hos
614 3578 752 3633 ergo
783 3558 1053 3632 producti
1084 3556 1182 3612 alii
1214 3555 1381 3612 multi
1414 3562 1555 3613 sunt
1600 3557 1698 3627 qui
1738 3557 2014 3613 testifica-

357 3658 562 3710 rentur
574 3668 690 3708 non
704 3666 833 3706 esse
845 3647 1012 3703 illum
1028 3645 1332 3717 religionis
1345 3645 1689 3723 Christianae
1704 3647 2012 3702 cultorem.

354 3744 520 3807 Quod
553 3745 751 3795 utrum
779 3736 868 3791 illi
896 3752 965 3792 ex
992 3750 1127 3791 vero
1149 3734 1514 3790 afﬁrmarent
1535 3752 1606 3790 an
1623 3736 2015 3805 obsequentes

354 3827 698 3902 imperatori
771 3827 1080 3898 ﬁngerent,
1130 3823 1286 3879 haud
1364 3823 1549 3880 habeo
1625 3830 2013 3897 compertum.

355 3918 749 3990 Cognovimus
782 3921 974 3971 tamen
1026 3916 1253 3985 postea,
1284 3911 1504 3983 perlato
1531 3915 1651 3983 jam
1684 3920 1741 3969 et
1770 3931 2015 3971 exsecu-

357 4008 506 4065 tioni
551 4005 832 4063 mandato
877 4002 1123 4075 judicio,
1154 4002 1447 4058 sultanem
1485 4003 1585 4058 ubi
1614 4003 1878 4061 audisset
1906 4021 2017 4061 sua

356 4115 538 4155 causa
553 4095 885 4169 depositum
914 4092 1588 4165 patriarcham,misisse
1608 4095 1677 4148 ad
1707 4094 2016 4164 imperato-

356 4204 483 4245 rem
507 4188 652 4260 (sive
684 4186 739 4241 id
763 4186 897 4256 joco
929 4184 1049 4239 sive
1079 4182 1233 4238 serio
1264 4188 1366 4237 aut
1399 4199 1752 4253 quocunque
1774 4184 2014 4240 demum

353 4278 601 4335 consilio
635 4274 857 4346 fecerit)
889 4273 990 4345 qui
1021 4289 1156 4329 eum
1191 4277 1467 4343 rogarent
1496 4273 1567 4327 ad
1592 4290 1657 4327 se
1686 4271 1917 4327 mittere
1944 4288 2015 4327 ne

352 4371 697 4441 gravaretur
744 4364 1011 4436 quaedam
1041 4378 1113 4417 ex
1144 4361 1272 4416 suis
1321 4360 1508 4416 sacris
1557 4360 1854 4427 amuletis,
1886 4379 2014 4432 quae

352 4456 617 4529 vulgaris
666 4470 860 4510 sermo
891 4455 1061 4507 vocat
1089 4449 1377 4521 encolpia,
1410 4449 1716 4505 icunculas
1747 4450 2018 4507 videlicet

353 4545 571 4619 gestari
593 4544 664 4599 de
686 4542 833 4598 collo
856 4539 1178 4612 pendentes
1200 4538 1271 4593 ad
1296 4537 1494 4593 sinum
1518 4537 1822 4609 religionis
1834 4555 2013 4594 causa

360 4600 593 4702 solitas,
615 4638 673 4689 et
685 4600 940 4704 jussisse
971 4631 1036 4683 ut
1065 4628 1348 4683 adderent
1367 4644 1450 4693 se,
1476 4627 1524 4683 si
1553 4600 1728 4683 vellet
1757 4628 1836 4683 im
1846 4644 2012 4699 pera-
2046 4600 2088 4665 D

352 4730 445 4782 tor
468 4722 762 4794 religionis
785 4736 904 4776 sua:
927 4717 1221 4788 specimen
1246 4733 1472 4788 capere,
1488 4715 1573 4771 vel
1591 4716 1747 4787 porci
1770 4716 2011 4773 salitum

356 4817 551 4870 femur
606 4812 774 4868 avide
831 4811 1255 4864 comesturum.
1287 4809 1410 4870 Quo
1452 4805 1789 4860 testimonio
1841 4806 2014 4876 plane

356 4906 511 4961 266
539 4899 1003 4959 confirmabatur
1029 4894 1372 4967 imperatori
1394 4894 1567 4965 culpa
1588 4895 1644 4949 in
1670 4894 1779 4948 hoc
1811 4910 2014 4951 vacare

354 4992 774 5064 patriarcham,
809 5003 944 5042 cum
1004 5001 1204 5040 revera
1261 4982 1659 5038 Christianum
1707 4982 1900 5037 sultan
1952 4999 2013 5039 se

354 5083 632 5153 probaret
679 5085 806 5135 tum
858 5074 1186 5131 exhibendo
1240 5089 1302 5127 se
1349 5088 1652 5128 sacrarum
1684 5071 2012 5143 imaginum

357 5175 780 5228 veneratorem,
806 5174 929 5221 tum
972 5180 1035 5218 se
1062 5168 1302 5234 gustare
1352 5161 1601 5215 libenter
1631 5177 1838 5215 carnes
1869 5161 2013 5217 suil-

357 5259 447 5314 las
476 5257 848 5312 declarando.
874 5254 1159 5308 Caeterum
1208 5260 1345 5305 tunc
1398 5266 1531 5304 cum
1566 5251 1623 5303 in
1658 5250 1774 5304 illis
1806 5250 1876 5305 de
1909 5267 2011 5320 pa-

358 5344 617 5403 triarcha
639 5342 1162 5413 disquisitionibus
1184 5339 1351 5411 quasi
1377 5356 1477 5409 pro
1505 5340 1885 5394 fundamento
1909 5356 2013 5410 po-

362 5439 602 5491 neretur
634 5432 878 5487 minime
910 5429 1074 5484 illum
1110 5430 1291 5484 fuisse
1323 5427 1676 5482 Christianis
1720 5428 2014 5500 mysteriis

357 5523 680 5589 initiatum,
714 5519 921 5588 utique
950 5518 1256 5572 videbatur
1303 5518 1426 5572 inte
1473 5516 1810 5587 impendere
1861 5518 2012 5589 peri-

358 5610 561 5666 culum
593 5605 957 5682 patriarchas.
988 5606 1166 5659 Erant
1206 5606 1304 5675 qui
1334 5603 1610 5661 callidius
1642 5609 1700 5661 et
1730 5605 1803 5661 ad
1836 5606 2013 5671 finem

354 5702 596 5758 intentas
627 5692 1022 5755 damnationis
1051 5694 1488 5763 assequendum
1510 5691 1809 5751 efﬁcacius
1840 5710 2015 5769 argu-

2124 1936 2441 2015 ἑμϐριθείας
2483 1943 2511 1995 ὁ
2544 1947 2757 2017 κρατῶν
2817 1942 2917 2015 ἐμὲ
2974 1944 3047 2006 ὡς
3107 1948 3364 2015 νοτάριον
3421 1943 3783 2000 ἀποστέλλων

2120 2029 2157 2097 ἢ
2189 2029 2428 2100 ἀπαντᾷν
2459 2029 2495 2098 ἢ
2529 2028 2737 2085 διδόναι
2775 2034 2876 2101 τήν
2924 2031 3153 2108 γνώμην
3213 2032 3450 2101 ἆκέλευε,
3484 2034 3572 2088 καὶ
3610 2032 3775 2106 μόλις

2121 2120 2220 2188 τὴν
2247 2118 2449 2172 οἰκείαν
2482 2122 2711 2193 γνώμην
2741 2124 2820 2191 τῷ
2849 2140 2906 2173 τε
2936 2121 3213 2193 Λαρίσσης
3265 2126 3456 2193 Θωμᾷ,
3503 2126 3583 2191 τῷ
3634 2124 3780 2179 Ναυ-

2122 2209 2331 2261 πάκτου
2389 2206 2616 2280 Ἰωάννῃ
2674 2207 2764 2261 καὶ
2821 2209 2899 2279 τῷ
2953 2205 3460 2281 Ἀδριανουπόλεως
3516 2212 3778 2282 Γερμανῷ

2121 2293 2582 2369 προσανετίθετο),
2615 2296 2667 2347 οἱ
2696 2299 2825 2368 γοῦν
2868 2296 3014 2369 παρὰ
3058 2296 3186 2360 τοὺς
3234 2296 3557 2371 εἱρημένους
3591 2294 3651 2351 ἐκ
3679 2300 3776 2350 τοῦ

2120 2391 2465 2458 παραχρῆμα
2519 2383 2830 2459 καθαίρεσιν
2901 2389 2997 2438 τοῦ
3054 2384 3403 2461 πατριάρχου
3470 2386 3780 2461 κατεψηφί-

2126 2478 2302 2540 ζοντο,
2363 2470 2509 2541 πλὴν
2572 2474 2646 2533 ὡς
2703 2470 3123 2549 φυγοδικοῦντος
3178 2475 3241 2528 τὸ
3298 2472 3490 2528 πλέον·
3554 2475 3615 2528 τὸ
3672 2493 3777 2547 γαρ

2122 2561 2353 2617 σουλτὰν
2389 2559 2499 2617 εἷ’τε
2540 2563 2869 2637 Χριστιανὸς
2914 2560 2988 2616 si’v
3042 2562 3149 2617 εἴτε
3195 2562 3288 2617 καὶ
3343 2564 3443 2635 μὴ,
3496 2563 3578 2617 ἐπ’
3610 2563 3782 2635 ἀμφι.

2123 2646 2315 2712 ϐόλοις
2346 2650 2579 2724 ἐτίθουν,
2629 2649 2890 2726 ὁποχρῶν
2940 2649 3000 2705 8‘s
3044 2651 3183 2727 πρὸς
3214 2649 3518 2723 καταδίκην
3565 2656 3643 2723 τῷ
3683 2672 3785 2706 κα-

2126 2851 2554 2919 mentarentur,
2587 2847 2910 2921 allegantes
2937 2865 3144 2919 parum
3166 2849 3234 2904 ad
3262 2865 3559 2905 summam
3581 2848 3787 2904 crimi-

2124 2937 2220 2993 nis
2235 2937 2451 2995 referre
2472 2937 2725 2994 sultanis
2743 2937 2933 3009 ipsius
2954 2942 3173 2994 statum
3198 2939 3391 3009 quoad
3416 2937 3780 3010 religionem.

2124 3024 2198 3079 Ut
2247 3024 2404 3081 enim
2455 3023 2555 3082 ille
2606 3041 2807 3082 revera
2862 3024 3231 3082 Christianus
3290 3025 3488 3093 fuerit,
3549 3031 3703 3081 certe
3751 3042 3787 3082 a

2124 3113 2317 3169 Persis
2364 3114 2495 3183 ejus
2542 3113 2863 3171 comitibus
2904 3114 3128 3184 pariter
3155 3118 3212 3171 et
3242 3114 3575 3186 prosmicue
3605 3112 3783 3169 simul

2123 3201 2352 3258 cunctis
2400 3201 2785 3258 admittendis
2817 3218 3023 3259 cavere
3054 3202 3331 3259 debuisse
3363 3203 3786 3274 patriarcham,

2125 3307 2261 3346 cum
2290 3290 2435 3348 satis
2467 3296 2762 3349 constaret
2792 3307 3166 3363 nequaquam
3198 3291 3330 3348 illos
3353 3292 3664 3349 universos
3680 3296 3786 3348 aut

2120 3381 2304 3437 fuisse
2351 3384 2456 3435 aut
2503 3379 2737 3437 habitos
2786 3395 2917 3437 esse
2960 3380 3343 3439 christianos.
3378 3381 3452 3438 Ut
3483 3386 3676 3439 autem
3707 3382 3782 3438 ad

2120 3468 2402 3526 dicendas
2426 3469 2749 3527 sententias
2764 3474 3007 3526 ventum
3039 3474 3152 3541 est,
3175 3470 3439 3542 plerique
3461 3474 3563 3526 aut
3583 3470 3782 3541 potius

2120 3574 2327 3615 omnes
2393 3563 2601 3629 praeter
2653 3559 2938 3631 quosdam
2999 3559 3083 3630 (hi
3141 3560 3381 3616 fuerunt
3438 3560 3783 3616 Theodorus

2120 3646 2413 3704 Heracleae
2470 3648 2661 3719 Ponti,
2718 3647 2956 3705 Alexius
3027 3647 3469 3715 Euchaitarum,
3521 3648 3829 3704 Joannes

2120 3736 2341 3809 Brysis,
2365 3742 2422 3794 et
2458 3754 2594 3795 cum
2628 3738 2720 3795 his
2752 3737 2852 3794 alii
2886 3754 2900 3794 :
2938 3755 3074 3794 nam
3107 3738 3422 3810 Gregorius
3449 3738 3781 3810 Mitylenes,

2121 3827 2464 3899 patriarchae
2498 3827 2751 3885 multum
2785 3828 3041 3895 deditus,
3065 3828 3166 3884 ubi
3202 3828 3501 3900 prospexit
3531 3828 3582 3883 ei
3613 3829 3781 3884 dam-

2120 3918 2418 3973 nationem
2478 3917 2811 3984 imminere,
2862 3916 3140 3974 simulato
3191 3918 3397 3974 morbo
3456 3917 3663 3988 abfuit,
3706 3919 3780 3973 ad

2120 4021 2295 4076 quem
2325 4004 2552 4077 impetu
2597 4006 2825 4062 ardenti
2876 4006 3195 4077 imperator
3245 4022 3360 4072 me,
3396 4022 3499 4077 pro
3548 4023 3613 4061 eo
3662 4023 3780 4077 quo

2119 4098 2261 4148 tunc
2291 4093 2581 4165 fungebar
2611 4094 2820 4150 notarii
2852 4110 3117 4165 munere,
3151 4095 3235 4150 ire
3263 4094 3568 4151 confestim
3596 4095 3785 4165 jussit

2120 4184 2605 4239 denuntiaturum
2639 4188 2706 4239 ut
2734 4183 2973 4240 omnino
3005 4188 3105 4239 aut
3133 4183 3358 4239 veniret
3400 4190 3500 4239 aut
3540 4189 3781 4240 senten-

2118 4271 2261 4327 tiam
2295 4289 2462 4328 suam
2497 4271 2645 4327 mihi
2674 4273 2747 4327 ad
2774 4274 3067 4344 synodum
3101 4271 3358 4328 relaturo
3416 4274 3651 4342 ederet;
3703 4274 3777 4329 ad

2120 4377 2248 4431 quae
2278 4360 2331 4415 is
2362 4377 2514 4432 aegre
2556 4362 2793 4417 tandem
2852 4376 3204 4432 responsum
3260 4362 3600 4433 expediens,
3634 4361 3784 4417 dixit

2120 4464 2204 4515 se,
2237 4450 2392 4519 quod
2424 4449 2677 4506 Thomas
2712 4449 2979 4517 Larissae,
3010 4452 3265 4508 Joannes
3297 4450 3602 4522 Naupacti,
3635 4452 3782 4507 Ger-

2120 4553 2333 4593 manus
2393 4538 2852 4610 Adrianopoleos
2912 4539 3173 4611 episcopi
3221 4545 3549 4607 censerent,
3599 4540 3780 4596 etiam

2122 4628 2319 4698 ipsum
2370 4627 2611 4692 sentire,
2641 4644 2707 4683 ac
2735 4627 2884 4684 velle
2935 4628 3122 4686 tribus
3166 4628 3429 4699 ipsorum
3481 4630 3784 4701 suffragiis

2124 4733 2299 4773 suum
2324 4722 2602 4787 quartum
2624 4716 2798 4788 plane
2819 4718 3194 4774 consentiens
3209 4718 3782 4791 adjungi),exceptis,

2123 4805 2386 4878 inquam,
2419 4805 2515 4862 his
2563 4822 2712 4878 quos
2762 4807 2936 4862 modo
2975 4806 3298 4874 nominavi,
3332 4806 3542 4879 reliqui
3574 4825 3784 4864 omnes

2125 4900 2471 4969 praesentem
2486 4897 3018 4953 exauctorationem
3036 4896 3380 4966 patriarchas
3394 4898 3639 4953 concord
3650 4898 3786 4955 ibus

2125 4984 2368 5042 calculis
2399 4985 2800 5051 decreverunt,
2825 4985 2927 5043 sed
2963 4984 3172 5055 majori
3222 5001 3291 5039 ex
3335 4989 3499 5056 parte
3530 4987 3603 5041 ob
3637 5004 3783 5042 con-

2122 5074 2442 5132 tumaciam
2503 5074 2653 5130 261
2716 5090 2833 5129 non
2886 5073 3137 5130 sistendi
3196 5090 3258 5129 se
3305 5075 3531 5144 judicio
3581 5091 3593 5130 :
3641 5092 3779 5133 nam

2124 5165 2345 5220 crimen
2366 5165 2437 5218 de
2459 5162 2693 5219 sultane
2722 5162 2960 5234 longam
2983 5178 3090 5218 nec
3113 5165 3508 5221 necessariam
3541 5165 3783 5223 aiebant

2126 5270 2365 5325 poscere
2396 5252 2873 5322 disquisitionem
2918 5253 2990 5307 de
3038 5251 3319 5323 religione
3348 5254 3495 5323 ejus,
3530 5271 3646 5325 qua
3677 5256 3777 5310 de-

2124 5342 2291 5413 fungi
2321 5341 2538 5406 liceret,
2568 5340 2625 5394 in
2659 5341 2935 5411 ambiguo
2969 5337 3353 5411 relinquendo
3403 5343 3779 5400 Christianus

2125 5447 2306 5485 necne
2358 5430 2553 5497 fuerit,
2588 5430 2824 5483 nitendo
2875 5433 3068 5482 autem
3103 5428 3171 5483 ad
3206 5428 3645 5487 damnationem
3681 5451 3780 5487 ac-

2125 5518 2312 5575 cusati
2370 5534 2436 5574 eo
2490 5518 2648 5588 quod
2694 5523 2755 5573 et
2805 5522 2957 5573 certo
3015 5522 3309 5573 constaret
3352 5525 3410 5575 et
3447 5522 3778 5578 secundum

2121 5607 2280 5678 leges
2338 5607 2658 5675 sufficeret,
2704 5604 3073 5662 recusatione
3103 5605 3373 5664 videlicet
3400 5612 3780 5682 comparandi

2123 5700 2260 5754 ante
2308 5694 2642 5767 legitimum
2688 5692 2971 5763 tribunal,
3005 5709 3121 5765 quo
3160 5694 3274 5752 rite
3316 5697 3532 5756 citatus
3579 5699 3777 5760 fuerit.
