4112 6452
320 484 427 538 713
486 454 493 455 ί

1385 482 1482 535 DE
1520 479 1893 535 MICHALLE
1930 478 2384 535 PALEOLOGO
2421 480 2555 534 LIB.
2595 482 2693 535 IV.

3643 483 3753 539 714

320 605 724 682 τηγορουμένῳ
752 603 814 657 τὸ
844 608 942 671 τῆς
982 599 1303 679 φυγοδικίας
1347 602 1438 656 καὶ
1500 600 1661 675 μόνον
1720 600 1974 674 ἐνόμιζον
2005 608 2054 671 Α
2089 601 2375 675 νεγκόντας
2407 603 2506 671 την
2540 606 2640 667 τῆς
2672 599 2828 673 δίκης
2857 607 3039 678 ψῆφον
3071 609 3149 676 τῷ
3195 605 3542 680 πατριάρχῃ.
3570 610 3632 658 ‘0
3682 602 3751 673 δὴ

323 691 604 772 ἔγκλημα,
638 692 712 754 ὡς
773 691 855 747 ἐπ’
896 688 1205 767 ἐγκλήμασι
1264 695 1342 763 τῷ
1398 687 1786 767 φυγοδικοῦντι
1846 711 1984 763 συμ-

322 780 532 840 ϐαῖνον.
568 784 636 838 Οἱ
696 780 753 836 δὲ
810 780 899 835 καὶ
955 780 1129 857 σφίσιν
1186 774 1498 834 ἀντέϐαινον
1549 781 1774 848 ἱκανῶς,
1809 778 1882 840 ὡς
1936 776 1984 832 εἴ

330 875 423 948 μὲν
458 874 533 935 ὡς
564 872 903 940 κοινωνήσας
938 864 1291 924 ἀλλοσεϐέσιν
1337 870 1364 923 ὁ
1423 870 1772 944 πατριάρχης
1828 865 1983 930 εὐθύ-

323 984 497 1033 νοιτο,
530 966 747 1037 πρῶτον
786 960 907 1031 μὲν,
938 956 1065 1014 ἀλλ’
1096 955 1305 1029 ἄδηλον
1352 959 1410 1013 ’ὀν
1472 957 1517 1011 εἰ
1576 954 1786 1018 ἀσεϐεῖς
1845 956 1983 1011 έκεῖ-

327 1074 434 1116 νοι,
480 1053 543 1106 τὸ
597 1044 853 1124 ἔγκλημα
911 1042 1223 1121 συμϐαίνειν
1280 1045 1595 1120 ἐξασθενεῖν.
1657 1046 1720 1102 Εἰ
1781 1043 1838 1099 δὲ
1894 1045 1981 1099 καὶ

325 1148 447 1206 ταῖς
473 1139 756 1211 ἀληθείαις
789 1137 890 1209 ἔξω
921 1144 1018 1206 τῆς
1066 1134 1241 1207 αὐλῆς
1298 1141 1392 1190 τοῦ
1450 1138 1687 1210 Χριστοῦ
1742 1136 1769 1189 ὁ
1827 1132 1988 1189 σουλο

327 1233 443 1301 τάν,
470 1232 561 1285 τὸν
600 1229 693 1303 μὲν
726 1228 1075 1303 πατριάρχην
1107 1227 1197 1280 καὶ
1250 1225 1423 1287 οὕτως
1482 1224 1765 1288 ἀνεύθυνον
1826 1224 1982 1293 εἶναι,

326 1328 424 1379 τοῦ
482 1323 683 1383 παντὸς
744 1319 832 1375 ἐπὶ
887 1323 968 1391 τῷ
1030 1321 1396 1394 μαρτυροῦντι
1440 1315 1699 1390 κειμένου
1732 1336 1744 1348 ·
1780 1318 1808 1371 ὁ
1840 1313 1885 1370 δ’
1916 1316 1983 1384 ἦν

330 1416 358 1469 ὁ
394 1409 673 1475 Πισσιδίας
713 1408 1014 1485 Μακάριος.
1047 1407 1113 1464 Εἰ
1163 1404 1209 1461 δ’
1241 1405 1356 1476 οὖν,
1385 1405 1530 1462 ἀλλά
1581 1405 1986 1469 συνευθόνεσθαι

330 1504 418 1559 καὶ
450 1501 577 1565 τοὺς
607 1499 815 1562 ἄλλους
864 1503 946 1571 τῷ
992 1497 1330 1572 πατριάρχη,
1362 1496 1721 1569 Χριστιανούς
1776 1517 1836 1570 γε
1894 1491 1988 1549 ὅν-

327 1615 422 1656 τας
454 1592 543 1647 καὶ
599 1586 1201 1665 προσκεκληρωμένους
1255 1590 1335 1658 τῷ
1383 1584 1534 1658 θείῳ,
1564 1585 1682 1649 καθ’
1716 1582 1981 1654 ὅνδηποτ·

331 1686 422 1737 οῦν
485 1679 906 1756 εὑρισκομένους
939 1676 1174 1753 βαθμὸν,
1206 1677 1289 1737 οἷς
1349 1672 1415 1744 δὴ
1475 1673 1565 1728 καὶ
1615 1671 1880 1751 ὠφείλετο
1934 1672 1985 1743 ἐξ

334 1771 579 1846 ἀνάγκης
610 1769 1048 1841 ὑπομιμνήσκειν
1079 1770 1160 1837 τῷ
1208 1765 1525 1841 πατριάρχῃ
1579 1765 1670 1818 καί
1727 1760 1986 1817 ἀναστέλ-

339 1876 454 1917 Λειν
513 1861 615 1928 τὴν
667 1858 865 1912 ἐκεῖθεν
924 1850 1258 1931 βεϐήλωσιν.
1292 1854 1367 1910 Τὸ
1428 1850 1486 1907 δὲ
1540 1852 1768 1915 τούτους
1814 1872 1990 1925 παρα-

2099 690 2186 744 καὶ
2244 688 2466 761 συνέϐη,
2523 691 2890 767 έξορισθέντος
2949 694 3063 767 ἅμα
3118 699 3196 766 τῷ
3253 697 3666 769 καθαιρεθῆναι,
3716 695 3751 765 ἢ

2098 778 2310 851 μᾶλλον
2345 780 2433 834 καὶ
2465 780 2680 856 ἐρήμην
2712 780 2945 853 ἁλῶναι,
2974 784 3246 841 κάκείνου.
3278 786 3367 846 Ὧς
3409 781 3467 837 δὲ
3520 783 3749 839 πολλῶν

2093 869 2217 924 τότε
2272 869 2735 943 κατατεινομένων
2797 871 2975 949 λόγων
3031 872 3191 935 τέλος
3238 873 3327 928 καὶ
3362 875 3512 928 οῦτοι
3545 880 3751 942 συνῆλ-

2094 960 2185 1013 θον
2244 965 2358 1021 τοῖς
2417 958 2637 1023 ἄλλοις
2672 959 2883 1024 έκόντες
2910 962 3151 1035 ἄκοντες,
3183 967 3440 1039 κυροῦται
3473 966 3507 1032 ἡ
3567 966 3750 1040 ψῆφος

2094 1047 2182 1101 καὶ
2244 1050 2270 1102 ὁ
2328 1048 2675 1125 πατριάρχης
2764 1048 2847 1105 ἐπὶ
2928 1054 3232 1126 καθαιρέσει
3312 1049 3748 1120 καταδικάζεται.

2096 1136 2270 1193 Λόσαν
2325 1135 2370 1191 δ’
2425 1137 2663 1214 αἷψηράν
2746 1138 2974 1215 ἀγορὴν,
3030 1145 3333 1211 ποιητικῶς
3403 1140 3583 1218 φάναι,
3641 1144 3749 1194 τῶν

2099 1226 2366 1299 βασιλέων
2402 1228 2833 1304 εὐφημηθέντων
2862 1230 2998 1283 κατά
3042 1232 3105 1285 τὸ
3163 1230 3414 1301 σύνηθες.
3450 1228 3604 1298 Πλὴν
3660 1227 3751 1283 καὶ

2097 1312 2191 1369 δύο
2222 1317 2503 1371 τάττονται
2560 1317 2706 1393 παρά
2738 1319 2821 1391 [Ρ.
2859 1321 2981 1393 181]
3024 1324 3131 1374 τῶν
3170 1321 3446 1395 ἱεραρχῶν
3497 1318 3750 1394 ἱεράρχαι

2094 1403 2424 1469 ἀπελθόντες
2451 1405 2518 1460 τὰ
2550 1405 2695 1481 παρά
2723 1413 2824 1476 τῆς
2855 1406 3083 1463 συνόδου
3136 1407 3452 1484 πραχθέντα
3505 1414 3753 1480 σημῆναι

2093 1500 2174 1568 τῷ
2201 1493 2499 1569 καταδίκῳ.

2098 1611 2770 1705 ζ’.ῗ⁹ρποίθςηάπελθκὸντες
2826 1620 2971 1704 τρεῖς
3012 1614 3298 1705 ἀρχιερεῖς
3326 1615 3376 1686 ἐξ
3434 1614 3750 1705 ἀποστολῆς

2163 1687 2272 1738 τῶν
2312 1682 2515 1763 *ἄλλων
2566 1689 2645 1757 τῷ
2703 1682 3024 1762 πατριάρχῃ
3050 1682 3059 1691 ’
3089 1682 3189 1742 "-Ea'
3238 1695 3333 1758 τῆς
3364 1682 3752 1763 -καθαιρέσεως

2165 1752 2587 1830 παρεδήλωσαν.

2169 1852 2360 1926 Ὀψίας
2417 1860 2547 1929 γοῦν
2608 1853 2798 1927 δείλης
2852 1857 2988 1931 πρὸς
3064 1857 3266 1912 ἐκεῖνον
3353 1858 3755 1928 ἀπηντηκότες,

341 1948 643 2023 δραμόντας
696 1946 789 2002 ἐπὶ
853 1942 999 2019 μὸνῳ
1057 1949 1135 2016 τῷ
1164 1944 1478 2019 πατριάρχῃ
1536 1940 1875 2041 δίκηνιὶστᾷν
1909 1944 1985 2016 μὴ
2019 1978 2064 2041 Β
2099 1941 2367 2017 παρόντος
2424 1944 2513 1998 καὶ
2571 1948 2667 1999 τοῦ
2723 1944 2938 2020 κλήρου
2988 1947 3211 2015 παντὸς,
3252 1944 3484 2017 ἐδήλουν
3543 1968 3601 2001 τε
3655 1948 3757 2016 τὴν

338 2041 472 2097 εἶναι
504 2036 713 2094 δίκαιον
771 2037 833 2091 τὸ
885 2034 1135 2108 παράπαν
1201 2031 1331 2105 μηδ’
1362 2031 1613 2093 ἐπιεικῶς
1645 2027 1891 2106 εὔλογον.
1927 2032 1987 2087 Ὀ

339 2127 387 2185 δ’
418 2129 514 2183 οὗν
551 2124 829 2188 Πισσιδίας
862 2125 997 2199 πρὸς
1052 2123 1114 2177 τὸ
1155 2117 1574 2195 ἀποϐησόμενον
1630 2121 1847 2198 ἀφορῶν
1909 2120 1991 2192 (τὸ

337 2220 441 2295 γὰρ
468 2216 724 2292 ἔγκλημα
760 2213 1055 2289 μυρτύριον
1087 2212 1154 2281 ἦν
1201 2216 1299 2266 τοῦ
1330 2212 1421 2265 καὶ
1474 2214 1665 2265 τοῦτον
1701 2213 1771 2282 τῇ
1827 2230 1990 2264 κατα-

338 2307 461 2383 δίκῃ
512 2305 901 2381 ωνυπάγεσθαι
938 2320 951 2333 ·
985 2301 1047 2356 οὐ
1084 2302 1201 2376 γὰρ’
1242 2300 1300 2354 ἂν
1363 2297 1569 2372 δόξαιεν
1627 2301 1843 2361 πάντως
1899 2298 1991 2352 τὸν

340 2396 690 2472 πατριάρχην
754 2391 980 2454 δικαίως
1008 2386 1419 2458 καταδεκάζιιν,
1452 2388 1499 2442 εί
1549 2390 1625 2463 μή
1681 2388 1769 2443 καὶ
1828 2388 1991 2442 αὐτὸν

344 2486 640 2557 εὐθύνοιεν)
673 2483 755 2559 ἐφ’
785 2482 1026 2555 ἡσυχίαν
1084 2480 1398 2552 καθήμενος
1444 2479 1533 2546 ἦν.
1564 2478 1730 2533 Τόσον
1783 2474 1829 2532 δ’
1860 2475 1995 2532 ἐκεί-

347 2597 464 2638 νοις
524 2571 689 2647 ἕμελε
742 2571 941 2627 τούτου
1000 2569 1138 2624 ὥστε
1195 2566 1321 2623 οὐδὲ
1368 2568 1430 2623 τὸ
1460 2572 1677 2642 πρῶτον
1711 2565 2001 2622 συνεκαλὲ-

348 2685 507 2721 σαντο
565 2664 753 2736 μαθεῖν
810 2659 862 2731 ἐξ
918 2658 1126 2715 ἐκείνου
1172 2657 1239 2712 τά
1286 2657 1408 2731 περὶ
1437 2661 1537 2711 τοῦ
1570 2655 1821 2711 σουλ-τὰν.
1858 2654 2000 2717 Τέως

347 2752 391 2809 δ’
424 2752 578 2828 ὅμως
605 2752 708 2806 οὐκ
730 2751 797 2820 ἦν
842 2750 999 2804 αὐτὸν
1059 2745 1314 2823 δέχεσθαι
1370 2744 1496 2808 τοὺς
1557 2743 1625 2800 δι’
1655 2746 1817 2801 αὐτὸν
1872 2742 1995 2799 ἐπε-

357 2960 479 3025 His,
513 2960 804 3030 quatenus
834 2954 895 3009 in
928 2954 1206 3025 ambiguo
1240 2950 1654 3022 relinquebant
1687 2949 1906 3005 crimen
1935 2950 2007 3004 de

365 3048 614 3115 sultane,
660 3044 1031 3101 obsistebant
1077 3042 1176 3097 alii
1230 3041 1374 3096 satis
1410 3039 1714 3095 verisimili
1762 3040 2004 3106 ratione,

364 3137 781 3192 contendentes
815 3133 988 3205 plane
1020 3138 1334 3202 purgatum
1368 3130 1441 3184 de
1465 3146 1531 3183 eo
1571 3128 1754 3183 videri
1796 3128 2008 3181 debere

361 3224 773 3299 patriarcham.
807 3222 951 3277 Nam
977 3236 1111 3276 eum
1145 3219 1383 3290 quidem
1407 3236 1521 3290 quo
1563 3222 1731 3289 pacto
1778 3231 2005 3286 aequum

362 3316 438 3371 sit
484 3312 778 3378 damnari,
832 3310 973 3382 quia
1022 3310 1305 3381 profanos
1333 3308 1392 3361 in
1449 3323 1643 3362 rerum
1702 3321 2004 3361 sacrarum

362 3402 841 3460 communionem
874 3398 1203 3464 admiserit,
1256 3398 1304 3452 si
1354 3397 1629 3467 profanos
1681 3395 1827 3450 istos
1864 3410 2011 3465 quos

367 3491 608 3548 admisit
640 3490 824 3544 fuisse
872 3505 985 3542 non
1040 3485 1327 3541 constet?
1362 3486 1427 3539 Et
1484 3491 1779 3553 utcunque
1811 3500 1873 3538 se
1923 3498 2015 3536 res

365 3580 660 3643 habuerit,
718 3578 996 3632 idoneum
1057 3592 1156 3630 eos
1209 3591 1311 3645 pro
1351 3573 1704 3629 Christianis
1758 3571 2007 3626 habendi

365 3669 698 3740 patriarcha
715 3665 989 3720 habuerit
1007 3668 1301 3719 auctorem
1327 3663 1581 3718 Macariu
1594 3678 1647 3715 m
1672 3661 1948 3731 episcopu
1962 3676 2015 3712 m

367 3757 624 3824 Pisidia,
658 3770 838 3827 penes
869 3769 1041 3823 quem
1075 3753 1132 3807 in
1166 3751 1416 3806 solidum
1452 3751 1601 3821 ejus,
1646 3750 1696 3803 si
1745 3765 1861 3818 qua
1908 3755 2017 3814 est,

372 3847 484 3902 acti
518 3845 693 3916 culpa
724 3841 1008 3898 resideat?
1053 3847 1328 3911 praeterea
1377 3856 1493 3893 non
1537 3837 1872 3910 patriarcha
1921 3852 2020 3890 so-

377 3937 471 3992 lus
523 3952 589 3991 eo
640 3933 879 3989 nomine
937 3930 1313 3986 damnandus
1369 3929 1613 3997 venerit,
1664 3928 1765 3981 sed
1815 3930 1871 3980 et
1923 3924 2023 3979 alii

378 4024 548 4081 multi
585 4024 686 4095 qui
711 4021 889 4076 simul
918 4025 1061 4076 tunc
1091 4035 1225 4075 cum
1259 4034 1325 4073 eo
1358 4017 1416 4073 in
1449 4016 1668 4089 templo
1690 4017 1873 4085 fuere,
1906 4030 2024 4068 non

383 4111 702 4170 Christiani
735 4109 1056 4177 solum,sed
1090 4108 1262 4164 etiam
1293 4107 1445 4161 clero
1478 4105 1742 4178 ascripti,
1773 4118 2023 4174 quorum

384 4202 651 4276 singulos
673 4218 774 4272 pro
796 4200 1019 4254 ratione
1034 4198 1173 4269 grad
1189 4198 1558 4267 uscujusque
1578 4194 1902 4267 stringebat
1919 4209 2028 4246 sua

380 4308 518 4362 pars
548 4288 720 4346 ofﬁcii
756 4288 826 4342 ad
861 4285 1258 4341 excludendos
1288 4285 1475 4356 adytis
1509 4285 1786 4354 profanos
1810 4286 1866 4337 et
1910 4297 2028 4335 non

383 4378 941 4437 communicandum
979 4375 1035 4431 in
1087 4374 1335 4446 mystica
1385 4374 1685 4429 iunctione
1734 4386 1867 4425 cum
1912 4387 2027 4425 non

382 4469 655 4525 initiatis.
690 4466 832 4530 Quis
862 4466 1017 4520 enim
1048 4465 1236 4535 possit
1265 4464 1538 4518 dubitare
1577 4462 1717 4532 quin
1750 4460 1958 4515 saltem
1992 4460 2031 4514 ii

384 4557 695 4614 debuerint
727 4556 1045 4610 admonere
1076 4552 1561 4623 patriarcham,et
1580 4567 1713 4605 cum
1748 4567 1863 4605 non
1886 4553 2033 4604 fece-

381 4647 519 4711 rint,
554 4646 697 4717 quin
730 4644 886 4713 ejus,
921 4642 969 4697 si
996 4641 1152 4713 quod
1185 4639 1516 4710 est,piaculi
1548 4626 2030 4709 contagionemin
2069 4645 2110 4707 D

388 4752 451 4792 se
482 4734 789 4799 traxerint,
823 4732 896 4786 ob
930 4746 1107 4802 quam
1140 4732 1197 4785 et
1217 4728 1328 4798 ipsi
1356 4729 1477 4783 sint
1511 4744 1691 4797 poenae
1740 4727 1974 4782 obnoxii
2007 4729 2034 4782 ‘I

389 4823 710 4880 Praeteritis
735 4837 906 4892 porro
940 4824 1023 4875 tot
1050 4818 1178 4874 aliis
1208 4816 1590 4889 participibus
1621 4816 1894 4887 culpm,in
1920 4833 2035 4872 uno

394 4912 693 4984 puniendo
749 4909 1116 4966 severitatem
1177 4907 1394 4962 hearers
1452 4904 1785 4977 patriarcha
1850 4922 2039 4975 neque

391 5019 626 5075 aequum
653 5017 844 5073 neque
872 4998 1176 5055 tolerabile
1205 4999 1448 5054 omnino
1477 4997 1659 5053 videri
1686 5014 1875 5067 posse.
1910 4998 2041 5051 Haec

389 5093 600 5148 videns
631 5090 866 5147 Pisidiae
896 5087 1166 5158 antistes,
1198 5091 1256 5143 et
1304 5089 1421 5142 vim
1482 5085 1804 5159 praejudicii
1857 5087 1927 5141 ad
1979 5102 2042 5141 se

393 5196 628 5253 quoque
660 5180 718 5234 in
753 5179 1020 5234 eamdem
1055 5193 1189 5232 cum
1224 5176 1553 5247 patriarcha
1603 5175 2041 5230 damnationem

395 5268 813 5325 involvendum
850 5266 1200 5337 pertinentis
1248 5281 1449 5320 secum
1486 5271 1785 5336 reputans,
1830 5264 2046 5319 tacitus

396 5358 552 5416 268
602 5356 863 5413 sedebat.
917 5355 1127 5410 Nocuit
1174 5353 1259 5408 illi
1303 5354 1524 5408 nimius
1575 5356 1736 5408 favor
1782 5353 2045 5408 Patrum.

397 5448 545 5505 Nam
582 5451 647 5502 ut
676 5444 728 5501 ei
761 5449 1085 5517 parcerent,
1118 5443 1523 5499 abstinuerant
1577 5443 1648 5497 ab
1689 5460 1755 5497 eo
1796 5441 2049 5511 juridice

399 5536 814 5605 interrogando
878 5538 1003 5588 tum
1064 5549 1198 5588 cum
1253 5531 1648 5587 discuteretur
1707 5530 2050 5602 patriarchae

402 5626 562 5681 circa
621 5622 921 5680 sultanem
980 5623 1222 5689 factum,
1256 5621 1429 5691 cujus
1480 5621 1606 5693 ipse
1658 5638 1793 5692 pars
1842 5621 2050 5677 fuerat.

401 5715 569 5771 Nunc
600 5730 801 5769 serum
828 5715 953 5768 erat
978 5710 1150 5767 illum
1198 5726 1433 5781 vocare,
1487 5711 1796 5766 manifesto
1851 5710 2055 5783 utique

411 5801 752 5875 prejudicio
786 5802 1152 5857 damnatum.
1180 5799 1295 5855 Nec
1324 5803 1554 5872 poterat
1582 5798 1776 5856 locum
1798 5798 2059 5873 amplius

698 5921 968 5984 PATROL.
1017 5920 1127 5983 Gn.
1165 5918 1428 5982 CXLIII.

2096 2029 2364 2108 ἀπόφασιν
2422 2033 2511 2086 καὶ
2569 2033 2643 2094 ὡς
2700 2031 2929 2103 ἐξελθεῖν
2977 2032 3324 2107 ἐτοιμασθείη
3357 2035 3754 2092 διεκελεύοντο.

2096 2126 2149 2174 '0
2193 2117 2251 2175 δὲ
2306 2125 2523 2196 πρῶτον
2585 2121 2680 2194 μὲν
2728 2123 3133 2196 εὐχαριστήσας
3162 2126 3278 2197 Θεῴ
3308 2121 3531 2198 ἕτοιμον
3566 2124 3753 2179 ἑαυτὸν

2098 2214 2368 2284 παχεῖχεν
2424 2209 2779 2287 ἀπέρχεσθαι,
2839 2212 2947 2282 ὅπη
3006 2212 3097 2267 καὶ
3160 2213 3472 2288 βούλοιντο.
3528 2216 3756 2270 Ἔπειτα

2103 2297 2160 2353 δὲ
2215 2298 2308 2353 καὶ
2365 2299 2502 2373 πρὸς
2557 2300 2649 2354 τὸν
2704 2301 2912 2374 κλῆρον
2961 2302 3211 2378 στραφείς
3244 2322 3256 2336 ·
3292 2328 3319 2355 ‹‹
3352 2304 3429 2357 Τὰ
3480 2304 3574 2375 μὲν
3634 2303 3751 2357 κατ’

2103 2387 2202 2462 ἐμὲ
2283 2388 2434 2453 ὅπως
2515 2385 2711 2461 συνέϐη
2789 2397 3254 2467 παραχωροῦντος
3332 2397 3485 2465 Θεοῦ,
3545 2389 3757 2461 οἷ’δατε,

2103 2481 2263 2534 τέκνα
2297 2499 2309 2512 ο
2346 2476 2427 2534 δεῖ
2457 2476 2502 2533 δ’
2534 2481 2690 2552 ὅμως
2722 2479 2984 2536 εὐπειθεῖν
3016 2486 3096 2554 τῷ
3146 2483 3275 2555 θείῳ
3329 2481 3623 2556 θελήματι,
3656 2479 3752 2536 κᾶν

2108 2569 2257 2630 ὅπως
2290 2566 2612 2640 οἰκονομοίη
2644 2570 2710 2622 τὰ
2738 2571 2853 2623 καθ’
2884 2572 3056 2644 ἡμᾶς.
3088 2572 3281 2643 Ἡμεῖς
3325 2572 3421 2644 μὲν
3481 2568 3571 2626 οῦν
3629 2591 3758 2625 ποι-

2112 2656 2266 2729 μένες
2323 2657 2613 2732 ταχθέντες
2672 2657 2929 2731 κρίμασιν
2991 2662 3074 2721 οἷς
3134 2657 3247 2714 οἶδε
3301 2661 3364 2715 τὸ
3420 2664 3641 2734 Πνεῦμα
3696 2659 3760 2713 τὸ

2111 2746 2261 2821 ἅγιον
2293 2747 2355 2801 τὸ
2386 2747 2639 2819 καλέσαν,
2674 2746 2720 2801 εἷ
2773 2746 2864 2802 καὶ
2922 2747 3191 2822 ἀναξίους,
3221 2751 3389 2823 ἡμᾶς,
3422 2748 3571 2812 ὅπως
3628 2749 3767 2804 κατᾶ

2116 2949 2331 3006 habere
2364 2950 2795 3022 qualiscunque
2827 2952 3016 3022 ipsius
3043 2952 3326 3019 defensio,
3362 2953 3486 3022 jam
3523 2949 3770 3022 prolatis

2117 3039 2436 3095 multorum
2471 3040 2784 3096 sententiis
2817 3041 2874 3095 in
2900 3058 2997 3097 eos
3023 3042 3122 3112 qui
3154 3058 3289 3097 cum
3324 3041 3581 3111 profanis
3606 3057 3773 3096 com-

2119 3129 2546 3198 municassent,
2573 3147 2700 3199 quae
2727 3130 3005 3201 suffragia
3038 3130 3220 3186 nihilo
3252 3130 3450 3186 minus
3484 3129 3775 3185 Pisidien-

2122 3233 2242 3271 sem
2277 3234 2453 3289 quam
2489 3220 2683 3289 ipsum
2721 3219 3112 3288 patriarcham
3164 3220 3523 3290 afﬂigebant.
3571 3220 3774 3290 Itaque

2122 3308 2400 3361 damnato
2416 3307 2883 3378 patriarcha,aut
2900 3307 3093 3378 potius
3109 3308 3328 3363 indicta
3344 3325 3519 3363 causa
3535 3313 3773 3379 propter

2122 3394 2453 3465 neglectum
2468 3396 2872 3451 vadimonium
2890 3397 3526 3468 deposito,Pisidiensis
3540 3412 3770 3467 quoque

2120 3484 2178 3538 in
2211 3484 2479 3539 exsilium
2514 3483 2721 3555 pulsus
2753 3490 3009 3541 est.Post
3038 3486 3224 3541 multa
3247 3487 3304 3540 in
3338 3486 3450 3542 ista
3473 3491 3771 3541 concerta-

2123 3573 2282 3628 tione
2321 3575 2475 3628 ultro
2508 3574 2770 3644 citroque
2801 3574 3313 3645 allegata,tandem
3348 3581 3403 3630 et
3435 3574 3494 3629 hi
3516 3575 3775 3629 volentes

2127 3667 2391 3718 nolentes
2422 3680 2554 3718 cum
2598 3664 2731 3718 aliis
2763 3670 3183 3730 convenerunt,
3234 3669 3290 3719 et
3339 3664 3612 3720 concordi
3649 3665 3779 3733 jam

2128 3753 2583 3823 synodijudicio
2642 3755 2931 3823 depositio
2990 3754 3334 3825 patriarchae
3392 3754 3619 3810 sancita
3673 3761 3780 3809 est.

2130 3842 2441 3896 Solverunt
2471 3845 2683 3907 autem,
2718 3847 2783 3896 ut
2815 3844 3035 3914 poetice
3067 3844 3282 3910 dicam,
3326 3844 3594 3898 subitum
3644 3860 3782 3899 con-

2127 3933 2394 3997 ventum,
2418 3934 2475 3984 et
2506 3930 3029 3987 acclamationibus
3068 3932 3125 3985 in
3167 3932 3450 3988 honorem
3484 3932 3783 4002 imperan-

2130 4021 2279 4075 tium
2309 4019 2483 4074 editis
2513 4019 2584 4074 de
2616 4035 2798 4087 more,
2824 4025 3219 4090 praetereaque
3249 4021 3481 4076 duobus
3513 4020 3786 4090 praesuli-

2133 4111 2246 4164 bus
2293 4108 2493 4163 electis
2554 4109 2653 4178 qui
2700 4109 2940 4164 nomine
2989 4109 3195 4181 synodi
3248 4109 3784 4164 exauctorationem

2136 4197 2475 4270 patriarchae
2496 4198 2915 4253 denuntiarent
2944 4214 3140 4269 suam,
3175 4197 3305 4253 linis
3334 4198 3652 4267 impositus
3684 4213 3786 4253 ne-

2136 4288 2292 4360 gotio
2324 4292 2432 4343 est.

2136 4449 2192 4504 7.
2228 4449 2291 4505 Ut
2336 4448 2497 4503 missi
2542 4448 2812 4520 apag/nodo
2863 4448 2933 4503 ad
2978 4447 3368 4520 patriarcham
3406 4446 3513 4502 duo
3546 4444 3794 4519 episcopi

2366 4536 2527 4574 suam
2556 4518 2608 4575 ei
2635 4518 3050 4577 damnationem
3077 4521 3553 4591 signiﬁcaverunt.

2216 4644 2355 4698 Inde
2416 4645 2524 4698 sub
2584 4659 2887 4714 vesperam
2942 4642 3725 4716 conveniuntpatriarcham
3756 4639 3800 4695 ii

2146 4748 2293 4803 quos
2327 4732 2581 4787 diximus
2612 4733 2681 4786 ad
2714 4733 2773 4787 id
2800 4749 2833 4787 a
2865 4734 3088 4800 synodo
3122 4732 3362 4797 electos,
3397 4738 3455 4787 et
3484 4730 3641 4787 clero
3663 4745 3807 4798 prae-

2148 4826 2312 4876 sente
2344 4821 2639 4886 universo,
2675 4824 2984 4892 postquam
3040 4837 3208 4875 suam
3243 4820 3329 4875 illi
3374 4818 3807 4889 depositionem

2142 4909 2392 4980 juridice
2423 4909 2817 4973 declararunt,
2844 4911 3048 4964 eadem
3078 4909 3275 4980 ipsum
3310 4906 3652 4963 auctoritate
3675 4906 3810 4977 jus-

2150 5002 2352 5053 serunt
2382 4998 2656 5070 expedire
2683 5015 2812 5053 sese
2852 5014 2917 5051 ac
2958 5014 3301 5068 comparare
3333 4997 3402 5052 ad
3464 4996 3805 5068 proximum

2151 5087 2577 5142 discessum.At
2610 5086 2708 5141 ille
2738 5087 2945 5157 gratiis
2970 5086 3228 5158 primum
3259 5086 3374 5141 Deo
3398 5085 3810 5157 actis,promp-

2153 5180 2276 5231 tum
2304 5181 2694 5247 paratumque
2718 5192 2775 5229 se
2796 5174 3057 5230 exhibuit
3080 5176 3148 5229 ad
3168 5175 3431 5229 eundum
3447 5172 3806 5246 quovellent.

2153 5266 2304 5319 Tum
2339 5266 2408 5318 ad
2443 5263 2663 5319 clerum
2722 5280 3063 5327 conversus,
3124 5287 3150 5313 (ι
3188 5268 3322 5331 Res,
3383 5264 3598 5334 inquit,
3632 5261 3717 5317 uti
3748 5277 3813 5317 se

2159 5369 2298 5409 meae
2331 5352 2587 5407 habeant
2624 5357 2733 5406 Deo
2768 5353 3166 5422 permittente,
3199 5352 3553 5415 n‘ostis,ﬁlii:
3588 5354 3815 5422 oportet

2158 5447 2354 5497 tamen
2379 5442 2749 5509 acquiescere
2777 5441 2984 5496 divinae
3015 5442 3328 5507 voluntati,
3363 5448 3418 5497 et
3441 5442 3575 5497 boni
3600 5456 3817 5496 consu-

2161 5530 2279 5585 lere
2327 5531 2613 5601 quidquid
2668 5532 2740 5585 de
2790 5530 2961 5585 nobis
2996 5531 3360 5587 Providentia
3392 5530 3665 5586 decrevit.
3698 5526 3818 5582 Nos

2162 5637 2295 5674 cum
2314 5620 2637 5675 fuissemus
2655 5625 2920 5691 pastores
2943 5620 3453 5691 prafertijudiciis
3470 5618 3623 5674 notis
3639 5614 3823 5686 Spiri-

2164 5710 2255 5764 tui
2286 5716 2513 5780 sancto,
2542 5710 2641 5780 qui
2672 5709 2899 5766 vocavit
2929 5726 3037 5766 nos
3070 5710 3339 5781 quamvis
3361 5704 3825 5780 indignos,269

2164 5805 2366 5857 tamen
2394 5806 2568 5873 prout
2598 5800 2905 5873 potuimus
2935 5817 3168 5873 gregem
3201 5801 3470 5873 pavimus
3502 5805 3558 5857 et
3582 5815 3685 5856 vos
3716 5796 3819 5854 Ec-

3475 5922 3552 5982 23
