4112 6426
348 472 456 528 715

1645 461 1944 519 GEORGII
1983 459 2330 514 PACHYME
2339 461 2455 513 RE

3671 455 3785 513 716

344 597 408 651 τὸ
441 592 661 649 δυνατὸν
693 594 828 665 ἡμῖν
861 588 1229 663 ἐποιμάναμεν
1262 587 1351 642 καὶ
1383 588 1450 642 τὰ
1496 589 1612 641 καθ’
1642 588 1789 659 ἡμᾶς
1849 581 1990 653 διεξ-
2020 586 2068 651 Α
2104 580 2354 658 στραφεὶς
2383 579 2521 655 πρὸς
2550 576 2679 641 τοὺς
2734 576 3101 654 πεμφθέντας,
3147 601 3175 629 ‹‹
3209 573 3493 656 Ἀδελφοὶ,
3529 600 3553 632 ι
3600 579 3773 653 εἶπεν,

345 680 665 758 ήγομεν,οὐ
716 679 902 741 καλῶς
963 679 1055 751 μὲν
1118 675 1269 746 ἴσως,
1322 676 1524 735 ἱκανῶς
1584 673 1641 727 δὲ
1700 672 1835 727 κατὰ
1899 673 1997 740 τὴν

344 774 615 846 ἡμετέραν
676 768 927 842 δύναμιν,
963 764 1144 821 οἴδατε
1179 784 1188 796 ·
1222 765 1274 819 τί
1329 764 1396 819 τὰ
1454 761 1600 833 δῆλα
1651 762 1743 817 καὶ
1804 760 1997 837 λέγω;

346 864 502 935 ὅμως
532 858 779 921 πολλοὺς
808 859 902 931 μὶν
941 855 1068 919 ἴσως
1096 855 1187 909 καὶ
1238 852 1618 926 ἐλυπήσαμεν,
1650 853 1795 926 παρὰ
1856 849 1999 906 πολ-

345 952 458 1007 λῶν
521 949 577 1005 δὲ
631 948 720 1003 καὶ
777 946 1155 1018 ἐλυπήθημεν,
1220 941 1661 1018 συνδιαφέροντες
1718 939 1998 1011 ἀλλήλοις

344 1044 441 1103 τὰς
500 1041 624 1114 παρ’
655 1037 921 1107 ἀλλήλων
976 1033 1295 1109 ἀπεχθείας.
1331 1037 1570 1090 Τοιαῦτα
1629 1032 1730 1107 γὰρ
1780 1032 1848 1085 τὰ
1899 1037 2000 1099 τῆς

348 1128 679 1199 ἘκκΛησίας
739 1124 1049 1201 σπλάγχνα.
1111 1124 1185 1185 ὡς
1244 1124 1333 1177 καὶ
1392 1121 1774 1197 βαρυνομένων
1838 1120 1997 1192 ἡμῶν

350 1222 423 1280 ὡς
453 1217 698 1291 πατέρων
750 1216 889 1287 ὑμᾶς
948 1215 1025 1275 ὡς
1063 1214 1222 1267 τέκνα
1279 1210 1587 1286 ἀνέχεσθαι,
1621 1210 1710 1264 καὶ
1758 1209 1999 1283 ἀπεχθα-

347 1309 590 1380 νομένων
614 1309 775 1359 τινῶν
811 1304 951 1375 ὑμᾶς
985 1300 1134 1363 αὖθις
1167 1300 1511 1375 ἀλογοῦντας
1549 1304 1648 1364 τῆς
1708 1297 2003 1372 ἀπεχθείας

350 1398 423 1459 ὡς
473 1395 615 1470 μέλη
676 1395 874 1469 γνήσια
925 1392 1199 1467 περιέπειν
1280 1390 1410 1451 τοὺς
1494 1388 1999 1463 ἀπεχθανομένους.

348 1491 453 1541 Νῦν
516 1483 607 1540 οῦν
654 1484 843 1557 καιρὸς
904 1478 1182 1552 ἀλλήλοις
1241 1480 1455 1556 ἀφεῖναι
1501 1479 1568 1533 τὰ
1628 1475 1999 1555 ὀφειλήματα,

346 1576 447 1629 Καὶ
480 1572 547 1644 δὴ
580 1576 641 1628 τὸ
696 1574 789 1646 μὲν
837 1572 927 1625 ἀπ’
958 1569 1196 1643 ἐμαυτοῦ
1254 1567 1542 1644 ἐκπληρῶ,
1573 1574 1662 1622 xui
1720 1570 2001 1642 συγχωρῶ

344 1670 497 1734 πᾶσι,
530 1664 621 1718 καὶ
679 1661 788 1732 ὅπη
845 1665 923 1732 τῷ
976 1664 1090 1731 Θεῷ
1147 1656 1419 1734 βουλητὸν
1479 1656 1779 1733 προθύμως
1836 1657 2003 1729 ἀπέρ-

348 1773 545 1829 χομαι.
576 1754 759 1825 Ὑμεῖς
808 1748 865 1804 δὲ
913 1748 1060 1804 ἀλλὰ
1105 1750 1172 1803 τὰ
1227 1752 1336 1802 τῶν
1389 1752 1592 1802 σκευῶν
1632 1747 1699 1800 τὰ
1744 1752 1846 1815 τῆς
1878 1747 2002 1802 Ἐκ-

345 1841 598 1913 κλησίας,
637 1839 727 1895 καὶ
778 1839 876 1894 ὅσα
920 1840 971 1893 ἐν
1017 1839 1255 1900 πέπλοις
1305 1836 1515 1909 τιμίοις
1569 1836 1660 1890 καὶ
1718 1834 1999 1908 λειψάνοις

2113 694 2142 721 (ι
2168 668 2287 725 ἰδοὺ
2320 670 2685 741 ἡτοιμάσθην,
2715 668 2805 723 καὶ
2839 667 2901 722 οὐ
2931 671 3381 744 ταραχθήσομαι,
3410 667 3506 724 κᾶν
3541 669 3571 725 ὅ
3600 692 3654 726 τι
3682 673 3775 728 καὶ

2111 760 2194 815 ἐπ’
2223 758 2347 833 ἐμοὶ
2409 758 2718 834 βούλοισθε.
2752 759 2829 815 Τὸ
2884 757 2977 813 οῦν
3038 758 3324 834 ὑμέτερον,
3356 759 3432 821 ὡς
3460 761 3613 837 φατὲ,
3645 783 3778 817 κατ-

2113 849 2360 924 επράχθη
2422 851 2716 923 Πραττέτω
2773 848 2862 902 καὶ
2911 848 2975 902 τὸ
3035 847 3225 903 λεῖπον
3286 849 3314 902 ὁ
3362 849 3655 923 Βασιλεὺς,
3688 852 3780 906 καὶ

2112 937 2250 992 ὅπου
2285 938 2421 992 ἰτέον
2455 941 2591 1010 ἡμῖν
2623 937 2672 1008 ἐξ
2725 936 2891 1007 αὐτῆς
2940 935 3231 1005 κελευέτω,
3263 936 3299 1005 ἢ
3365 936 3582 1011 μᾶλλον
3636 961 3783 1015 πεμ-

2112 1027 2256 1083 πέτω
2284 1028 2370 1082 καὶ
2404 1027 2536 1088 τοὺς
2566 1027 2890 1096 ἀπάξοντας.
2921 1023 3063 1083 Οὐδὲ
3093 1026 3198 1101 γὰρ
3232 1025 3484 1101 έρίσομεν
3540 1029 3602 1083 τὸ
3662 1051 3777 1084 πα-

2115 1117 2308 1193 ράπαν,
2368 1116 2462 1172 κᾶν
2524 1116 2676 1194 ξίφος
2740 1117 3170 1191 προσετοιμάζοι
3254 1113 3350 1171 κᾶν
3430 1119 3680 1175 θάνατον.
3746 1144 3775 1174 ››

2112 1209 2267 1261 Ταῦτ’
2298 1206 2463 1261 εἰπὼν
2522 1205 2810 1277 ἀπέπεμπε
2871 1210 2986 1278 μετ’
3045 1205 3270 1280 εἰρήνης
3326 1204 3552 1277 πάντας,
3608 1209 3775 1272 αὐτὸς

2116 1293 2173 1349 δὲ
2200 1300 2321 1359 τοῖς
2352 1296 2505 1357 ὅλοις
2539 1294 2881 1368 ἐξαμελήσας
2924 1293 3181 1365 ἐκάθητο,
3210 1294 3274 1348 τὸ
3324 1294 3432 1349 ἀπὸ
3486 1300 3584 1350 τοῦ
3642 1318 3777 1373 κρα-

2114 1390 2334 1447 τοῦντος
2367 1384 2647 1459 ἀναμένων
2682 1383 3028 1460 πρόσταγμα.

2115 1503 2185 1572 η’.
2238 1504 2437 1575 ’Ὁπως
2510 1502 2731 1575 πέμψας
2811 1500 2838 1553 6
2901 1497 3159 1575 βασιλεὺς
3234 1498 3406 1575 ἐξάγει
3492 1505 3591 1575 τοῦ
3665 1522 3770 1557 πα·

2185 1573 2509 1661 τριαρχείου
2587 1571 2683 1627 τὸν
2755 1571 3125 1646 πατρὶάρχην,
3182 1572 3273 1626 καὶ
3331 1571 3398 1626 τὰ
3449 1572 3575 1627 τότε
3626 1596 3775 1648 συμ-

2187 1665 2376 1700 οαντα.

2187 1745 2295 1816 Νὺξ
2345 1743 2432 1816 ἦν,
2463 1741 2587 1818 περί
2638 1763 2744 1797 που
2799 1743 2867 1796 τὰ
2922 1738 3208 1797 τελευταῖα
3268 1747 3638 1814 Πυαντιῶνος,
3685 1743 3775 1799 ὅτι

2113 1834 2203 1888 καὶ
2264 1832 2401 1909 πρὸς
2450 1833 2512 1887 τὸ
2574 1832 2929 1907 αἱθριώτερον
2981 1831 3300 1895 καθίσταται
3332 1833 3361 1887 6
3390 1831 3498 1906 ἀὴρ
3528 1837 3635 1888 τῶν
3670 1834 3775 1889 ἀπὸ

347 1932 509 2007 ἁγίων
568 1930 658 1984 καὶ
711 1924 951 2005 βίϐλοις,
982 1922 1309 1991 ἀπελθόντες
1368 1930 1456 1996 [Ρ.
1494 1927 1619 1996 182]
1658 1924 1748 1978 καὶ
1795 1924 1914 1987 καθ’
1943 1922 1997 1977 ἓν
2035 1947 2084 2012 Β
2113 1926 2560 2012 τοῦῲχειμῶνος-
2600 1918 2937 2012 ἀπαλλαγείς
2996 1917 3303 2012 δυσχερῶν,
3354 1922 3417 1976 τὸ
3443 1920 3621 2012 -πολὺ
3679 1929 3777 1992 τῆς

356 2020 563 2082 ὶδόντες
614 2020 702 2074 καὶ
759 2017 1281 2096 ἀναψηλαφήσαντες
1339 2012 1722 2088 παραδέξασθε,
1786 2014 1863 2085 μή
1917 2013 2006 2067 καί

358 2132 439 2172 τις
494 2107 805 2185 ἱεροσυλίας
861 2110 1011 2180 ἡμᾶς
1068 2104 1500 2182 γράψητοιι.Καὶ
1555 2105 1617 2158 τὸ
1649 2102 1843 2157 λοιπὸν
1878 2100 2007 2177 χαί-

355 2220 473 2275 ρετε
551 2198 602 2253 ἐν
686 2197 891 2271 Κυρίῳ,
944 2195 1124 2264 τέκνα,
1184 2195 1274 2249 καὶ
1337 2194 1588 2263 σώζεσθε.
1639 2194 1805 2265 Ἡμῖν
1864 2190 1922 2247 δὲ
1979 2193 2007 2247 ὁ

354 2287 650 2358 έπενδότης
696 2287 785 2341 καὶ
841 2287 904 2341 τὸ
960 2286 1144 2356 πυξίον
1196 2307 1284 2342 και
1334 2283 1458 2359 τρία
1487 2288 1594 2337 τῶν
1627 2285 2005 2356 νομισμάτων,

355 2379 388 2432 ἃ
447 2377 513 2448 δὴ
570 2378 661 2432 καὶ
717 2381 798 2449 τῷ
854 2373 1232 2451 πατριαρχείῳ
1299 2368 1719 2449 προσϐαίνοντες
1780 2372 2002 2447 εἴχομεν

353 2468 490 2523 κατᾶ
544 2467 743 2522 κανόνα
796 2469 904 2520 τῶν
958 2468 1243 2539 μοναχῶν,
1274 2464 1561 2518 καὶταῦτα
1595 2460 1754 2524 ἰδίοις
1810 2462 2002 2525 κόποις

350 2562 468 2619 τοῖς
499 2556 559 2611 ἐκ
592 2561 975 2631 μετεγγραφῆς
1033 2553 1316 2627 ψαλτῆρος
1372 2552 1637 2623 κτηθέντα
1684 2550 1848 2607 πάλιν
1904 2550 2006 2606 λα-

352 2641 539 2709 ϐόντες
570 2645 768 2718 ἔξιμεν.
805 2669 833 2696 ››
875 2647 1055 2701 Ταῦτα
1107 2644 1195 2697 καὶ
1254 2644 1459 2696 τοιαῦθ’
1509 2640 1663 2718 ἔτερα
1714 2642 1855 2717 πρὸς
1910 2642 2002 2697 τὸν

346 2733 557 2810 κλῆρον
593 2732 782 2800 εἰπὼν,
818 2730 954 2786 ὥστε
983 2731 1073 2785 καὶ
1107 2729 1167 2785 ἐκ
1201 2734 1300 2785 τοῦ
1354 2730 1552 2804 σχεδὸν
1612 2727 1866 2793 ἀπελθεῖν
1926 2751 2006 2784 τι-

344 2841 438 2884 νας
471 2821 560 2876 ἐπὶ
580 2826 649 2896 τῇ
680 2825 788 2876 τῶν
821 2819 983 2896 ἁγίων
1044 2816 1383 2893 παραλήψει,
1412 2819 1485 2874 ὧν
1544 2818 1635 2873 καὶ
1689 2816 1850 2880 αὐτὸς
1908 2820 1998 2889 ἦν,

363 3022 722 3093 clesiamque
769 3019 1253 3092 gubernavimus,
1282 3018 1528 3074 forsitan
1562 3035 1675 3073 non
1704 3018 1871 3086 bene,
1917 3034 2014 3073 ve-

358 3114 717 3177 rumtamen,
750 3115 1035 3178 quantum
1067 3105 1283 3160 virium
1335 3105 1749 3176 facultatisque
1799 3109 2014 3161 nostra:

358 3197 617 3254 tenuitas
642 3194 1283 3265 tulit,fideliter.Testes
1298 3211 1400 3249 vos
1418 3194 1707 3249 habemus
1726 3194 2011 3249 omnium:

362 3287 504 3360 quid
537 3286 747 3342 attinet
777 3292 915 3340 nota
940 3282 1205 3356 proloqui
1238 3283 1257 3337 ?
1293 3283 1447 3338 lnter
1478 3283 1600 3337 haec
1653 3283 1779 3338 fieri
1822 3288 2013 3354 potest

364 3382 431 3431 ut
448 3392 554 3431 nos
575 3374 908 3431 molestiam
929 3373 1134 3429 multis
1153 3372 1745 3439 facessiverimus,uti
1762 3377 1818 3426 et
1836 3372 2012 3427 vicis-

359 3466 473 3521 sim
488 3464 748 3537 perpessi
764 3480 976 3518 sumus
997 3461 1300 3517 molestias
1315 3460 2010 3532 plurimorum.lgnosca-

359 3572 495 3610 mus
525 3554 1047 3622 condonemusque
1080 3551 1249 3606 nobis
1279 3550 1527 3605 invicem
1564 3554 1799 3605 mutuas
1828 3551 2012 3605 oﬂ'en-

356 3645 555 3700 siones
585 3641 645 3697 in
675 3641 1004 3697 visceribus
1035 3639 1442 3695 ecclesiasticae
1484 3639 1812 3695 charitatis.
1864 3640 2008 3697 Nam

355 3733 512 3788 inter
530 3747 637 3787 nos
656 3733 1003 3801 comparatae
1025 3728 1481 3784 necessitudinis
1518 3728 1704 3799 poscit
1723 3728 2005 3796 ofﬁcium,

360 3826 427 3875 ut
456 3824 515 3875 et
546 3834 652 3874 nos
685 3823 882 3890 patres
912 3816 1160 3871 libenter
1191 3817 1448 3871 feramus
1481 3831 1608 3887 quae
1636 3816 1835 3887 gravia
1873 3832 2005 3887 pcr-

358 3909 477 3982 peti
506 3926 541 3964 a
571 3907 707 3963 filiis
739 3906 1047 3978 contingit,
1081 3910 1136 3960 et
1168 3921 1269 3960 vos
1318 3904 1423 3959 ﬁlii
1486 3906 1644 3975 quod
1693 3922 1724 3958 a
1764 3909 2008 3977 paterna

355 3997 783 4071 gubernatione
815 3996 1016 4050 minus
1047 3997 1280 4066 gratum
1317 3994 1613 4048 interdum
1633 3994 1849 4065 accipit
1866 3993 2005 4049 tole-

354 4088 516 4155 retis;
550 4086 807 4157 itemque
861 4101 991 4155 quae
1027 4083 1173 4139 forte
1225 4100 1258 4138 a
1311 4082 1594 4138 fratribus
1651 4083 2004 4139 offensiones

347 4179 657 4243 exsistunt,
692 4192 804 4231 non
840 4173 1064 4229 mutuis
1095 4172 1298 4228 ulcisci
1330 4172 1610 4239 odiis,sed
1645 4176 1709 4227 ut
1739 4173 2005 4228 membra

348 4267 615 4339 ejusdem
647 4265 911 4336 corporis
941 4280 1077 4317 vera
1108 4262 1240 4317 illos
1274 4261 1434 4332 ipsos
1484 4278 1690 4333 graves
1748 4262 1915 4317 vobis
1945 4267 2004 4318 et

345 4356 597 4411 infestos
625 4351 1355 4424 amplectamini.Tempus
1378 4367 1535 4405 nunc
1554 4356 1641 4405 est
1659 4351 2002 4407 dimittendi

347 4444 597 4499 invicem
632 4442 849 4497 debita.
874 4440 1183 4511 Equidem,
1216 4456 1341 4510 quae
1367 4439 1425 4493 in
1473 4438 1581 4494 hoc
1614 4456 1753 4495 meae
1802 4445 2000 4511 partes

346 4537 697 4602 sunt,quam
733 4528 1071 4601 plenissime
1097 4544 1337 4599 possum
1372 4528 2001 4602 exsequor,indulgens

343 4622 804 4690 condonansque
833 4618 1062 4673 cunctis
1093 4622 1305 4672 cuncta
1337 4634 1352 4687 ;
1386 4622 1443 4672 et
1500 4634 1616 4688 quo
1649 4623 1759 4673 Deo
1812 4619 1995 4690 placi-

2119 2010 2330 2073 νοτίδος
2358 2006 2678 2066 ἀποϐαλών.
2716 2012 2820 2067 Καὶ
2852 2007 2918 2078 δὴ
2951 2009 3050 2078 τὴν
3085 2010 3313 2086 πρώτην
3367 2009 3616 2079 φυλακὴν
3674 2018 3775 2081 τῆν

2119 2102 2310 2162 νυκτὸς
2336 2098 2548 2170 ἐκείνης
2581 2100 2632 2154 oi.
2689 2104 2786 2154 τοῦ
2823 2097 3091 2175 βασιλέως
3150 2099 3459 2171 πέμπονται
3514 2099 3596 2178 ἐφ’
3624 2099 3775 2177 ᾧπερ

2115 2190 2207 2245 τὸν
2262 2186 2724 2252 καταδικασθέντα
2806 2188 3198 2263 καταγαγόντες
3274 2190 3569 2263 ἄπαγαγεῖν
3632 2190 3771 2245 ὅπου

2117 2280 2206 2334 καὶ
2247 2277 2718 2354 προσετάχθησαν,
2749 2279 2836 2340 Ὠς
2895 2282 3020 2352 γοῦν
3082 2278 3274 2333 αὐτίκα
3328 2279 3620 2352 κατήγετο.
3651 2277 3773 2333 ἐπι-

2118 2365 2217 2433 ϐὰς
2275 2375 2371 2425 τοῦ
2433 2370 2686 2444 μεγίστου
2733 2374 2895 2437 ναοῦ,
2939 2372 3065 2432 στὰς
3119 2370 3256 2445 πρὸς
3309 2373 3427 2431 ταῖς
3488 2370 3773 2445 μεγίσταις

2116 2458 2337 2532 πύλαις,
2370 2457 2612 2536 ἀφωσίου
2641 2464 2721 2531 τῷ
2754 2458 2998 2531 Δεσπότᾳ
3041 2458 3261 2536 Χριστῷ
3318 2460 3385 2513 τὰ
3441 2457 3775 2535 εὐχαριστή·

2117 2570 2207 2622 ρια
2236 2552 2552 2623 προσκυνῶν
2609 2570 2667 2603 τε
2720 2549 2813 2602 καὶ
2873 2549 3321 2622 συνταττόμενος.
3354 2554 3442 2610 Ὡς
3491 2546 3537 2602 δ’
3571 2546 3779 2621 ἔμελλε

2116 2636 2204 2693 διᾶ
2232 2645 2331 2707 τῆς
2364 2640 2479 2693 κατ’
2504 2637 2771 2699 ἀνατολὰς
2806 2637 2987 2707 πύλης
3020 2638 3329 2714 ἐξέρχεσθαι
3372 2637 3455 2715 ἐφ’
3506 2636 3551 2710 ᾦ
3610 2658 3773 2693 κατα-

2113 2722 2301 2782 λαϐεῖν
2359 2728 2421 2782 τὸ
2478 2726 2530 2781 ἐν
2585 2731 2653 2801 τῇ
2712 2721 2971 2802 Βαρϐάρᾳ
3025 2724 3354 2803 κελλύδριον
3409 2731 3508 2782 τοῦ
3562 2738 3772 2800 θαυμαο

2110 2822 2345 2895 τουργοῦ
2377 2817 2682 2887 Νικολάου,
2715 2818 2743 2872 ’ὀ
2777 2816 2843 2887 δὴ
2877 2818 2967 2873 καὶ
3003 2818 3288 2874 συνίστατο
3333 2816 3458 2874 τότε
3515 2819 3652 2893 πρὸς
3701 2821 3773 2893 τῇ

2124 3019 2522 3090 perarejussis
2537 3018 2895 3090 quibusdam
2919 3035 2950 3073 e
2963 3019 3376 3089 praesentibus,
3399 3036 3651 3090 quorum
3666 3035 3777 3092 ego

2125 3125 2280 3163 unus
2317 3107 2499 3176 fui,ad
2532 3107 2948 3171 sacram,270
2980 3112 3044 3161 ut
3074 3108 3320 3173 dixerat,
3344 3107 3771 3178 supellectilem

2126 3201 2433 3252 numerato
2448 3196 3198 3267 recipiendam,conversus
3211 3197 3281 3252 ad
3300 3196 3517 3254 missos
3546 3214 3774 3269 asyno-

2126 3286 2813 3357 do:«Fratres,inquit,en
2838 3290 3082 3357 paratus
3103 3292 3452 3354 sum,etnon
3469 3288 3775 3354 turbabor,

2124 3374 2409 3446 quidquid
2441 3376 2513 3430 de
2544 3391 2637 3429 me
2663 3374 3161 3439 volueritis.Quod
3185 3379 3609 3444 vestrarum,ut
3632 3375 3777 3431 dici-

2116 3464 2347 3531 tis,erat
2378 3464 2654 3534 partium,
2687 3463 2927 3520 fecistis.
2959 3464 3160 3519 Faciat
3190 3470 3245 3519 et
3268 3464 3584 3536 imperator
3612 3466 3773 3536 quod

2116 3552 2410 3623 reliquum
2434 3558 2543 3619 est,
2577 3559 2635 3607 et
2667 3570 2782 3624 quo
2813 3555 3077 3609 eundum
3140 3553 3311 3609 nobis
3348 3555 3427 3610 sit
3475 3553 3770 3626 extemplo

2114 3641 2589 3711 praescribat,aut
2620 3642 2815 3712 potius
2840 3642 2937 3712 qui
2971 3659 3038 3697 eo
3069 3643 3365 3698 deducant
3394 3644 3611 3711 mittat;
3647 3660 3768 3700 non

2112 3730 2269 3785 enim
2304 3732 2670 3797 resistemus,
2704 3735 2806 3786 aut
2831 3731 3158 3803 quidquam
3192 3732 3434 3788 omnino
3462 3734 3766 3788 recusabi-

2112 3836 2266 3887 mus,
2301 3820 2426 3874 sive
2456 3820 2506 3875 is
2538 3819 2801 3891 gladium
2837 3822 2956 3876 sive
2989 3826 3234 3876 mortem
3284 3822 3458 3877 etiam
3513 3826 3697 3892 paret.
3734 3846 3766 3873 »

2114 3907 2212 3963 [lis
2243 3908 2416 3963 dictis
2447 3909 2677 3964 dimisit
2705 3909 2763 3963 in
2799 3926 2939 3980 pace
2970 3926 3197 3966 omnes.
3230 3915 3361 3982 Ipse
3394 3909 3619 3982 placide
3642 3928 3764 3967 om-

2108 3997 2275 4053 nium
2304 4014 2547 4053 securus
2591 3998 2833 4069 assedit,
2890 4000 2962 4056 ab
3008 3999 3361 4071 imperatore
3410 4002 3761 4057 mandatum

2107 4091 2474 4156 exspectans.

2105 4250 2159 4303 8.
2198 4249 2260 4304 Ut
2286 4248 2517 4303 mittens
2550 4248 2858 4320 imperator
2887 4247 3149 4305 eduxerit
3194 4250 3566 4320 patriarchalz'
3608 4252 3769 4312 domo

2352 4319 2759 4390 palriarcham;
2780 4324 2832 4375 et
2854 4335 2979 4392 quae
3002 4324 3132 4375 tunc
3160 4319 3510 4394 cbntigerz'nt.

2178 4446 2306 4502 Mox
2334 4449 2460 4501 erat
2489 4444 2721 4500 circiter
2750 4449 3012 4500 extrema
3043 4446 3178 4502 Maii
3213 4448 3455 4517 mensis,
3510 4466 3645 4506 cum
3699 4452 3761 4507 in

2103 4534 2479 4589 serenitatem
2511 4532 2874 4589 exhilaratus
2905 4549 3003 4589 aer
3031 4551 3100 4589 ex
3152 4534 3398 4592 hiberno
3454 4537 3643 4608 rigore
3701 4543 3761 4595 et

2100 4623 2368 4679 humoris
2425 4639 2527 4693 per
2577 4638 2789 4679 vernos
2842 4628 3076 4694 tepores
3144 4626 3525 4683 exuberantia
3593 4634 3763 4699 parte

337 4715 466 4765 tum
498 4714 605 4776 est,
639 4708 847 4763 alacris
882 4723 1074 4778 pergo.
1108 4706 1223 4760 Vos
1255 4706 1353 4775 ite,
1386 4723 1629 4761 censum
1677 4707 1849 4763 facite
1896 4724 1992 4765 ec-
2021 4697 2068 4762 D
2100 4728 2312 4781 magna
2342 4710 2623 4779 resoluta,
2647 4710 2867 4780 liquido
2900 4712 3143 4768 liberius
3169 4712 3311 4769 cmlo
3343 4697 3759 4787 ridet,qu—ando

340 4798 530 4855 clesim
552 4814 864 4864 vasorum;
896 4800 953 4850 et
997 4794 1288 4866 quidquid
1340 4794 1600 4849 velorum
1649 4802 1987 4869 cznterzeque

336 4889 605 4960 pretiosae
636 4888 838 4954 vestis,
876 4883 1164 4956 quidquid
1213 4888 1551 4938 sanctarum
1604 4883 1987 4954 reliquiarum

335 4983 393 5032 et
422 4976 708 5033 librorum
739 4973 1155 5031 ecclesiasticae
1190 4972 1407 5026 habent
1456 4987 1665 5042 capsae,
1708 4990 1987 5046 recogno-

335 5067 498 5135 scite,
535 5067 799 5137 probate,
835 5067 1164 5125 numerate,
1193 5061 1462 5131 accipite,
1496 5077 1567 5115 ne
1600 5060 1733 5133 quis
1772 5063 1985 5121 deinde

334 5170 443 5209 nos
473 5153 771 5223 sacrilegae
801 5152 1020 5222 rapinas
1064 5150 1250 5221 possit
1297 5164 1595 5204 accusare.
1656 5151 1730 5205 De
1775 5158 1980 5209 caetero

330 5244 581 5313 gaudete
610 5242 668 5297 in
695 5242 962 5309 Domino,
1001 5240 1126 5310 ﬁlii,
1160 5244 1218 5294 et
1264 5237 1502 5293 salvete.
1548 5238 1666 5293 Nos
1722 5239 1979 5311 palliolo,

331 5331 725 5402 pugillaribus
755 5334 812 5385 et
840 5329 1031 5384 tribus
1063 5327 1348 5391 nummis,
1384 5327 1649 5382 mercede
1678 5344 1866 5399 opera:
1903 5331 1979 5387 li-

329 5419 538 5475 braria;
570 5418 953 5474 describendo
1004 5416 1278 5488 psallerio
1332 5416 1553 5481 locatae,
1605 5432 1733 5487 quae
1783 5420 1982 5478 omnia

321 5509 491 5578 juxta
515 5506 901 5563 monasticam
923 5506 1188 5577 regulam
1212 5505 1376 5577 prius
1400 5505 1773 5576 possedimus
1800 5525 1977 5579 quam

326 5594 748 5667 patriarchales
779 5595 930 5649 aedes
969 5594 1435 5666 ingrederemur,
1470 5598 1536 5648 ut
1585 5596 1839 5666 pr0priis
1887 5615 1976 5655 re-

324 5686 604 5756 sumptis,
636 5684 883 5739 eximus.
918 5706 945 5733 »
976 5682 1107 5737 Haec
1132 5688 1188 5737 et
1219 5683 1333 5737 alia
1363 5683 1657 5753 ejusmodi
1711 5687 1979 5756 quaedam

324 5774 533 5830 effatus
556 5773 627 5827 ad
648 5772 953 5838 clerum,et
974 5776 1265 5842 tanquam
1285 5787 1422 5826 mox
1439 5770 1813 5832 discessurus
1836 5794 1974 5849 pro-

2098 4800 2254 4856 circa
2285 4800 2476 4871 prima
2533 4799 2792 4872 vigiliam
2853 4801 3173 4857 adfuerunt
3232 4819 3383 4873 quos
3435 4802 3762 4876 imperator

2099 4889 2339 4945 miserat
2364 4890 2434 4944 ad
2469 4889 2935 4945 condemnatum
2968 4891 3385 4948 abducendum
3443 4909 3559 4963 quo
3603 4894 3760 4965 jussi

2095 4983 2282 5035 erant.
2318 4980 2370 5033 Is
2402 4995 2534 5033 cum
2568 4979 3280 5052 abduceretur,superatis
3304 4983 3587 5053 gradibus
3606 4989 3760 5040 tem-

2095 5067 2176 5139 pli
2210 5068 2441 5123 maximi
2474 5073 2641 5123 stans
2675 5069 2746 5123 ad
2781 5074 3013 5140 portam
3042 5071 3328 5141 majorem
3377 5076 3600 5143 gratias
3641 5073 3764 5146 egit

2093 5159 2543 5215 venerabundus
2577 5159 2811 5215 Christo
2857 5160 3121 5228 Domino,
3175 5162 3430 5218 adorans
3483 5168 3541 5218 et
3587 5168 3653 5219 ut
3697 5164 3757 5219 in

2095 5248 2361 5319 digressu
2396 5248 2751 5305 valcdicens.
2804 5253 2935 5305 Mox
2968 5266 3102 5306 cum
3168 5251 3434 5307 exiturus
3475 5256 3633 5308 esset
3655 5269 3763 5324 per

2092 5339 2398 5393 obversam
2422 5338 2631 5393 orienti
2666 5343 2919 5410 portam,
2955 5344 3022 5393 ut
3052 5340 3124 5394 ad
3176 5340 3450 5397 cellulam
3508 5342 3565 5396 in
3613 5342 3756 5398 Bar-

2091 5426 2235 5482 bara
2263 5426 2431 5482 sitam
2462 5427 2694 5483 miriﬁci
2747 5428 2973 5483 Nicolai
3017 5444 3081 5483 se
3140 5430 3431 5485 conferret
3463 5430 3555 5503 (ea
3610 5439 3756 5487 tunc

2089 5514 2447 5571 domuncula
2479 5516 2627 5572 mari
2658 5517 2914 5584 admota,
2947 5522 3006 5571 et
3036 5518 3108 5572 ad
3144 5518 3427 5574 Oxeensis
3462 5525 3757 5577 monaste-

2089 5606 2155 5660 rii
2180 5606 2283 5675 jus
2315 5605 2765 5677 dominiumque
2791 5606 3111 5677 pertinens,
3148 5608 3277 5664 ideo
3328 5613 3532 5679 parata
3560 5608 3755 5665 fuerat

2087 5693 2276 5750 obiter
2306 5693 2646 5765 excipiendo
2677 5695 2947 5762 Arsenio,
3002 5696 3162 5767 quod
3209 5696 3261 5751 ei
3312 5697 3514 5753 sedem
3562 5698 3756 5755 exsilii

2086 5783 2242 5856 apud
2277 5783 2513 5852 Oxeam,
2550 5783 3055 5856 opportunitatem
3091 5788 3415 5857 quamdam
3444 5785 3557 5843 loci
3588 5804 3760 5846 secu-
