4112 6446
344 459 453 515 717

1413 464 1508 519 ΠΒ
1546 461 1915 517 MICHAELE
1952 458 2403 516 PALEOLOGO
2438 460 2573 514 LIB.
2615 459 2712 512 IV.

3662 468 3770 523 718

347 579 591 655 θαλάσσῃ
649 581 741 639 καὶ
800 585 874 648 ὡς
929 585 1193 659 μετόχιον
1219 588 1287 659 τῇ
1344 584 1523 657 Ὀξείᾳ
1560 585 1838 662 ἡρμόζετο
1871 578 2328 656 (ἐκεῖΑέκείνου
2386 580 2678 657 ἀπέχθειαν
2735 581 2808 643 ὡς
2865 581 2940 655 μὴ
2996 582 3123 656 παρ’
3181 580 3383 639 ἐκείνου
3443 585 3520 649 εἰς
3567 608 3767 644 κοινω-

347 672 453 748 γάρ
512 671 837 748 προχαίρως
901 670 1285 742 κατεδικάζετο
1345 674 1647 744 ἀπελθεῖν,
1698 673 1789 728 καὶ
1845 675 2007 726 τοῦτο

348 763 464 816 κατ’
524 760 841 834 οἰκονομίαν
902 761 1242 836 οἶμαιΘεοῦ,
1299 763 1381 818 ὅτι
1432 763 1521 818 καὶ
1568 766 1631 818 τὸ
1684 762 1815 839 ράκο
1869 760 2006 816 ἐκεῖ-

350 871 445 912 νος
496 849 547 905 ἐν
593 854 662 924 τῇ
713 851 888 923 Ὀξείᾳ
944 852 1178 927 πρώτως
1222 850 1386 908 ὑπέδυ
1432 855 1523 909 τὸν
1584 854 1828 927 μοναχὸν
1880 872 2005 924 μετ-

344 940 804 1017 αμφιεννύμενος)
864 975 934 984 --
982 942 1056 1004 ὡς
1120 942 1299 997 τοίνυν
1358 944 1495 1020 πρὸς
1550 947 1618 1018 τῇ
1680 940 1847 1014 ἐξόδῳ
1903 947 2003 1010 τῆς

346 1029 644 1099 ἐκκλησίας
689 1031 781 1100 ἦν,
814 1031 898 1105 [Ρ.
936 1033 1057 1105 183]
1118 1032 1332 1107 αἰθρίας
1395 1032 1448 1094 ἐς
1505 1032 1629 1087 τότε
1670 1029 1835 1099 οὔσης
1887 1031 2004 1084 κατ’

350 1119 582 1195 οὐρανὸν
643 1120 898 1194 ἐξαίφνης
953 1123 1119 1197 νέφος
1183 1121 1403 1177 σκοτόεν
1455 1119 1702 1195 ἐπλήρου
1758 1120 1821 1174 τὸ
1874 1123 2002 1189 πᾶν,

351 1207 441 1264 καὶ
519 1205 777 1285 ῥαγδαῖος
858 1208 1073 1283 σύναμα
1148 1210 1366 1286 χαλάζῃ
1447 1209 1766 1290 κατεφέρετο
1826 1209 1999 1278 ὑετὸς,

346 1295 546 1370 χρῆμά
597 1316 657 1351 τε
688 1294 917 1366 ἐξαίσιον
980 1298 1266 1373 ἀστραπῶν
1316 1301 1407 1354 τὸν
1454 1297 1584 1373 ἀέρα
1623 1291 1998 1373 πυρεκϐολοῦν

344 1383 567 1455 ἐξέκαιε,
619 1385 709 1439 καὶ
740 1384 938 1441 κτύποι
988 1388 1229 1461 βροντῶν
1281 1392 1526 1462 συνεχεῖς
1579 1387 1645 1441 τὰ
1672 1390 1780 1441 τῶν
1836 1384 1999 1440 ἀκου-

345 1473 511 1530 όντων
546 1476 938 1549 συνετάρασσον
991 1476 1123 1531 ὦτα.
1177 1476 1433 1540 Κάκεῖνος
1485 1476 1535 1531 ἐν
1569 1476 1753 1539 τόσοις
1802 1471 1998 1536 δεινοῖς

340 1567 460 1626 τοῖς
509 1561 803 1640 ἀπάγουσιν
849 1560 1084 1633 ε’ίλκετο,
1133 1560 1237 1626 ἕως
1280 1564 1371 1619 καὶ
1417 1563 1469 1627 ἐς
1519 1565 1617 1633 τήν
1676 1565 1846 1637 μονὴν
1896 1584 1997 1617 κα-

340 1653 699 1723 τηντήκεσαν.
752 1653 960 1708 Έκεῖσε
1006 1657 1133 1730 γοῦν
1188 1652 1548 1728 διαγαγόντος
1605 1654 1704 1722 τὴν
1760 1650 1995 1727 ἡμέραν,

340 1745 409 1815 τῇ
466 1741 824 1818 ἐπιγενομένη
872 1742 1025 1798 νυκτὶ
1070 1743 1167 1813 νηῗ
1223 1742 1406 1799 ἀλιάδι
1462 1741 1739 1815 ἐνθέμενοι
1790 1742 1996 1817 περιώ-

340 1835 489 1904 ριζον
534 1830 633 1885 ἀνά
676 1833 778 1900 τὴν
810 1830 1240 1907 Προικόννησον,
1272 1836 1350 1904 τῷ
1382 1831 1557 1887 ἐκεῖσε
1590 1828 1869 1906 μονυδρίῳ
1916 1835 1995 1903 τῷ

2116 670 2232 724 νίαν
2284 666 2606 746 δεχόμενος,
2652 669 2823 724 αἰτίαν
2880 670 3080 747 φέρων,
3132 670 3179 726 εἲ
3228 669 3410 743 ἀληθῆ
3444 672 3652 746 ἄδηλον
3685 678 3769 749 ὃν,

2115 756 2268 831 ὅμως
2318 755 2374 812 δὲ
2423 759 2599 835 φέρων
2650 759 2709 813 ἐκ
2749 759 2943 834 φήμης
2976 759 3050 822 ὡς
3087 761 3481 835 συγκοινωνοίη
3533 766 3670 820 κατά
3715 787 3765 820 τι

2112 853 2229 910 τοῖς
2288 848 2621 922 Ἀρμενίοις,
2673 848 2795 902 τότε
2848 845 2935 903 διὰ
2980 853 3148 903 ταῦτα
3197 849 3285 903 καὶ
3322 851 3764 929 προσαπεδέχετο

2111 937 2174 991 τὸ
2220 935 2465 992 ἐκποδῶν
2518 938 2719 992 ἐκεῖνον
2770 936 3015 1012 γενέσθαι
3070 938 3157 993 καὶ
3214 942 3428 1010 συνήνει
3475 941 3766 1016 γνωμοδο-

2109 1029 2240 1082 τῶν.
2292 1027 2353 1083 Ὀ
2404 1024 2448 1081 δ’
2483 1023 2890 1102 Ἀλεξανδρείας
2937 1024 3215 1092 Νικόλαος
3260 1028 3524 1084 τοσούτου
3577 1053 3763 1087 συναι-

2108 1120 2217 1168 νεῖν
2251 1112 2467 1186 ἐδέησεν
2504 1114 2643 1170 ὥστε
2674 1116 2763 1171 καὶ
2794 1116 3033 1190 καθάπαξ
3061 1121 3166 1171 τῶι
3220 1121 3763 1197 καταψηφισαμένων

2111 1201 2380 1279 ἐσχίζετο,
2414 1204 2502 1259 καὶ
2535 1200 2743 1279 ἔμεινεν
2775 1204 2879 1267 ἓως
2905 1204 3098 1270 τέλους
3129 1205 3178 1260 ἐν
3211 1206 3411 1281 τούτῳ,
3460 1210 3628 1282 μηδὲν
3666 1232 3761 1283 με-

2106 1291 2377 1365 ταλλάξας
2409 1299 2514 1350 τῶν
2551 1294 2927 1370 ἐγνωσμένων.

2110 1406 2159 1458 ι’.
2200 1403 2387 1479 Ὅπως
2444 1400 2639 1479 ἤθελεν
2679 1404 2728 1476 ⁸ὁ
2755 1476 2766 1479 _
2791 1402 3141 1479 πατριάρχης
3170 1402 3290 1479 Δἐπὶ
3329 1408 3436 1479 Δτῆς
3474 1409 3644 1479 τιμῆς
3682 1406 3756 1464 ὣν

2319 1473 2702 1539 ἀνακαλεῖσθαι
2738 1476 2812 1539 ὡς
2842 1473 3101 1551 ἀρχιερέα
3130 1476 3222 1530 τὸν
3266 1473 3538 1552 Σάρδεων.

2176 1565 2299 1619 Τῶν
2360 1561 2407 1617 δ’
2465 1564 2793 1640 ἀρχιερέων,
2854 1563 3001 1634 πλὴν
3057 1569 3163 1619 τῶν
3198 1566 3474 1641 προτέρων
3512 1567 3754 1641 ἐκείνων,

2104 1651 2367 1723 Μανουήλ
2416 1675 2475 1709 τε
2524 1658 2622 1708 τοῦ
2663 1651 3068 1724 Θεσσαλονίκης
3096 1655 3311 1710 καὶτοῦ
3345 1654 3595 1730 Σάρδεων
3632 1658 3752 1713 Ἀνο

2104 1739 2379 1817 δροιίκου,
2417 1745 2501 1816 [Ρ,
2537 1745 2661 1818 184]
2692 1740 2870 1806 οὐδεὶς
2903 1740 3075 1806 ἄλλος
3107 1744 3171 1812 ἦν
3207 1746 3233 1799 ὁ
3266 1745 3609 1819 σχιζόμενος.
3644 1746 3751 1804 Τὸν

2102 1828 2476 1905 Ἀνδρόνικον,
2505 1833 2578 1895 ὡς
2610 1833 2700 1888 καὶ
2753 1832 2890 1887 κατὰ
2940 1832 3220 1909 μοναχοὺς
3268 1834 3593 1910 ἀποκαρείη,
3621 1836 3755 1911 φθά-

336 1916 445 1976 ἅνω
473 1927 574 1991 τῆς
605 1919 895 1996 ἐγχωρίως
946 1919 1252 1997 λεγομένης
1284 1919 1498 1977 Σούδας
1547 1922 1785 1994 κειμένῳ
1833 1919 1990 1996 ἐγκα-
2020 1959 2068 2024 Β
2101 1942 2284 1984 σαντες
2314 1918 2563 1994 εἷ’πομεν.
2614 1924 2713 1979 "Ov
2760 1924 2849 1978 καὶ
2886 1922 2973 1978 ἐπὶ
3023 1930 3123 1993 τῆς
3171 1922 3335 1978 αὐτοῦ
3381 1925 3752 2000 πατριαρχίας

439 2007 524 2024 κ,
816 2009 860 2024 ν..
1119 2007 1919 2024 ..-,..,,ς-
2458 2008 3065 2024 ........_
3241 2013 3253 2024 .
3398 2018 3424 2024 η
3582 2012 3629 2024 .-

332 2007 738 2081 τακλείσαντες,
766 2009 1017 2081 τάξαντες
1044 2010 1134 2066 καὶ
1168 2011 1409 2085 ὀπτῆρας
1441 2010 1499 2067 ἐκ
1528 2016 1636 2067 τῶν
1662 2007 1985 2085 βασιλικῶν,

336 2098 411 2161 ὡς
446 2100 522 2173 μή
556 2104 731 2172 θεῷτο
758 2105 877 2162 τοῖς
912 2098 1289 2175 βουλομένοις.

336 2216 622 2292 θ’·,ὍΞτως
668 2215 722 2270 οἳ
764 2222 864 2292 Τῆς
916 2213 1190 2292 ἀνατολῆς
1233 2217 1594 2292 πατριάρχαι,
1642 2216 1800 2292 ὁᾹτῆς
1830 2213 1986 2292 Ἀλεῗέ

403 2285 681 2365 ξανδρείας
706 2289 805 2365 καί
826 2285 1191 2365 Ἀντιοχείας,
1223 2285 1355 2365 περῖ
1381 2285 1839 2363 τῆν’“καθαίρεσιν
1887 2291 1987 2343 τυῦ

401 2359 751 2436 πατριάρχου
783 2359 1092 2432 διετέθησαν
1105 2403 1117 2417 .

402 2456 560 2515 Οὕτω
596 2458 690 2532 μὶν
724 2458 819 2512 οὗν
851 2459 920 2513 τὰ
964 2460 1081 2513 κατ“
1130 2457 1335 2513 ἐκεῖνον
1394 2455 1806 2531 διαταξάμενοι,
1865 2454 1981 2512 ἐπεὶ

336 2546 428 2602 καὶ
483 2546 613 2611 τοὺς
666 2548 1011 2623 πατριάρχας
1067 2547 1150 2603 ἐπ’
1208 2546 1397 2620 ἐκείνῳ
1448 2544 1821 2622 γνωμοδοτεῖν
1876 2551 1987 2601 τῶν

332 2636 643 2713 ἀναγκαίων
691 2634 971 2709 ἐνόμιζον,
1012 2635 1346 2710 ἀξιουμένων
1393 2634 1612 2691 ἐκείνων
1646 2637 1673 2689 ὁ
1721 2636 1816 2709 μὲν
1868 2637 1985 2691 Ἀν-

328 2726 573 2803 τιοχείας
606 2725 883 2801 Εὐθύμιος
914 2725 1251 2802 ὡρμημένος
1297 2724 1387 2781 καὶ
1420 2724 1592 2782 πάλαι
1633 2724 1710 2788 εἷς
1737 2726 1839 2795 τὴν
1869 2726 1987 2781 κατ’

334 2947 455 3012 tus,
478 2943 804 3016 imperator
856 2945 1210 3011 decreverat,
1243 2943 1301 2998 id
1362 2944 1513 3013 quod
1567 2942 1839 3014 equidem
1873 2958 1987 2997 non

339 3030 465 3087 sine
496 3033 735 3088 numine
774 3033 994 3089 factum
1029 3034 1306 3098 arbitror,
1337 3032 1475 3087 dum
1528 3031 1725 3087 animo
1784 3037 1992 3102 reputo

341 3135 566 3175 sacram
600 3121 869 3177 monachi
898 3126 1122 3177 vestem
1154 3137 1219 3176 ac
1270 3120 1693 3191 professionem
1734 3121 1992 3190 primum

339 3210 483 3266 27‘!
530 3211 602 3267 ab
648 3211 887 3266 Arsenio
938 3214 1275 3282 susceptam
1336 3210 1492 3282 apud
1553 3205 1814 3281 Oxeam),
1859 3226 1993 3265 cum

336 3298 603 3370 inquam,
636 3299 696 3354 in
727 3315 793 3354 eo
831 3304 988 3355 esset
1020 3303 1084 3354 ut
1129 3298 1351 3370 templo
1399 3299 1774 3369 egrederetur
1806 3303 1863 3354 et
1890 3316 1993 3354 su-

340 3386 482 3443 dum
508 3404 846 3459 purumque
888 3388 1097 3443 cmlum
1141 3393 1318 3455 esset,
1350 3389 1501 3443 foeda
1541 3394 1779 3460 repente
1809 3388 1997 3443 nubes

337 3480 485 3531 tetra
505 3482 723 3532 cuncta
750 3476 1002 3547 caligine
1025 3475 1357 3547 complevit,
1375 3476 1808 3546 vehemensque
1821 3474 2002 3530 simul

343 3566 532 3621 imber
562 3565 743 3620 mista
761 3566 1049 3635 grandine
1071 3565 1308 3633 decidit,
1334 3564 1671 3636 fulguribus
1691 3564 2002 3620 horrendis

335 3653 450 3710 late
473 3669 668 3710 aerem
690 3654 1169 3709 incendentibus.
1201 3653 1309 3708 Per
1337 3653 1442 3709 has
1473 3652 1572 3707 ille
1601 3669 1896 3708 aerumnas
1927 3654 2001 3707 ab

335 3743 770 3799 abducentibus
800 3742 1167 3809 trahebatur,
1197 3742 1390 3812 quoad
1435 3741 1494 3796 in
1549 3740 1735 3808 illam,
1769 3742 1841 3797 de
1886 3759 2003 3811 qua

337 3833 477 3899 dixi,
510 3831 937 3888 domunculam
970 3835 1383 3902 pervenerunt;
1410 3829 1509 3885 ubi
1541 3846 1675 3884 cum
1699 3830 1856 3885 diem
1890 3846 1996 3900 po-

336 3928 559 3979 sterum
584 3922 1035 3992 transegissent,
1065 3924 1234 3976 nocte
1256 3919 1520 3974 insecuta
1535 3918 1664 3973 navi
1683 3919 1997 3974 Arsenium

340 4010 667 4082 piscatoria;
698 4009 1091 4082 imponentes,
1127 4009 1499 4080 deportatum
1542 4007 1696 4062 ultra
1744 4008 1997 4063 Procon-

335 4115 547 4154 nesum
568 4098 938 4154 incluserunt
960 4096 1384 4154 mansiunculaa
1419 4096 1541 4153 illic
1566 4097 1685 4152 sitae
1711 4114 1891 4169 supra
1913 4096 2002 4152 lo-

336 4205 494 4249 cum.
528 4205 704 4259 quem
727 4188 904 4259 vulgo
940 4186 1142 4242 incolae
1174 4187 1395 4243 Sudam
1435 4191 1667 4254 vocant,
1712 4186 1999 4257 appositis

336 4278 689 4333 custodibus
719 4284 777 4332 et
805 4276 1085 4333 satellitio
1120 4276 1514 4348 imperatoris,
1548 4292 1621 4331 ne
1652 4276 1798 4331 adiri
1831 4275 1998 4331 exsul

339 4383 375 4422 a
404 4366 715 4437 quibusvis
747 4367 998 4422 invisere
1017 4365 1349 4421 volentibus
1378 4370 1593 4437 posset.

336 4482 392 4537 9.
431 4483 494 4539 Ut
527 4481 834 4538 Orientales
882 4480 1219 4552 patriarcha:
1249 4480 1673 4535 Alexandrinus
1730 4484 1783 4536 et
1813 4480 1998 4537 Antio-

406 4554 609 4681 cliwims
654 4553 804 4608 circa
841 4552 1178 4624 patriarcha:
1208 4552 1609 4623 dapositionem
1648 4554 1832 4625 aﬂecti
1871 4557 1997 4624 fue-

411 4643 502 4681 rm
535 4667 548 4681 .

2095 2010 2399 2084 Ἀρσένιος,
2432 2008 2489 2065 εὖ
2520 2008 2680 2074 εἰδὼς
2725 2010 2798 2073 ὡς
2831 2009 2905 2065 δι*
2954 2010 3156 2067 ἐκεῖνον
3203 2013 3264 2067 τὸ
3312 2018 3531 2088 πρῶτον
3580 2012 3752 2088 ἐξορι-

2095 2099 2286 2154 σθέντα
2309 2097 2475 2155 ὑπέδυ
2503 2100 2570 2155 τά
2605 2104 2862 2176 μοναχῶν
2896 2100 3223 2173 ἐξεπίτηδες,
3262 2098 3459 2172 ἤθελεν
3492 2104 3753 2179 ἀνορθοῦν

2096 2188 2432 2261 ἀποθέμενον
2485 2187 2682 2252 εὐθέως
2711 2191 2779 2245 τὰ
2828 2188 2991 2268 ῥάκη.
3044 2188 3203 2246 Ἀλλ’
3236 2190 3335 2246 οὐκ
3381 2191 3646 2267 ἐξεγένετό
3698 2190 3750 2246 οἷ

2099 2276 2175 2340 εἷς
2204 2282 2368 2333 τοῦτο
2397 2276 2486 2334 καὶ
2516 2277 2644 2341 τοὺς
2679 2277 2943 2355 ἱεράρχας
2984 2279 3321 2353 συμπείθειν.
3372 2278 3596 2351 Ἐπειδὴ
3647 2281 3749 2357 γάρ

2098 2365 2302 2430 ἐκεῖνος
2333 2366 2457 2423 τότε
2486 2373 2564 2441 τῷ
2594 2369 2911 2444 πατριάρχῃ
2940 2371 3059 2424 κατ’
3111 2366 3252 2424 ἰδίαν
3277 2369 3749 2446 κοινολογησάμε-

2095 2478 2188 2519 νος
2212 2457 2385 2528 εὗρεν,
2410 2456 2457 2512 εἶ
2480 2458 2646 2531 μόνον
2671 2456 2899 2529 θελήσοι
2927 2458 3016 2513 καὶ
3045 2460 3080 2529 ἡ
3104 2457 3348 2531 σύνοδος,
3369 2460 3753 2531 κατανεύοντα,

2098 2544 2329 2616 ἐξελθὼν
2361 2546 2563 2611 ἐκεῖθεν
2608 2544 2752 2622 έγνω
2800 2546 2963 2623 πείρᾳ
3013 2544 3222 2602 διδόναι
3253 2549 3315 2602 τὸ
3356 2553 3603 2625 πρᾶγμα.
3649 2548 3753 2606 Καὶ

2100 2632 2167 2705 δὴ
2200 2637 2336 2692 κατὰ
2370 2636 2497 2710 μίαν
2538 2641 2647 2691 τῶν
2699 2633 2997 2692 συνοδικῶν
3048 2639 3296 2714 ἡμερῶν,
3345 2637 3748 2714 συνεγνωκότος

2097 2724 2189 2779 καὶ
2245 2730 2343 2780 τοῦ
2387 2726 2758 2802 πατριάρχου,
2814 2722 3053 2799 μανδύαν
3110 2747 3167 2781 τε
3214 2727 3598 2803 ἀρχιερατικὸν
3655 2748 3754 2784 πε-

2101 2950 2209 3011 esl,
2242 2946 2300 2997 et
2344 2958 2464 2997 sua
2513 2942 2674 2998 illam
2726 2944 3027 2999 sententia;
3081 2943 3426 2999 auctoritate
3474 2945 3756 3015 adjuncta

2102 3031 2490 3086 confirmavit.
2522 3035 2593 3085 At
2625 3031 3054 3088 Alexandrinus
3085 3032 3361 3089 Nicolaus
3390 3038 3623 3089 tantum
3654 3036 3761 3091 ab-

2104 3119 2216 3174 fuit
2244 3138 2278 3174 a
2308 3121 2745 3191 comprobando
2788 3122 2962 3190 facto,
2994 3125 3059 3175 ut
3089 3120 3271 3177 semel
3304 3138 3372 3177 ea
3402 3140 3584 3178 causa
3632 3122 3779 3179 illos

2105 3208 2205 3279 qui
2256 3209 2571 3264 Arsenium
2630 3209 3053 3265 damnaverant
3102 3229 3135 3265 a
3189 3227 3298 3265 sua
3348 3212 3765 3268 communione

2109 3296 2405 3353 abscissos
2427 3297 2580 3353 272
2606 3314 2911 3367 nunquam
2943 3297 3202 3369 amplius
3242 3299 3765 3371 admiserit,neque

2108 3404 2310 3442 eorum
2345 3404 2472 3458 quae
2496 3387 2600 3443 tali
2633 3388 2941 3443 occasione
2973 3390 3305 3445 decreverat
3335 3395 3561 3446 mutare
3590 3391 3763 3461 quid-

2110 3493 2287 3548 quam
2322 3478 2393 3532 ad
2420 3477 2596 3531 ﬁnem
2633 3493 2820 3548 usque
2848 3476 3115 3533 voluerit.

2110 3592 2196 3646 10.
2231 3593 2295 3648 Ut
2327 3593 2593 3647 Arsenius
2616 3594 2676 3648 in
2702 3591 3057 3664 patriarchae
3085 3593 3355 3664 dignitate
3397 3596 3578 3651 adhuc
3631 3613 3766 3652 con-

2176 3666 2403 3790 ititudtus
2432 3667 2726 3720 restituere
2757 3668 2815 3720 in
2845 3665 3122 3736 integrum
3174 3666 3407 3722 voluerit
3454 3668 3767 3742 episcOpum

2204 3742 2285 3789 ‘ar
2330 3751 2534 3790 ensem.
2740 3756 2745 3759 ·

2181 3831 2531 3903 Episcopum
2563 3848 2721 3902 vero,
2753 3837 2965 3903 praeter
2994 3835 3218 3905 priores
3259 3835 3393 3892 illos
3436 3837 3769 3894 Manuelem

2108 3920 2695 3976 Thessalonicensem
2713 3931 2769 3976 et
2782 3923 3774 3993 AndronicumSardensem,nullus

2106 4008 2258 4063 alius
2281 4008 2543 4064 schisma
2574 4010 2845 4064 faciebat.
2900 4012 3292 4067 Andronicum
3347 4014 3663 4070 detonsum
3706 4017 3766 4071 in

2109 4096 2466 4152 monachum
2501 4098 2776 4168 superius
2801 4098 3079 4154 diximus.
3100 4099 3266 4155 Hunc
3286 4103 3767 4174 Arsenius,post-

2108 4203 2280 4257 quam
2307 4186 2619 4242 restitutus
2642 4186 3022 4257 patriarchali
3040 4187 3252 4244 throno
3282 4190 3414 4256 fuit,
3439 4190 3628 4246 sciens
3659 4209 3768 4247 sua

2105 4292 2288 4331 causa
2301 4275 2981 4346 expulsum,utexsilium
2997 4275 3773 4347 lucrifaceret,monasticam

2105 4370 2328 4420 vestem
2348 4366 2445 4419 ind
2456 4365 2920 4437 uisse,reponere
2936 4364 2992 4420 in
3010 4370 3230 4420 statum
3252 4365 3566 4436 pristinum
3582 4368 3766 4424 voluit

2106 4455 2208 4509 sed
2241 4471 2356 4509 non
2381 4454 2567 4509 valuit
2599 4452 2849 4508 aliorum
2884 4454 2942 4508 in
2972 4452 3029 4508 id
3051 4454 3389 4510 antistitum
3408 4455 3616 4513 elicere
3638 4474 3769 4514 con-

2107 4560 2374 4599 sensum.
2408 4543 2520 4598 Res
2557 4542 2614 4596 in
2648 4542 2807 4598 hunc
2838 4547 3140 4598 transacta
3190 4545 3433 4600 modum
3486 4551 3592 4601 est.
3644 4548 3776 4619 Egit

2110 4638 2336 4689 secreto
2355 4633 2730 4689 Andronicus
2753 4650 2883 4688 cum
2914 4635 3147 4689 Arsenio
3178 4635 3389 4690 iterum
3423 4636 3777 4710 patriarcha,

412 4724 633 4779 Horum
653 4724 712 4779 in
732 4722 893 4779 hunc
916 4723 1159 4778 modum
1183 4726 1387 4778 contra
1405 4721 1801 4793 patriarcham
1825 4724 1998 4778 Arse-
2032 4715 2077 4779 D
2111 4728 2169 4777 et
2193 4738 2264 4777 ex
2292 4738 2358 4776 eo
2396 4721 2694 4777 intellexit
2726 4739 2828 4791 per
2858 4722 3055 4793 ipsum
3091 4740 3206 4779 non
3268 4728 3424 4779 stare
3454 4726 3776 4795 quominus

342 4811 508 4868 nium
542 4816 810 4868 actorum
828 4812 1027 4883 magni
1051 4810 1578 4881 referre,quinimo
1604 4812 2005 4865 necessarium

340 4917 493 4969 esse,
550 4901 654 4973 qui
704 4907 947 4972 egerant
992 4900 1300 4972 putabant,
1334 4904 1399 4954 ut
1428 4898 1617 4955 caeteri
1664 4899 2007 4967 patriarchae

341 4997 617 5046 auctores
648 4990 853 5045 ﬁerent
880 4987 1344 5044 concordibusin
1364 5004 1432 5043 ea
1451 4986 1751 5057 suffragiis
1775 4987 2006 5042 dandis.

340 5083 491 5136 Cum
521 5078 706 5151 igitur
735 5078 821 5134 illi
856 5082 922 5133 ut
943 5077 1001 5133 id
1029 5082 1361 5132 annuerent
1391 5080 1760 5147 rogarentur,
1803 5075 2009 5130 Antio—

342 5169 570 5225 chenus
604 5167 844 5239 quidem
867 5165 1221 5237 Euthymius
1254 5164 1424 5222 facile
1443 5181 1725 5221 assensus
1756 5168 1864 5220 est:
1890 5171 2013 5220 erat

342 5258 505 5313 enim
532 5257 691 5312 haud
736 5257 988 5312 obscure
1040 5256 1168 5327 jam
1226 5254 1369 5311 olim
1417 5253 1664 5310 Arsenio
1719 5253 2011 5321 infensus,

343 5346 504 5418 quod
538 5347 611 5401 ab
645 5346 775 5417 ipso
818 5344 878 5400 in
932 5344 1411 5400 communionem
1456 5359 1572 5398 non
1637 5343 2011 5411 reciperetur.

343 5435 537 5491 Causa
567 5434 1062 5502 ferebatur(baud
1096 5432 1371 5505 equidem
1404 5430 1737 5487 deﬁnierim
1763 5448 1836 5486 an
1859 5448 2012 5499 vera,

346 5524 449 5580 sed
482 5523 636 5579 hanc
660 5529 857 5579 tamen
891 5522 1109 5594 vulgus
1160 5537 1431 5578 sermone
1472 5520 1827 5588 celebrabat)
1858 5521 2014 5591 quod

345 5612 749 5669 Antiochenus
780 5610 1287 5668 communicasset
1306 5609 1564 5681 quadam
1597 5608 1654 5663 in
1679 5626 1739 5664 re
1761 5625 1893 5664 cum
1916 5610 2019 5664 Ar-

345 5703 584 5759 meniis.
618 5702 811 5767 Quare
840 5699 996 5757 idem
1039 5699 1349 5756 occasione
1396 5697 1641 5754 ultionis
1672 5698 1885 5769 cupide
1923 5715 2015 5753 ar-

348 5794 519 5865 repta
537 5789 1076 5849 exauctorationem
1101 5786 1420 5847 adversarii
1447 5786 1699 5845 libenter
1716 5786 2020 5860 amplexus

2117 4811 2391 4867 continuo
2423 4811 2691 4881 deposito
2732 4811 3077 4868 monachico
3109 4816 3356 4869 centone
3412 4814 3775 4885 episcopales

2117 4900 2332 4954 iterum
2364 4897 2584 4957 infulas
2609 4902 2890 4953 sumeret:
2911 4899 3236 4955 addimodo
3259 4900 3330 4954 ad
3349 4916 3519 4955 suam
3544 4908 3777 4959 curaret

2121 4988 2358 5042 Patrum
2391 5003 2625 5058 quoque
2656 5003 2721 5042 ac
2748 4987 2957 5059 synodi
2988 4988 3371 5044 voluntatem.
3409 4988 3513 5045 His
3544 4992 3775 5048 Andro-

2121 5076 2291 5131 nicus
2312 5076 2562 5147 cognitis
2592 5075 2839 5146 experiri
2874 5077 3174 5147 negotium
3200 5078 3478 5146 decrevit;
3536 5085 3593 5134 et
3627 5097 3777 5151 qua-

2121 5165 2257 5219 dam
2277 5164 2389 5230 die,
2425 5180 2537 5235 qua
2568 5164 2905 5235 congregati
2924 5164 3215 5220 antistites
3235 5170 3403 5220 erant
3431 5182 3566 5223 cum
3590 5171 3776 5241 patri-

2120 5253 2297 5309 archa
2322 5253 2403 5307 rei
2436 5252 3091 5324 conscio,episcopalem
3125 5253 3390 5310 humeris
3440 5258 3776 5331 mandyam,

2124 5341 2300 5413 capiti
2332 5341 2576 5397 cidarim
2610 5341 2882 5411 imponit,
2915 5346 2972 5396 et
3001 5343 3087 5396 sic
3117 5343 3186 5396 ad
3230 5342 3384 5399 fores
3415 5345 3626 5402 sedens
3675 5365 3779 5419 po-

2126 5430 2313 5485 stulat
2334 5430 2585 5486 admitti.
2604 5429 2920 5484 Nuntiatur
2940 5431 3213 5486 Patribus
3237 5433 3513 5504 quis,quo
3551 5443 3785 5502 ornatu,

2129 5520 2268 5590 quid
2304 5523 2544 5590 peteret.
2579 5518 2893 5589 Displicuit
2929 5520 3230 5592 plerisque
3261 5538 3473 5577 ausum
3533 5541 3661 5579 esse
3693 5526 3783 5579 in-

2121 5608 2297 5678 jussu
2324 5607 2676 5662 monachum
2712 5607 3103 5679 episcopalem
3154 5626 3453 5666 resumere
3485 5618 3780 5668 ornatum.

2129 5702 2281 5770 Ergo
2312 5696 2611 5752 hominem
2643 5713 2935 5753 consensu
2960 5700 3305 5770 rejecerunt;
3329 5706 3387 5754 et
3411 5716 3543 5755 cum
3569 5700 3784 5774 aliquis

2133 5788 2449 5860 quamdam
2483 5786 2611 5857 ejus
2634 5785 2941 5858 epistolam
2973 5786 3338 5859 protulisset,
3389 5789 3485 5846 cui
3517 5790 3781 5864 seipsum
