4112 6448
381 474 488 528 719

1689 470 1994 527 GEORGII
2031 470 2497 524 PACHYMERB

3696 469 3807 524 720

379 590 699 673 ριϐάλλεται
754 592 843 646 καὶ
899 590 985 645 ἐπὶ
1061 591 1305 667 κεφαλῆς
1376 592 1475 656 τὴν
1528 590 1672 663 ἱερὰν
1734 589 2109 658 ἐπιτίθεταιΑ
2144 590 2401 659 ὑπήκοοι,
2465 587 2672 662 μηδένα
2718 595 2826 645 τῶν
2883 590 3135 645 ἁπάντων
3199 591 3354 662 ὑμῶν
3415 589 3499 645 ἐπὶ
3535 594 3801 647 τοσοῦτον

381 682 616 756 κίδαριν,
676 682 767 735 καὶ
815 680 1092 744 καθεσθεὶς
1148 678 1246 751 ἔξω
1294 679 1483 754 καιρὸν
1531 678 1709 749 ἐζήτει
1752 676 2028 741 συνελθεῖν

380 778 450 847 τῇ
483 769 694 843 συνόδῳ
736 775 816 842 τῷ
862 770 1179 844 πατριάρχῃ
1232 766 1643 844 συνεδρευο·5σῃ.
1700 769 1789 828 Ὠς
1841 765 1886 821 δ’
1927 768 2030 841 ἠγ-

382 862 613 937 γέλλετο
666 864 733 933 τῇ
766 856 976 930 συνόδῳ
1004 860 1069 912 τὰ
1108 858 1231 933 περὶ
1282 858 1485 914 τούτου
1518 857 1911 932 περιμένοντος
1941 856 2031 911 καὶ

382 954 780 1027 ἀρχιερατικῶς
840 946 1146 1011 ἐστολίσθαι
1214 946 1554 1019 εμάνθανον,
1614 946 1762 1001 δεινά
1810 945 2029 1000 ἐποίουν

382 1042 473 1096 καὶ
528 1041 625 1094 οὐκ
676 1036 875 1108 ἤθελον
929 1035 1200 1112 δέχεσθαι.
1262 1039 1349 1098 Ὡς
1412 1034 1468 1091 δέ
1523 1057 1607 1098 τις
1667 1036 1883 1090 ἐκείνων
1943 1034 2031 1089 καὶ

380 1134 479 1200 τήν
530 1127 826 1196 ἐπιστολὴν
876 1126 1152 1204 ένεφάνιζε
1206 1127 1306 1194 τήν
1368 1125 1598 1197 ἐκείνου,
1630 1125 1681 1180 ἐν
1741 1123 2033 1197 ᾕέπέγρα-

382 1240 473 1297 φεν
526 1217 711 1273 ἑαυτὸν
786 1215 1012 1277 οἰκείαις
1090 1215 1276 1290 χερσὶν
1331 1216 1654 1283 Ἀθανάσον,
1710 1214 1902 1268 αὐτίκα
1952 1216 2035 1285 τῷ

386 1313 481 1383 μὶν
541 1308 857 1382 πατριάρχῃ
898 1307 998 1374 τὴν
1044 1311 1142 1359 τοῦ
1207 1307 1427 1381 βοηθεῖν
1477 1307 1655 1378 ὁρμὴν
1710 1299 2033 1376 ἠμϐλύσθαι

380 1398 471 1455 καὶ
519 1399 580 1452 τὸ
640 1397 770 1471 ὑπὲρ
821 1395 1028 1450 ἐκείνου
1078 1394 1278 1469 θερμὸν
1330 1395 1564 1469 έψῦχθαι
1612 1388 1908 1460 συνέϐαινε,
1956 1394 2035 1462 τῷ

382 1487 430 1543 δ’
477 1488 801 1542 ἀνακοπέντι
851 1490 1169 1561 καθυφεῖναι
1215 1491 1316 1552 τῆς
1364 1483 1556 1557 πείρας
1601 1482 1692 1536 καὶ
1742 1480 2034 1556 ἀπραγμό-

379 1598 481 1639 νως
540 1576 775 1631 ἐντεῦτεν
839 1572 1067 1648 διάγειν.
1136 1572 1310 1628 Ἀλλὰ
1366 1576 1534 1626 ταῦτα
1593 1572 1689 1643 μὲν
1740 1570 2031 1644 πρότερον

374 1667 501 1723 τότε
533 1665 590 1721 δὲ
612 1664 815 1719 πολλοὶ
848 1668 954 1717 τῶν
987 1683 1046 1717 τε
1081 1666 1342 1736 μοναχῶν
1373 1662 1461 1715 καὶ
1493 1668 1595 1729 τῆς
1627 1656 1877 1719 λαώδους
1918 1656 2035 1731 μοί-

383 1778 477 1832 ρας
538 1754 962 1828 ἀποσχισθέντες
1018 1754 1137 1805 κατ’
1195 1751 1389 1811 αὐτοὺς
1440 1750 1816 1824 συνελέγοντο,
1874 1773 1895 1798 ι
1944 1749 2032 1816 Μὴ

381 1848 491 1919 ἅψᾳ
543 1841 683 1917 μηδὲ
733 1842 858 1917 θίγῃ
890 1842 952 1895 τὸ
982 1840 1260 1914 παράπαν,
1294 1864 1321 1892 ››
1356 1839 1634 1913 λέγοντες,
1670 1861 1695 1892 ι
1729 1839 1788 1901 ὃς
1818 1837 1877 1891 ἂν
1911 1858 2037 1890 συν-

2142 676 2295 746 ἤκειν
2329 674 2754 755 φρενοϐλαϐείας
2802 679 2943 734 ὥστε
2990 680 3064 751 μὴ
3115 680 3290 751 ἑαυτῷ
3341 678 3596 734 δύνασθαι
3652 688 3806 755 χρῆ-

2141 779 2262 831 σθαι
2313 764 2635 841 συμϐούλῳ,
2685 768 2830 824 ἀλλὰ
2858 774 2936 840 τῷ
2978 770 3174 831 πέλας.
3209 768 3274 825 Εἰ
3325 770 3428 846 γὰρ
3460 769 3552 825 καὶ
3583 772 3617 839 ἡ
3652 771 3802 846 παρὰ

2139 862 2246 911 τῶν
2281 857 2466 912 ἄλλων
2522 858 2698 933 βουλή
2750 854 3155 930 συλλαμϐάνειν
3206 860 3275 913 τὰ
3321 858 3554 913 πλεῖστα
3598 861 3807 937 πέφυκε

2139 952 2256 1007 τοῖς
2310 947 2734 1019 βουλευομένοις
2768 947 2961 1022 (ταύτῃ
2995 948 3098 1022 γὰρ
3130 947 3221 1002 καὶ
3252 943 3544 1020 συμϐουλή
3582 946 3808 1023 λέγεται

2143 1033 2217 1094 εἷς
2272 1035 2435 1090 ταυτὸ
2496 1035 2876 1111 συναγομένων
2933 1040 3137 1113 ἀμφοῖν
3190 1041 3297 1091 τῶν
3355 1034 3620 1111 βουλῶν),
3674 1037 3810 1094 ἀλλ’

2144 1124 2435 1197 ἀναγκαῖον
2480 1130 2642 1180 τοῦτο
2693 1125 2774 1202 ἐφ’
2822 1127 2975 1187 ὅσοις
3027 1124 3111 1180 ἐπ’
3163 1120 3464 1200 ἀμφιϐόλῳ
3508 1132 3684 1182 κεῖται
3737 1128 3804 1182 τὸ

2149 1210 2591 1286 βουλευόμενον,
2651 1215 2725 1276 ὡς
2785 1216 3166 1291 ἀμφοτέρωθεν
3228 1212 3530 1290 λογισμοὺς
3580 1215 3802 1293 ἰσορρό-

2144 1322 2278 1363 πους
2329 1305 2615 1371 κινεῖσθαι,
2675 1303 2770 1357 κᾶν
2832 1304 3023 1365 ὁποίας
3064 1325 3147 1366 τις
3200 1305 3428 1377 ἅψηται.
3481 1306 3599 1381 Ἐφ’
3651 1304 3804 1368 ὅσοις

2148 1388 2204 1445 δὲ
2235 1393 2562 1467 ὲτερορρεπῆ
2595 1393 2662 1447 τὰ
2714 1397 2813 1457 τῆς
2871 1390 3053 1464 δόξης,
3114 1394 3190 1457 ὡς
3220 1393 3457 1458 ἐντεῦθεν
3513 1397 3611 1467 μὲν
3668 1396 3806 1468 μετὰ

2143 1486 2240 1535 τοῦ
2270 1481 2442 1537 καλοῦ
2499 1484 2589 1536 καὶ
2647 1484 2709 1537 τὸ
2764 1482 2965 1557 πάγιον
3025 1483 3427 1559 ἀναφαίνεσθαι,
3482 1482 3683 1539 ἐκεῖθεν
3744 1482 3804 1540 δὲ

2148 1568 2318 1638 δῆλον
2380 1571 2514 1625 εἶναι
2568 1572 2629 1626 τὸ
2690 1571 2957 1647 βλάπτον,
3005 1571 3186 1627 ἐκαῖον
3221 1569 3392 1635 ὅντως
3426 1573 3515 1627 καὶ
3549 1572 3802 1630 ἀλυσιτε-

2147 1660 2237 1721 λὲς
2317 1659 2596 1734 λογισμῶν
2673 1661 2983 1736 συντρόφων
3066 1662 3415 1737 ὑπερορῶντα
3481 1661 3801 1736 ἀλλοτρίοις

2148 1756 2411 1823 χρῆσθαι,
2443 1756 2525 1811 οἷς
2575 1748 2651 1804 ἔνι
2689 1752 2782 1823 μὲν
2818 1746 3075 1822 ἀϐουλία,
3110 1747 3185 1805 ἔνι
3221 1748 3267 1806 δ’
3294 1747 3469 1826 ὄρεξις
3498 1753 3637 1829 πρὸς
3667 1753 3799 1808 τοῦ-

2145 1860 2262 1902 τοις
2289 1840 2380 1893 καὶ
2411 1841 2471 1893 τὸ
2504 1840 2645 1910 ξένον
2675 1840 2755 1895 ἀεί
2803 1843 2927 1895 ποτ’
2963 1840 3299 1915 ἀνάλγητον,
3349 1842 3423 1904 ὡς
3474 1842 3675 1905 παντὸς
3705 1847 3799 1898 τοῦ

379 1934 557 2003 αινοίη
615 1935 684 2005 τῇ
743 1930 1051 2004 καθαιρέσει
1109 1934 1206 1984 τοῦ
1264 1930 1612 2004 πατριάρχου
1659 1930 1693 1997 ἢ
1759 1928 1866 1999 μὴν
1914 1946 2033 1980 κοι-
2068 1965 2113 2029 Β
2147 1927 2352 1982 οἰκείου
2384 1928 2685 2005 πεφυκότος
2740 1929 2964 1999 πιέζειν.
3025 1936 3115 1985 Δεῖ
3164 1930 3343 1985 τοίνυν
3397 1951 3461 2005 γε
3518 1932 3609 1987 καὶ
3657 1933 3798 2005 ὑμᾶς

378 2023 583 2093 νωνοίη
632 2026 750 2081 τοῖς
803 2023 1165 2074 συπιαινοῦσιν.
1218 2042 1246 2070 ››
1305 2017 1461 2075 ἈλΛ’
1515 2018 1543 2071 ὁ
1599 2014 1873 2092 βασιλεὺς,
1920 2013 2035 2069 ἐπεὶ

382 2113 483 2168 οὐκ
528 2115 593 2181 ἦν
632 2112 732 2179 τήν
781 2108 1108 2179 Ἐκκλησίαν
1168 2109 1506 2179 ἀποίμαντον
1572 2104 1868 2179 διαμένειν,
1918 2109 2035 2166 τοῖς

387 2202 482 2275 μὶν
552 2201 897 2275 ἀρχιερεῦσιν
967 2198 1135 2274 ἐφῆκε
1190 2196 1521 2273 ψηφίζεσθαι
1571 2196 1664 2249 τὸν
1727 2193 1875 2271 σφίσι
1938 2191 2032 2247 δο-

381 2294 604 2356 κοῦντα,
656 2288 815 2349 αὐτὸς
854 2284 911 2340 δὲ
961 2285 1096 2361 βαθύ
1144 2306 1195 2339 τι
1230 2289 1495 2359 συνορῶν,
1543 2285 1630 2337 καὶ
1681 2281 2033 2337 ἀναστέλλειν

382 2377 559 2433 θέλων
588 2379 655 2432 τὰ
699 2376 999 2451 σχίσματα,
1028 2373 1239 2443 σύναξίν
1293 2393 1353 2427 τε
1398 2373 1588 2439 κοινὴν
1640 2369 2030 2446 παραγγέλλει,

381 2468 472 2521 καὶ
520 2467 732 2521 πάντων
790 2464 840 2518 ἐν
888 2468 1070 2535 ταυτῷ
1123 2460 1495 2536 συλλεγέντων
1548 2460 1608 2515 ἐκ
1648 2465 1745 2514 τοῦ
1789 2458 2032 2533 παραθύ-

384 2576 481 2628 ρου
509 2562 610 2624 τῆς
642 2554 807 2609 αὐτοῦ
859 2551 1088 2622 κέλλης,
1151 2552 1179 2606 ὃ
1240 2550 1305 2619 δὴ
1340 2552 1429 2605 καὶ
1463 2547 1709 2625 σιδηροῖς
1740 2554 1900 2604 τοῦτο
1938 2550 2031 2620 μὲν

384 2642 614 2719 ὀρθίοις,
672 2647 833 2698 τοῦτο
881 2639 928 2696 δ’
983 2639 1293 2716 ἐγκαρσίυις
1324 2639 1856 2714 περιεδρυφακτοῦτο
1914 2642 2033 2699 τοῖς

380 2734 603 2807 κάμαξι,
632 2733 813 2807 λόγων
846 2731 1050 2801 ἥπτετο
1081 2731 1218 2805 πρὸς
1248 2729 1444 2791 αὐτοὺς
1474 2726 1726 2785 τοιῶνδε.

387 2844 472 2897 ια’.
562 2839 890 2915 Δημηγορία
968 2843 1065 2893 τοῦ
1148 2836 1416 2926 βασιλέως
1494 2836 1617 2912 περὶ
1674 2840 1782 2890 τῶν
1842 2839 2035 2908 σχιζο-

1114 2930 1206 2982 μεν
1216 2930 1309 2965 ων.

457 3003 542 3074 [Ρ.
580 3003 705 3073 185]
758 3022 785 3055 ι
841 3000 981 3075 Ἐγὼ
1030 2997 1264 3070 νομίζω,
1316 2994 1360 3050 ὦ
1412 3002 1512 3065 τῆς
1563 2994 1702 3069 ἐμῆς
1756 2992 2033 3070 βασιλείας

386 3235 567 3274 manu
601 3217 836 3290 propria
883 3214 1271 3271 Athanasium
1332 3212 1739 3283 inscripserat,
1797 3209 2041 3282 contigit

2144 2022 2263 2080 τοῖς
2318 2016 2397 2094 ἐφ’
2454 2018 2655 2072 έαυτῶν
2716 2017 3011 2093 λογισμοῖς
3048 2020 3488 2095 προηγουμένως
3530 2024 3793 2097 χρῆσθαι,

2147 2108 2235 2160 καὶ
2287 2107 2429 2160 οὕτω
2462 2104 2775 2179 δοκιμάζειν
2806 2108 2932 2170 τοὺς
2961 2105 3175 2179 ἔξωθεν.
3212 2110 3311 2172 "Oc
3342 2106 3400 2163 δὲ
3429 2114 3538 2165 τῶν
3572 2110 3790 2166 οἰκείων

2150 2195 2498 2271 ὑπερφρονῶν
2543 2196 2728 2251 ἑαυτὸν
2777 2202 2897 2261 τοῖς
2952 2193 3144 2267 ἔξωθεν
3195 2195 3573 2271 λογιζομένοις
3627 2201 3793 2274 παρέ-

2143 2302 2233 2357 χει
2282 2284 2356 2344 ὠς
2386 2281 2441 2337 εἴ
2488 2305 2539 2337 τι
2592 2284 2653 2339 ἂν
2705 2286 2917 2360 φέροιεν
2969 2284 3171 2340 ἐκεῖνοι
3215 2288 3512 2361 προσέξων,
3548 2289 3575 2341 ὁ
3605 2292 3790 2342 τοιοῦ-

2140 2393 2233 2434 τος
2293 2371 2588 2447 ὁμολογῶν
2640 2371 2773 2429 ἴστω
2831 2376 2907 2437 ὡς
2964 2371 3147 2452 ἄφρων
3181 2374 3293 2430 ἐστὶ
3349 2377 3409 2431 τὸ
3452 2377 3571 2431 καθ’
3603 2373 3791 2433 αὐτόν.

2142 2462 2417 2534 ’Ἂφρονος
2475 2459 2533 2516 δὲ
2584 2462 2800 2525 πάντως
2858 2463 2919 2518 τὸ
2969 2465 3097 2536 μήτ’
3156 2464 3246 2540 ἀφ’
3305 2465 3497 2519 ἑαυτοῦ
3542 2464 3799 2533 συνιέναι,

2142 2550 2231 2605 καὶ
2287 2550 2349 2605 τὸ
2400 2552 2489 2605 καὶ
2522 2573 2603 2613 τις
2636 2554 2723 2607 καὶ
2772 2556 2880 2607 τῶν
2914 2551 3104 2624 ἔξωθεν
3158 2553 3331 2629 λέγοι,
3366 2556 3443 2627 μὴ
3493 2552 3791 2630 διακρίνειν

2144 2636 2341 2694 εἰδέναι
2394 2641 2457 2694 τὸ
2502 2638 2746 2716 κρεῖττόν
2778 2663 2837 2696 τε
2866 2642 2954 2697 καὶ
2984 2643 3046 2697 τὸ
3077 2648 3289 2718 χεῖρον·
3322 2644 3412 2698 καὶ
3447 2644 3642 2699 λοιπὸν
3673 2642 3800 2700 οὐδὲ

2143 2735 2244 2797 τῆς
2283 2728 2505 2803 θυραίας
2553 2728 2741 2803 ἐκείνῳ
2795 2727 3119 2804 συμϐουλῆς
3171 2728 3395 2809 ὄφελος.
3429 2734 3512 2790 Τὰ
3544 2731 3637 2787 οὖν
3673 2736 3803 2806 ξυμ-

2144 2816 2378 2872 πεσόντα
2436 2815 2617 2873 οἷ’δατε
2673 2819 2931 2889 πάντως,
3005 2821 3095 2875 καὶ
3152 2818 3303 2876 οὐδὲν
3366 2822 3418 2893 ἐξ
3466 2825 3627 2895 ἡμῶν
3688 2826 3799 2877 τῶν

2144 2905 2448 2980 γενομένων
2497 2908 2838 2982 κέκρυπται·
2899 2908 2988 2964 ἰπὶ
3044 2910 3222 2983 τούτῳ
3277 2911 3383 2986 γὰρ
3443 2911 3533 2965 καὶ
3594 2912 3806 2984 ᾠκονο-

2147 3000 2302 3068 μεῖτο
2352 2998 2385 3065 ἡ
2447 2996 2525 3074 ἐφ’
2559 2996 2767 3071 ἑκάστῳ
2830 2999 2983 3072 ὑμῶν
3016 2997 3263 3054 ἐνταυθοῖ
3317 2997 3622 3074 συνδρομὴ,
3657 2999 3805 3055 οὕτω

2151 3212 2418 3267 consilio.
2452 3214 2573 3268 Etsi
2620 3214 2775 3270 enim
2812 3214 3060 3270 aliorum
3096 3215 3444 3271 sententiam
3503 3217 3815 3288 exquirere

387 3307 727 3379 patriarchae
760 3320 993 3377 quoque
1024 3300 2034 3374 ipsijuvandieiushebetariimpe-
2068 3330 2111 3395 ρ
2150 3317 2214 3354 ac
2245 3318 2377 3355 cum
2437 3319 2544 3357 sua
2602 3304 2866 3358 conferre
2925 3304 3317 3359 deliberantes
3374 3304 3589 3371 solent,
3632 3306 3809 3395 Aunde

388 3402 515 3452 tum
540 3400 597 3452 et
614 3395 789 3451 studii
815 3411 952 3465 erga
974 3409 1107 3448 eum
1132 3392 1505 3462 refrigescere
1528 3390 1820 3456 ardorem,
1842 3388 2036 3460 ipsum

391 3502 529 3540 vero
561 3484 897 3557 perculsum
945 3480 1164 3536 infelici
1193 3495 1466 3534 successu
1503 3479 1571 3533 ad
1608 3477 1860 3549 quietem
1893 3478 2043 3542 vitae,

388 3591 562 3647 quam
586 3575 801 3628 frustra
818 3574 1087 3626 excutere
1122 3570 1273 3625 273
1302 3572 1645 3635 tentaverat,
1669 3566 2042 3622 constantius

384 3666 662 3735 deinceps
676 3661 1142 3733 amplectendam
1159 3659 1439 3714 domitum
1461 3658 1698 3729 repulsa
1710 3661 2040 3711 convertere

390 3752 677 3808 animum.
712 3752 821 3806 Sed
864 3749 984 3804 haec
1036 3748 1199 3819 prius
1259 3752 1593 3802 evenerant.
1625 3750 1786 3800 Tunc
1844 3750 2037 3800 autem

393 3841 562 3896 multi
588 3839 855 3895 monachi
890 3842 944 3893 et
973 3837 1099 3892 laici
1134 3852 1163 3891 e
1224 3836 1405 3905 plebe,
1456 3836 1866 3890 abscindentes
1914 3848 2038 3889 sese

388 3929 845 3987 acommunione
876 3943 1075 3983 eorum
1128 3927 1223 3997 qui
1251 3927 1676 3980 damnaverant
1703 3923 2034 3990 Arsenium,

391 4019 634 4075 seorsim
667 4020 1083 4082 convenerunt,
1117 4020 1173 4069 et
1202 4013 1441 4083 vulgare
1470 4028 1703 4068 carmen
1761 4027 2033 4065 aversan-

384 4108 533 4163 tium
559 4124 733 4163 usum
766 4105 1305 4174 commerciumque
1340 4102 1715 4172 profanorum
1756 4100 2036 4154 adhiben-

383 4198 523 4253 dum
555 4198 666 4252 sibi
701 4212 855 4249 nunc
888 4196 958 4248 ad
991 4192 1386 4247 excludendos
1417 4207 1526 4245 ase
1558 4188 2034 4258 reliquossanxe-

380 4294 537 4342 runt:
564 4308 592 4335 ‹‹
614 4286 696 4341 Ne
717 4289 956 4348 tractes,
978 4304 998 4333 α
1016 4283 1332 4345 dicentes,»
1357 4297 1426 4333 ne
1450 4286 1679 4350 tangas,
1699 4295 1769 4333 ne
1791 4278 2031 4333 omnino

380 4377 449 4430 ad
471 4375 652 4431 ullam
685 4372 1133 4429 consuetudinis
1158 4376 1378 4439 partem
1404 4368 1683 4423 admittas
1719 4367 1903 4421 ullum
1936 4384 2030 4422 eo-

377 4481 508 4518 rum
541 4464 639 4534 qui
673 4462 758 4517 vel
793 4460 1136 4531 patriarchze
1176 4457 1709 4513 exauctorationem
1745 4456 2028 4526 probave-

375 4554 492 4607 rint
517 4552 601 4606 vel
647 4549 1031 4621 probantibus
1076 4546 1657 4602 communicaverint.
1685 4565 1712 4594 »
1747 4546 2027 4599 Craterum

372 4643 693 4712 imperator
713 4638 1049 4707 intelligens
1072 4653 1185 4691 non
1220 4652 1393 4706 posse
1425 4634 1676 4704 relinqui
1703 4633 2021 4688 Ecclesiam

2150 3389 2413 3444 Graecum
2447 3391 2695 3445 consilio
2738 3408 2950 3447 nomen
3002 3396 3197 3447 ortum
3249 3398 3360 3457 est,
3415 3399 3481 3448 ut
3510 3387 3805 3464 συμϐουλή

2151 3478 2442 3532 diceretur
2471 3480 2639 3549 quasi
2670 3480 3094 3535 sententiarum
3115 3482 3174 3535 in
3198 3498 3381 3535 unum
3407 3481 3641 3537 collatio
3656 3483 3810 3539 dua-

2150 3583 2303 3631 rum,
2325 3573 2524 3622 tamen
2558 3569 2612 3621 id
2648 3573 2876 3623 tantum
2906 3568 3098 3625 locum
3132 3569 3310 3625 habet
3339 3570 3400 3624 in
3444 3572 3621 3626 rebus
3654 3588 3812 3641 qua-

2147 3672 2277 3710 rum
2303 3657 2359 3710 in
2383 3658 2661 3730 ambiguo
2683 3659 2896 3729 pendet
2912 3659 3226 3727 judicium,
3244 3660 3485 3730 paribus
3502 3660 3812 3732 utrimque

2146 3746 2514 3814 argumentis
2547 3746 2737 3800 alendi
2774 3747 3145 3817 negandique
3197 3748 3487 3802 incertum
3547 3747 3809 3820 eligendi

2145 3833 2451 3888 arbitrium
2476 3834 2849 3889 librantibus.
2884 3834 2991 3890 Ubi
3024 3841 3218 3892 autem
3264 3836 3422 3892 haud
3481 3838 3679 3893 dubiis
3742 3838 3807 3894 in

2144 3920 2369 3976 lancem
2393 3922 2635 3977 alteram
2670 3924 2986 3979 momentis
3010 3925 3164 3981 274
3195 3927 3283 3980 fas
3314 3930 3372 3980 et
3398 3942 3634 3996 aequum
3669 3943 3809 3983 ver-

2142 4011 2250 4081 git,
2282 4013 2423 4066 adeo
2456 4017 2521 4066 ut
2548 4012 2684 4068 hinc
2734 4014 2969 4085 quidem
3026 4015 3333 4069 manifeste
3378 4015 3692 4071 honestum
3750 4021 3811 4073 et

2144 4104 2339 4155 tutum
2373 4107 2653 4172 appareat
2684 4104 2839 4172 quod
2875 4104 3239 4174 proponitur,
3273 4103 3436 4160 illinc
3494 4106 3651 4175 quod
3701 4122 3807 4162 os-

2140 4189 2399 4243 tenditur
2428 4190 2726 4246 evidenter
2748 4192 2987 4245 noxium
3022 4197 3315 4261 cernatur,
3340 4198 3467 4247 tum
3492 4193 3803 4251 enimvero

2137 4292 2351 4331 vanum
2387 4278 2907 4351 inconsultumque
2938 4281 3015 4336 sit
3045 4281 3377 4352 quempiam
3409 4282 3611 4337 innato
3649 4284 3804 4339 inti-

2136 4382 2351 4438 moque
2386 4372 2604 4421 naturae
2637 4386 2702 4423 ac
2745 4372 2923 4424 menti
2984 4371 3230 4441 prOpriaa
3288 4388 3466 4425 sensu
3525 4371 3804 4428 abdicato

2137 4454 2344 4509 alienis
2376 4456 2459 4509 uti
2493 4456 2775 4523 consiliis,
2829 4459 3049 4528 quibus
3080 4460 3234 4514 inest
3293 4460 3532 4530 quidem
3567 4462 3803 4533 impru-

2135 4543 2351 4610 dentia,
2412 4545 2563 4600 inest
2600 4552 2657 4600 et
2709 4548 3025 4618 cupiditas,
3088 4552 3482 4620 praetereaque
3557 4550 3807 4624 prurigo

2134 4634 2409 4689 novitatis
2439 4641 2496 4689 et
2525 4637 2791 4704 quaedam
2839 4638 3178 4695 malesuada
3229 4639 3474 4695 dulcedo
3525 4639 3804 4712 inexper-

365 4703 493 4787 sine
524 4735 774 4802 pastore,
799 4703 1137 4783 electionem
1165 4703 1506 4795 patriarchae
1551 4703 1749 4776 liberis
1790 4722 2024 4777 antisti-
2056 4703 2097 4767 Π
2132 4726 2325 4777 torum
2353 4762 2368 4786 ,
2428 4703 2692 4794 inquieto
2750 4728 3063 4795 conjuncta
3130 4728 3299 4782 taedio
3365 4703 3679 4784 solitarum
3741 4734 3807 4784 et

362 4824 491 4875 tum
526 4819 823 4890 suffragiis
856 4815 1279 4887 permisithse
1302 4813 1480 4867 altius
1505 4818 1785 4882 reputans
1820 4812 2015 4882 perni-

361 4911 510 4966 ciem
560 4909 971 4973 schismatum,
1023 4904 1072 4959 si
1124 4920 1290 4958 ruere
1341 4902 1442 4973 qui
1492 4917 1685 4955 errare
1730 4900 2015 4971 coeperint

360 4999 652 5065 sinantur,
678 4996 954 5052 concione
986 4992 1177 5047 omnis
1207 4992 1435 5063 generis
1460 4990 1765 5045 hominum
1788 4995 2008 5057 vocata,

356 5104 385 5142 e
420 5088 671 5142 fenestra
699 5083 951 5141 cubiculi
984 5082 1271 5138 clathrata
1302 5080 1473 5148 ferro,
1495 5083 1685 5133 rectas
1711 5083 2009 5134 transver-

352 5176 431 5229 sis
459 5175 808 5230 decussatim
867 5171 1237 5228 nectentibus
1263 5169 1446 5240 virgis
1504 5168 1747 5222 invicem
1806 5185 1919 5239 que
1951 5168 2007 5222 in

352 5264 532 5319 cratis
592 5263 841 5317 formam
891 5258 1184 5331 implexis,
1240 5257 1397 5311 hunc
1431 5257 1612 5311 ferme
1642 5256 1700 5310 in
1762 5257 2003 5313 modum

351 5352 639 5408 disserere
665 5366 836 5405 orsus
868 5354 980 5404 est.

487 5491 572 5547 14.
610 5490 797 5546 Oratio
828 5490 1176 5561 imperatori:
1208 5488 1271 5544 de
1300 5489 1599 5544 schismate
1629 5487 1857 5544 avulsis.

420 5614 757 5686 «Equidem
798 5614 1089 5679 existimo,
1148 5630 1180 5668 o
1241 5629 1369 5666 meo
1422 5613 1668 5683 imperio
1725 5612 2000 5685 subjecti,

346 5705 640 5760 neminem
666 5702 929 5755 omnium
953 5704 1212 5755 vestrum
1232 5716 1297 5754 eo
1326 5701 1593 5756 stultitiae
1614 5703 1997 5771 processisse,

343 5800 409 5851 ut
447 5810 563 5849 non
618 5807 725 5845 suo
757 5791 967 5863 ipsius,
1001 5790 1101 5845 sed
1151 5789 1394 5846 alterius
1444 5790 1639 5847 solum
1686 5790 1767 5846 uti
1811 5792 1997 5863 possit

2126 4813 2608 4882 quotidianarum
2646 4831 2863 4869 rerum.
2899 4814 3255 4871 Faciendum
3296 4815 3479 4887 igitur
3508 4816 3672 4873 vobis
3703 4822 3804 4874 est

2126 4908 2189 4956 ut
2212 4906 2346 4956 ante
2375 4903 2573 4956 omnia
2602 4904 2812 4958 vestris
2844 4904 3110 4974 ipsorum
3138 4902 3438 4961 mentibus
3452 4906 3801 4976 acjudiciis

2124 4990 2463 5046 auctoribus
2494 4991 2768 5058 utamini,
2801 4997 2858 5048 et
2888 4994 2959 5047 ad
2993 4992 3203 5048 horum
3254 5011 3499 5049 examen
3546 4993 3795 5051 vocetis.

2123 5096 2252 5150 quae
2281 5080 2445 5134 vobis
2471 5079 2708 5136 aliunde
2723 5087 3144 5152 suggeruntur.
3164 5081 3311 5137 Nam
3328 5084 3429 5153 qui
3449 5084 3575 5139 suis
3595 5083 3793 5154 ipsius

2121 5168 2674 5225 ratiocinationibus
2706 5172 2961 5241 rejectis,
2997 5171 3234 5226 aliunde
3276 5172 3488 5228 oblatis
3533 5174 3796 5253 advertit

2118 5259 2382 5313 animum
2414 5263 2471 5313 et
2493 5257 2736 5315 inhaeret
2769 5260 3036 5328 obnoxie,
3062 5261 3112 5315 is
3153 5278 3295 5316 sane
3327 5262 3639 5317 habendus
3674 5279 3785 5333 pro

2116 5347 2331 5401 fatente
2353 5363 2416 5402 se
2442 5347 2691 5404 stultum
2714 5349 2999 5419 etjudicii
3017 5356 3334 5421 expertem.
3360 5350 3538 5406 Stulti
3558 5352 3788 5424 quippe

2114 5453 2181 5492 ac
2206 5435 2430 5507 judicio
2461 5438 2727 5494 destituti
2761 5439 3001 5494 omnino
3028 5445 3118 5494 est.
3156 5439 3305 5495 nihil
3353 5457 3424 5495 ex
3461 5457 3523 5496 se
3556 5441 3795 5496 intelli-

2113 5541 2266 5595 gere,
2300 5526 2401 5581 sed
2433 5526 2725 5597 quidquid
2759 5527 2998 5583 aliunde
3028 5528 3273 5584 offertur
3316 5546 3467 5585 caeca
3523 5529 3792 5585 creduli-

2111 5618 2231 5670 tate
2263 5614 2544 5685 recipere,
2572 5615 2782 5672 melius
2808 5617 2865 5672 id
2890 5617 2966 5672 sit
2998 5634 3070 5672 an
3125 5620 3293 5689 pejus
3348 5618 3496 5674 nihil
3557 5619 3795 5675 discer-

2112 5704 2328 5759 nendo.
2360 5702 2485 5758 Tali
2517 5708 2711 5760 autem
2738 5722 2853 5761 non
2875 5705 3042 5761 video
3065 5707 3205 5776 quid
3225 5711 3788 5781 prositsuggestum

2113 5792 2185 5848 ab
2217 5791 2330 5850 alio
2360 5793 2697 5850 consilium.
2738 5796 2873 5860 Quis
2929 5812 3116 5867 nuper
3172 5798 3550 5871 contigerunt
3605 5797 3784 5858 scitis
