4112 6402
396 416 498 470 721

1477 417 1572 470 DE
1609 413 1985 472 MICHAELE
2022 411 2469 470 PALJEOLOGO
2502 414 2639 468 LIB.
2678 415 2777 471 IV.

3719 415 3826 471 722

394 542 493 594 τοῦ
552 539 826 613 ἡμετέρου
873 535 1231 604 κελεύσαντος
1285 535 1536 614 κράτους.
1599 542 1776 595 Τοῦτο
1829 537 1931 612 γὰρ
1963 537 2054 591 καὶ
2086 546 2140 611 Α
2166 533 2266 610 γὰρ
2298 535 2386 590 καὶ
2415 557 2497 598 τις
2528 534 2944 607 σκανδαλισθείη
2974 555 2986 606 ;
3039 537 3122 592 ὅτι
3176 534 3606 609 μεταλλάττεταί
3637 559 3688 595 τι
3719 547 3823 611 τῆς

397 626 601 683 ἄλλοτε
622 623 837 698 ξυνέϐη.
871 627 1030 696 Πλὴν
1080 629 1139 683 τὸ
1170 628 1257 683 ἐπὶ
1305 634 1424 691 ταῖς
1475 629 1675 690 αἰτίαις
1727 625 2051 682 διαλλάττον

395 711 761 794 ἀμφισϐητεῖν
821 717 1038 791 παρέξει
1095 717 1227 773 τισί.
1288 717 1428 774 Τότε
1489 719 1583 790 μὲν
1639 716 1730 772 οῦν
1793 714 2051 788 ἐθελίμου

394 805 834 878 παραιτουμένου
863 810 960 861 τοῦ
993 805 1079 861 ἐπὶ
1125 814 1226 876 τῆς
1254 807 1621 883 πατριαρχίας
1672 803 1826 860 ὄντος
1880 803 2052 869 ἄλλος

394 894 834 958 ἀντικαθίστατοο
895 899 987 949 νῦν
1040 893 1098 949 δὲ
1153 895 1243 949 καὶ
1276 895 1364 950 ἐπὶ
1420 893 1737 973 κεφαλαίοις
1796 896 2047 969 καθαιρε-

388 984 593 1049 θέντος,
640 984 714 1045 ὡς
761 980 966 1053 οἷ’δατε,
1014 982 1188 1038 ἄλλον
1240 983 1634 1059 έγκαταστῆναι
1683 985 1744 1038 τὸ
1791 982 1935 1045 εἰκὸς
1966 979 2046 1034 δί-

389 1069 580 1129 δωσιν.
629 1074 696 1130 ⁶Ο
752 1077 878 1148 γοῦν
930 1071 990 1128 ἐκ
1047 1077 1142 1127 τοῦ
1191 1072 1560 1150 παρελθόντος
1618 1070 1852 1150 ἐσφάλη,
1883 1069 2044 1124 τοῦτο

385 1162 522 1234 πρὸς
555 1161 617 1215 τὸ
654 1159 862 1234 μέλλον
917 1161 1200 1237 βέλτιστον
1248 1167 1700 1236 προοικονομεῖν.
1741 1161 1872 1214 Τότε
1926 1159 2042 1214 τοί-

387 1273 478 1306 νυν
510 1251 651 1312 τινὲς
683 1255 790 1305 τῶν
825 1257 922 1319 τῆς
966 1249 1258 1325 ὀχλώδους
1313 1249 1514 1326 μοίραᾶ
1561 1252 1648 1306 καὶ
1702 1247 2038 1305 ἀπαιδεύτων

385 1341 466 1402 οἷς
499 1343 534 1409 ἡ
570 1341 787 1415 ταραχὴ
819 1347 917 1410 τῆς
977 1339 1308 1407 Ἐκκλησίας
1360 1341 1656 1414 ἀσμένισις,
1717 1335 2039 1414 παρεισδυό-

385 1451 538 1503 μενοι
590 1435 709 1493 ταῖς
757 1435 865 1484 τῶν
923 1430 1223 1502 ἀνθρώπων
1286 1430 1483 1492 οἰκίαις
1547 1449 1816 1503 πορισμεν
1875 1428 2030 1501 εἶχον

383 1518 619 1583 ἐντεῦθεν
671 1523 734 1573 τὸ
794 1517 1025 1594 σχίσμα.
1089 1523 1173 1591 [Ρ.
1237 1521 1359 1590 186]
1422 1517 1530 1574 Κᾶν
1595 1519 1834 1590 μετῇμεν
1895 1516 2034 1570 ἐκεί-

380 1629 521 1677 νους,
557 1608 602 1662 εἰ
669 1610 807 1681 μήτε
853 1609 914 1662 τὸ
950 1609 1129 1683 βραχὺ
1180 1612 1278 1662 τοῦ
1331 1613 1524 1681 καιροῦ
1584 1607 1807 1668 ἐκείνοις
1847 1627 1905 1660 τε
1932 1613 2032 1674 τῆς

380 1696 596 1768 ἀταξίας
639 1697 727 1751 καὶ
780 1699 917 1768 ἡμῖν
947 1704 1047 1766 τῆς
1078 1695 1466 1770 έπεξελεύσεως
1522 1694 1778 1769 ἐμποδὼν
1835 1697 2031 1768 ὡρμη-

385 1790 564 1862 μένοις
626 1784 786 1857 ἔστη.
841 1788 1102 1843 Τοιοῦτόν
1159 1809 1211 1840 τι
1271 1787 1361 1841 καὶ
1405 1788 1471 1840 τὰ
1525 1791 1618 1840 τῦν
1671 1784 2030 1840 ὑποπτεύεται

376 1879 632 1954 γίνεσθαι·
672 1877 732 1931 οὐ
763 1878 861 1951 γὰρ
921 1876 1212 1941 ἀπόλωλεν
1312 1876 1520 1946 ἀταξία,
1571 1877 1643 1938 ὥς
1683 1897 1835 1936 τινας
1883 1875 2031 1930 ἐπει-

381 1965 704 2040 λημμένους
756 1964 930 2028 α’ίτίας
990 1965 1153 2021 πάλιν
1207 1961 1490 2020 ἀνασοϐεῖν
1533 1967 1619 2020 καὶ
1653 1968 1749 2034 τὴν
1794 1963 2033 2035 Ἐκκλη-

391 2056 506 2111 σίαν
534 2059 632 2111 τοῦ
664 2060 798 2110 Θεοῦ
853 2057 1064 2131 σχίζειν
1119 2061 1426 2130 πειρᾶσθαι.
1475 2055 1553 2111 Τὸ
1607 2059 1734 2131 γοῦν
1795 2053 2031 2116 ἐκείνους

386 2151 590 2218 ζητεῖν,
623 2145 781 2221 φύσιν
831 2141 1059 2221 ἔχοντας
1120 2144 1366 2220 ἄντικρυς
1408 2143 1457 2218 έξ
1491 2143 1718 2217 ἐθισμοῦ
1775 2147 2033 2218 συνεχοῦς

376 2241 496 2297 ταῖς
557 2235 790 2312 γωνίαις
841 2232 1274 2309 ἐπηλυγάζεσθαι
1326 2235 1414 2288 καὶ
1446 2231 1721 2311 κρυφηδὸν
1761 2235 1824 2288 τὸ
1855 2231 2028 2287 αὐτῶν

388 2326 644 2398 πράττειν
679 2319 862 2400 ἔργον,
910 2323 1100 2384 ἄλλως
1161 2321 1216 2378 δὲ
1248 2344 1311 2398 γε
1361 2323 1448 2377 καὶ
1507 2321 1780 2398 περιττόν·
1840 2326 1956 2383 τοῖς
1985 2319 2032 2375 δ’

379 2415 750 2489 ὑπαγομένοις
803 2412 974 2474 οὕτως
1006 2408 1260 2475 ἀϐούλως
1317 2417 1434 2476 τοῖς
1483 2411 1694 2466 ἐκείνων
1743 2411 2030 2486 ὀαρισμοῖς

375 2508 686 2580 προστιμᾷν
746 2507 853 2557 τῶν
915 2503 1208 2578 χειρίστων
1268 2502 1331 2557 οῦ
1387 2504 1782 2575 κατονήσομεν.
1846 2501 1936 2562 Εἷς
1976 2499 2028 2556 τί

382 2742 590 2782 omnes
629 2743 642 2780 :
691 2725 839 2781 nihil
893 2742 1098 2782 eorum
1143 2741 1505 2796 quemquam
1551 2728 1812 2780 vestrum
1859 2723 2031 2778 latet.

384 2817 608 2872 Idcirco
652 2817 768 2870 huc
799 2814 1206 2884 concurristis,
1256 2818 1498 2870 vocante
1529 2830 1594 2869 ac
1629 2814 1876 2883 jubente
1916 2828 2031 2868 me.

382 2905 546 2968 Quod
584 2906 795 2960 factum
831 2904 1003 2958 modo
1031 2910 1140 2972 est,
1174 2903 1499 2974 contigerat
1527 2909 1586 2958 et
1615 2902 1783 2957 alias.
1817 2902 2032 2956 Verum

392 2991 676 3048 similium
707 2998 1023 3048 eventuum
1059 2995 1306 3047 duorum
1351 2993 1591 3047 diversas
1621 3008 1809 3047 causa;
1841 2991 2033 3044 ambi-

387 3083 666 3154 guitatem
701 3083 954 3153 objicere
974 3083 1328 3152 quibusdam
1349 3086 1607 3153 possent.
1631 3081 1795 3136 Tunc
1809 3080 2036 3151 quidem

385 3171 436 3225 ei
471 3170 572 3241 qui
601 3170 930 3226 voluntarie
953 3171 1300 3242 dignitatem
1323 3169 1770 3242 patriarchalem
1793 3168 2034 3224 abdica-

381 3263 568 3330 verat,
600 3260 958 3332 subrogatus
992 3267 1078 3315 est
1111 3275 1457 3316 successor:
1495 3277 1651 3315 nunc
1670 3275 1802 3314 eum
1827 3259 1899 3313 ob
1921 3257 2030 3312 eri-

383 3349 546 3404 mina
576 3349 850 3420 depositi,
883 3355 947 3404 ut
977 3349 1165 3420 scitis,
1193 3349 1384 3405 locum
1407 3347 1573 3405 alteri
1596 3350 1851 3404 tribuere
1871 3364 2035 3418 opor-

383 3443 504 3494 teat
538 3455 643 3508 par
673 3443 732 3492 et
772 3455 1006 3510 aequum
1038 3444 1130 3494 est
1169 3455 1515 3509 praecavere,
1549 3455 1619 3492 ne
1649 3437 1806 3508 quod
1850 3436 2038 3507 priore

378 3527 483 3583 illa
532 3526 713 3582 simili
754 3527 1062 3583 occasione
1097 3544 1400 3598 perperam
1437 3531 1632 3582 aetum
1669 3533 1778 3594 est,
1824 3527 2035 3580 iterum

389 3615 498 3672 hoc
555 3622 819 3687 tempore
868 3621 1212 3671 attentetur.
1265 3617 1432 3671 Tunc
1482 3616 1632 3671 275
1687 3616 1926 3686 quidam
1987 3618 2042 3667 et

387 3704 731 3760 turbulento
763 3721 973 3776 genere
1006 3705 1374 3760 indoctorum
1408 3704 1740 3769 hominum,
1773 3720 1919 3772 quos
1949 3705 2043 3757 de-

387 3792 566 3848 lectat
596 3793 863 3848 Ecclesia
911 3793 1228 3855 tumultus,
1277 3793 1650 3848 insinuantes
1673 3809 1736 3846 se
1766 3791 2043 3846 domibus

387 3883 640 3936 fructum
699 3881 836 3938 inde
874 3883 1022 3954 ipsis
1070 3888 1339 3954 Optatum
1389 3881 1648 3937 sohisma
1695 3879 2040 3936 retulerunt.

391 3969 796 4026 Describerem
854 3971 1354 4042 informaremque
1395 3970 1630 4041 plenius
1671 3971 1912 4041 quinam
1956 3967 2043 4022 illi

395 4059 656 4128 fuerunt,
691 4059 802 4114 nisi
838 4076 1014 4131 quam
1050 4060 1195 4114 mihi
1229 4059 1561 4131 praescripsi
1594 4059 1880 4122 brevitas,
1911 4056 2046 4112 illos

392 4148 614 4204 honore
646 4149 966 4205 mentionis
999 4155 1233 4214 nostrae,
1254 4166 1361 4206 nos
1391 4150 1590 4205 labore
1611 4149 1680 4204 de
1712 4148 1784 4204 iis
1810 4150 1936 4202 fuse
1957 4147 2045 4201 di-

393 4239 583 4304 cendi,
617 4237 752 4293 licet
781 4239 851 4294 ad
887 4239 942 4293 id
982 4249 1284 4311 promptos
1305 4239 1738 4310 inclinatosque
1770 4237 2045 4310 prohibe-

397 4332 503 4382 ret.
547 4328 819 4383 Iteranda
848 4345 1006 4383 nunc
1038 4329 1158 4383 fore
1189 4346 1318 4400 qua)
1349 4334 1492 4384 tunc
1520 4334 1648 4384 acta
1679 4328 1820 4395 sint,
1864 4343 2048 4398 prona

394 4416 774 4487 prudensque
805 4417 1066 4486 suspicio
1098 4423 1224 4472 est:
1259 4434 1373 4472 non
1400 4418 1554 4472 enim
1581 4417 1933 4488 perversitas
1950 4432 2044 4469 ex-

392 4503 606 4558 stincta
627 4511 715 4559 est
747 4504 1037 4560 funditus.
1071 4505 1294 4574 Facile,
1325 4504 1567 4576 inquam
1589 4547 1602 4571 ,
1636 4511 1726 4560 est
1757 4505 2046 4576 quosdam

387 4593 740 4664 arripientes
765 4593 1132 4648 occasionem
1165 4594 1434 4658 nocendi,
1461 4594 1810 4648 conturbare
1833 4594 2046 4648 iterum

2062 1925 2107 1988 Β

2067 3305 2110 3370 C

2165 622 2327 694 δόξης
2359 626 2507 697 αὐτῷ
2543 647 2555 695 ;
2597 625 2757 683 Ἀλλ’
2806 625 2958 681 οὐδὲν
3015 632 3122 682 τῶν
3172 629 3452 703 ἡμετέρων
3505 625 3818 703 παραϐέϐα-

2161 734 2302 782 σται,
2332 716 2405 786 μή
2436 712 2500 784 δή
2524 736 2574 768 τι
2597 716 2686 769 καὶ
2708 711 3047 790 παραϐαθείη
3067 717 3128 771 τὸ
3147 717 3400 775 σύνολον.
3428 717 3585 773 Ἀλλ’
3609 720 3690 772 ὅτι
3711 723 3813 773 τοῦ

2161 807 2426 873 συνήθους
2460 803 2804 880 ἐξέστραπται
2837 825 2848 874 ;
2884 805 3042 861 Ἀλλ’
3073 805 3225 861 οὐδὲν
3259 806 3381 882 ἔχοι
3414 806 3474 861 ἂν
3502 829 3583 868 τις
3615 808 3808 877 εἰπεῖν,

2155 892 2251 946 κᾶν
2285 893 2475 948 πολλά
2505 895 2692 964 κάμοι.
2728 893 2887 950 Ἀλλ’
2942 896 3025 949 ὅτι
3062 897 3164 950 ὑπὸ
3205 897 3440 968 ηοιμένα
3498 903 3806 967 τελοῦντες,

2155 980 2362 1036 ἐκείνου
2392 985 2850 1056 παρακινήθέντος
2898 984 3072 1046 αἰτίας
3113 987 3344 1056 ἱκαναῖς,
3378 983 3554 1040 ἄλλοι)
3602 986 3667 1040 τὸ
3698 1008 3803 1042 πα-

2152 1074 2327 1145 ράπαν
2360 1071 2459 1126 οὐκ
2505 1074 2902 1146 εὐμοιρήσετες
2955 1072 3130 1129 ’Λλλά
3161 1077 3268 1147 μὴν
3302 1075 3392 1129 καὶ
3421 1073 3578 1147 εὐμοι
3613 1077 3806 1150 ρήσετε

2149 1161 2237 1214 καὶ
2291 1160 2618 1230 κρειττόνως
2681 1162 2768 1215 ὑπ’
2828 1161 3017 1234 ἐκείνῳ
3093 1161 3297 1234 διάξετε
3347 1163 3800 1236 ποιμαινόμενοι.

2148 1249 2257 1303 Τίνι
2290 1251 2393 1324 γὰρ
2426 1249 2514 1304 ἀπ’
2564 1251 2769 1304 ἐκείνου
2816 1256 2926 1306 τῶν
2975 1252 3188 1306 πάντων
3241 1254 3296 1308 εὗ
3340 1251 3610 1327 ἐξεγένετο
3660 1253 3802 1326 πρά-

2147 1338 2250 1408 ξειν
2283 1345 2372 1392 και
2421 1340 2486 1392 τὰ
2541 1347 2642 1408 τῆς
2698 1341 2966 1413 ἡμετέρας
3028 1339 3306 1412 εὐμενείας
3364 1339 3520 1412 ἕξειν,
3575 1338 3641 1410 ἥν
3693 1362 3798 1396 που

2146 1423 2482 1498 ἀϐουλήτοις
2527 1429 2615 1483 καὶ
2662 1427 2990 1500 περιπέσοι;
3045 1427 3136 1484 διὰ
3181 1430 3233 1484 τί
3265 1451 3277 1499 ;
3309 1430 3398 1486 καὶ
3456 1431 3670 1494 πάντως
3702 1429 3795 1493 οὖς

2141 1521 2233 1571 νῦν
2260 1517 2336 1579 εἷς
2364 1517 2563 1585 ταύτην
2617 1520 2756 1589 ὑμᾶς
2807 1522 3009 1592 συνῆξα
3060 1525 3278 1573 σκοπῶν
3325 1520 3476 1582 ὅπως
3525 1520 3582 1574 ἂν
3634 1519 3795 1581 αὐτὸς

2139 1611 2236 1661 τοῦ
2273 1608 2544 1682 ἡμετέρου
2569 1609 2800 1681 κράτους
2829 1609 3218 1683 κατηγοροίην·
3267 1607 3447 1663 Ἀλλά
3489 1609 3588 1676 τὴν
3613 1607 3790 1662 αἰτίαν

2142 1695 2429 1769 λέγω,καὶ
2462 1696 2564 1750 οὐκ
2616 1696 3044 1772 έπικρύπτομαι,
3101 1703 3198 1752 τοῦ
3261 1700 3333 1769 μή
3394 1719 3447 1752 τι
3504 1701 3791 1771 τυγχάνειν

2136 1790 2242 1839 τῶν
2277 1785 2660 1857 προσηκόντων
2721 1785 2778 1840 ἐκ
2835 1787 3128 1860 βασιΛικῆς
3187 1786 3412 1847 νεύσεως
3445 1787 3538 1840 τὸν
3597 1783 3787 1847 ἐλέους

2137 1875 2436 1950 χρῄζοντα.
2468 1872 2606 1931 Οῦτε
2632 1875 2733 1950 γὰρ
2762 1875 2949 1947 ἐκείνῳ
2979 1876 3045 1930 τά
3082 1878 3218 1949 πρὸς
3267 1879 3413 1948 ἡμᾶς
3461 1873 3641 1943 εὔοδα,
3675 1896 3788 1929 κω-

2143 1965 2384 2032 Αυούσης
2430 1971 2530 2032 τῆς
2578 1964 2892 2038 ἀπεχθείας,
2947 1963 3060 2018 οὔθ’
3109 1968 3244 2038 ἡμῖν
3294 1968 3368 2037 μὴ
3393 1969 3522 2036 παρ’
3579 1963 3788 2020 ἐκείνου

2142 2051 2484 2125 ἀξιουμένοις
2517 2053 2583 2106 τὰ
2628 2061 2728 2121 τῆς
2777 2052 3053 2124 εὐμενείας
3100 2055 3297 2109 ἀνυστά
3327 2055 3467 2127 πρὸς
3497 2057 3588 2108 τὸν
3643 2055 3791 2129 χρῄ-

2145 2146 2326 2210 ζοντα,
2363 2139 2500 2195 ὅπου
2557 2162 2620 2214 γε
2656 2143 2746 2196 καὶ
2803 2143 2848 2196 εἰ
2903 2143 3080 2212 ἠξίου,
3130 2143 3232 2197 οὐκ
3269 2141 3328 2196 ἂν
3363 2142 3626 2218 ἐτύγχανε
3679 2141 3790 2196 τῶν

2144 2227 2396 2301 δεόντων,
2457 2230 2566 2298 καὶ,
2600 2230 2651 2284 τί
2701 2230 2802 2306 γὰρ
2863 2228 2947 2285 δεῖ
3001 2229 3403 2304 ἐπικρύπτειν;
3460 2231 3569 2307 οὐχ
3625 2234 3787 2304 ἡμῶν

2141 2321 2276 2397 πρὸς
2295 2321 2357 2375 τὸ
2381 2318 2436 2374 εὖ
2459 2321 2713 2393 πράττειν
2764 2320 3221 2394 ἀποπεφυκότων,
3247 2319 3390 2376 Αλλ’
3443 2319 3657 2374 ἐκείνου
3706 2321 3782 2394 μή

2142 2411 2562 2482 οἰκονομοῦντος
2591 2413 2660 2482 τῇ
2713 2409 2928 2478 ἀξιώσει
2961 2410 3021 2463 τὸ
3081 2407 3297 2484 εὔχαρι.
3357 2409 3640 2465 Τίκτεσθαι
3690 2411 3792 2486 γὰρ

2140 2499 2302 2574 χάριν
2337 2495 2522 2573 χοίριτι
2578 2500 2999 2571 μεμαθήκαμεν,
3037 2500 3137 2565 ,καὶ
3193 2498 3291 2554 οὐκ
3335 2499 3399 2573 ᾖν
3432 2499 3675 2570 αὐξάνειν
3701 2501 3794 2555 τὸν

2143 2736 2245 2792 pro
2276 2717 2428 2774 virili
2459 2719 2756 2774 dabimus.
2785 2719 2931 2782 Quid
2961 2719 3189 2792 igitur?
3219 2723 3303 2776 An
3339 2719 3475 2792 quia
3508 2720 3654 2776 verti
3685 2719 3794 2776 ali-

2143 2808 2282 2881 quid
2316 2807 2564 2880 contigit
2606 2825 2810 2864 eorum
2843 2809 3058 2880 quibus
3090 2810 3537 2865 insueveramus
3559 2809 3588 2864 ‘I
3630 2811 3702 2864 At
3731 2809 3790 2865 id

2143 2898 2384 2969 quidem
2401 2915 2473 2952 ne
2497 2897 2789 2952 interdum
2812 2899 3026 2954 accidit
3046 2898 3211 2954 vitari
3233 2899 3394 2954 nulla
3416 2899 3793 2957 contentione

2144 2989 2369 3061 possit;
2402 3005 2584 3060 quare
2607 3005 2825 3042 vanum
2859 2989 2938 3044 sit
2970 2990 3077 3044 hac
3108 2990 3179 3044 de
3211 3006 3271 3045 re
3303 2992 3489 3060 queri.
3524 2993 3610 3044 An
3636 2991 3796 3044 deni-

2146 3097 2260 3152 que
2307 3079 2463 3150 quod
2510 3084 2805 3150 pastorem
2838 3079 3000 3134 vobis
3051 3080 3428 3151 praepositum
3479 3080 3695 3148 sortiti,
3729 3097 3795 3136 eo

2145 3170 2356 3225 deinde
2383 3168 2566 3239 justis
2595 3174 2651 3223 et
2673 3168 3020 3224 necessariis
3054 3174 3249 3224 amoto
3273 3169 3494 3237 causis,
3520 3169 3795 3241 despera-

2143 3258 2220 3313 tis
2251 3257 2374 3312 fieri
2410 3273 2582 3328 posse
2614 3262 2676 3311 ut
2706 3257 2884 3312 alium
2922 3275 3180 3328 unquam
3213 3275 3377 3329 mque
3417 3258 3794 3312 commodum

2147 3346 2574 3402 nanciscamini
2606 3346 2628 3400 Ρ
2661 3347 2838 3417 Atqui
2893 3363 2962 3400 ne
2995 3348 3264 3402 dubitate
3308 3366 3321 3403 :
3365 3347 3790 3403 uanoiscemini

2144 3438 2320 3494 etiam
2354 3438 2838 3502 commodiorem,
2861 3455 2894 3492 a
2916 3455 3030 3509 quo
3053 3439 3460 3511 indulgentius
3483 3439 3792 3511 curemini,

2145 3527 2256 3582 sub
2289 3543 2404 3598 quo
2437 3525 2665 3581 felicius
2697 3526 2925 3582 vivatis.
2961 3527 3105 3581 Nam
3140 3529 3212 3582 ab
3243 3529 3355 3583 isto
3377 3530 3612 3600 quidem
3642 3529 3794 3598 ejec-

2147 3624 2206 3672 to
2237 3617 2331 3671 cui
2384 3618 2476 3673 uni
2511 3618 2747 3672 tandem
2777 3621 3035 3672 vestrum
3087 3619 3238 3674 276
3285 3619 3549 3674 omnium
3595 3618 3790 3690 juvari

2149 3723 2412 3777 unquam
2440 3710 2496 3760 ct
2526 3706 2808 3761 beneficio
2861 3707 3012 3762 affici
3046 3709 3350 3780 contigit?
3401 3725 3574 3780 quem
3622 3708 3802 3762 etiam

2149 3795 2356 3850 dolens
2390 3795 2824 3867 indignansque
2856 3797 3047 3852 recolo
3081 3798 3336 3852 fructum
3371 3803 3584 3854 nostra:
3612 3797 3670 3852 in
3701 3813 3804 3852 vos

2151 3900 2345 3952 prome
2377 3900 2443 3937 ae
2477 3890 2690 3954 paratis
2723 3884 2782 3940 in
2829 3886 3284 3942 neceSeitatibus
3315 3904 3442 3958 quae
3476 3887 3809 3942 inciderant

2150 3971 2522 4028 liberalitatis
2553 3972 2974 4029 intervertisse.
3012 3974 3303 4030 Pmnitens
3333 3975 3464 4042 hoc,
3512 3976 3756 4048 inquam
3791 4016 3806 4042 ,

2151 4066 2208 4117 et
2238 4078 2330 4116 me
2370 4060 2807 4132 reprehendens
2841 4067 3046 4133 reputo
3074 4081 3087 4119 :
3123 4064 3264 4134 quin
3314 4063 3532 4119 idcirco
3565 4081 3665 4119 vos
3697 4063 3810 4120 huc

2149 4151 2490 4220 convocavi,
2532 4153 2598 4205 ut
2631 4165 2723 4204 me
2754 4151 2880 4222 ipse
2921 4167 3254 4208 accusarem
3291 4153 3447 4223 apud
3488 4168 3592 4207 vos
3631 4153 3804 4207 beni-

2155 4239 2398 4313 gnitatis
2441 4239 2630 4294 rarius
2671 4257 2736 4295 ac
2778 4239 3012 4311 parcius
3051 4241 3335 4296 exercitae.
3372 4241 3562 4296 Simul
3605 4245 3806 4296 tamen

2153 4329 2307 4386 clare
2348 4329 2539 4384 dicam
2580 4329 2711 4400 ejus
2749 4329 2927 4384 errati
2959 4346 3224 4396 causam,
3268 4347 3372 4385 nec
3413 4329 3803 4387 dissimulabo

2154 4416 2412 4488 amplius
2444 4417 2866 4489 impedimento
2890 4419 3070 4474 fuisse
3102 4418 3492 4490 patriarcbam
3518 4435 3590 4474 ne
3609 4419 3712 4489 qui
3736 4435 3806 4473 ex

2154 4506 2320 4564 vobis
2351 4511 2588 4578 egerent
2619 4524 2652 4561 a
2682 4513 2887 4562 nostra
2915 4507 3271 4564 liberalitate
3303 4525 3417 4581 quo
3449 4525 3598 4578 opus
3629 4508 3803 4562 habe-

2155 4596 2297 4650 bant
2321 4602 2841 4666 consequerentur.
2875 4598 3098 4652 Etenim
3132 4613 3266 4652 cum
3302 4614 3405 4652 uec
3435 4597 3534 4652 ille
3557 4599 3803 4652 ventita-

385 4687 446 4736 et
477 4681 574 4738 Dei
607 4681 926 4737 Ecclesiam
974 4682 1243 4738 scindere
1273 4683 1493 4738 conari.
1527 4682 1674 4745 Quid
1716 4682 1825 4737 hoc
1855 4699 2042 4752 genus
2074 4673 2119 4736 D
2153 4689 2240 4740 ret
2261 4685 2332 4738 ad
2366 4701 2495 4748 nos,
2530 4685 2873 4756 prohibente
2904 4687 3036 4742 odio
3059 4703 3174 4758 quo
3206 4704 3239 4742 a
3267 4687 3438 4742 nobis
3460 4685 3800 4742 immaniter

386 4771 696 4826 hominum
728 4776 972 4843 spectet,
1005 4773 1147 4842 quid
1168 4777 1459 4826 venentur
1488 4777 1543 4825 et
1565 4777 1800 4842 captent
1831 4771 1948 4839 isti,
1970 4787 2038 4825 ex

384 4877 498 4916 usu
536 4861 778 4917 assiduo
807 4861 978 4931 quasi
1009 4865 1280 4917 naturam
1325 4859 1612 4916 habentes
1651 4860 2036 4915 delitescendi

384 4949 446 5004 in
467 4948 1122 5022 augulisetsuumopus
1145 4949 1477 5004 clanculum
1502 4949 1806 5014 actitandi,
1833 4964 2038 5020 super-

382 5054 705 5094 vacaneum
740 5039 817 5093 sit
848 5038 1043 5094 dicere
1072 5056 1084 5094 :
1114 5039 1259 5094 illud
1295 5056 1410 5094 non
1443 5039 1797 5094 cunctabore
1827 5038 2038 5106 facere,

387 5129 544 5198 quod
583 5133 725 5200 puto
757 5129 1181 5194 necessarium,
1217 5128 1518 5200 increpare
1538 5127 1805 5183 videlicet
1827 5144 1930 5198 pro
1958 5125 2039 5180 rei

382 5216 644 5288 pernicie
688 5217 902 5272 acriter
941 5217 1324 5273 stoliditatem
1367 5217 1760 5272 inconsultam
1802 5217 2037 5270 illorum

381 5305 484 5376 qui
517 5305 731 5360 abduci
755 5321 818 5360 se
841 5306 1044 5360 sinunt
1066 5306 1575 5361 susurrationibus
1598 5307 1862 5361 istorum.
1890 5304 2036 5369 Quid

380 5398 474 5450 est
504 5395 660 5450 enim
685 5411 792 5449 cur
813 5395 948 5464 quis
969 5395 1104 5449 hinc
1129 5395 1611 5450 scandalizetur?
1633 5412 1706 5449 an
1735 5395 1890 5466 quod
1925 5395 2037 5448 im-

385 5486 684 5538 mutatum
739 5483 852 5554 ipsi
905 5484 1234 5554 quidquam
1266 5482 1345 5538 sit
1393 5483 1464 5538 de
1501 5482 1832 5538 Christiano
1884 5483 2036 5554 quod

385 5573 626 5628 tenebat
647 5574 923 5645 dogmate
939 5573 966 5628 ?
989 5574 1198 5630 Verum
1224 5591 1329 5628 nec
1348 5573 1634 5628 hactenus
1656 5573 1981 5644 quidquam
2011 5590 2042 5628 ο

388 5679 567 5719 εαστω
593 5663 872 5718 doctrinae
897 5663 1129 5728 placitis
1151 5669 1376 5719 motum
1402 5667 1514 5733 est,
1537 5679 1602 5718 ac
1624 5679 1694 5717 ne
1718 5664 2040 5734 quidquam

389 5752 450 5807 in
481 5758 782 5824 posterum
822 5757 1144 5820 moveatur,
1178 5757 1236 5808 et
1264 5757 1397 5809 vota
1429 5752 1677 5808 facimus
1711 5757 1768 5808 et
1807 5771 2043 5825 operam

2146 4773 2441 4839 abhorret,
2494 4789 2596 4828 nec
2652 4791 2758 4829 nos
2809 4775 2878 4828 ad
2926 4774 3096 4831 illum
3145 4777 3418 4830 accedere
3463 4791 3797 4846 possemus,

2148 4861 2365 4934 quippe
2397 4863 2496 4934 qui
2529 4863 2816 4918 sciremus
2840 4862 2995 4917 haud
3021 4864 3346 4918 admissum
3373 4863 3464 4933 iri,
3491 4862 3649 4918 nulla
3673 4880 3794 4919 res-

2147 4952 2309 5005 tabat
2337 4951 2507 5006 nobis
2537 4951 2628 5005 via
2667 4953 3055 5022 cognoscendi
3101 4951 3360 5023 legitimo
3409 4958 3464 5008 et
3517 4959 3799 5008 consueto

2149 5039 2341 5094 Patris
2394 5041 2726 5095 communis
2775 5040 2991 5096 indicio
3025 5043 3405 5098 necessitates
3453 5058 3798 5114 pauperum,

2151 5127 2342 5198 iisque
2377 5129 2734 5197 providendi.
2762 5129 3107 5200 Quanquam
3131 5131 3382 5201 (fatebor
3402 5131 3581 5202 enim)
3607 5148 3798 5204 neque

2149 5216 2197 5271 si
2232 5217 2484 5272 maxime
2513 5217 2798 5272 indicaret
2827 5217 2922 5273 ille
2956 5225 3322 5290 rogaretque,
3349 5221 3595 5277 idoneus
3616 5223 3799 5276 inter-

2149 5302 2725 5376 veniretdeprecator
2740 5307 2992 5363 nobisa’l
3011 5308 3477 5364 misericordiam
3494 5309 3796 5364 ﬂectendis

2150 5399 2251 5449 aut
2281 5393 2605 5464 quidquam
2630 5394 2992 5466 impetraret,
3017 5414 3127 5452 non
3153 5399 3306 5469 quod
3333 5404 3542 5454 natura
3563 5398 3693 5452 duri
3718 5397 3798 5452 si-

2153 5500 2284 5537 mus
2317 5487 2371 5536 et
2401 5500 2435 5537 a
2466 5484 2658 5538 dando
2682 5486 2889 5551 aversi,
2923 5487 3023 5540 sed
3050 5488 3203 5557 quod
3239 5487 3298 5541 in
3324 5503 3558 5545 summa
3590 5485 3689 5539 illa
3710 5485 3800 5540 di-

2151 5574 2372 5645 gnitate
2403 5573 2876 5645 ingratissimum
2909 5593 3041 5646 erga
3075 5594 3182 5633 nos
3215 5595 3277 5633 se
3327 5577 3614 5649 praebens,
3647 5575 3801 5631 indi-

2151 5679 2336 5734 gnum
2360 5679 2421 5718 se
2443 5663 2782 5734 reddiderit,
2802 5666 2895 5720 cui
2916 5667 3237 5736 gratiﬁcari
3261 5666 3798 5721 tantiduccremus.

2156 5754 2359 5810 Gratia
2389 5755 2627 5828 quippe,
2662 5760 2727 5812 ut
2758 5773 2911 5829 saepe
2934 5757 3047 5812 dici
3079 5756 3436 5822 audivimus,
3459 5755 3648 5827 gignit
3668 5771 3804 5827 gra-
