4112 6410
359 418 475 473 723

1675 416 1980 474 GEORGII
2016 414 2489 472 PACHYMERE

3689 417 3801 474 724

364 542 544 616 ἔρωτα
568 540 913 619 γεννηθέντα.
959 541 1035 613 μὴ
1067 538 1511 615 ἐπιγεννηθὲντος
1563 538 1654 593 καὶ
1711 542 1808 593 τοῖ’)
1864 538 2018 593 ἀντὲ-
2053 542 2105 609 Α
2135 535 2332 592 ἐκεῖνοί
2387 536 2608 601 ἵσωςᾶν
2641 537 2731 594 καὶ
2784 535 2992 610 λέξειαν
3045 534 3462 614 διαϐάλλεντες)
3517 539 3805 617 ἀποκαρα-

374 654 570 710 ρωτος,
616 631 777 707 Τάχα
834 628 893 685 ἃν
956 628 1260 705 μυθολόγον
1296 650 1363 702 με
1395 627 1694 698 οῗηθείητε.
1753 625 1929 684 Ἀλλὰ
1967 628 2029 681 τὸ

370 726 471 776 τοῦ
505 720 677 793 μύθου
729 723 802 783 ὡς
846 718 1080 791 ἀληθείᾳ
1109 723 1411 794 προσπαῖυν
1467 717 1765 773 ἐπαινετόν.
1824 719 2031 791 Ἐφησε

374 812 474 887 γάρ
507 813 595 865 καὶ
626 832 706 872 τις
738 809 844 863 τῶν
896 807 995 880 ἔξω
1041 808 1272 883 ἐρημίας
1315 807 1536 881 γείτονα
1584 809 1684 875 τήν
1742 804 2029 861 αὐθάδειαν

373 906 455 973 τῷ
496 902 597 976 γὰρ
656 898 875 962 αὐθάδει
936 896 1112 959 οὐδεὶς
1151 896 1405 972 προσέξοι
1465 893 1860 970 προσϐάλλων,
1912 898 2034 949 κάν-

373 992 553 1045 τεῦοεν
586 988 923 1063 ἐρημωθέντι
970 992 1074 1042 τῶν
1133 985 1317 1041 ἄλλων
1365 989 1482 1049 καθ’
1517 986 1675 1039 αὐτὸν
1709 984 1869 1039 αὐτὸν
1925 982 2035 1039 διά-

373 1102 484 1152 γειν
521 1074 823 1151 ξυμϐαίνει.
878 1077 941 1131 Τί
972 1082 1101 1151 γοῦν
1154 1078 1214 1131 τὸ
1249 1077 1561 1145 εἶ’σέπειτας
1617 1072 1878 1144 Είδησετε
1927 1074 2029 1128 πάν

370 1190 479 1223 τως
508 1168 596 1223 καὶ
631 1166 909 1240 εὐμενείας
943 1168 1071 1238 ὑμῖν
1127 1160 1589 1240 προσϐαλλούσας
1642 1166 1881 1231 ἀκτῖνας,
1931 1167 2033 1216 τοῦ

374 1259 637 1329 ποιμένος
694 1260 977 1317 κινοῦντος
1034 1256 1135 1323 τὴν
1197 1254 1466 1327 ἡμετέραν
1518 1254 1747 1327 γνώμην
1804 1251 2037 1327 ὑπερτά-

369 1368 495 1410 τοις
529 1347 801 1420 μεσιτείας
832 1344 1083 1419 τρόποις.
1137 1345 1321 1401 Μόνον
1371 1345 1444 1412 μή
1491 1364 1575 1404 τις
1624 1338 1762 1413 ἐνδῷ
1809 1342 1943 1415 πρὸς
1973 1342 2036 1396 τὸ

378 1442 585 1513 χεῖρον,
623 1434 763 1510 μηδὲ
791 1457 875 1496 τις
908 1436 967 1489 τὸ
997 1436 1116 1497 καθ’
1150 1434 1308 1487 αὑτὸν
1345 1436 1567 1486 σκοπῶν
1626 1434 1711 1504 [Ρ.
1777 1434 1893 1499 187]
1946 1430 2037 1484 καὶ

383 1529 545 1600 μόνον
598 1526 648 1580 ἐν
710 1526 771 1579 οὗ
812 1529 1064 1585 παικτοῖς
1122 1522 1383 1593 παιζέτω,
1424 1519 1555 1594 μηδ’
1611 1521 1710 1575 οὐκ
1763 1520 1849 1575 ἐπὶ
1910 1521 2035 1574 ἀνυ-

381 1620 530 1679 στοῖς
559 1613 933 1683 σπουδαζὲτω.
996 1612 1069 1666 Τὰ
1098 1613 1199 1687 γάρ
1232 1614 1351 1675 καθ’
1410 1608 1637 1665 ἕκαστον
1691 1608 2039 1682 ὀλισθήματα

382 1704 690 1778 ἐμπιπλᾶσι
749 1704 1087 1778 πραγμάτων
1119 1702 1212 1763 τὰς
1266 1701 1479 1768 πόλεις,
1541 1700 1633 1755 καὶ
1674 1699 1789 1763 ἑνός
1846 1699 2035 1774 ἀμαρ-

381 1797 639 1856 τάνοντος
671 1792 876 1848 πολλοὶ
923 1793 1030 1845 τῶν
1080 1795 1262 1846 κακῶν
1311 1790 1597 1865 ἀπηύρων.
1659 1788 1894 1864 Φεόγετε
1918 1788 2035 1843 τοίο

2136 623 2448 690 δοκοῦντας.
2483 627 2548 685 Τί
2579 633 2708 704 γοῦν
2750 630 3012 699 ποιητέον
3068 630 3193 702 ὑμῖν
3256 628 3367 684 ἐστί
3399 648 3413 700 ;
3448 630 3525 686 Τὸ
3561 630 3656 703 μὶν
3697 652 3797 704 με-

2134 714 2412 772 ταδιδόναι
2470 719 2559 773 καὶ
2615 723 2733 781 τοῖς
2791 715 2987 781 ἄλλοις
3033 723 3142 774 τῶν
3216 715 3387 774 ὄντων
3451 719 3512 774 οὐ
3577 721 3801 798 φθόνοςο

2137 806 2387 881 πραττέω
2417 829 2498 870 τις
2548 809 2623 871 ὡς
2676 806 2932 884 βούλεται
2992 813 3174 864 τοῦτο.
3205 810 3281 865 Τό
3343 806 3401 863 δὲ
3426 814 3544 871 τοῖς
3607 808 3807 885 λόγοις

2138 895 2313 951 αὐτῶν
2373 897 2776 973 καθυπάγεσθαι
2852 899 2943 952 καὶ
3023 897 3116 952 σὺν
3200 896 3433 960 ἐκείνοις
3491 897 3806 964 πλανᾶσθαι

2139 980 2200 1039 οὗ
2239 1007 2330 1058 μοι
2383 984 2533 1041 δοκεῖ
2591 984 2700 1041 οὔτ’
2742 986 2867 1059 ἐμοί
2900 987 3121 1041 ἀνεκτὸν
3175 984 3285 1041 οὔθ’
3347 989 3477 1060 ὑμῖν
3534 987 3803 1063 ἀσφαλὲς,

2141 1075 2233 1128 Διὸ
2276 1078 2565 1150 προσθάνει
2620 1083 2720 1147 τῆς
2776 1076 3053 1150 τιμωρίας
3086 1078 3119 1146 ή
3154 1075 3379 1148 ἀπειλή,
3418 1078 3493 1149 μή
3548 1098 3667 1141 πως
3713 1079 3806 1133 ἐπὶ

2138 1168 2246 1219 τῶν
2327 1163 2501 1239 ἔργων
2578 1167 2821 1241 γεγονώς
2877 1187 2961 1228 τις
3030 1166 3222 1221 ππθὼν
3285 1162 3509 1223 εἷ’σεται.
3569 1167 3803 1244 Ἀνάγκη

2138 1255 2239 1329 γὰρ
2297 1259 2413 1316 τοῖς
2472 1254 2687 1331 ὀλίγοις
2756 1253 3270 1329 συνδιαστρέφεσθαι
3341 1255 3470 1316 τοὺς
3527 1254 3804 1321 πολλούς’

2139 1342 2229 1397 καὶ
2283 1344 2600 1408 τούντεῦθεν
2653 1344 2735 1407 τίς
2796 1344 2940 1399 οὕτω
2999 1343 3275 1412 νυστάζων
3347 1345 3423 1407 ὡς
3483 1345 3559 1417 μὴ
3625 1351 3809 1416 ζητεῖν

2142 1438 2345 1509 φτῆσαι
2374 1434 2473 1502 τὴν
2512 1432 2742 1509 eam»;
2804 1433 2914 1508 ἐγὼ
2978 1434 3075 1505 μὲν
3132 1431 3225 1487 οὖν
3286 1430 3677 1506 διακελεύομαι
3711 1436 3805 1490 καὶ

2144 1518 2297 1595 ἀνδρὶ
2356 1522 2445 1576 καὶ
2504 1522 2742 1596 γυναικὶ,
2792 1522 2882 1576 καὶ
2914 1516 3192 1598 πρεσϐύτῃ
3250 1520 3342 1575 καὶ
3400 1523 3530 1595 νέῳ,
3599 1524 3808 1597 ἆστικῷ

2140 1632 2201 1666 τε
2243 1608 2307 1664 αὗ
2367 1612 2457 1665 καὶ
2509 1612 2777 1688 ἀγροίκῳ,
2843 1609 3157 1684 δοκιμάζειν
3208 1614 3426 1684 πρῶτον
3479 1610 3608 1675 τοὺς
3652 1611 3811 1684 πλη-

2144 1701 2426 1769 σιάζοντας
2462 1748 2476 1771 ,
2527 1703 2616 1756 καὶ
2671 1701 2816 1756 οὕτω
2878 1704 3118 1776 χρῆσθαι
3152 1743 3166 1756 .
3216 1700 3293 1756 Τὸ
3346 1701 3448 1777 γὰρ
3494 1706 3688 1758 νοσοῦν
3746 1701 3807 1758 ἐκ

2141 1795 2248 1845 τῶν
2284 1790 2636 1866 ὑγιαινόντων
2697 1786 2815 1866 ἔχει
2864 1792 2961 1852 τὰς
3018 1789 3293 1859 Βοηθείας’
3329 1790 3374 1844 εί
3420 1787 3467 1845 δ’
3524 1791 3679 1846 αὐτοὶ
3709 1793 3805 1857 τὰς

382 1906 470 1939 νυν
501 1885 598 1946 τὰς
646 1883 1058 1957 παρασυνάξεις,
1108 1881 1198 1936 καὶ
1258 1886 1377 1943 τοῖς
1436 1879 1732 1955 σχίσμασιν
1790 1879 2035 1953 ἀπεχθά-
2069 1881 2365 1984 Βγνώμας
2398 1886 2633 1953 νοσοῖεν,
2665 1882 2715 1935 τί
2762 1879 2821 1934 ἂν
2871 1885 2987 1942 τοῖς
3038 1877 3239 1942 ἄλλοις
3296 1878 3637 1955 παράσχοιεν
3669 1881 3808 1956 ἆγαο

584 1972 792 1984 _...
1056 1970 1067 1984 .
1262 1968 1467 1984 -..
1611 1969 1716 1984 ,η
2151 1968 2204 1984 ,ι
2348 1967 2916 1984 ,η,.,,,
3100 1970 3113 1984 .
3317 1968 3457 1984 ..ι
3626 1967 3729 1984 κ..

378 1986 547 2037 νεσθε.
584 1972 796 2028 Παλλοί
829 1970 1163 2048 σακκοφόροι
1191 1975 1311 2031 ταῖς
1359 1968 1554 2030 οἰκίαις
1606 1969 1756 2039 ὑμῶν
1807 1988 2032 2039 παρεισ-

381 2063 657 2132 δόσονται,
691 2063 805 2136 οὐχ
830 2061 981 2122 ὅπως
1022 2061 1151 2133 ὑμῖν
1201 2057 1257 2113 εὖ
1286 2060 1507 2133 γένηται
1562 2056 2037 2131 προθυμούμενοι,

379 2151 507 2208 ἀλλ’
539 2151 688 2212 ὅπως
719 2149 777 2205 ἂν
834 2149 1019 2212 αὐτοῖς
1077 2150 1203 2222 παρ’
1270 2149 1421 2220 ὑμῶν
1473 2147 1758 2221 πορισθείη
1810 2147 1878 2201 τὰ
1905 2147 2042 2201 κατὰ

384 2241 574 2316 χρείας
631 2243 979 2299 σκοποῦντες.
1039 2240 1175 2291 Εἶτα
1228 2237 1674 2312 κατηγορήσουσι
1728 2235 1823 2307 μὶν
1882 2237 2037 2310 βασι-

383 2328 733 2402 λέων,καινδ.
790 2325 848 2382 δὲ
903 2331 1021 2389 τοῖς
1076 2324 1336 2388 παλαιοῖς
1393 2325 1640 2397 μίξαντες
1715 2324 1790 2396 μή
1849 2329 2037 2387 καλῶς

386 2416 535 2495 ἔχειν
586 2420 653 2473 τὰ
702 2423 803 2487 τῆς
860 2415 1189 2486 ἘκκΛησίας
1244 2414 1544 2480 ἐποίσουσι,
1602 2414 1689 2468 καὶ
1734 2410 1825 2469 διὰ
1880 2419 2041 2469 τοῦτο

387 2509 477 2566 καὶ
509 2506 705 2569 αὐτοὺς
733 2507 878 2582 τάχα
929 2504 1230 2561 πλανᾶσθαι
1259 2505 1358 2573 τὴν
1393 2501 1683 2579 διόρθωσιν
1737 2501 1902 2577 (οὕτω
1941 2504 2041 2578 γὰρ

392 2742 497 2783 nec
547 2728 739 2798 potest
788 2740 955 2781 amor
990 2726 1165 2779 natus
1210 2721 1563 2792 adolescere,
1606 2721 1748 2793 quin
1800 2720 2044 2791 paribus

391 2820 667 2889 assurgat
702 2813 1081 2870 incrementis
1123 2812 1277 2868 alius
1309 2816 1444 2883 post
1482 2811 1738 2883 priorem
1779 2809 2037 2881 genitus,

390 2911 635 2963 mutuus
659 2922 843 2973 amor,
867 2908 1136 2970 Anteros,
1160 2907 1419 2957 vocatus.
1446 2901 1574 2956 Haec
1596 2918 1679 2956 tne
1701 2901 2038 2969 loquentem

390 3012 600 3067 parum
619 2994 960 3065 aberitquin
975 2991 1360 3047 fabulatorem
1388 2989 1733 3061 opinemini.
1754 2988 2037 3044 Caeterum

389 3084 612 3150 fabula,
636 3088 702 3139 ut
734 3083 789 3138 in
825 3098 1070 3154 scepum
1103 3080 1367 3136 veritatis
1392 3084 1550 3135 recta
1573 3078 1896 3134 collineans
1921 3094 2036 3132 non

391 3191 522 3230 raro
554 3173 716 3228 utilis
749 3177 805 3229 et
836 3170 1153 3228 laudabilis
1174 3170 1445 3225 habetur.
1466 3169 1593 3223 Non
1618 3168 1771 3224 male
1795 3168 2035 3239 quidam

2146 1968 2285 2038 θόν;
2337 1967 2484 2023 ἀλλὰ
2538 1970 2603 2024 τὰ
2666 1971 2759 2042 μὲν
2808 1968 3027 2024 ἐκείνων
3093 1970 3121 2023 ὁ
3180 1969 3369 2043 καιρὸς
3431 1968 3562 2032 ἴσως
3622 1967 3807 2041 δείξει·

2151 2058 2277 2130 ὑμῖν
2340 2054 2397 2112 δὲ
2458 2059 2558 2127 τὴν
2620 2058 2837 2113 ἐκείνων
2894 2058 3086 2113 κακίαν
3144 2058 3663 2133 ἀπομοργνυμὲνοις
3712 2060 3802 2115 καὶ

2147 2151 2245 2202 τοῦ
2298 2147 2463 2221 ὀρθοὖ
2516 2147 2850 2204 ἐκκλίνουσιν
2897 2148 2958 2203 οὐ
3005 2148 3258 2203 συνοίσει.
3294 2146 3399 2202 Κᾶν
3433 2148 3631 2203 ἐκεῖνοι
3690 2146 3806 2204 δια-

2151 2233 2515 2312 διδράσκοιεν,
2573 2238 2698 2310 ὑμῖν
2748 2238 2811 2291 τὸ
2870 2232 3129 2310 ἔγκλημα
3186 2239 3589 2312 περιστήσεται.
3653 2236 3812 2314 Μέγα

2155 2326 2251 2398 μὲν
2283 2323 2419 2401 ἔρῶν
2449 2324 2593 2397 οἴδα,
2628 2326 2782 2400 ὅμως
2814 2323 2873 2381 δὲ
2923 2326 3012 2381 καὶ
3066 2327 3194 2399 ὑμῖν
3255 2323 3471 2399 δοκοῦν,
3505 2328 3589 2382 ὅτι
3619 2329 3684 2383 τὸ
3714 2332 3813 2383 τοῦ

2153 2415 2461 2489 σχίσματος
2490 2413 2750 2491 ἔγκλημα
2805 2415 2856 2469 ἐν
2890 2412 2999 2489 ἴσῳ
3053 2416 3143 2470 καὶ
3193 2416 3449 2480 ἀπιστίας
3499 2418 3808 2490 σεθήσεται,

2152 2504 2239 2559 καὶ
2274 2506 2302 2559 ὁ
2333 2503 2621 2580 ἐγκληθεὶς
2654 2505 2739 2560 ἐπὶ
2774 2505 2952 2579 τούτῳ
3000 2504 3256 2569 κολάσεις
3314 2506 3491 2581 ὑφέξει
3546 2508 3820 2563 καθοσιώ-

2156 2721 2232 2777 lis
2255 2721 2473 2795 quibus
2489 2724 2825 2796 respublica
2844 2739 3083 2796 pessum
3105 2724 3234 2780 iret.
3260 2723 3355 2779 Sic
3373 2724 3532 2780 enim
3578 2724 3664 2781 illi
3694 2725 3820 2781 for-

2154 2810 2306 2867 sitan
2340 2813 2625 2883 garrient,
2663 2814 3048 2870 criminantes
3079 2830 3179 2869 eos
3210 2813 3310 2884 qui
3344 2813 3645 2886 sapienter
3675 2832 3817 2871 cun-

2146 2904 2382 2955 ctantur
2410 2901 2954 2973 circumspicientes
2993 2902 3216 2969 omnia,
3249 2906 3307 2958 et
3350 2901 3413 2957 in
3465 2904 3813 2961 occasiones

2148 2992 2459 3046 imminent
2502 2997 2833 3065 Opportune
2865 2994 3252 3066 procurandae
3285 2992 3537 3065 publica:
3577 2995 3816 3052 salutis.

2150 3081 2297 3146 Quid
2329 3081 2511 3152 igitur
2541 3083 2839 3153 agendum
2867 3082 3037 3139 vobis
3069 3088 3159 3137 est
3187 3081 3214 3136 ‘I
3245 3082 3395 3148 Quin
3427 3100 3457 3139 θ
3488 3090 3683 3141 vestra
3714 3102 3818 3142 co-

2150 3170 2247 3241 pia
2271 3168 2606 3241 largiamini
2642 3172 2859 3243 quibus
2894 3171 3213 3239 videbitur,
3245 3170 3412 3227 nulla
3440 3172 3665 3230 invidia
3702 3180 3816 3231 est.

392 3269 765 3320 externorum
800 3262 947 3317 dixit
977 3260 1284 3316 solitudini
1334 3258 1648 3314 finitimam
1701 3258 2039 3329 superbiam
2078 3298 2120 3366 Ο
2161 3259 2357 3314 Faciat
2388 3260 2445 3314 in
2468 3276 2534 3316 eo
2556 3276 2769 3332 genere
2791 3261 3045 3333 quisque
3078 3265 3142 3317 ut
3157 3260 3329 3317 volet.
3356 3260 3588 3317 Abduci
3611 3267 3815 3319 autem

393 3370 541 3421 esse,
580 3353 799 3409 idcirco
839 3351 992 3423 quod
1033 3348 1353 3421 superbum
1398 3364 1569 3403 nemo
1612 3351 1825 3418 curat,
1873 3362 2045 3401 nemo

397 3444 539 3512 adit,
565 3443 720 3499 unde
746 3457 981 3497 necesse
1005 3440 1069 3494 fit
1094 3454 1226 3493 eum
1254 3441 1537 3492 semotam
1568 3456 1600 3491 a
1622 3436 2051 3492 consuetudine

397 3533 708 3589 hominum
744 3534 800 3586 et
839 3528 1162 3585 solitariam
1197 3526 1374 3581 vitam
1410 3527 1640 3597 degere.
1675 3526 1822 3591 Quid
1854 3531 2049 3581 autem

401 3623 459 3677 in
495 3627 789 3693 posterum
812 3619 838 3673 ‘?
872 3618 975 3672 Aio
1010 3621 1065 3671 et
1096 3617 1380 3671 confirmo
1414 3616 1576 3671 vobis
1622 3632 1634 3670 :
1670 3615 2051 3671 mutationem

396 3711 454 3764 in
490 3707 703 3763 melius
732 3721 1007 3777 magnam
1039 3703 1444 3776 experiemini.
1472 3704 1817 3759 Pervenient
1849 3704 1919 3759 ad
1953 3720 2052 3759 vos

396 3796 636 3868 benigni
669 3795 817 3850 radii
843 3793 1011 3849 nobis
1044 3794 1258 3848 innatae
1292 3794 1710 3863 beneficentiae,
1745 3793 1901 3848 nulla
1928 3794 2053 3865 jam

394 3885 703 3956 intercepti
759 3884 915 3938 nube
962 3881 1373 3954 patriarchalis
1434 3882 1779 3938 offensionis
1832 3899 1845 3937 :
1900 3883 2047 3938 271

395 3976 538 4047 quin
562 3974 682 4029 imo
715 3977 878 4045 grato
912 3972 1084 4027 nobis
1116 3972 1175 4026 in
1210 3971 1405 4026 locum
1436 3972 1654 4027 retrusi
1688 3976 1745 4027 et
1776 3971 2054 4043 implaca-

392 4064 528 4120 bilis
558 4062 732 4119 istius
764 4078 1113 4118 successuro
1134 4066 1391 4133 pastore,
1415 4061 1868 4117 commoditates
1896 4062 2051 4133 apud

396 4170 503 4209 nos
533 4157 759 4208 vestras
791 4150 1138 4207 decentibus
1169 4150 1330 4205 illam
1367 4166 1677 4221 personam
1715 4150 2056 4205 efficacibus

391 4243 921 4301 intercessionibus
975 4246 1346 4313 procurante,
1398 4242 1559 4313 large
1588 4241 1646 4295 in
1681 4257 1782 4295 vos
1832 4241 2055 4295 effundi

392 4336 659 4393 sentietis
694 4336 846 4391 bona
878 4351 1006 4405 quae
1025 4332 1374 4388 desideratis
1405 4332 1599 4387 omnis
1624 4331 1876 4404 generis.
1900 4334 2054 4388 Tan-

391 4432 517 4484 tum
552 4443 623 4482 ne
657 4427 792 4499 quis
826 4428 1085 4481 vestrum
1110 4423 1203 4495 agi
1236 4440 1297 4478 se
1329 4423 1385 4478 in
1421 4426 1823 4479 transversum
1858 4424 2050 4493 sinat;

395 4534 500 4575 nec
532 4534 640 4574 sua
692 4516 871 4572 unius
904 4520 1179 4588 spectans
1232 4516 1533 4570 commoda
1571 4514 1739 4571 ludat
1770 4515 1827 4569 in
1880 4515 2055 4571 rebus

395 4627 523 4684 quae
555 4609 764 4664 ludum
799 4624 916 4663 non
943 4606 1289 4672 admittunt,
1323 4609 1423 4661 aut
1452 4622 1519 4661 ea
1546 4606 1900 4683 qum‘pertici
1935 4622 2049 4660 non

2159 3350 2644 3420 persuasionibus
2674 3349 2946 3418 istorum,
2979 3354 3189 3406 etcum
3220 3350 3551 3407 errantibus
3583 3368 3685 3408 vos
3708 3369 3821 3425 pa-

2160 3439 2303 3493 riter
2348 3455 2565 3507 errare,
2612 3455 2718 3495 nec
2773 3440 3070 3511 probarim
3114 3440 3388 3512 equidem
3433 3456 3540 3496 nec
3581 3441 3817 3513 patiar;

2161 3545 2273 3583 non
2308 3529 2464 3584 enim
2494 3533 2583 3584 est
2613 3528 2937 3594 tolerabile,
2971 3547 3034 3586 ac
3069 3546 3141 3584 ne
3172 3529 3338 3585 vobis
3370 3530 3610 3602 quidem
3644 3548 3818 3603 expe-

2163 3618 2263 3671 dit.
2299 3623 2605 3689 Propterea
2640 3618 2911 3690 praecedit
2934 3635 3066 3675 ecce
3098 3618 3381 3674 ultionem
3408 3621 3820 3689 comminatio,

2162 3723 2233 3761 ne
2264 3708 2397 3779 quis
2430 3725 2558 3763 sero
2608 3710 2820 3781 sapiat,
2857 3709 2954 3764 ubi
2987 3709 3393 3781 deprehensus
3442 3726 3569 3781 quae
3602 3712 3826 3767 meruit

2165 3796 2434 3869 patietur.
2487 3801 2632 3854 Cum
2664 3799 2821 3853 enim
2856 3799 3188 3855 necessario
3225 3815 3295 3854 ex
3344 3798 3593 3855 tolerata
3622 3800 3822 3871 pravi-

2159 3890 2279 3941 tate
2300 3903 2623 3958 paucorum
2652 3886 2821 3943 multi
2848 3892 3273 3960 pervertantur,
3293 3888 3425 3959 quis
3451 3893 3570 3943 tam
3593 3890 3827 3946 dormi-

2162 3980 2295 4030 tans
2327 3978 2724 4032 custodiendae
2750 3977 3084 4050 reipublica:
3116 3978 3466 4050 prapositus
3500 3995 3614 4034 non
3642 3980 3824 4037 ratio-

2165 4081 2266 4120 nes
2298 4065 2455 4121 ineat
2484 4071 2540 4121 et
2570 4072 2843 4121 conatum
2908 4067 3206 4135 adhibeat,
3240 4084 3379 4138 quo,
3415 4066 3465 4122 si
3500 4066 3669 4138 posit,
3707 4070 3830 4126 sis-

2164 4158 2248 4208 tat
2277 4152 2565 4225 impetum
2600 4156 2828 4212 ruentis
2859 4156 2916 4210 in
2951 4172 3211 4229 przeceps
3233 4157 3387 4212 278
3418 4156 3830 4216 multitudinis

2162 4243 2453 4298 incautae?
2500 4245 2618 4316 Ego
2652 4245 2850 4318 jigitur
2882 4247 3100 4302 diserte
3138 4247 3498 4302 denuntians
3542 4247 3827 4321 praecipio

2160 4332 2284 4387 viro
2315 4333 2500 4389 cuivis
2531 4338 2589 4389 et
2610 4335 2866 4403 mulieri,
2892 4336 3017 4391 seni
3037 4336 3566 4409 juxtajuvenique,
3590 4337 3824 4395 urbano

2162 4423 2383 4495 pariter
2413 4427 2469 4478 et
2498 4424 2743 4497 rustico,
2770 4430 2834 4480 ut
2862 4425 3123 4497 eXploret
3154 4424 3322 4498 prius
3354 4426 3558 4497 quales
3577 4426 3698 4482 sint
3717 4428 3823 4499 qui

2161 4513 2233 4568 ad
2294 4529 2357 4568 se
2416 4515 2734 4582 accedunt,
2793 4520 2921 4571 tum
2976 4516 3025 4570 si
3075 4516 3260 4571 bonos
3311 4515 3547 4588 reperit,
3598 4523 3824 4572 utatur.

2161 4602 2304 4657 Nam
2339 4620 2490 4675 aeger
2520 4622 2552 4659 a
2582 4604 2745 4660 sanis
2769 4605 3008 4674 juvetur
3041 4622 3054 4660 :
3089 4605 3137 4661 si
3170 4609 3366 4661 autem
3403 4605 3621 4673 animo,
3653 4606 3825 4664 labo-

403 4702 655 4773 possunt
684 4698 836 4753 serio
868 4701 1127 4753 conetur.
1162 4695 1307 4750 Nam
1344 4694 1710 4766 singulorum
1749 4711 2052 4767 perperam
2085 4684 2131 4748 D
2164 4696 2388 4748 rantem
2440 4698 2635 4749 mente
2668 4694 2931 4767 corrupti
2981 4694 3254 4766 adierint,
3288 4696 3428 4767 quid
3482 4711 3552 4750 ex
3601 4696 3675 4751 iis
3720 4713 3823 4752 ex—

392 4790 818 4847 ofl‘endentium
840 4787 1056 4843 civium
1074 4784 1281 4857 lapsus
1301 4784 1606 4840 universas
1625 4785 1789 4840 tricis
1806 4784 2055 4856 implent

388 4880 702 4952 turbisque
736 4878 1021 4945 civitates,
1059 4880 1266 4930 natura
1301 4890 1495 4929 rerum
1533 4874 1613 4930 ita
1645 4874 1865 4930 ferente
1898 4879 1963 4929 ut
1986 4890 2054 4929 ex

391 4986 507 5025 une
556 4972 829 5038 peccante
862 4982 1035 5039 poena
1066 4965 1126 5020 in
1172 4964 1387 5020 multos
1434 4967 1810 5037 propagatur.
1845 4963 2048 5036 Fugite

393 5059 577 5131 igitur
626 5056 1053 5123 conventicula,
1086 5053 1441 5110 aversamini
1488 5052 1830 5109 schismata.
1883 5053 2050 5108 Mulli

392 5146 578 5203 saccis
630 5145 822 5201 induti
855 5146 1063 5201 domos
1095 5143 1153 5198 in
1185 5147 1409 5199 vestras
1460 5159 1522 5198 se
1554 5141 1878 5212 insinuant,
1932 5160 2047 5198 non

392 5240 459 5291 ut
487 5234 653 5290 vobis
687 5234 935 5306 prosint,
960 5235 1059 5290 sed
1085 5237 1147 5287 ut
1175 5232 1284 5288 sibi
1320 5231 1739 5286 eblandiantur
1769 5236 1871 5287 aut
1901 5249 2048 5304 quo-

394 5327 573 5382 modo
607 5325 923 5380 conﬁciant
952 5342 1020 5380 ex
1049 5324 1213 5380 vobis
1246 5341 1373 5395 qua:
1407 5322 1674 5396 cupiunt,
1712 5324 1925 5395 quibus
1956 5325 2046 5379 in-

389 5415 608 5487 digent.
671 5415 810 5470 Inde
872 5416 1284 5486 imperatorem
1341 5414 1580 5485 quidem
1634 5414 2045 5471 accusabunt:

389 5509 520 5559 tum
556 5520 702 5559 nova
747 5504 1045 5558 veteribus
1078 5502 1415 5569 miscentes,
1448 5503 1603 5557 haud
1638 5503 1782 5557 bene
1832 5504 2047 5558 habere

390 5610 485 5648 res
517 5592 785 5649 Ecclesiae
818 5591 1206 5656 subinferent,
1232 5596 1287 5645 et
1308 5597 1613 5663 propterea
1639 5592 1911 5649 videlicet
1932 5592 2046 5648 lar-

389 5680 548 5751 giter
578 5686 837 5737 erratum
872 5680 930 5733 in
964 5680 1074 5735 viis
1121 5681 1498 5737 correctionis
1542 5681 1848 5752 ineundis,
1883 5682 2044 5738 nullo

382 5771 536 5825 inter
564 5770 991 5827 ecclesiasticos
1015 5769 1220 5825 ivloneo
1246 5774 1471 5842 reperto
1494 5772 1884 5827 emendandis
1905 5789 2035 5829 ma-

2166 4787 2428 4853 spcctare
2445 4783 2579 4838 boni
2602 4785 2824 4855 queat?
2841 4785 2941 4839 sed
2962 4785 3209 4840 istorum
3230 4784 3467 4856 quidem
3490 4785 3819 4857 nequitiam

2165 4872 2291 4927 dies
2338 4872 2580 4928 forsitan
2649 4874 2903 4946 deteget.
2937 4873 3117 4929 Vobis
3178 4878 3376 4930 autem
3410 4892 3612 4932 eorum
3647 4876 3821 4931 mali-

2163 4963 2307 5018 tiam
2339 4961 2715 5019 imitantibus
2736 4969 2794 5019 et
2826 4981 2857 5018 a
2889 4968 3045 5019 recto
3087 4964 3543 5033 declinantibus,
3579 4981 3711 5021 vere
3749 4982 3819 5021 ac

2164 5051 2316 5108 clare
2334 5053 2605 5124 praedico,
2632 5070 2747 5108 non
2767 5053 2952 5109 abibit
2970 5053 3153 5110 stulta
3170 5053 3419 5110 facilitas
3443 5055 3709 5127 impune.
3740 5061 3822 5111 Ac

2163 5142 2247 5196 illi
2284 5142 2431 5197 forte
2462 5158 2693 5212 poenam
2720 5143 2857 5215 fuga
2877 5142 3248 5199 lucrifacient
3270 5159 3283 5199 :
3305 5160 3407 5199 vos
3426 5144 3830 5215 deprehende-

2167 5231 2310 5286 mini
2340 5250 2352 5300 ;
2386 5231 2629 5286 haerebit
2655 5232 2714 5286 in
2746 5232 2914 5288 vobis
2944 5232 3229 5288 luendum
3266 5233 3517 5288 crimen.
3543 5237 3823 5307 Magnum

2162 5321 2281 5377 scio
2314 5338 2442 5376 esse
2475 5322 2633 5393 quod
2669 5322 2834 5378 edico
2875 5323 3265 5393 comminans,
3320 5325 3421 5379 sed
3473 5327 3672 5379 tamen
3705 5323 3824 5379 tale

2161 5412 2315 5482 quod
2351 5411 2519 5467 vobis
2579 5416 2799 5467 attente
2854 5412 3371 5469 considerantibus
3411 5430 3648 5486 aequum
3680 5430 3825 5469 con-

2161 5501 2277 5555 fido
2308 5501 2504 5555 visum
2539 5501 2633 5568 iri,
2655 5501 2998 5557 schismatis
3029 5501 3250 5558 crimen
3276 5502 3402 5575 pari
3427 5520 3560 5558 cum
3585 5506 3823 5575 aposta-

2160 5591 2242 5645 sia
2277 5608 2448 5663 pcena
2472 5591 2869 5647 multandum.
2907 5593 2975 5647 Et
3006 5594 3107 5665 qui
3133 5593 3440 5649 convictus
3462 5595 3591 5666 ejus
3620 5592 3819 5659 fuerit,

2158 5679 2355 5736 debita
2387 5680 2680 5751 sacrilegae
2725 5680 3029 5741 defectioni
3067 5682 3357 5755 supplicia
3396 5682 3664 5755 perferet.
3706 5685 3820 5736 Vos

2156 5786 2292 5842 ergo
2342 5770 2769 5842 circumspecto
2822 5787 3019 5828 rerum
3051 5772 3415 5845 presentium
3444 5775 3623 5842 statu,
3670 5770 3816 5843 quid
