4112 6408
366 372 476 431 725

1446 381 1545 435 DE
1582 380 1958 436 MICHAELE
1995 377 2441 435 PALBOLOGO
2475 378 2612 434 LIB.
2652 378 2750 434 ιν.

3690 370 3801 426 726

374 500 536 560 σεως.
567 498 749 572 Ὑμεῖς
776 500 907 573 γοῦν
937 494 1119 553 οἵδᾶτε
1177 500 1327 561 ὅπως
1381 497 1523 572 ἕξετε
1580 501 1717 578 πρὸς
1770 502 1837 556 τὰ
1891 520 2030 575 παρ-
2061 506 2111 573 Α
2149 502 2264 575 μετ’
2291 498 2476 563 αἰδοῦς
2508 500 2599 555 καὶ
2629 504 2726 555 τοῦ
2778 500 3079 575 πρέποντος
3134 499 3521 576 προσεφέρετο,
3552 495 3641 551 καὶ
3698 494 3800 550 λό-

370 588 521 657 όντα,
555 586 631 649 ὠς
684 587 720 655 ἢ
778 590 858 658 τῷ
915 590 1214 663 ἡσυχάζειν
1273 589 1355 644 ἐπ’
1402 592 1625 666 ἀγαθοῖς
1682 592 1957 664 ἐσόμενοι,
1990 589 2026 659 ἢ

368 676 449 751 τῷ
478 680 702 731 τοιαῦτα
745 681 924 745 ζητεῖν
958 675 1128 749 μηδὲν
1161 677 1307 741 ὅλως
1353 680 1481 751 ὑμῖν
1540 683 1891 756 προσήκοντα
1946 701 2027 734 τι-

377 764 869 842 μωρηθησόμενοι.
898 789 927 815 ››

376 938 466 1013 ιβ’.
494 938 686 999 ῗΌπως
719 934 1008 1014 ψηφίζεται
1039 938 1067 991 6
1092 944 1192 1006 τῆς
1226 937 1514 1014 Ἀδριανοῦ
1545 941 1821 1014 Γερμανὸς
1860 938 1935 1000 είς
1966 938 2029 992 τὸ

716 1010 1133 1085 πατριάρχεῖον,
1167 1010 1256 1064 καὶ
1291 1010 1481 1074 ὁποῖος
1512 1010 1689 1075 οὗτος.

444 1125 507 1180 Ὁ
540 1123 636 1197 μὲν
671 1120 761 1177 οῦν
795 1122 1050 1199 βασιλεὺς
1075 1124 1295 1190 τούτοις
1336 1148 1394 1181 τε
1449 1127 1537 1182 καὶ
1597 1125 1793 1191 ἄλλοις
1845 1124 2028 1180 τοιού-

368 1233 487 1277 τοις
512 1213 609 1275 τὰς
641 1215 1125 1291 προαναφωνήσεις
1160 1213 1288 1279 δοὺς
1339 1221 1419 1287 τῷ
1486 1217 1626 1289 λαῷ,
1658 1214 1888 1271 ἀπολύει
1948 1214 2029 1269 ἐπ’

371 1300 536 1358 οἴκων
595 1304 920 1375 πορεύεσθαι
980 1308 1087 1358 τῶν
1144 1305 1361 1361 οἰκείων
1397 1311 1477 1377 [Ρ.
1515 1310 1638 1379 188]
1671 1303 1897 1361 ἕκαστον
1934 1324 1946 1337 ³
1977 1313 2029 1367 οἱ

372 1393 651 1468 ἀρχιερεῖς
681 1389 739 1446 δὲ
767 1393 828 1447 τὸ
885 1390 1172 1467 ἐνδόσιμον
1236 1391 1494 1458 λαϐόντες
1552 1397 1877 1474 ψηφίζεσθαι
1935 1398 2027 1451 τὸν

371 1479 638 1537 δοκοῦντα
669 1481 848 1558 σφίσιν
882 1481 969 1537 ἐπὶ
1000 1487 1069 1556 τῇ
1108 1483 1333 1559 μεγίστῃ
1365 1486 1666 1560 προστασίᾳ
1695 1487 1785 1541 τὸν
1833 1484 2027 1555 ἐπιτή-

373 1568 537 1638 δειον,
572 1571 624 1624 ἐν
684 1576 867 1643 ταυτῷ
925 1572 1127 1627 συνίασι
1187 1576 1380 1636 πάντες
1440 1576 1577 1630 κατὰ
1625 1576 1687 1629 τὸ
1738 1576 1883 1649 ἱερὸν
1936 1576 2027 1630 καὶ

375 1660 509 1736 μέγα
539 1664 644 1714 τῶν
679 1665 1003 1735 ΒΛαχερνῶν
1034 1660 1278 1735 τέμενος,
1311 1664 1399 1717 καὶ
1432 1662 1604 1719 ἄλλον
1656 1662 1832 1719 ἄλλου
1888 1686 2029 1741 προ-

371 1744 723 1822 ϐαλλομένου
778 1750 940 1812 τέλος
1001 1750 1080 1828 ἐφ’
1140 1752 1214 1807 ἑνὶ
1276 1754 1467 1815 πάντες
1525 1759 1900 1829 συμφωνοῦσι,
1949 1758 2028 1825 τῷ

2139 612 2239 666 γου
2271 592 2482 645 ἀκούων
2511 592 2715 666 ἠγάπα,
2750 591 2839 645 καὶ
2871 588 3033 667 φίλος
3061 592 3126 658 ἦν
3169 587 3222 650 ἐς
3277 588 3345 643 τὰ
3397 586 3636 659 μάλιστα
3690 589 3797 641 τῶν

2138 682 2431 751 τοιούτων,
2466 680 2540 742 ὡς
2569 679 2658 734 καὶ
2692 678 2851 740 αὐτὸς
2880 683 2977 733 τοῦ
3032 676 3205 732 καλοῦ
3264 676 3489 752 μετέχοι
3550 676 3625 738 ὡς
3680 676 3797 748 ἄρι-

2143 790 2259 825 στα.
2296 773 2520 845 Ἀρετῆς
2580 767 2637 824 δὲ
2698 776 2863 843 μετῆν
2916 766 2997 840 τῷ
3053 763 3208 841 ἀνδρὶ
3254 765 3362 841 οὐχ
3390 767 3450 834 ἣν
3482 764 3542 819 ἂν
3579 765 3628 818 οἱ
3659 785 3800 840 παρ-

2145 860 2297 921 όντες
2356 858 2581 931 αἶ’νοῖεν,
2615 858 2651 928 ἢ
2718 857 2929 932 μᾶλλον
2992 858 3043 911 οἱ
3102 858 3230 932 παρ’
3261 857 3474 911 ἑαυτοῖς
3532 851 3797 931 προῦχειν

2145 946 2434 1013 δοκοῦντες
2462 955 2569 1003 τῶν
2603 947 2815 1021 ἄλλων,
2854 948 3121 1023 βρώματα
3148 945 3240 1001 καὶ
3296 944 3483 1006 πόσεις
3543 944 3803 1023 φιλοκρι-

2142 1043 2361 1100 νοῦντες
2416 1038 2507 1094 καὶ
2566 1038 2778 1112 ἡμέρας
2827 1038 3034 1092 τούτων
3091 1035 3299 1107 έκάστῳ
3345 1034 3656 1111 πρεπούσας
3708 1034 3799 1089 καὶ

2145 1129 2292 1202 παρὰ
2319 1128 2382 1182 τὸ
2415 1126 2557 1190 εἷ’κὸς
2591 1129 3012 1202 προσνέμοντες,
3044 1129 3181 1198 πεζῇ
3237 1145 3297 1182 τε
3347 1123 3437 1178 καὶ
3501 1121 3673 1199 βάδην
3704 1125 3798 1178 αἱ-

2146 1217 2406 1290 ρούμενοι
2440 1215 2750 1291 διέρχεσθαι
2779 1218 2875 1279 τὰς
2919 1213 3100 1283 ὁδοὺς,
3130 1210 3490 1273 ἀνιπτόποδες
3545 1212 3637 1267 καὶ
3693 1232 3802 1288 χα-

2151 1310 2399 1379 μαιεῦναι
2426 1307 2517 1360 καὶ
2549 1304 2946 1380 μονοχίτωνες,
2980 1302 3030 1358 ἐν
3066 1302 3300 1377 δευτέρῳ
3349 1300 3407 1357 δὲ
3452 1301 3658 1356 τούτων
3702 1302 3796 1357 τὸν

2146 1397 2325 1450 οἶκτον
2358 1394 2449 1449 καὶ
2481 1396 2579 1463 τὴν
2617 1394 2829 1470 ἀγάπην
2860 1390 3157 1467 τιθέμενοι,
3190 1389 3267 1447 ἔτι
3302 1389 3359 1447 δὲ
3411 1390 3501 1446 καὶ
3557 1393 3657 1461 τὴν
3709 1413 3797 1469 φι-

2146 1483 2495 1558 λανθρωπίαν
2527 1485 2616 1539 καὶ
2648 1486 2746 1555 τὴν
2791 1482 3126 1557 συμπάθειαν
3186 1483 3277 1535 καὶ
3325 1483 3387 1535 τὸ
3436 1480 3565 1536 ὅλον
3626 1480 3796 1535 εἰπεῖν

2142 1576 2242 1644 τήν
2278 1572 2569 1649 διάκρισιν,
2600 1571 2837 1649 σκληροί
2884 1593 3026 1634 τινες
3086 1567 3237 1635 ὅντες
3283 1571 3373 1625 καὶ
3431 1576 3546 1631 τοῖς
3596 1568 3794 1651 ἄλλοις

2148 1665 2466 1738 μωμητικοὶ
2521 1665 2611 1718 καὶ
2672 1663 3065 1738 μεμψίμοιροι,
3099 1662 3175 1723 ὡς
3233 1662 3445 1722 ἑαυτοῖς
3495 1660 3646 1737 σφίσι
3702 1660 3793 1715 καὶ

2149 1754 2337 1828 μόνοις
2394 1755 2493 1822 τήν
2555 1752 2750 1829 ἀρετὴν
2792 1757 3094 1827 περιποιεῖν
3128 1750 3469 1827 αἱρούμενοι,
3501 1749 3595 1804 κᾶν
3658 1749 3687 1804 6'
3742 1769 3795 1804 τι

372 1838 881 1916 Ἀδριανουπόλεως
914 1848 1198 1915 Γερμανῷ,
1227 1841 1382 1919 ἀνδρὶ
1425 1843 1694 1920 ἐλευθέρῳ
1752 1845 1843 1899 τὸν
1900 1844 2030 1920 τρό-
2065 1879 2112 1942 Β
2144 1844 2340 1898 ἐκεῖνοι
2373 1842 2463 1897 καὶ
2522 1842 2832 1916 πράττοιεν,
2866 1840 2995 1896 ἀΛλ’
3025 1843 3223 1916 ἀρετῆς
3279 1847 3380 1910 τῆς
3437 1839 3556 1894 κατ’
3585 1836 3798 1915 ἄνθρω-

378 1951 481 1985 πον
511 1929 600 1985 καὶ
635 1932 809 2005 ἱεραῖς
841 1927 1191 2007 διεξαγωγαῖς
1222 1934 1507 2008 πρέποντι,
1541 1928 1618 1987 ἔτι
1680 1931 1737 1987 δὲ
1787 1935 1877 1987 καὶ
1932 1935 2030 2001 τὴν

377 2016 439 2075 ἐκ
494 2017 768 2094 βασιλέως
824 2019 883 2074 ἐκ
938 2021 1179 2076 παλαιοῦ
1235 2022 1568 2077 πλουτοῦντι
1631 2020 1892 2086 διάθεσιν.
1941 2025 2035 2077 Ὣν

374 2110 478 2182 γὰρ
510 2109 538 2164 ὁ
569 2108 706 2182 ἀνὴρ
736 2114 855 2171 ταῖς
886 2108 1170 2179 ἀληθείαις
1205 2109 1515 2188 φιλόκαλος
1580 2112 1672 2184 μὲν
1728 2112 1818 2166 καὶ
1877 2110 2036 2189 φιλο-

376 2198 547 2274 λόγος
576 2197 629 2262 ές
653 2197 841 2273 ἄκρον,
871 2201 1039 2255 καλὸν
1074 2198 1120 2255 δ’
1152 2203 1287 2256 ἅπαν
1323 2200 1483 2264 εἰδὼς
1512 2204 1541 2256 '6
1573 2200 1632 2257 ἂν
1683 2204 1774 2257 καὶ
1835 2202 1912 2265 εἰς
1966 2203 2034 2257 τὰ

373 2290 673 2364 πράγματα
705 2289 1064 2365 χρησιμεύοι,
1102 2292 1177 2363 μὴ
1217 2292 1383 2363 μόνον
1409 2293 1485 2354 εἰς
1526 2292 1745 2367 ἀρετήν,
1781 2293 1835 2347 έν
1893 2313 2034 2367 προ-

371 2381 595 2452 τιμήσει
646 2377 921 2441 πολλάκις
967 2384 1075 2434 τῶν
1133 2379 1364 2435 ἐπαίνων
1423 2381 1586 2445 ἐτίθει
1636 2382 1728 2435 τὸν
1793 2383 1910 2453 μετ’
1946 2381 2031 2436 ἐν-

373 2469 627 2545 τρεχείας
653 2470 743 2524 καὶ
773 2470 835 2524 τὸ
867 2469 920 2532 ές
952 2472 1139 2545 ψυχὴν
1184 2470 1422 2548 ἀσφαλὲς
1476 2468 1677 2547 ἔχοντα
1731 2475 1829 2526 τοῦ
1886 2471 2031 2535 ὅλως

374 2560 540 2635 ἀρετῇ
600 2562 872 2627 συζιῖητος
931 2564 1136 2634 γυμνῇ,
1198 2560 1244 2614 εἰ
1298 2561 1436 2614 κατὰ
1498 2561 1615 2635 βίον
1662 2559 1753 2615 καὶ
1812 2561 1888 2631 μή
1951 2560 2033 2614 ἐπ’

371 2645 608 2724 ἐρημίας
642 2644 845 2723 διάγοι.
878 2650 1037 2712 ’Ὁθεν
1069 2649 1263 2723 λόγιος
1293 2648 1387 2722 μὲν
1419 2651 1525 2704 οὐκ
1578 2652 1668 2719 ἦν,
1701 2647 1915 2715 λογίοις
1976 2646 2033 2704 δὲ

383 2873 643 2927 vestrum
678 2868 1001 2940 unicuique
1039 2869 1669 2932 conducat,decernite.
1703 2868 1927 2935 Videte,
1949 2869 2038 2923 in-

396 2976 595 3030 quam,
629 2976 701 3015 au
735 2975 849 3014 non
884 2958 961 3014 sit
998 2957 1208 3013 melius
1230 2958 1423 3028 quiete
1451 2958 1699 3013 vivendo
1730 2957 1901 3014 bonis
1925 2957 2040 3012 frui

382 3065 560 3120 quam
592 3048 921 3104 intricando
944 3063 1006 3103 se
1039 3048 1214 3103 rebus
1239 3065 1304 3104 as
1335 3064 1435 3102 vos
1469 3047 1614 3102 nihil
1647 3047 2040 3103 attinentibus

388 3137 444 3192 in
484 3154 685 3209 poenas
715 3136 978 3192 incidere
1010 3135 1411 3209 gravissimas.
1448 3158 1475 3186 »

386 3288 475 3346 12.
507 3290 570 3345 Ut
598 3289 885 3361 suffragiis
914 3289 1121 3345 electus
1149 3288 1221 3343 sit
1259 3288 1319 3344 in
1337 3289 1727 3361 patriarcham
1751 3288 2020 3344 Adriano.

450 3361 631 3432 paleas
667 3359 961 3433 episcoIJus
992 3359 1410 3423 Germanus,’et
1435 3360 1618 3432 qualis
1647 3359 1737 3416 hic
1763 3364 1960 3431 fuerit.

445 3495 579 3550 Haec
602 3496 922 3566 imperator
945 3498 1003 3550 et
1021 3495 1314 3566 ejusmodi
1340 3494 1455 3550 alia
1477 3494 1710 3550 locutus
1729 3494 2035 3563 conticuit,

376 3588 573 3644 locum
606 3588 756 3641 dans
788 3584 1317 3641 acclamationibus
1348 3585 1548 3657 populi
1583 3585 2036 3650 solitis,concio~

374 3693 567 3750 neque
598 3675 792 3732 soluta
842 3675 1072 3729 remisit
1118 3675 1363 3728 domum
1415 3690 1925 3745 unumquemque.
1969 3676 2041 3727 At

376 3766 637 3839 episCOpi
674 3763 948 3820 facultate
969 3768 1209 3835 accepta
1241 3763 1494 3834 eligendi
1519 3762 1718 3818 liberis
1743 3761 2041 3833 suffragiis

380 3873 559 3928 quem
583 3854 848 3911 omnium
868 3853 1233 3925 aptissimum
1249 3853 1590 3923 judicarent
1612 3853 1683 3907 ad
1701 3867 2039 3922 supremam

386 3945 657 4001 Ecclesia;
690 3945 1093 4016 praefecturam
1141 3947 1354 3997 coeunt
1393 3958 1598 3997 omnes
1630 3941 1690 3996 in
1720 3957 1950 3997 sacrum
1977 3957 2043 3994 ac

382 4051 665 4108 magnum
684 4033 975 4107 templum
998 4033 1545 4098 Blacbernarum,et
1562 4036 1873 4103 postquam
1893 4030 2045 4085 alius

381 4127 567 4184 alium
592 4125 1092 4199 proposuisset,ad
1126 4130 1453 4179 extremum
1480 4124 1734 4179 universi
1761 4139 2045 4178 convene-

381 4222 527 4273 runt
587 4218 647 4272 in
697 4217 989 4272 Germano
1030 4217 1185 4273 279
1242 4214 1700 4287 Adrianopoleos
1749 4213 2043 4285 episcopo,

381 4308 510 4363 viro
526 4307 720 4365 liberae
738 4306 955 4362 indolis
977 4310 1033 4361 et
1050 4305 1654 4373 sacris‘functionibus
1670 4305 1876 4359 decore
1889 4320 2049 4374 pera-

383 4397 925 4470 gendisidoneo,ad
961 4395 1083 4450 haec
1116 4394 1375 4467 gratioso
1406 4394 1727 4467 plurimum
1754 4394 1880 4465 jam
1907 4392 2046 4448 olim

373 4487 534 4557 apud
553 4485 1139 4557 imperatorem.Erat
1159 4484 1316 4539 enim
1335 4501 1530 4539 revera
1552 4485 1727 4539 homo
1743 4483 1981 4556 elegans
1995 4471 2051 4536 et

374 4575 645 4631 eruditus
678 4578 742 4629 ut
773 4573 873 4645 qui
903 4572 1251 4640 maxime,ac
1282 4589 1416 4628 cum
1451 4573 1507 4627 in
1553 4572 1717 4627 nullo
1741 4589 1855 4626 non
1885 4586 2051 4625 exer-

2146 1954 2246 1988 ποιι
2298 1928 2489 2001 ὅντως,
2520 1934 2640 1997 καθ’
2668 1934 2729 2002 ἣν
2790 1930 2850 1986 ἂν
2903 1932 2994 1986 καὶ
3054 1933 3081 1985 6
3140 1930 3402 2001 ἀληθινὸς
3447 1929 3794 2005 χαρακτηρί-

2148 2028 2295 2092 ζοιτο
2327 2022 2638 2095 ἄνθρωπος,
2669 2021 2759 2076 καὶ
2798 2020 3009 2095 μᾶλλον
3046 2021 3073 2075 ὁ
3104 2020 3187 2075 ἐπ’
3218 2018 3475 2095 ἐξουσίας,
3504 2020 3550 2091 ᾦ
3582 2015 3649 2089 δὴ
3707 2018 3798 2073 καὶ

2142 2112 2205 2166 τὸ
2268 2094 2627 2185 μετριοπαθές
2682 2094 2805 2165 τοῦ
2837 2111 3077 2174 ἀπαθοῦς
3130 2094 3342 2182 μᾶλλον
3382 2107 3660 2185 ὀφείλεται
3689 2129 3701 2141 ·
3736 2108 3798 2161 οὗ

2146 2198 2213 2269 δὴ
2278 2202 2400 2276 βίου
2433 2203 2519 2274 [Λ.
2555 2203 2680 2274 189]
2712 2199 2758 2254 εί
2810 2198 3017 2273 ἐξαρεῖς
3066 2199 3167 2267 τὴν
3227 2195 3517 2272 διάκρισιν,
3574 2197 3636 2251 τὸ
3694 2203 3796 2251 πᾶν

2143 2289 2431 2354 ἀπώλεσας
2511 2290 2561 2361 ἐξ
2643 2289 2778 2352 ένός.
2839 2288 3073 2364 Τοιαύτη
3160 2286 3337 2341 τοίνυν
3419 2285 3801 2360 κοσμούμενος

2143 2379 2332 2455 ἀρετῇ,
2367 2382 2433 2449 ἣν
2497 2378 2563 2448 δὴ
2623 2381 2713 2434 καί
2771 2377 3067 2449 πολιτικήν
3126 2398 3265 2439 τινες
3298 2376 3516 2452 λέγουσι
3563 2375 3653 2431 καὶ
3704 2377 3799 2434 τὸν

2144 2470 2263 2523 κατ’
2293 2468 2459 2536 αὐτὴν
2524 2468 2641 2543 βίον
2700 2467 3011 2536 πολιτικὸν,
3051 2465 3211 2540 μέσον
3273 2462 3401 2520 ὄντα
3459 2469 3799 2541 θεωρητικοῦ

2142 2580 2202 2613 τε
2255 2560 2346 2613 καὶ
2400 2556 2828 2627 ἀπολαυστικοῦ,
2886 2558 2913 2611 6
2972 2555 3245 2625 δηλωθεὶς
3291 2562 3390 2625 τῆς
3447 2552 3796 2631 Ὀρεστιάδος

2144 2648 2431 2725 ἀρχιερεὺς
2480 2648 2794 2726 προκριθεὶς
2847 2652 2957 2704 τῶν
3016 2645 3204 2703 ἄλλων
3245 2646 3355 2721 (καὶ
3414 2647 3518 2723 γὰρ
3578 2642 3796 2724 ἐλέγετο

2151 2868 2345 2935 batur,
2388 2873 2454 2925 ut
2508 2871 2785 2926 doctrinae
2838 2886 2905 2925 ac
2951 2869 3276 2940 sapientiae,
3310 2882 3490 2938 quam
3550 2866 3609 2920 in
3669 2865 3801 2921 aliis

2151 2959 2408 3025 amabat,
2470 2958 2562 3014 vel
2623 2958 2945 3032 plurimum
2978 2958 3037 3012 in
3091 2974 3154 3013 se
3220 2958 3434 3012 habere
3482 2955 3799 3011 videretur.

2149 3048 2352 3104 Virtus
2382 3065 2517 3104 vero
2548 3065 2726 3120 quam
2759 3048 2818 3103 in
2850 3052 2965 3103 vita
2994 3047 3384 3117 exprimebat,
3408 3062 3523 3099 non
3556 3044 3805 3101 eratilla

2150 3137 2388 3209 quidem
2422 3138 2653 3210 qualem
2683 3137 2971 3193 hodierna
2991 3136 3302 3192 laudarent
3333 3134 3551 3203 tetrici,
3576 3138 3679 3189 aut
3700 3150 3804 3204 po-

2147 3229 2265 3281 tius
2298 3226 2398 3297 qui
2431 3242 2645 3281 arcano
2667 3225 3037 3281 conscientia
3070 3225 3223 3279 fastu
3260 3226 3540 3294 praestare
3569 3238 3632 3277 se
3663 3220 3806 3277 reli—

2149 3315 2283 3386 quis
2301 3315 3023 3387 exislimant,magnopere
3036 3313 3146 3368 sibi
3169 3312 3465 3384 placentes
3479 3312 3537 3365 in
3560 3327 3794 3368 moroso

2145 3405 2401 3476 quodam
2430 3405 2697 3459 ciborum
2729 3420 2796 3459 ac
2828 3402 3132 3475 potionum
3156 3401 3404 3469 delectu,
3430 3398 3558 3455 suis
3579 3400 3795 3454 unicu-

2146 3509 2279 3565 que,
2322 3493 2650 3548 voluntaria
2675 3493 2974 3563 religione,
3010 3490 3166 3546 ultra
3198 3490 3605 3561 praescriptum
3629 3504 3801 3545 com-

2146 3582 2404 3638 muniter
2461 3583 2726 3638 ordinem
2786 3581 2997 3637 diebus
3044 3578 3400 3650 assigandis,
3462 3577 3802 3633 aﬂ‘ectantes

2147 3671 2359 3727 itinera
2372 3672 2657 3727 conﬁcere
2681 3672 2950 3742 pedibus,
2976 3686 3123 3741 quos
3154 3669 3332 3724 etiam
3356 3681 3588 3737 semper
3608 3665 3802 3721 illotos

2149 3764 2447 3815 ostentare
2477 3766 2699 3828 amant,
2734 3760 2898 3815 humi
2932 3760 3243 3825 cubantes,
3275 3773 3392 3812 una
3432 3755 3635 3810 tunica
3665 3771 3803 3809 con-

2152 3850 2323 3918 tenti,
2349 3854 2624 3903 ceterum
2659 3848 3126 3904 misericordiam
3156 3846 3317 3901 hisce
3338 3844 3805 3914 charitatemque

2150 3944 2283 4009 pust
2312 3939 2595 3993 habentes
2630 3943 3025 4009 praetereaque
3047 3934 3476 4007 benignitatem
3508 3938 3566 3989 et
3595 3932 3804 3987 huma-

2153 4044 2295 4083 num
2328 4027 2678 4083 condolendi
2708 4026 3095 4082 maerentibus
3136 4024 3419 4091 officium,
3453 4023 3703 4091 denique
3739 4024 3806 4075 ut

2154 4135 2268 4173 uno
2293 4119 2469 4172 verbo
2493 4122 2705 4171 cuncta
2742 4112 3119 4185 complectar,
3151 4110 3587 4174 discretionem,
3612 4109 3804 4179 asperi

2155 4207 2394 4278 quidam
2420 4210 2476 4261 et
2496 4203 2862 4275 superciliosi
2888 4199 3415 4271 censores,nullam
3433 4198 3710 4268 carpendi
3738 4212 3805 4252 ac

2152 4296 2460 4353 vellicandi
2512 4299 2724 4350 cuncta
2780 4293 2948 4348 obvia
2980 4292 3216 4347 modum
3252 4288 3406 4346 280
3438 4289 3686 4342 finemve
3720 4287 3803 4341 fa-

2156 4390 2399 4454 cientes,
2430 4403 2539 4441 sua
2592 4386 2898 4451 mirantes,
2930 4398 2991 4438 se
3042 4397 3189 4436 unos
3217 4383 3435 4435 rectam
3473 4378 3605 4432 vitae
3636 4376 3805 4447 sequi

2157 4482 2401 4542 sectam,
2445 4492 2592 4530 unos
2641 4490 2868 4546 sapere,
2920 4487 3096 4543 penes
3147 4486 3298 4525 unos
3343 4470 3460 4523 vim
3507 4468 3805 4537 decusque

2158 4566 2347 4622 laudis
2382 4582 2448 4620 ac
2479 4562 2776 4635 religionis
2804 4562 3059 4617 residere
3089 4559 3301 4628 omnis,
3335 4558 3394 4611 in
3426 4554 3654 4612 cunctis
3676 4571 3804 4625 qua

378 4666 600 4721 citatus
626 4643 1015 4720 laudabilium
1042 4679 1255 4735 genere
1285 4663 1524 4731 artium,
1559 4667 1682 4717 tum
1715 4662 1847 4716 illas
1881 4662 2042 4716 exiis
2075 4643 2118 4708 Ι)
2152 4660 2333 4729 agunt
2363 4671 2424 4709 se
2464 4653 2692 4724 Opinari
2744 4653 3137 4722 praeferentes.
3171 4649 3296 4703 Non
3347 4646 3503 4709 talis,
3536 4645 3803 4735 inquam,

381 4771 512 4825 quas
544 4771 660 4809 non
695 4753 765 4807 ad
799 4752 983 4809 solam
1016 4752 1291 4806 virtutem
1314 4752 1410 4805 sed
1437 4752 1507 4806 ad
1533 4767 1625 4806 res
1647 4751 1795 4806 bene
1818 4767 1882 4805 ac
1906 4767 2035 4805 cum

378 4860 660 4900 successu
695 4844 980 4914 gerendas
1009 4845 1204 4897 essent
1234 4839 1430 4907 utiles,
1470 4841 1736 4911 prmferre
1779 4839 2037 4911 plerum-

380 4949 498 5004 que
522 4932 748 5004 judicio
780 4948 846 4987 ac
877 4930 1386 4987 commendatione
1417 4928 1639 4985 caeteris
1662 4929 1952 4994 solitus,et
1972 4946 2041 4983 ex

378 5022 727 5077 hominibus
758 5038 892 5076 eum
926 5022 1178 5093 quicum
1208 5020 1548 5075 dexteritate
1570 5019 1776 5091 agendi
1801 5035 2040 5073 versan-

379 5112 563 5185 dique
585 5114 641 5167 in
676 5112 850 5168 rebus
884 5111 1094 5168 salutis
1117 5111 1327 5166 anima
1350 5110 1604 5166 rationes
1626 5110 1684 5164 in
1709 5114 1835 5164 tuto
1855 5108 2040 5163 babe-

379 5207 493 5272 ret,
524 5202 624 5257 illo
656 5203 990 5258 existimare
1021 5200 1303 5271 potiorem
1354 5200 1411 5254 in
1445 5216 1507 5254 se
1535 5202 1724 5254 totum
1776 5198 1944 5253 nuda
1976 5213 2041 5251 ac

389 5308 551 5348 mere
578 5292 778 5347 virtuti
804 5293 1040 5347 dederet
1069 5291 1117 5344 si
1149 5290 1199 5344 ci
1231 5306 1345 5343 non
1377 5289 1435 5343 in
1466 5287 1807 5344 sollitudine
1856 5287 1955 5342 sed
1981 5286 2041 5341 in

388 5383 675 5439 societate
696 5398 884 5436 acusu
909 5381 1213 5436 hominum
1229 5378 1540 5433 vivendum
1563 5377 1885 5432 esse.Unde
1906 5392 2040 5431 cum

399 5488 516 5527 non
548 5476 703 5526 esset
750 5470 876 5541 ipse
925 5468 1161 5542 quidem
1208 5467 1510 5538 eloquens,
1563 5466 1811 5521 disertos
1843 5469 2041 5520 tamen

388 5561 538 5616 scita
567 5565 624 5615 et
653 5560 940 5614 reverenti
974 5557 1399 5613 consuetudine
1430 5555 2041 5618 demerebatur,bene-

390 5650 559 5705 volus
602 5648 834 5704 auditor
862 5647 1282 5720 perorantium,
1309 5645 1640 5713 amorisque
1671 5644 1730 5698 in
1756 5644 1813 5699 id
1855 5643 2040 5699 homi-

391 5756 537 5796 num
559 5754 743 5812 genus
766 5738 961 5796 eximii
986 5737 1316 5809 professor;
1341 5734 1556 5807 quibus
1581 5732 1756 5789 rebus
1776 5750 2045 5805 asseque-

2147 4745 2328 4815 hujus
2350 4744 2454 4798 viri
2488 4743 2676 4798 virtus
2704 4742 2955 4807 erat,sed
2982 4740 3153 4810 longe
3187 4735 3395 4791 diversi
3428 4734 3675 4805 generis,
3701 4750 3794 4787 ac-

2149 4836 2519 4891 commodata
2551 4833 2811 4889 omnimo
2843 4832 2915 4887 ad
2965 4831 3292 4885 humanum
3342 4829 3606 4895 captum,
3637 4821 3799 4893 quali

2147 4941 2281 4980 eum
2315 4923 2585 4995 insigniri
2615 4924 2699 4977 fas
2730 4923 2805 4976 sit
2836 4919 2933 4991 qui
2959 4934 3158 4973 verum
3190 4914 3488 4969 hominem
3523 4927 3655 4966 vera
3684 4911 3798 4965 bu-

2149 5013 2427 5068 manitale
2457 5028 2584 5067 sese
2608 5015 2860 5082 praestet,
2894 5012 3064 5080 prout
3096 5002 3417 5076 praesertim
3450 5018 3585 5057 eum
3636 5001 3803 5055 decet

2151 5102 2251 5172 qui
2274 5102 2634 5156 contsitutus
2660 5101 2716 5154 in
2750 5098 3091 5169 praefectura
3112 5094 3253 5159 sit,a
3275 5108 3390 5163 quo
3413 5107 3528 5145 non
3553 5089 3801 5157 exigitur

2152 5200 2218 5247 ut
2250 5190 2763 5263 perturbationum
2798 5185 3065 5241 funditus
3107 5199 3311 5254 expers
3343 5182 3442 5245 sit,
3475 5180 3576 5235 sed
3607 5183 3669 5233 ut
3698 5194 3798 5233 eas

2153 5282 2557 5336 mediocritate
2573 5279 2824 5350 quadam
2851 5278 3208 5345 temperatas
3227 5270 3443 5326 habeat
3463 5271 3520 5325 in
3547 5275 3797 5341 potesta-

2150 5377 2234 5439 te;
2262 5389 2292 5426 a
2308 5387 2422 5441 quo
2444 5370 2570 5423 vita:
2588 5383 2799 5441 genere
2813 5367 2861 5421 si
2885 5364 3295 5420 discretionem
3309 5358 3709 5422 tollas.omnia
3731 5374 3799 5414 ex

2151 5478 2270 5517 uno
2316 5458 2645 5531 perdidisti.
2697 5454 3051 5526 Hujusmodi
3083 5468 3221 5523 ergo
3268 5455 3510 5505 ornatus
3562 5448 3797 5513 virtute,

2153 5567 2331 5622 quam
2366 5548 2592 5603 civilem
2627 5547 2868 5618 quidam
2893 5546 3196 5607 vocant,ut
3224 5546 3282 5596 et
3312 5542 3438 5595 vitae
3469 5536 3796 5593 secundum

2153 5655 2282 5695 eam
2317 5639 2508 5692 ducta:
2538 5637 2724 5691 civilis
2752 5632 3236 5707 ~appellationem
3268 5630 3561 5692 tribuunt,
3594 5624 3797 5681 medias

2155 5728 2410 5802 cuipiam
2443 5727 2598 5784 inter
2626 5724 3137 5798 contemplavitam
3185 5728 3239 5778 et
3268 5718 3682 5793 voluptariam,
3703 5714 3802 5772 ille
