4112 6430
358 373 470 428 727

1673 360 1973 422 GEORGII
2012 357 2479 413 PACHYMERE

3681 356 3801 419 728

360 498 456 552 γᾶν
488 499 569 567 τῷ
600 494 717 550 κατ’
750 494 1021 563 ἀνατολὴν
1070 488 1183 569 ὄρει
1241 495 1321 563 τῷ
1383 491 1577 564 μέλανι
1631 488 1719 543 καὶ
1776 489 1845 559 τῇ
1902 484 2020 538 κατ’
2052 486 2104 551 Α
2141 480 2236 552 μὲν
2296 478 2611 551 ἁπλότητος
2671 479 3057 556 πλεονέκτημα
3114 482 3190 546 εἷς
3236 482 3575 560 κατηγορίαν
3632 480 3804 538 ἀδια-

368 585 538 641 ἒκεῖνο
603 586 743 658 μονῇ
804 582 1120 658 ἐγχρονίσας
1178 581 1409 650 ἀσκῆσαι
1449 580 1511 635 τὸ
1543 575 1807 633 πάλαιτά
1868 574 2027 647 μέγι-

374 676 493 749 στα)
528 674 674 745 παρά
730 677 837 727 τῶν
899 672 1108 727 λοιπῶν
1158 673 1383 743 ἠξιοῦτο
1432 669 1530 738 τήν
1562 674 1660 737 τῆς
1693 672 2027 719 Κωνσταντι-

373 764 691 825 νουπόλεως
748 770 1081 836 προστασίαν
1143 758 1515 831 ἀναδέξασθαι.
1570 756 1671 811 Σὺν
1734 758 1813 815 οἷς
1861 752 1951 807 καὶ
2001 752 2028 806 ὁ

382 853 641 929 βασιλεὺς
671 854 770 920 τὴν
800 854 979 929 ψῆφον
1041 848 1441 922 ἀποδεξάμενος
1498 840 1883 917 κατηντιϐόλει
1936 842 2027 896 τὸν

376 940 566 1013 ἄνδρα,
599 941 687 995 καὶ
720 941 800 1017 ἐφ’
832 939 1064 1015 ἡμέραις
1099 939 1342 1009 προσιὼν
1386 936 1543 997 ὅλαις
1596 937 1791 1010 ὁρμαῖς
1849 930 2031 1007 παρώ-

373 1051 534 1105 τρυνε
563 1031 650 1084 καὶ
682 1028 837 1101 ἠξίου
873 1030 948 1101 μὴ
1001 1029 1427 1101 ἀποπέμψασθαι
1478 1027 1542 1080 τά
1597 1032 1697 1094 τῆς
1753 1024 2027 1092 κλήσεως.

375 1144 460 1212 ιγ’,
490 1138 679 1199 ’Ὁπως
727 1133 977 1210 ἀνάγεται
1038 1134 1311 1227 ξερμανὸς
1371 1132 1446 1196 εἷς
1490 1132 1552 1187 τὸ
1609 1134 2028 1206 πατριαρχεῖον,

892 1229 983 1261 και
1013 1229 1065 1261 τι
1097 1226 1123 1261 0
1136 1226 1501 1279 ιαπραττεται.

443 1299 551 1353 Καὶ
614 1296 679 1366 δὴ
731 1295 1109 1374 παρακληθεὶς
1165 1297 1284 1365 εἶξε,
1320 1296 1425 1349 Καὶ
1472 1293 1639 1366 μηνὸς
1699 1297 2034 1362 Μαιμακτη-

374 1391 575 1461 ριῶνος
608 1385 660 1442 ἐν
692 1391 760 1461 τῇ
795 1390 894 1440 τοῦ
928 1385 1080 1459 ἁγίου
1128 1384 1443 1455 Πνεύματος
1499 1384 1659 1455 ἑορτῇ
1719 1379 1823 1434 ὑπὸ
1874 1379 2033 1449 τόμῳ

373 1481 541 1548 κοινῷ
617 1476 863 1551 γεγονότι
959 1476 1309 1549 πατριάρχης
1397 1471 1865 1544 ἐπικηρύσσεται,
1942 1466 2031 1520 καὶ

378 1566 559 1642 σφίσιν
596 1568 709 1637 ἅμα
741 1563 1241 1637 συλλειτουργήσας
1268 1566 1347 1633 τῷ
1390 1562 1523 1635 ἰερῴ
1567 1557 1799 1637 ἐφιζάνει
1859 1555 2032 1629 θρόνῳ

376 1655 605 1708 καὶτῶν
638 1650 824 1708 ἄλλων
890 1650 1234 1726 προΐσταται.
1266 1653 1419 1723 ’Ἅμα
1477 1647 1534 1703 δὲ
1588 1652 1667 1720 τῷ
1724 1640 2034 1719 προσϐῆναι

374 1748 458 1815 τῷ
517 1744 697 1819 θρόνῳ
757 1740 909 1817 ἔργον
964 1741 1157 1813 ἐκείνῳ
1214 1739 1481 1816 ἀσχολίας
1531 1737 1708 1806 πάσης
1742 1737 2030 1811 ὑπέρτερον

2134 570 2439 647 φορὸτητος
2467 570 2803 644 περιίστατο,
2837 573 2899 627 τὸ
2932 569 2989 626 δὲ
3042 579 3143 643 τῆς
3195 573 3271 635 εἷς
3325 572 3553 649 βασιλέα
3605 571 3801 636 αἰδοῦς

2131 680 2189 713 τε
2246 658 2336 713 καὶ
2393 655 2771 735 κυϐερνήσεως
2851 660 2927 725 εἷς
2999 657 3258 736 ἔγκλημα
3344 661 3636 724 κολακείας
3696 662 3793 717 καὶ

2134 746 2364 821 ψεύδους
2422 750 2557 822 πρὸς
2604 750 2731 811 τοὺς
2788 749 3038 813 πολλοὺς
3070 753 3341 825 ἄντικρυς.
3378 754 3469 822 Τῷ
3498 751 3601 827 γὰρ
3628 750 3799 823 ἁπλῷ

2131 841 2228 892 τοῦ
2283 838 2490 913 τρόπου
2545 838 2635 892 καὶ
2687 839 2980 913 ἀνυπο·3λῳ
3036 840 3123 894 ναὶ
3181 838 3474 913 ἐλευθερίῳ
3535 841 3671 909 πρὸς
3731 841 3801 895 τὸ

2131 930 2249 987 τοῖς
2293 931 2527 1000 παροῦσι
2586 929 2897 1003 χρήσασθαι
2954 930 3055 1001 μὶν
3112 930 3204 984 καὶ
3254 929 3433 997 αὐτὸν,
3470 928 3676 1007 ἐφεῖναι
3738 926 3802 983 δὶ

2133 1018 2221 1069 καί
2252 1021 2372 1077 τοῖς
2405 1013 2566 1078 ἰδίοις
2600 1020 2863 1092 χρῆσθαι,
2888 1019 2986 1087 τήν
3038 1023 3135 1072 τοῦ
3182 1024 3564 1093 καταχρῆσθαι
3619 1037 3804 1091 προσ-

2135 1102 2344 1174 ειλήσει
2406 1101 2586 1174 δόξαν.
2624 1109 2705 1179 [Ρ.
2747 1108 2872 1180 490]
2928 1110 3019 1178 Τῷ
3079 1104 3136 1161 δὲ
3195 1102 3455 1183 κυϐερνᾷν
3510 1108 3604 1161 τὸν
3659 1127 3806 1180 κρα-

2133 1194 2471 1265 τοῦντα,καὶ
2534 1194 2746 1267 μᾶλλον
2804 1195 2886 1273 ἐφ’
2944 1195 3222 1266 ἱκετείαις,
3271 1198 3359 1251 ὅτε
3419 1195 3624 1259 ἐκεῖνος
3698 1196 3800 1269 μὲν

2134 1284 2559 1361 προσαναφέρων
2612 1284 2793 1355 ἠξίου,
2826 1287 2853 1339 ὁ
2887 1283 2944 1339 δὲ
3001 1291 3212 1360 κρατῶν
3276 1285 3337 1340 οὐ
3389 1282 3591 1361 ῥᾳδίως
3636 1287 3807 1341 κατέ-

2136 1393 2273 1441 νευε,
2306 1374 2593 1437 κάντεῦθεν
2650 1375 2785 1429 κατά
2832 1376 2895 1429 τὸ
2954 1373 3145 1430 δοκοῦν
3206 1374 3479 1447 ᾠκονόμει
3536 1379 3616 1447 τῷ
3671 1372 3801 1429 δεον

2140 1459 2280 1534 μένῳ
2330 1463 2421 1516 τὸν
2488 1460 2782 1535 ἐλπισμὸν,
2817 1465 2892 1526 ὡς
2954 1467 3028 1537 μὴ
3062 1464 3332 1538 ἀπογνοίη
3391 1464 3800 1541 ἀποπεμφθεὶς,

2136 1550 2375 1619 ἐλπίζων
2406 1549 2543 1615 ’ίσως
2579 1552 2756 1607 ἀνύειν
2782 1552 3092 1629 ἐσύστερον,
3122 1553 3217 1608 κᾶν
3281 1552 3458 1630 λέγων
3516 1550 3799 1615 πολλάκις

2138 1638 2237 1693 οὐκ
2292 1637 2574 1709 ἤνυε,τήν
2630 1646 2727 1695 τοῦ
2784 1641 3015 1713 ψεύδους
3074 1642 3310 1716 ὑποψίαν
3366 1642 3799 1716 προσκτώμενος

2136 1731 2501 1801 κατεκρίνετο.
2537 1730 2618 1787 Td
2659 1728 2715 1784 δὲ
2768 1730 3095 1805 ἐγκλήματα
3153 1735 3319 1785 ταῦτα
3376 1731 3619 1801 καθάπαξ
3676 1736 3797 1792 τοῖς

374 1817 559 1905 τιμᾷ,
592 1853 650 1887 τε
707 1838 823 1893 τοῖς
881 1832 1221 1905 προσήκουσ,
1280 1829 1407 1891 τοὺς
1455 1831 1618 1902 ἀρετῇ
1652 1825 1943 1886 δοκοῦντας
1994 1823 2028 1892 ἢ
2066 1859 2107 1921 Β
2137 1825 2244 1875 τῶν
2278 1817 2507 1873 πολλῶν
2540 1823 2747 1895 ψυχαῖς
2783 1820 3099 1890 ἐνιζήσαντα
3148 1820 3344 1891 ἐξῆπτε
3398 1821 3462 1874 τὸ
3521 1820 3627 1874 ἀπὸ
3683 1821 3797 1874 τῶν

373 1923 465 1976 καὶ
527 1919 679 1995 λόγῳ
726 1921 984 1995 προέχειν
1036 1924 1145 1973 τῶν
1178 1918 1387 1987 ἄλλων,
1419 1917 1548 1978 τοὺς
1584 1917 1675 1989 μὶν
1734 1915 2026 1988 ἀξιώμασι,

368 2009 500 2072 τοὺς
559 2009 616 2064 δὲ
676 2009 1024 2087 φιλοτησίαις
1082 2011 1310 2069 ἀπάσαις
1356 2007 1446 2061 καί
1492 2004 1691 2081 δώροις
1724 2003 2025 2064 παντοίοις.

372 2104 471 2156 Ἠν
524 2101 626 2174 γὰρ
682 2099 771 2153 καὶ
823 2099 1231 2173 περιφρονητής
1284 2096 1513 2171 χρυσίου
1560 2097 1626 2150 τὰ
1661 2094 1919 2167 μάλιστα,
1953 2095 2027 2154 ὡς

380 2185 521 2261 μηδὲ
576 2195 867 2256 κεκτῆσθαι
928 2186 1243 2261 βαλάντιον,
1294 2183 1439 2239 ἀλλά
1494 2186 1557 2238 τὸ
1614 2178 2021 2257 προσαγόμενον

373 2273 596 2331 ἔκποθεν
630 2274 717 2330 έπῖ
746 2283 848 2344 τῆς
900 2271 1153 2337 στιϐάδος
1203 2274 1407 2329 ἐκείνου
1465 2272 1705 2327 κελεύειν
1762 2272 2025 2340 τίθεσθαι,

372 2365 446 2426 ὡς
497 2362 718 2437 ἕτοιμον
771 2364 905 2418 εἶναι
967 2368 1084 2426 ταῖς
1122 2360 1337 2437 χρείαις
1364 2368 1462 2428 τῆς
1497 2359 1741 2422 εὐποιίας
1770 2358 1907 2412 ὅπου
1964 2356 2024 2411 ἂν

373 2454 577 2516 ἐκεῖνος
635 2452 929 2511 κελεύσειε.
982 2450 1229 2523 Τοιούτῳ
1286 2448 1332 2504 δ’
1389 2446 1503 2505 ὄντι
1564 2448 1751 2520 ἐκείνῳ
1806 2447 1869 2502 τὸ
1926 2454 2025 2515 τῆς

371 2690 551 2745 supra
566 2674 892 2729 memoratu
903 2669 1248 2727 sOrestiadis
1263 2666 1881 2741 episcopus,praelatus
1896 2664 2027 2721 aliis

370 2762 546 2818 etiam
561 2761 1072 2817 commendatione
1095 2759 1224 2816 vitae
1245 2758 1541 2831 quondam
1577 2756 1839 2812 asceticae
1865 2772 2025 2809 sum-

368 2867 463 2907 ma
486 2852 657 2907 laude
688 2851 789 2907 diu
818 2850 1143 2907 exercitatae
1173 2850 1226 2904 in
1254 2846 1605 2903 monasterio
1630 2846 1787 2919 Nigri
1815 2844 2028 2901 Montis

374 2942 447 2996 ad
470 2942 763 2997 Urientem
799 2941 959 3008 siti,a
977 2939 1220 3011 reliquis
1241 2938 1522 2993 orabatur
1542 2942 1604 2991 ut
1624 2936 2029 3008 prazfecturam

371 3031 833 3088 ecclesiasticam
869 3027 1530 3101 Constantinopolitanae
1566 3027 1728 3081 urbis
1760 3042 2027 3097 capesse-

372 3125 496 3176 ret:
534 3137 672 3177 cum
708 3120 925 3192 quibus
958 3125 1015 3175 et
1039 3119 1359 3190 imperator
1390 3115 1734 3172 electionem
1761 3131 2028 3186 compro-

381 3212 551 3280 bans,
581 3226 930 3283 magnOpere
984 3208 1365 3264 incumbebat
1414 3207 1482 3261 ad
1516 3206 1680 3278 ﬁdem
1715 3206 1785 3259 ab
1820 3221 1885 3259 eo
1917 3204 2027 3257 im-

377 3301 753 3372 petrandum,
779 3299 1038 3371 quotidie
1061 3298 1262 3353 adiens
1287 3302 1341 3353 et
1363 3295 1522 3351 omni
1573 3293 2023 3367 persuasionum

383 3395 439 3445 et
470 3389 946 3444 obsecrationum
993 3388 1213 3459 impetu
1261 3387 1575 3457 adurgens,
1612 3401 1681 3439 ne
1733 3386 2035 3455 respueret

381 3479 765 3535 vocationem.

392 3634 480 3688 13.
530 3635 589 3689 Ut
646 3637 864 3687 evectus
925 3631 1224 3685 Germanus
1280 3631 1339 3684 in
1366 3629 1795 3700 patriarchalem
1855 3629 2037 3684 sedem

794 3702 1009 3770 fuerit;
1038 3707 1090 3757 et
1119 3705 1308 3773 prima
1339 3702 1455 3771 ejus
1489 3711 1629 3755 acta.

452 3835 554 3890 His
577 3834 674 3890 ille
694 3835 964 3905 precibus
990 3834 1205 3890 moveri
1226 3851 1284 3889 se
1318 3836 1553 3889 tandem
1581 3852 1808 3906 passus,
1835 3851 2035 3890 mense

378 3924 556 3980 Junio
590 3925 645 3979 in
675 3924 820 3979 festo
845 3924 1029 3979 sancti
1055 3924 1307 3995 Spiritus
1330 3923 1716 3979 concordibus
1742 3923 2035 3995 suffragiis

386 4015 618 4070 decreto
647 4014 944 4069 communi
971 4014 1193 4085 perlato
1217 4013 1549 4086 patriarcha
1568 4013 1902 4067 declaratus
1925 4018 2034 4081 est,

378 4108 434 4158 et
465 4121 632 4159 sacro
664 4120 799 4158 cum
832 4103 950 4157 illis
984 4103 1298 4170 celebrato,
1341 4119 1517 4158 sacrae
1566 4102 1877 4174 impositus
1910 4103 2033 4157 sedi

378 4194 689 4265 praesidere
720 4193 952 4248 cunctis
981 4193 1174 4264 cmpit.
1202 4192 1388 4247 Simul
1414 4196 1608 4246 autem
1645 4191 1922 4246 thronum
1949 4196 2034 4244 at—

376 4282 529 4354 tigit,
570 4298 718 4352 Opus
769 4281 930 4336 omni
981 4282 1210 4336 actione
1267 4280 1540 4352 superius
1594 4284 1756 4335 ratus
1803 4281 2034 4335 afﬁcere

375 4371 603 4426 meritis
624 4370 917 4425 bonorum
952 4369 1212 4440 praemiis
1233 4369 1447 4423 virtute
1480 4372 1577 4422 aut
1597 4368 1864 4423 doctrina
1892 4385 2033 4440 prm-

374 4458 650 4515 cellentes
680 4458 835 4525 aliis,
870 4459 969 4530 qui
1003 4459 1147 4514 281
1190 4458 1338 4513 tales
1366 4463 1562 4514 essent
1596 4458 1804 4530 partim
1839 4458 2033 4531 digni-

372 4547 598 4604 tatibus
649 4548 865 4619 partim
920 4547 1216 4603 donativis
1267 4552 1323 4601 et
1374 4547 1789 4620 largitionibus
1840 4549 2030 4603 omnis

2140 1909 2366 1966 πολλῶν
2406 1917 2586 1983 μῖσος,
2621 1912 2703 1966 ὅτι
2741 1933 2800 1966 τε
2846 1912 3140 1982 ἀντίζηλος
3199 1910 3281 1981 ε’ίη
3340 1917 3421 1983 τῷ
3480 1913 3798 1987 πατριάρχῃ

2137 2002 2235 2069 τὴν
2271 1999 2472 2054 ἐκείνου
2512 2003 2802 2075 κατασχὼν
2835 1999 3184 2071 Ἐκκλησίαν,
3215 2001 3303 2055 καὶ
3363 2000 3445 2055 ὅτι
3505 2002 3610 2055 ἀπὸ
3662 2000 3789 2075 θρό-

2134 2111 2227 2143 νου
2257 2096 2357 2157 τῆς
2389 2092 2651 2164 θυγατρὸς
2682 2094 2760 2161 τῷ
2792 2090 2969 2165 θρόνῳ
3021 2097 3122 2159 τῆς
3185 2092 3393 2166 μητρὸς
3456 2090 3619 2163 (οὕτω
3678 2089 3784 2164 γὰρ

2133 2178 2227 2238 τὰς
2287 2176 2579 2247 ἐκκλησίας
2635 2177 2885 2251 ἐκάλουν)
2941 2177 3132 2249 ἀνέδην
3194 2178 3335 2234 οὕτω
3392 2179 3477 2233 καὶ
3538 2175 3785 2243 αὐθαδῶς

2138 2265 2538 2337 είσπηδτίσειεν,
2574 2267 2693 2331 ὅθεν
2726 2269 2817 2321 καὶ
2873 2265 3019 2322 δυσὶν
3080 2268 3442 2344 ἐνισχομένου
3498 2265 3787 2343 ἐγκλήμα-

2137 2379 2219 2411 σιν
2250 2358 2353 2411 οὐκ
2406 2358 2472 2425 ἦν
2534 2358 2681 2419 ὅστις
2742 2357 2940 2431 ἀγαθὸν
3002 2356 3189 2413 ἐλάλει
3245 2358 3369 2434 περὶ
3420 2356 3644 2424 ἐκείνου,
3675 2360 3787 2410 τῶν

2141 2446 2235 2520 μὲν
2269 2443 2681 2521 προσκειμένων
2710 2452 2790 2519 τῷ
2819 2448 3153 2523 πατριάρχῃ,
3185 2451 3291 2502 τῶν
3326 2444 3384 2502 δὲ
3438 2447 3527 2502 καὶ
3590 2444 3795 2519 ἑπομέ-

2136 2663 2469 2735 spicionum
2485 2664 2752 2721 libertate
2766 2665 3059 2738 quoslibet
3073 2665 3402 2739 promiscue
3415 2665 3618 2721 obvios
3631 2664 3795 2720 affari

2138 2754 2518 2827 excipereque
2551 2761 3171 2829 consuesset,cumque
3199 2756 3325 2812 suis
3356 2754 3703 2811 domesticis
3724 2754 3796 2809 1i-

2137 2844 2424 2899 beriorem
2449 2844 2783 2900 istiusmodi
2811 2845 3026 2917 pariter
3047 2862 3180 2901 cum
3214 2846 3523 2917 quibusvis
3554 2861 3796 2900 conver-

2138 2933 2424 2988 sationem
2447 2933 2979 3004 permitteret,usus
2999 2934 3094 2990 ille
3121 2940 3505 3008 utrorumque
3537 2934 3797 2990 securior

2139 3023 2292 3092 apud
2328 3024 2723 3094 suspiciosum
2754 3023 2966 3097 vulgus
3016 3024 3073 3079 in
3107 3025 3401 3081 abusuum
3433 3024 3791 3080 occultorum

2138 3111 2473 3183 opinionem
2507 3113 2775 3168 incurrit.
2807 3115 3099 3169 Tractatio
3131 3119 3325 3170 autem
3360 3115 3718 3187 obsequiosa
3742 3118 3797 3169 et

2140 3202 2465 3256 verecunda
2489 3219 2620 3257 cum
2646 3202 3005 3275 principe,ex
3031 3221 3147 3275 qua
3168 3203 3263 3258 ille
3292 3205 3564 3259 fiduciam
3595 3222 3795 3260 sumc-

2141 3291 2241 3345 bat
2272 3292 2652 3363 suspendenti
2688 3294 2954 3348 affectum
3008 3292 3507 3366 supplicationum
3544 3296 3799 3366 patriar—

2141 3380 2282 3447 chas,
2311 3380 2368 3435 id
2412 3398 2592 3453 agens
2642 3382 2755 3437 isto
2804 3382 3117 3438 ambitioso
3167 3383 3414 3439 artificio
3462 3384 3797 3440 differenda:

2140 3470 2361 3542 gratiae,
2394 3473 2564 3542 cujus
2604 3488 2768 3543 spem
2803 3489 2918 3528 non
2967 3472 3288 3541 auferebat,
3323 3478 3389 3528 ut
3433 3490 3568 3528 eum
3615 3490 3796 3546 quam

2141 3559 2477 3615 diutissime
2510 3560 2622 3615 sibi
2647 3561 2967 3633 supplicem
2994 3566 3051 3617 et
3083 3562 3166 3616 sic
3197 3562 3512 3617 obnoxium
3551 3567 3799 3627 teneret,

2142 3647 2199 3701 in
2225 3664 2404 3702 causa
2425 3654 2548 3703 erat
2597 3655 2661 3703 ut
2683 3666 2810 3704 cum
2839 3667 2965 3722 qum
2989 3650 3322 3721 patriarcha
3344 3652 3797 3723 impetraturum

2142 3752 2204 3791 se
2237 3748 2548 3810 receperat,
2583 3740 2652 3793 ad
2688 3740 2839 3795 diem
2862 3757 2975 3794 non
3012 3740 3397 3812 provenirent.
3434 3741 3537 3812 qui
3577 3742 3798 3797 frustra

2141 3833 2570 3898 exspectarent,
2608 3829 2782 3883 verba
2814 3829 2927 3884 sibi
2952 3830 3022 3884 ab
3046 3846 3111 3885 eo
3146 3830 3281 3885 dala
3298 3835 3688 3902 quererentur
3713 3848 3727 3899 ;
3751 3830 3796 3886 si

2140 3932 2270 3971 vero
2302 3923 2545 3972 nossent
2578 3919 2801 3973 aditum
2838 3920 2909 3974 ab
2960 3935 3026 3974 eo
3060 3935 3262 3975 revera
3311 3920 3661 3991 principem,
3694 3920 3796 3976 fri-

2139 4005 2273 4077 gide
2294 4006 2349 4060 id
2377 4024 2441 4060 ac
2460 4008 2664 4062 timide
2687 4007 2932 4063 nimium
2959 4009 3029 4063 ab
3054 4008 3414 4080 eo,videlicet
3436 4014 3796 4077 assentante,

2142 4101 2336 4150 actum
2373 4096 2501 4164 rati,
2529 4098 2935 4153 auctoritatem
2964 4102 3019 4153 et
3042 4099 3221 4153 robur
3246 4099 3511 4172 dignitati
3546 4100 3794 4171 patriar-

2139 4184 2260 4239 cha:
2292 4191 2747 4241 consentaneum
2782 4186 2839 4241 in
2859 4203 2924 4242 eo
2959 4187 3379 4256 desiderarent,
3399 4205 3466 4243 ac
3488 4193 3798 4261 propterea

2140 4275 2243 4329 tali
2278 4275 2400 4331 loco
2433 4275 2631 4330 minus
2660 4276 2935 4331 idoneum
2968 4277 3267 4332 ducerent.
3297 4278 3426 4332 Hec
3460 4277 3707 4334 sinislra
3731 4279 3799 4332 de

2140 4364 2429 4419 Germano
2470 4365 2699 4435 judicia
2750 4364 3069 4420 multorum
3125 4365 3307 4422 semel
3352 4366 3570 4422 animis
3619 4368 3798 4422 inﬁxa

2139 4453 2422 4519 subjectis
2444 4454 2676 4508 invidiae
2712 4454 2937 4510 facibus
2961 4455 3413 4511 exardescebant
3439 4456 3499 4510 in
3523 4457 3797 4513 offensio-

2140 4558 2277 4597 nem
2311 4544 2464 4598 282
2495 4542 2816 4615 publicam,
2850 4544 3057 4599 multis
3082 4546 3200 4615 jam
3227 4544 3393 4600 illum
3429 4545 3796 4601 intuentibus

371 4636 602 4709 generis
635 4635 1047 4692 liberalissime
1072 4652 1277 4691 ornare
1303 4653 1365 4690 ac
1393 4635 1694 4691 cumulare
1727 4653 1893 4691 orsus
1921 4641 2025 4690 est.
2066 4620 2108 4682 Ι)
2142 4636 2202 4685 ut
2235 4632 2529 4687 introsum
2567 4650 2668 4705 pro
2702 4650 2834 4688 vero
2881 4635 3233 4706 patriarcha,
3267 4640 3526 4707 ereptam
3578 4635 3795 4706 injuste

371 4728 506 4782 Erat
534 4726 688 4781 enim
718 4724 845 4781 auri
879 4729 1241 4795 contemptor
1272 4729 1336 4780 ut
1375 4728 1470 4796 qui
1506 4726 1778 4791 maxime,
1811 4743 1878 4780 ne
1895 4742 2025 4780 cru-

372 4832 601 4871 menam
635 4815 873 4887 quidem
899 4814 1113 4871 habere
1137 4814 1412 4885 dignatus
1443 4830 1455 4869 :
1481 4814 1580 4869 sed
1607 4813 1891 4885 quidquid
1920 4832 2025 4868 un-

372 4906 681 4976 decunque
731 4905 1056 4973 offerretur,
1100 4921 1280 4976 supra
1318 4903 1535 4958 lectum
1570 4920 1603 4958 a
1656 4903 2026 4975 portantibus

371 4994 837 5066 deponijubens,
863 5011 973 5064 quo
1004 4993 1084 5049 ibi
1118 4996 1444 5065 expositum
1478 4993 1534 5046 in
1570 4996 1843 5064 promptu
1873 4998 2030 5047 esset

370 5084 440 5139 ad
462 5099 606 5137 usus
625 5083 1408 5155 beneficentiae,erogandum
1435 5083 1561 5152 ejus
1581 5083 1856 5136 mandato
1884 5098 2025 5152 quo-

369 5187 602 5242 cunque
634 5172 885 5226 rationes
926 5172 1223 5244 egentium
1280 5175 1604 5243 poscerent.
1654 5170 1777 5225 Tali
1834 5178 2023 5225 autem

375 5258 514 5314 huic
538 5260 661 5313 viro
680 5260 1044 5315 abundantia
1077 5261 1479 5334 simplicitatis
1503 5260 1800 5316 solutioris
1824 5261 1881 5315 in
1906 5262 2026 5316 vita

372 5346 622 5402 licentiae
641 5350 1071 5403 accusationem
1098 5351 1461 5423 comparavit
1486 5367 1498 5404 :
1523 5352 1712 5421 pudor
1732 5367 1861 5405 vero
1888 5367 2027 5423 erga

372 5437 885 5509 imperatorem,et
910 5439 964 5491 in
988 5440 1210 5509 agendo
1242 5457 1373 5494 cum
1400 5456 1466 5495 eo
1499 5457 1639 5494 cura
1660 5440 1911 5495 vitandae
1935 5440 2023 5495 of-

372 5525 655 5582 fensionis
681 5525 1158 5593 adbibita,labem
1186 5527 1295 5599 ipsi
1322 5530 1475 5600 apud
1498 5529 1713 5585 multos
1737 5529 2026 5584 adulatio-

372 5613 466 5668 nis
493 5619 549 5669 et
582 5615 875 5669 mendacii
919 5617 1188 5685 aspersit.
1223 5620 1363 5671 Cum
1418 5619 1571 5672 enim
1608 5618 1658 5674 is
1687 5618 1927 5674 sincera?
1956 5620 2026 5674 ab

376 5702 536 5756 omni
570 5704 702 5757 fuco
734 5702 913 5758 indoli
944 5704 1299 5776 obsequens,
1325 5707 1570 5761 candida
1602 5725 1666 5762 ac
1698 5725 1904 5763 secura
1926 5725 2026 5763 su-

2138 4720 2372 4777 innoxio
2410 4722 2722 4778 Ecclesiam
2777 4728 3100 4792 tenentem,
3135 4727 3192 4777 et
3240 4740 3270 4779 e
3300 4723 3513 4779 throno
3575 4724 3708 4778 ﬁlias
3738 4722 3792 4776 in

2138 4811 2415 4865 thronum
2453 4812 2652 4866 matris
2686 4812 2793 4884 (sic
2824 4813 2979 4867 enim
3036 4812 3313 4868 ecclesias
3344 4813 3653 4884 vocabant)
3689 4814 3794 4869 im-

2138 4901 2426 4971 pudenter
2454 4917 2519 4955 ac
2551 4904 2767 4955 temere
2798 4900 3025 4956 insilire
3048 4918 3281 4957 ausum.
3317 4901 3540 4965 Quibus
3574 4903 3792 4958 sensim

2137 4989 2525 5061 gliscentibus
2550 4990 3045 5058 sensibus,evenit
3069 4991 3307 5045 tandem
3332 4992 3475 5047 adeo
3494 4991 3661 5046 illum
3690 5007 3792 5046 ma-

2138 5080 2407 5134 culosum
2437 5096 2719 5151 apparere
2756 5080 3010 5151 duplicis
3037 5081 3208 5135 istius
3242 5081 3371 5135 labe
3412 5080 3702 5149 criminis,
3735 5082 3796 5133 ut

2140 5188 2250 5225 non
2277 5174 2427 5223 esset
2461 5170 2557 5240 qui
2588 5171 2657 5223 de
2688 5186 2752 5223 eo
2777 5170 2913 5225 boni
2941 5170 3266 5241 quidquam
3285 5171 3407 5240 jam
3438 5170 3594 5241 loqui
3620 5168 3794 5225 susti-

2140 5264 2323 5328 neret,
2358 5258 2841 5331 conspirantibus
2865 5260 2921 5313 in
2956 5276 3139 5313 unum
3170 5259 3320 5315 odiis
3352 5260 3662 5315 ambarum
3688 5260 3793 5313 fac-

2139 5352 2389 5413 tionum,
2442 5354 2561 5403 tam
2610 5350 2737 5419 ejus
2767 5348 3040 5404 videlicet
3092 5366 3220 5421 quae
3272 5350 3513 5405 Arsenio
3549 5350 3787 5411 favebat,

2139 5456 2316 5509 quam
2353 5438 2594 5494 alterius
2624 5455 2747 5509 qua:
2781 5455 2920 5493 suas
2953 5439 3211 5509 privatas
3244 5443 3445 5493 secuta
3475 5440 3731 5493 rationes
3759 5451 3790 5488 a

2138 5528 2427 5583 Germano
2462 5527 2833 5583 abhorrebat.
2866 5526 2981 5583 Nec
3014 5528 3257 5582 deerant
3290 5527 3635 5582 maleferiati
3669 5525 3787 5581 bla-

2139 5623 2369 5671 terones
2410 5617 2464 5671 in
2492 5616 2963 5672 maledicentiam
2998 5616 3218 5679 faciles,
3251 5616 3349 5689 qui
3404 5632 3506 5688 per
3536 5627 3787 5672 scomma

2139 5723 2272 5761 cum
2305 5706 2667 5762 Marmutzan
2702 5705 3095 5772 nominarent,
3128 5704 3475 5761 vocabulum
3508 5705 3618 5777 ipsi
3653 5705 3786 5759 Per-
