4112 6400
323 383 432 438 729

1395 384 1492 439 DE
1529 381 1904 437 MICHAELE
1941 373 2370 433 PALEOLOGO
2407 373 2538 428 LIB.
2573 372 2670 426 1V.

3634 351 3744 408 730

323 531 426 564 νων
489 507 623 572 ἴσως
680 515 800 575 ταῖς
856 510 1110 586 γνώμαις
1167 506 1404 565 ἐκείνων.
1455 509 1624 564 Ἦσαν
1659 503 1716 561 δὲ
1745 504 1971 560 καὶτῶν
2005 506 2056 571 Α
2087 500 2307 576 ἀγωγὴν
2361 498 2436 560 εἷς
2486 493 2763 551 παίδευσιν
2816 491 3068 569 λογικὴν,
3099 487 3162 543 1:6
3195 487 3394 542 ἐκεῖνον
3429 484 3487 539 ἐκ
3513 487 3613 548 τῆς
3641 484 3736 538 τοῦ

327 603 594 675 περιττῶν
655 600 744 654 καὶ
795 600 871 663 εἷς
931 599 1268 674 κατηγορίας
1309 596 1574 668 εὐκόλων,
1607 594 1658 651 o'i
1687 595 1777 650 καὶ
1807 614 1977 668 προσ-

331 686 688 758 ονειδίζοντες
769 694 1132 764 Μαρμουτζᾶν
1218 687 1690 763 προσωνόμαζον,
1772 679 1981 759 προσά-

328 799 552 852 πτοντες
602 773 780 850 ὄνομα
811 779 1071 852 Περσικὸν
1121 776 1172 848 ἐξ
1203 776 1380 842 αἰτίας
1407 783 1507 845 τῆς
1555 773 1638 830 ὅτι
1671 773 1870 834 ἐκεῖνος
1918 772 1981 826 τὸ

328 869 492 944 γένος
522 867 584 922 τὸ
618 866 876 943 σύνεγγυς
911 869 1086 937 Λάζος
1135 867 1225 936 ἦν,
1276 867 1338 922 τὸ
1381 863 1426 920 δ’
1458 865 1707 920 ἀνέκαθεν
1759 862 1849 918 καὶ
1880 868 1982 916 Γα-

329 952 482 1030 ϐρᾶς.
529 957 679 1019 Τέως
707 957 798 1012 τὸν
853 957 1056 1032 τρόπον
1095 956 1437 1035 μεμφόμενοι
1469 956 1560 1010 τὸν
1589 953 1792 1009 ἐκείνου
1825 950 1982 1022 δῆθεν

326 1051 490 1102 τοῦτο
542 1047 637 1120 μὲν
689 1047 763 1108 ὡς
812 1045 1206 1122 ἀπερίσκεπτον
1256 1047 1345 1101 καὶ
1393 1044 1587 1119 θρασὺν
1644 1045 1718 1118 μὴ
1775 1041 1982 1105 εἰδότος

325 1139 394 1206 ἧς
453 1135 514 1190 οὐ
573 1136 733 1208 μετὸν
796 1131 1061 1191 ἐπιϐαίνει
1119 1143 1310 1210 τιμῆς,
1371 1140 1534 1190 τοῦτο
1587 1133 1645 1189 δὲ
1669 1135 1758 1188 καὶ
1791 1134 1866 1196 ὡς
1899 1130 1986 1187 ἐπὶ

330 1225 591 1297 κολακείᾳ
638 1220 1078 1299 διαϐαλλόμενον
1118 1228 1189 1298 τῇ
1232 1225 1368 1301 πρὸς
1415 1223 1662 1299 βασιλέα,
1694 1243 1987 1300 προσεμω-

370 1320 396 1330 ..
577 1316 589 1330 ς
685 1316 696 1334 ,
844 1315 858 1336 ι
1044 1321 1067 1331 ,.
1190 1316 1210 1334 ..
1375 1315 1385 1334 ,
1603 1314 1616 1331 ι
1710 1314 1723 1330 ς

326 1337 506 1372 κωντο
537 1337 599 1369 το
639 1335 796 1390 γενος
829 1337 904 1377 ως
955 1316 1156 1379 ἒκειθεν
1191 1336 1247 1370 ον
1285 1316 1480 1370 ὁπόθεν
1530 1336 1619 1370 και
1672 1335 1733 1369 το
1792 1319 1986 1387 Περσι-

325 1404 420 1458 κὸν
481 1404 614 1458 εἶναι
675 1400 1104 1479 διωμολογεῖτο.
1159 1406 1348 1477 Ὅμως
1403 1404 1577 1480 γέρων
1633 1400 1704 1457 ὢν
1737 1401 1826 1458 καὶ
1858 1401 1988 1457 παί-

331 1490 506 1548 δευσιν
565 1491 797 1568 ἀρχαίαν
860 1489 1005 1568 ἔχων
1067 1491 1528 1564 ἐκκλησιαπικήν
1580 1496 1865 1567 Γερμανοῢ
1892 1495 1989 1547 τοῦ

329 1581 656 1657 μακαρίτου,
719 1581 906 1637 πολλά
957 1586 1065 1636 τῶν
1118 1585 1219 1647 τῆς
1274 1580 1474 1654 τάξεως
1523 1589 1624 1652 τῆς
1658 1580 1988 1653 Ἐκκλησίας

328 1670 553 1726 καθίστα
583 1672 720 1746 πρὸς
752 1671 814 1726 τὸ
864 1671 1223 1746 ἀρχαιότερον
1256 1692 1471 1748 παρῃρη
1487 1670 1619 1745 μένα
1669 1671 1759 1726 καὶ
1807 1670 1991 1746 χρόνῳ

334 1762 416 1835 [Ρ.
455 1763 581 1832 191]
610 1761 700 1814 καὶ
733 1759 1038 1833 ἀμελείαις.

335 1875 642 1970 ιδ’.’“οτξως
668 1879 760 1965 τόν
792 1872 1113 1970 Ὁλόβωλον
1146 1879 1478 1970 ,μεταγαγὼν
1509 1881 1537 1934 ὁ
1563 1897 1842 1970 πατριαρχ

404 1948 491 2030 εἰς.
512 1951 609 2030 τὲἡν
635 1955 733 2030 τοῦ
759 1955 897 2030 θεοῦ
928 1948 1222 2030 ἐκκλησίαν
1283 1948 1523 2030 ὀξριρικίῳ
1557 1948 1984 2028 ῥήτοροςέτίμα

405 2021 493 2076 καὶ
527 2020 853 2078 διδάσκαλον
884 2020 1129 2079 καθίστα.

414 2123 492 2178 Τὸ
525 2119 582 2177 δὲ
615 2127 799 2196 μεῖζον
853 2124 934 2178 ὅτι
985 2121 1074 2178 καὶ
1103 2121 1409 2201 φιλολόγος
1441 2121 1512 2178 ὥν
1539 2124 1607 2177 τὰ
1647 2120 1887 2196 μάλιστα
1913 2128 1995 2196 τῷ

340 2207 650 2285 Ὀλοϐώλῳ
681 2211 868 2290 εὐφυεῖ
895 2233 956 2289 γε
985 2207 1099 2268 ὄντι
1131 2215 1217 2268 καὶ
1253 2213 1455 2289 πλήρει
1482 2212 1660 2288 λόγων
1702 2213 1792 2268 καὶ
1823 2233 1994 2288 προσ-

340 2303 604 2372 ετετήκει,
664 2299 792 2356 ὥστ’
823 2301 1086 2377 ἀποχρῶν
1119 2303 1254 2356 κανὰ
1279 2303 1340 2356 τὸ
1367 2304 1632 2378 παρεστὸς
1661 2302 1992 2378 ἡγούμενος,

339 2393 501 2445 τοῦτο
564 2389 659 2464 μὲν
691 2389 768 2453 εἷς
794 2393 894 2460 τήν
937 2390 1141 2446 ἐκείνου
1191 2391 1538 2468 παραμυθίαν
1585 2391 1853 2454 παθόντος
1907 2394 1997 2447 οἷα

335 2479 611 2552 πεπόνθει,
668 2481 829 2537 τοὸτο
863 2478 922 2536 δὲ
968 2482 1056 2537 καὶ
1109 2481 1184 2546 εἷς
1216 2483 1314 2552 τὴν
1367 2487 1475 2537 τῶν
1530 2480 1997 2560 ἐκκλησιαπικῶν

341 2696 534 2752 sicum
567 2699 1019 2769 aptantes,quod
1054 2714 1242 2768 genus
1271 2713 1445 2753 suum
1473 2697 1804 2769 proximum
1835 2716 1866 2753 a
1886 2698 1992 2753 La-

345 2785 452 2853 zis,
485 2786 768 2842 remotius
799 2804 833 2842 a
855 2787 1047 2842 Gabra
1079 2787 1221 2842 urbe
1252 2785 1511 2842 Persidis
1532 2787 1792 2853 duceret,
1815 2786 1992 2842 simul

349 2878 552 2933 eadem
585 2876 724 2933 dicti
743 2876 1098 2934 contumelia
1116 2875 1440 2932 lacerantes
1458 2879 1585 2948 ejus
1605 2877 1993 2949 mores,quasi

351 2965 605 3022 hominis
637 2965 1053 3022 inconsiderati
1085 2971 1142 3020 et
1172 2965 1421 3021 barbare
1451 2967 1821 3036 audacis,qui
1843 2981 1994 3022 caeca

350 3053 442 3109 sui
472 3059 776 3126 provectus
808 3053 1142 3126 ignorantia
1164 3054 1573 3110 inconcessum
1598 3071 1711 3110 non
1735 3055 1996 3110 dubitas-

349 3147 438 3198 set
465 3145 616 3198 sacri
650 3143 888 3199 honoris
926 3143 1228 3215 fastigium
1261 3144 1553 3214 invadere,
1587 3161 1698 3200 non
1735 3145 1862 3200 sine
1893 3145 1996 3199 ad-

349 3231 525 3287 mista
557 3248 760 3287 amara
812 3232 1086 3288 irrisione
1139 3232 1494 3289 adulationis
1535 3233 1665 3303 ejus
1707 3250 1847 3306 erga
1885 3234 1995 3288 im-

2091 573 2417 666 [Ι-ροδρόμου
2471 589 2642 662 μονῆς
2689 583 2922 656 ἐξελθεῖν
2966 582 3055 637 καὶ
3116 575 3474 654 προσοκεῖλαι
3528 578 3597 648 τῇ
3652 573 3740 628 ἐκ-

2087 665 2289 754 κλησίᾳ
2322 727 2334 751 ,
2385 680 2540 757 ἔργον
2593 679 2770 748 πάσης
2827 671 3097 750 ἀσχολίας
3152 669 3358 725 ἐπέχειν
3416 666 3619 730 τίθεται
3677 665 3739 718 τὸ

2091 773 2223 846 ὑπὲρ
2254 771 2450 827 τούτου
2484 764 2808 846 πρεσϐεῦσαι
2859 770 2937 836 τῷ
2990 760 3207 840 βασιλεῖ
3237 759 3325 814 καὶ
3358 758 3421 812 τὸ
3449 759 3548 820 τῆς
3603 775 3738 829 πρε-

2090 857 2270 924 σϐείας
2333 860 2609 935 ἐπαγωγὸν
2680 852 3072 932 προϐαλέσθαι,
3134 851 3208 915 ὡς
3270 873 3294 904 α
3349 845 3492 917 ’Ήδη
3557 845 3649 918 μὶν
3711 844 3738 898 ὁ

2090 932 2491 1026 Ἀκροπολίτής
2531 932 2627 1003 καὶ
2690 947 2856 1022 μέγας
2916 942 3214 1019 λογοθέτης
3275 939 3550 1026 Γεώργιος
3585 979 3629 1026 ,ῃ
3659 932 3739 1008 ἐφ’

2089 1041 2272 1097 ἱκανὸν
2348 1039 2408 1095 ἐκ
2479 1036 2822 1115 προστάξεως
2901 1040 3023 1103 σῆς,
3113 1029 3355 1106 βασιλεῦ,
3445 1023 3739 1099 ἑνιδρώσας

2091 1128 2422 1207 παραδιδοὺς
2473 1129 2540 1182 τὰ
2600 1129 2938 1200 μαθήματα,
2993 1118 3102 1191 ἤδη
3157 1118 3246 1174 καὶ
3304 1114 3737 1186 ἀποκεκαμήκει,

2089 1201 2180 1277 καί
2235 1219 2395 1296 χρεία
2452 1217 2594 1272 ἐστὶν
2627 1213 2830 1276 ἄλλους
2890 1211 3194 1285 ἀνάγεσθαι,
3253 1207 3342 1262 καὶ
3399 1209 3506 1260 τῶν
3552 1201 3738 1257 ἄλλων

2093 1311 2200 1386 οὔχ
2227 1294 2390 1381 item"
2417 1307 2543 1370 τοὺς
2575 1309 2672 1370 τῆς
2706 1302 3019 1374 ἐκκλησίας,
3075 1300 3202 1375 παρ’
3253 1297 3376 1352 ὅσον
3409 1294 3498 1350 καὶ
3530 1294 3738 1366 ἀνάγκη

2092 1398 2409 1477 προϐαίνειν
2456 1397 2683 1460 τούτους
2736 1396 2815 1465 τῷ
2874 1393 3029 1468 λόγῳ
3083 1395 3201 1452 ταῖς
3262 1384 3739 1477 ἐκκλησιαστικαίς

2094 1471 2308 1569 χρείαις
2347 1491 2421 1552 ὡς
2481 1487 2718 1562 μάλιστα
2775 1481 3267 1560 χρησιμεύσοντας.
3333 1475 3598 1533 Κατάνευε
3624 1471 3740 1526 τοί-

2094 1604 2180 1637 νυν
2243 1583 2378 1654 ἡμῖν
2439 1578 2674 1649 ἀξιοῦσιν
2728 1575 2802 1637 ὡς
2865 1572 2995 1646 ὑπὲρ
3073 1576 3173 1638 τῆς
3229 1565 3556 1636 Ἐκκλησίας
3613 1581 3742 1636 πρε-

2097 1647 2494 1741 σϐεύουσακαί
2545 1663 2881 1739 ἐξευμενίζου
2940 1664 3018 1732 τῷ
3075 1651 3405 1726 Ὀλοῦώλῳ,
3455 1651 3545 1706 καὶ
3579 1647 3744 1741 δεχο-

2101 1782 2194 1834 μαι
2226 1763 2417 1814 τοῦτον
2463 1754 2718 1812 καὶκατὰ
2759 1754 2822 1807 τὸ
2867 1751 3008 1811 εἰκὸς
3043 1753 3266 1822 τιμῆσαι
3316 1741 3405 1798 καὶ
3459 1741 3534 1801 εἷς
3595 1735 3745 1792 διδα-

1846 1877 1980 1933 εύων
2029 1848 2302 1937 Βσκαλον
2357 1853 2687 1916 καταστῆσαι
2746 1847 2861 1904 τοῖς
2933 1839 3306 1916 προσφοιτῶσι
3362 1838 3461 1901 τῆς
3519 1829 3750 1936 λογικῆς

2101 1937 2455 2000 παιδεύσεως.
2489 1961 2516 1990 ››
2578 1935 2678 1992 Καὶ
2737 1937 2908 1988 ταῦτα
2951 1929 3044 2004 μὲν
3071 1928 3165 1981 τὸν
3212 1923 3561 1999 πατριάρχην
3609 1918 3750 1972 ἐκεῖ-

2101 2051 2192 2086 νον
2250 2029 2443 2096 εἴπεῖν,
2492 2026 2581 2082 καὶ
2610 2025 2834 2085 ἐπόντος
2892 2018 3044 2084 εὐθὺς
3070 2019 3390 2072 κατανεῦσαι
3440 2010 3530 2066 τὸν
3595 2010 3751 2084 βασι-

2103 2118 2204 2174 λὲα
2259 2118 2350 2174 καὶ
2404 2119 2475 2189 τῇ
2533 2115 2748 2186 ἀξιώσει
2810 2109 3206 2166 καθυποκλῖναι
3243 2147 3254 2160 .
3316 2104 3417 2159 Ἢν
3472 2099 3574 2176 γὰρ
3632 2100 3751 2189 ταίς

2109 2209 2393 2280 ἀληθείαις
2451 2206 2698 2266 κάκεῖνος
2731 2201 2869 2278 πρὸς
2927 2200 2994 2253 τὰ
3048 2194 3260 2251 παλαιά
3286 2198 3384 2260 τῆς
3413 2184 3752 2246 Κωνσταντί-

2103 2321 2199 2355 νου
2255 2296 2741 2370 παρακνιζόμενος,
2795 2292 2867 2352 ὡς
2919 2291 3246 2355 καταστῆσαι
3311 2280 3403 2354 μὲν
3461 2277 3702 2370 κλήρους
3739 2317 3754 2344 ,

2103 2383 2194 2443 ἕνα
2229 2386 2324 2460 μὶν
2357 2385 2444 2440 ἐπὶ
2473 2388 2552 2457 τῷ
2582 2380 2917 2458 περιωνῦμῳ
2946 2381 3054 2432 τῶν
3088 2369 3410 2429 ἀποστόλων
3439 2371 3572 2460 ναῷ,
3602 2366 3751 2460 Osi-1.5-

2106 2499 2200 2555 ρον
2230 2454 2292 2532 ’δὲ
2321 2475 2410 2532 ἐπὶ
2436 2454 2535 2547 τῷ-
2561 2454 2668 2529 τῶν
2713 2469 3069 2544 Βλαχερνῶν,
3128 2463 3218 2519 καὶ
3277 2456 3627 2534 ὕμνοπόλους
3660 2454 3751 2530 ἐρ-

2103 2695 2264 2751 landi
2294 2695 2424 2766 ejus
2454 2693 2649 2746 intam
2665 2677 3599 2766 acerbacalamitate.Moliendum
3620 2691 3752 2747 ergo

2104 2785 2218 2840 sibi
2249 2765 2475 2856 putavit
2505 2789 2570 2836 ut
2601 2796 2734 2834 cum
2767 2779 2922 2833 bona
2937 2774 3125 2848 gratia
3145 2765 3752 2856 imperatoris,illume

2107 2854 2481 2928 monasterio.
2514 2867 2895 2924 Praecursoris
2918 2867 3196 2921 eductum
3215 2856 3471 2915 ecclesia:
3489 2854 3747 2926 applica-

2105 2963 2420 3034 ret,ibique
2451 2959 2663 3016 scholae
2693 2955 3100 3013 ecclesiasticis
3134 2944 3751 3022 praeficeret,erudien-

2106 3054 2212 3109 dos
2244 3052 2356 3122 ipsi
2389 3051 2766 3107 committens
2788 3049 3038 3117 juvenes
3070 3041 3334 3098 clericos.
3372 3039 3552 3108 quue
3577 3051 3756 3107 uego-

2105 3148 2254 3198 tium
2289 3143 2518 3197 cunctis
2551 3136 3016 3212 praevertendum
3043 3137 3228 3199 ratus,
3262 3125 3568 3184 confestim
3610 3123 3755 3179 adiit

2106 3232 2542 3303 imperatorem,
2576 3245 2711 3284 cum
2743 3221 3106 3297 eoque,nibil
3139 3237 3255 3275 non
3285 3215 3566 3274 adhibens
3596 3212 3751 3284 quod

343 3326 670 3393 peratorem
699 3320 940 3376 infamia
973 3320 1089 3376 late
1142 3327 1418 3376 manante
1469 3303 1799 3394 dissipatae,
1840 3322 1999 3378 velut
2029 3339 2071 3405 ρ
2109 3321 2299 3376 velere
2328 3321 2400 3374 ad
2432 3317 2872 3390 impetrandum
2921 3312 3310 3405 arbitraretur
3351 3321 3541 3405 posse,
3593 3303 3754 3356 hunc

347 3411 661 3466 innuentes
691 3410 982 3466 familiare
1012 3411 1069 3465 id
1103 3410 1188 3464 illi
1220 3416 1278 3466 et
1307 3412 1479 3466 domo
1511 3412 1753 3468 allatum
1804 3413 1998 3468 inesse

345 3499 790 3572 vitium,utpote
819 3500 1046 3555 homini
1080 3501 1180 3572 qui
1214 3517 1351 3556 suos
1380 3503 1633 3571 majores
1658 3519 1728 3557 ex
1757 3519 1824 3558 ea
1857 3504 2000 3558 urbe

363 3589 645 3645 oriundos
673 3588 977 3654 fateretur,
1011 3606 1186 3660 quam
1222 3606 1427 3644 omnes
1460 3591 1680 3646 scirent
1708 3607 1834 3646 esse
1865 3591 1998 3647 Per-

353 3679 559 3734 sicam.
591 3679 816 3732 Tamen
840 3677 890 3733 is
908 3677 1009 3748 qui
1033 3678 1103 3733 ad
1127 3679 1374 3734 multam
1399 3682 1627 3734 aetatem
1673 3680 1884 3736 veteris
1906 3698 1999 3735 ec-

348 3766 692 3823 clesiasticis
707 3766 1055 3822 eruditionis
1071 3766 1328 3839 plurima
1341 3784 1394 3821 m
1411 3768 1781 3838 adjunxisset
1801 3786 2000 3824 exem-

348 3855 444 3928 plo
475 3860 533 3911 et
565 3855 911 3911 auctoritate
940 3857 1212 3911 Germani
1238 3855 1480 3912 alterius
1498 3856 1610 3912 sibi
1631 3845 2000 3930 cognominis

351 3943 827 4016 patriarchae,qui
858 3949 1098 4000 Patrum
1133 3945 1416 4001 memoria
1444 3945 1820 4002 laudabiliter
1840 3963 2000 4003 eam-

349 4034 484 4090 dem
518 4033 841 4089 Ecclesiam
880 4033 1150 4100 rexisset,
1213 4034 1399 4089 multa
1445 4052 1513 4090 ex
1564 4035 1693 4105 ejus
1740 4041 2002 4108 tempore

348 4125 409 4178 in
468 4123 733 4178 deterius
791 4140 894 4193 per
936 4122 1230 4179 incuriam
1292 4123 1566 4196 prolapsa
1624 4125 1694 4180 ad
1745 4132 1998 4182 veterem

350 4219 736 4285 exactamque
768 4229 1038 4269 revocare
1089 4213 1462 4285 disciplinam
1525 4215 1871 4288 castigando
1915 4221 2003 4272 est

350 4319 690 4375 aggressus.
743 4318 810 4358 eo
859 4317 1138 4358 successu
1192 4308 1257 4359 ut
1287 4320 1403 4359 non
1437 4320 1624 4375 pauca
1677 4306 1737 4360 in
1789 4305 2002 4362 melius

353 4390 704 4448 restitueret.

353 4507 438 4561 14.
491 4506 554 4563 Ut
622 4503 957 4562 Holobolum
978 4506 1297 4576 patnarcha
1337 4505 1636 4564 Germanus
1665 4511 2004 4566 translatum

424 4579 489 4633 in
517 4578 615 4660 Dei
667 4578 957 4660 ecclesiam
999 4578 1181 4656 o/ﬁct'o
1237 4579 1480 4636 rhetoris
1540 4582 1894 4638 honoraverit
1948 4593 2006 4639 et

422 4656 752 4718 magistrum
780 4656 1149 4705 constituerit.

427 4746 490 4802 In
519 4747 614 4803 his
647 4745 903 4818 palmare
937 4746 1047 4800 fuit
1075 4747 1228 4816 quod
1256 4765 1363 4804 suo
1387 4749 1711 4821 ingenti,de
1727 4769 1843 4822 quo
1861 4752 2002 4822 dixi,

355 4842 412 4894 et
426 4837 899 4911 cognoscendaru
911 4855 965 4892 m
984 4842 1038 4893 ct
1056 4841 1586 4909 promovendarum
1602 4842 2004 4899 doctrinarum

355 4927 692 4999 obsequens
723 4925 946 4993 studio,
978 4926 1320 4998 complexus
1351 4935 1440 4984 est
1471 4932 1665 4986 favore
1695 4947 1762 4986 ac
1803 4938 2005 5003 patro-

357 5018 510 5074 cinio
540 5014 890 5073 Holobolum
916 5015 1134 5088 ingenii
1154 5020 1491 5089 praestantis
1511 5020 1813 5076 hominem
1835 5027 1892 5078 et
1909 5023 2006 5078 lit-

354 5112 613 5163 terarum
668 5104 822 5161 283
879 5103 1168 5175 plenum;
1227 5107 1299 5160 de
1351 5124 1466 5178 quo
1526 5126 1658 5164 cum
1714 5110 2009 5180 judicaret

353 5195 635 5251 idoneum
696 5210 760 5250 ac
822 5193 1147 5261 sufﬁciens,
1200 5194 1247 5249 si
1301 5198 1701 5266 praeﬁceretur
1756 5200 2003 5269 studiis,

354 5289 818 5343 instrumentum
836 5301 905 5339 eu
919 5301 971 5338 m
992 5285 1111 5339 fore
1126 5286 1506 5356 provehendw
1521 5291 1592 5344 ad
1610 5289 2006 5347 celebritatem

355 5377 704 5432 litteratura:
739 5391 806 5429 ac
838 5374 1188 5445 reponenda:
1221 5375 1281 5430 in
1316 5375 1515 5432 ﬂorem
1548 5379 2005 5450 pristinum,sua

354 5482 494 5521 sane
525 5463 696 5520 illum
729 5461 926 5532 opinio
959 5478 1075 5518 non
1111 5463 1336 5535 fefellit;
1373 5483 1715 5539 quanquam
1747 5469 1818 5523 ad
1851 5468 2010 5524 hunc

360 5554 689 5611 ornandum
723 5568 838 5606 non
871 5549 994 5606 sola
1010 5551 1286 5609 utilitatis
1301 5555 1547 5626 publicas
1574 5556 1796 5612 ratione
1816 5563 2009 5614 motus

359 5647 468 5712 est,
498 5643 596 5698 sed
633 5640 1036 5697 misericordia
1070 5648 1352 5712 praeterea
1406 5644 1601 5701 infesti
1639 5662 1834 5714 casus,
1894 5664 2010 5719 quo

359 5732 459 5789 ille
493 5731 801 5789 infeliciter
818 5730 1074 5788 afﬂictus
1096 5730 1570 5809 fuerat,curaque
1590 5735 1787 5794 debita
1807 5753 2011 5796 conso-

2112 3412 2294 3466 ferme
2325 3409 2383 3464 in
2422 3413 2662 3464 modum
2721 3406 2884 3476 egit:
2943 3427 2964 3453 ι
3016 3398 3348 3471 Acropolita
3388 3399 3445 3450 et
3504 3407 3754 3463 magnus

2107 3502 2402 3573 logotbeta
2433 3500 2716 3570 Georgius
2751 3508 2845 3552 tuo
2877 3495 3121 3554 dudum.
3158 3486 3608 3560 Auguste,jussu
3627 3498 3751 3537 ver-

2107 3597 2275 3646 satus
2299 3591 2355 3645 in
2387 3590 2674 3645 tradentis
2703 3584 3378 3657 disciplinis,postquam
3405 3573 3750 3643 multisjaxn

2107 3679 2280 3736 annis
2309 3679 2610 3734 insudavit
2637 3677 2689 3732 ei
2721 3671 3134 3748 operae,fractis
3157 3669 3393 3724 demum
3415 3663 3638 3719 viribus
3661 3661 3747 3714 fa-

2106 3769 2354 3837 tiscit,et
2377 3773 2441 3823 ut
2469 3768 2520 3822 ei
2553 3765 2795 3822 emerito
2855 3763 2956 3820 alii
2988 3758 3307 3816 succedant
3333 3770 3482 3826 opus
3515 3749 3752 3805 omnino

2107 3865 2208 3914 est.
2244 3859 2305 3912 Id
2329 3873 2462 3912 cum
2497 3855 2816 3911 universim
2843 3850 3173 3925 juventutis
3204 3844 3394 3918 gratia
3416 3858 3509 3896 me
3539 3854 3754 3912 sugge-

2107 3963 2232 4003 rere
2254 3951 2427 4016 teque
2457 3961 2661 3999 curare
2691 3944 2936 4014 dignum
2965 3945 3074 4005 est,
3099 3943 3222 3992 tum
3255 3930 3576 4005 praesertim
3609 3925 3756 3983 mihi

2107 4036 2377 4092 convenit
2405 4033 2820 4090 ecclesiasticis
2844 4035 2900 4086 in
2931 4046 2998 4084 eo
3031 4043 3242 4099 genere
3284 4019 3755 4078 adolescentibus

2108 4117 2619 4197 prospicere,quos
2645 4122 2728 4177 ita
2760 4123 3010 4176 educare
3026 4121 3281 4187 utquam
3307 4109 3603 4183 aptissimi
3626 4124 3752 4162 eva-

2107 4217 2250 4272 dant
2281 4215 2352 4270 ad
2385 4230 2589 4270 omnes
2624 4212 2953 4267 functiones
2985 4205 3210 4263 ordinis
3249 4200 3454 4267 nostri,
3498 4212 3752 4268 quarum

2108 4308 2397 4379 pleraeque
2426 4303 2640 4360 litteris
2666 4307 2723 4359 et
2751 4299 3040 4372 exquisita
3069 4293 3334 4351 doctrina
3358 4289 3647 4360 indigent,
3681 4285 3752 4340 ad

2107 4403 2371 4452 nostram
2405 4396 2461 4450 in
2501 4393 2710 4465 primis
2759 4388 3183 4464 providentiam
3229 4382 3496 4456 pertinet.
3546 4380 3755 4432 Annue

2105 4488 2290 4560 igitur
2319 4487 2622 4542 orantibus
2655 4484 2826 4540 nobis
2854 4488 2913 4538 et
2937 4473 3503 4538 universaEcclesizs
3518 4469 3755 4526 nomine

2109 4575 2444 4647 petentibus
2460 4575 2686 4629 veniam
2703 4573 3070 4645 gratiamque
3081 4584 3220 4641 erga
3233 4563 3582 4622 Holobolum
3597 4565 3754 4647 tuam

2119 4645 2466 4736 permittens
2501 4670 2565 4718 ut
2587 4664 2905 4717 tranl'eram
2939 4659 3100 4714 illum
3133 4649 3612 4727 accipiamquein
3643 4645 3759 4703 col-

2117 4753 2335 4823 legium
2363 4751 2499 4806 cleri
2521 4751 2925 4807 nostrietcum
2944 4748 3138 4804 debito
3160 4745 3378 4800 honore
3403 4739 3756 4810 magistrum

2118 4842 2431 4914 praeﬁciam
2465 4846 2673 4898 (10$th
2699 4838 3020 4912 juventuti,
3052 4833 3386 4906 disciplinis
3416 4826 3760 4884 liberalibus

2117 4932 2176 4986 in
2208 4933 2344 4987 ludo
2375 4933 2656 4988 litterario
2686 4945 2920 5002 operam
2951 4928 3194 4984 daturas.
3231 4946 3259 4973 »
3290 4927 3421 4977 Haec
3446 4918 3643 4974 locuto
3665 4933 3762 4988 pa-

2116 5021 2385 5077 triarchae
2415 5021 2706 5077 concessit
2734 5019 2934 5075 statim
2968 5015 3186 5089 prolixe
3217 5013 3369 5085 quod
3393 5008 3622 5066 volebat
3649 5007 3761 5062 im-

2117 5119 2369 5183 perator;
2401 5119 2525 5167 erat
2553 5111 2707 5168 enim
2737 5115 2794 5164 et
2823 5110 2948 5180 ipse
2973 5106 3201 5178 proprio
3223 5104 3392 5176 genio
3417 5117 3532 5156 non
3554 5114 3762 5170 parum

2116 5200 2439 5255 inclinatus
2470 5203 2539 5256 ad
2577 5201 2964 5256 revocandum
2990 5197 3050 5252 in
3072 5194 3233 5250 omni
3252 5192 3446 5264 gloriae
3472 5193 3635 5261 parte
3657 5203 3764 5242 an-

2119 5290 2347 5358 tiquum
2381 5290 2536 5346 284
2559 5287 2930 5343 sulendorem
2963 5285 3149 5351 urbis;
3185 5299 3361 5352 quam
3395 5281 3466 5336 ad
3496 5295 3617 5334 rem
3651 5277 3764 5330 duo

2118 5379 2255 5434 cieri
2271 5395 2515 5449 corpora
2537 5377 3129 5439 constituerat,unum
3153 5373 3448 5430 collocans
3475 5370 3531 5424 in
3555 5365 3768 5422 celebri

2119 5467 2516 5540 apostolorum
2553 5466 3051 5537 templo,alterunt
3084 5465 3144 5519 in
3165 5463 3379 5533 templo
3412 5457 3768 5514 Blacherna-

2119 5558 2896 5629 rum,cantoresqueannuis
2923 5555 3236 5628 stipendiis
3269 5551 3498 5621 utrique
3530 5545 3769 5602 addide-

2121 5652 2211 5704 rat
2239 5664 2308 5703 ex
2340 5647 2742 5703 sacerdotibus
2774 5645 2957 5703 urbis.
3017 5650 3297 5700 Praeterea
3325 5638 3480 5712 apud
3539 5649 3770 5690 sacram

2121 5739 2304 5795 isdem
2320 5737 2519 5812 magni
2533 5735 2698 5796 Pauli
2710 5737 2771 5796 in
2785 5735 3047 5808 antiquis
3061 5724 3578 5806 orphanotrophiis
3589 5739 3776 5796 gram-
