4112 6442
377 404 488 460 733

1450 411 1541 463 DE
1578 408 1949 466 MICUAELE
1984 411 2430 469 ΡΔωζοιοθο
2466 416 2603 470 LIB.
2644 416 2741 470 IV.

3693 413 3801 471 734

381 528 610 603 ἐρωτᾷν,
670 527 768 585 κᾶν
826 531 870 585 εἷ
902 530 1217 609 ὁμολογοίη
1249 530 1286 601 ἢ
1316 532 1407 587 καὶ
1464 532 1540 605 μὴ
1574 533 1871 608 ὁμολογῶν
1902 531 2030 589 ἀλί-
2060 536 2109 602 Α
2142 554 2252 597 νος.
2314 538 2576 610 Ῑίέμπτην
2636 538 2729 611 μὲν
2790 539 2914 595 τότε
2948 538 3039 595 καὶ
3076 538 3326 607 εἰκοστὴν
3359 540 3503 614 εἶχεν
3537 539 3565 593 6
3612 539 3799 595 Ἀνθε-

386 639 595 687 σκοιτο,
649 618 945 698 ἐπιφέρειν,
1012 622 1105 691 τὴν
1166 619 1344 692 δίκην,
1380 620 1427 676 εἷ’
1458 619 1503 675 δ’
1557 623 1670 689 οὖν,
1703 622 1793 677 καὶ
1825 620 2042 686 ἐσαῦθις

384 708 729 779 σκέπτεσθαι,
787 711 814 763 ὁ
863 709 1120 785 βασιλεὺς
1179 712 1400 766 αὐτόθεν
1456 710 1614 781 ἠξίου
1647 709 2038 786 σχεδιασοῆναι

381 798 475 852 τὸν
530 805 632 867 τῆς
690 796 919 853 συνόδου
978 800 1305 876 ἀφορισμὸν,
1362 800 1453 856 καί
1486 800 1660 856 οὕτως
1704 802 2043 865 ἀπελθόντας

386 886 477 948 οὓς
510 887 568 941 ἃν
624 887 712 942 καὶ
767 890 975 959 τάξοιεν
1006 886 1237 965 ἔρεσθαι,
1286 890 1377 945 καὶ
1432 890 1480 945 εἷ’
1536 890 1866 967 ὁμολογοίη,
1924 893 2041 947 έπε-

382 976 646 1052 νηνέχθαι
677 978 739 1032 τὸ
772 978 1075 1052 πρόστιμον
1110 977 1316 1033 δίκαιον
1373 980 1430 1033 ’ὸν
1494 980 1623 1055 ὑπὲρ
1661 980 1931 1054 βασιλέως
1960 986 2040 1052 τῷ

382 1066 519 1120 κατᾶ
580 1066 851 1142 βασιλέως
880 1074 998 1130 τοῖς
1048 1068 1468 1142 ἐπιθησομένοις
1502 1072 1930 1145 συμπράττοντι,
1992 1071 2035 1125 εἰ

383 1154 429 1210 δ’
488 1157 601 1222 οὖν,
633 1156 722 1211 καὶ
758 1158 833 1229 μὴ
869 1156 1305 1232 ὁμολογοῦντος,
1335 1159 1425 1213 τὸν
1462 1157 1659 1233 δεσμὸν
1707 1165 1914 1223 κεῖσθαι
1947 1160 2036 1215 καὶ

382 1244 780 1320 ἒπαναρτᾶσθαί
811 1248 863 1301 οἱ
893 1250 1029 1322 πρὸς
1062 1247 1091 1303 ὅ
1142 1269 1193 1301 τι
1253 1249 1344 1303 καὶ
1402 1246 1617 1303 σύνοιδε
1648 1249 1772 1324 περὶ
1802 1249 2034 1321 τούτων,

382 1335 520 1391 ὥσνε
576 1334 853 1411 ἐνέχεσθαι
907 1337 1026 1409 μέν,
1079 1336 1128 1391 εἲ
1159 1337 1298 1401 τέως
1349 1337 1632 1393 ἁλίσκοιτο
1688 1344 2032 1414 κακουργῶν,

381 1424 430 1481 ei
461 1423 508 1479 δ’
539 1424 651 1494 οὖν,
685 1425 970 1502 ἐλεύθερον
1003 1428 1134 1481 εἶναι
1164 1432 1261 1482 τοῦ
1295 1428 1494 1503 βάρους
1543 1429 1617 1491 ὡς
1667 1426 1865 1491 ἀδίκως
1919 1427 2034 1483 δια-

380 1509 748 1588 ϐαλλόμενον.
778 1520 957 1571 Ταῦτα
1003 1521 1100 1571 τοῦ
1160 1515 1432 1591 βασιλέως
1483 1520 2034 1591 προσαπαιτήσαντος

379 1602 471 1659 καὶ
501 1605 537 1673 ἡ
564 1608 671 1658 τῶν
704 1603 1006 1682 ἀρχιερέων
1035 1603 1254 1677 πληθὺς
1286 1608 1691 1681 συγκατένευον.

387 1759 470 1822 ις’.
499 1759 689 1822 ιὈπως
720 1759 748 1850 6
775 1759 1109 1848 συγγραφεὺς
1140 1759 1231 1814 σὺν
1388 1761 1845 1851 ἆρχιερεῦσινιξίς
1888 1761 2028 1815 ἐκεῖ·

558 1852 644 1885 νον
685 1828 1112 1905 πέμπεται,’καὶ
1154 1832 1277 1908 περὶ
1304 1828 1382 1887 ’ὧν
1416 1828 1602 1895 αὐτοῖς
1628 1828 1848 1904 συνέϐη.
1883 1858 1888 1864 ·

454 1964 557 2021 Καὶ
617 1961 684 2034 δὴ
745 1963 1087 2041 σχεδιάζεται
1154 1967 1247 2039 μὲν
1300 1967 1362 2021 τὸ
1419 1973 1519 2035 τῆς
1585 1964 1741 2037 δίκης
1770 1967 2025 2041 γράμμα,

379 2051 696 2127 ἐκλέγονται
738 2052 797 2109 δὲ
823 2057 923 2124 τήν
980 2055 1245 2131 ταχίστην
1276 2054 1336 2110 ἐκ
1369 2056 1463 2129 μὲν
1492 2060 1637 2133 σφῶν
1680 2055 1855 2111 αὐτῶν
1910 2053 2028 2125 δύο,

380 2142 408 2196 ’ὀ
438 2163 496 2197 τε
526 2144 946 2219 Νεοκαισαρείας
980 2146 1549 2218 Μονοκωνστάντινος,
1601 2143 1761 2222 φίλος
1820 2141 1891 2198 ὥν
1941 2145 2031 2198 καὶ

381 2230 599 2304 μᾶλλον
650 2232 860 2306 ἐκείνῳ,
920 2233 1008 2288 καὶ
1065 2236 1093 2289 ὁ
1153 2236 1488 2305 Μωκησσοῦ,
1536 2231 1881 2310 προεδρεύων
1910 2231 2032 2288 τότε

373 2326 475 2388 τῆς
522 2322 852 2394 Ἐκκλησίας
896 2326 1304 2400 Ηροικοννήσου
1333 2322 1664 2400 κατὰλόγον
1716 2320 2029 2393 ἐπιδόσεως,

373 2413 434 2467 ἐκ
463 2410 520 2468 δέ
547 2434 610 2488 γε
636 2418 744 2468 τῶν
798 2412 1079 2488 κληρικῶν
1120 2415 1147 2468 ὁ
1176 2416 1238 2469 τὸ
1267 2412 1525 2485 τηνικάδε
1555 2413 1643 2469 ἐπὶ
1687 2418 1794 2469 τῶν
1857 2414 2034 2489 οεκρέ-

369 2524 479 2560 των
514 2501 782 2579 Γαληνὸς,
832 2506 918 2560 καὶ
955 2506 1049 2560 σὺν
1070 2505 1263 2569 αὐτοῖς
1295 2506 1400 2582 ἐγὼ
1457 2504 1736 2582 τέταρτος,
1791 2504 1883 2581 βίᾳ
1935 2505 2027 2578 μὲν

369 2594 738 2670 συνυπαχθεῖς
797 2594 885 2649 καὶ
940 2594 1184 2651 κελεύσει
1262 2594 1523 2671 βασιλικῇ
1559 2641 1573 2667 ,
1626 2596 1764 2659 τέως
1841 2592 1887 2648 δ’
1947 2593 2031 2648 ὅτι

375 2685 503 2756 παρ’
563 2684 765 2741 ἐκεῖνον
826 2684 1068 2760 ἱκοίμην,
1096 2685 1185 2741 καὶ
1214 2686 1278 2741 τὸ
1312 2686 1477 2759 μέρος
1535 2682 2031 2761 προσαποδεχόμε-

384 2908 627 2965 scientia
643 2909 1391 2981 convinceretur,continuo
1404 2909 1714 2967 aﬁceretur
1729 2908 2035 2982 condignis

390 2999 598 3068 poenis:
651 2999 699 3054 si
714 3015 852 3056 vero
866 3016 971 3055 nec
987 3000 1220 3070 propria
1243 3001 1609 3057 confessione
1626 3017 1729 3056 nec
1743 3000 2036 3056 sufficien-

391 3087 548 3144 tibus
560 3088 628 3142 ad
646 3087 877 3159 plenam
897 3089 1299 3161 probationem
1317 3091 1684 3161 argumentis
1704 3107 1837 3146 reus
1850 3090 2030 3145 scele-

382 3177 462 3231 ris
485 3176 660 3233 delati
694 3178 891 3249 peragi
927 3186 1145 3249 posset,
1199 3178 1656 3236 deliberaturam
1716 3180 1926 3235 iterum
1959 3180 2030 3234 de

376 3282 554 3321 causa
584 3268 897 3338 synodum.
925 3269 1039 3323 Hoc
1054 3268 1199 3324 satis
1220 3269 1559 3341 imperatori
1583 3286 1698 3324 non
1722 3276 1813 3326 est
1832 3269 2024 3324 visum

2151 626 2412 698 στηριὼν,
2471 628 2559 681 καὶ
2612 629 2778 701 ἡμεῖς
2807 636 2907 699 τῆς
2937 630 3069 700 νηὸς
3120 626 3422 696 ἐπιϐάντες,
3485 625 3632 682 δυσὶν
3664 628 3798 701 ἡμέ-

2147 734 2265 787 ραις
2319 714 2538 791 ὕστερον
2600 720 2975 794 προσσχόντες
3035 723 3102 793 τῇ
3150 721 3303 791 νήσῳ
3348 723 3426 789 τῷ
3477 716 3795 793 πατριάρχῒλ

2145 803 2553 879 ἐμφανιζόμεθα
2591 850 2604 874 ,
2668 807 2759 862 καὶ
2836 809 2959 883 περὶ
3027 813 3134 864 τῶν
3223 808 3599 883 προκειμένων
3660 807 3796 881 πρὸς

2145 892 2346 948 ἐκεῖνον
2379 895 2618 968 γίνονται
2652 895 2833 972 λόγοι.
2895 900 2951 951 '0
2983 895 3040 954 δὲ
3086 898 3337 975 ἠγρίαινέ
3382 920 3440 952 τε
3492 897 3798 971 παραυτίκα

2151 980 2291 1055 μηδὲ
2341 984 2439 1052 τὴν
2500 985 2677 1060 ἀρχὴν
2712 986 2963 1062 ἐνεγκὼν,
3008 989 3096 1042 καὶ
3133 1013 3159 1039 ‹‹
3216 986 3276 1041 Τί
3317 1009 3409 1060 μοι
3461 986 3623 1041 κακὸν
3659 985 3794 1059 πρὸς

2146 1073 2237 1127 τὸν
2298 1072 2523 1140 βασιλέα
2556 1077 2883 1151 πέπρακται,
2914 1080 2995 1150 [Ρ.
3031 1080 3153 1150 194]
3219 1078 3334 1150 μετ’
3383 1073 3582 1145 ὅδύνης
3629 1072 3795 1129 πλεί-

2146 1182 2277 1231 στης
2309 1163 2397 1216 καὶ
2431 1172 2674 1239 συνοχῆς
2724 1164 2927 1241 ἔλεγεν,
2961 1156 3071 1221 ((ἐῖ
3103 1166 3266 1220 αὐτὸν
3324 1167 3418 1239 μὲν
3480 1164 3584 1239 ἐγὼ
3640 1160 3795 1217 ἴδιώ-

2142 1272 2240 1321 την
2301 1246 2428 1306 ὄντα
2473 1259 2571 1321 τῆς
2633 1254 2913 1328 βασιλείας
2972 1251 3211 1325 έπέϐησα
3246 1299 3259 1323 ,
3330 1254 3428 1326 ἐμὲ
3494 1250 3539 1306 δ’
3591 1251 3795 1312 ἐκεῖνος

2144 1342 2489 1417 πατριάρχην
2542 1343 2711 1418 εὑρὼν
2773 1343 2833 1398 οὐ
2881 1343 3076 1406 καλαῖς
3140 1344 3337 1405 αἰτίαις
3368 1341 3649 1415 ἡτίμωσι;
3707 1339 3796 1395 καὶ

2141 1436 2233 1485 νῦν
2290 1452 2349 1505 γε
2404 1431 2649 1503 κάθημαι
2710 1431 2793 1487 ἐπ’
2860 1432 3159 1509 ἀκρωρείας
3212 1431 3477 1503 -ταυτησὶν
3536 1429 3663 1485 ὡσεί
3715 1449 3798 1490 τις

2143 1519 2409 1593 ἀτίμητος
2490 1522 2874 1594 μετανάστης,
2957 1524 3048 1577 τὸν
3106 1523 3251 1596 παρᾶ
3296 1527 3403 1576 τῶν
3463 1523 3795 1595 Χριστιανῶν

2140 1612 2258 1665 καθ’
2315 1609 2541 1682 ἑκάστην
2604 1610 3039 1688 ἐπεκδεχόμενος
3101 1609 3275 1668 ἔλεον.
3335 1613 3529 1683 Ὅμως
3561 1607 3705 1664 καλὰ
3734 1607 3799 1662 τὰ

2142 1695 2442 1774 συμϐάντα,
2474 1699 2619 1756 καλά
2647 1707 2835 1775 ταῦτα,
2869 1701 2959 1757 καὶ
2992 1703 3019 1756 6
3080 1700 3433 1779 πατριάρχης
3490 1700 3655 1754 αὐτοῦ
3712 1698 3798 1753 εὐ-

2142 1788 2373 1865 λογείτω
2434 1789 2526 1845 σὺν
2581 1794 2649 1865 τῇ
2720 1790 2963 1867 Εὐλογίᾳ
3017 1792 3250 1864 τάκείνῳ
3306 1788 3660 1863 πραττόμενα
3696 1831 3707 1843 .
3770 1811 3796 1838 ››

2063 1909 2108 1974 Β
2140 1867 2381 1974 ίΕδήλου
2440 1878 2487 1935 δ’
2536 1883 2563 1936 δ
2597 1879 2766 1956 λόγος
2796 1883 2895 1952 τὴν
2929 1878 3271 1959 αὖταδέλφην
3301 1901 3399 1935 τσυ
3437 1876 3798 1974 ﬂammma-ii

2261 1970 2443 2033 κακῶς
2498 1971 2639 2045 εἶχεν
2702 1970 2906 2033 ἐκεῖνος
2966 1972 3041 2035 ὡς
3090 1972 3157 2025 τὰ
3214 1970 3350 2025 κατὰ
3432 1972 3529 2023 τοῦ
3604 1963 3797 2028 παιδὸς

2138 2043 2398 2115 Ἰωάννου
2459 2043 2917 2135 συμϐουλευσάσῃ
2976 2066 3054 2133 τῷ
3116 2060 3365 2135 βασιλεῖ.
3424 2060 3513 2121 Ὠς
3572 2055 3616 2112 δ’
3672 2057 3798 2111 ἆνε-

2141 2147 2407 2203 πτύσσετο
2482 2150 2571 2203 καὶ
2656 2149 2718 2202 τὸ
2803 2150 3035 2225 γράμμα
3121 2146 3793 2224 ὑπαναγνωσθησόμενον,

2143 2235 2345 2298 ἐκεῖνος
2397 2235 2557 2311 γνοὺς
2609 2230 2835 2301 ἔκποθεν
2893 2239 2954 2291 τὸ
2986 2238 3098 2292 ὲκεῖ
3126 2230 3492 2314 ἐμφερόμενον
3526 2233 3697 2295 ποκὺς
3728 2236 3794 2301 ἦν

2142 2320 2465 2380 ἀντιϐαίνων
2518 2326 2609 2381 καὶ
2664 2327 2935 2381 ἀνεισπῶν
3007 2326 3082 2394 μή
3156 2324 3369 2380 ἀκούειν
3432 2323 3580 2385 ὅλως
3617 2369 3630 2390 ,
3703 2322 3791 2377 καὶ

2141 2417 2565 2491 προσαπεχώρει
2622 2415 2837 2493 ταχέως
2916 2415 3504 2491 ὑπαναγινωσκομένου
3581 2412 3656 2476 ὡς
3714 2412 3789 2485 μὴ

2142 2505 2408 2560 ἀκούσειε.
2480 2504 2749 2561 Κάκείνων
2810 2499 3434 2577 ἐπικαταλαμϐανόντων
3491 2498 3791 2579 ἀποδιδρά-

2142 2615 2335 2649 σκοντα
2385 2594 2531 2669 παρὰ
2603 2595 2665 2649 τὸ
2742 2596 2978 2663 καθῆκον
3036 2592 3387 2667 κινουμένοις
3453 2591 3543 2646 καὶ
3597 2590 3792 2667 ταχέσι

2140 2682 2322 2756 ποσὶν,
2378 2679 2569 2739 ἐπέϐυε
2624 2683 2692 2739 τὰ
2747 2684 2862 2739 ὦτα
2906 2688 3022 2746 τοῖς
3081 2682 3532 2759 παρηρτημένοις
3559 2686 3659 2751 τῆς
3687 2699 3785 2734 κα-

2144 2906 2483 2964 solventem:
2516 2907 2696 2963 biduo
2729 2911 2860 2978 post
2890 2908 2962 2963 ad
2994 2906 3254 2963 insulam
3287 2904 3519 2979 appulsi
3551 2903 3796 2978 patriar-

2143 2997 2315 3052 cham
2346 2996 2617 3063 adiimus,
2654 3001 2711 3052 et
2743 2996 2892 3053 287
2928 3013 3181 3068 quorum
3223 3014 3405 3052 causa
3450 2994 3790 3051 venerimus

2142 3102 2314 3158 agere
2343 3103 2479 3141 cum
2509 3103 2575 3141 eo
2608 3087 2916 3157 ccepimus.
2943 3087 3021 3140 Ad
3049 3086 3303 3157 primam
3327 3085 3409 3140 rei
3436 3083 3791 3140 mentionem

2142 3174 2241 3230 ille
2261 3175 2637 3231 vehementer
2652 3176 3027 3231 exacerbatus
3049 3192 3120 3230 ne
3140 3176 3347 3230 audire
3372 3174 3610 3246 quidem
3636 3173 3793 3230 ulte-

2139 3265 2263 3320 rius
2294 3264 2601 3331 sustinuit,
2635 3265 2737 3319 sed
2759 3281 2894 3320 cum
2920 3264 3209 3320 imnienso
3224 3265 3421 3320 dolore
3437 3268 3495 3319 et
3517 3264 3792 3337 angustia

375 3355 478 3411 sed
514 3355 684 3427 petiit
706 3356 834 3425 jam
876 3373 1033 3411 nunc
1084 3356 1351 3413 absolute
1407 3358 2031 3414 excommunicationis
2062 3354 2105 3421 C
2142 3353 2198 3408 in
2220 3353 2325 3409 has
2352 3353 3097 3426 querimoniasprorupitzu
3119 3353 3265 3419 Quid
3291 3352 3794 3424 imperatorimale

375 3444 731 3500 sententiam
746 3444 805 3500 in
820 3445 1133 3501 Arsenium
1156 3463 1189 3501 a
1203 3448 1422 3518 synodo
1436 3447 1546 3503 rite
1570 3448 1703 3504 ferri
1720 3464 1816 3503 reo
1839 3463 2032 3503 coram

377 3533 771 3589 intimandam
797 3551 830 3589 a
851 3534 1160 3590 mittendis
1179 3536 1485 3607 adipsum;
1510 3553 1575 3592 ac
1598 3538 1643 3591 si
1672 3536 1911 3607 quidem
1933 3536 2032 3592 ille

372 3623 657 3678 fateretur
715 3623 929 3693 scelus,
964 3623 1325 3695 supplicium
1366 3626 1418 3680 ei
1452 3625 1650 3680 statim
1694 3626 2028 3690 inferretur,

373 3714 529 3783 quod
566 3712 685 3784 pati
717 3730 951 3785 aequum
973 3718 1064 3769 est
1084 3713 1187 3784 qui
1219 3714 1450 3770 sicariis
1474 3714 1780 3785 parricidis
1811 3716 2027 3770 caedem

370 3803 747 3873 imperatoris
766 3803 1087 3859 machinari
1116 3804 1277 3859 ausis
1298 3804 1621 3860 assenserit
1636 3805 2028 3870 conscius;sin

373 3891 424 3946 is
448 3898 711 3962 negaret,
743 3897 940 3947 tamen
976 3898 1039 3947 ut
1062 3910 1131 3948 ex
1162 3892 1456 3948 delatione
1486 3893 1701 3964 deipso
1723 3910 1755 3948 a
1777 3894 2031 3949 consciis

378 3981 592 4036 moritu
605 3981 683 4037 ris
696 3979 849 4037 clare
863 3982 1014 4037 facta
1030 3981 1160 4053 plus
1176 3982 1356 4038 nimio
1372 3988 1678 4054 suspectus
1692 3999 2033 4038 excommu-

376 4071 659 4127 nicationi
690 4072 1043 4142 subjaceret,
1077 4073 1269 4143 quoad
1295 4078 1397 4127 aut
1416 4072 1583 4144 plene
1605 4074 1908 4128 convictus
1931 4090 2026 4143 pu-

377 4160 626 4227 niretur,
643 4167 747 4215 aut
779 4160 829 4216 si
846 4162 992 4217 forte
1012 4162 1385 4232 contingeret
1398 4160 1758 4217 sufﬁcienter
1772 4162 2031 4233 purgari,

373 4266 526 4305 noxa
552 4249 714 4306 omni
743 4249 1093 4306 liberaretur
1121 4256 1404 4322 tanquam
1438 4251 1654 4320 injuste
1671 4250 2030 4306 calumniam

376 4355 609 4410 passus.
649 4340 789 4394 Eam
826 4338 1162 4411 petitionem
1193 4340 1562 4410 imperatoris
1600 4341 1798 4395 Patres
1826 4341 2033 4411 synodi

374 4428 638 4500 plerique
694 4428 963 4485 arbitrati
1017 4446 1273 4501 aequam,
1332 4434 1396 4484 ut
1455 4429 1538 4484 ita
1594 4430 1762 4485 ﬁeret
1810 4446 2034 4485 annue-

381 4523 543 4574 runt.

370 4678 456 4734 l6.
496 4680 559 4737 Ut
588 4682 778 4735 auctor
828 4678 995 4749 hujus
1044 4678 1288 4734 historiae
1337 4695 1451 4734 una
1496 4696 1621 4735 cum
1668 4682 1932 4751 episcopis
1961 4682 2031 4736 ad

514 4751 807 4807 Arsaniam
836 4753 1036 4806 missus
1081 4752 1173 4819 διν,
1214 4755 1269 4804 et
1298 4750 1430 4823 quid
1470 4750 1540 4805 iis
1569 4750 1886 4820 contigerit.

443 4879 831 4950 Perscriptum
855 4878 1039 4949 igitur
1060 4877 1334 4932 festinato
1358 4877 1787 4933 criminationis
1809 4878 2027 4934 instru-

370 4973 636 5023 mentum
654 4972 765 5034 est,
791 4966 1025 5023 etelecti
1042 4966 1423 5037 celeriterqui
1443 4983 1607 5021 reum
1633 4968 2029 5033 convenirent,

366 5072 398 5111 e
414 5057 687 5111 Patribus
702 5055 941 5127 quidem
968 5054 1106 5123 duo,
1135 5053 1293 5124 prior
1314 5053 1628 5124 episcopus
1647 5058 2029 5108 Neocaesareze

368 5144 983 5210 Monoconstantinus,
1014 5143 1269 5198 multum
1307 5144 1534 5198 amicus
1584 5142 1847 5209 Arsenio,
1882 5142 2030 5197 alter

369 5234 766 5301 Mocessenus,
784 5239 924 5288 tunc
938 5230 1197 5288 ecclesiae
1213 5232 1430 5286 Procon
1442 5232 1565 5286 nesi
1589 5231 1861 5303 specialis
1886 5248 1992 5286 con
2004 5264 2027 5272 -

374 5322 659 5379 cessionis
713 5320 1013 5394 privilegio
1049 5320 1392 5392 presidens,
1422 5336 1453 5375 e
1483 5318 1710 5375 clericis
1746 5337 1902 5385 vero,
1935 5322 2027 5376 cui

366 5420 509 5469 tunc
540 5419 766 5469 secreta
798 5410 1119 5467 commissa
1150 5414 1340 5480 erant,
1369 5408 1645 5478 Galenus,
1678 5415 1736 5465 et
1765 5427 1898 5465 cum
1932 5410 2027 5465 his

365 5519 474 5573 ego
497 5507 769 5572 quartus,
794 5502 850 5555 vi
873 5500 1111 5569 quidem
1133 5500 1194 5554 in
1218 5499 1273 5553 id
1299 5500 1543 5554 adactus
1564 5499 2027 5570 utiquejubente

358 5593 937 5663 imperatore,tamen
961 5590 1117 5662 quod
1148 5588 1314 5643 illum
1333 5587 1425 5643 cui
1450 5588 1761 5643 studebam
1782 5606 2022 5660 quomo-

366 5683 681 5753 docunque
695 5679 949 5735 revisam
968 5679 1135 5748 irem,
1155 5695 1223 5733 ex
1239 5682 1401 5749 parte
1423 5676 2022 5748 perlibenter.Quinta

363 5775 425 5829 et
453 5771 737 5827 vicesima
760 5767 853 5826 die
883 5766 1027 5825 Julii
1061 5767 1278 5825 mensis
1311 5782 1518 5823 navem
1569 5766 2022 5826 conscendimus

2063 4729 2110 4792 D

2144 3443 2281 3498 feci?
2312 3460 2416 3517 ego
2447 3444 2645 3514 ipsum
2666 3461 2735 3499 ex
2757 3445 2981 3515 privato
3003 3445 3060 3499 in
3085 3444 3318 3515 imperii
3350 3443 3566 3499 solium
3589 3442 3791 3512 extuli;

2143 3530 2240 3587 ille
2271 3548 2403 3589 vero
2436 3548 2528 3587 me
2560 3548 2694 3586 cum
2729 3531 3121 3603 patriarcham
3148 3530 3459 3602 reperisset
3477 3548 3595 3585 non
3620 3531 3794 3586 hone-

2144 3619 2250 3675 stis
2282 3637 2351 3675 ex
2369 3621 2566 3676 causis
2597 3619 2818 3676 honore
2849 3620 3114 3691 privavit.
3147 3620 3216 3674 Et
3262 3636 3418 3674 nunc
3448 3618 3687 3674 desideo
3731 3619 3792 3673 in

2144 3712 2421 3781 hocjugo
2448 3712 2663 3767 deserti
2698 3712 2933 3777 montis,
2984 3712 3085 3767 ubi
3128 3711 3288 3767 velut
3337 3709 3573 3766 infamis
3630 3709 3792 3765 exsul

2142 3801 2615 3857 Christianorum
2671 3803 2934 3872 quotidie
2990 3802 3457 3858 misericordiam
3501 3811 3789 3873 exspecto.

2142 3895 2358 3945 Tamen
2418 3892 2563 3946 bene
2623 3891 2841 3946 habent
2899 3908 3031 3961 quas
3088 3892 3485 3963 contigerunt;
3544 3890 3794 3963 pulchra

2144 3980 2287 4048 haec,
2311 3978 2579 4049 inquam,
2615 3994 2715 4049 per
2759 3996 2851 4033 me
2898 3985 3113 4035 sunto:
3167 3996 3313 4035 suus
3362 3978 3413 4034 ei
3464 3978 3794 4050 patriarcha

2142 4072 2289 4125 bene
2320 4074 2608 4139 precetur,
2632 4074 2840 4124 etcum
2866 4068 3269 4124 benedictione
3298 4069 3640 4140 comprobet
3662 4085 3794 4138 quas

2146 4159 2218 4215 ab
2251 4157 2350 4213 illo
2376 4159 2541 4213 tiunt.
2563 4179 2591 4206 »
2611 4158 2674 4212 In
2700 4158 2791 4212 his
2813 4158 3010 4213 Graeco
3032 4157 3454 4213 benedictionis
3482 4157 3789 4225 vocabulo,

2143 4249 2299 4320 quod
2317 4250 2509 4319 ipsum
2546 4264 2756 4302 nomen
2779 4246 3169 4316 eratEulogiae
3187 4245 3793 4317 sororisimperatoris

2143 4338 2246 4393 illa
2277 4338 2407 4408 ipsa
2452 4336 2664 4392 mulier
2711 4337 3150 4407 designabatur,
3182 4335 3278 4391 cui
3335 4339 3460 4391 erat
3512 4335 3792 4391 Arsenius

2142 4426 2512 4499 peculiariter
2542 4427 2833 4496 infensus,
2886 4426 3045 4497 quod
3095 4425 3280 4496 ipsam
3332 4426 3585 4480 maxime
3616 4424 3794 4480 sciret

2141 4516 2325 4573 fuisse
2377 4516 2543 4571 fratri
2595 4522 2890 4571 auctorem
2942 4532 3145 4571 eorum
3206 4530 3335 4586 qua:
3366 4514 3680 4570 crudeliter
3736 4518 3795 4569 et

2142 4606 2321 4677 impie
2352 4605 2411 4660 in
2444 4622 2695 4675 puerum
2724 4609 3013 4660 Joannem
3037 4608 3447 4660 attentaverat.
3483 4602 3555 4659 Ut
3593 4607 3790 4658 autem

2140 4695 2435 4768 explicatae
2467 4695 2670 4751 litterae
2698 4699 2838 4750 sunt
2863 4693 3019 4749 velut
3050 4710 3185 4748 mox
3215 4694 3326 4764 ipsi
3360 4692 3639 4765 legendae,
3679 4693 3793 4746 Ar-

2143 4786 2348 4841 senius
2379 4802 2511 4839 cum
2538 4785 2810 4839 alicunde
2847 4784 3252 4855 praesensisset
3282 4782 3420 4853 quid
3449 4782 3509 4836 in
3533 4782 3605 4837 iis
3636 4786 3791 4837 esset

2142 4876 2451 4947 scriptum,
2485 4874 2812 4930 vehementi
2847 4872 2976 4928 nisu
3011 4888 3139 4927 sese
3171 4876 3559 4940 contorquens
3600 4886 3669 4925 ac
3699 4887 3787 4925 re-

2140 4963 2381 5018 trahens
2412 4962 2773 5018 auditionem
2807 4966 3111 5017 aversatus
3143 4960 3385 5015 omnino
3411 4964 3533 5027 est;
3566 4964 3623 5014 et
3653 4975 3788 5013 cum

2141 5052 2255 5124 legi
2285 5052 2673 5108 nihilominus
2706 5057 2961 5123 cceptum
2994 5054 3149 5106 esset
3179 5049 3486 5105 celerrime
3525 5048 3787 5117 recessit,

2140 5158 2212 5195 ne
2243 5141 2493 5196 audiret.
2524 5142 2634 5194 Sed
2668 5139 2767 5211 qui
2800 5141 3045 5194 aderant
3075 5155 3247 5194 cursu
3279 5138 3531 5193 insecuti
3563 5138 3789 5208 fugien-

2141 5231 2375 5298 tem,vix
2411 5230 2639 5284 tandem
2674 5228 3163 5299 comprehensum
3189 5229 3483 5299 (currebat
3511 5228 3669 5282 enim
3693 5243 3791 5282 ve-

2143 5319 2328 5374 locius
2361 5335 2539 5389 quam
2572 5319 2643 5372 ab
2678 5317 2778 5372 illa
2806 5322 2974 5372 aetate
3006 5317 3408 5388 gravitateque
3462 5315 3791 5388 exspectari

2139 5409 2450 5480 potuisset)
2475 5412 2838 5462 retraxerunt
2863 5406 3289 5462 invitissimum
3317 5409 3390 5461 ad
3408 5405 3794 5462 auscultanda

2137 5515 2264 5569 qua:
2296 5515 2365 5553 ex
2393 5498 2609 5567 scripto
2661 5495 2817 5551 clara
2862 5512 3001 5551 voce
3058 5496 3524 5567 proferebantur.
3574 5498 3646 5550 At
3693 5494 3792 5549 ille

2138 5585 2566 5659 appendicibus
2595 5584 2775 5656 galeri
2806 5587 2875 5640 ad
2904 5602 3076 5641 aures
3106 5587 3312 5641 ambas
3336 5591 3584 5655 utraque
3612 5600 3790 5639 manu

2134 5676 2327 5731 valide
2339 5675 2637 5747 appressis
2656 5691 2867 5730 sonum
2885 5674 3151 5731 lectionis
3168 5676 3379 5729 frustra
3400 5673 3790 5745 pronuntiata:

2135 5782 2252 5824 non
2282 5765 2525 5838 accepit.
2547 5764 2806 5838 Denique
2819 5765 3236 5839 gravissimum
3252 5763 3589 5837 signiﬁcans
3606 5762 3789 5821 animi
