4112 6412
397 407 508 463 735

1714 405 2015 463 GEORGII
2053 406 2518 462 PACHYMERJE

3721 400 3831 457 736

402 529 648 605 λόπτρας
705 527 1032 603 ἑκατέρωθεν
1081 530 1187 582 τῶν
1277 524 1431 582 ὤτων
1489 524 1673 589 ὡτίοις
1709 569 1722 595 ,
1783 527 1858 588 ὡς
1919 524 2136 600 μηδἈ
2170 528 2410 602 νολιμὴν
2471 526 2763 591 ἰδιωτικῶς
2821 527 2872 584 o't
2905 526 3201 605 ἐπιχώριὸι
3252 524 3711 603 παραφθείροντες
3743 522 3831 581 λέ·

400 617 609 675 ἐπαΐειν
695 617 1204 694 ἀναγινωσκομένου
1286 620 1385 671 τοῦ
1473 616 1822 693 γράμματος.
1895 616 2064 678 Τέλος

403 707 752 781 δυσθυμτςσας
800 706 1028 782 οὐρανόν
1087 726 1146 760 τε
1175 705 1265 760 καὶ
1323 704 1426 781 γῆν
1472 706 1877 781 ἐπεμαρτύρετο
1910 707 2065 779 μεγί-

401 818 505 874 σρῃ
538 799 693 874 φωνῇ
748 796 822 850 ὧν
852 793 920 864 δὴ
974 796 1063 850 καὶ
1094 795 1322 870 πάσχοι,
1367 795 1458 849 καὶ
1495 795 1571 869 μή
1599 796 1766 869 μό-ον
1800 798 1885 857 οἷς
1916 795 2065 849 εἶπον

406 887 458 941 οἱ
486 884 833 942 κατειπόντες
864 884 1025 956 ἠξίου
1053 884 1368 959 προσέχειν,
1413 883 1559 939 ἀλλᾶ
1615 884 1703 938 καὶ
1762 883 2064 954 ἀντήκουον

406 975 466 1031 ἂν
499 976 623 1049 παρ’
653 974 818 1028 αὐτοῦ
850 972 999 1047 εἷ’περ
1060 974 1312 1050 ἀνέφερον
1369 970 1517 1035 ὅλως
1577 973 1877 1048 προσηξίου
1935 994 2066 1028 σκο-

404 1069 543 1134 πεῖν,
601 1063 649 1119 εἴ
709 1063 787 1135 μὴ
823 1062 1114 1137 ἐπείχοντο
1156 1059 1455 1137 ἐμϐριθῶς,
1490 1062 1536 1118 εί
1571 1063 1647 1137 μὴ
1679 1064 1768 1118 καὶ
1805 1060 2065 1139 μεγάλως

401 1151 736 1223 ἡπειλοῦντο
818 1150 1144 1221 κολάζεσθαι
1221 1152 1360 1228 πρὸς
1440 1156 1595 1225 Θεοῦ,
1655 1152 2061 1228 ἐπιχειροῦντες

400 1242 571 1305 ὅλως.
630 1241 733 1298 Καὶ
767 1240 841 1302 ὡς
874 1262 898 1295 ι
936 1240 1127 1303 Καλῶς
1158 1239 1242 1314 ἂν,
1278 1264 1305 1292 ››
1333 1237 1538 1317 ἔλεγεν,
1571 1266 1598 1293 ‹‹
1633 1240 2063 1319 ἠρχιερατεόσα-

407 1353 526 1405 μεν,
587 1330 749 1404 φόνον
809 1335 888 1403 τῷ
952 1331 1169 1407 βασιλεῖ
1223 1331 1671 1408 συνυφαίνοντος,
1705 1332 1757 1386 οἳ
1790 1328 1857 1401 δὴ
1889 1331 1979 1386 καὶ
2010 1329 2064 1387 ἐν

403 1420 631 1496 ἐσχατιᾷ
687 1417 856 1494 ταύτῃ
908 1419 1373 1495 παραῤῥιφθέντες
1433 1421 1560 1476 Θεὸν
1616 1420 1692 1482 εἷς
1721 1418 1890 1476 καλὸν
1924 1418 2065 1475 ἐπει-

402 1508 613 1587 λῆφθαι
669 1511 768 1577 τῆς
830 1506 1038 1563 ἐκείνου
1089 1511 1277 1584 ψυχῆς
1333 1508 1672 1584 ἱκετεύομεν,
1714 1507 1811 1564 κᾶν
1860 1509 2063 1567 ἐκεῖνος

403 1597 561 1672 λιμῷ
616 1599 705 1652 καὶ
765 1594 912 1672 δίψει
969 1597 1050 1653 ἐπ’
1110 1598 1342 1673 ἐρημίας
1400 1599 1477 1661 ὠς
1525 1597 1853 1661 καταδίκους
1886 1597 2059 1654 ἀπόλ-

406 1686 554 1743 λυσι.
620 1709 648 1738 ››
699 1688 883 1742 Ταῦτα
912 1687 1002 1742 καὶ
1059 1689 1265 1742 τοιαῦθ’
1296 1686 1450 1764 ἔτερα
1481 1686 1532 1742 ἐν
1567 1687 1727 1762 ὀδύνῃ
1757 1692 1946 1765 ψυχῆς
1971 1688 2061 1744 καὶ

406 1777 601 1850 πικρίᾳ
650 1775 960 1852 ἐξενεγκὼν,
1015 1776 1083 1832 τὰ
1142 1778 1236 1850 μὲν
1296 1777 1444 1850 αὐτῴ
1500 1776 1736 1853 βασιλεῖ,
1791 1780 1858 1832 τὰ
1887 1777 2061 1833 δὲκαὶ

405 1869 485 1937 τῷ
545 1864 598 1926 ἐς
651 1868 745 1920 τὸν
806 1867 996 1942 θρόνον
1055 1866 1375 1922 καταστάντι
1435 1865 1864 1941 προσενειδίσας,
1905 1870 2060 1939 ἢκαί
2098 1907 2138 1970 Β

410 1954 855 2028 ἐποικτισάμενος
916 1955 1149 2031 μᾶλλον,
1210 1957 1547 2029 ἀπέπεμπεν.
1604 1959 1797 2029 Ἡμεῖς
1858 1954 1915 2012 δὲ
1970 1958 2061 2013 καὶ

412 2042 564 2108 αὖθις
619 2051 719 2114 τῆς
780 2043 1116 2117 ἐπελθούσης
1187 2047 1401 2120 ἡμέρας
1472 2046 1887 2121 προσελθόντες,
1969 2047 2058 2102 καὶ

415 2133 540 2187 ὅσον
596 2134 659 2200 ἦν
717 2135 785 2190 τὰ
840 2134 1309 2210 προσανακείμενα
1340 2133 1732 2208 ἐκτελέσαντες,
1764 2137 2064 2214 ἀφωρμοῦ-

419 2243 514 2295 μεν
572 2227 669 2278 τοῦ
726 2222 950 2296 λιμένος
998 2223 1207 2295 αὐτίκα,
1267 2226 1355 2279 καὶ
1411 2229 1511 2280 τοῦ
1574 2226 1770 2302 βορέου
1801 2224 2061 2302 λαμπροῦ

413 2307 836 2375 καταϐαίνοντος
896 2311 984 2367 διὰ
1006 2318 1114 2368 τῶν
1163 2314 1302 2369 κατά
1329 2312 1479 2369 δύσιν
1510 2321 1611 2385 τῆς
1650 2316 1820 2386 νήσου
1885 2320 2063 2391 μερῶν

413 2399 757 2477 ἀνεκτότερον
817 2400 1098 2477 ἡγούμεθα
1153 2401 1339 2458 πλέειν
1395 2404 1890 2478 ἐπισκεπτομένους
1942 2411 2061 2468 τοῖς

413 2486 615 2564 ὄρεσιν.
668 2489 825 2547 Αλλὰ
880 2491 1095 2565 μᾶλλον
1154 2493 1182 2548 ὁ
1239 2490 1458 2548 κλύδων
1526 2494 1781 2569 μέγιστος
1836 2493 2063 2571 ἐπηγεί-

414 2599 559 2655 ρετο,
619 2582 708 2634 καί
767 2576 956 2635 ὤδινεν
1016 2583 1050 2650 ἡ
1098 2579 1339 2636 θάλασσα
1366 2580 1559 2653 πλέον,
1589 2584 1677 2638 καὶ
1708 2587 1787 2656 τῷ
1815 2583 2062 2655 Γαληνο-

412 2667 593 2742 λιμένι
630 2666 793 2743 μόλις
826 2669 1199 2747 προσσχόντες
1249 2672 1353 2742 τήν
1383 2677 1534 2744 ναῦν,
1567 2673 1597 2728 ὃ
1655 2671 1721 2744 δὴ
1753 2672 1845 2728 καὶ
1875 2672 2061 2745 Γαλη-

413 2908 716 2965 angorem,
748 2894 958 2959 cmlum
994 2899 1325 2966 terramque
1376 2913 1514 2954 voce
1575 2896 1828 2953 maxima
1883 2901 2063 2953 testes

411 2981 687 3038 adhibuit
730 3000 934 3040 eorum
974 2985 1124 3041 288
1155 3001 1283 3057 quae
1318 2987 1709 3058 pateretur.Et
1730 3004 1845 3042 non
1867 2985 2060 3041 solum

412 3072 483 3127 ad
515 3089 584 3128 ea
621 3089 749 3144 quae
779 3072 892 3145 ipsi
924 3074 1431 3131 denuntiabantur
1458 3093 1574 3132 non
1635 3077 1923 3132 attendit:
1958 3074 2060 3131 sed

415 3176 603 3232 neque
629 3164 731 3233 qui
761 3180 895 3218 eum
929 3162 1386 3236 alloquebantur
1428 3164 1793 3221 audivissent
1819 3165 2061 3221 omnino

413 3250 583 3307 abeo
614 3251 939 3323 quidquam
972 3254 1042 3309 de
1076 3254 1306 3326 negotio
1339 3254 1658 3325 prOposito,
1690 3255 1841 3325 quod
1870 3254 1939 3308 ad
1965 3271 2059 3326 sy-

414 3340 632 3397 nodum
692 3342 1000 3412 referrent,
1052 3323 1176 3397 nisi
1197 3323 1638 3413 eumiexpedire
1690 3323 1752 3399 se
1783 3344 1854 3398 ab
1912 3323 2133 3414 ipsisC

413 3444 788 3501 summopere
811 3435 1121 3486 conantem
1154 3430 1208 3485 vi
1242 3431 1450 3501 majori
1481 3432 1687 3503 utique
1716 3436 2064 3501 tenerent,et

413 3534 619 3589 graves
651 3518 1012 3575 intentarent
1042 3536 1075 3575 a
1106 3525 1221 3576 Deo
1253 3519 1466 3586 minas,
1500 3521 1550 3576 si
1609 3521 1947 3592 persisteret
2002 3521 2062 3576 in

413 3607 803 3664 contumacia.
824 3608 1085 3663 Tandem
1101 3608 1353 3664 summis
1371 3609 1682 3666 conatibus
1713 3626 2063 3681 responsum

415 3695 743 3767 exprimere
773 3696 1183 3768 qualecunque
1213 3699 1607 3770 satagentinm
1645 3697 1805 3754 visus
1836 3700 2062 3754 cedere:

416 3807 445 3834 ι(
468 3788 571 3851 En,
603 3785 819 3856 inquit,
863 3789 927 3841 ut
954 3786 1102 3842 bene
1130 3787 1589 3858 patriarchatum
1622 3789 1940 3860 gessimus,
1970 3805 2067 3843 ne-

418 3890 547 3930 cem
579 3875 918 3946 imperatori
950 3877 1356 3933 machinantes
1382 3877 1396 3932 ι
1446 3878 1539 3933 cui
1591 3878 1859 3934 videlicet
1886 3880 2065 3934 etiam

419 3964 665 4035 projecti
696 3980 726 4018 e
757 3964 934 4020 rebus
964 3965 1322 4022 humanisin
1338 3966 1791 4024 hocextremum
1823 3968 2067 4024 desertae

419 4051 626 4108 insulae
657 4051 842 4109 Deum
874 4055 1190 4127 propitiare
1213 4072 1326 4111 non
1346 4071 1670 4124 cessamus,
1689 4055 2068 4113 obsecrantes

418 4145 479 4196 ut
494 4142 620 4212 ejus
633 4142 844 4197 anima:
864 4144 1009 4200 bene
1029 4144 1347 4201 consulens
1366 4145 1737 4213 misereatur,
1765 4151 2068 4218 utcunque

417 4230 517 4286 ille
545 4231 698 4287 fame
724 4248 789 4287 ac
820 4233 917 4288 siti
952 4249 1059 4290 nos
1089 4235 1246 4289 velut
1275 4238 1461 4289 marte
1508 4235 1818 4292 damnatos
1867 4235 1927 4290 in
1960 4237 2070 4292 hac

418 4319 737 4377 solitudine
761 4322 1094 4379 interﬁciat.
1112 4345 1141 4373 »
1169 4323 1296 4377 Hec
1313 4323 1672 4394 etejusmodi
1698 4324 1814 4380 alia
1833 4342 2070 4382 summo

416 4410 617 4465 dolore
647 4415 821 4483 atque
835 4410 1240 4467 amanitudine
1260 4411 1444 4467 animi
1478 4412 1760 4484 profatus,
1794 4412 1977 4470 multa
1996 4414 2072 4469 si-

420 4500 546 4557 mul
580 4499 942 4573 imperatori,
975 4499 1237 4556 simulin
1266 4500 1542 4556 thronum
1593 4502 1823 4558 intruso
1866 4519 2070 4574 expro-

422 4591 603 4647 brans
633 4590 950 4662 autpolius
983 4589 1333 4661 imprecans,
1365 4590 1592 4646 dimisit
1621 4592 1693 4647 ad
1743 4607 1805 4647 se
1834 4592 2068 4650 missos.

2167 639 2346 693 γουσι,
2410 617 2676 694 μεγάλοις
2749 619 2922 673 έκεῖσε
2975 613 3239 696 φοϐεροῖς
3297 614 3624 691 ἐνετύχομεν
3656 662 3671 687 ,
3719 618 3837 670 κατ’

2171 708 2446 785 εἶ’σπραξιν
2506 710 2663 782 οἶμαι
2714 713 2813 763 τοῦ
2863 709 2939 781 μὴ
2974 710 3054 781 [Ρ.
3100 709 3223 780 195]
3260 708 3379 780 μετ’
3408 705 3660 781 εὐλογίας
3689 706 3833 761 ἀπο-

2168 797 2400 868 λυθῆναι
2430 802 2531 854 τοῦ
2561 798 2928 873 πατριάρχου.
2986 798 3056 854 "0
3112 795 3177 865 δὴ
3238 797 3329 851 καὶ
3374 795 3543 865 ἤθελε
3577 796 3673 870 μὲν
3703 795 3835 851 ἓκα-

2170 908 2294 949 στος
2326 887 2426 942 ἀνᾶ
2461 889 2647 962 μέρος,
2683 888 2757 949 ὡς
2788 886 3010 961 ὕστερον
3061 885 3393 960 ὡμολόγουν
3452 885 3590 958 πρὸς
3642 882 3833 955 ἀλλή-

2167 975 2300 1039 λους
2365 974 2829 1050 μεταμελόμενοι.
2887 977 3084 1047 ’Όμως
3118 972 3175 1029 δὲ
3224 974 3324 1042 τὴν
3376 972 3615 1037 ἐντεῦθεν
3653 993 3830 1043 κατη-

2164 1070 2355 1145 γορίαν
2388 1068 2739 1146 ὑφορώμενοι
2797 1064 3172 1139 κατημέλουν.
3229 1064 3445 1129 Νυκτὸς
3493 1065 3597 1141 γὰρ
3655 1065 3833 1138 μέσης

2167 1159 2392 1232 σεισμὸς
2450 1157 2791 1213 ἐπεισπίπτει
2856 1156 3045 1232 βαρὺς,
3103 1155 3195 1211 καὶ
3251 1156 3315 1211 τὸ
3374 1155 3503 1231 ὅρος
3563 1156 3829 1230 θραυσθὶν

2166 1247 2256 1302 καὶ
2306 1248 2468 1302 πεσὸν
2524 1246 2601 1312 ei:
2658 1244 2930 1301 θάλασσαν
2958 1246 3051 1301 τὸν
3086 1245 3259 1301 ἐκεῖσε
3287 1244 3458 1300 τόπον
3510 1243 3830 1315 κατέκλυσε,

2166 1334 2389 1409 δόκησίν
2445 1359 2503 1393 τε
2557 1338 2647 1393 καὶ
2706 1339 2857 1410 ἡμᾶς
2911 1333 3354 1405 κατακλυσθῆναι
3413 1334 3661 1410 παρέσχε
3710 1334 3832 1390 κατ’

2166 1426 2420 1503 αἰγιαλὸν
2484 1427 2763 1499 μένοντας.
2826 1424 3003 1482 Ἀλλᾶ
3055 1424 3218 1499 μόλις
3271 1424 3459 1480 πολλὰ
3481 1428 3550 1498 τῇ
3580 1422 3828 1500 θαλάσσῃ

2166 1513 2833 1590 προσταλαιπωρήσαντες
2896 1520 2998 1583 τῆς
3056 1513 3471 1570 Κωνσταντίνου
3528 1508 3829 1587 ἐπέϐημεν,

2170 1606 2343 1680 μηνὸς
2403 1602 2748 1678 ἑξκαιδεκάτῃ
2806 1601 3177 1667 Ποσειδεῶνος
3213 1648 3226 1672 ,
3285 1604 3375 1658 καὶ
3432 1608 3512 1676 τῷ
3568 1623 3832 1679 πατριαρ-

2167 1699 2366 1772 χοῦντι
2426 1695 2690 1770 πρότερον
2749 1692 3148 1767 προσελθόντες
3207 1693 3298 1748 καὶ
3354 1693 3417 1747 τὸ
3447 1697 3549 1748 πᾶν
3575 1691 3827 1768 ἀναγγεί-

2169 1783 2360 1846 λαντες
2394 1785 2602 1858 θερμὴν
2662 1782 2884 1855 ἀξίωσιν
2913 1785 3029 1838 οἷον
3087 1782 3393 1857 ἠξεοόμεθα
3439 1782 3568 1857 παρ’
3597 1781 3825 1850 ἐκείνου,

2169 1881 2273 1929 πᾶν
2333 1872 2580 1950 λυπηρὸν
2611 1880 2711 1943 τῆς
2772 1871 3110 1948 ἀπαγγελίας
3164 1870 3512 1944 ὑπεξελέσθαι
3560 1871 3694 1946 πρὸς
3731 1872 3828 1945 βα-

2172 1962 2329 2017 σιλέα
2360 1961 2645 2039 λέγοντας,
2702 1960 2792 2017 καὶ
2852 1959 2907 2017 εἷ’
2954 1982 3006 2016 τι
3040 1958 3313 2031 λέλεκται.
3350 1959 3511 2018 Οὕτω
3542 1957 3589 2015 δ’
3617 1958 3830 2033 ᾠκονό-

2176 2073 2342 2125 μηται
2397 2053 2467 2108 τὰ
2514 2052 2639 2107 τότε
2694 2053 2832 2126 πρὸς
2866 2049 3115 2127 βασιλέα,
3168 2051 3296 2106 ὥστ’
3354 2049 3658 2105 ἀκούσαντα
3711 2047 3828 2104 δια-

2170 2145 2372 2213 γνῶναι
2415 2142 2510 2214 μὲν
2558 2142 2660 2209 τήν
2692 2139 3016 2215 ἀπολογίαν,
3072 2139 3155 2194 δτι
3204 2139 3294 2194 καὶ
3351 2137 3497 2200 εἰκὸς
3525 2138 3827 2193 ἀκούσαντα

2169 2227 2418 2304 ἐπισχεῖν
2474 2227 2733 2299 ἐκείνους,
2798 2229 2874 2301 μὴ
2935 2225 3165 2291 θέλοντα
3213 2223 3272 2281 δὲ
3326 2224 3453 2288 τοὺς
3483 2227 3602 2290 καθ’
3657 2227 3821 2299 ἡμῶν

2170 2317 2480 2394 ἐμφανίζειν
2568 2323 2740 2393 σιγᾷν,
2824 2315 3000 2372 δεινὰν
3086 2314 3144 2371 δὲ
3221 2317 3308 2372 καὶ
3363 2314 3427 2369 τὸ
3496 2320 3828 2379 κακοπαθεῖν

2171 2408 2371 2463 ἐκεῖνον
2430 2409 2767 2482 ἡγήσασθαι,
2826 2405 2954 2461 ὥστ’
3009 2406 3188 2461 αὐτίκ’
3218 2404 3458 2477 ἐπιτάξαι
3488 2403 3828 2481 τριακοσίοις

2169 2495 2411 2568 ἐτησίοις
2464 2495 2792 2569 νομίσμασιν
2825 2494 3029 2550 ἐκεῖνόν
3067 2515 3128 2550 τε
3156 2495 3244 2550 καὶ
3276 2495 3438 2558 τούτς
3464 2494 3590 2567 περὶ
3621 2493 3828 2549 ἐκεῖνον

2168 2587 2516 2654 καθικανοῦκ,
2581 2582 3172 2661 ὑπεραπολογούμενον
3204 2583 3296 2640 καὶ
3356 2584 3473 2658 μεθ’
3529 2584 3695 2658 ὅρκου
3753 2582 3830 2646 ὡς

2173 2675 2260 2730 καὶ
2291 2675 2555 2750 πρότερον
2602 2672 2844 2745 ἐπιτάξαι
2895 2673 3070 2738 οὕτως
3097 2673 3188 2729 καὶ
3236 2674 3313 2737 ὡς
3354 2674 3483 2750 παρ’
3512 2671 3717 2728 ἐκεῖνον
3752 2672 3830 2746 μὴ

2172 2895 2520 2966 ρωιιίιοηῐθε
2542 2895 2795 2952 invicem
2830 2896 3204 2964 tatebantur;
3237 2896 3338 2951 sed
3369 2899 3607 2952 versate
3638 2911 3746 2968 pro
3767 2911 3833 2952 se

2174 3001 2408 3057 quoque
2438 3000 2510 3040 ne
2540 2985 2597 3040 id
2628 2985 2742 3040 sibi
2798 2985 3036 3040 crimini
3090 2988 3436 3051 verteretur,
3491 2984 3711 3055 pariter
3767 2984 3829 3040 id

2173 3089 2378 3129 omnes
2409 3072 2789 3146 neglexerant
2819 3074 3024 3129 facere.
3054 3074 3201 3129 Nam
3233 3078 3403 3129 nocte
3433 3074 3629 3129 media
3658 3079 3832 3129 terra;

2173 3168 2372 3219 motus
2403 3162 2613 3218 incidit
2639 3163 2851 3231 gravis,
2883 3166 2941 3218 et
2969 3163 3252 3232 abruptus
3305 3178 3479 3219 mons
3508 3162 3833 3219 imminens

2171 3268 2239 3307 ac
2269 3267 2524 3324 superne
2550 3252 2953 3324 prmcipitatus
2974 3252 3036 3307 in
3067 3267 3230 3307 mare
3252 3251 3397 3307 illud
3422 3253 3614 3323 coegit
3639 3253 3699 3306 in
3720 3256 3837 3308 ter-

2171 3356 2295 3396 ram
2326 3341 2439 3396 late
2460 3342 2712 3397 vicinam
2736 3341 3049 3412 inundare,
3084 3344 3247 3397 tanto
3294 3345 3439 3396 aestu
3471 3357 3539 3396 ac
3566 3340 3833 3397 tumultu

2170 3436 2235 3486 ut
2255 3431 2353 3502 qui
2372 3431 2678 3487 stabamus
2696 3431 2755 3485 in
2772 3430 2966 3486 littore
2980 3446 3087 3486 nos
3100 3430 3381 3487 continuo
3403 3431 3832 3502 demergendos

2170 3521 2567 3576 crederemus.
2599 3520 2885 3575 Craterum
2937 3519 3442 3576 mrumnosissimo
3482 3519 3621 3575 inde
3649 3535 3829 3577 cursu

2170 3610 2625 3665 transfretantes
2672 3624 2823 3681 aegre
2893 3608 3465 3679 Constantinopolim
3521 3610 3831 3665 tenuimus

2173 3702 2336 3755 sexta
2365 3697 2595 3754 decima
2623 3698 2719 3753 die
2749 3698 2974 3753 mensis
3003 3697 3273 3769 Augusti,
3306 3702 3366 3753 et
3387 3698 3641 3770 primum
3670 3698 3833 3755 adito

2175 3787 2529 3861 patriarcha,
2566 3787 2667 3841 ubi
2698 3802 2827 3858 qua
2857 3787 3230 3857 contigerant
3272 3786 3604 3848 retulimus.
3649 3802 3833 3859 quam

2175 3876 2483 3948 potuimus
2514 3876 2935 3932 ardentissime
2961 3875 3131 3931 illum
3180 3876 3480 3932 oravimus
3510 3881 3577 3931 ut
3627 3893 3733 3948 pro
3766 3892 3836 3932 ea

2175 3981 2295 4037 qua
2322 3965 2543 4021 valeret
2558 3966 2712 4036 apud
2730 3965 3141 4036 imperatorem
3157 3965 3510 4021 auctoritate
3526 3966 3837 4037 gratiaque

2175 4054 2348 4108 nobis
2380 4055 2613 4109 adesset
2644 4070 2775 4125 quas
2801 4066 2935 4109 acta
2985 4059 3155 4109 erant
3203 4054 3708 4117 renuntiantibus.
3770 4070 3838 4110 ao

2177 4142 2227 4198 si
2254 4143 2393 4214 quid
2414 4143 2748 4198 necessario
2766 4142 3098 4200 diceremus
3119 4144 3271 4214 quod
3297 4143 3546 4215 Augusti
3566 4143 3838 4199 animum

2178 4236 2484 4303 pungeret,
2519 4230 2796 4287 deliniret
2826 4232 2952 4303 ipse
2982 4246 3239 4303 praesens
3268 4249 3386 4304 qua
3412 4232 3647 4288 valebat
3688 4238 3839 4300 arte,

2178 4326 2355 4392 atque
2387 4325 2452 4375 ut
2481 4324 2695 4377 cuncta
2724 4321 2860 4377 boni
2895 4320 3230 4378 consuleret
3256 4323 3425 4378 daret
3453 4337 3712 4394 operam.
3739 4322 3840 4377 Fe-

2178 4410 2261 4464 cit
2289 4408 2585 4464 cumulate
2625 4409 2783 4481 quod
2809 4408 3110 4481 petiimus;
3147 4425 3333 4481 eoque
3366 4425 3501 4465 mox
3555 4425 3839 4465 successu

2180 4514 2318 4553 cum
2353 4498 2709 4570 imperatore
2737 4498 2993 4571 egimus,
3025 4503 3087 4553 ut
3138 4498 3237 4554 ille
3287 4498 3556 4570 placatus
3591 4499 3842 4554 Arsenio

2182 4591 2536 4658 acceptaque
2564 4586 2903 4657 defensione
2934 4586 3125 4659 ipsius
3152 4587 3307 4643 ultro
3327 4587 3686 4660 signiﬁcaret
3716 4602 3844 4643 cre-

419 4680 536 4737 Nos
566 4684 761 4735 autem
788 4678 891 4735 illo
922 4679 1135 4735 iterum
1170 4678 1451 4751 postridie
1482 4685 1785 4748 convento,
1809 4687 1868 4736 et
1910 4683 2071 4738 omni
2101 4693 2149 4757 Β
2181 4676 2317 4730 dere
2360 4692 2443 4742 se,
2476 4676 2527 4730 si
2580 4675 2718 4744 quid
2749 4676 2824 4731 de
2880 4676 3288 4746 conjuratione
3318 4676 3377 4731 in
3434 4677 3613 4732 vitam
3667 4692 3843 4732 suam

419 4787 487 4827 eo
512 4770 670 4842 quod
701 4769 924 4842 sperari
972 4769 1161 4840 potuit
1189 4769 1412 4835 effecto,
1467 4786 1499 4825 e
1530 4774 1700 4841 portu
1758 4771 2068 4827 confestim

417 4859 727 4928 solvimus,
759 4863 816 4915 et
846 4857 1039 4914 valido
1066 4857 1378 4930 ingruente
1409 4858 1589 4914 Borea
1633 4858 1692 4912 in
1753 4859 2069 4916 Occiduem

416 4950 624 5005 insulae
647 4947 1026 5015 oram,satius
1043 4948 1319 5003 duximus
1337 4947 1610 5020 navigare
1629 4949 2070 5020 protegentibus

419 5038 740 5095 montibus.
769 5042 840 5094 At
869 5037 1184 5094 vehemens
1215 5041 1416 5093 coorta
1472 5036 1734 5107 procella
1763 5043 1872 5106 est,
1905 5038 2071 5094 intu-

420 5129 683 5200 muitque
713 5131 1074 5182 commotum
1109 5126 1368 5197 amplius
1401 5141 1582 5181 mare.
1633 5125 1823 5189 Quare
1874 5128 2068 5183 navim

417 5232 568 5289 aegre
600 5216 995 5288 applicuimus
1027 5216 1099 5271 ad
1127 5214 1322 5271 lecuxn
1356 5214 1798 5271 Galenolimena
1840 5233 2069 5273 nuncu-

420 5312 646 5376 patum,
679 5304 848 5375 quasi
912 5308 1147 5376 portum
1209 5319 1483 5360 serenum
1543 5303 1788 5360 diceres.
1848 5305 2071 5362 Accolae

416 5395 623 5465 lingua
638 5391 880 5464 vulgari,
896 5399 1172 5464 corrupto
1185 5398 1375 5450 vetere
1387 5392 2069 5463 vocabulo,Galilolimen

418 5481 740 5554 appellant.
766 5481 991 5552 Magnis
1024 5481 1106 5537 ibi
1137 5482 1413 5554 periculis
1444 5499 1656 5539 sumus
1686 5484 1949 5550 exerciti,
2007 5484 2068 5539 in

416 5587 668 5642 poenam,
695 5569 920 5640 opinor,
956 5586 1073 5626 non
1104 5571 1295 5643 petitae
1325 5576 1380 5627 et
1410 5576 1657 5644 acceptae
1681 5589 1715 5627 a
1741 5573 2072 5644 patriarcha

416 5660 476 5713 in
503 5658 774 5730 digressu
793 5659 1236 5715 benedictionis.
1259 5659 1417 5724 Quod
1448 5662 1633 5717 facere
1655 5662 2068 5734 unusquisque

415 5745 722 5816 sigillatim
738 5746 1088 5818 voluerat,ut
1100 5753 1319 5820 postea,
1338 5748 1395 5806 in
1412 5749 1547 5806 mali
1562 5766 1741 5807 sensu
1759 5765 1888 5807 sero
1911 5750 2067 5807 280

2184 4764 2334 4820 facta
2361 4763 2729 4833 cognovisset
2778 4764 3086 4828 Arsenius,
3119 4768 3468 4821 cenaturum
3490 4781 3622 4821 eum
3656 4765 3844 4822 fuisse

2179 4855 2518 4924 coniuratos
2549 4870 2583 4909 a
2614 4853 2839 4910 nefario
2869 4858 3061 4924 ca-pto
3121 4859 3422 4922 avertere;
3459 4854 3840 4927 siluisseque,

2179 4944 2229 4999 si
2256 4945 2398 5017 quid
2428 4945 2638 5000 horum
2670 4946 2850 5011 novit,
2871 4943 3032 5000 abiis
3054 4944 3390 5001 indicandis
3420 4944 3706 5018 religione
3734 4962 3840 5002 co-

2179 5034 2432 5089 hibitum
2455 5035 2735 5105 quadam,
2754 5034 2906 5104 quod
2933 5050 3103 5089 suam
3129 5034 3275 5090 forte
3301 5050 3612 5107 personam
3636 5035 3844 5092 decere

2181 5139 2295 5177 non
2331 5126 2565 5195 putaret
2594 5122 2825 5177 irritare
2858 5123 3183 5194 principem
3226 5123 3286 5178 in
3318 5123 3594 5179 subditos
3625 5125 3838 5181 borum

2181 5214 2239 5268 in
2274 5213 2468 5285 ipsum
2505 5211 3047 5269 machinationibus
3079 5212 3163 5268 illi
3189 5212 3661 5269 manifestandis.
3686 5218 3839 5270 Prm-

2178 5306 2339 5358 terea
2369 5300 2544 5357 simul
2579 5301 2805 5356 audivit
2835 5318 2870 5356 a
2891 5301 3061 5356 nobis
3075 5306 3397 5373 egestatem
3417 5302 3841 5374 miseriamque

2181 5409 2300 5465 qua
2330 5390 2425 5446 ille
2461 5390 2520 5445 in
2562 5389 2765 5446 exsilio
2827 5390 3294 5458 conﬂictabatur,
3353 5391 3498 5447 adeo
3533 5398 3723 5448 motus
3776 5393 3838 5449 in

2183 5479 2648 5537 misericordiam
2682 5484 2774 5535 est
2805 5482 2868 5535 ut
2917 5480 3115 5535 statim
3166 5480 3405 5551 juberet
3459 5485 3751 5538 trecentos
3784 5482 3837 5539 ei

2183 5587 2461 5627 nummos
2476 5586 2589 5624 ann
2600 5586 2708 5625 uos
2719 5571 2788 5625 ad
2805 5569 2895 5625 sui
2920 5585 3285 5642 suorumque
3304 5569 3522 5626 victum
3540 5571 3836 5645 assignari

2183 5660 2623 5731 afﬁrmaretque
2678 5658 2740 5714 in
2780 5658 3212 5715 excusationem
3271 5676 3464 5726 suam,
3489 5661 3834 5732 juramento

2180 5751 2358 5807 etiam
2392 5748 2759 5821 interposito,
2809 5765 2873 5804 se
2930 5764 3092 5821 prius
3124 5751 3503 5807 decreturum
3555 5750 3671 5825 ipsi
3701 5767 3833 5808 eam
