4112 6434
344 402 456 457 737

1415 413 1511 466 nn
1549 411 1921 466 mamma
1959 407 2405 466 pawomco
2441 410 2575 466 LIB.
2617 364 2714 466 iv.

3663 419 3769 474 638

343 528 574 585 θέλοντα
626 528 876 606 δέχεσθαι
932 533 994 588 τὸ
1056 533 1133 606 μή
1181 531 1430 590 δεδόσθαι
1480 535 1572 606 ἦν,
1602 535 1739 598 τέως
1801 531 1858 590 δὲ
1903 535 1994 589 καὶ
2028 535 2349 610 Αγενέσθαι
2397 536 2542 610 παρά
2598 556 2658 589 τε
2713 538 2808 590 τοῦ
2866 534 3211 613 πατριάρχου
3280 537 3370 592 καὶ
3429 541 3608 610 πάσης
3670 549 3770 611 τῆς

346 619 498 682 αὖθις
551 618 768 676 δεδιότα
818 622 894 694 μὴ
946 620 1095 685 ὅπως
1157 621 1399 700 δέχοιτο,
1436 625 1888 701 προσανατιθέναι
1935 628 2004 700 τῇ

346 706 604 784 δεσποίνῃ
635 711 734 780 τὴν
793 711 1085 788 χορηγίαν,
1119 712 1198 790 ἐφ’
1232 712 1277 786 ᾧ
1310 713 1471 769 αὐτὸν
1537 714 1630 788 μὲν
1684 713 2006 770 ἀποστεῖλαι

342 800 432 853 καὶ
457 796 608 862 αὖθις
640 798 834 874 φίλους
867 799 1058 873 ἐκείνῳ
1087 803 1482 876 νομιζομένους
1543 805 1680 858 κατά
1734 825 1854 859 τινα
1910 804 2010 872 τήν

348 889 442 943 ἀπ’
528 887 690 943 αὐτοῦ
774 891 1119 964 παραμυθίαν
1169 913 1229 946 τε
1284 894 1371 947 καὶ
1431 892 1732 966 εὐμένειαν,
1788 895 1887 964 τὴν
1952 890 2010 947 δὲ

347 974 632 1032 δέσποιναν
697 978 812 1050 μετ’
846 977 1066 1033 ἐκείνων
1121 981 1354 1054 πέμπειν
1417 980 1490 1041 ὠς
1550 983 1640 1060 ἀφ’
1689 983 1886 1052 ἑαυτῆς
1942 983 2010 1037 τὰ

345 1065 681 1141 νομίσματα.
712 1068 775 1121 ’Ὀ
834 1065 900 1137 δὴ
959 1068 1048 1124 καὶ
1112 1071 1226 1143 μετ’
1260 1071 1325 1125 οὐ
1380 1070 1524 1125 πολὺ
1557 1073 1883 1146 πέπρακται,
1917 1071 2008 1126 καὶ

348 1154 784 1212 ἀποστέλλονται
827 1159 854 1212 6
897 1165 997 1228 τῆς
1033 1159 1361 1230 Ἐκκλησίας
1421 1161 2007 1237 ὑπομνηματογρόίφος

355 1248 638 1320 Γεμιστὸς,
671 1248 713 1316 ,ὁ
767 1252 864 1302 τοῦ
926 1249 1214 1324 βασιλικοῦ
1271 1249 1484 1326 κλήρου
1543 1249 1928 1326 λαμπαδάριος
1981 1253 2008 1306 6

351 1335 678 1406 Οῗναιώτης,
738 1337 824 1391 καὶ
914 1337 1095 1414 τρίτος
1159 1339 1187 1392 6
1242 1346 1342 1409 τῆς
1401 1340 1568 1415 Ἰερᾶς
1645 1340 2011 1417 ἷερομόναχος

353 1423 597 1501 Μάρκος,
635 1423 825 1502 ἄνδρες
882 1426 942 1482 ἐκ
990 1430 1228 1484 παλαιοῦ
1282 1428 1434 1499 φίλοι
1487 1428 1675 1502 ἐκείνῳ
1725 1432 1793 1485 τὰ
1844 1428 2010 1504 μάλι-

355 1535 474 1583 στα,
499 1517 582 1577 οἷς
620 1511 686 1585 δὴ
719 1515 808 1570 καὶ
859 1517 1005 1591 παρὰ
1052 1525 1152 1587 τῆς
1214 1515 1507 1589 δεσποίνης
1564 1519 1630 1574 τὰ
1679 1518 1756 1582 εἷς
1815 1520 2006 1594 χρείαν

353 1602 873 1662 συναπεστέλλοντο.
929 1609 1018 1678 Τῷ
1080 1608 1173 1680 μὲν
1237 1605 1327 1661 οὗν
1399 1607 1616 1683 βασιλεῖ
1676 1607 1774 1662 οὐκ
1828 1609 1894 1678 ἦν
1957 1609 2010 1672 ἐς

352 1697 611 1750 τοσοῦτον
667 1695 736 1749 τὰ
785 1701 886 1764 τῆς
930 1694 1195 1766 σπουδῆς,
1227 1696 1374 1752 ἀλλᾶ
1402 1698 1492 1752 καὶ
1522 1699 1583 1752 τὸ
1615 1697 1782 1753 πλέον
1841 1719 2013 1774 προσ-

351 1785 620 1853 επεζήτει,
658 1781 874 1857 μᾶλλον
934 1783 991 1839 δὲ
1045 1787 1133 1840 καὶ
1188 1785 1254 1840 οὗ
1311 1785 1471 1862 χάριν
1511 1788 1662 1842 ταῦτ’
1693 1787 2007 1863 ἐπράττετο.

2113 622 2462 698 συνόδοο,τὸν
2498 622 2554 678 δὶ
2595 623 2831 680 λύσαντα
2867 627 3148 704 ὑφεωρᾶτο
3186 628 3260 701 μή
3293 628 3384 682 καὶ
3417 626 3562 699 δόξοι
3596 628 3772 686 ἄλυτα

2111 711 2256 768 λύων
2290 713 2350 769 ἐκ
2376 719 2474 768 τοῦ
2506 715 2642 788 πρὸς
2694 715 2897 770 ἐκεῖνον
2948 716 3041 770 τὸν
3099 713 3230 770 λαὸν
3273 715 3561 794 ὀλιγώρως
3622 713 3772 796 ἔχειν

2108 803 2268 857 τοῦτο
2335 804 2428 876 μέν
2493 800 2582 857 διὰ
2639 804 2700 858 τὸ
2763 805 2838 876 μή
2905 803 2988 858 ἐπ’
3036 804 3224 877 ἐκείνῳ
3275 804 3774 884 πληροφορεἳσοαι,

2109 897 2270 947 τοῦτο
2306 889 2480 947 δὲκαὶ
2515 891 2604 947 διὰ
2647 895 2748 963 τὴν
2810 893 3221 970 ἐμφαινομένην
3280 899 3377 950 τοῦ
3430 897 3622 969 θρόνου
3687 919 3777 968 με·

2110 981 2345 1036 τάθεσιν.
2379 981 2440 1037 Ὁ
2492 978 2538 1035 δ’
2571 979 2777 1042 ἐννοίας
2833 981 3090 1043 τοιαύτας
3141 977 3478 1039 ὑποϐάλλων
3539 989 3618 1057 τῷ
3679 987 3776 1060 βα·-

2114 1068 2258 1124 σιλεῖ
2288 1072 2314 1124 ὁ
2349 1068 2620 1139 δηλωθεῖς
2681 1069 2961 1141 Γαλησίου
3018 1073 3085 1140 ἦν
3116 1073 3340 1150 Ἰωσὴφ,
3374 1074 3433 1134 ’ὀς
3495 1073 3555 1127 οὐ
3612 1075 3775 1129 τόσον

2116 1159 2437 1234 ὑπερεπάθει
2490 1163 2587 1213 τοῦ
2643 1158 2922 1233 Ἀρσενίου
2982 1160 3107 1214 ὅσον
3172 1165 3252 1233 τῷ
3313 1167 3570 1237 Γερμανῷ
3631 1164 3779 1234 ἀπη-

2115 1249 2347 1323 χθάνετο
2375 1245 2462 1301 διὰ
2490 1249 2589 1316 τὴν
2625 1247 2684 1302 έκ
2712 1248 2904 1322 θρόνου
2954 1254 3210 1304 ταπεινοῦ
3271 1251 3347 1312 εἰς
3404 1251 3496 1306 τὸν
3550 1251 3779 1326 ὑπέρτα-

2114 1357 2206 1390 τον
2260 1333 2612 1407 έπιπήδησιν.
2658 1341 2743 1407 Τῷ
2796 1357 2881 1390 τοι
2929 1336 3019 1391 καὶ
3078 1337 3326 1412 ἐσχίζετο
3390 1339 3483 1411 μὲν
3547 1339 3782 1412 ἐκεῖνος,

2126 1427 2139 1447 e
2201 1424 2218 1456 ι
2398 1423 2448 1466 κδ
2577 1425 2592 1446 \
2690 1429 2718 1440 ~
2984 1431 3007 1441 -ο
3106 1425 3118 1443 9
3302 1427 3315 1444 κ
3394 1427 3408 1446 ν

2121 1446 2364 1481 υπετεινι
2395 1445 2452 1480 ο..
2504 1447 2594 1480 και
2652 1446 2732 1496 τῳ
2790 1426 3006 1499 βασιΛει
3065 1447 3124 1479 ου
3178 1425 3352 1488 καλας
3390 1428 3597 1490 εννοίας
3653 1429 3779 1505 περὶ

2117 1513 2323 1570 ἐκείνου
2373 1515 2448 1578 ὡς
2504 1515 2569 1569 οὗ
2629 1512 2911 1586 λύσοντος,
2946 1512 3005 1568 ἄν
3061 1536 3123 1591 γε
3161 1515 3251 1570 καὶ
3286 1514 3409 1571 λύοι
3444 1533 3458 1548 ο
3493 1514 3616 1572 οὔτε
3671 1519 3774 1592 γὰρ

2119 1603 2302 1657 ἱκανὸν
2356 1604 2486 1658 εἶναι
2534 1607 2694 1658 τοῦτο
2753 1604 2898 1678 παρὰ
2956 1607 3073 1676 Θεῷ
3156 1605 3246 1658 καὶ
3320 1601 3604 1681 αὔταρκες,
3667 1605 3780 1662 οὔτ’

2120 1693 2532 1768 ἀκατάγνωστον
2584 1698 2662 1764 τῷ
2726 1692 2962 1768 βασιλεῖ.
2995 1693 3084 1754 Ὣς
3133 1699 3262 1768 γοῦν
3289 1695 3440 1748 ταῦτ’
3467 1693 3648 1771 ἔλεγεν
3707 1697 3780 1758 ὡς

2119 1782 2169 1837 έν
2233 1783 2545 1859 ἀνθρώποις
2622 1783 2696 1846 εἷς
2779 1783 2984 1860 πατέρα
3065 1782 3394 1858 τεταγμένος
3465 1784 3634 1856 αὐτῷ,
3689 1785 3780 1840 καὶ

351 1870 424 1928 Τὸ
457 1867 586 1941 δ’ῆν
618 1869 723 1948 ἄρα
755 1869 881 1928 ὅσον
913 1871 964 1928 έν
998 1870 1208 1946 σπουδῇ
1268 1873 1477 1929 ἐκείνου
1534 1879 1630 1930 τοῦ
1689 1876 2006 1945 ἀνυσθῆναι,
2043 1901 2087 1964 Β
2121 1873 2324 1937 πείθειν
2385 1873 2452 1942 ἦν
2508 1873 2711 1928 ἐκεῖνον
2767 1872 2827 1927 ἐκ
2879 1877 2976 1928 τοῦ
3032 1873 3337 1949 προχείρου
3392 1877 3482 1928 καί
3536 1871 3605 1928 δι’
3636 1871 3784 1931 ἄλλα

348 1958 508 2013 τόσον
562 1957 615 2014 ἐν
677 1960 882 2037 ἀπορίᾳ
935 1967 1033 2016 τοῦ
1090 1965 1207 2024 πῶς
1262 1961 1322 2017 ἂν
1384 1963 1634 2033 ἀνυσθείη
1718 1964 1808 2019 καὶ
1865 1964 2012 2039 παρὰ

353 2047 515 2112 τίνος.

356 2156 438 2224 ιζ’.
469 2157 657 2220 ’Όπως
690 2157 718 2212 6
754 2157 1008 2232 βασιλεὺς
1042 2153 1362 2232 ἐϐουλεύετο
1392 2159 1459 2232 τὰ
1506 2158 1630 2232 περὶ
1686 2165 1785 2229 τῆς
1817 2161 2008 2215 ἑαυτοῦ

821 2226 1048 2299 λύσεως,
1081 2231 1171 2285 καὶ
1205 2231 1342 2306 πρὸς
1371 2231 1542 2292 τίνος.

421 2318 623 2382 ’Ἤθελε
671 2319 758 2391 [Ρ.
792 2320 913 2392 196]
970 2320 1065 2392 μὲν
1124 2320 1215 2376 οὖν
1276 2321 1375 2390 τήν
1435 2317 1532 2374 τοῦ
1591 2317 1794 2395 δεσμόῦ
1856 2321 2009 2376 λύσιν

358 2553 659 2594 summam
689 2539 890 2606 fuisse,
928 2540 979 2595 si
1012 2545 1310 2612 sperasset
1339 2539 1540 2596 induci
1570 2558 1703 2597 eum
1739 2555 1913 2612 posse
1941 2541 2014 2596 ad

352 2627 530 2682 istam
552 2645 584 2683 a
607 2644 671 2684 se
691 2628 1036 2700 pensionem
1054 2630 1472 2701 acceptandam
1497 2631 1626 2700 ;sed
1651 2646 1784 2685 cum
1809 2647 1876 2685 su
1884 2646 2014 2701 per-

367 2715 606 2772 stitione
663 2734 856 2789 ipsum
891 2721 1148 2790 quadam
1180 2719 1494 2775 abhorrere
1537 2737 1571 2774 a
1601 2719 2017 2775 communione

361 2821 710 2876 quacunque
739 2824 942 2863 secum
975 2809 1130 2863 390
1163 2807 1538 2880 intelligeret,
1571 2808 1835 2879 ingerere
1859 2807 2015 2879 quod

365 2896 786 2968 scrupulosam
818 2913 1022 2953 senem
1053 2897 1370 2953 ofl‘enderet
1401 2914 1516 2952 non
1545 2914 1780 2953 ausum.
1813 2898 1892 2952 Ac
1943 2913 2017 2952 ne

307 3063 311 3066 _
365 2999 519 3039 nunc
561 2986 801 3056 quidem
852 2987 998 3044 velle
1047 2987 1380 3045 molestiam
1434 2991 1721 3044 facessere
1764 2988 2013 3044 inﬁrmae

365 3072 621 3130 hominis
650 3076 1040 3147 conscientiae,
1075 3078 1323 3149 ideoque
1355 3082 1711 3134 metuentem
1748 3094 1819 3132 ne
1850 3094 2014 3132 recu-

363 3167 521 3218 saret
567 3167 968 3222 necessarium
1013 3167 1346 3224 subsidium
1378 3167 1428 3223 si
1460 3185 1568 3224 suo
1616 3167 1732 3239 ipsi
1777 3167 2015 3222 nomine

359 3251 686 3325 offerretur,
721 3257 1054 3312 consentire
1085 3275 1146 3313 se
1179 3261 1241 3312 ut
1278 3257 1334 3313 id
1360 3258 1637 3330 Augustae
1660 3256 2007 3328 imputetur.

356 3340 621 3414 Denique
648 3345 791 3399 velle
822 3361 887 3400 se
917 3346 1073 3400 mitti
1105 3347 1176 3400 ad
1210 3362 1345 3401 eum
1405 3345 1634 3418 aliquos
1696 3363 1764 3400 ex
1805 3345 2012 3401 amicis

354 3431 482 3496 ejus
514 3433 588 3486 ad
623 3434 941 3504 quamdam
986 3435 1310 3490 calamitosi
1343 3436 1502 3491 senis
1550 3435 2012 3491 consolationem

356 3524 414 3573 et
442 3522 890 3589 recreationem,
921 3529 979 3578 et
1004 3523 1078 3578 iis
1102 3524 1449 3579 deferendos
1493 3525 1566 3579 ad
1615 3524 1810 3594 ipsum
1857 3524 2013 3580 tradi

357 3611 648 3664 trecentos
681 3608 812 3664 illos
845 3627 1119 3666 nummos
1163 3615 1447 3682 tanquam
1481 3613 1728 3667 donatos
1778 3612 1851 3668 ab
1906 3615 2014 3668 Au-

353 3701 551 3766 gusta,
584 3713 720 3752 cum
753 3704 910 3755 certa
941 3699 1339 3771 promissione
1369 3701 1644 3756 reditura:
1691 3702 2012 3772 quotannis

355 3785 430 3840 ab
460 3787 666 3842 eadem
699 3805 880 3845 manu
911 3790 1072 3860 paris
1103 3807 1368 3845 summae.
1403 3791 1465 3845 ld
1498 3790 1654 3861 quod
1706 3807 1824 3844 non
1867 3793 2014 3846 mul-

367 3880 425 3930 to
459 3881 592 3947 post
625 3878 706 3933 ita
762 3880 982 3935 factum
1041 3885 1149 3935 est.
1212 3879 1476 3952 Delegati
1534 3880 1692 3936 enim
1741 3881 1810 3936 ad
1841 3881 2013 3936 Arse-

357 3965 523 4022 nium
566 3974 708 4023 sunt
757 3969 1026 4026 Ecclesiae
1085 3970 1644 4026 Commentariensis
1686 3970 2009 4041 Gemistus,

357 4071 616 4128 cumque
650 4059 755 4113 hoc
804 4059 948 4131 regii
1007 4059 1146 4115 cleri
1199 4059 1602 4132 lampadarius
1643 4060 1912 4116 OEnasota
1955 4064 2012 4115 et

355 4145 575 4201 tertiua
603 4148 911 4203 monaterii
955 4149 1132 4203 Hiera
1185 4149 1324 4204 dioti
1375 4149 1702 4205 monachus
1752 4149 2008 4219 Marcus,

356 4233 470 4289 viri
513 4253 719 4292 omnes
760 4236 874 4309 ipsi
905 4237 1044 4293 olim
1080 4238 1452 4308 cbarissimi;
1502 4239 1604 4311 qui
1636 4244 1695 4294 et
1724 4255 2010 4295 memora-

363 4329 490 4379 tum
525 4325 641 4396 ipsi
673 4327 747 4382 ab
779 4328 1042 4400 Augusta
1073 4328 1406 4385 subsidium
1438 4333 1845 4402 apportarunt.
1869 4329 2006 4393 Qum

356 4428 494 4469 cum
526 4413 705 4472 altius
735 4423 964 4488 reputo,
989 4418 1261 4489 suspicor
1291 4418 1565 4490 equidem
1616 4436 1731 4474 non
1754 4417 1862 4473 hoc
1888 4423 2010 4474 tan-

350 4509 479 4558 tum
513 4505 571 4559 in
603 4521 802 4561 senem
825 4522 1030 4577 parum
1060 4507 1173 4562 sibi
1202 4525 1436 4579 aequum
1461 4507 1729 4564 studium
1760 4525 1828 4563 ex
1859 4507 2009 4564 sola-

348 4597 478 4648 tum
526 4594 904 4652 miseratione
951 4597 1295 4669 imperatori
1339 4604 1545 4652 natum
1593 4615 1746 4664 esse,
1779 4595 2005 4653 homini

351 4684 561 4755 utique
593 4685 842 4742 minime
866 4686 1127 4759 simplici
1148 4694 1251 4743 aut
1273 4704 1457 4742 unum
1479 4691 1535 4743 et
1561 4687 1746 4743 cuivis
1774 4687 2010 4743 obvium
2043 4659 2090 4722 Β

349 4777 621 4842 spectare
655 4775 713 4830 in
745 4775 817 4830 iis
870 4793 998 4848 quae
1051 4781 1250 4848 ageret
1297 4775 1507 4845 solito;
1560 4792 1742 4850 quare
1771 4782 1910 4847 puto
1943 4776 2012 4830 ilo

347 4859 476 4916 lum
511 4862 642 4931 plus
676 4863 733 4918 in
768 4880 834 4920 eo
867 4864 1110 4935 vidisse,
1154 4869 1331 4937 atque
1362 4865 1473 4921 hoc
1504 4865 1656 4921 facto
1711 4864 2013 4920 studuisse

354 4952 588 5007 munire
619 4969 685 5008 ac
715 4952 1088 5024 complanare
1119 4954 1232 5010 sibi
1255 4954 1408 5010 viam
1435 4955 1506 5010 ad
1529 4953 1862 5024 antiquum,
1897 4970 2012 5026 quo

348 5040 578 5096 dudum
610 5042 908 5112 tendebat,
926 5059 1171 5115 scepum
1190 5043 1582 5100 absolutionis
1603 5043 1682 5098 im
1694 5043 2010 5115 petrandtn;

345 5145 526 5201 quam
559 5147 682 5186 rem
716 5137 936 5204 quanto
969 5132 1374 5188 vehementius
1406 5133 1703 5206 cupiebat,
1737 5137 1901 5188 tanto
1926 5149 2014 5187 so-

345 5218 559 5275 lertius
591 5220 888 5293 cogitabat
930 5239 1188 5294 quanam
1235 5222 1455 5294 optime
1486 5223 1711 5279 ratione
1743 5227 1801 5278 et
1833 5239 1866 5277 a
1897 5237 2012 5292 quo

353 5308 586 5366 facilius
619 5311 1046 5384 honestiusque
1077 5317 1554 5384 consequeretur.

354 5417 444 5471 17.
476 5417 539 5474 Ut
566 5419 755 5475 modo:
791 5420 1075 5491 qumsier'it
1131 5420 1438 5491 imperator
1481 5435 1603 5478 suae
1650 5419 2016 5476 absolutionis

841 5491 1216 5565 inpetrandw,
1249 5495 1298 5548 et
1336 5509 1372 5548 α
1401 5508 1527 5564 quo.

423 5578 864 5651 Cogitationum
897 5599 1070 5653 porro
1101 5582 1231 5653 ejus
1263 5598 1494 5638 summa
1542 5581 1599 5636 in
1653 5579 1710 5636 id
1747 5581 2015 5636 confere-

349 5666 556 5737 batur,
617 5674 682 5724 ut
739 5672 1064 5728 curandum
1131 5671 1495 5728 existimaret
1551 5669 1699 5728 solvi
1755 5688 1881 5728 sese
1939 5670 2011 5726 ab

351 5757 749 5817 anathematis
778 5760 1014 5819 vinculo
1045 5776 1150 5834 per
1179 5761 1579 5834 patriarcham
1613 5766 1672 5818 et
1701 5778 1806 5834 per
1836 5777 2016 5834 syno-

2124 1963 2218 2036 μὲν
2277 1963 2416 2038 πρὸς
2471 1963 2533 2017 τὸ
2592 1960 2769 2017 δοκεῖν
2821 1962 2997 2034 ἱκανὰ,
3033 1963 3272 2035 μάλιστα
3330 1961 3388 2018 δὲ
3429 1963 3520 2017 καὶ
3553 1962 3636 2018 ὅτι
3695 1964 3782 2019 ἐπ’

2120 2051 2309 2125 ἐκείνῳ
2341 2051 2812 2127 πεπληροφόρητο
2858 2053 2924 2106 τὰ
2973 2050 3160 2106 πολλά
3217 2053 3378 2125 πατρί
3437 2073 3499 2128 γε
3549 2059 3780 2126 νομιζο-

2124 2142 2291 2214 μένῳ,
2324 2140 2375 2195 ἐν
2420 2141 2649 2202 ἐννοίαις
2682 2142 2708 2195 6
2740 2145 2951 2212 κρατῶν
2995 2142 3089 2214 ἦρ,
3122 2142 3211 2194 καὶ
3264 2140 3482 2214 μᾶλλον
3544 2139 3627 2196 ὅτι
3686 2143 3777 2196 καὶ

2117 2232 2180 2286 τὸ
2229 2229 2440 2306 σχίσμα
2500 2228 2671 2284 πλέον
2728 2229 2936 2306 ἐγένετο
2988 2227 3077 2285 διὰ
3130 2232 3229 2299 τῆν
3317 2232 3617 2302 μετάθεσιν,
3678 2231 3778 2286 κᾶν

2119 2318 2322 2383 ἐκεῖνος
2382 2317 2767 2395 κατωλιγώρει
2814 2327 2917 2390 τῆς
2976 2318 3051 2382 εἷς
3103 2319 3260 2374 αὐτὸν
3311 2313 3521 2393 ὕϐρεως
3574 2319 3663 2375 καί
3721 2341 3783 2396 γε

2125 2541 2290 2596 dum.
2325 2545 2401 2598 De
2433 2540 2771 2612 patriarcha
2822 2539 3142 2597 verebatur
3189 2557 3262 2596 ne
3314 2557 3522 2612 parum
3558 2558 3623 2597 eo
3654 2557 3786 2598 exo-

2126 2633 2310 2685 rando
2340 2631 2668 2701 proficeret,
2705 2629 2835 2700 ipso
2866 2629 3118 2684 libenter
3151 2629 3392 2702 quidem
3428 2646 3786 2699 assensuro;

2125 2721 2226 2775 sed
2259 2721 2536 2791 quoniam
2571 2720 2781 2792 exigua
2808 2721 2937 2791 ejus
2970 2720 3127 2791 apud
3173 2719 3454 2792 populum
3488 2725 3545 2775 et
3595 2721 3788 2791 gratia

2124 2812 2248 2864 erat
2277 2811 2334 2863 et
2363 2809 2705 2874 auctoritas,
2747 2807 3081 2864 timendum
3127 2809 3426 2864 videretur
3455 2825 3528 2863 ne
3561 2808 3784 2864 invidia

2125 2897 2382 2953 auctoris
2416 2903 2611 2953 actum
2643 2897 2972 2952 inﬁrmaret
3019 2906 3076 2952 et
3123 2897 3302 2952 talem
3355 2897 3785 2953 absolutionem

2127 3005 2230 3059 pro
2275 2987 2438 3043 nulla
2495 2987 2760 3058 plerique
2817 2986 3102 3057 irritaque
3151 2986 3456 3056 haberent,
3509 2991 3787 3058 tanquam

2126 3077 2308 3132 latam
2343 3078 2414 3131 ab
2445 3076 2685 3131 homine
2717 3076 2889 3146 cujus
2922 3074 3256 3131 auctoritati
3284 3092 3492 3146 parum
3517 3077 3787 3144 ﬁderent,

2127 3173 2189 3222 et
2221 3166 2291 3220 de
2323 3183 2438 3237 quo
2471 3183 2540 3220 an
2577 3164 2837 3237 legitime
2871 3169 3176 3237 promotus
3208 3169 3385 3236 esset,
3420 3168 3658 3237 propter
3688 3181 3778 3220 ve-

2124 3255 2294 3310 titam
2343 3255 2671 3311 canonibus
2705 3255 2775 3310 de
2816 3255 3028 3310 throno
3061 3254 3118 3308 in
3152 3254 3404 3309 thonum
3442 3253 3786 3309 translatio-

2129 3361 2261 3399 nem
2313 3344 2666 3415 abigeretur.
2707 3345 2930 3399 Auctor
2950 3349 3008 3398 et
3037 3344 3183 3399 29]
3230 3348 3540 3414 suggestor
3567 3343 3777 3412 hujus-

2124 3433 2769 3490 modisollicitudinum
2795 3437 2830 3486 A
2847 3437 3058 3505 ugusto
3084 3433 3195 3487 fuit
3213 3450 3391 3504 supra
3407 3437 3772 3487 memoratus

2123 3523 2342 3596 Joseph
2389 3522 2602 3579 Galesii
2649 3523 2975 3593 praefectus,
3011 3539 3122 3577 non
3162 3527 3278 3577 tam
3313 3521 3410 3576 ille
3443 3521 3681 3592 quidem
3722 3523 3778 3575 in

2127 3613 2235 3669 hoc
2259 3612 2635 3667 miseratione
2657 3612 2712 3666 in
2738 3613 3050 3666 Arsenium
3082 3612 3335 3681 quadam
3376 3615 3569 3666 motus
3605 3626 3782 3682 quam

2124 3700 2439 3771 indulgens
2455 3698 3085 3755 minimedissimulato
3117 3700 3398 3754 adversus
3431 3699 3784 3754 Germanum

2075 3828 2086 3846 .
2123 3791 2456 3860 edio,quem
2481 3789 2673 3860 palam
2696 3788 2974 3860 culpabat
2997 3790 3164 3860 quasi
3191 3806 3220 3844 e
3242 3789 3378 3844 sede
3402 3788 3700 3844 humiliori
3723 3788 3782 3842 in

2125 3896 2464 3950 supremam
2519 3879 2670 3934 saltu
2721 3880 3030 3934 ambitioso
3063 3896 3168 3934 nec
3219 3896 3324 3950 per
3382 3895 3582 3934 sacras
3626 3879 3785 3951 leges

2125 3985 2401 4024 concesso
2435 3968 2917 4023 transcendisset.
2953 3967 3115 4023 Unde
3153 3985 3286 4022 cum
3313 3985 3374 4023 se
3398 3968 3523 4040 ipse
3547 3969 3620 4023 ab
3651 3969 3780 4038 ejus

2124 4057 2537 4114 communione
2569 4056 2916 4128 segregavit,
2952 4061 3077 4110 tum
3133 4057 3278 4112 istas
3330 4074 3481 4128 quas
3518 4057 3637 4113 dixi
3688 4058 3787 4112 ad-

2124 4164 2323 4203 versas
2354 4146 2643 4202 Germano
2677 4146 3060 4217 cogitationes
3093 4149 3268 4217 atque
3304 4145 3648 4200 formidines
3673 4146 3780 4200 im-

2125 4238 2410 4309 peratoris
2442 4235 2637 4291 animo
2687 4234 2958 4306 subjecit,
2987 4235 3371 4290 metuendum
3421 4235 3781 4289 denuntians

2128 4343 2198 4382 ne
2231 4343 2344 4381 non
2379 4326 2647 4381 idoneam
2692 4324 2789 4380 ille
2821 4324 3060 4379 haberet
3107 4322 3368 4379 solvendi
3407 4327 3777 4394 potestatem,

2127 4433 2193 4472 ac
2225 4417 2378 4487 quod
2411 4420 2535 4470 erat
2567 4415 2700 4470 inde
2742 4430 3133 4485 consequens,
3176 4412 3224 4468 si
3259 4430 3291 4468 a
3321 4412 3426 4467 tali
3466 4411 3782 4467 absolutus

2127 4506 2339 4560 fuisset
2361 4505 2811 4577 imperator,nec
2834 4504 2986 4575 apud
3008 4503 3190 4558 Deum
3209 4519 3313 4558 nec
3337 4502 3490 4574 apud
3514 4501 3784 4557 homines

2127 4610 2257 4649 vere
2279 4592 2426 4649 liber
2449 4611 2482 4648 a
2503 4593 2628 4648 diro
2652 4591 2885 4648 vinculo
2909 4596 3268 4646 censeretur.
3302 4593 3436 4654 Quae
3474 4595 3784 4662 Augustus

2124 4684 2374 4739 audiens
2403 4682 2475 4738 ab
2507 4698 2573 4738 eo
2605 4699 2780 4753 quem
2814 4667 2996 4756 patris
3029 4681 3286 4736 habebat
3315 4679 3461 4744 loco,
3495 4679 3588 4734 cui
3632 4683 3689 4734 et
3721 4683 3787 4734 ut

2125 4772 2494 4829 conscientia:
2519 4789 2637 4826 suae
2669 4770 2890 4827 arbitro
2922 4773 2979 4823 et
3011 4774 3074 4823 ut
3105 4769 3372 4824 omnium
3399 4785 3528 4840 quas
3557 4770 3626 4823 ad
3652 4785 3786 4841 pro-

2126 4861 2487 4918 curationem
2547 4863 2881 4932 spectarent
2933 4857 3272 4914 animarum
3334 4856 3785 4913 consultissimo

2127 4953 2349 5025 passim
2383 4952 2582 5007 habito
2612 4951 2744 5006 fidei
2777 4949 3094 5022 plurimam
3127 4947 3645 5018 venerationisque
3674 4947 3785 5001 tri-

2125 5042 2360 5108 buebat,
2404 5040 2697 5096 anxietate
2745 5037 3098 5094 constrictus
3133 5042 3223 5092 est
3259 5037 3545 5104 maxima,
3603 5053 3783 5106 quam

2127 5131 2379 5187 subinde
2413 5130 2598 5202 magis
2649 5129 2957 5201 magisque
2989 5126 3334 5181 intendebat
3366 5141 3690 5198 augescens
3724 5125 3784 5180 in

2127 5222 2252 5276 dies
2283 5220 2544 5276 schisma
2575 5219 2897 5274 multorum
2935 5219 3006 5272 ob
3041 5214 3328 5270 invidiam
3375 5213 3785 5271 translationis

2127 5309 2399 5366 Germani
2433 5308 2913 5363 communionem
2955 5305 3383 5374 aversantium,
3415 5304 3544 5376 ipso
3578 5320 3785 5360 secure

2128 5399 2306 5455 nimis
2329 5397 2721 5454 indormiente
2757 5395 2984 5467 injuriae
3009 5412 3128 5451 suae
3159 5399 3356 5463 tantae,
3385 5411 3490 5450 nec
3530 5411 3786 5466 purgare

2127 5495 2228 5544 aut
2257 5486 2505 5542 delinire
2555 5485 2796 5542 omnino
2837 5484 3180 5557 gliscentem
3233 5483 3518 5539 invidiam
3570 5482 3694 5537 ulla
3726 5499 3788 5538 re

2127 5581 2393 5634 conante.
2427 5575 2572 5631 Nam
2609 5577 2842 5632 tametsi
2883 5590 3090 5631 omnes
3142 5572 3226 5628 illi
3281 5572 3622 5628 nuntiarent
3656 5587 3786 5643 quae

2126 5671 2331 5724 contra
2362 5665 2527 5720 illum
2564 5666 2908 5721 dicebantur
2939 5670 3025 5720 .et
3082 5663 3324 5729 ﬁebant,
3374 5659 3596 5716 nemini
3650 5679 3786 5717 suc-

2096 5755 2378 5828 ,censuit,
2413 5753 2643 5812 nullum
2675 5750 3295 5828 compescuit,nullum
3329 5749 3418 5806 vel
3442 5749 3782 5821 minimum,
