4112 6400
406 412 513 469 739

1713 409 2012 466 GEORGII
2050 412 2513 468 PACHYMRRJE

3713 420 3829 475 740

400 537 558 594 οὐδὲν
602 536 775 593 οὐδενῖ
849 535 1119 613 ἠνώχλει,
1183 535 1276 590 κᾶν
1339 535 1534 596 πάντες
1618 531 2269 609 προσήγγελλον.Ᾱτὴν
2328 536 2800 614 Νοστογγόνισσαν
2863 538 3224 613 συνέστησανς
3287 541 3349 597 οὗ
3411 541 3635 617 βλέπεις
3692 543 3825 610 τοὺς

400 622 735 683 Μεταϐαλὼν
794 631 922 703 γοῦν
977 634 1078 696 τῆς
1124 626 1352 700 γνώμης
1386 626 1413 679 ὁ
1448 621 1701 700 βασιλεὺς
1758 622 1933 685 πολὺς
1988 624 2055 693 ἦν

398 718 768 794 ὀριγνώμενος
833 715 921 771 διὰ
1003 720 1169 772 ταῦτα
1255 716 1508 784 ἐκστῆναι
1564 718 1662 769 τοῦ
1722 714 1912 789 θρόνου
1966 715 2056 769 τὸν

398 808 695 882 Γερμανὸν,
727 803 820 860 κᾶν
859 808 932 879 μὴ
967 804 1018 876 ἐξ
1065 806 1256 859 ἑαυτοῦ
1321 804 1506 877 μαθὼν
1570 802 1893 873 ὑπεκσταίη,
1928 802 2057 857 ἀλλ’

397 893 487 949 οῦν
551 893 723 950 ἄλλον
784 895 1139 971 ἐπιθαρρἦαι
1199 888 1593 966 συμϐουλεύειν
1679 891 1868 964 ἐκείνῳ
1953 893 2051 961 τήν

399 985 782 1060 ὑποχώρησιν.
816 986 1080 1056 Ἒτοιμος
1113 981 1158 1037 δ’
1187 987 1251 1052 ἦν
1288 983 1363 1046 εἷς
1410 986 1571 1037 τοῦτο
1625 982 1686 1035 τὸ
1746 982 2053 1056 παραυτίκα

393 1074 676 1148 sumas,
713 1070 859 1141 πλὴν
920 1071 1266 1149 ἀνεμφάτως,
1301 1072 1389 1125 καὶ
1446 1071 1520 1132 ὡς
1582 1070 1639 1124 ἂν
1700 1069 1911 1139 οἰηθείη
1968 1090 2050 1131 τις

390 1160 708 1233 ἀγνοοῦντος
741 1165 839 1214 τοῦ
876 1161 1145 1236 βασιλέως
1180 1180 1193 1191 ⁸
1230 1160 1431 1221 ἐκεῖνος
1483 1161 1585 1233 γαρ
1644 1161 1734 1213 καὶ
1788 1156 1842 1222 ἐς
1894 1156 2054 1223 τέλος

387 1251 484 1319 τήν
522 1249 754 1324 ὑποψίαν
788 1249 987 1321 ταύτην
1021 1252 1108 1321 [Ρ.
1150 1252 1270 1323 197]
1307 1247 1714 1323 διεφυλάττετο.

793 1412 821 1486 ᾧ
888 1411 1087 1486 Ἰωσὴφ
1150 1414 1228 1486 τῷ
1315 1412 1579 1486 Γερμανῷ
1664 1403 2047 1463 συνεϐούλευεν

390 1413 481 1479 ιη’.
521 1413 708 1473 "Ome:

794 1481 1087 1546 ἀποθεσθαι
1116 1484 1216 1550 τήν
1245 1501 1527 1557 πατριαρχ
1535 1481 1637 1536 ίαν.

456 1625 561 1680 Καὶ
604 1622 671 1692 δὴ
728 1628 825 1679 τοῦ
892 1622 1160 1699 βασιλέως
1221 1620 1488 1695 ἐνδόντος,
1521 1621 1573 1676 ἐν
1632 1621 1972 1699 ἀπορρήτοις
2019 1621 2047 1675 ὁ

383 1716 589 1792 Ἰωσὴφ
618 1718 696 1786 τῷ
727 1720 990 1789 Γερμανῷ
1022 1714 1263 1787 προσιὼν
1325 1713 1377 1767 ἐν
1413 1715 1661 1787 σχήματι
1725 1706 2047 1784 συμϐούλου

388 1807 637 1878 χρηστοῦ
694 1805 791 1872 τήν
852 1804 1221 1879 πατριαρχίαν
1282 1797 1665 1857 συνεϐούλευεν
1726 1800 2042 1858 ἀποθέσθαι.

2170 626 2451 701 μοναχοὺς
2482 627 2958 704 ἀποφοιτήσαντας
2987 635 3094 684 τῶν
3141 632 3342 702 μονῶν,
3378 634 3464 694 αῖς
3524 629 3825 707 ἐνίδρωσαν

2162 715 2558 791 ὲγγηράσαντες
2610 724 2731 781 τοῖς
2790 718 3109 789 ἀσκητικοῖς
3166 719 3385 791 πόνοις;
3419 720 3471 775 εἷ
3502 719 3548 776 δ’
3607 721 3694 777 ἐπὶ
3752 730 3823 800 τῇ

2162 804 2405 880 Εὐλογίᾳ
2436 805 2674 882 θαρῥεῖς,
2709 805 2837 863 ἀλλ’
2861 806 2948 863 ’ίδε
2975 809 3074 877 τὴν
3135 807 3377 887 ἀδελφὴν
3440 811 3607 881 αὐτῆς
3667 813 3825 888 Μάρ-

2160 896 2275 964 θαν,
2329 892 2417 949 ’ἴδε
2471 896 2567 958 τὰς
2619 896 2785 966 αὐτῆς
2839 898 3153 971 θυγατέρας,
3214 900 3365 963 ὅπως
3416 904 3497 971 τῶ
3551 903 3822 975 Ἀρσενῖῳ

2160 988 2557 1060 προστετήκασι
2608 987 2698 1041 καὶ
2760 991 2855 1041 σοῦ
2915 986 3276 1063 ὀλιγωροῦσιν
3328 990 3403 1053 ὠς
3466 990 3720 1065 μηδενός.
3755 995 3823 1048 Οἱ

2160 1072 2217 1129 δὲ
2245 1076 2525 1148 κοσμιγοὶ,
2559 1075 2685 1130 ἀλλ’
2716 1075 2814 1131 οὐκ
2844 1071 2959 1152 ἔχω
2990 1099 3075 1132 σοι
3134 1077 3308 1154 λέγειν
3366 1082 3518 1143 ὅπως
3565 1087 3643 1155 τῷ
3693 1088 3819 1139 Ὑα-

2156 1165 2326 1233 κίνθῳ
2377 1166 2724 1240 πρόσκεινται
2773 1166 2864 1220 καὶ
2923 1170 2993 1239 τῇ
3053 1168 3493 1244 Νοστογγονίσσῃ
3567 1176 3816 1248 μοναχῇ,

2155 1256 2215 1323 ἣν
2244 1252 2483 1331 ἀδελφὴν
2519 1252 2666 1316 οἶδας
2699 1253 2858 1309 οὖσαν
2913 1253 3202 1319 Θεοδοσίας
3260 1258 3351 1312 καὶ
3397 1259 3649 1315 Ἰωάννου
3706 1267 3820 1317 τῶν

2157 1343 2481 1420 εἷ’ρημενων.
2515 1342 2577 1397 Τί
2610 1348 2739 1418 γοῦν
2793 1366 2877 1398 σοι
2931 1343 3129 1400 λοιπὸν
3190 1345 3735 1425 ἐναπολειφθήσεται,
3768 1351 3819 1407 εἳ

2156 1454 2219 1507 γε
2268 1434 2357 1487 καὶ
2418 1432 2671 1509 βασιλεὺς
2743 1433 2989 1489 ἀπειπὼν
3070 1434 3364 1509 ἀπολείψοι
3422 1458 3525 1508 σε;
3581 1445 3814 1498 σπεῦσον

2159 1524 2294 1595 μετά
2323 1529 2489 1595 τιμῆς
2520 1520 2776 1593 ἐξελθεῖν,
2809 1523 2884 1587 ὠς
2939 1524 3126 1598 καιρὸν
3183 1519 3331 1601 ἔχεις
3360 1529 3455 1580 τοῦ
3497 1527 3587 1605 ἀφ’
3619 1529 3813 1587 ἑαυτοῦ

2153 1612 2430 1686 πράττειν,
2469 1614 2542 1685 μή
2605 1633 2723 1674 πως
2776 1611 3092 1667 ἐπιστάντος
3155 1634 3240 1667 σοι
3290 1618 3387 1669 τοῦ
3444 1621 3638 1691 καιροῦ
3689 1621 3812 1684 καθ’

2153 1703 2213 1758 ’ὀν
2272 1697 2597 1773 ἀϐουλήτως
2655 1700 2907 1776 πράττειν
2966 1703 3369 1779 ἀναγκασθήσῃ,
3422 1706 3514 1760 καὶ
3588 1706 3810 1781 γέλωτα

2155 1789 2374 1870 ὅφλοις,
2405 1792 2717 1867 ἀποχωρῶν
2747 1799 2848 1861 τῆς
2880 1790 3174 1863 ἐκκλησίας
3234 1795 3323 1848 καὶ
3363 1791 3528 1851 ἄκων.
3562 1821 3590 1849 ››
3623 1800 3806 1854 Ταῦτα

384 1892 570 1948 Πολὺν
633 1896 737 1969 γὰρ
792 1894 928 1947 εἶναι
986 1894 1076 1947 τὸν
1136 1894 1407 1968 τάραχον,
1440 1890 1529 1946 καὶ
1564 1891 1671 1966 οὐχ
1703 1889 1820 1945 οἷόν
1850 1891 1897 1943 τ’
1925 1882 2039 1943 ἕσε-
2076 1896 2119 1960 Β
2157 1884 2249 1962 μὲν
2301 1880 2397 1936 οὖν
2454 1880 2658 1943 ἐκεῖνος
2702 1879 2753 1935 ἐν
2814 1880 3099 1953 ὑποθήκης
3149 1882 3339 1956 τρόπῳ
3368 1886 3507 1959 πρὸς
3563 1888 3656 1942 τὸν
3714 1887 3804 1944 ἐπὶ

386 1985 509 2037 σθαι
573 1982 627 2047 ἐς
687 1981 895 2057 μακρὰν
955 1982 1232 2057 ἀντισχεῖν
1301 1980 1532 2049 ἐκείνου,
1572 1981 1668 2034 κᾶν
1720 1978 1844 2033 ὅσον
1899 1980 2046 2051 παρὰ

381 2076 480 2127 τοῦ
516 2070 786 2145 βασιλέως
843 2070 1131 2145 συνέχοιτο
1167 2090 1179 2102 ·
1215 2067 1550 2139 ἀπαυδήσειν
1608 2068 1712 2143 γάρ
1762 2087 1897 2122 ποτε
1950 2066 2041 2120 γαὶ

381 2160 543 2216 αὐτὸν
604 2161 829 2236 βασιλέα
883 2159 1121 2232 μαθόντα
1176 2160 1239 2213 τὸ
1299 2158 1529 2234 σχίσμα.
1566 2182 1593 2209 ‹‹
1636 2160 1699 2213 Ἢ
1752 2156 1861 2231 ούχ
1912 2157 2041 2228 ὁρᾷς

382 2251 578 2305 ὁπόσοι
636 2270 695 2304 τε
752 2248 892 2326 ἀμφὶ
948 2248 1040 2302 τὸν
1071 2249 1346 2302 Ὑάκινθον
1381 2245 1576 2301 ὁπόσοι
1613 2247 1663 2301 τ’
1693 2244 1847 2309 αὖθις
1900 2243 2041 2318 ἀμφὶ

379 2339 480 2407 τήν
542 2334 830 2393 Θεοδοσίαν
885 2336 974 2391 καὶ
1031 2337 1123 2391 τὸν
1182 2334 1517 2413 αὐτάδελφον
1564 2334 1731 2404 αὐτῆς
1783 2335 2037 2403 Ἰωάννην

380 2428 472 2483 τὸν
503 2434 605 2497 τῆς
635 2427 860 2500 Μάρθας
909 2426 999 2480 καὶ
1046 2426 1142 2494 τὴν
1204 2422 1502 2502 ἐτεροθαλῆ
1561 2423 1803 2501 ἀδελφὴν
1867 2422 2041 2477 αὐτῶν

378 2651 442 2703 ut
472 2648 750 2719 oportuit,
785 2645 1048 2702 nascenti
1079 2649 1135 2701 et
1160 2644 1491 2713 augescenti
1526 2644 1680 2700 malo
1712 2644 2034 2700 remedium

375 2737 610 2807 objecit.
646 2740 872 2792 Mutata
902 2735 1082 2808 igitur
1113 2736 1405 2790 sententia
1439 2735 1759 2807 imperator
1810 2732 2033 2788 multus

364 2827 490 2896 jam
526 2826 729 2892 erat‘jn
755 2825 1139 2896 disquirenrlo
1162 2840 1365 2879 secum
1388 2841 1503 2895 qua
1526 2823 1781 2878 maxima
1804 2822 2031 2876 ratione

370 2919 569 2987 posset
592 2915 869 2985 consequi
895 2918 959 2967 ut
991 2929 1021 2968 e
1051 2912 1263 2968 throno
1282 2915 1610 2968 Germanus
1635 2914 2027 2966 amoveretur.

372 3003 658 3074 Cupiebat
714 3002 1028 3058 consilium
1090 3002 1242 3056 ultro
1294 3002 1429 3055 inde
1488 3000 1797 3056 recedendi
1832 3016 1934 3071 per
1967 3015 2029 3054 se

371 3091 542 3147 illum
577 3108 804 3163 capere.
839 3091 1001 3156 Quod
1034 3106 1168 3144 cum
1200 3089 1251 3145 ei
1282 3104 1598 3161 suggerere
1641 3089 1832 3159 pudor
1880 3104 2027 3141 suus

373 3197 490 3235 non
549 3179 786 3247 sineret,
845 3179 1085 3249 optabat
1138 3178 1409 3233 alicunde
1460 3177 1713 3248 aliquem
1748 3177 2027 3231 exsistere

2153 1979 2250 2031 τοῦ
2307 1971 2706 2046 πατριαρχείου
2764 1975 3043 2044 συνεῖρεν·
3104 1968 3232 2025 ἀλλ’
3282 1974 3316 2042 ἡ
3376 1969 3552 2048 ὄρεξις
3608 1976 3804 2052 προσί-

2152 2083 2311 2119 στατο
2368 2063 2468 2115 τοῦ
2526 2058 2836 2129 ἀκούοντος,
2864 2060 2953 2114 καὶ
3013 2060 3041 2113 ὁ
3095 2058 3269 2136 λέγων
3327 2060 3426 2117 οὐκ
3454 2059 3653 2128 ἔπειθε.
3690 2069 3801 2121 Ποῦ

2149 2153 2252 2228 γὰρ
2306 2150 2397 2206 καὶ
2449 2150 2524 2211 εἷς
2582 2152 2704 2203 νοῦν
2759 2147 2971 2221 ἐκείνῳ,
3003 2147 3079 2211 ὠς
3134 2150 3223 2204 καὶ
3286 2150 3537 2225 βασιλεὺς
3566 2154 3796 2210 ἐπινεύει

2149 2245 2317 2295 ταῦτα
2372 2238 2462 2293 καὶ
2519 2237 2587 2292 τὰ
2639 2241 2739 2302 τῆς
2789 2232 3110 2310 συμϐουλῆς
3140 2239 3344 2317 Ἰωσὴφ
3376 2238 3568 2296 ἐκεῖθεν
3620 2263 3795 2317 προα-

2149 2331 2535 2403 νακέκρουσται
2562 2347 2577 2398 ;
2609 2328 2829 2399 Ἔμεινε
2883 2330 3010 2402 γοῦν
3066 2327 3157 2381 καὶ
3214 2326 3290 2383 ἔτι
3330 2330 3417 2384 καὶ
3449 2326 3799 2389 ἐπεστοίϐασε

2148 2416 2453 2493 κληρικούς
2483 2437 2541 2472 τε
2568 2416 2657 2470 καὶ
2689 2414 2949 2492 ¹ἱεράρχας
2993 2422 3352 2493 χειροτονῶν,
3383 2419 3601 2497 ἀφορῶν
3659 2422 3797 2497 πρὸς

2143 2638 2336 2695 verint
2375 2638 2433 2692 in
2488 2636 3022 2693 exauctorationem
3055 2638 3184 2693 tui?
3215 2639 3339 2695 Non
3370 2640 3562 2696 cernis
3593 2657 3796 2698 mona-

2145 2728 2286 2784 chos
2334 2726 2640 2782 turmatim
2695 2726 2763 2780 ad
2798 2726 3001 2780 eadem
3046 2728 3365 2799 urgendam
3418 2736 3797 2802 erumpentes

2142 2818 2438 2882 claustris,
2472 2815 2691 2886 quibus
2730 2814 3115 2870 insenuerant
3154 2816 3423 2873 asceticis
3458 2818 3795 2876 insudando

2140 2904 2485 2962 laboribus?
2516 2907 2727 2959 Contra
2748 2920 2878 2974 quae
2900 2904 2950 2959 si
2982 2903 3240 2977 Eulogise
3271 2908 3534 2978 potentia
3567 2916 3618 2964 te
3645 2909 3792 2967 satis

2139 2996 2434 3050 munitum
2471 2998 2669 3064 putas,
2702 2999 2760 3048 at
2790 2998 3059 3063 reputare
3091 3000 3145 3049 te
3177 3002 3406 3067 oportet
3438 3013 3578 3068 opes
3610 2998 3793 3055 ferme

2138 3100 2309 3156 pares
2342 3085 2401 3138 in
2428 3082 2781 3138 contrariam
2815 3099 2930 3137 non
2991 3084 3169 3138 dubie
3212 3086 3422 3141 additae
3475 3088 3788 3144 factionem

2137 3174 2355 3228 sororis
2387 3175 2516 3244 ejus
2538 3172 2797 3227 Marthae.
2836 3173 3155 3229 Considera
3194 3175 3413 3247 quippe
3439 3176 3587 3232 filias
3610 3177 3790 3248 hujus

370 3268 623 3324 liberum
657 3267 1031 3334 monitorem,
1065 3266 1167 3338 qui
1217 3268 1463 3321 suadere
1512 3266 1734 3321 homini
1783 3266 2024 3320 auderet
2058 3288 2100 3355 Ο
2142 3267 2202 3317 ut
2232 3263 2510 3317 studeant
2539 3261 2799 3329 Arsenio,
2833 3268 2900 3316 ut
2930 3261 2987 3315 in
3021 3263 3151 3332 ejus
3173 3264 3425 3318 favorem
3473 3266 3791 3322 vehemen-

374 3360 620 3429 utquod
652 3374 855 3413 omnes
897 3357 1300 3411 desiderarent
1348 3359 1659 3425 occuparet
1700 3353 1902 3409 volens
1935 3355 2021 3408 fas

373 3463 500 3502 cere
532 3464 597 3502 ac
628 3446 740 3501 vim
776 3445 1016 3499 arbitrio
1052 3448 1443 3515 praverteret.
1486 3443 1869 3498 Commodum
1917 3443 2022 3496 ad-

375 3535 487 3590 fuit
519 3535 576 3589 in
607 3535 664 3589 id
700 3533 877 3589 officii
912 3537 1151 3604 paratus
1192 3533 1317 3603 ipse
1354 3531 1581 3602 primus
1612 3531 1892 3585 tricarum
1926 3548 2021 3586 ar-

378 3623 520 3680 tifex
549 3622 755 3679 talium
787 3621 1095 3692 Josephus,
1131 3620 1393 3675 monitus
1424 3625 1639 3686 tamen,
1690 3625 1747 3675 et
1776 3620 2020 3675 instinc-

372 3716 439 3768 tu
473 3728 695 3783 pronus
726 3712 784 3765 in
821 3710 1000 3778 idem,
1034 3709 1293 3780 periculo
1326 3709 1480 3765 velut
1509 3709 1740 3780 proprio
1789 3714 2022 3765 tentan-

374 3803 515 3856 dum
548 3801 606 3855 id
639 3816 892 3867 sumere,
930 3815 1033 3854 nec
1060 3799 1212 3855 292
1258 3816 1370 3868 prae
1406 3816 1466 3854 se
1492 3799 1638 3853 ferre
1669 3815 2018 3854 consensum

371 3890 431 3944 in
468 3889 575 3944 hoc
608 3887 794 3943 ullum
830 3892 929 3942 aut
962 3887 1378 3942 conscientiam
1413 3887 1691 3959 Augusti;
1720 3903 1893 3957 quam
1925 3886 2022 3941 ille

370 3978 703 4033 cautionem
736 3978 806 4032 ad
842 3978 1017 4031 finem
1052 3993 1238 4047 usque
1288 3977 1506 4048 negotii
1558 3976 1808 4031 fideliter
1854 3975 2021 4030 adhi-

370 4068 522 4137 buit,
556 4066 955 4138 suspicionem
997 4066 1131 4121 talis
1191 4065 1510 4121 molitionis
1553 4066 1624 4119 ab
1672 4066 2025 4136 imperatore

367 4162 657 4227 avertens,
690 4162 749 4213 ct
779 4156 964 4213 videri
998 4156 1275 4211 affectans
1308 4155 1542 4226 proprio
1574 4155 1810 4210 nomine
1841 4171 1906 4209 ac
1931 4155 2026 4224 ju-

367 4245 521 4301 dicio
553 4244 610 4300 id
643 4262 831 4318 agere.

368 4397 460 4453 48.
526 4398 589 4453 Ut
640 4397 917 4467 Josephus
989 4397 1261 4467 Germano
1317 4393 1558 4449 suaserit
1609 4392 2024 4449 abdicationem

985 4466 1417 4537 patriam/talus.

441 4594 630 4667 Igitur
681 4593 832 4649 clam
891 4592 1261 4648 concedenda
1317 4590 1669 4661 imperatore
1724 4589 2024 4661 Josephus

365 4700 578 4741 arcano
611 4684 970 4740 Germanum
1001 4683 1227 4752 adiens,
1254 4680 1445 4751 specie
1476 4697 1540 4735 ac
1568 4696 1818 4750 persona
1839 4679 2022 4733 bene-
2055 4671 2103 4733 D

372 4774 487 4830 voli
521 4772 839 4829 consiliarii
875 4772 1175 4844 suggessit
1206 4771 1421 4841 optime
1456 4769 1744 4824 facturum
1771 4766 1940 4822 illum
1974 4768 2025 4822 si

368 4863 525 4919 ultro
578 4862 980 4935 patriarchatu
1051 4861 1332 4917 cederet:
1366 4858 1756 4913 intumescere
1809 4858 2025 4929 quippe

367 4952 671 5025 vulgarem
703 4952 1083 5008 offensionem
1120 4950 1175 5003 in
1213 4947 1430 5003 molem
1465 4947 1694 5001 invidias
1732 4951 1845 5001 tam
1878 4947 2023 5001 vali'

367 5043 529 5110 dam,
558 5042 651 5096 cui
686 5058 841 5111 mox,
876 5041 973 5096 ubi
1027 5038 1201 5112 paulo
1237 5036 1369 5109 plus
1419 5052 1480 5091 se
1535 5036 2023 5101 corroboraverit,

371 5132 811 5201 perrumpenda:
837 5146 941 5201 par
975 5146 1087 5183 non
1124 5127 1202 5181 sit
1224 5125 1482 5180 fururus.
1517 5124 1631 5179 Nec
1662 5125 1878 5179 faventi
1912 5125 2023 5179 sibi

367 5223 635 5291 Augusto
669 5219 921 5275 nimium
952 5218 1158 5272 fideret
1190 5233 1203 5271 :
1239 5221 1295 5270 et
1323 5214 1518 5285 ipsum
1564 5213 1723 5268 enim
1775 5230 1878 5284 pro
1923 5231 2026 5268 sua

371 5307 680 5379 sapientia,
714 5306 895 5362 simul
937 5305 1254 5361 invaluisse
1310 5302 1572 5358 schisma
1628 5302 1859 5369 viderit,
1919 5303 2027 5359 niti

365 5401 572 5452 contra.
604 5399 923 5451 torrentem
976 5394 1199 5448 frustra
1229 5396 1287 5448 et
1318 5390 1575 5462 pernicie
1610 5394 1771 5446 certa
1801 5391 2026 5447 desitu-

370 5502 526 5540 rum.
584 5507 605 5534 ι
658 5488 746 5539 An
782 5483 963 5549 enim,
991 5483 1269 5546 addebat,
1298 5498 1413 5535 non
1447 5480 1610 5535 vides
1643 5496 1820 5551 quam
1852 5481 2025 5537 multi

370 5590 501 5629 cum
538 5570 883 5643 Hyacintho,
909 5586 1091 5641 quam
1118 5569 1288 5624 multi
1308 5586 1512 5624 rursus
1549 5585 1681 5623 cum
1701 5568 2027 5626 Theodosia

364 5664 661 5732 fratreque
724 5659 913 5731 ipsius
972 5659 1200 5715 Joanne
1257 5658 1493 5713 Marthae
1546 5657 1667 5714 filio
1718 5663 1777 5714 et
1827 5676 2028 5716 sorore

365 5749 580 5805 horum
644 5764 713 5802 ex
762 5747 875 5803 alio
928 5751 1174 5819 parente
1229 5746 1697 5818 Nostongonissa
1726 5748 2029 5819 conspira-

2136 3356 2226 3406 ter
2248 3351 2615 3415 incumbant,
2653 3354 2717 3403 ut
2740 3357 2791 3404 te
2814 3367 2917 3421 pro
2961 3351 3124 3407 nullo
3146 3358 3204 3407 et
3224 3354 3559 3423 suposititio
3594 3355 3785 3427 palam

2136 3447 2441 3511 spernant.
2485 3438 2592 3502 Qui
2625 3438 2983 3495 saeculares?
3010 3440 3203 3496 dicere
3241 3442 3346 3497 tibi
3381 3460 3585 3499 vereor
3614 3460 3789 3514 quam

2134 3528 2428 3583 indivulse
2459 3529 2796 3583 adhaereant
2824 3528 3148 3601 Hyacinthe
3200 3536 3256 3585 et
3307 3532 3784 3605 Nostongonissae

2134 3617 2437 3673 monachae
2467 3634 2644 3688 quam
2677 3617 3015 3673 Theodosius
3048 3635 3114 3674 ac
3165 3619 3410 3676 Joannis
3454 3624 3628 3678 modo
3661 3640 3784 3680 me-

2134 3713 2499 3762 moratorum
2517 3723 2773 3762 sororem
2800 3707 2976 3762 nosti.
3003 3708 3149 3772 Quid
3175 3709 3476 3779 igiturtibi
3511 3712 3611 3766 fiet
3642 3712 3780 3767 reli~

2132 3797 2255 3867 qui,
2280 3795 2329 3849 si
2382 3800 2684 3864 Augustus
2737 3798 2894 3850 metu
2948 3796 3288 3853 schismatis
3319 3799 3587 3869 adigatur
3616 3800 3687 3855 ad
3724 3806 3781 3857 te

2133 3884 2551 3939 deserendum?
2574 3884 2875 3953 Prasvertc,
2902 3884 2950 3940 si
2973 3884 3117 3941 mihi
3150 3886 3793 3959 credis,ignominiam,

2132 3978 2190 4029 et
2238 3973 2449 4028 festina
2487 3990 2622 4028 cum
2673 3973 2893 4029 honore
2934 3974 3069 4029 inde
3100 3976 3276 4041 exire,
3304 3977 3457 4031 unde
3490 3994 3624 4033 mox
3655 3996 3791 4034 cum

2134 4062 2290 4117 293
2324 4062 2606 4117 dedecore
2656 4063 3060 4119 extrudendus
3109 4079 3193 4118 es.
3246 4064 3425 4121 Breve
3473 4071 3654 4122 restat
3685 4071 3796 4123 tuo

2135 4151 2395 4222 spatium
2446 4150 2710 4219 arbitrio,
2747 4152 2937 4207 brevis
2968 4158 3059 4209 est
3088 4154 3320 4210 occasio
3350 4156 3681 4213 voluntarie
3729 4174 3800 4213 ac

2134 4238 2371 4295 laudate
2404 4241 2783 4311 defungendi.
2808 4242 2863 4295 Si
2888 4241 3161 4313 negligis,
3180 4245 3381 4300 statim
3400 4250 3634 4318 tempus
3657 4248 3796 4303 ade-

2136 4328 2208 4383 rit
2228 4329 2485 4399 quojam
2510 4335 2749 4385 coactus
2782 4334 2840 4385 et
2873 4347 3005 4384 cum
3032 4331 3150 4387 risu
3176 4333 3521 4389 asmulorum
3545 4335 3799 4392 ecclesia

2136 4419 2355 4473 invitus
2403 4420 2680 4473 excedere
2736 4420 3127 4490 compellaris.
3162 4444 3192 4472 »
3241 4422 3371 4478 Haec
3424 4424 3546 4491 illo,
3582 4426 3684 4480 fidi
3727 4442 3796 4481 se

2137 4505 2367 4561 consilii
2390 4508 2735 4562 benevolum
2763 4513 3060 4564 auctorem
3082 4510 3297 4578 ferens,
3332 4513 3792 4583 patriarcbalem

2138 4595 2485 4667 dignitatem
2545 4596 2773 4668 gerenti
2832 4598 3151 4670 suggessit.
3211 4600 3321 4655 Sed
3381 4619 3497 4658 non
3583 4603 3799 4674 reperit

2134 4686 2361 4741 aditum
2418 4685 2477 4739 in
2536 4686 2837 4741 audientis
2895 4686 3088 4743 animo
3156 4689 3438 4745 aviditate
3495 4692 3553 4746 in
3614 4698 3796 4764 gustu

2136 4776 2440 4846 praesentis
2494 4775 2630 4831 boni
2681 4776 2873 4831 deﬁxa
2948 4783 3332 4850 preoccupato
3409 4781 3603 4852 qualis
3679 4782 3801 4837 ista

2137 4880 2369 4935 cunque
2415 4866 2716 4937 suggestio
2752 4867 3090 4935 :quomodo
3122 4869 3281 4923 enim
3334 4869 3391 4925 id
3444 4871 3795 4941 persuaderi

2139 4953 2253 5008 sibi
2305 4953 2636 5009 Germanus
2690 4955 2928 5022 sineret,
2980 4956 3258 5024 ignorans
3308 4975 3425 5029 quo
3484 4959 3799 5016 inclinaret

2135 5043 2477 5113 imperator,
2510 5058 2576 5097 ac
2625 5059 2697 5099 ne
2755 5044 3044 5114 suspicari
3107 5045 3346 5116 quidem
3396 5047 3599 5105 valens
3650 5049 3799 5107 talia

2138 5132 2247 5186 sibi
2280 5135 2426 5186 nutu
2454 5132 2721 5201 ejusdem
2771 5149 2839 5188 ac
2889 5133 3153 5204 impulsu
3206 5136 3497 5207 proponi?
3534 5137 3801 5193 Perstitit

2132 5220 2314 5292 igitur
2367 5219 2561 5275 adhuc
2620 5222 2679 5275 in
2740 5224 3042 5294 proposito
3110 5227 3344 5281 tuendae
3396 5226 3795 5297 possessionis

2138 5309 2337 5365 throni
2369 5326 2548 5381 seque
2578 5309 2637 5364 in
2670 5328 2738 5366 ea
2768 5312 3065 5383 firmandi,
3098 5315 3167 5368 ad
3203 5315 3311 5369 hoc
3343 5315 3629 5372 affectans
3649 5321 3794 5371 tunc

2137 5416 2271 5455 cum
2304 5398 2559 5454 maxime
2593 5416 2768 5455 usum
2802 5407 3099 5458 ostentare
3150 5403 3411 5459 labantis
3459 5406 3799 5476 potestatis,

2140 5487 2311 5560 quasi
2360 5505 2483 5543 eam
2534 5488 2642 5544 sibi
2677 5491 2863 5546 multo
2910 5490 3073 5548 illius
3104 5493 3378 5548 exercitio
3410 5495 3603 5565 magis
3633 5510 3796 5549 asse-

2137 5582 2312 5633 reret.
2351 5578 2710 5648 Frequentes
2747 5596 2853 5651 ego
2886 5580 3233 5637 clericorum
3282 5588 3340 5638 et
3382 5583 3800 5656 episcoporum

2140 5666 2544 5723 ordinationes
2600 5668 2948 5739 celebravit,
2990 5671 3175 5727 fretus
3224 5670 3451 5728 scilicet
3505 5676 3800 5729 ostentato

2140 5756 2428 5829 principis
2462 5758 2677 5827 favore,
2711 5758 2813 5830 qui
2845 5764 3039 5816 tamen
3086 5760 3412 5819 ludibrium
3462 5779 3689 5821 merum
3737 5766 3799 5819 et
