  <div class='ocr_page' id='page_1' title='image "/cluster/home/n/w/nwhite01/storage/ocr_20150623/143:no.1/coo.31924054870484/378.png"; bbox 0 0 4112 6426; ppageno 0'>
   <div class='ocr_carea' id='block_1_1' title="bbox 309 414 416 470">
    <p class='ocr_par' dir='ltr' id='par_1_1' title="bbox 309 414 416 470">
     <span class='ocr_line' id='line_1_1' title="bbox 309 414 416 470; baseline 0.009 -1"><span class='ocrx_word' id='word_1_1' title='bbox 309 414 416 470; x_wconf 69' lang='grc'>741</span> 
     </span>
    </p>
   </div>
   <div class='ocr_carea' id='block_1_2' title="bbox 1394 408 2677 471">
    <p class='ocr_par' dir='ltr' id='par_1_2' title="bbox 1394 408 2677 471">
     <span class='ocr_line' id='line_1_2' title="bbox 1394 408 2677 471; baseline -0.004 -2"><span class='ocrx_word' id='word_1_2' title='bbox 1394 417 1492 470; x_wconf 81' lang='lat' dir='ltr'><strong>DE</strong></span> <span class='ocrx_word' id='word_1_3' title='bbox 1529 414 1902 471; x_wconf 79' lang='lat' dir='ltr'>MICHAELE</span> <span class='ocrx_word' id='word_1_4' title='bbox 1939 408 2366 467; x_wconf 81' lang='lat' dir='ltr'>PALEOLOGO</span> <span class='ocrx_word' id='word_1_5' title='bbox 2402 412 2537 466; x_wconf 89' lang='lat' dir='ltr'>LIB.</span> <span class='ocrx_word' id='word_1_6' title='bbox 2580 413 2677 465; x_wconf 87' lang='lat' dir='ltr'>IV.</span> 
     </span>
    </p>
   </div>
   <div class='ocr_carea' id='block_1_3' title="bbox 3630 417 3740 473">
    <p class='ocr_par' dir='ltr' id='par_1_3' title="bbox 3630 417 3740 473">
     <span class='ocr_line' id='line_1_3' title="bbox 3630 417 3740 473; baseline 0 0"><span class='ocrx_word' id='word_1_7' title='bbox 3630 417 3740 473; x_wconf 78' lang='grc'>742</span> 
     </span>
    </p>
   </div>
   <div class='ocr_carea' id='block_1_4' title="bbox 302 531 3736 618">
    <p class='ocr_par' dir='ltr' id='par_1_4' title="bbox 302 531 3736 618">
     <span class='ocr_line' id='line_1_4' title="bbox 302 531 3736 618; baseline 0 -22"><span class='ocrx_word' id='word_1_8' title='bbox 302 539 402 610; x_wconf 83' lang='grc' dir='ltr'>τήν</span> <span class='ocrx_word' id='word_1_9' title='bbox 460 542 559 595; x_wconf 75' lang='grc' dir='ltr'>τοῦ</span> <span class='ocrx_word' id='word_1_10' title='bbox 616 540 947 615; x_wconf 72' lang='grc' dir='ltr'>κρατοῦντος</span> <span class='ocrx_word' id='word_1_11' title='bbox 1007 536 1305 611; x_wconf 80' lang='grc' dir='ltr'>εὗμὲνειαν.</span> <span class='ocrx_word' id='word_1_12' title='bbox 1333 539 1407 594; x_wconf 86' lang='grc' dir='ltr'>Τὸ</span> <span class='ocrx_word' id='word_1_13' title='bbox 1456 537 1503 593; x_wconf 87' lang='grc' dir='ltr'>δ’</span> <span class='ocrx_word' id='word_1_14' title='bbox 1553 535 1635 612; x_wconf 73' lang='grc' dir='ltr'>ἄρ’</span> <span class='ocrx_word' id='word_1_15' title='bbox 1664 539 1730 607; x_wconf 74' lang='grc' dir='ltr'>ἦν</span> <span class='ocrx_word' id='word_1_16' title='bbox 1779 535 1959 612; x_wconf 80' lang='grc' dir='ltr'>χλεύη</span> <span class='ocrx_word' id='word_1_17' title='bbox 1994 539 2046 605; x_wconf 70' lang='grc' dir='ltr'>Α</span> <span class='ocrx_word' id='word_1_18' title='bbox 2075 544 2259 597; x_wconf 86' lang='grc' dir='ltr'>κινθος</span> <span class='ocrx_word' id='word_1_19' title='bbox 2293 533 2541 608; x_wconf 86' lang='grc' dir='ltr'>μοναχὸς</span> <span class='ocrx_word' id='word_1_20' title='bbox 2570 534 2637 603; x_wconf 82' lang='grc' dir='ltr'>ἧν</span> <span class='ocrx_word' id='word_1_21' title='bbox 2669 531 2729 589; x_wconf 85' lang='grc' dir='ltr'>ἐκ</span> <span class='ocrx_word' id='word_1_22' title='bbox 2751 531 2973 607; x_wconf 82' lang='grc' dir='ltr'>δύσεως,</span> <span class='ocrx_word' id='word_1_23' title='bbox 3004 537 3094 593; x_wconf 85' lang='grc' dir='ltr'>καί</span> <span class='ocrx_word' id='word_1_24' title='bbox 3148 559 3206 614; x_wconf 87' lang='grc' dir='ltr'>γε</span> <span class='ocrx_word' id='word_1_25' title='bbox 3263 537 3514 594; x_wconf 84' lang='grc' dir='ltr'>Νικαίαθι</span> <span class='ocrx_word' id='word_1_26' title='bbox 3571 562 3736 618; x_wconf 85' lang='grc' dir='ltr'>γεγο-</span> 
     </span>
    </p>
   </div>
   <div class='ocr_carea' id='block_1_5' title="bbox 305 626 1973 704">
    <p class='ocr_par' dir='ltr' id='par_1_5' title="bbox 305 626 1973 704">
     <span class='ocr_line' id='line_1_5' title="bbox 305 626 1973 704; baseline -0.002 -20"><span class='ocrx_word' id='word_1_27' title='bbox 305 629 395 684; x_wconf 83' lang='grc' dir='ltr'>καὶ</span> <span class='ocrx_word' id='word_1_28' title='bbox 423 629 630 704; x_wconf 70' lang='grc' dir='ltr'>γέλως,</span> <span class='ocrx_word' id='word_1_29' title='bbox 663 629 755 684; x_wconf 83' lang='grc' dir='ltr'>καὶ</span> <span class='ocrx_word' id='word_1_30' title='bbox 782 628 845 683; x_wconf 91' lang='grc' dir='ltr'>τὸ</span> <span class='ocrx_word' id='word_1_31' title='bbox 876 628 953 692; x_wconf 76' lang='grc' dir='ltr'>εἷς</span> <span class='ocrx_word' id='word_1_32' title='bbox 1001 626 1207 683; x_wconf 79' lang='grc' dir='ltr'>ἐκεῖνον</span> <span class='ocrx_word' id='word_1_33' title='bbox 1271 627 1511 698; x_wconf 76' lang='grc' dir='ltr'>ἐλπίζειν</span> <span class='ocrx_word' id='word_1_34' title='bbox 1569 627 1694 683; x_wconf 77' lang='grc' dir='ltr'>ὅσον</span> <span class='ocrx_word' id='word_1_35' title='bbox 1752 627 1843 681; x_wconf 81' lang='grc' dir='ltr'>καὶ</span> <span class='ocrx_word' id='word_1_36' title='bbox 1892 630 1973 697; x_wconf 83' lang='grc' dir='ltr'>τῷ</span> 
     </span>
    </p>
   </div>
   <div class='ocr_carea' id='block_1_6' title="bbox 307 716 1972 791">
    <p class='ocr_par' dir='ltr' id='par_1_6' title="bbox 307 716 1972 791">
     <span class='ocr_line' id='line_1_6' title="bbox 307 716 1972 791; baseline -0.002 -17"><span class='ocrx_word' id='word_1_37' title='bbox 307 718 359 775; x_wconf 91' lang='grc' dir='ltr'>ἐν</span> <span class='ocrx_word' id='word_1_38' title='bbox 423 717 600 791; x_wconf 90' lang='grc' dir='ltr'>μνίοις</span> <span class='ocrx_word' id='word_1_39' title='bbox 658 717 959 788; x_wconf 76' lang='grc' dir='ltr'>θαλάσσης,</span> <span class='ocrx_word' id='word_1_40' title='bbox 1010 718 1129 772; x_wconf 87' lang='grc' dir='ltr'>ἐπεὶ</span> <span class='ocrx_word' id='word_1_41' title='bbox 1185 725 1290 787; x_wconf 83' lang='grc' dir='ltr'>τῆς</span> <span class='ocrx_word' id='word_1_42' title='bbox 1345 729 1482 782; x_wconf 80' lang='grc' dir='ltr'>νεως</span> <span class='ocrx_word' id='word_1_43' title='bbox 1540 716 1831 786; x_wconf 83' lang='grc' dir='ltr'>ἀποπέσοι,</span> <span class='ocrx_word' id='word_1_44' title='bbox 1892 718 1972 789; x_wconf 76' lang='grc' dir='ltr'>[Ρ.</span> 
     </span>
    </p>
   </div>
   <div class='ocr_carea' id='block_1_7' title="bbox 314 805 1979 883">
    <p class='ocr_par' dir='ltr' id='par_1_7' title="bbox 314 805 1979 883">
     <span class='ocr_line' id='line_1_7' title="bbox 314 805 1979 883; baseline -0.004 -19"><span class='ocrx_word' id='word_1_45' title='bbox 314 807 763 883; x_wconf 60' lang='grc' dir='ltr'>19816αρῥοῦντι</span> <span class='ocrx_word' id='word_1_46' title='bbox 823 807 1105 876; x_wconf 77' lang='grc' dir='ltr'>σώζετθοι.</span> <span class='ocrx_word' id='word_1_47' title='bbox 1141 805 1304 862; x_wconf 85' lang='grc' dir='ltr'>Ἀλλ’</span> <span class='ocrx_word' id='word_1_48' title='bbox 1337 810 1365 862; x_wconf 88' lang='lat'>6</span> <span class='ocrx_word' id='word_1_49' title='bbox 1412 812 1625 882; x_wconf 81' lang='grc' dir='ltr'>κρατῶν</span> <span class='ocrx_word' id='word_1_50' title='bbox 1682 808 1782 875; x_wconf 81' lang='grc' dir='ltr'>τήν</span> <span class='ocrx_word' id='word_1_51' title='bbox 1842 805 1979 859; x_wconf 84' lang='grc' dir='ltr'>ὑπο-</span> 
     </span>
    </p>
   </div>
   <div class='ocr_carea' id='block_1_8' title="bbox 314 894 1979 972">
    <p class='ocr_par' dir='ltr' id='par_1_8' title="bbox 314 894 1979 972">
     <span class='ocr_line' id='line_1_8' title="bbox 314 894 1979 972; baseline -0.002 -21"><span class='ocrx_word' id='word_1_52' title='bbox 314 898 444 972; x_wconf 81' lang='grc' dir='ltr'>ψίαν</span> <span class='ocrx_word' id='word_1_53' title='bbox 500 894 769 952; x_wconf 76' lang='grc' dir='ltr'>ἐκκλίνειν</span> <span class='ocrx_word' id='word_1_54' title='bbox 828 894 1027 951; x_wconf 79' lang='grc' dir='ltr'>ἐθὲλων</span> <span class='ocrx_word' id='word_1_55' title='bbox 1103 897 1195 951; x_wconf 84' lang='grc' dir='ltr'>καὶ</span> <span class='ocrx_word' id='word_1_56' title='bbox 1267 897 1513 972; x_wconf 71' lang='grc' dir='ltr'>συνέχειν</span> <span class='ocrx_word' id='word_1_57' title='bbox 1597 898 1979 971; x_wconf 78' lang='grc' dir='ltr'>προσεποιεῖτο</span> 
     </span>
    </p>
   </div>
   <div class='ocr_carea' id='block_1_9' title="bbox 315 983 1981 1063">
    <p class='ocr_par' dir='ltr' id='par_1_9' title="bbox 315 983 1981 1063">
     <span class='ocr_line' id='line_1_9' title="bbox 315 983 1981 1063; baseline -0.004 -22"><span class='ocrx_word' id='word_1_58' title='bbox 315 986 408 1041; x_wconf 85' lang='grc' dir='ltr'>καὶ</span> <span class='ocrx_word' id='word_1_59' title='bbox 475 985 719 1060; x_wconf 84' lang='grc' dir='ltr'>εὐμενῶς</span> <span class='ocrx_word' id='word_1_60' title='bbox 798 986 1207 1063; x_wconf 72' lang='grc' dir='ltr'>προσεφέρετο,</span> <span class='ocrx_word' id='word_1_61' title='bbox 1271 986 1361 1040; x_wconf 85' lang='grc' dir='ltr'>καὶ</span> <span class='ocrx_word' id='word_1_62' title='bbox 1446 991 1707 1061; x_wconf 76' lang='grc' dir='ltr'>παρεῖχεν</span> <span class='ocrx_word' id='word_1_63' title='bbox 1794 983 1981 1054; x_wconf 85' lang='grc' dir='ltr'>ἐκείνῳ</span> 
     </span>
    </p>
   </div>
   <div class='ocr_carea' id='block_1_10' title="bbox 317 1074 1982 1152">
    <p class='ocr_par' dir='ltr' id='par_1_10' title="bbox 317 1074 1982 1152">
     <span class='ocr_line' id='line_1_10' title="bbox 317 1074 1982 1152; baseline -0.004 -19"><span class='ocrx_word' id='word_1_64' title='bbox 317 1076 573 1147; x_wconf 85' lang='grc' dir='ltr'>πλεῖστα,</span> <span class='ocrx_word' id='word_1_65' title='bbox 607 1075 688 1152; x_wconf 72' lang='grc' dir='ltr'>ἐφ’</span> <span class='ocrx_word' id='word_1_66' title='bbox 717 1076 762 1149; x_wconf 86' lang='grc' dir='ltr'>ᾦ</span> <span class='ocrx_word' id='word_1_67' title='bbox 794 1074 974 1147; x_wconf 81' lang='grc' dir='ltr'>διδοίη</span> <span class='ocrx_word' id='word_1_68' title='bbox 1011 1076 1229 1138; x_wconf 75' lang='grc' dir='ltr'>καὶτὰς</span> <span class='ocrx_word' id='word_1_69' title='bbox 1283 1081 1389 1131; x_wconf 81' lang='grc' dir='ltr'>τῶν</span> <span class='ocrx_word' id='word_1_70' title='bbox 1440 1076 1670 1132; x_wconf 83' lang='grc' dir='ltr'>πολλῶν</span> <span class='ocrx_word' id='word_1_71' title='bbox 1729 1074 1982 1145; x_wconf 82' lang='grc' dir='ltr'>ἐξωνοῖτο</span> 
     </span>
    </p>
   </div>
   <div class='ocr_carea' id='block_1_11' title="bbox 320 1164 1981 1249">
    <p class='ocr_par' dir='ltr' id='par_1_11' title="bbox 320 1164 1981 1249">
     <span class='ocr_line' id='line_1_11' title="bbox 320 1164 1981 1249; baseline -0.002 -29"><span class='ocrx_word' id='word_1_72' title='bbox 320 1169 569 1241; x_wconf 84' lang='grc' dir='ltr'>γνώμας,</span> <span class='ocrx_word' id='word_1_73' title='bbox 604 1166 742 1222; x_wconf 85' lang='grc' dir='ltr'>ὥστε</span> <span class='ocrx_word' id='word_1_74' title='bbox 765 1166 856 1221; x_wconf 86' lang='grc' dir='ltr'>καὶ</span> <span class='ocrx_word' id='word_1_75' title='bbox 886 1169 988 1231; x_wconf 80' lang='grc' dir='ltr'>τῆς</span> <span class='ocrx_word' id='word_1_76' title='bbox 1021 1170 1129 1220; x_wconf 80' lang='grc' dir='ltr'>τῶν</span> <span class='ocrx_word' id='word_1_77' title='bbox 1184 1164 1355 1242; x_wconf 76' lang='grc' dir='ltr'>βαΐων</span> <span class='ocrx_word' id='word_1_78' title='bbox 1414 1167 1608 1239; x_wconf 76' lang='grc' dir='ltr'>ἑορτῆς</span> <span class='ocrx_word' id='word_1_79' title='bbox 1667 1164 1981 1249; x_wconf 62' lang='grc' dir='ltr'>ἐπιστάσης,</span> 
     </span>
    </p>
   </div>
   <div class='ocr_carea' id='block_1_12' title="bbox 320 1250 1984 1330">
    <p class='ocr_par' dir='ltr' id='par_1_12' title="bbox 320 1250 1984 1330">
     <span class='ocr_line' id='line_1_12' title="bbox 320 1250 1984 1330; baseline -0.004 -18"><span class='ocrx_word' id='word_1_80' title='bbox 320 1253 411 1312; x_wconf 75' lang='grc' dir='ltr'>ὅτε</span> <span class='ocrx_word' id='word_1_81' title='bbox 466 1256 558 1311; x_wconf 86' lang='grc' dir='ltr'>καὶ</span> <span class='ocrx_word' id='word_1_82' title='bbox 616 1257 651 1325; x_wconf 80' lang='grc' dir='ltr'>ἠ</span> <span class='ocrx_word' id='word_1_83' title='bbox 714 1257 952 1326; x_wconf 78' lang='grc' dir='ltr'>συνήθης</span> <span class='ocrx_word' id='word_1_84' title='bbox 1001 1256 1050 1328; x_wconf 81' lang='grc' dir='ltr'>ἐξ</span> <span class='ocrx_word' id='word_1_85' title='bbox 1100 1250 1300 1330; x_wconf 78' lang='grc' dir='ltr'>ὄρθρου</span> <span class='ocrx_word' id='word_1_86' title='bbox 1335 1254 1575 1326; x_wconf 79' lang='grc' dir='ltr'>λιτανείᾳ</span> <span class='ocrx_word' id='word_1_87' title='bbox 1597 1253 1858 1323; x_wconf 85' lang='grc' dir='ltr'>τελεῖται,</span> <span class='ocrx_word' id='word_1_88' title='bbox 1889 1252 1984 1307; x_wconf 80' lang='grc' dir='ltr'>αύ-</span> 
     </span>
    </p>
   </div>
   <div class='ocr_carea' id='block_1_13' title="bbox 318 1341 1988 1420">
    <p class='ocr_par' dir='ltr' id='par_1_13' title="bbox 318 1341 1988 1420">
     <span class='ocr_line' id='line_1_13' title="bbox 318 1341 1988 1420; baseline -0.004 -18"><span class='ocrx_word' id='word_1_89' title='bbox 318 1347 409 1409; x_wconf 86' lang='grc' dir='ltr'>τὸς</span> <span class='ocrx_word' id='word_1_90' title='bbox 466 1344 686 1420; x_wconf 72' lang='grc' dir='ltr'>πέμψας</span> <span class='ocrx_word' id='word_1_91' title='bbox 745 1346 976 1399; x_wconf 88' lang='grc' dir='ltr'>πλεῖστα</span> <span class='ocrx_word' id='word_1_92' title='bbox 1035 1344 1085 1417; x_wconf 79' lang='grc' dir='ltr'>ἐξ</span> <span class='ocrx_word' id='word_1_93' title='bbox 1150 1344 1392 1419; x_wconf 85' lang='grc' dir='ltr'>ἀργύρου</span> <span class='ocrx_word' id='word_1_94' title='bbox 1448 1344 1538 1398; x_wconf 82' lang='grc' dir='ltr'>καὶ</span> <span class='ocrx_word' id='word_1_95' title='bbox 1573 1342 1775 1418; x_wconf 77' lang='grc' dir='ltr'>χιλκοῦ</span> <span class='ocrx_word' id='word_1_96' title='bbox 1825 1341 1988 1414; x_wconf 88' lang='grc' dir='ltr'>νομί-</span> 
     </span>
    </p>
   </div>
   <div class='ocr_carea' id='block_1_14' title="bbox 323 1429 1985 1510">
    <p class='ocr_par' dir='ltr' id='par_1_14' title="bbox 323 1429 1985 1510">
     <span class='ocr_line' id='line_1_14' title="bbox 323 1429 1985 1510; baseline -0.004 -18"><span class='ocrx_word' id='word_1_97' title='bbox 323 1457 504 1510; x_wconf 88' lang='grc' dir='ltr'>σματα</span> <span class='ocrx_word' id='word_1_98' title='bbox 534 1435 674 1510; x_wconf 88' lang='grc' dir='ltr'>πρὸς</span> <span class='ocrx_word' id='word_1_99' title='bbox 727 1439 824 1489; x_wconf 80' lang='grc' dir='ltr'>τοῦ</span> <span class='ocrx_word' id='word_1_100' title='bbox 879 1434 1211 1508; x_wconf 71' lang='grc' dir='ltr'>κρατοῦντος</span> <span class='ocrx_word' id='word_1_101' title='bbox 1267 1431 1566 1506; x_wconf 76' lang='grc' dir='ltr'>ἐλάμϐανε,</span> <span class='ocrx_word' id='word_1_102' title='bbox 1604 1434 1695 1487; x_wconf 82' lang='grc' dir='ltr'>καὶ</span> <span class='ocrx_word' id='word_1_103' title='bbox 1755 1429 1985 1507; x_wconf 76' lang='grc' dir='ltr'>ἁρπεδό-</span> 
     </span>
    </p>
   </div>
   <div class='ocr_carea' id='block_1_15' title="bbox 326 1519 1988 1597">
    <p class='ocr_par' dir='ltr' id='par_1_15' title="bbox 326 1519 1988 1597">
     <span class='ocr_line' id='line_1_15' title="bbox 326 1519 1988 1597; baseline -0.004 -17"><span class='ocrx_word' id='word_1_104' title='bbox 326 1547 408 1581; x_wconf 89' lang='grc' dir='ltr'>σιν</span> <span class='ocrx_word' id='word_1_105' title='bbox 465 1522 732 1580; x_wconf 73' lang='grc' dir='ltr'>ἐνδεῖσθαι</span> <span class='ocrx_word' id='word_1_106' title='bbox 790 1524 1205 1597; x_wconf 78' lang='grc' dir='ltr'>παρασκευάσας</span> <span class='ocrx_word' id='word_1_107' title='bbox 1263 1523 1332 1578; x_wconf 78' lang='grc' dir='ltr'><strong>τᾶ</strong></span> <span class='ocrx_word' id='word_1_108' title='bbox 1390 1524 1638 1593; x_wconf 77' lang='grc' dir='ltr'>συνήθως</span> <span class='ocrx_word' id='word_1_109' title='bbox 1718 1519 1988 1595; x_wconf 80' lang='grc' dir='ltr'>λεγόμενα</span> 
     </span>
    </p>
   </div>
   <div class='ocr_carea' id='block_1_16' title="bbox 324 1612 1988 1687">
    <p class='ocr_par' dir='ltr' id='par_1_16' title="bbox 324 1612 1988 1687">
     <span class='ocr_line' id='line_1_16' title="bbox 324 1612 1988 1687; baseline -0.004 -18"><span class='ocrx_word' id='word_1_110' title='bbox 324 1614 632 1687; x_wconf 82' lang='grc' dir='ltr'>ἐπικόμπια</span> <span class='ocrx_word' id='word_1_111' title='bbox 687 1614 779 1667; x_wconf 85' lang='grc' dir='ltr'>καὶ</span> <span class='ocrx_word' id='word_1_112' title='bbox 825 1612 1007 1682; x_wconf 78' lang='grc' dir='ltr'>αὐτὸς,</span> <span class='ocrx_word' id='word_1_113' title='bbox 1045 1614 1217 1687; x_wconf 65' lang='grc' dir='ltr'>μέχρι</span> <span class='ocrx_word' id='word_1_114' title='bbox 1279 1612 1369 1666; x_wconf 88' lang='grc' dir='ltr'>καὶ</span> <span class='ocrx_word' id='word_1_115' title='bbox 1429 1632 1538 1666; x_wconf 89' lang='grc' dir='ltr'>των</span> <span class='ocrx_word' id='word_1_116' title='bbox 1590 1613 1988 1685; x_wconf 81' lang='grc' dir='ltr'>τεσσαράκοντα</span> 
     </span>
    </p>
   </div>
   <div class='ocr_carea' id='block_1_17' title="bbox 330 1698 1989 1779">
    <p class='ocr_par' dir='ltr' id='par_1_17' title="bbox 330 1698 1989 1779">
     <span class='ocr_line' id='line_1_17' title="bbox 330 1698 1989 1779; baseline -0.002 -22"><span class='ocrx_word' id='word_1_117' title='bbox 330 1703 617 1779; x_wconf 85' lang='grc' dir='ltr'>μαρτύρων</span> <span class='ocrx_word' id='word_1_118' title='bbox 674 1702 776 1771; x_wconf 79' lang='grc' dir='ltr'>τήν</span> <span class='ocrx_word' id='word_1_119' title='bbox 848 1700 1007 1770; x_wconf 81' lang='grc' dir='ltr'>λιτὴν</span> <span class='ocrx_word' id='word_1_120' title='bbox 1066 1700 1420 1771; x_wconf 85' lang='grc' dir='ltr'>κατατείνων,</span> <span class='ocrx_word' id='word_1_121' title='bbox 1483 1699 1691 1776; x_wconf 76' lang='grc' dir='ltr'>ῥιπτεῖν</span> <span class='ocrx_word' id='word_1_122' title='bbox 1768 1698 1989 1772; x_wconf 72' lang='grc' dir='ltr'>ἐκὲλευε</span> 
     </span>
    </p>
   </div>
   <div class='ocr_carea' id='block_1_18' title="bbox 322 1789 1992 1866">
    <p class='ocr_par' dir='ltr' id='par_1_18' title="bbox 322 1789 1992 1866">
     <span class='ocr_line' id='line_1_18' title="bbox 322 1789 1992 1866; baseline -0.004 -17"><span class='ocrx_word' id='word_1_123' title='bbox 322 1798 404 1866; x_wconf 75' lang='grc' dir='ltr'>τῷ</span> <span class='ocrx_word' id='word_1_124' title='bbox 430 1792 569 1864; x_wconf 81' lang='grc' dir='ltr'>λαῷ.</span> <span class='ocrx_word' id='word_1_125' title='bbox 603 1792 700 1845; x_wconf 84' lang='grc' dir='ltr'>Καὶ</span> <span class='ocrx_word' id='word_1_126' title='bbox 758 1792 965 1846; x_wconf 77' lang='grc' dir='ltr'>τοιαῦτ’</span> <span class='ocrx_word' id='word_1_127' title='bbox 1002 1790 1135 1856; x_wconf 72' lang='grc' dir='ltr'>ἦσαν</span> <span class='ocrx_word' id='word_1_128' title='bbox 1192 1791 1260 1845; x_wconf 78' lang='grc' dir='ltr'>τὰ</span> <span class='ocrx_word' id='word_1_129' title='bbox 1326 1790 1461 1863; x_wconf 87' lang='grc' dir='ltr'>πρὸς</span> <span class='ocrx_word' id='word_1_130' title='bbox 1501 1789 1702 1844; x_wconf 87' lang='grc' dir='ltr'>ἐκεῖνον</span> <span class='ocrx_word' id='word_1_131' title='bbox 1733 1793 1829 1843; x_wconf 80' lang='grc' dir='ltr'>τοῦ</span> <span class='ocrx_word' id='word_1_132' title='bbox 1893 1790 1992 1864; x_wconf 86' lang='grc' dir='ltr'>βα-</span> 
     </span>
    </p>
   </div>
   <div class='ocr_carea' id='block_1_19' title="bbox 2080 622 3743 704">
    <p class='ocr_par' dir='ltr' id='par_1_19' title="bbox 2080 622 3743 704">
     <span class='ocr_line' id='line_1_19' title="bbox 2080 622 3743 704; baseline 0.004 -25"><span class='ocrx_word' id='word_1_133' title='bbox 2080 625 2186 686; x_wconf 87' lang='grc' dir='ltr'>νὼς</span> <span class='ocrx_word' id='word_1_134' title='bbox 2219 622 2271 678; x_wconf 84' lang='grc' dir='ltr'>ἕν</span> <span class='ocrx_word' id='word_1_135' title='bbox 2301 646 2409 679; x_wconf 91' lang='grc' dir='ltr'>τινι</span> <span class='ocrx_word' id='word_1_136' title='bbox 2434 629 2531 679; x_wconf 79' lang='grc' dir='ltr'>τοῦ</span> <span class='ocrx_word' id='word_1_137' title='bbox 2564 626 3010 702; x_wconf 80' lang='grc' dir='ltr'>ἀρχιστρατήγου</span> <span class='ocrx_word' id='word_1_138' title='bbox 3042 632 3177 701; x_wconf 75' lang='grc' dir='ltr'>ναῷ,</span> <span class='ocrx_word' id='word_1_139' title='bbox 3211 626 3370 704; x_wconf 81' lang='grc' dir='ltr'>ἐγγὺς</span> <span class='ocrx_word' id='word_1_140' title='bbox 3416 634 3511 684; x_wconf 75' lang='grc' dir='ltr'>τοῦ</span> <span class='ocrx_word' id='word_1_141' title='bbox 3569 631 3743 687; x_wconf 80' lang='grc' dir='ltr'>ἐκεῖσε</span> 
     </span>
    </p>
   </div>
   <div class='ocr_carea' id='block_1_20' title="bbox 2082 714 3743 795">
    <p class='ocr_par' dir='ltr' id='par_1_20' title="bbox 2082 714 3743 795">
     <span class='ocr_line' id='line_1_20' title="bbox 2082 714 3743 795; baseline 0.005 -26"><span class='ocrx_word' id='word_1_142' title='bbox 2082 714 2474 790; x_wconf 75' lang='grc' dir='ltr'>πατριαρχείου</span> <span class='ocrx_word' id='word_1_143' title='bbox 2533 717 2906 790; x_wconf 79' lang='grc' dir='ltr'>προσκαθίσας</span> <span class='ocrx_word' id='word_1_144' title='bbox 2968 716 3111 787; x_wconf 72' lang='grc' dir='ltr'>ξένος</span> <span class='ocrx_word' id='word_1_145' title='bbox 3165 738 3225 773; x_wconf 81' lang='grc' dir='ltr'>τε</span> <span class='ocrx_word' id='word_1_146' title='bbox 3280 720 3372 773; x_wconf 83' lang='grc' dir='ltr'>καὶ</span> <span class='ocrx_word' id='word_1_147' title='bbox 3441 720 3620 795; x_wconf 83' lang='grc' dir='ltr'>ἀγνὼς</span> <span class='ocrx_word' id='word_1_148' title='bbox 3675 723 3743 777; x_wconf 76' lang='grc' dir='ltr'>τὰ</span> 
     </span>
    </p>
   </div>
   <div class='ocr_carea' id='block_1_21' title="bbox 2082 800 3739 884">
    <p class='ocr_par' dir='ltr' id='par_1_21' title="bbox 2082 800 3739 884">
     <span class='ocr_line' id='line_1_21' title="bbox 2082 800 3739 884; baseline 0.004 -27"><span class='ocrx_word' id='word_1_149' title='bbox 2082 802 2333 872; x_wconf 80' lang='grc' dir='ltr'>πλεῖστα,</span> <span class='ocrx_word' id='word_1_150' title='bbox 2367 800 2563 865; x_wconf 81' lang='grc' dir='ltr'>παῖδάς</span> <span class='ocrx_word' id='word_1_151' title='bbox 2620 826 2678 858; x_wconf 90' lang='grc' dir='ltr'>τε</span> <span class='ocrx_word' id='word_1_152' title='bbox 2737 804 3068 880; x_wconf 87' lang='grc' dir='ltr'>ἐπισυνάγει,</span> <span class='ocrx_word' id='word_1_153' title='bbox 3095 806 3185 861; x_wconf 84' lang='grc' dir='ltr'>καὶ</span> <span class='ocrx_word' id='word_1_154' title='bbox 3244 807 3470 870; x_wconf 81' lang='grc' dir='ltr'>τούτους</span> <span class='ocrx_word' id='word_1_155' title='bbox 3531 809 3739 884; x_wconf 85' lang='grc' dir='ltr'>ἀνάγων</span> 
     </span>
    </p>
   </div>
   <div class='ocr_carea' id='block_1_22' title="bbox 2083 890 3743 975">
    <p class='ocr_par' dir='ltr' id='par_1_22' title="bbox 2083 890 3743 975">
     <span class='ocr_line' id='line_1_22' title="bbox 2083 890 3743 975; baseline 0.004 -28"><span class='ocrx_word' id='word_1_156' title='bbox 2083 892 2151 947; x_wconf 79' lang='grc' dir='ltr'>τὰ</span> <span class='ocrx_word' id='word_1_157' title='bbox 2182 891 2255 954; x_wconf 79' lang='grc' dir='ltr'>εἷς</span> <span class='ocrx_word' id='word_1_158' title='bbox 2288 890 2647 969; x_wconf 87' lang='grc' dir='ltr'>προπαιδείαν</span> <span class='ocrx_word' id='word_1_159' title='bbox 2699 893 2980 969; x_wconf 83' lang='grc' dir='ltr'>ἐπορίζετο</span> <span class='ocrx_word' id='word_1_160' title='bbox 3030 897 3125 957; x_wconf 79' lang='grc' dir='ltr'>τὰς</span> <span class='ocrx_word' id='word_1_161' title='bbox 3175 896 3397 975; x_wconf 64' lang='grc' dir='ltr'>τροφάς.</span> <span class='ocrx_word' id='word_1_162' title='bbox 3435 895 3610 955; x_wconf 83' lang='grc' dir='ltr'>’Λλλᾶ¹</span> <span class='ocrx_word' id='word_1_163' title='bbox 3663 904 3743 971; x_wconf 81' lang='grc' dir='ltr'>τῷ</span> 
     </span>
    </p>
   </div>
   <div class='ocr_carea' id='block_1_23' title="bbox 2084 983 3748 1062">
    <p class='ocr_par' dir='ltr' id='par_1_23' title="bbox 2084 983 3748 1062">
     <span class='ocr_line' id='line_1_23' title="bbox 2084 983 3748 1062; baseline 0.005 -26"><span class='ocrx_word' id='word_1_164' title='bbox 2084 984 2400 1058; x_wconf 84' lang='grc' dir='ltr'>πατριάρχῃ</span> <span class='ocrx_word' id='word_1_165' title='bbox 2454 984 2920 1059; x_wconf 80' lang='grc' dir='ltr'>προσαγγέλλεται</span> <span class='ocrx_word' id='word_1_166' title='bbox 2982 984 3055 1047; x_wconf 85' lang='grc' dir='ltr'>ὠς</span> <span class='ocrx_word' id='word_1_167' title='bbox 3117 983 3277 1056; x_wconf 79' lang='grc' dir='ltr'>δῆθεν</span> <span class='ocrx_word' id='word_1_168' title='bbox 3336 988 3578 1043; x_wconf 80' lang='grc' dir='ltr'>ἀτακτῶν</span> <span class='ocrx_word' id='word_1_169' title='bbox 3642 1010 3748 1062; x_wconf 89' lang='grc' dir='ltr'>μο-</span> 
     </span>
    </p>
   </div>
   <div class='ocr_carea' id='block_1_24' title="bbox 2087 1070 3749 1152">
    <p class='ocr_par' dir='ltr' id='par_1_24' title="bbox 2087 1070 3749 1152">
     <span class='ocr_line' id='line_1_24' title="bbox 2087 1070 3749 1152; baseline 0.005 -28"><span class='ocrx_word' id='word_1_170' title='bbox 2087 1073 2259 1146; x_wconf 86' lang='grc' dir='ltr'>ναχὸς</span> <span class='ocrx_word' id='word_1_171' title='bbox 2289 1070 2485 1135; x_wconf 85' lang='grc' dir='ltr'>παῖδας</span> <span class='ocrx_word' id='word_1_172' title='bbox 2528 1070 2859 1128; x_wconf 75' lang='grc' dir='ltr'>ἐκδιδάσκων</span> <span class='ocrx_word' id='word_1_173' title='bbox 2896 1092 2908 1104; x_wconf 79' lang='grc'><strong>⁸</strong></span> <span class='ocrx_word' id='word_1_174' title='bbox 2943 1074 3032 1128; x_wconf 78' lang='grc' dir='ltr'>καὶ</span> <span class='ocrx_word' id='word_1_175' title='bbox 3086 1074 3147 1137; x_wconf 84' lang='grc' dir='ltr'>ὃς</span> <span class='ocrx_word' id='word_1_176' title='bbox 3204 1076 3599 1152; x_wconf 81' lang='grc' dir='ltr'>προσεκαλεῖτο</span> <span class='ocrx_word' id='word_1_177' title='bbox 3657 1077 3749 1132; x_wconf 87' lang='grc' dir='ltr'>καὶ</span> 
     </span>
    </p>
   </div>
   <div class='ocr_carea' id='block_1_25' title="bbox 2089 1162 3748 1241">
    <p class='ocr_par' dir='ltr' id='par_1_25' title="bbox 2089 1162 3748 1241">
     <span class='ocr_line' id='line_1_25' title="bbox 2089 1162 3748 1241; baseline 0.004 -25"><span class='ocrx_word' id='word_1_178' title='bbox 2089 1162 2365 1237; x_wconf 83' lang='grc' dir='ltr'>ἀνηρώτα,</span> <span class='ocrx_word' id='word_1_179' title='bbox 2397 1163 2487 1217; x_wconf 82' lang='grc' dir='ltr'>καὶ</span> <span class='ocrx_word' id='word_1_180' title='bbox 2520 1163 2633 1218; x_wconf 77' lang='grc' dir='ltr'>ἐπεὶ</span> <span class='ocrx_word' id='word_1_181' title='bbox 2688 1162 2858 1235; x_wconf 77' lang='grc' dir='ltr'>δεξιὸν</span> <span class='ocrx_word' id='word_1_182' title='bbox 2899 1165 3042 1240; x_wconf 75' lang='grc' dir='ltr'>ἐώρα</span> <span class='ocrx_word' id='word_1_183' title='bbox 3071 1166 3160 1220; x_wconf 86' lang='grc' dir='ltr'>τὸν</span> <span class='ocrx_word' id='word_1_184' title='bbox 3195 1163 3363 1241; x_wconf 82' lang='grc' dir='ltr'>ἄνδρα</span> <span class='ocrx_word' id='word_1_185' title='bbox 3415 1168 3505 1222; x_wconf 78' lang='grc' dir='ltr'>καὶ</span> <span class='ocrx_word' id='word_1_186' title='bbox 3559 1165 3748 1231; x_wconf 74' lang='grc' dir='ltr'>ἄλλως</span> 
     </span>
    </p>
   </div>
   <div class='ocr_carea' id='block_1_26' title="bbox 2090 1248 3752 1332">
    <p class='ocr_par' dir='ltr' id='par_1_26' title="bbox 2090 1248 3752 1332">
     <span class='ocr_line' id='line_1_26' title="bbox 2090 1248 3752 1332; baseline 0.005 -28"><span class='ocrx_word' id='word_1_187' title='bbox 2090 1248 2222 1316; x_wconf 78' lang='grc' dir='ltr'>ἀδεῆ</span> <span class='ocrx_word' id='word_1_188' title='bbox 2278 1273 2336 1306; x_wconf 92' lang='grc' dir='ltr'>τε</span> <span class='ocrx_word' id='word_1_189' title='bbox 2391 1252 2481 1306; x_wconf 81' lang='grc' dir='ltr'>καὶ</span> <span class='ocrx_word' id='word_1_190' title='bbox 2541 1252 2594 1315; x_wconf 81' lang='grc' dir='ltr'>ἐς</span> <span class='ocrx_word' id='word_1_191' title='bbox 2654 1253 2957 1329; x_wconf 62' lang='grc' dir='ltr'>παρρησίαν</span> <span class='ocrx_word' id='word_1_192' title='bbox 3016 1251 3437 1327; x_wconf 73' lang='grc' dir='ltr'>ἓτοιμον,ἧνδ’</span> <span class='ocrx_word' id='word_1_193' title='bbox 3469 1255 3544 1321; x_wconf 85' lang='grc' dir='ltr'>ὠς</span> <span class='ocrx_word' id='word_1_194' title='bbox 3599 1253 3752 1332; x_wconf 70' lang='grc' dir='ltr'>ἔλεγε</span> 
     </span>
    </p>
   </div>
   <div class='ocr_carea' id='block_1_27' title="bbox 2089 1338 3751 1417">
    <p class='ocr_par' dir='ltr' id='par_1_27' title="bbox 2089 1338 3751 1417">
     <span class='ocr_line' id='line_1_27' title="bbox 2089 1338 3751 1417; baseline 0.003 -22"><span class='ocrx_word' id='word_1_195' title='bbox 2089 1341 2312 1395; x_wconf 78' lang='grc' dir='ltr'>καὶτῶν</span> <span class='ocrx_word' id='word_1_196' title='bbox 2344 1342 2679 1415; x_wconf 78' lang='grc' dir='ltr'>ἱερωμένων,</span> <span class='ocrx_word' id='word_1_197' title='bbox 2712 1338 3128 1417; x_wconf 74' lang='grc' dir='ltr'>προσλαμϐάνει</span> <span class='ocrx_word' id='word_1_198' title='bbox 3172 1366 3231 1399; x_wconf 86' lang='grc' dir='ltr'>τε</span> <span class='ocrx_word' id='word_1_199' title='bbox 3285 1349 3478 1399; x_wconf 72' lang='grc' dir='ltr'>τοῦτον</span> <span class='ocrx_word' id='word_1_200' title='bbox 3527 1347 3618 1400; x_wconf 89' lang='grc' dir='ltr'>καὶ</span> <span class='ocrx_word' id='word_1_201' title='bbox 3676 1346 3751 1408; x_wconf 82' lang='grc' dir='ltr'>ὠς</span> 
     </span>
    </p>
   </div>
   <div class='ocr_carea' id='block_1_28' title="bbox 2093 1427 3754 1512">
    <p class='ocr_par' dir='ltr' id='par_1_28' title="bbox 2093 1427 3754 1512">
     <span class='ocr_line' id='line_1_28' title="bbox 2093 1427 3754 1512; baseline 0.004 -28"><span class='ocrx_word' id='word_1_202' title='bbox 2093 1430 2281 1503; x_wconf 79' lang='grc' dir='ltr'>οἰκείῳ</span> <span class='ocrx_word' id='word_1_203' title='bbox 2312 1430 2538 1505; x_wconf 78' lang='grc' dir='ltr'>ἐχρῆτο.</span> <span class='ocrx_word' id='word_1_204' title='bbox 2582 1432 2718 1486; x_wconf 78' lang='grc' dir='ltr'>Εἶτα</span> <span class='ocrx_word' id='word_1_205' title='bbox 2774 1427 3096 1505; x_wconf 72' lang='grc' dir='ltr'>συμϐάντων</span> <span class='ocrx_word' id='word_1_206' title='bbox 3154 1438 3261 1488; x_wconf 81' lang='grc' dir='ltr'>τῶν</span> <span class='ocrx_word' id='word_1_207' title='bbox 3304 1436 3439 1489; x_wconf 75' lang='grc' dir='ltr'>κατὰ</span> <span class='ocrx_word' id='word_1_208' title='bbox 3497 1438 3754 1512; x_wconf 86' lang='grc' dir='ltr'>πατριάρ-</span> 
     </span>
    </p>
   </div>
   <div class='ocr_carea' id='block_1_29' title="bbox 2093 1517 3752 1600">
    <p class='ocr_par' dir='ltr' id='par_1_29' title="bbox 2093 1517 3752 1600">
     <span class='ocr_line' id='line_1_29' title="bbox 2093 1517 3752 1600; baseline 0.004 -27"><span class='ocrx_word' id='word_1_209' title='bbox 2093 1539 2228 1594; x_wconf 87' lang='grc' dir='ltr'>χην,</span> <span class='ocrx_word' id='word_1_210' title='bbox 2257 1517 2371 1574; x_wconf 84' lang='grc' dir='ltr'>ἐπεὶ</span> <span class='ocrx_word' id='word_1_211' title='bbox 2406 1519 2497 1574; x_wconf 84' lang='grc' dir='ltr'>καὶ</span> <span class='ocrx_word' id='word_1_212' title='bbox 2530 1520 2692 1584; x_wconf 74' lang='grc' dir='ltr'>αὐτός</span> <span class='ocrx_word' id='word_1_213' title='bbox 2724 1517 2953 1596; x_wconf 79' lang='grc' dir='ltr'>δόκιμος</span> <span class='ocrx_word' id='word_1_214' title='bbox 2994 1521 3163 1600; x_wconf 70' lang='grc' dir='ltr'>ἐφάνη</span> <span class='ocrx_word' id='word_1_215' title='bbox 3199 1523 3329 1599; x_wconf 70' lang='grc' dir='ltr'>ὑπὲρ</span> <span class='ocrx_word' id='word_1_216' title='bbox 3379 1530 3489 1580; x_wconf 79' lang='grc' dir='ltr'>τῶν</span> <span class='ocrx_word' id='word_1_217' title='bbox 3544 1526 3752 1580; x_wconf 87' lang='grc' dir='ltr'>ἐκείνου</span> 
     </span>
    </p>
   </div>
   <div class='ocr_carea' id='block_1_30' title="bbox 2099 1608 3753 1689">
    <p class='ocr_par' dir='ltr' id='par_1_30' title="bbox 2099 1608 3753 1689">
     <span class='ocr_line' id='line_1_30' title="bbox 2099 1608 3753 1689; baseline 0.004 -25"><span class='ocrx_word' id='word_1_218' title='bbox 2099 1609 2305 1680; x_wconf 82' lang='grc' dir='ltr'>ζηλῶν,</span> <span class='ocrx_word' id='word_1_219' title='bbox 2340 1608 2418 1665; x_wconf 76' lang='grc' dir='ltr'>ἔτι</span> <span class='ocrx_word' id='word_1_220' title='bbox 2481 1609 2695 1681; x_wconf 75' lang='grc' dir='ltr'>μᾶλλον</span> <span class='ocrx_word' id='word_1_221' title='bbox 2753 1613 2821 1667; x_wconf 73' lang='grc' dir='ltr'>τὰ</span> <span class='ocrx_word' id='word_1_222' title='bbox 2871 1612 2946 1675; x_wconf 82' lang='grc' dir='ltr'>εἷς</span> <span class='ocrx_word' id='word_1_223' title='bbox 2998 1612 3182 1689; x_wconf 70' lang='grc' dir='ltr'>φιλίαν</span> <span class='ocrx_word' id='word_1_224' title='bbox 3217 1612 3401 1687; x_wconf 82' lang='grc' dir='ltr'>ἐκείνῳ</span> <span class='ocrx_word' id='word_1_225' title='bbox 3431 1617 3753 1686; x_wconf 74' lang='grc' dir='ltr'>συνήπτετο.</span> 
     </span>
    </p>
   </div>
   <div class='ocr_carea' id='block_1_31' title="bbox 2100 1697 3756 1775">
    <p class='ocr_par' dir='ltr' id='par_1_31' title="bbox 2100 1697 3756 1775">
     <span class='ocr_line' id='line_1_31' title="bbox 2100 1697 3756 1775; baseline 0.004 -22"><span class='ocrx_word' id='word_1_226' title='bbox 2100 1700 2194 1753; x_wconf 85' lang='grc' dir='ltr'>Καὶ</span> <span class='ocrx_word' id='word_1_227' title='bbox 2256 1697 2370 1754; x_wconf 85' lang='grc' dir='ltr'>ἐπεὶ</span> <span class='ocrx_word' id='word_1_228' title='bbox 2405 1702 2485 1772; x_wconf 82' lang='grc' dir='ltr'>[Ρ.</span> <span class='ocrx_word' id='word_1_229' title='bbox 2522 1702 2643 1773; x_wconf 87' lang='grc'>199]</span> <span class='ocrx_word' id='word_1_230' title='bbox 2678 1700 2729 1755; x_wconf 85' lang='grc' dir='ltr'>ἐν</span> <span class='ocrx_word' id='word_1_231' title='bbox 2780 1705 2848 1775; x_wconf 78' lang='grc' dir='ltr'>τῇ</span> <span class='ocrx_word' id='word_1_232' title='bbox 2907 1704 3320 1757; x_wconf 78' lang='grc' dir='ltr'>Κωνσταντίνου</span> <span class='ocrx_word' id='word_1_233' title='bbox 3366 1701 3531 1758; x_wconf 86' lang='grc' dir='ltr'>πάλιν</span> <span class='ocrx_word' id='word_1_234' title='bbox 3589 1705 3616 1759; x_wconf 92' lang='grc' dir='ltr'>ὁ</span> <span class='ocrx_word' id='word_1_235' title='bbox 3648 1725 3756 1758; x_wconf 84' lang='grc' dir='ltr'>πα-</span> 
     </span>
    </p>
   </div>
   <div class='ocr_carea' id='block_1_32' title="bbox 2095 1788 3756 1864">
    <p class='ocr_par' dir='ltr' id='par_1_32' title="bbox 2095 1788 3756 1864">
     <span class='ocr_line' id='line_1_32' title="bbox 2095 1788 3756 1864; baseline 0.002 -22"><span class='ocrx_word' id='word_1_236' title='bbox 2095 1788 2369 1863; x_wconf 82' lang='grc' dir='ltr'>τριάρχης</span> <span class='ocrx_word' id='word_1_237' title='bbox 2428 1789 2679 1864; x_wconf 77' lang='grc' dir='ltr'>ἀνήγετο,</span> <span class='ocrx_word' id='word_1_238' title='bbox 2742 1797 2906 1860; x_wconf 80' lang='grc' dir='ltr'>συνῆν</span> <span class='ocrx_word' id='word_1_239' title='bbox 2996 1791 3185 1864; x_wconf 85' lang='grc' dir='ltr'>ἐκείνῳ</span> <span class='ocrx_word' id='word_1_240' title='bbox 3267 1792 3593 1856; x_wconf 85' lang='grc' dir='ltr'>πιστότατος</span> <span class='ocrx_word' id='word_1_241' title='bbox 3650 1798 3756 1847; x_wconf 81' lang='grc' dir='ltr'>τῶν</span> 
     </span>
    </p>
   </div>
   <div class='ocr_carea' id='block_1_33' title="bbox 326 1874 3759 1989">
    <p class='ocr_par' dir='ltr' id='par_1_33' title="bbox 326 1874 3759 1989">
     <span class='ocr_line' id='line_1_33' title="bbox 326 1874 3759 1989; baseline 0.001 -54"><span class='ocrx_word' id='word_1_242' title='bbox 326 1880 528 1945; x_wconf 75' lang='grc' dir='ltr'>σιλὲως</span> <span class='ocrx_word' id='word_1_243' title='bbox 581 1879 1029 1954; x_wconf 78' lang='grc' dir='ltr'>ἐπικαλύμματα,</span> <span class='ocrx_word' id='word_1_244' title='bbox 1084 1879 1166 1958; x_wconf 75' lang='grc' dir='ltr'>ἐφ’</span> <span class='ocrx_word' id='word_1_245' title='bbox 1223 1878 1268 1952; x_wconf 82' lang='grc' dir='ltr'><strong>ᾧ</strong></span> <span class='ocrx_word' id='word_1_246' title='bbox 1349 1881 1423 1953; x_wconf 85' lang='grc' dir='ltr'>μὴ</span> <span class='ocrx_word' id='word_1_247' title='bbox 1504 1878 1767 1954; x_wconf 82' lang='grc' dir='ltr'>γνωσθείη</span> <span class='ocrx_word' id='word_1_248' title='bbox 1861 1874 2341 1989; x_wconf 80' lang='grc' dir='ltr'>μηδ’Βοῖκείων,</span> <span class='ocrx_word' id='word_1_249' title='bbox 2399 1881 2612 1989; x_wconf 45' lang='grc' dir='ltr'>συνάμα</span> <span class='ocrx_word' id='word_1_250' title='bbox 2692 1879 2785 1935; x_wconf 82' lang='grc' dir='ltr'>καὶ</span> <span class='ocrx_word' id='word_1_251' title='bbox 2844 1882 3091 1956; x_wconf 87' lang='grc' dir='ltr'>Ἰγνατίῳ</span> <span class='ocrx_word' id='word_1_252' title='bbox 3170 1880 3391 1955; x_wconf 81' lang='grc' dir='ltr'>Ῥοδίῳ,</span> <span class='ocrx_word' id='word_1_253' title='bbox 3453 1880 3606 1958; x_wconf 82' lang='grc' dir='ltr'>ἀνδρὶ</span> <span class='ocrx_word' id='word_1_254' title='bbox 3667 1884 3759 1938; x_wconf 88' lang='grc' dir='ltr'>καὶ</span> 
     </span>
    </p>
   </div>
   <div class='ocr_carea' id='block_1_34' title="bbox 330 1968 1493 2046">
    <p class='ocr_par' dir='ltr' id='par_1_34' title="bbox 330 1968 1493 2046">
     <span class='ocr_line' id='line_1_34' title="bbox 330 1968 1493 2046; baseline 0 -20"><span class='ocrx_word' id='word_1_255' title='bbox 330 1972 593 2046; x_wconf 69' lang='grc' dir='ltr'>ἀμηγέπη</span> <span class='ocrx_word' id='word_1_256' title='bbox 625 1972 723 2040; x_wconf 79' lang='grc' dir='ltr'>τὴν</span> <span class='ocrx_word' id='word_1_257' title='bbox 760 1970 965 2025; x_wconf 76' lang='grc' dir='ltr'>ἐκείνου</span> <span class='ocrx_word' id='word_1_258' title='bbox 998 1969 1172 2034; x_wconf 67' lang='grc' dir='ltr'>θέλων</span> <span class='ocrx_word' id='word_1_259' title='bbox 1202 1968 1493 2039; x_wconf 78' lang='grc' dir='ltr'>ἐξέλευσιν.</span> 
     </span>
    </p>
   </div>
   <div class='ocr_carea' id='block_1_35' title="bbox 335 2073 1990 2156">
    <p class='ocr_par' dir='ltr' id='par_1_35' title="bbox 335 2073 1990 2156">
     <span class='ocr_line' id='line_1_35' title="bbox 335 2073 1990 2156; baseline -0.003 -23"><span class='ocrx_word' id='word_1_260' title='bbox 335 2081 419 2144; x_wconf 86' lang='grc' dir='ltr'>ιθ’.</span> <span class='ocrx_word' id='word_1_261' title='bbox 472 2078 603 2156; x_wconf 86' lang='grc' dir='ltr'>Περὶ</span> <span class='ocrx_word' id='word_1_262' title='bbox 664 2076 966 2147; x_wconf 82' lang='grc' dir='ltr'>Ὑακίνθου,</span> <span class='ocrx_word' id='word_1_263' title='bbox 1026 2076 1315 2156; x_wconf 36' lang='grc' dir='ltr'>ὅστιςικαὶ</span> <span class='ocrx_word' id='word_1_264' title='bbox 1366 2075 1509 2151; x_wconf 73' lang='grc' dir='ltr'>ὅθεν,</span> <span class='ocrx_word' id='word_1_265' title='bbox 1569 2077 1659 2131; x_wconf 75' lang='grc' dir='ltr'>καὶ</span> <span class='ocrx_word' id='word_1_266' title='bbox 1705 2079 1814 2130; x_wconf 79' lang='grc' dir='ltr'>τῶν</span> <span class='ocrx_word' id='word_1_267' title='bbox 1864 2073 1990 2149; x_wconf 81' lang='grc' dir='ltr'>περὶ</span> 
     </span>
    </p>
   </div>
   <div class='ocr_carea' id='block_1_36' title="bbox 1069 2149 1254 2205">
    <p class='ocr_par' dir='ltr' id='par_1_36' title="bbox 1069 2149 1254 2205">
     <span class='ocr_line' id='line_1_36' title="bbox 1069 2149 1254 2205; baseline 0.011 -2"><span class='ocrx_word' id='word_1_268' title='bbox 1069 2149 1254 2205; x_wconf 77' lang='grc' dir='ltr'>αὐτόν.</span> 
     </span>
    </p>
   </div>
   <div class='ocr_carea' id='block_1_37' title="bbox 402 2232 1990 2315">
    <p class='ocr_par' dir='ltr' id='par_1_37' title="bbox 402 2232 1990 2315">
     <span class='ocr_line' id='line_1_37' title="bbox 402 2232 1990 2315; baseline -0.006 -19"><span class='ocrx_word' id='word_1_269' title='bbox 402 2240 481 2297; x_wconf 79' lang='grc' dir='ltr'>Οὖ</span> <span class='ocrx_word' id='word_1_270' title='bbox 541 2244 730 2315; x_wconf 84' lang='grc' dir='ltr'>’χεῖρον</span> <span class='ocrx_word' id='word_1_271' title='bbox 787 2235 845 2292; x_wconf 73' lang='grc' dir='ltr'>δὲ</span> <span class='ocrx_word' id='word_1_272' title='bbox 901 2234 1083 2313; x_wconf 68' lang='grc' dir='ltr'>λέγειν</span> <span class='ocrx_word' id='word_1_273' title='bbox 1137 2239 1225 2292; x_wconf 78' lang='grc' dir='ltr'>καὶ</span> <span class='ocrx_word' id='word_1_274' title='bbox 1286 2238 1355 2291; x_wconf 75' lang='grc' dir='ltr'>τὰ</span> <span class='ocrx_word' id='word_1_275' title='bbox 1413 2235 1536 2311; x_wconf 85' lang='grc' dir='ltr'>περὶ</span> <span class='ocrx_word' id='word_1_276' title='bbox 1568 2234 1843 2299; x_wconf 84' lang='grc' dir='ltr'>Ὑακίνθου</span> <span class='ocrx_word' id='word_1_277' title='bbox 1900 2232 1990 2288; x_wconf 85' lang='grc' dir='ltr'>καὶ</span> 
     </span>
    </p>
   </div>
   <div class='ocr_carea' id='block_1_38' title="bbox 332 2324 1988 2399">
    <p class='ocr_par' dir='ltr' id='par_1_38' title="bbox 332 2324 1988 2399">
     <span class='ocr_line' id='line_1_38' title="bbox 332 2324 1988 2399; baseline -0.004 -16"><span class='ocrx_word' id='word_1_278' title='bbox 332 2328 500 2399; x_wconf 79' lang='grc' dir='ltr'>αὐτῆς</span> <span class='ocrx_word' id='word_1_279' title='bbox 562 2328 628 2398; x_wconf 78' lang='grc' dir='ltr'>δὴ</span> <span class='ocrx_word' id='word_1_280' title='bbox 692 2325 982 2389; x_wconf 87' lang='grc' dir='ltr'>Θεοδοσίας</span> <span class='ocrx_word' id='word_1_281' title='bbox 1039 2326 1130 2381; x_wconf 81' lang='grc' dir='ltr'>καὶ</span> <span class='ocrx_word' id='word_1_282' title='bbox 1191 2327 1446 2382; x_wconf 88' lang='grc' dir='ltr'>Ἰωάννου</span> <span class='ocrx_word' id='word_1_283' title='bbox 1501 2324 1592 2381; x_wconf 86' lang='grc' dir='ltr'>καὶ</span> <span class='ocrx_word' id='word_1_284' title='bbox 1652 2332 1751 2395; x_wconf 81' lang='grc' dir='ltr'>τῆς</span> <span class='ocrx_word' id='word_1_285' title='bbox 1810 2324 1988 2379; x_wconf 84' lang='grc' dir='ltr'>αὐτῶν</span> 
     </span>
    </p>
   </div>
   <div class='ocr_carea' id='block_1_39' title="bbox 332 2412 1990 2495">
    <p class='ocr_par' dir='ltr' id='par_1_39' title="bbox 332 2412 1990 2495">
     <span class='ocr_line' id='line_1_39' title="bbox 332 2412 1990 2495; baseline -0.004 -22"><span class='ocrx_word' id='word_1_286' title='bbox 332 2417 695 2495; x_wconf 77' lang='grc' dir='ltr'>ἐτεροθαλοῦς</span> <span class='ocrx_word' id='word_1_287' title='bbox 746 2420 847 2486; x_wconf 77' lang='grc' dir='ltr'>τῆς</span> <span class='ocrx_word' id='word_1_288' title='bbox 902 2414 1399 2493; x_wconf 85' lang='grc' dir='ltr'>Νοστογγονίσσης.</span> <span class='ocrx_word' id='word_1_289' title='bbox 1441 2416 1497 2468; x_wconf 75' lang='grc' dir='ltr'><strong>Ὀ</strong></span> <span class='ocrx_word' id='word_1_290' title='bbox 1561 2415 1657 2488; x_wconf 73' lang='grc' dir='ltr'>μὲν</span> <span class='ocrx_word' id='word_1_291' title='bbox 1718 2414 1808 2469; x_wconf 82' lang='grc' dir='ltr'>οὗν</span> <span class='ocrx_word' id='word_1_292' title='bbox 1867 2412 1990 2467; x_wconf 83' lang='grc' dir='ltr'>Ὑά-</span> 
     </span>
    </p>
   </div>
   <div class='ocr_carea' id='block_1_40' title="bbox 332 2621 2069 2705">
    <p class='ocr_par' dir='ltr' id='par_1_40' title="bbox 332 2621 2069 2705">
     <span class='ocr_line' id='line_1_40' title="bbox 332 2621 2069 2705; baseline -0.006 -14"><span class='ocrx_word' id='word_1_293' title='bbox 332 2634 531 2691; x_wconf 90' lang='lat' dir='ltr'>irrisio</span> <span class='ocrx_word' id='word_1_294' title='bbox 588 2639 752 2705; x_wconf 87' lang='lat' dir='ltr'>erat;</span> <span class='ocrx_word' id='word_1_295' title='bbox 798 2635 891 2690; x_wconf 92' lang='lat' dir='ltr'>cui</span> <span class='ocrx_word' id='word_1_296' title='bbox 949 2650 1110 2690; x_wconf 71' lang='lat' dir='ltr'>vanae</span> <span class='ocrx_word' id='word_1_297' title='bbox 1160 2630 1524 2689; x_wconf 81' lang='lat' dir='ltr'>simulationi</span> <span class='ocrx_word' id='word_1_298' title='bbox 1577 2626 1991 2686; x_wconf 68' lang='lat' dir='ltr'>benevolentiae</span> <span class='ocrx_word' id='word_1_299' title='bbox 2064 2621 2069 2626; x_wconf 79' lang='grc'><em>’</em></span> 
     </span>
    </p>
   </div>
   <div class='ocr_carea' id='block_1_41' title="bbox 335 2718 1990 2796">
    <p class='ocr_par' dir='ltr' id='par_1_41' title="bbox 335 2718 1990 2796">
     <span class='ocr_line' id='line_1_41' title="bbox 335 2718 1990 2796; baseline -0.008 -13"><span class='ocrx_word' id='word_1_300' title='bbox 335 2726 443 2783; x_wconf 87' lang='lat' dir='ltr'>niti</span> <span class='ocrx_word' id='word_1_301' title='bbox 473 2740 611 2781; x_wconf 90' lang='lat' dir='ltr'>eum</span> <span class='ocrx_word' id='word_1_302' title='bbox 643 2739 999 2796; x_wconf 84' lang='lat' dir='ltr'>magnopere</span> <span class='ocrx_word' id='word_1_303' title='bbox 1031 2722 1226 2779; x_wconf 81' lang='lat' dir='ltr'>simile</span> <span class='ocrx_word' id='word_1_304' title='bbox 1251 2721 1529 2776; x_wconf 85' lang='lat' dir='ltr'>nimirum</span> <span class='ocrx_word' id='word_1_305' title='bbox 1564 2720 1676 2775; x_wconf 89' lang='lat' dir='ltr'>fuit</span> <span class='ocrx_word' id='word_1_306' title='bbox 1706 2718 1990 2789; x_wconf 86' lang='lat' dir='ltr'>quiddam</span> 
     </span>
    </p>
   </div>
   <div class='ocr_carea' id='block_1_42' title="bbox 340 2807 1993 2887">
    <p class='ocr_par' dir='ltr' id='par_1_42' title="bbox 340 2807 1993 2887">
     <span class='ocr_line' id='line_1_42' title="bbox 340 2807 1993 2887; baseline -0.007 -14"><span class='ocrx_word' id='word_1_307' title='bbox 340 2833 407 2873; x_wconf 89' lang='lat' dir='ltr'>ac</span> <span class='ocrx_word' id='word_1_308' title='bbox 438 2816 487 2871; x_wconf 89' lang='lat' dir='ltr'>si</span> <span class='ocrx_word' id='word_1_309' title='bbox 521 2814 655 2887; x_wconf 88' lang='lat' dir='ltr'>quis</span> <span class='ocrx_word' id='word_1_310' title='bbox 687 2813 971 2886; x_wconf 84' lang='lat' dir='ltr'>navigans</span> <span class='ocrx_word' id='word_1_311' title='bbox 1025 2829 1306 2885; x_wconf 85' lang='lat' dir='ltr'>spumosa</span> <span class='ocrx_word' id='word_1_312' title='bbox 1354 2810 1664 2883; x_wconf 88' lang='lat' dir='ltr'>superﬁcie</span> <span class='ocrx_word' id='word_1_313' title='bbox 1712 2807 1993 2863; x_wconf 81' lang='lat' dir='ltr'>undantis</span> 
     </span>
    </p>
   </div>
   <div class='ocr_carea' id='block_1_43' title="bbox 342 2897 1993 2976">
    <p class='ocr_par' dir='ltr' id='par_1_43' title="bbox 342 2897 1993 2976">
     <span class='ocr_line' id='line_1_43' title="bbox 342 2897 1993 2976; baseline -0.007 -15"><span class='ocrx_word' id='word_1_314' title='bbox 342 2905 756 2974; x_wconf 89' lang='lat' dir='ltr'>maris,crusta</span> <span class='ocrx_word' id='word_1_315' title='bbox 783 2905 1037 2976; x_wconf 89' lang='lat' dir='ltr'>quadam</span> <span class='ocrx_word' id='word_1_316' title='bbox 1074 2904 1232 2958; x_wconf 85' lang='lat' dir='ltr'>ﬂuxa</span> <span class='ocrx_word' id='word_1_317' title='bbox 1279 2899 1675 2958; x_wconf 86' lang='lat' dir='ltr'>innatantium</span> <span class='ocrx_word' id='word_1_318' title='bbox 1704 2897 1993 2967; x_wconf 87' lang='lat' dir='ltr'>sordium,</span> 
     </span>
    </p>
   </div>
   <div class='ocr_carea' id='block_1_44' title="bbox 347 2989 1993 3067">
    <p class='ocr_par' dir='ltr' id='par_1_44' title="bbox 347 2989 1993 3067">
     <span class='ocr_line' id='line_1_44' title="bbox 347 2989 1993 3067; baseline -0.005 -16"><span class='ocrx_word' id='word_1_319' title='bbox 347 2996 604 3051; x_wconf 88' lang='lat' dir='ltr'>muscosi</span> <span class='ocrx_word' id='word_1_320' title='bbox 638 2994 878 3067; x_wconf 77' lang='lat' dir='ltr'>cespitis</span> <span class='ocrx_word' id='word_1_321' title='bbox 910 2998 1012 3049; x_wconf 85' lang='lat' dir='ltr'>aut</span> <span class='ocrx_word' id='word_1_322' title='bbox 1042 2993 1286 3065; x_wconf 83' lang='lat' dir='ltr'>ingestae</span> <span class='ocrx_word' id='word_1_323' title='bbox 1326 2992 1521 3048; x_wconf 83' lang='lat' dir='ltr'>arenis</span> <span class='ocrx_word' id='word_1_324' title='bbox 1552 2990 1695 3063; x_wconf 63' lang='lat' dir='ltr'>alga;</span> <span class='ocrx_word' id='word_1_325' title='bbox 1728 2989 1993 3045; x_wconf 83' lang='lat' dir='ltr'>solidita-</span> 
     </span>
    </p>
   </div>
   <div class='ocr_carea' id='block_1_45' title="bbox 348 3082 1997 3154">
    <p class='ocr_par' dir='ltr' id='par_1_45' title="bbox 348 3082 1997 3154">
     <span class='ocr_line' id='line_1_45' title="bbox 348 3082 1997 3154; baseline -0.005 -14"><span class='ocrx_word' id='word_1_326' title='bbox 348 3088 468 3140; x_wconf 88' lang='lat' dir='ltr'>tem</span> <span class='ocrx_word' id='word_1_327' title='bbox 502 3083 857 3151; x_wconf 85' lang='lat' dir='ltr'>mentientis,</span> <span class='ocrx_word' id='word_1_328' title='bbox 893 3082 1174 3139; x_wconf 70' lang='lat' dir='ltr'>sustineri</span> <span class='ocrx_word' id='word_1_329' title='bbox 1205 3098 1268 3137; x_wconf 89' lang='lat' dir='ltr'>se</span> <span class='ocrx_word' id='word_1_330' title='bbox 1296 3086 1563 3154; x_wconf 79' lang='lat' dir='ltr'>speraret</span> <span class='ocrx_word' id='word_1_331' title='bbox 1593 3096 1787 3152; x_wconf 86' lang='lat' dir='ltr'>posse,</span> <span class='ocrx_word' id='word_1_332' title='bbox 1822 3083 1997 3149; x_wconf 90' lang='lat' dir='ltr'>atque</span> 
     </span>
    </p>
   </div>
   <div class='ocr_carea' id='block_1_46' title="bbox 345 3165 1997 3240">
    <p class='ocr_par' dir='ltr' id='par_1_46' title="bbox 345 3165 1997 3240">
     <span class='ocr_line' id='line_1_46' title="bbox 345 3165 1997 3240; baseline -0.005 -11"><span class='ocrx_word' id='word_1_333' title='bbox 345 3174 416 3229; x_wconf 90' lang='lat' dir='ltr'>ad</span> <span class='ocrx_word' id='word_1_334' title='bbox 474 3176 801 3229; x_wconf 83' lang='lat' dir='ltr'>extremum</span> <span class='ocrx_word' id='word_1_335' title='bbox 857 3190 890 3229; x_wconf 91' lang='lat' dir='ltr'>a</span> <span class='ocrx_word' id='word_1_336' title='bbox 940 3171 1310 3227; x_wconf 89' lang='lat' dir='ltr'>demersione</span> <span class='ocrx_word' id='word_1_337' title='bbox 1358 3170 1600 3240; x_wconf 86' lang='lat' dir='ltr'>servari,</span> <span class='ocrx_word' id='word_1_338' title='bbox 1653 3167 1753 3224; x_wconf 90' lang='lat' dir='ltr'>ubi</span> <span class='ocrx_word' id='word_1_339' title='bbox 1803 3184 1832 3223; x_wconf 92' lang='lat' dir='ltr'>e</span> <span class='ocrx_word' id='word_1_340' title='bbox 1865 3165 1997 3222; x_wconf 91' lang='lat' dir='ltr'>navi</span> 
     </span>
    </p>
   </div>
   <div class='ocr_carea' id='block_1_47' title="bbox 2098 1962 3760 2048">
    <p class='ocr_par' dir='ltr' id='par_1_47' title="bbox 2098 1962 3760 2048">
     <span class='ocr_line' id='line_1_47' title="bbox 2098 1962 3760 2048; baseline 0.005 -28"><span class='ocrx_word' id='word_1_341' title='bbox 2098 1965 2246 2038; x_wconf 79' lang='grc' dir='ltr'>αὐτῷ</span> <span class='ocrx_word' id='word_1_342' title='bbox 2303 1962 2585 2030; x_wconf 78' lang='grc' dir='ltr'>εὐλαϐείας</span> <span class='ocrx_word' id='word_1_343' title='bbox 2640 1968 2844 2044; x_wconf 79' lang='grc' dir='ltr'>πλήρει</span> <span class='ocrx_word' id='word_1_344' title='bbox 2930 1971 3018 2025; x_wconf 86' lang='grc' dir='ltr'>καὶ</span> <span class='ocrx_word' id='word_1_345' title='bbox 3102 1979 3414 2048; x_wconf 83' lang='grc' dir='ltr'>μοναχικῆς</span> <span class='ocrx_word' id='word_1_346' title='bbox 3491 1972 3760 2028; x_wconf 81' lang='grc' dir='ltr'>καταστά-</span> 
     </span>
    </p>
   </div>
   <div class='ocr_carea' id='block_1_48' title="bbox 2101 2056 3758 2138">
    <p class='ocr_par' dir='ltr' id='par_1_48' title="bbox 2101 2056 3758 2138">
     <span class='ocr_line' id='line_1_48' title="bbox 2101 2056 3758 2138; baseline 0.004 -28"><span class='ocrx_word' id='word_1_347' title='bbox 2101 2077 2255 2118; x_wconf 87' lang='grc' dir='ltr'>σεως.</span> <span class='ocrx_word' id='word_1_348' title='bbox 2320 2060 2569 2128; x_wconf 76' lang='grc' dir='ltr'>Συνήτην</span> <span class='ocrx_word' id='word_1_349' title='bbox 2623 2056 2716 2113; x_wconf 75' lang='grc' dir='ltr'>οὖν</span> <span class='ocrx_word' id='word_1_350' title='bbox 2776 2056 2941 2137; x_wconf 77' lang='grc' dir='ltr'>ἄμφω</span> <span class='ocrx_word' id='word_1_351' title='bbox 2990 2066 3071 2133; x_wconf 78' lang='grc' dir='ltr'>τῷ</span> <span class='ocrx_word' id='word_1_352' title='bbox 3127 2063 3444 2138; x_wconf 82' lang='grc' dir='ltr'>πατριάρχη</span> <span class='ocrx_word' id='word_1_353' title='bbox 3500 2061 3758 2118; x_wconf 85' lang='grc' dir='ltr'>κοινωνοὶ</span> 
     </span>
    </p>
   </div>
   <div class='ocr_carea' id='block_1_49' title="bbox 2099 2144 3757 2225">
    <p class='ocr_par' dir='ltr' id='par_1_49' title="bbox 2099 2144 3757 2225">
     <span class='ocr_line' id='line_1_49' title="bbox 2099 2144 3757 2225; baseline 0.004 -24"><span class='ocrx_word' id='word_1_354' title='bbox 2099 2147 2190 2201; x_wconf 85' lang='grc' dir='ltr'>καὶ</span> <span class='ocrx_word' id='word_1_355' title='bbox 2216 2150 2323 2200; x_wconf 83' lang='grc' dir='ltr'>τῶν</span> <span class='ocrx_word' id='word_1_356' title='bbox 2356 2144 2593 2221; x_wconf 81' lang='grc' dir='ltr'>θλίψεων</span> <span class='ocrx_word' id='word_1_357' title='bbox 2624 2147 2715 2202; x_wconf 82' lang='grc' dir='ltr'>καὶ</span> <span class='ocrx_word' id='word_1_358' title='bbox 2772 2152 2879 2203; x_wconf 82' lang='grc' dir='ltr'>τῶν</span> <span class='ocrx_word' id='word_1_359' title='bbox 2946 2150 3361 2224; x_wconf 86' lang='grc' dir='ltr'>βουλευμάτων,</span> <span class='ocrx_word' id='word_1_360' title='bbox 3389 2152 3480 2205; x_wconf 83' lang='grc' dir='ltr'>καὶ</span> <span class='ocrx_word' id='word_1_361' title='bbox 3542 2150 3757 2225; x_wconf 72' lang='grc' dir='ltr'>μᾶλλον</span> 
     </span>
    </p>
   </div>
   <div class='ocr_carea' id='block_1_50' title="bbox 2101 2232 3761 2317">
    <p class='ocr_par' dir='ltr' id='par_1_50' title="bbox 2101 2232 3761 2317">
     <span class='ocr_line' id='line_1_50' title="bbox 2101 2232 3761 2317; baseline 0.004 -29"><span class='ocrx_word' id='word_1_362' title='bbox 2101 2232 2442 2306; x_wconf 80' lang='grc' dir='ltr'>ἐδεικνυέτην</span> <span class='ocrx_word' id='word_1_363' title='bbox 2534 2236 2801 2307; x_wconf 80' lang='grc' dir='ltr'>ζηλοῦντε</span> <span class='ocrx_word' id='word_1_364' title='bbox 2864 2239 2997 2313; x_wconf 76' lang='grc' dir='ltr'>ὑπὲρ</span> <span class='ocrx_word' id='word_1_365' title='bbox 3045 2240 3118 2292; x_wconf 84' lang='grc' dir='ltr'>ὧν</span> <span class='ocrx_word' id='word_1_366' title='bbox 3177 2238 3267 2294; x_wconf 85' lang='grc' dir='ltr'>καὶ</span> <span class='ocrx_word' id='word_1_367' title='bbox 3327 2241 3356 2294; x_wconf 85' lang='grc' dir='ltr'>ὁ</span> <span class='ocrx_word' id='word_1_368' title='bbox 3409 2240 3761 2317; x_wconf 80' lang='grc' dir='ltr'>πατριάρχης</span> 
     </span>
    </p>
   </div>
   <div class='ocr_carea' id='block_1_51' title="bbox 2103 2321 3761 2401">
    <p class='ocr_par' dir='ltr' id='par_1_51' title="bbox 2103 2321 3761 2401">
     <span class='ocr_line' id='line_1_51' title="bbox 2103 2321 3761 2401; baseline 0.003 -23"><span class='ocrx_word' id='word_1_369' title='bbox 2103 2321 2288 2393; x_wconf 81' lang='grc' dir='ltr'>ζηλῶν</span> <span class='ocrx_word' id='word_1_370' title='bbox 2350 2324 2670 2401; x_wconf 79' lang='grc' dir='ltr'>ἠγωνίζετο.</span> <span class='ocrx_word' id='word_1_371' title='bbox 2708 2327 2859 2381; x_wconf 86' lang='grc' dir='ltr'>Ἐπεὶ</span> <span class='ocrx_word' id='word_1_372' title='bbox 2915 2325 2962 2381; x_wconf 90' lang='grc' dir='ltr'>δ’</span> <span class='ocrx_word' id='word_1_373' title='bbox 3011 2333 3222 2391; x_wconf 78' lang='grc' dir='ltr'>εκεῖνος</span> <span class='ocrx_word' id='word_1_374' title='bbox 3277 2324 3602 2401; x_wconf 71' lang='grc' dir='ltr'>ἐξεϐέϐλητο</span> <span class='ocrx_word' id='word_1_375' title='bbox 3661 2334 3761 2395; x_wconf 77' lang='grc' dir='ltr'>τῆς</span> 
     </span>
    </p>
   </div>
   <div class='ocr_carea' id='block_1_52' title="bbox 2100 2414 3763 2494">
    <p class='ocr_par' dir='ltr' id='par_1_52' title="bbox 2100 2414 3763 2494">
     <span class='ocr_line' id='line_1_52' title="bbox 2100 2414 3763 2494; baseline 0.004 -27"><span class='ocrx_word' id='word_1_376' title='bbox 2100 2414 2491 2489; x_wconf 85' lang='grc' dir='ltr'>πατριαρχίας,</span> <span class='ocrx_word' id='word_1_377' title='bbox 2548 2416 2790 2470; x_wconf 83' lang='grc' dir='ltr'>κάκεῖνοι</span> <span class='ocrx_word' id='word_1_378' title='bbox 2845 2415 2918 2478; x_wconf 83' lang='grc' dir='ltr'>ὠς</span> <span class='ocrx_word' id='word_1_379' title='bbox 2977 2417 3130 2492; x_wconf 77' lang='grc' dir='ltr'>εἶχον</span> <span class='ocrx_word' id='word_1_380' title='bbox 3204 2416 3590 2493; x_wconf 78' lang='grc' dir='ltr'>παρεισδύντες</span> <span class='ocrx_word' id='word_1_381' title='bbox 3646 2440 3763 2494; x_wconf 86' lang='grc' dir='ltr'>γω-</span> 
     </span>
    </p>
   </div>
   <div class='ocr_carea' id='block_1_53' title="bbox 2101 2628 3763 2704">
    <p class='ocr_par' dir='ltr' id='par_1_53' title="bbox 2101 2628 3763 2704">
     <span class='ocr_line' id='line_1_53' title="bbox 2101 2628 3763 2704; baseline 0.005 -22"><span class='ocrx_word' id='word_1_382' title='bbox 2101 2628 2293 2683; x_wconf 91' lang='lat' dir='ltr'>dicere</span> <span class='ocrx_word' id='word_1_383' title='bbox 2317 2629 2386 2684; x_wconf 90' lang='lat' dir='ltr'>de</span> <span class='ocrx_word' id='word_1_384' title='bbox 2409 2629 2728 2702; x_wconf 81' lang='lat' dir='ltr'>Hyacintho</span> <span class='ocrx_word' id='word_1_385' title='bbox 2756 2633 2946 2703; x_wconf 89' lang='lat' dir='ltr'>deque</span> <span class='ocrx_word' id='word_1_386' title='bbox 2969 2633 3100 2704; x_wconf 91' lang='lat' dir='ltr'>ipsa</span> <span class='ocrx_word' id='word_1_387' title='bbox 3114 2634 3438 2690; x_wconf 91' lang='lat' dir='ltr'>Theodosia</span> <span class='ocrx_word' id='word_1_388' title='bbox 3463 2634 3763 2691; x_wconf 90' lang='lat' dir='ltr'>etJoanne</span> 
     </span>
    </p>
   </div>
   <div class='ocr_carea' id='block_1_54' title="bbox 2104 2720 3755 2796">
    <p class='ocr_par' dir='ltr' id='par_1_54' title="bbox 2104 2720 3755 2796">
     <span class='ocr_line' id='line_1_54' title="bbox 2104 2720 3755 2796; baseline 0.005 -25"><span class='ocrx_word' id='word_1_389' title='bbox 2104 2734 2417 2789; x_wconf 89' lang='lat' dir='ltr'>sororeque</span> <span class='ocrx_word' id='word_1_390' title='bbox 2448 2720 2661 2775; x_wconf 85' lang='lat' dir='ltr'>horum</span> <span class='ocrx_word' id='word_1_391' title='bbox 2690 2737 2759 2776; x_wconf 86' lang='lat' dir='ltr'>ex</span> <span class='ocrx_word' id='word_1_392' title='bbox 2790 2726 2950 2792; x_wconf 83' lang='lat' dir='ltr'>patre</span> <span class='ocrx_word' id='word_1_393' title='bbox 2981 2722 3466 2795; x_wconf 89' lang='lat' dir='ltr'>Nostongonissa.</span> <span class='ocrx_word' id='word_1_394' title='bbox 3500 2724 3755 2796; x_wconf 86' lang='lat' dir='ltr'>Hyacin-</span> 
     </span>
    </p>
   </div>
   <div class='ocr_carea' id='block_1_55' title="bbox 2102 2807 3758 2883">
    <p class='ocr_par' dir='ltr' id='par_1_55' title="bbox 2102 2807 3758 2883">
     <span class='ocr_line' id='line_1_55' title="bbox 2102 2807 3758 2883; baseline 0.004 -22"><span class='ocrx_word' id='word_1_395' title='bbox 2102 2807 2242 2862; x_wconf 84' lang='lat' dir='ltr'>thus</span> <span class='ocrx_word' id='word_1_396' title='bbox 2302 2809 2628 2864; x_wconf 85' lang='lat' dir='ltr'>monachus</span> <span class='ocrx_word' id='word_1_397' title='bbox 2684 2810 2794 2865; x_wconf 90' lang='lat' dir='ltr'>fuit</span> <span class='ocrx_word' id='word_1_398' title='bbox 2838 2827 2908 2865; x_wconf 83' lang='lat' dir='ltr'>ex</span> <span class='ocrx_word' id='word_1_399' title='bbox 2958 2811 3293 2878; x_wconf 86' lang='lat' dir='ltr'>Occidente,</span> <span class='ocrx_word' id='word_1_400' title='bbox 3350 2813 3450 2883; x_wconf 90' lang='lat' dir='ltr'>qui</span> <span class='ocrx_word' id='word_1_401' title='bbox 3504 2813 3758 2869; x_wconf 83' lang='lat' dir='ltr'>Nicaeam</span> 
     </span>
    </p>
   </div>
   <div class='ocr_carea' id='block_1_56' title="bbox 2105 2896 3764 2973">
    <p class='ocr_par' dir='ltr' id='par_1_56' title="bbox 2105 2896 3764 2973">
     <span class='ocr_line' id='line_1_56' title="bbox 2105 2896 3764 2973; baseline 0.004 -23"><span class='ocrx_word' id='word_1_402' title='bbox 2105 2896 2424 2967; x_wconf 87' lang='lat' dir='ltr'>profectus,</span> <span class='ocrx_word' id='word_1_403' title='bbox 2457 2898 2517 2954; x_wconf 88' lang='lat' dir='ltr'>in</span> <span class='ocrx_word' id='word_1_404' title='bbox 2550 2899 2805 2969; x_wconf 90' lang='lat' dir='ltr'>quodam</span> <span class='ocrx_word' id='word_1_405' title='bbox 2838 2899 3024 2954; x_wconf 83' lang='lat' dir='ltr'>sancti</span> <span class='ocrx_word' id='word_1_406' title='bbox 3056 2900 3307 2957; x_wconf 80' lang='lat' dir='ltr'>caelestis</span> <span class='ocrx_word' id='word_1_407' title='bbox 3341 2900 3565 2956; x_wconf 68' lang='lat' dir='ltr'>militia:</span> <span class='ocrx_word' id='word_1_408' title='bbox 3598 2903 3764 2973; x_wconf 91' lang='lat' dir='ltr'>prin-</span> 
     </span>
    </p>
   </div>
   <div class='ocr_carea' id='block_1_57' title="bbox 2104 2986 3770 3062">
    <p class='ocr_par' dir='ltr' id='par_1_57' title="bbox 2104 2986 3770 3062">
     <span class='ocr_line' id='line_1_57' title="bbox 2104 2986 3770 3062; baseline 0.002 -20"><span class='ocrx_word' id='word_1_409' title='bbox 2104 2986 2255 3057; x_wconf 89' lang='lat' dir='ltr'>cipis</span> <span class='ocrx_word' id='word_1_410' title='bbox 2288 2987 2523 3059; x_wconf 85' lang='lat' dir='ltr'>templo,</span> <span class='ocrx_word' id='word_1_411' title='bbox 2556 2988 2745 3044; x_wconf 90' lang='lat' dir='ltr'>vicino</span> <span class='ocrx_word' id='word_1_412' title='bbox 2778 2988 2992 3060; x_wconf 89' lang='lat' dir='ltr'>palatio</span> <span class='ocrx_word' id='word_1_413' title='bbox 3016 2989 3391 3061; x_wconf 81' lang='lat' dir='ltr'>patriarchali</span> <span class='ocrx_word' id='word_1_414' title='bbox 3418 2992 3574 3062; x_wconf 89' lang='lat' dir='ltr'>quod</span> <span class='ocrx_word' id='word_1_415' title='bbox 3608 2991 3669 3046; x_wconf 89' lang='lat' dir='ltr'>in</span> <span class='ocrx_word' id='word_1_416' title='bbox 3701 3007 3770 3046; x_wconf 89' lang='lat' dir='ltr'>ea</span> 
     </span>
    </p>
   </div>
   <div class='ocr_carea' id='block_1_58' title="bbox 2107 3075 3765 3151">
    <p class='ocr_par' dir='ltr' id='par_1_58' title="bbox 2107 3075 3765 3151">
     <span class='ocr_line' id='line_1_58' title="bbox 2107 3075 3765 3151; baseline 0.003 -21"><span class='ocrx_word' id='word_1_417' title='bbox 2107 3075 2250 3131; x_wconf 89' lang='lat' dir='ltr'>urbe</span> <span class='ocrx_word' id='word_1_418' title='bbox 2300 3081 2408 3141; x_wconf 88' lang='lat' dir='ltr'>est,</span> <span class='ocrx_word' id='word_1_419' title='bbox 2460 3077 2702 3149; x_wconf 87' lang='lat' dir='ltr'>degens,</span> <span class='ocrx_word' id='word_1_420' title='bbox 2753 3078 2926 3134; x_wconf 90' lang='lat' dir='ltr'>homo</span> <span class='ocrx_word' id='word_1_421' title='bbox 2977 3079 3318 3149; x_wconf 83' lang='lat' dir='ltr'>peregrinus</span> <span class='ocrx_word' id='word_1_422' title='bbox 3349 3085 3407 3133; x_wconf 90' lang='lat' dir='ltr'>et</span> <span class='ocrx_word' id='word_1_423' title='bbox 3463 3079 3765 3151; x_wconf 88' lang='lat' dir='ltr'>plerisque</span> 
     </span>
    </p>
   </div>
   <div class='ocr_carea' id='block_1_59' title="bbox 2106 3163 3769 3240">
    <p class='ocr_par' dir='ltr' id='par_1_59' title="bbox 2106 3163 3769 3240">
     <span class='ocr_line' id='line_1_59' title="bbox 2106 3163 3769 3240; baseline 0.004 -22"><span class='ocrx_word' id='word_1_424' title='bbox 2106 3163 2345 3236; x_wconf 87' lang='lat' dir='ltr'>ignotus</span> <span class='ocrx_word' id='word_1_425' title='bbox 2377 3182 2591 3237; x_wconf 89' lang='lat' dir='ltr'>pueros</span> <span class='ocrx_word' id='word_1_426' title='bbox 2623 3166 2681 3221; x_wconf 91' lang='lat' dir='ltr'>in</span> <span class='ocrx_word' id='word_1_427' title='bbox 2713 3167 3167 3223; x_wconf 89' lang='lat' dir='ltr'>contubernium</span> <span class='ocrx_word' id='word_1_428' title='bbox 3201 3172 3599 3240; x_wconf 86' lang='lat' dir='ltr'>congregavit,</span> <span class='ocrx_word' id='word_1_429' title='bbox 3634 3170 3769 3239; x_wconf 92' lang='lat' dir='ltr'>qui-</span> 
     </span>
    </p>
   </div>
   <div class='ocr_carea' id='block_1_60' title="bbox 340 3254 3771 3333">
    <p class='ocr_par' dir='ltr' id='par_1_60' title="bbox 340 3254 3771 3333">
     <span class='ocr_line' id='line_1_60' title="bbox 340 3254 3771 3333; baseline -0.002 -14"><span class='ocrx_word' id='word_1_430' title='bbox 340 3261 673 3319; x_wconf 84' lang='lat' dir='ltr'>excidisset.</span> <span class='ocrx_word' id='word_1_431' title='bbox 747 3260 1037 3319; x_wconf 50' lang='lat' dir='ltr'>Craterum</span> <span class='ocrx_word' id='word_1_432' title='bbox 1108 3260 1431 3332; x_wconf 89' lang='lat' dir='ltr'>imperator</span> <span class='ocrx_word' id='word_1_433' title='bbox 1500 3275 1635 3313; x_wconf 86' lang='lat' dir='ltr'>suas</span> <span class='ocrx_word' id='word_1_434' title='bbox 1706 3257 1991 3329; x_wconf 89' lang='lat' dir='ltr'>quasdam</span> <span class='ocrx_word' id='word_1_435' title='bbox 2027 3267 2070 3333; x_wconf 69' lang='grc' dir='ltr'>α</span> <span class='ocrx_word' id='word_1_436' title='bbox 2110 3254 2223 3310; x_wconf 88' lang='lat' dir='ltr'>bus</span> <span class='ocrx_word' id='word_1_437' title='bbox 2255 3270 2369 3309; x_wconf 89' lang='lat' dir='ltr'>non</span> <span class='ocrx_word' id='word_1_438' title='bbox 2420 3260 2651 3311; x_wconf 89' lang='lat' dir='ltr'>tantum</span> <span class='ocrx_word' id='word_1_439' title='bbox 2694 3255 3021 3311; x_wconf 86' lang='lat' dir='ltr'>litterarum</span> <span class='ocrx_word' id='word_1_440' title='bbox 3075 3256 3365 3313; x_wconf 89' lang='lat' dir='ltr'>elementa</span> <span class='ocrx_word' id='word_1_441' title='bbox 3396 3263 3452 3313; x_wconf 90' lang='lat' dir='ltr'>et</span> <span class='ocrx_word' id='word_1_442' title='bbox 3494 3257 3771 3314; x_wconf 85' lang='lat' dir='ltr'>liberales</span> 
     </span>
    </p>
   </div>
   <div class='ocr_carea' id='block_1_61' title="bbox 339 3336 1998 3413">
    <p class='ocr_par' dir='ltr' id='par_1_61' title="bbox 339 3336 1998 3413">
     <span class='ocr_line' id='line_1_61' title="bbox 339 3336 1998 3413; baseline -0.005 -14"><span class='ocrx_word' id='word_1_443' title='bbox 339 3347 577 3399; x_wconf 91' lang='lat' dir='ltr'>secutus</span> <span class='ocrx_word' id='word_1_444' title='bbox 663 3342 943 3413; x_wconf 84' lang='lat' dir='ltr'>rationes,</span> <span class='ocrx_word' id='word_1_445' title='bbox 1035 3341 1107 3396; x_wconf 87' lang='lat' dir='ltr'>ob</span> <span class='ocrx_word' id='word_1_446' title='bbox 1190 3357 1339 3412; x_wconf 90' lang='lat' dir='ltr'>quas</span> <span class='ocrx_word' id='word_1_447' title='bbox 1394 3339 1692 3394; x_wconf 84' lang='lat' dir='ltr'>vitandam</span> <span class='ocrx_word' id='word_1_448' title='bbox 1750 3336 1998 3409; x_wconf 83' lang='lat' dir='ltr'>putabat</span> 
     </span>
    </p>
   </div>
   <div class='ocr_carea' id='block_1_62' title="bbox 341 3424 2003 3505">
    <p class='ocr_par' dir='ltr' id='par_1_62' title="bbox 341 3424 2003 3505">
     <span class='ocr_line' id='line_1_62' title="bbox 341 3424 2003 3505; baseline -0.006 -17"><span class='ocrx_word' id='word_1_449' title='bbox 341 3432 738 3505; x_wconf 84' lang='lat' dir='ltr'>suspicionem</span> <span class='ocrx_word' id='word_1_450' title='bbox 774 3448 987 3487; x_wconf 79' lang='lat' dir='ltr'>aversze</span> <span class='ocrx_word' id='word_1_451' title='bbox 1019 3448 1051 3486; x_wconf 92' lang='lat' dir='ltr'>a</span> <span class='ocrx_word' id='word_1_452' title='bbox 1078 3432 1366 3486; x_wconf 89' lang='lat' dir='ltr'>Germano</span> <span class='ocrx_word' id='word_1_453' title='bbox 1396 3427 1737 3493; x_wconf 87' lang='lat' dir='ltr'>voluntatis,</span> <span class='ocrx_word' id='word_1_454' title='bbox 1770 3424 2003 3498; x_wconf 83' lang='lat' dir='ltr'>egregie</span> 
     </span>
    </p>
   </div>
   <div class='ocr_carea' id='block_1_63' title="bbox 342 3516 2006 3594">
    <p class='ocr_par' dir='ltr' id='par_1_63' title="bbox 342 3516 2006 3594">
     <span class='ocr_line' id='line_1_63' title="bbox 342 3516 2006 3594; baseline -0.005 -16"><span class='ocrx_word' id='word_1_455' title='bbox 342 3521 604 3594; x_wconf 89' lang='lat' dir='ltr'>perstitit</span> <span class='ocrx_word' id='word_1_456' title='bbox 672 3521 732 3577; x_wconf 91' lang='lat' dir='ltr'>in</span> <span class='ocrx_word' id='word_1_457' title='bbox 795 3521 1174 3577; x_wconf 89' lang='lat' dir='ltr'>simulatione</span> <span class='ocrx_word' id='word_1_458' title='bbox 1245 3520 1473 3575; x_wconf 78' lang='lat' dir='ltr'>fovendi</span> <span class='ocrx_word' id='word_1_459' title='bbox 1546 3516 2006 3590; x_wconf 89' lang='lat' dir='ltr'>protegendique</span> 
     </span>
    </p>
   </div>
   <div class='ocr_carea' id='block_1_64' title="bbox 346 3607 2006 3685">
    <p class='ocr_par' dir='ltr' id='par_1_64' title="bbox 346 3607 2006 3685">
     <span class='ocr_line' id='line_1_64' title="bbox 346 3607 2006 3685; baseline -0.005 -18"><span class='ocrx_word' id='word_1_460' title='bbox 346 3614 708 3685; x_wconf 90' lang='lat' dir='ltr'>ipsum,non</span> <span class='ocrx_word' id='word_1_461' title='bbox 742 3610 933 3667; x_wconf 91' lang='lat' dir='ltr'>solum</span> <span class='ocrx_word' id='word_1_462' title='bbox 965 3610 1130 3665; x_wconf 89' lang='lat' dir='ltr'>vultu</span> <span class='ocrx_word' id='word_1_463' title='bbox 1183 3624 1570 3679; x_wconf 85' lang='lat' dir='ltr'>sermoneque</span> <span class='ocrx_word' id='word_1_464' title='bbox 1620 3607 1680 3661; x_wconf 91' lang='lat' dir='ltr'>in</span> <span class='ocrx_word' id='word_1_465' title='bbox 1729 3621 2006 3677; x_wconf 88' lang='lat' dir='ltr'>congres-</span> 
     </span>
    </p>
   </div>
   <div class='ocr_carea' id='block_1_65' title="bbox 348 3696 2010 3769">
    <p class='ocr_par' dir='ltr' id='par_1_65' title="bbox 348 3696 2010 3769">
     <span class='ocr_line' id='line_1_65' title="bbox 348 3696 2010 3769; baseline -0.005 -12"><span class='ocrx_word' id='word_1_466' title='bbox 348 3701 775 3769; x_wconf 87' lang='lat' dir='ltr'>sibus,cunctis</span> <span class='ocrx_word' id='word_1_467' title='bbox 808 3718 952 3756; x_wconf 64' lang='lat' dir='ltr'>verae</span> <span class='ocrx_word' id='word_1_468' title='bbox 970 3698 1383 3756; x_wconf 66' lang='lat' dir='ltr'>benevolentiae</span> <span class='ocrx_word' id='word_1_469' title='bbox 1410 3696 1646 3752; x_wconf 88' lang='lat' dir='ltr'>indiciis</span> <span class='ocrx_word' id='word_1_470' title='bbox 1679 3700 2010 3751; x_wconf 86' lang='lat' dir='ltr'>monstran-</span> 
     </span>
    </p>
   </div>
   <div class='ocr_carea' id='block_1_66' title="bbox 352 3783 2011 3862">
    <p class='ocr_par' dir='ltr' id='par_1_66' title="bbox 352 3783 2011 3862">
     <span class='ocr_line' id='line_1_66' title="bbox 352 3783 2011 3862; baseline -0.005 -17"><span class='ocrx_word' id='word_1_471' title='bbox 352 3789 465 3857; x_wconf 87' lang='lat' dir='ltr'>dis,</span> <span class='ocrx_word' id='word_1_472' title='bbox 498 3806 701 3846; x_wconf 91' lang='lat' dir='ltr'>verum</span> <span class='ocrx_word' id='word_1_473' title='bbox 735 3790 909 3845; x_wconf 87' lang='lat' dir='ltr'>etiam</span> <span class='ocrx_word' id='word_1_474' title='bbox 940 3789 1211 3862; x_wconf 90' lang='lat' dir='ltr'>pecuniis</span> <span class='ocrx_word' id='word_1_475' title='bbox 1243 3788 1405 3860; x_wconf 90' lang='lat' dir='ltr'>large</span> <span class='ocrx_word' id='word_1_476' title='bbox 1446 3785 1759 3853; x_wconf 85' lang='lat' dir='ltr'>donandis,</span> <span class='ocrx_word' id='word_1_477' title='bbox 1795 3783 2011 3856; x_wconf 89' lang='lat' dir='ltr'>quibus</span> 
     </span>
    </p>
   </div>
   <div class='ocr_carea' id='block_1_67' title="bbox 353 3871 2011 3938">
    <p class='ocr_par' dir='ltr' id='par_1_67' title="bbox 353 3871 2011 3938">
     <span class='ocr_line' id='line_1_67' title="bbox 353 3871 2011 3938; baseline -0.004 -6"><span class='ocrx_word' id='word_1_478' title='bbox 353 3876 455 3932; x_wconf 92' lang='lat' dir='ltr'>ille</span> <span class='ocrx_word' id='word_1_479' title='bbox 484 3878 753 3933; x_wconf 90' lang='lat' dir='ltr'>videlicet</span> <span class='ocrx_word' id='word_1_480' title='bbox 774 3879 1049 3934; x_wconf 89' lang='lat' dir='ltr'>adversas</span> <span class='ocrx_word' id='word_1_481' title='bbox 1077 3877 1190 3933; x_wconf 92' lang='lat' dir='ltr'>sibi</span> <span class='ocrx_word' id='word_1_482' title='bbox 1227 3874 1631 3931; x_wconf 86' lang='lat' dir='ltr'>reconciliaret</span> <span class='ocrx_word' id='word_1_483' title='bbox 1659 3871 2011 3938; x_wconf 88' lang='lat' dir='ltr'>voluntates,</span> 
     </span>
    </p>
   </div>
   <div class='ocr_carea' id='block_1_68' title="bbox 355 3961 2014 4038">
    <p class='ocr_par' dir='ltr' id='par_1_68' title="bbox 355 3961 2014 4038">
     <span class='ocr_line' id='line_1_68' title="bbox 355 3961 2014 4038; baseline -0.004 -17"><span class='ocrx_word' id='word_1_484' title='bbox 355 3967 564 4030; x_wconf 90' lang='lat' dir='ltr'>Quoin</span> <span class='ocrx_word' id='word_1_485' title='bbox 597 3982 807 4038; x_wconf 87' lang='lat' dir='ltr'>genere</span> <span class='ocrx_word' id='word_1_486' title='bbox 852 3966 1102 4038; x_wconf 86' lang='lat' dir='ltr'>contigit</span> <span class='ocrx_word' id='word_1_487' title='bbox 1151 3966 1410 4020; x_wconf 89' lang='lat' dir='ltr'>instante</span> <span class='ocrx_word' id='word_1_488' title='bbox 1452 3961 1789 4018; x_wconf 90' lang='lat' dir='ltr'>Palmarum</span> <span class='ocrx_word' id='word_1_489' title='bbox 1844 3961 2014 4030; x_wconf 89' lang='lat' dir='ltr'>festo,</span> 
     </span>
    </p>
   </div>
   <div class='ocr_carea' id='block_1_69' title="bbox 356 4051 2019 4131">
    <p class='ocr_par' dir='ltr' id='par_1_69' title="bbox 356 4051 2019 4131">
     <span class='ocr_line' id='line_1_69' title="bbox 356 4051 2019 4131; baseline -0.005 -18"><span class='ocrx_word' id='word_1_490' title='bbox 356 4074 475 4130; x_wconf 91' lang='lat' dir='ltr'>quo</span> <span class='ocrx_word' id='word_1_491' title='bbox 506 4056 785 4115; x_wconf 89' lang='lat' dir='ltr'>selemnis</span> <span class='ocrx_word' id='word_1_492' title='bbox 816 4059 951 4114; x_wconf 92' lang='lat' dir='ltr'>duci</span> <span class='ocrx_word' id='word_1_493' title='bbox 984 4076 1086 4131; x_wconf 81' lang='lat' dir='ltr'>per</span> <span class='ocrx_word' id='word_1_494' title='bbox 1112 4058 1317 4113; x_wconf 90' lang='lat' dir='ltr'>urbem</span> <span class='ocrx_word' id='word_1_495' title='bbox 1352 4054 1705 4128; x_wconf 89' lang='lat' dir='ltr'>supplicatio</span> <span class='ocrx_word' id='word_1_496' title='bbox 1743 4051 2019 4125; x_wconf 90' lang='lat' dir='ltr'>precibus</span> 
     </span>
    </p>
   </div>
   <div class='ocr_carea' id='block_1_70' title="bbox 356 4142 2023 4215">
    <p class='ocr_par' dir='ltr' id='par_1_70' title="bbox 356 4142 2023 4215">
     <span class='ocr_line' id='line_1_70' title="bbox 356 4142 2023 4215; baseline -0.004 -13"><span class='ocrx_word' id='word_1_497' title='bbox 356 4148 741 4204; x_wconf 88' lang='lat' dir='ltr'>decantandis</span> <span class='ocrx_word' id='word_1_498' title='bbox 790 4147 1113 4215; x_wconf 89' lang='lat' dir='ltr'>consuevit;</span> <span class='ocrx_word' id='word_1_499' title='bbox 1149 4151 1213 4202; x_wconf 91' lang='lat' dir='ltr'>ut</span> <span class='ocrx_word' id='word_1_500' title='bbox 1260 4162 1393 4201; x_wconf 92' lang='lat' dir='ltr'>cum</span> <span class='ocrx_word' id='word_1_501' title='bbox 1446 4143 1644 4200; x_wconf 90' lang='lat' dir='ltr'>missis</span> <span class='ocrx_word' id='word_1_502' title='bbox 1672 4142 1738 4197; x_wconf 90' lang='lat' dir='ltr'>ad</span> <span class='ocrx_word' id='word_1_503' title='bbox 1772 4142 2023 4213; x_wconf 91' lang='lat' dir='ltr'>impera-</span> 
     </span>
    </p>
   </div>
   <div class='ocr_carea' id='block_1_71' title="bbox 356 4229 2026 4309">
    <p class='ocr_par' dir='ltr' id='par_1_71' title="bbox 356 4229 2026 4309">
     <span class='ocr_line' id='line_1_71' title="bbox 356 4229 2026 4309; baseline -0.005 -18"><span class='ocrx_word' id='word_1_504' title='bbox 356 4240 545 4292; x_wconf 87' lang='lat' dir='ltr'>torem</span> <span class='ocrx_word' id='word_1_505' title='bbox 569 4236 695 4293; x_wconf 87' lang='lat' dir='ltr'>suis</span> <span class='ocrx_word' id='word_1_506' title='bbox 718 4236 1053 4309; x_wconf 89' lang='lat' dir='ltr'>patriarcha</span> <span class='ocrx_word' id='word_1_507' title='bbox 1074 4236 1123 4291; x_wconf 90' lang='lat' dir='ltr'>ei</span> <span class='ocrx_word' id='word_1_508' title='bbox 1149 4235 1511 4291; x_wconf 88' lang='lat' dir='ltr'>conﬁdenter</span> <span class='ocrx_word' id='word_1_509' title='bbox 1534 4232 1854 4288; x_wconf 89' lang='lat' dir='ltr'>indicasset</span> <span class='ocrx_word' id='word_1_510' title='bbox 1870 4229 2026 4285; x_wconf 89' lang='lat' dir='ltr'>indi-</span> 
     </span>
    </p>
   </div>
   <div class='ocr_carea' id='block_1_72' title="bbox 358 4318 2025 4396">
    <p class='ocr_par' dir='ltr' id='par_1_72' title="bbox 358 4318 2025 4396">
     <span class='ocr_line' id='line_1_72' title="bbox 358 4318 2025 4396; baseline -0.004 -17"><span class='ocrx_word' id='word_1_511' title='bbox 358 4340 496 4396; x_wconf 90' lang='lat' dir='ltr'>gere</span> <span class='ocrx_word' id='word_1_512' title='bbox 515 4342 576 4381; x_wconf 91' lang='lat' dir='ltr'>se</span> <span class='ocrx_word' id='word_1_513' title='bbox 597 4324 770 4381; x_wconf 89' lang='lat' dir='ltr'>lineis</span> <span class='ocrx_word' id='word_1_514' title='bbox 789 4325 964 4381; x_wconf 89' lang='lat' dir='ltr'>hamo</span> <span class='ocrx_word' id='word_1_515' title='bbox 986 4341 1120 4380; x_wconf 89' lang='lat' dir='ltr'>esca</span> <span class='ocrx_word' id='word_1_516' title='bbox 1141 4323 1349 4380; x_wconf 90' lang='lat' dir='ltr'>induto</span> <span class='ocrx_word' id='word_1_517' title='bbox 1377 4319 1931 4393; x_wconf 84' lang='lat' dir='ltr'>instructis,quibus</span> <span class='ocrx_word' id='word_1_518' title='bbox 1954 4318 2025 4373; x_wconf 91' lang='lat' dir='ltr'>ad</span> 
     </span>
    </p>
   </div>
   <div class='ocr_carea' id='block_1_73' title="bbox 360 4410 2028 4487">
    <p class='ocr_par' dir='ltr' id='par_1_73' title="bbox 360 4410 2028 4487">
     <span class='ocr_line' id='line_1_73' title="bbox 360 4410 2028 4487; baseline -0.004 -18"><span class='ocrx_word' id='word_1_519' title='bbox 360 4429 427 4469; x_wconf 90' lang='lat' dir='ltr'>se</span> <span class='ocrx_word' id='word_1_520' title='bbox 458 4415 731 4471; x_wconf 87' lang='lat' dir='ltr'>homines</span> <span class='ocrx_word' id='word_1_521' title='bbox 763 4415 1046 4484; x_wconf 89' lang='lat' dir='ltr'>traheret,</span> <span class='ocrx_word' id='word_1_522' title='bbox 1081 4413 1422 4487; x_wconf 73' lang='lat' dir='ltr'>intelligens</span> <span class='ocrx_word' id='word_1_523' title='bbox 1473 4411 1574 4467; x_wconf 92' lang='lat' dir='ltr'>ille</span> <span class='ocrx_word' id='word_1_524' title='bbox 1608 4416 1803 4484; x_wconf 86' lang='lat' dir='ltr'>petere</span> <span class='ocrx_word' id='word_1_525' title='bbox 1831 4410 2028 4481; x_wconf 91' lang='lat' dir='ltr'>ipsum</span> 
     </span>
    </p>
   </div>
   <div class='ocr_carea' id='block_1_74' title="bbox 363 4498 2032 4580">
    <p class='ocr_par' dir='ltr' id='par_1_74' title="bbox 363 4498 2032 4580">
     <span class='ocr_line' id='line_1_74' title="bbox 363 4498 2032 4580; baseline -0.005 -17"><span class='ocrx_word' id='word_1_526' title='bbox 363 4506 896 4580; x_wconf 89' lang='lat' dir='ltr'>nummos,quibus</span> <span class='ocrx_word' id='word_1_527' title='bbox 944 4505 1295 4561; x_wconf 89' lang='lat' dir='ltr'>imminente</span> <span class='ocrx_word' id='word_1_528' title='bbox 1344 4521 1563 4576; x_wconf 85' lang='lat' dir='ltr'>pompa</span> <span class='ocrx_word' id='word_1_529' title='bbox 1594 4500 1942 4574; x_wconf 88' lang='lat' dir='ltr'>spargendis</span> <span class='ocrx_word' id='word_1_530' title='bbox 1971 4498 2032 4555; x_wconf 90' lang='lat' dir='ltr'>in</span> 
     </span>
    </p>
   </div>
   <div class='ocr_carea' id='block_1_75' title="bbox 360 4593 2024 4669">
    <p class='ocr_par' dir='ltr' id='par_1_75' title="bbox 360 4593 2024 4669">
     <span class='ocr_line' id='line_1_75' title="bbox 360 4593 2024 4669; baseline -0.004 -19"><span class='ocrx_word' id='word_1_531' title='bbox 360 4594 594 4669; x_wconf 85' lang='lat' dir='ltr'>plebem</span> <span class='ocrx_word' id='word_1_532' title='bbox 650 4597 848 4652; x_wconf 89' lang='lat' dir='ltr'>studia</span> <span class='ocrx_word' id='word_1_533' title='bbox 895 4612 1102 4668; x_wconf 89' lang='lat' dir='ltr'>parum</span> <span class='ocrx_word' id='word_1_534' title='bbox 1139 4594 1249 4651; x_wconf 89' lang='lat' dir='ltr'>sibi</span> <span class='ocrx_word' id='word_1_535' title='bbox 1301 4593 1621 4649; x_wconf 89' lang='lat' dir='ltr'>faventium</span> <span class='ocrx_word' id='word_1_536' title='bbox 1667 4593 2024 4657; x_wconf 88' lang='lat' dir='ltr'>emerentur,</span> 
     </span>
    </p>
   </div>
   <div class='ocr_carea' id='block_1_76' title="bbox 371 4682 2030 4756">
    <p class='ocr_par' dir='ltr' id='par_1_76' title="bbox 371 4682 2030 4756">
     <span class='ocr_line' id='line_1_76' title="bbox 371 4682 2030 4756; baseline -0.004 -15"><span class='ocrx_word' id='word_1_537' title='bbox 371 4685 654 4741; x_wconf 90' lang='lat' dir='ltr'>continuo</span> <span class='ocrx_word' id='word_1_538' title='bbox 687 4687 842 4742; x_wconf 75' lang='lat'>294</span> <span class='ocrx_word' id='word_1_539' title='bbox 866 4685 1031 4740; x_wconf 89' lang='lat' dir='ltr'>misit</span> <span class='ocrx_word' id='word_1_540' title='bbox 1065 4700 1326 4756; x_wconf 79' lang='lat' dir='ltr'>magnam</span> <span class='ocrx_word' id='word_1_541' title='bbox 1376 4682 1606 4755; x_wconf 91' lang='lat' dir='ltr'>copiam</span> <span class='ocrx_word' id='word_1_542' title='bbox 1637 4697 1795 4737; x_wconf 65' lang='lat' dir='ltr'>aereae</span> <span class='ocrx_word' id='word_1_543' title='bbox 1816 4695 2030 4751; x_wconf 88' lang='lat' dir='ltr'>argen-</span> 
     </span>
    </p>
   </div>
   <div class='ocr_carea' id='block_1_77' title="bbox 372 4766 2040 4848">
    <p class='ocr_par' dir='ltr' id='par_1_77' title="bbox 372 4766 2040 4848">
     <span class='ocr_line' id='line_1_77' title="bbox 372 4766 2040 4848; baseline -0.007 -16"><span class='ocrx_word' id='word_1_544' title='bbox 372 4781 598 4848; x_wconf 59' lang='lat' dir='ltr'>teaque</span> <span class='ocrx_word' id='word_1_545' title='bbox 620 4781 869 4832; x_wconf 58' lang='lat' dir='ltr'>monetis</span> <span class='ocrx_word' id='word_1_546' title='bbox 887 4793 1003 4848; x_wconf 89' lang='lat' dir='ltr'>qua</span> <span class='ocrx_word' id='word_1_547' title='bbox 1025 4775 1122 4831; x_wconf 89' lang='lat' dir='ltr'>illc</span> <span class='ocrx_word' id='word_1_548' title='bbox 1146 4791 1274 4846; x_wconf 69' lang='lat' dir='ltr'>quae</span> <span class='ocrx_word' id='word_1_549' title='bbox 1296 4772 1469 4845; x_wconf 90' lang='lat' dir='ltr'>vulgo</span> <span class='ocrx_word' id='word_1_550' title='bbox 1488 4775 1695 4827; x_wconf 89' lang='lat' dir='ltr'>vocant</span> <span class='ocrx_word' id='word_1_551' title='bbox 1713 4771 1933 4842; x_wconf 89' lang='lat' dir='ltr'>epicom</span> <span class='ocrx_word' id='word_1_552' title='bbox 1945 4766 2040 4839; x_wconf 90' lang='lat' dir='ltr'>pia</span> 
     </span>
    </p>
   </div>
   <div class='ocr_carea' id='block_1_78' title="bbox 367 4857 2038 4936">
    <p class='ocr_par' dir='ltr' id='par_1_78' title="bbox 367 4857 2038 4936">
     <span class='ocr_line' id='line_1_78' title="bbox 367 4857 2038 4936; baseline -0.007 -14"><span class='ocrx_word' id='word_1_553' title='bbox 367 4865 717 4922; x_wconf 89' lang='lat' dir='ltr'>concinnari</span> <span class='ocrx_word' id='word_1_554' title='bbox 751 4882 967 4921; x_wconf 85' lang='lat' dir='ltr'>curans</span> <span class='ocrx_word' id='word_1_555' title='bbox 1017 4881 1084 4920; x_wconf 90' lang='lat' dir='ltr'>ea</span> <span class='ocrx_word' id='word_1_556' title='bbox 1132 4863 1344 4936; x_wconf 82' lang='lat' dir='ltr'>jactari</span> <span class='ocrx_word' id='word_1_557' title='bbox 1393 4861 1579 4933; x_wconf 88' lang='lat' dir='ltr'>jussit</span> <span class='ocrx_word' id='word_1_558' title='bbox 1634 4860 1695 4915; x_wconf 90' lang='lat' dir='ltr'>in</span> <span class='ocrx_word' id='word_1_559' title='bbox 1752 4857 2038 4932; x_wconf 90' lang='lat' dir='ltr'>p0pulum</span> 
     </span>
    </p>
   </div>
   <div class='ocr_carea' id='block_1_79' title="bbox 365 4950 2043 5030">
    <p class='ocr_par' dir='ltr' id='par_1_79' title="bbox 365 4950 2043 5030">
     <span class='ocr_line' id='line_1_79' title="bbox 365 4950 2043 5030; baseline -0.004 -19"><span class='ocrx_word' id='word_1_560' title='bbox 365 4959 492 5012; x_wconf 88' lang='lat' dir='ltr'>toto</span> <span class='ocrx_word' id='word_1_561' title='bbox 539 4957 729 5028; x_wconf 89' lang='lat' dir='ltr'>spatio</span> <span class='ocrx_word' id='word_1_562' title='bbox 784 4973 899 5028; x_wconf 93' lang='lat' dir='ltr'>quo</span> <span class='ocrx_word' id='word_1_563' title='bbox 952 4972 1172 5030; x_wconf 85' lang='lat' dir='ltr'>pompa</span> <span class='ocrx_word' id='word_1_564' title='bbox 1221 4953 1691 5027; x_wconf 87' lang='lat' dir='ltr'>supplicantium</span> <span class='ocrx_word' id='word_1_565' title='bbox 1729 4950 2043 5023; x_wconf 88' lang='lat' dir='ltr'>processit,</span> 
     </span>
    </p>
   </div>
   <div class='ocr_carea' id='block_1_80' title="bbox 369 5040 2045 5118">
    <p class='ocr_par' dir='ltr' id='par_1_80' title="bbox 369 5040 2045 5118">
     <span class='ocr_line' id='line_1_80' title="bbox 369 5040 2045 5118; baseline -0.004 -17"><span class='ocrx_word' id='word_1_566' title='bbox 369 5046 446 5101; x_wconf 87' lang='lat' dir='ltr'>ad</span> <span class='ocrx_word' id='word_1_567' title='bbox 497 5052 838 5101; x_wconf 89' lang='lat' dir='ltr'>sanctorum</span> <span class='ocrx_word' id='word_1_568' title='bbox 900 5043 1295 5118; x_wconf 87' lang='lat' dir='ltr'>quadraginta</span> <span class='ocrx_word' id='word_1_569' title='bbox 1360 5047 1692 5114; x_wconf 85' lang='lat' dir='ltr'>martyrum</span> <span class='ocrx_word' id='word_1_570' title='bbox 1756 5040 2045 5112; x_wconf 87' lang='lat' dir='ltr'>templum</span> 
     </span>
    </p>
   </div>
   <div class='ocr_carea' id='block_1_81' title="bbox 369 5133 2048 5209">
    <p class='ocr_par' dir='ltr' id='par_1_81' title="bbox 369 5133 2048 5209">
     <span class='ocr_line' id='line_1_81' title="bbox 369 5133 2048 5209; baseline -0.004 -18"><span class='ocrx_word' id='word_1_571' title='bbox 369 5151 564 5207; x_wconf 84' lang='lat' dir='ltr'>usque</span> <span class='ocrx_word' id='word_1_572' title='bbox 611 5137 915 5209; x_wconf 88' lang='lat' dir='ltr'>producta.</span> <span class='ocrx_word' id='word_1_573' title='bbox 971 5136 1098 5191; x_wconf 91' lang='lat' dir='ltr'>Tali</span> <span class='ocrx_word' id='word_1_574' title='bbox 1158 5134 1411 5190; x_wconf 88' lang='lat' dir='ltr'>callidus</span> <span class='ocrx_word' id='word_1_575' title='bbox 1460 5133 1785 5204; x_wconf 87' lang='lat' dir='ltr'>imperator</span> <span class='ocrx_word' id='word_1_576' title='bbox 1834 5135 2048 5186; x_wconf 76' lang='lat' dir='ltr'>astutae</span> 
     </span>
    </p>
   </div>
   <div class='ocr_carea' id='block_1_82' title="bbox 371 5222 2046 5287">
    <p class='ocr_par' dir='ltr' id='par_1_82' title="bbox 371 5222 2046 5287">
     <span class='ocr_line' id='line_1_82' title="bbox 371 5222 2046 5287; baseline -0.002 -7"><span class='ocrx_word' id='word_1_577' title='bbox 371 5226 879 5287; x_wconf 85' lang='lat' dir='ltr'>dissimulationis</span> <span class='ocrx_word' id='word_1_578' title='bbox 928 5227 1175 5282; x_wconf 89' lang='lat' dir='ltr'>artiﬁcio</span> <span class='ocrx_word' id='word_1_579' title='bbox 1228 5227 1428 5281; x_wconf 91' lang='lat' dir='ltr'>fucum</span> <span class='ocrx_word' id='word_1_580' title='bbox 1482 5223 1734 5279; x_wconf 88' lang='lat' dir='ltr'>faciebat</span> <span class='ocrx_word' id='word_1_581' title='bbox 1794 5222 2046 5277; x_wconf 88' lang='lat' dir='ltr'>nimium</span> 
     </span>
    </p>
   </div>
   <div class='ocr_carea' id='block_1_83' title="bbox 372 5312 2052 5385">
    <p class='ocr_par' dir='ltr' id='par_1_83' title="bbox 372 5312 2052 5385">
     <span class='ocr_line' id='line_1_83' title="bbox 372 5312 2052 5385; baseline -0.004 -14"><span class='ocrx_word' id='word_1_582' title='bbox 372 5316 618 5372; x_wconf 87' lang='lat' dir='ltr'>credulo</span> <span class='ocrx_word' id='word_1_583' title='bbox 651 5315 1010 5381; x_wconf 87' lang='lat' dir='ltr'>antistiti,ne</span> <span class='ocrx_word' id='word_1_584' title='bbox 1043 5313 1314 5371; x_wconf 91' lang='lat' dir='ltr'>subolere</span> <span class='ocrx_word' id='word_1_585' title='bbox 1336 5313 1447 5385; x_wconf 91' lang='lat' dir='ltr'>ipsi</span> <span class='ocrx_word' id='word_1_586' title='bbox 1484 5312 1813 5384; x_wconf 83' lang='lat' dir='ltr'>quidquam</span> <span class='ocrx_word' id='word_1_587' title='bbox 1847 5314 2052 5383; x_wconf 87' lang='lat' dir='ltr'>posset</span> 
     </span>
    </p>
   </div>
   <div class='ocr_carea' id='block_1_84' title="bbox 373 5401 2059 5476">
    <p class='ocr_par' dir='ltr' id='par_1_84' title="bbox 373 5401 2059 5476">
     <span class='ocr_line' id='line_1_84' title="bbox 373 5401 2059 5476; baseline -0.005 -14"><span class='ocrx_word' id='word_1_588' title='bbox 373 5423 603 5462; x_wconf 79' lang='lat' dir='ltr'>arcanae</span> <span class='ocrx_word' id='word_1_589' title='bbox 651 5405 997 5473; x_wconf 90' lang='lat' dir='ltr'>voluntatis,</span> <span class='ocrx_word' id='word_1_590' title='bbox 1031 5421 1149 5476; x_wconf 90' lang='lat' dir='ltr'>qua</span> <span class='ocrx_word' id='word_1_591' title='bbox 1199 5402 1478 5475; x_wconf 89' lang='lat' dir='ltr'>cupiebat</span> <span class='ocrx_word' id='word_1_592' title='bbox 1539 5401 1795 5456; x_wconf 87' lang='lat' dir='ltr'>amoveri</span> <span class='ocrx_word' id='word_1_593' title='bbox 1848 5415 1984 5455; x_wconf 90' lang='lat' dir='ltr'>eum</span> <span class='ocrx_word' id='word_1_594' title='bbox 2025 5414 2059 5452; x_wconf 91' lang='lat' dir='ltr'>a</span> 
     </span>
    </p>
   </div>
   <div class='ocr_carea' id='block_1_85' title="bbox 374 5493 958 5568">
    <p class='ocr_par' dir='ltr' id='par_1_85' title="bbox 374 5493 958 5568">
     <span class='ocr_line' id='line_1_85' title="bbox 374 5493 958 5568; baseline -0.009 -15"><span class='ocrx_word' id='word_1_595' title='bbox 374 5498 518 5554; x_wconf 86' lang='lat' dir='ltr'>sede</span> <span class='ocrx_word' id='word_1_596' title='bbox 550 5493 930 5568; x_wconf 85' lang='lat' dir='ltr'>patriarchali</span> <span class='ocrx_word' id='word_1_597' title='bbox 945 5535 958 5549; x_wconf 92' lang='lat'>.</span> 
     </span>
    </p>
   </div>
   <div class='ocr_carea' id='block_1_86' title="bbox 375 5598 2061 5676">
    <p class='ocr_par' dir='ltr' id='par_1_86' title="bbox 375 5598 2061 5676">
     <span class='ocr_line' id='line_1_86' title="bbox 375 5598 2061 5676; baseline 0.001 -19"><span class='ocrx_word' id='word_1_598' title='bbox 375 5603 472 5660; x_wconf 86' lang='grc'>19.</span> <span class='ocrx_word' id='word_1_599' title='bbox 507 5605 583 5661; x_wconf 86' lang='lat' dir='ltr'>De</span> <span class='ocrx_word' id='word_1_600' title='bbox 631 5603 975 5676; x_wconf 77' lang='lat' dir='ltr'>Hyacinthe,</span> <span class='ocrx_word' id='word_1_601' title='bbox 1030 5601 1157 5676; x_wconf 61' lang='lat' dir='ltr'>qui:</span> <span class='ocrx_word' id='word_1_602' title='bbox 1200 5603 1254 5654; x_wconf 82' lang='lat' dir='ltr'>et</span> <span class='ocrx_word' id='word_1_603' title='bbox 1302 5598 1451 5676; x_wconf 65' lang='lat' dir='ltr'>unde</span> <span class='ocrx_word' id='word_1_604' title='bbox 1502 5600 1687 5664; x_wconf 76' lang='lat' dir='ltr'>esset;</span> <span class='ocrx_word' id='word_1_605' title='bbox 1738 5612 1802 5653; x_wconf 79' lang='lat' dir='ltr'>ac</span> <span class='ocrx_word' id='word_1_606' title='bbox 1835 5599 1904 5656; x_wconf 76' lang='lat' dir='ltr'>de</span> <span class='ocrx_word' id='word_1_607' title='bbox 1952 5601 2061 5674; x_wconf 78' lang='lat' dir='ltr'>ipsi</span> 
     </span>
    </p>
   </div>
   <div class='ocr_carea' id='block_1_87' title="bbox 1001 5672 1440 5730">
    <p class='ocr_par' dir='ltr' id='par_1_87' title="bbox 1001 5672 1440 5730">
     <span class='ocr_line' id='line_1_87' title="bbox 1001 5672 1440 5730; baseline -0.002 -3"><span class='ocrx_word' id='word_1_608' title='bbox 1001 5672 1440 5730; x_wconf 72' lang='lat' dir='ltr'>adhaerentibus.</span> 
     </span>
    </p>
   </div>
   <div class='ocr_carea' id='block_1_88' title="bbox 367 5759 2059 5837">
    <p class='ocr_par' dir='ltr' id='par_1_88' title="bbox 367 5759 2059 5837">
     <span class='ocr_line' id='line_1_88' title="bbox 367 5759 2059 5837; baseline -0.001 -14"><span class='ocrx_word' id='word_1_609' title='bbox 367 5815 376 5823; x_wconf 94' lang='lat'>.</span> <span class='ocrx_word' id='word_1_610' title='bbox 458 5765 585 5822; x_wconf 92' lang='lat' dir='ltr'>Non</span> <span class='ocrx_word' id='word_1_611' title='bbox 617 5762 1119 5837; x_wconf 86' lang='lat' dir='ltr'>intempestivum,</span> <span class='ocrx_word' id='word_1_612' title='bbox 1152 5760 1381 5833; x_wconf 87' lang='lat' dir='ltr'>opinor,</span> <span class='ocrx_word' id='word_1_613' title='bbox 1426 5759 1605 5815; x_wconf 89' lang='lat' dir='ltr'>fuerit</span> <span class='ocrx_word' id='word_1_614' title='bbox 1654 5762 1924 5831; x_wconf 60' lang='lat' dir='ltr'>quadam</span> <span class='ocrx_word' id='word_1_615' title='bbox 1961 5763 2059 5822; x_wconf 83' lang='lat' dir='ltr'>hic</span> 
     </span>
    </p>
   </div>
   <div class='ocr_carea' id='block_1_89' title="bbox 2118 3346 3776 3418">
    <p class='ocr_par' dir='ltr' id='par_1_89' title="bbox 2118 3346 3776 3418">
     <span class='ocr_line' id='line_1_89' title="bbox 2118 3346 3776 3418; baseline 0.001 -19"><span class='ocrx_word' id='word_1_616' title='bbox 2118 3349 2274 3399; x_wconf 86' lang='lat' dir='ltr'>artes</span> <span class='ocrx_word' id='word_1_617' title='bbox 2307 3360 2411 3416; x_wconf 89' lang='lat' dir='ltr'>per</span> <span class='ocrx_word' id='word_1_618' title='bbox 2434 3361 2496 3400; x_wconf 91' lang='lat' dir='ltr'>se</span> <span class='ocrx_word' id='word_1_619' title='bbox 2520 3346 2801 3413; x_wconf 87' lang='lat' dir='ltr'>traderet,</span> <span class='ocrx_word' id='word_1_620' title='bbox 2823 3348 2923 3401; x_wconf 90' lang='lat' dir='ltr'>sed</span> <span class='ocrx_word' id='word_1_621' title='bbox 2970 3346 3147 3401; x_wconf 91' lang='lat' dir='ltr'>etiam</span> <span class='ocrx_word' id='word_1_622' title='bbox 3181 3347 3461 3401; x_wconf 89' lang='lat' dir='ltr'>alimenta</span> <span class='ocrx_word' id='word_1_623' title='bbox 3487 3348 3776 3418; x_wconf 89' lang='lat' dir='ltr'>suppedi-</span> 
     </span>
    </p>
   </div>
   <div class='ocr_carea' id='block_1_90' title="bbox 2118 3433 3776 3507">
    <p class='ocr_par' dir='ltr' id='par_1_90' title="bbox 2118 3433 3776 3507">
     <span class='ocr_line' id='line_1_90' title="bbox 2118 3433 3776 3507; baseline 0.001 -18"><span class='ocrx_word' id='word_1_624' title='bbox 2118 3438 2286 3489; x_wconf 84' lang='lat' dir='ltr'>taret.</span> <span class='ocrx_word' id='word_1_625' title='bbox 2324 3433 2388 3488; x_wconf 87' lang='lat' dir='ltr'>Id</span> <span class='ocrx_word' id='word_1_626' title='bbox 2420 3435 2563 3489; x_wconf 92' lang='lat' dir='ltr'>dum</span> <span class='ocrx_word' id='word_1_627' title='bbox 2605 3436 2727 3506; x_wconf 89' lang='lat' dir='ltr'>agit</span> <span class='ocrx_word' id='word_1_628' title='bbox 2752 3435 2978 3490; x_wconf 82' lang='lat' dir='ltr'>delatus</span> <span class='ocrx_word' id='word_1_629' title='bbox 3032 3436 3100 3491; x_wconf 90' lang='lat' dir='ltr'>ad</span> <span class='ocrx_word' id='word_1_630' title='bbox 3137 3436 3558 3506; x_wconf 88' lang='lat' dir='ltr'>patriarcham,</span> <span class='ocrx_word' id='word_1_631' title='bbox 3603 3436 3776 3507; x_wconf 87' lang='lat' dir='ltr'>quasi</span> 
     </span>
    </p>
   </div>
   <div class='ocr_carea' id='block_1_91' title="bbox 2120 3522 3780 3595">
    <p class='ocr_par' dir='ltr' id='par_1_91' title="bbox 2120 3522 3780 3595">
     <span class='ocr_line' id='line_1_91' title="bbox 2120 3522 3780 3595; baseline 0.001 -17"><span class='ocrx_word' id='word_1_632' title='bbox 2120 3526 2325 3578; x_wconf 86' lang='lat' dir='ltr'>contra</span> <span class='ocrx_word' id='word_1_633' title='bbox 2353 3523 2618 3579; x_wconf 89' lang='lat' dir='ltr'>ordinem</span> <span class='ocrx_word' id='word_1_634' title='bbox 2651 3522 2979 3594; x_wconf 74' lang='lat' dir='ltr'>disciplinae</span> <span class='ocrx_word' id='word_1_635' title='bbox 3007 3540 3183 3595; x_wconf 87' lang='lat' dir='ltr'>quam</span> <span class='ocrx_word' id='word_1_636' title='bbox 3226 3525 3599 3595; x_wconf 87' lang='lat' dir='ltr'>proﬁteretur</span> <span class='ocrx_word' id='word_1_637' title='bbox 3652 3540 3780 3580; x_wconf 86' lang='lat' dir='ltr'>mo-</span> 
     </span>
    </p>
   </div>
   <div class='ocr_carea' id='block_1_92' title="bbox 2122 3611 3786 3683">
    <p class='ocr_par' dir='ltr' id='par_1_92' title="bbox 2122 3611 3786 3683">
     <span class='ocr_line' id='line_1_92' title="bbox 2122 3611 3786 3683; baseline 0.002 -18"><span class='ocrx_word' id='word_1_638' title='bbox 2122 3611 2345 3667; x_wconf 87' lang='lat' dir='ltr'>nachus</span> <span class='ocrx_word' id='word_1_639' title='bbox 2378 3628 2588 3682; x_wconf 90' lang='lat' dir='ltr'>pueros</span> <span class='ocrx_word' id='word_1_640' title='bbox 2617 3612 2868 3677; x_wconf 90' lang='lat' dir='ltr'>doceret,</span> <span class='ocrx_word' id='word_1_641' title='bbox 2914 3613 3162 3683; x_wconf 86' lang='lat' dir='ltr'>ideoque</span> <span class='ocrx_word' id='word_1_642' title='bbox 3221 3614 3440 3668; x_wconf 90' lang='lat' dir='ltr'>citatus</span> <span class='ocrx_word' id='word_1_643' title='bbox 3499 3613 3571 3668; x_wconf 92' lang='lat' dir='ltr'>ab</span> <span class='ocrx_word' id='word_1_644' title='bbox 3617 3627 3684 3667; x_wconf 85' lang='lat' dir='ltr'>eo</span> <span class='ocrx_word' id='word_1_645' title='bbox 3728 3618 3786 3669; x_wconf 88' lang='lat' dir='ltr'>et</span> 
     </span>
    </p>
   </div>
   <div class='ocr_carea' id='block_1_93' title="bbox 2126 3700 3789 3774">
    <p class='ocr_par' dir='ltr' id='par_1_93' title="bbox 2126 3700 3789 3774">
     <span class='ocr_line' id='line_1_93' title="bbox 2126 3700 3789 3774; baseline 0.001 -20"><span class='ocrx_word' id='word_1_646' title='bbox 2126 3716 2381 3771; x_wconf 61' lang='lat' dir='ltr'>presens</span> <span class='ocrx_word' id='word_1_647' title='bbox 2407 3700 2827 3771; x_wconf 88' lang='lat' dir='ltr'>interrogatus,</span> <span class='ocrx_word' id='word_1_648' title='bbox 2854 3717 3078 3772; x_wconf 87' lang='lat' dir='ltr'>guavus</span> <span class='ocrx_word' id='word_1_649' title='bbox 3104 3701 3559 3774; x_wconf 89' lang='lat' dir='ltr'>industriusque</span> <span class='ocrx_word' id='word_1_650' title='bbox 3591 3703 3677 3756; x_wconf 90' lang='lat' dir='ltr'>vir</span> <span class='ocrx_word' id='word_1_651' title='bbox 3699 3708 3789 3758; x_wconf 89' lang='lat' dir='ltr'>est</span> 
     </span>
    </p>
   </div>
   <div class='ocr_carea' id='block_1_94' title="bbox 2124 3788 3789 3862">
    <p class='ocr_par' dir='ltr' id='par_1_94' title="bbox 2124 3788 3789 3862">
     <span class='ocr_line' id='line_1_94' title="bbox 2124 3788 3789 3862; baseline 0.002 -19"><span class='ocrx_word' id='word_1_652' title='bbox 2124 3789 2309 3855; x_wconf 91' lang='lat' dir='ltr'>visus,</span> <span class='ocrx_word' id='word_1_653' title='bbox 2359 3793 2755 3860; x_wconf 88' lang='lat' dir='ltr'>praetereaque</span> <span class='ocrx_word' id='word_1_654' title='bbox 2802 3788 3156 3861; x_wconf 90' lang='lat' dir='ltr'>intrepidus,</span> <span class='ocrx_word' id='word_1_655' title='bbox 3207 3795 3264 3846; x_wconf 91' lang='lat' dir='ltr'>et</span> <span class='ocrx_word' id='word_1_656' title='bbox 3321 3792 3392 3846; x_wconf 92' lang='lat' dir='ltr'>ad</span> <span class='ocrx_word' id='word_1_657' title='bbox 3450 3793 3605 3861; x_wconf 92' lang='lat' dir='ltr'>quod</span> <span class='ocrx_word' id='word_1_658' title='bbox 3639 3808 3789 3862; x_wconf 91' lang='lat' dir='ltr'>opus</span> 
     </span>
    </p>
   </div>
   <div class='ocr_carea' id='block_1_95' title="bbox 2128 3878 3789 3952">
    <p class='ocr_par' dir='ltr' id='par_1_95' title="bbox 2128 3878 3789 3952">
     <span class='ocr_line' id='line_1_95' title="bbox 2128 3878 3789 3952; baseline 0.002 -20"><span class='ocrx_word' id='word_1_659' title='bbox 2128 3881 2285 3932; x_wconf 84' lang='lat' dir='ltr'>esset</span> <span class='ocrx_word' id='word_1_660' title='bbox 2340 3878 2521 3933; x_wconf 90' lang='lat' dir='ltr'>libere</span> <span class='ocrx_word' id='word_1_661' title='bbox 2578 3879 2871 3949; x_wconf 89' lang='lat' dir='ltr'>agendum</span> <span class='ocrx_word' id='word_1_662' title='bbox 2932 3884 2989 3934; x_wconf 93' lang='lat' dir='ltr'>et</span> <span class='ocrx_word' id='word_1_663' title='bbox 3046 3878 3408 3950; x_wconf 91' lang='lat' dir='ltr'>loquendum</span> <span class='ocrx_word' id='word_1_664' title='bbox 3456 3881 3789 3952; x_wconf 87' lang='lat' dir='ltr'>expeditus.</span> 
     </span>
    </p>
   </div>
   <div class='ocr_carea' id='block_1_96' title="bbox 2132 3967 3795 4037">
    <p class='ocr_par' dir='ltr' id='par_1_96' title="bbox 2132 3967 3795 4037">
     <span class='ocr_line' id='line_1_96' title="bbox 2132 3967 3795 4037; baseline 0.002 -17"><span class='ocrx_word' id='word_1_665' title='bbox 2132 3969 2319 4033; x_wconf 90' lang='lat' dir='ltr'>Quare</span> <span class='ocrx_word' id='word_1_666' title='bbox 2350 3983 2484 4021; x_wconf 90' lang='lat' dir='ltr'>cum</span> <span class='ocrx_word' id='word_1_667' title='bbox 2519 3967 2568 4022; x_wconf 91' lang='lat' dir='ltr'>is</span> <span class='ocrx_word' id='word_1_668' title='bbox 2600 3972 2880 4037; x_wconf 61' lang='lat' dir='ltr'>prasterea</span> <span class='ocrx_word' id='word_1_669' title='bbox 2911 3985 2973 4021; x_wconf 90' lang='lat' dir='ltr'>se</span> <span class='ocrx_word' id='word_1_670' title='bbox 2998 3968 3325 4024; x_wconf 88' lang='lat' dir='ltr'>sacerdotio</span> <span class='ocrx_word' id='word_1_671' title='bbox 3358 3968 3659 4024; x_wconf 91' lang='lat' dir='ltr'>initiatum</span> <span class='ocrx_word' id='word_1_672' title='bbox 3699 3970 3795 4024; x_wconf 89' lang='lat' dir='ltr'>di-</span> 
     </span>
    </p>
   </div>
   <div class='ocr_carea' id='block_1_97' title="bbox 2133 4056 3798 4129">
    <p class='ocr_par' dir='ltr' id='par_1_97' title="bbox 2133 4056 3798 4129">
     <span class='ocr_line' id='line_1_97' title="bbox 2133 4056 3798 4129; baseline 0 -15"><span class='ocrx_word' id='word_1_673' title='bbox 2133 4062 2306 4125; x_wconf 87' lang='lat' dir='ltr'>ceret,</span> <span class='ocrx_word' id='word_1_674' title='bbox 2341 4057 2667 4129; x_wconf 86' lang='lat' dir='ltr'>assumpsit</span> <span class='ocrx_word' id='word_1_675' title='bbox 2696 4059 2767 4113; x_wconf 91' lang='lat' dir='ltr'>ad</span> <span class='ocrx_word' id='word_1_676' title='bbox 2802 4074 2864 4112; x_wconf 91' lang='lat' dir='ltr'>se</span> <span class='ocrx_word' id='word_1_677' title='bbox 2891 4056 3060 4112; x_wconf 89' lang='lat' dir='ltr'>illum</span> <span class='ocrx_word' id='word_1_678' title='bbox 3092 4064 3151 4112; x_wconf 93' lang='lat' dir='ltr'>et</span> <span class='ocrx_word' id='word_1_679' title='bbox 3180 4058 3240 4112; x_wconf 90' lang='lat' dir='ltr'>in</span> <span class='ocrx_word' id='word_1_680' title='bbox 3273 4058 3655 4115; x_wconf 80' lang='lat' dir='ltr'>familiarium</span> <span class='ocrx_word' id='word_1_681' title='bbox 3690 4077 3798 4114; x_wconf 86' lang='lat' dir='ltr'>nu-</span> 
     </span>
    </p>
   </div>
   <div class='ocr_carea' id='block_1_98' title="bbox 2135 4146 3795 4219">
    <p class='ocr_par' dir='ltr' id='par_1_98' title="bbox 2135 4146 3795 4219">
     <span class='ocr_line' id='line_1_98' title="bbox 2135 4146 3795 4219; baseline 0 -16"><span class='ocrx_word' id='word_1_682' title='bbox 2135 4165 2295 4203; x_wconf 91' lang='lat' dir='ltr'>mero</span> <span class='ocrx_word' id='word_1_683' title='bbox 2328 4147 2555 4203; x_wconf 89' lang='lat' dir='ltr'>habuit.</span> <span class='ocrx_word' id='word_1_684' title='bbox 2587 4146 2804 4202; x_wconf 86' lang='lat' dir='ltr'>Deinde</span> <span class='ocrx_word' id='word_1_685' title='bbox 2823 4163 2956 4201; x_wconf 91' lang='lat' dir='ltr'>cum</span> <span class='ocrx_word' id='word_1_686' title='bbox 2983 4146 3330 4202; x_wconf 87' lang='lat' dir='ltr'>incidissent</span> <span class='ocrx_word' id='word_1_687' title='bbox 3350 4164 3418 4202; x_wconf 90' lang='lat' dir='ltr'>ea</span> <span class='ocrx_word' id='word_1_688' title='bbox 3450 4149 3795 4219; x_wconf 67' lang='lat' dir='ltr'>patriarcha</span> 
     </span>
    </p>
   </div>
   <div class='ocr_carea' id='block_1_99' title="bbox 2120 4235 3796 4310">
    <p class='ocr_par' dir='ltr' id='par_1_99' title="bbox 2120 4235 3796 4310">
     <span class='ocr_line' id='line_1_99' title="bbox 2120 4235 3796 4310; baseline -0.001 -17"><span class='ocrx_word' id='word_1_689' title='bbox 2120 4243 2403 4310; x_wconf 79' lang='lat' dir='ltr'>tempora</span> <span class='ocrx_word' id='word_1_690' title='bbox 2432 4238 2505 4292; x_wconf 91' lang='lat' dir='ltr'>de</span> <span class='ocrx_word' id='word_1_691' title='bbox 2532 4236 2746 4308; x_wconf 89' lang='lat' dir='ltr'>quibus</span> <span class='ocrx_word' id='word_1_692' title='bbox 2776 4235 3203 4306; x_wconf 85' lang='lat' dir='ltr'>diximus,cum</span> <span class='ocrx_word' id='word_1_693' title='bbox 3239 4238 3296 4290; x_wconf 92' lang='lat' dir='ltr'>in</span> <span class='ocrx_word' id='word_1_694' title='bbox 3328 4236 3402 4290; x_wconf 89' lang='lat' dir='ltr'>iis</span> <span class='ocrx_word' id='word_1_695' title='bbox 3430 4236 3796 4308; x_wconf 77' lang='lat' dir='ltr'>Hyacinthus</span> 
     </span>
    </p>
   </div>
   <div class='ocr_carea' id='block_1_100' title="bbox 2139 4325 3800 4396">
    <p class='ocr_par' dir='ltr' id='par_1_100' title="bbox 2139 4325 3800 4396">
     <span class='ocr_line' id='line_1_100' title="bbox 2139 4325 3800 4396; baseline -0.002 -13"><span class='ocrx_word' id='word_1_696' title='bbox 2139 4328 2316 4383; x_wconf 89' lang='lat' dir='ltr'>ﬁdem</span> <span class='ocrx_word' id='word_1_697' title='bbox 2347 4331 2713 4383; x_wconf 87' lang='lat' dir='ltr'>constantem</span> <span class='ocrx_word' id='word_1_698' title='bbox 2747 4330 2805 4382; x_wconf 89' lang='lat' dir='ltr'>et</span> <span class='ocrx_word' id='word_1_699' title='bbox 2835 4325 3103 4381; x_wconf 90' lang='lat' dir='ltr'>studium</span> <span class='ocrx_word' id='word_1_700' title='bbox 3138 4330 3382 4396; x_wconf 89' lang='lat' dir='ltr'>patrono</span> <span class='ocrx_word' id='word_1_701' title='bbox 3416 4327 3631 4381; x_wconf 89' lang='lat' dir='ltr'>ardens</span> <span class='ocrx_word' id='word_1_702' title='bbox 3664 4342 3800 4396; x_wconf 90' lang='lat' dir='ltr'>pro-</span> 
     </span>
    </p>
   </div>
   <div class='ocr_carea' id='block_1_101' title="bbox 2142 4415 3801 4486">
    <p class='ocr_par' dir='ltr' id='par_1_101' title="bbox 2142 4415 3801 4486">
     <span class='ocr_line' id='line_1_101' title="bbox 2142 4415 3801 4486; baseline -0.001 -15"><span class='ocrx_word' id='word_1_703' title='bbox 2142 4418 2361 4485; x_wconf 84' lang='lat' dir='ltr'>basset,</span> <span class='ocrx_word' id='word_1_704' title='bbox 2391 4416 2625 4471; x_wconf 87' lang='lat' dir='ltr'>arctiori</span> <span class='ocrx_word' id='word_1_705' title='bbox 2655 4416 2704 4471; x_wconf 93' lang='lat' dir='ltr'>ei</span> <span class='ocrx_word' id='word_1_706' title='bbox 2747 4415 3018 4471; x_wconf 59' lang='lat' dir='ltr'>amicitia</span> <span class='ocrx_word' id='word_1_707' title='bbox 3067 4415 3507 4470; x_wconf 88' lang='lat' dir='ltr'>necessitudine</span> <span class='ocrx_word' id='word_1_708' title='bbox 3553 4415 3801 4486; x_wconf 88' lang='lat' dir='ltr'>junctus</span> 
     </span>
    </p>
   </div>
   <div class='ocr_carea' id='block_1_102' title="bbox 2144 4503 3807 4575">
    <p class='ocr_par' dir='ltr' id='par_1_102' title="bbox 2144 4503 3807 4575">
     <span class='ocr_line' id='line_1_102' title="bbox 2144 4503 3807 4575; baseline -0.004 -12"><span class='ocrx_word' id='word_1_709' title='bbox 2144 4513 2254 4563; x_wconf 88' lang='lat' dir='ltr'>est.</span> <span class='ocrx_word' id='word_1_710' title='bbox 2287 4508 2364 4561; x_wconf 91' lang='lat' dir='ltr'>Ac</span> <span class='ocrx_word' id='word_1_711' title='bbox 2398 4506 2496 4561; x_wconf 91' lang='lat' dir='ltr'>ubi</span> <span class='ocrx_word' id='word_1_712' title='bbox 2544 4503 3055 4575; x_wconf 88' lang='lat' dir='ltr'>Constantinopoli</span> <span class='ocrx_word' id='word_1_713' title='bbox 3108 4521 3319 4559; x_wconf 89' lang='lat' dir='ltr'>rursus</span> <span class='ocrx_word' id='word_1_714' title='bbox 3361 4503 3695 4575; x_wconf 87' lang='lat' dir='ltr'>patriarcha</span> <span class='ocrx_word' id='word_1_715' title='bbox 3720 4519 3807 4558; x_wconf 89' lang='lat' dir='ltr'>re-</span> 
     </span>
    </p>
   </div>
   <div class='ocr_carea' id='block_1_103' title="bbox 2151 4592 3807 4668">
    <p class='ocr_par' dir='ltr' id='par_1_103' title="bbox 2151 4592 3807 4668">
     <span class='ocr_line' id='line_1_103' title="bbox 2151 4592 3807 4668; baseline -0.002 -16"><span class='ocrx_word' id='word_1_716' title='bbox 2151 4596 2376 4668; x_wconf 88' lang='lat' dir='ltr'>positus</span> <span class='ocrx_word' id='word_1_717' title='bbox 2408 4596 2467 4651; x_wconf 90' lang='lat' dir='ltr'>in</span> <span class='ocrx_word' id='word_1_718' title='bbox 2493 4594 2773 4650; x_wconf 90' lang='lat' dir='ltr'>thronum</span> <span class='ocrx_word' id='word_1_719' title='bbox 2827 4599 2936 4661; x_wconf 90' lang='lat' dir='ltr'>est,</span> <span class='ocrx_word' id='word_1_720' title='bbox 2966 4593 3156 4649; x_wconf 91' lang='lat' dir='ltr'>adl&#39;uit</span> <span class='ocrx_word' id='word_1_721' title='bbox 3185 4593 3273 4648; x_wconf 92' lang='lat' dir='ltr'>illi</span> <span class='ocrx_word' id='word_1_722' title='bbox 3307 4592 3689 4665; x_wconf 85' lang='lat' dir='ltr'>familiarium</span> <span class='ocrx_word' id='word_1_723' title='bbox 3721 4593 3807 4649; x_wconf 91' lang='lat' dir='ltr'>in.</span> 
     </span>
    </p>
   </div>
   <div class='ocr_carea' id='block_1_104' title="bbox 2141 4681 3806 4754">
    <p class='ocr_par' dir='ltr' id='par_1_104' title="bbox 2141 4681 3806 4754">
     <span class='ocr_line' id='line_1_104' title="bbox 2141 4681 3806 4754; baseline -0.004 -14"><span class='ocrx_word' id='word_1_724' title='bbox 2141 4687 2348 4753; x_wconf 89' lang='lat' dir='ltr'>timus,</span> <span class='ocrx_word' id='word_1_725' title='bbox 2381 4689 2439 4739; x_wconf 90' lang='lat' dir='ltr'>et</span> <span class='ocrx_word' id='word_1_726' title='bbox 2495 4683 2590 4739; x_wconf 91' lang='lat' dir='ltr'>cui</span> <span class='ocrx_word' id='word_1_727' title='bbox 2650 4681 2977 4754; x_wconf 87' lang='lat' dir='ltr'>plurimum</span> <span class='ocrx_word' id='word_1_728' title='bbox 3038 4682 3262 4749; x_wconf 81' lang='lat' dir='ltr'>fideret,</span> <span class='ocrx_word' id='word_1_729' title='bbox 3316 4681 3466 4737; x_wconf 76' lang='lat'><strong>295</strong></span> <span class='ocrx_word' id='word_1_730' title='bbox 3507 4698 3625 4736; x_wconf 91' lang='lat' dir='ltr'>una</span> <span class='ocrx_word' id='word_1_731' title='bbox 3671 4696 3806 4735; x_wconf 90' lang='lat' dir='ltr'>cum</span> 
     </span>
    </p>
   </div>
   <div class='ocr_carea' id='block_1_105' title="bbox 2146 4770 3808 4847">
    <p class='ocr_par' dir='ltr' id='par_1_105' title="bbox 2146 4770 3808 4847">
     <span class='ocr_line' id='line_1_105' title="bbox 2146 4770 3808 4847; baseline -0.005 -15"><span class='ocrx_word' id='word_1_732' title='bbox 2146 4776 2373 4847; x_wconf 87' lang='lat' dir='ltr'>Ignatio</span> <span class='ocrx_word' id='word_1_733' title='bbox 2404 4773 2652 4839; x_wconf 84' lang='lat' dir='ltr'>Rhodio,</span> <span class='ocrx_word' id='word_1_734' title='bbox 2685 4773 2809 4827; x_wconf 90' lang='lat' dir='ltr'>viro</span> <span class='ocrx_word' id='word_1_735' title='bbox 2840 4775 2899 4827; x_wconf 88' lang='lat' dir='ltr'>et</span> <span class='ocrx_word' id='word_1_736' title='bbox 2929 4772 3059 4842; x_wconf 92' lang='lat' dir='ltr'>ipso</span> <span class='ocrx_word' id='word_1_737' title='bbox 3092 4770 3327 4841; x_wconf 89' lang='lat' dir='ltr'>pietatis</span> <span class='ocrx_word' id='word_1_738' title='bbox 3358 4775 3416 4825; x_wconf 93' lang='lat' dir='ltr'>et</span> <span class='ocrx_word' id='word_1_739' title='bbox 3448 4770 3808 4825; x_wconf 87' lang='lat' dir='ltr'>monachum</span> 
     </span>
    </p>
   </div>
   <div class='ocr_carea' id='block_1_106' title="bbox 2150 4857 3809 4935">
    <p class='ocr_par' dir='ltr' id='par_1_106' title="bbox 2150 4857 3809 4935">
     <span class='ocr_line' id='line_1_106' title="bbox 2150 4857 3809 4935; baseline -0.005 -15"><span class='ocrx_word' id='word_1_740' title='bbox 2150 4863 2414 4920; x_wconf 88' lang='lat' dir='ltr'>decentis</span> <span class='ocrx_word' id='word_1_741' title='bbox 2460 4860 2762 4935; x_wconf 82' lang='lat' dir='ltr'>gravitatis</span> <span class='ocrx_word' id='word_1_742' title='bbox 2796 4861 2990 4931; x_wconf 91' lang='lat' dir='ltr'>pleno.</span> <span class='ocrx_word' id='word_1_743' title='bbox 3042 4860 3143 4913; x_wconf 91' lang='lat' dir='ltr'>His</span> <span class='ocrx_word' id='word_1_744' title='bbox 3194 4859 3450 4913; x_wconf 83' lang='lat' dir='ltr'>maxime</span> <span class='ocrx_word' id='word_1_745' title='bbox 3489 4860 3718 4913; x_wconf 91' lang='lat' dir='ltr'>duobus</span> <span class='ocrx_word' id='word_1_746' title='bbox 3748 4857 3809 4912; x_wconf 92' lang='lat' dir='ltr'>in</span> 
     </span>
    </p>
   </div>
   <div class='ocr_carea' id='block_1_107' title="bbox 2153 4947 3807 5024">
    <p class='ocr_par' dir='ltr' id='par_1_107' title="bbox 2153 4947 3807 5024">
     <span class='ocr_line' id='line_1_107' title="bbox 2153 4947 3807 5024; baseline -0.004 -17"><span class='ocrx_word' id='word_1_747' title='bbox 2153 4953 2272 5008; x_wconf 91' lang='lat' dir='ltr'>illis</span> <span class='ocrx_word' id='word_1_748' title='bbox 2303 4951 2596 5024; x_wconf 83' lang='lat' dir='ltr'>angustiis</span> <span class='ocrx_word' id='word_1_749' title='bbox 2624 4967 2816 5006; x_wconf 91' lang='lat' dir='ltr'>rerum</span> <span class='ocrx_word' id='word_1_750' title='bbox 2843 4965 3081 5006; x_wconf 87' lang='lat' dir='ltr'>suarum</span> <span class='ocrx_word' id='word_1_751' title='bbox 3112 4947 3498 5019; x_wconf 89' lang='lat' dir='ltr'>participibus</span> <span class='ocrx_word' id='word_1_752' title='bbox 3518 4947 3807 5001; x_wconf 89' lang='lat' dir='ltr'>malorum</span> 
     </span>
    </p>
   </div>
   <div class='ocr_carea' id='block_1_108' title="bbox 2157 5038 3813 5105">
    <p class='ocr_par' dir='ltr' id='par_1_108' title="bbox 2157 5038 3813 5105">
     <span class='ocr_line' id='line_1_108' title="bbox 2157 5038 3813 5105; baseline -0.005 -8"><span class='ocrx_word' id='word_1_753' title='bbox 2157 5047 2213 5097; x_wconf 88' lang='lat' dir='ltr'>et</span> <span class='ocrx_word' id='word_1_754' title='bbox 2244 5040 2625 5097; x_wconf 90' lang='lat' dir='ltr'>consiliorum</span> <span class='ocrx_word' id='word_1_755' title='bbox 2675 5038 3014 5095; x_wconf 90' lang='lat' dir='ltr'>auctoribus</span> <span class='ocrx_word' id='word_1_756' title='bbox 3046 5054 3230 5105; x_wconf 90' lang='lat' dir='ltr'>usus;</span> <span class='ocrx_word' id='word_1_757' title='bbox 3264 5040 3393 5105; x_wconf 88' lang='lat' dir='ltr'>est;</span> <span class='ocrx_word' id='word_1_758' title='bbox 3436 5052 3683 5105; x_wconf 91' lang='lat' dir='ltr'>quorum</span> <span class='ocrx_word' id='word_1_759' title='bbox 3718 5052 3813 5089; x_wconf 85' lang='lat' dir='ltr'>ex-</span> 
     </span>
    </p>
   </div>
   <div class='ocr_carea' id='block_1_109' title="bbox 2158 5125 3811 5196">
    <p class='ocr_par' dir='ltr' id='par_1_109' title="bbox 2158 5125 3811 5196">
     <span class='ocr_line' id='line_1_109' title="bbox 2158 5125 3811 5196; baseline -0.005 -9"><span class='ocrx_word' id='word_1_760' title='bbox 2158 5132 2395 5187; x_wconf 87' lang='lat' dir='ltr'>stabant</span> <span class='ocrx_word' id='word_1_761' title='bbox 2452 5130 2758 5185; x_wconf 87' lang='lat' dir='ltr'>amborum</span> <span class='ocrx_word' id='word_1_762' title='bbox 2819 5127 3015 5183; x_wconf 88' lang='lat' dir='ltr'>studia</span> <span class='ocrx_word' id='word_1_763' title='bbox 3065 5126 3341 5182; x_wconf 86' lang='lat' dir='ltr'>sensibus</span> <span class='ocrx_word' id='word_1_764' title='bbox 3387 5125 3811 5196; x_wconf 73' lang='lat' dir='ltr'>aﬂectibusque</span> 
     </span>
    </p>
   </div>
   <div class='ocr_carea' id='block_1_110' title="bbox 2160 5214 3811 5293">
    <p class='ocr_par' dir='ltr' id='par_1_110' title="bbox 2160 5214 3811 5293">
     <span class='ocr_line' id='line_1_110' title="bbox 2160 5214 3811 5293; baseline -0.005 -16"><span class='ocrx_word' id='word_1_765' title='bbox 2160 5220 2501 5293; x_wconf 71' lang='lat' dir='ltr'>patriarcha:</span> <span class='ocrx_word' id='word_1_766' title='bbox 2542 5216 2971 5274; x_wconf 74' lang='lat' dir='ltr'>consentientia</span> <span class='ocrx_word' id='word_1_767' title='bbox 3003 5233 3104 5287; x_wconf 92' lang='lat' dir='ltr'>per</span> <span class='ocrx_word' id='word_1_768' title='bbox 3133 5215 3349 5271; x_wconf 87' lang='lat' dir='ltr'>omnia.</span> <span class='ocrx_word' id='word_1_769' title='bbox 3414 5214 3513 5271; x_wconf 92' lang='lat' dir='ltr'>Illo</span> <span class='ocrx_word' id='word_1_770' title='bbox 3568 5216 3811 5270; x_wconf 90' lang='lat' dir='ltr'>demum</span> 
     </span>
    </p>
   </div>
   <div class='ocr_carea' id='block_1_111' title="bbox 2162 5303 3815 5381">
    <p class='ocr_par' dir='ltr' id='par_1_111' title="bbox 2162 5303 3815 5381">
     <span class='ocr_line' id='line_1_111' title="bbox 2162 5303 3815 5381; baseline -0.004 -16"><span class='ocrx_word' id='word_1_771' title='bbox 2162 5311 2342 5381; x_wconf 87' lang='lat' dir='ltr'>ejecto</span> <span class='ocrx_word' id='word_1_772' title='bbox 2372 5326 2403 5364; x_wconf 93' lang='lat' dir='ltr'>e</span> <span class='ocrx_word' id='word_1_773' title='bbox 2434 5304 2811 5379; x_wconf 87' lang='lat' dir='ltr'>patriarchali</span> <span class='ocrx_word' id='word_1_774' title='bbox 2842 5305 2979 5361; x_wconf 89' lang='lat' dir='ltr'>sede</span> <span class='ocrx_word' id='word_1_775' title='bbox 3005 5303 3358 5360; x_wconf 90' lang='lat' dir='ltr'>abdiderunt</span> <span class='ocrx_word' id='word_1_776' title='bbox 3395 5304 3454 5359; x_wconf 91' lang='lat' dir='ltr'>hi</span> <span class='ocrx_word' id='word_1_777' title='bbox 3488 5321 3616 5360; x_wconf 90' lang='lat' dir='ltr'>sese</span> <span class='ocrx_word' id='word_1_778' title='bbox 3661 5320 3815 5359; x_wconf 89' lang='lat' dir='ltr'>amo-</span> 
     </span>
    </p>
   </div>
   <div class='ocr_carea' id='block_1_112' title="bbox 2164 5395 3816 5470">
    <p class='ocr_par' dir='ltr' id='par_1_112' title="bbox 2164 5395 3816 5470">
     <span class='ocr_line' id='line_1_112' title="bbox 2164 5395 3816 5470; baseline -0.005 -13"><span class='ocrx_word' id='word_1_779' title='bbox 2164 5405 2486 5470; x_wconf 87' lang='lat' dir='ltr'>veruntque</span> <span class='ocrx_word' id='word_1_780' title='bbox 2515 5417 2550 5455; x_wconf 91' lang='lat' dir='ltr'>a</span> <span class='ocrx_word' id='word_1_781' title='bbox 2586 5401 2943 5469; x_wconf 89' lang='lat' dir='ltr'>conspectu:</span> <span class='ocrx_word' id='word_1_782' title='bbox 2979 5412 3093 5451; x_wconf 91' lang='lat' dir='ltr'>non</span> <span class='ocrx_word' id='word_1_783' title='bbox 3147 5395 3302 5451; x_wconf 90' lang='lat' dir='ltr'>enim</span> <span class='ocrx_word' id='word_1_784' title='bbox 3340 5400 3430 5451; x_wconf 92' lang='lat' dir='ltr'>est</span> <span class='ocrx_word' id='word_1_785' title='bbox 3458 5395 3531 5451; x_wconf 89' lang='lat' dir='ltr'>iis</span> <span class='ocrx_word' id='word_1_786' title='bbox 3572 5395 3816 5467; x_wconf 87' lang='lat' dir='ltr'>permis-</span> 
     </span>
    </p>
   </div>
   <div class='ocr_carea' id='block_1_113' title="bbox 2165 5485 3818 5555">
    <p class='ocr_par' dir='ltr' id='par_1_113' title="bbox 2165 5485 3818 5555">
     <span class='ocr_line' id='line_1_113' title="bbox 2165 5485 3818 5555; baseline -0.005 -8"><span class='ocrx_word' id='word_1_787' title='bbox 2165 5507 2299 5548; x_wconf 87' lang='lat' dir='ltr'>sum</span> <span class='ocrx_word' id='word_1_788' title='bbox 2320 5489 2652 5546; x_wconf 87' lang='lat' dir='ltr'>exsulatum</span> <span class='ocrx_word' id='word_1_789' title='bbox 2676 5487 2838 5543; x_wconf 91' lang='lat' dir='ltr'>eunti</span> <span class='ocrx_word' id='word_1_790' title='bbox 2863 5503 2926 5542; x_wconf 91' lang='lat' dir='ltr'>se</span> <span class='ocrx_word' id='word_1_791' title='bbox 2946 5485 3191 5542; x_wconf 89' lang='lat' dir='ltr'>comites</span> <span class='ocrx_word' id='word_1_792' title='bbox 3214 5486 3445 5553; x_wconf 88' lang='lat' dir='ltr'>addere,</span> <span class='ocrx_word' id='word_1_793' title='bbox 3471 5485 3818 5555; x_wconf 89' lang='lat' dir='ltr'>clademque</span> 
     </span>
    </p>
   </div>
   <div class='ocr_carea' id='block_1_114' title="bbox 2167 5572 3819 5647">
    <p class='ocr_par' dir='ltr' id='par_1_114' title="bbox 2167 5572 3819 5647">
     <span class='ocr_line' id='line_1_114' title="bbox 2167 5572 3819 5647; baseline -0.006 -11"><span class='ocrx_word' id='word_1_794' title='bbox 2167 5580 2329 5636; x_wconf 85' lang='lat' dir='ltr'>illam</span> <span class='ocrx_word' id='word_1_795' title='bbox 2379 5597 2445 5637; x_wconf 90' lang='lat' dir='ltr'>ac</span> <span class='ocrx_word' id='word_1_796' title='bbox 2494 5578 2890 5635; x_wconf 89' lang='lat' dir='ltr'>calamitatem</span> <span class='ocrx_word' id='word_1_797' title='bbox 2925 5576 3036 5630; x_wconf 90' lang='lat' dir='ltr'>rati</span> <span class='ocrx_word' id='word_1_798' title='bbox 3090 5574 3409 5647; x_wconf 89' lang='lat' dir='ltr'>propriam,</span> <span class='ocrx_word' id='word_1_799' title='bbox 3457 5575 3516 5629; x_wconf 90' lang='lat' dir='ltr'>in</span> <span class='ocrx_word' id='word_1_800' title='bbox 3559 5572 3719 5627; x_wconf 88' lang='lat' dir='ltr'>luctu</span> <span class='ocrx_word' id='word_1_801' title='bbox 3753 5588 3819 5626; x_wconf 89' lang='lat' dir='ltr'>ac</span> 
     </span>
    </p>
   </div>
   <div class='ocr_carea' id='block_1_115' title="bbox 2148 5662 3825 5734">
    <p class='ocr_par' dir='ltr' id='par_1_115' title="bbox 2148 5662 3825 5734">
     <span class='ocr_line' id='line_1_115' title="bbox 2148 5662 3825 5734; baseline -0.007 -7"><span class='ocrx_word' id='word_1_802' title='bbox 2148 5670 2368 5727; x_wconf 65' lang='lat' dir='ltr'>~dolore</span> <span class='ocrx_word' id='word_1_803' title='bbox 2401 5668 2621 5725; x_wconf 91' lang='lat' dir='ltr'>malum</span> <span class='ocrx_word' id='word_1_804' title='bbox 2664 5664 3035 5722; x_wconf 88' lang='lat' dir='ltr'>ineluctabile</span> <span class='ocrx_word' id='word_1_805' title='bbox 3085 5665 3369 5731; x_wconf 84' lang='lat' dir='ltr'>ferebant,</span> <span class='ocrx_word' id='word_1_806' title='bbox 3402 5664 3528 5719; x_wconf 91' lang='lat' dir='ltr'>Non</span> <span class='ocrx_word' id='word_1_807' title='bbox 3556 5662 3657 5717; x_wconf 93' lang='lat' dir='ltr'>diu</span> <span class='ocrx_word' id='word_1_808' title='bbox 3692 5664 3825 5734; x_wconf 85' lang='lat' dir='ltr'>post</span> 
     </span>
    </p>
   </div>
   <div class='ocr_carea' id='block_1_116' title="bbox 2171 5750 3825 5831">
    <p class='ocr_par' dir='ltr' id='par_1_116' title="bbox 2171 5750 3825 5831">
     <span class='ocr_line' id='line_1_116' title="bbox 2171 5750 3825 5831; baseline -0.008 -13"><span class='ocrx_word' id='word_1_809' title='bbox 2171 5762 2295 5818; x_wconf 86' lang='lat' dir='ltr'>haec</span> <span class='ocrx_word' id='word_1_810' title='bbox 2326 5757 2588 5831; x_wconf 83' lang='lat' dir='ltr'>Ignatius</span> <span class='ocrx_word' id='word_1_811' title='bbox 2617 5756 2796 5813; x_wconf 89' lang='lat' dir='ltr'>vitam</span> <span class='ocrx_word' id='word_1_812' title='bbox 2827 5770 2961 5812; x_wconf 89' lang='lat' dir='ltr'>cum</span> <span class='ocrx_word' id='word_1_813' title='bbox 2994 5756 3182 5810; x_wconf 87' lang='lat' dir='ltr'>morte</span> <span class='ocrx_word' id='word_1_814' title='bbox 3212 5751 3597 5807; x_wconf 85' lang='lat' dir='ltr'>commutavit</span> <span class='ocrx_word' id='word_1_815' title='bbox 3628 5766 3641 5805; x_wconf 91' lang='lat'><strong>:</strong></span> <span class='ocrx_word' id='word_1_816' title='bbox 3675 5750 3825 5823; x_wconf 71' lang='lat' dir='ltr'>Hya-</span> 
     </span>
    </p>
   </div>
  </div>
