4112 6422
400 436 508 495 743

1708 415 2009 473 GEORGII
2049 412 2513 471 PACHYMERE

3714 415 3822 470 744

400 564 531 615 νιῶν
595 553 819 632 ἀφανείᾳ
875 552 959 623 (οὐ
1004 548 1107 625 γὰρ
1140 545 1328 602 εἷῶντο
1385 548 1464 617 τῷ
1526 542 1836 615 πατριάρχῃ
1895 557 2048 592 συνο·
2084 538 2136 605 Α
2168 535 2259 590 καὶ
2288 539 2425 613 πρὸς
2484 540 2546 595 τὸ
2598 541 2904 616 μοναχικὸν
2945 536 3338 597 ἀποκλίνουσα.
3392 539 3568 608 Συνῆν
3602 535 3659 593 δὲ
3686 539 3825 593 τού-

405 645 619 719 παδεῖν)
643 626 712 699 τὰ
741 650 838 711 τῆς
870 639 1110 715 ἀνάγκης
1140 634 1407 711 ἀλγεινῶς
1442 632 1557 705 μὲν,
1591 628 1716 685 ἀλλ’
1750 626 2057 703 ἀναγκαίως

405 715 651 813 δείιρερον
716 734 812 787 Καὶ
849 733 875 785 6
912 732 1005 804 μὲν
1058 726 1243 803 φθάνει
1290 726 1379 778 τὸν
1436 722 1551 797 βίον
1593 719 1652 774 ἐκ
1680 723 1776 774 τοῦ
1822 715 2056 787 πλησίον

407 806 740 899 ὑπεξελθὼν,
791 820 1066 879 Ὑάκινθος
1116 814 1171 870 δὲ
1226 812 1316 868 σὺν
1371 817 1485 873 τοῖς
1537 811 1669 887 ἀμφ’
1723 808 1923 863 ἐκεῖνον
1966 806 2057 860 τὸν

404 895 693 991 βασιλικὸν
744 911 1103 987 ὑφπρώμενος
1136 898 1328 982 φόϐον,
1384 902 1499 957 ἐπεὶ
1548 900 1637 955 καὶ
1683 901 1782 968 την
1818 895 2055 991 ἀδελφὴν

408 985 623 1059 ἕκείνου
679 985 901 1074 Μάρθαν
961 997 1105 1070 ἑώρα
1162 998 1241 1065 τῷ
1298 992 1612 1066 πατριάρχῃ
1659 985 2058 1061 προσκειμὲνην

401 1096 467 1147 τὰ
521 1091 778 1165 μάλιστα,
837 1086 1015 1161 ἐκείνῃ
1071 1082 1137 1151 δὴ
1188 1086 1516 1159 προσφοιτᾷ,
1566 1079 1655 1135 καὶ
1700 1099 1806 1133 που
1837 1096 2060 1151 παρεισ-

405 1179 497 1243 δὺς
526 1164 595 1235 τά
648 1179 700 1241 ἐς
727 1178 937 1254 τροφὴν
1000 1174 1205 1229 ἐκεῖθεν
1243 1173 1379 1247 εἶχε,
1416 1168 1585 1243 μηδὲν
1635 1172 1731 1222 τοῦ
1792 1164 2063 1240 βασιλέως

399 1267 635 1331 εἰδότος.
671 1270 773 1323 ἿΙν
824 1266 913 1320 οὖν
967 1268 1037 1338 τῇ
1098 1264 1319 1335 μοναχῇ
1378 1259 1577 1335 Μάρθα
1627 1258 1714 1312 καὶ
1749 1258 1777 1311 6
1809 1254 2064 1324 Ἰωάννης

380 1342 534 1420 υἱός.
604 1359 785 1431 Τρίῶν
844 1356 949 1430 γὰρ
1010 1353 1147 1426 αὐτῇ
1204 1356 1311 1405 τῶν
1373 1348 1613 1426 ἆρῥένων
1667 1343 1863 1413 ὄντων,
1901 1346 1929 1399 ὁ
1964 1346 2058 1417 μὲν

395 1448 634 1523 Μιχαὴλ
664 1468 723 1502 τε
755 1444 846 1501 καὶ
880 1442 1229 1519 Ἀνδρόνικος
1284 1447 1517 1508 συνῆσαν
1566 1442 1648 1510 τῷ
1700 1434 1936 1513 βασιλεῖ,
1970 1433 2061 1490 καὶ

404 1541 518 1612 μετ’
551 1540 614 1593 οὐ
648 1535 792 1591 πολὺ
845 1534 1057 1589 τούτων
1092 1534 1118 1586 6
1155 1534 1249 1604 μὲν
1281 1530 1343 1584 τὸ
1371 1533 1468 1583 τοῦ
1504 1526 1747 1603 μεγάλου
1788 1546 2060 1600 πριμικη-

402 1627 530 1701 ρίου
580 1627 796 1699 ἀξίωμα
829 1625 855 1678 6
885 1620 1142 1697 Μιχαὴλ,
1176 1619 1393 1692 ὕστερον
1429 1614 1485 1671 δὲ
1516 1613 1589 1670 ὤν
1638 1620 1735 1670 τοῦ
1782 1612 2063 1690 Ἀνδρονί-

404 1739 524 1788 κου,
581 1717 729 1789 παρὰ
786 1714 881 1768 τοῦ
936 1714 1265 1786 κρατοῦντος
1322 1701 1648 1780 ἐλάμϐανεν,
1710 1706 1897 1779 ἅτερος
1938 1701 1994 1757 δὲ
2034 1703 2061 1757 6

402 1806 752 1881 Ἀνδρόνικος
804 1806 972 1880 μέγας
1024 1798 1390 1861 κονοσταῦλος
1444 1796 1884 1872 προεχειρίζετο’
1938 1795 2064 1870 παρ’

880 1892 900 1925 2

402 1899 469 1967 ἢν
500 1895 676 1951 αἰτίαν
733 1896 819 1949 καὶ
879 1892 966 1948 ἐπὶ
999 1898 1116 1953 ταῖς
1164 1895 1353 1963 τιμαῖς
1411 1886 1705 1958 ζηλοῦντος
1761 1889 1858 1940 τοῦ
1916 1885 2060 1957 πρώ·
2096 1908 2139 1972 Β
2170 1897 2716 1969 παρασκευαζομένου

401 2008 503 2041 του
573 1984 807 2040 πλεῖστα
876 1976 1232 2055 ξυμϐεϐήκει,
1301 1979 1377 2040 ὡς
1431 1976 1569 2031 κατὰ
1632 1974 1801 2029 τόπον
1863 1974 2062 2035 ἱκανῶς

406 2072 658 2147 ἐροῦμεν.
693 2071 794 2125 Καὶ
828 2071 879 2124 οἱ
914 2070 1007 2141 μὶν
1069 2065 1164 2121 δύο
1224 2065 1364 2120 οὕτω
1422 2065 1653 2132 συνήτην
1707 2066 1785 2133 τῷ
1822 2062 2060 2135 βασιλεῖ,

410 2158 585 2233 μηδὲν
646 2157 1259 2233 πολυπραγμονοῦντες’
1320 2155 1348 2207 ὁ
1410 2151 1453 2207 δ’
1520 2151 1772 2221 Ἰωάννης
1840 2149 2060 2223 ὕστερος

409 2245 482 2303 ὥν
510 2250 646 2311 τὲως
684 2249 779 2322 μὲν
819 2248 955 2321 πρὸς
1008 2250 1103 2300 τοῦ
1158 2245 1303 2308 θείου
1359 2242 1448 2297 καὶ
1480 2239 1747 2295 δεσπότου
1808 2241 2059 2315 Ἰωάννου

411 2336 603 2410 ἐκείνῳ
644 2335 1191 2408 καθυπηρετούμενος
1243 2328 1576 2401 ἐπαιδεύετο,
1627 2330 1726 2397 τὴν
1761 2327 1817 2383 δὲ
1853 2330 2061 2405 μητέρα

410 2423 813 2501 προσκειμὲιην
870 2422 1088 2500 βλέπων
1148 2425 1225 2492 τῷ
1282 2418 1597 2495 πατριάρχῃ
1643 2417 1731 2472 καὶ
1785 2417 1946 2479 αὐτὸς
1978 2416 2061 2472 ἐκ-

407 2517 598 2578 τόπως
630 2514 854 2586 ἒζή)ου,
891 2539 917 2566 ‹‹
952 2513 1045 2581 Μὴ
1080 2513 1212 2584 ἅψη,
1252 2512 1328 2583 μὴ
1356 2508 1511 2583 θίγῃς
1542 2530 1569 2562 ι
1611 2507 1775 2583 μέχρι
1820 2509 1910 2562 καὶ
1949 2513 2055 2562 τῶν

405 2604 800 2660 εὐτελεστάτων
888 2603 1191 2679 ὑποφωνῶν
1273 2597 1362 2653 καὶ
1420 2595 1873 2672 διατίρούμενος.
1954 2595 2059 2651 Σὺν

408 2693 597 2767 ἐκείνῳ
626 2695 695 2764 ἦν
753 2691 841 2747 καὶ
871 2694 905 2761 ἠ
942 2688 1151 2768 ἀδελφὴ
1209 2686 1466 2744 Θεοδοσία
1522 2692 1637 2749 τοῖς
1671 2687 1855 2749 αὐτοῖς
1887 2707 2058 2763 προσ-

406 2784 636 2859 έχουσα,
691 2779 800 2852 ἤδη
832 2787 1198 2857 κεχηρωμενη
1244 2781 1339 2834 τοῦ
1373 2775 1566 2853 ἀνδρὸς
1621 2774 2059 2834 Βαλανειδιώτου

408 2999 646 3056 cinthus
680 3003 874 3053 autem
935 3012 1066 3051 cum
1111 2996 1236 3050 suis
1265 2998 1322 3049 et
1352 2995 1610 3049 defuncti
1644 2994 2065 3065 superstitibus

412 3089 620 3145 amicis
696 3090 841 3143 iram
921 3085 1292 3157 imperatoris
1368 3090 1662 3150 metuens,
1721 3086 2061 3155 praesidium

411 3180 689 3234 adversus
746 3193 871 3232 eam
944 3175 1053 3231 sibi
1115 3175 1496 3245 quaerendum
1555 3174 1710 3243 apud
1764 3175 2057 3230 Martham

406 3267 632 3339 putavit
663 3269 790 3337 ejus
821 3283 1102 3333 sororem,
1137 3281 1312 3335 quam
1339 3265 1717 3334 commpdum
1748 3279 2056 3334 perspexe-

409 3365 494 3412 ral
530 3358 719 3411 favere
752 3354 1073 3427 plurimum
1106 3358 1164 3407 et
1195 3351 1501 3406 condolere
1530 3350 1773 3422 expulso
1807 3353 2055 3423 patriar-

409 3447 551 3501 chae.
587 3446 736 3516 Ergo
764 3446 834 3499 ad
867 3462 995 3499 eam
1039 3442 1327 3497 ventitans
1353 3442 1495 3494 adeo
1529 3455 1589 3494 se
1640 3441 1966 3495 insinuavit
1996 3442 2055 3496 in

408 3535 537 3602 eius
569 3533 837 3605 gratiam,
870 3531 1131 3585 utetiam
1164 3529 1379 3583 victum
1416 3529 1549 3583 inde
1580 3528 2057 3598 haberet,horum

406 3622 613 3693 ignaro
647 3617 1234 3689 funditusprincipe.
1270 3618 1408 3671 Erat
1458 3634 1628 3687 porro
1659 3617 1898 3672 Marthae
1935 3633 2059 3671 mo-

407 3708 606 3764 nachae
655 3708 911 3762 Joannes
956 3706 1132 3760 ﬁlius.
1166 3708 1307 3760 Tres
1358 3707 1511 3760 enim
1547 3706 1645 3759 illa
1694 3723 1824 3760 cum
1872 3721 2061 3760 mares

404 3797 731 3869 genuisset,
761 3812 966 3850 eorum
1002 3794 1243 3849 Michael
1269 3799 1325 3849 et
1356 3795 1727 3849 Andronicus
1759 3796 1912 3866 apud
1950 3796 2064 3849 im-

403 3890 733 3956 peratorem
766 3889 952 3949 erant,
988 3901 1135 3955 quos
1182 3884 1352 3938 etiam
1388 3883 1486 3937 ille
1549 3901 1662 3938 non
1698 3884 1882 3938 multo
1933 3886 2065 3955 post

406 3975 527 4029 hzec
559 3974 883 4031 honoribus
920 3973 1188 4028 ornavit:
1247 3989 1381 4027 nam
1434 3972 1681 4028 Michael
1733 3976 1926 4027 minor
1958 3975 2061 4025 An-

407 4063 648 4119 dronico
681 4063 878 4135 magni
915 4062 1228 4134 primicerii
1280 4062 1629 4133 dignitatem
1675 4062 1745 4116 ab
1799 4065 2063 4132 Augusto

406 4152 646 4224 accepit,
680 4153 1047 4207 Andronicus
1099 4168 1346 4222 magnus
1394 4150 1775 4206 conostaulus
1807 4150 2063 4206 declara-

399 4246 499 4298 tus
515 4250 599 4297 est
627 4258 951 4313 ;perquam
972 4241 1358 4296 ambitionem
1387 4239 2066 4309 honorum,sambulante

402 4332 592 4401 primo
626 4332 900 4397 alterum,
953 4330 1141 4386 multa
1185 4330 1338 4385 inter
1368 4330 1576 4384 fratres
1627 4330 2000 4400 contigerunt
2034 4347 2066 4384 a

404 4420 572 4476 nobis
606 4420 987 4476 memoranda
1034 4424 1321 4490 quantum
1356 4418 1465 4474 erit
1503 4435 1651 4489 opus
1682 4434 1787 4473 suo
1819 4417 1967 4473 loco.
2005 4420 2065 4474 In

402 4509 560 4564 hunc
591 4511 830 4565 modum
866 4509 925 4563 hi
961 4509 1203 4581 quidem
1237 4509 1352 4562 duo
1388 4508 1445 4562 in
1480 4508 1847 4578 imperatoris
1883 4509 2066 4563 comi-

399 4603 523 4652 tatu
583 4599 993 4665 versabantur,
1053 4597 1199 4652 nihil
1254 4597 1347 4653 his
1414 4614 1475 4652 sc
1537 4598 2069 4654 immiscentesAt

2168 647 2277 688 τοις
2333 628 2398 683 τὰ
2455 629 2591 685 αὐτὰ
2638 628 2912 708 φρονοῦσα
3065 628 3512 704 Νπστογγόνισσα
3575 630 3821 704 μοναχή,

2161 713 2227 783 ἥν
2272 716 2569 793 ὲτεροθαλῆ
2605 721 2633 774 6
2666 720 2831 794 λόγος
2881 717 3113 788 ἐδείκνυ,
3158 721 3240 773 ὅτι
3291 719 3351 773 ἐκ
3397 717 3673 794 πρπτὲρας
3723 739 3824 792 γυ-

2162 806 2346 867 ναικὸς
2386 812 2467 880 τῷ
2521 809 2913 883 Ταρχανειώτῃ
2962 807 3278 885 γεγέννητο.
3328 810 3492 862 Ἦσαν
3526 804 3621 860 οῦν
3673 806 3826 861 οῦτοι

2162 895 2353 958 πάντες
2430 898 2507 964 τῷ
2565 899 2833 971 Ὑακίνθῳ
2901 898 3173 969 συνόντες,
3239 897 3328 951 καὶ
3392 894 3682 966 ζηλοῦντες
3740 893 3826 950 ἐκ·

2161 983 2345 1046 τόπως
2394 986 2525 1060 ὑπὲρ
2573 991 2669 1041 τοῦ
2718 989 3069 1063 πατριάρχου
3126 991 3333 1053 κακῶς,
3385 984 3429 1039 ὦ
3473 984 3635 1056 νόμοι
3685 985 3827 1039 θεῖοι

2164 1073 2253 1126 καὶ
2313 1070 2462 1143 δίκη,
2523 1073 2925 1151 ἐξορισθέντος.
2990 1074 3168 1131 Ἀλλὰ
3223 1079 3393 1130 ταῦτα
3444 1075 3537 1147 μὲν
3596 1072 3673 1136 εἰς
3720 1093 3826 1128 το-

2164 1182 2382 1218 σουτον.

2164 1322 2231 1377 κ’.
2274 1322 2467 1399 ⁸Ὀπως
2502 1322 2593 1399 καί
2642 1320 2744 1399 Δδιᾶι
2798 1328 2896 1379 τοῦ
2956 1322 3208 1399 Σάρδεων
3270 1320 3500 1391 Χαλαζὰ
3557 1322 3830 1399 ἐπιχειρεῖ

2380 1395 2408 1448 6
2446 1394 2700 1469 βασιλεὺς
2740 1401 2818 1469 τῷ
2857 1394 3290 1472 πατριάρχοῦντι
3324 1399 3610 1470 Γερμανῷ.

2241 1538 2327 1611 [Ρ.
2358 1540 2485 1612 200]
2519 1540 2581 1596 Ὀ
2626 1537 2683 1594 δέ
2733 1560 2793 1615 γε
2844 1538 3104 1614 βασιλεὺς
3152 1540 3239 1594 καὶ
3294 1536 3474 1609 ἄλλην
3525 1543 3715 1613 πεῖραν
3752 1541 3829 1610 τῷ

2166 1632 2599 1702 πατριαρχοῦντι
2632 1627 2835 1702 ἀρτύει.
2869 1631 2983 1685 Τοῦ
3024 1627 3126 1703 γὰρ
3182 1626 3407 1697 Χαλαζᾶ
3457 1625 3708 1699 Σάρδεων
3743 1626 3825 1703 ἐφ,

2164 1715 2350 1770 ἱκανὸν
2403 1720 2473 1789 τῇ
2508 1717 2919 1773 Κωνσταντίνου
2972 1716 3525 1793 προσδιατρίψαντος,
3563 1716 3677 1772 ἐπεὶ
3714 1714 3820 1772 ἔδει

2166 1805 2302 1876 πρὸς
2369 1806 2467 1873 τήν
2526 1806 2806 1882 λαχοῦσαν
2864 1806 3069 1862 ἐκεῖνον
3127 1804 3479 1880 ἀποδημεῖν,
3534 1805 3612 1869 εἲς
3668 1811 3827 1862 τοῦτο

2760 1943 2774 1967 ,
2864 1898 3147 1969 ὑποθήκας
3234 1896 3545 1971 ἐμπιστὲύει
3629 1898 3681 1953 0i.
3760 1894 3832 1952 δι’

2172 1983 2501 2060 ἀπορρήτων
2531 1987 2559 2039 6
2595 1986 2852 2061 βασιλεῦς
2907 1987 2989 2065 ἰφ¹
3041 1988 3086 2059 ᾦ
3126 1987 3160 2056 ἢ
3195 1988 3645 2062 αὐτοπροσώπως
3681 1987 3832 2042 ἐντυ-

2175 2077 2294 2147 χεῖν
2323 2079 2401 2146 τῷ
2448 2077 2763 2152 πατριάρχῃ
2815 2076 2905 2131 καὶ
2960 2078 3031 2131 τὰ
3081 2077 3220 2131 αὐτᾶ
3276 2082 3354 2148 τῷ
3409 2078 3611 2155 Ἰωσὴφ
3661 2075 3827 2131 εἰπεῖν

2171 2162 2308 2237 πρὸς
2365 2162 2591 2231 ἐκεῖνον,
2641 2164 2677 2233 ἢ
2735 2166 2826 2220 καὶ
2871 2169 3078 2241 γράψαι
3126 2166 3215 2220 καὶ
3247 2163 3548 2221 ἐπιστεῖλαι
3612 2162 3823 2237 μᾶλλον

2173 2249 2231 2305 ἐκ
2260 2251 2624 2323 Χαλκηδόνος
2681 2254 2999 2329 ἐξορμῶντα
3054 2255 3191 2330 πρὸς
3238 2256 3337 2325 τὴν
3397 2252 3688 2325 ἀνατολήν.
3723 2255 3827 2311 Καὶ

2172 2342 2233 2395 τὸ
2290 2340 2510 2415 σκέμμα
2566 2344 2639 2405 ὡς
2702 2344 2838 2419 βαθύ
2895 2367 2953 2400 τε
2982 2346 3072 2401 καὶ
3132 2346 3419 2420 εὐπρεπὲς.
3479 2344 3556 2403 Τό
3614 2366 3672 2399 τε
3724 2346 3827 2421 γάρ

2176 2429 2461 2505 ὑψίθρονον
2496 2432 2641 2508 παρὰ
2670 2432 2796 2495 τοὺς
2854 2432 3061 2496 ἄλλους
3114 2434 3322 2510 λέγειον
3355 2434 3491 2509 πρὸς
3526 2433 3726 2488 ἐκεῖνον
3759 2433 3830 2488 τὰ

2172 2519 2308 2573 αὐτᾶ
2338 2516 2543 2591 ἐδίδου,
2576 2521 2665 2576 καὶ
2696 2522 2757 2576 τὸ
2791 2523 3134 2598 χειροτονίας
3169 2519 3297 2579 ὄντα
3335 2523 3427 2578 τὸν
3480 2519 3729 2596 Σάρδεων
3761 2519 3827 2591 ἤν

2171 2609 2198 2662 6
2233 2609 2510 2683 Ἀρσὲνιος
2541 2611 2643 2666 οὐκ
2676 2609 2922 2687 ἐδέχετο,
2955 2616 3178 2667 τοιαῦτα
3228 2616 3307 2683 τῷ
3339 2612 3660 2686 πατριάρχῃ
3692 2631 3829 2686 παρ-

2169 2704 2361 2768 αινεῖν,
2395 2696 2513 2753 δὲον
2572 2701 2700 2775 παρ’
2756 2700 2922 2755 αὐτοῦ
2964 2699 3176 2777 δεχθεὶς
3235 2701 3468 2776 ἀγαπᾷν,
3524 2697 3827 2763 δεικνύντος

2171 2782 2230 2840 ἂν
2265 2786 2347 2859 εἷή
2382 2789 2456 2853 ὡς
2500 2788 2641 2845 ἄλλο
2689 2811 2740 2845 τι
2776 2790 3068 2866 βαθύτερον
3115 2791 3434 2856 ὑπορύσσων
3479 2794 3709 2845 τοιαῦτα
3738 2787 3829 2845 λέ-

2176 3001 2413 3068 studiis,
2446 3018 2575 3073 quae
2605 3003 2781 3058 vidua
2813 3003 3015 3061 relicta
3047 3010 3234 3062 morte
3267 3005 3647 3063 Balanidiotae
3694 3022 3827 3063 con-

2167 3089 2331 3162 jugis
2388 3092 2459 3145 ad
2520 3093 2907 3149 monasticam
2988 3111 3049 3149 se
3106 3096 3284 3150 vitam
3346 3101 3663 3166 receperat.
3733 3095 3830 3151 llis

2172 3179 2506 3235 adhaerebat
2531 3183 2804 3236 concordi
2837 3184 3125 3239 sententia
3170 3185 3635 3257 Nostongonissa
3669 3186 3833 3241 etiam

2173 3268 2481 3335 monacha,
2538 3287 2715 3341 quam
2768 3271 2978 3327 horum
3027 3289 3092 3327 ex
3142 3281 3305 3344 patre
3354 3290 3613 3329 sororem
3652 3290 3827 3347 supra

2172 3359 2512 3425 memoravi,
2548 3360 2823 3430 quoniam
2876 3378 2944 3415 ex
2994 3362 3172 3432 priori
3221 3364 3470 3435 conjuge
3502 3381 3535 3418 a
3573 3364 3823 3419 Tarcha-

2163 3446 2321 3502 niota
2344 3448 2539 3519 genita
2571 3450 2780 3504 fuerat.
2805 3451 3025 3506 Horum
3050 3458 3177 3507 erat
3197 3453 3462 3507 omnium
3498 3458 3662 3508 arcta
3690 3470 3821 3509 con-

2165 3537 2505 3592 suetudinis
2532 3542 2587 3591 et
2617 3539 3000 3594 consiliorum
3035 3557 3167 3595 cum
3202 3541 3523 3614 Hyacintho
3560 3542 3822 3597 necessi-

2164 3622 2328 3689 tudo,
2363 3626 2587 3679 ardenti
2623 3627 2839 3695 pariter
2870 3629 3077 3683 atfectu
3111 3628 3563 3686 condolentibus
3596 3630 3824 3687 cunctis

2168 3713 2382 3767 misero
2426 3714 2692 3782 Arsenio,
2743 3716 2964 3787 injuste
3013 3718 3068 3787 (0
3112 3718 3216 3788 jus
3265 3719 3472 3790 fasque
3507 3718 3519 3772 l
3554 3735 3585 3773 0
3620 3720 3824 3774 divinae

2170 3801 2325 3870 leges
2357 3801 2401 3872 ι)
2425 3820 2454 3858 e
2486 3802 2625 3858 s'ede
2661 3804 3036 3874 patriarchali
3070 3806 3127 3861 in
3162 3806 3433 3863 exsilium
3467 3808 3680 3878 eiecto.
3716 3808 3822 3864 Sed

2169 3891 2290 3946 haec
2322 3892 2629 3949 hactenus.

2167 4053 2257 4109 20.
2297 4054 2361 4109 Ut
2399 4069 2499 4129 per
2546 4052 2873 4109 Sardensem
2903 4055 3211 4129 Chalamm
3261 4055 3467 4112 iterum
3517 4058 3825 4129 imperator

2441 4123 2781 4181 Germanum
2808 4126 3190 4197 patriai-citam
3241 4130 3555 4186 tentarem.

2245 4252 2316 4303 At
2341 4247 2661 4320 imperator
2683 4251 3025 4321 patriarcha
3051 4269 3259 4308 novam
3291 4254 3535 4309 alteram
3558 4253 3828 4310 tentatio-

2172 4354 2304 4393 nem
2347 4339 2671 4395 adornavit.
2693 4340 2836 4396 Cum
2860 4342 3017 4398 enim
3040 4344 3312 4399 Sardium
3336 4344 3654 4416 episcopus
3682 4345 3825 4401 Cha-

2170 4426 2296 4482 laza
2326 4432 2418 4483 sat
2443 4428 2541 4483 diu
2574 4430 3079 4503 Constantinopoli
3134 4438 3397 4490 moratus
3445 4435 3684 4490 differre
3716 4449 3827 4490 non

2174 4519 2374 4586 posset
2399 4533 2573 4571 suum
2607 4518 2667 4573 in
2692 4521 2989 4590 propriam
3025 4520 3331 4577 ecclesiam
3365 4523 3827 4594 reditum,atque

2174 4605 2318 4660 adeo
2349 4605 2406 4659 in
2444 4606 2744 4677 procinctu
2778 4609 2906 4676 ejus
2939 4610 3316 4681 profectionis
3347 4612 3653 4683 esset,egit
3675 4612 3824 4668 clam

396 4687 654 4743 Joannes
680 4687 969 4742 ambobus
1004 4686 1196 4740 minor
1246 4690 1383 4740 natu
1421 4686 1702 4741 hactenus
1731 4685 1788 4741 in
1834 4686 2053 4742 Familia
2087 4676 2132 4737 D
2162 4707 2297 4748 cum
2331 4709 2397 4749 eo
2430 4676 2750 4765 imperator
2780 4702 2844 4751 ut
2876 4676 2975 4752 aut
3005 4699 3180 4754 verbo
3232 4716 3451 4769 coram,
3505 4676 3825 4772 an‘tequam

401 4780 460 4830 et
491 4775 772 4847 obsequio
806 4775 995 4831 aulico
1031 4775 1182 4830 296
1218 4774 1491 4830 avunculi
1525 4775 1777 4845 despotm
1807 4774 2055 4830 Joannis

402 4864 783 4919 educabatur.
814 4865 919 4918 Hic
951 4868 1195 4918 matrem
1231 4863 1545 4918 observans
1576 4863 1851 4918 benevole
1884 4865 2056 4919 affec-

400 4956 521 5007 tam
570 4952 916 5022 patriarchae
977 4952 1034 5005 in
1087 4952 1238 5007 hanc
1266 4969 1327 5007 se
1378 4957 1625 5022 partem,
1685 4951 2060 5008 vehementer

402 5041 578 5095 etiam
602 5040 956 5097 incumbens
988 5041 1394 5112 zemulansque
1412 5058 1593 5112 supra
1618 5041 2057 5108 modum,addi-

417 5131 604 5199 derat,
638 5131 782 5186 adeo
814 5134 875 5184 ut
903 5147 1073 5186 nemo
1104 5148 1169 5185 e0
1202 5129 1590 5202 frequentius,
1630 5146 1803 5185 nemo
1844 5146 2063 5203 pugna-

408 5219 535 5273 cius
568 5219 767 5274 tritam
801 5219 960 5274 illam
998 5219 1310 5275 formulam
1360 5218 1760 5275 aversantium
1794 5236 2062 5276 commu-

410 5306 647 5361 nionem
681 5309 936 5361 adversae
970 5313 1252 5378 tauquam
1283 5310 1535 5379 profana:
1568 5308 1837 5365 factionis
1866 5311 2061 5366 verbis

410 5395 699 5466 factisque
728 5400 1064 5467 usurparet,
1106 5398 1174 5451 ad
1227 5414 1461 5453 omnem
1513 5414 1822 5455 occursum
1866 5404 2061 5472 partes

408 5484 702 5539 tuentium
726 5485 997 5539 Germani
1023 5502 1041 5539 :
1078 5508 1097 5533 ι
1125 5486 1270 5542 Cave
1297 5487 1621 5558 contingas,
1657 5510 1684 5537 »
1712 5487 2061 5561 inclamans,

414 5571 829 5641 superstitione
862 5589 1048 5643 usque
1080 5574 1151 5627 ad
1186 5574 1413 5629 minimi
1439 5593 1672 5648 quoque
1693 5595 1758 5633 ac
1788 5578 2065 5635 levissimi

416 5673 558 5714 usus
613 5659 1148 5715 fastidiosissimam
1200 5661 1656 5721 declinationem
1703 5668 2061 5724 abundante.

417 5744 559 5803 Cum
591 5764 657 5803 co
689 5746 746 5800 in
775 5746 868 5805 his
900 5754 1025 5806 erat
1048 5749 1371 5807 Theodosia
1394 5753 1789 5813 sororiisdcm
1822 5758 2065 5828 praedita

2167 4784 2371 4850 abiret,
2405 4790 2507 4840 aut
2537 4787 2773 4857 scriptis
2805 4788 3172 4845 Chalcedone
3204 4790 3263 4845 in
3320 4791 3591 4863 digressu
3620 4804 3824 4846 versus

2166 4872 2463 4929 Orientem
2497 4874 2712 4931 litteris
2737 4878 2937 4932 eadem
2959 4879 3305 4949 patriarcha;
3339 4886 3683 4952 suggereret
3705 4894 3826 4950 quaa

2167 4962 2386 5019 frustra
2413 4963 2711 5035 Josephus
2756 4973 3041 5022 suaserat.
3069 4967 3287 5023 Callide
3319 4968 3373 5023 id
3411 4968 3827 5040 excogitatum,

2167 5056 2371 5123 utpote
2402 5053 2471 5106 ad
2509 5069 2671 5124 spem
2704 5069 3019 5111 successus
3054 5073 3170 5111 non
3200 5074 3405 5126 parum
3431 5056 3825 5113 accommoda-

2168 5143 2317 5207 tum,
2347 5140 2662 5196 consilium
2697 5142 2845 5209 fuit;
2877 5160 3013 5198 nam
3048 5149 3105 5199 et
3137 5144 3508 5202 auctoritatis
3555 5145 3830 5201 habitura

2170 5228 2492 5299 plurimum
2545 5230 2743 5287 suasio
2809 5232 2958 5287 291
3023 5233 3331 5289 videbatur
3380 5234 3451 5288 ab
3512 5232 3823 5289 eminentis

2170 5317 2365 5373 throni
2392 5318 2655 5374 antistite
2696 5321 2975 5391 profecta,
3008 5326 3067 5376 et
3121 5324 3374 5378 maxime
3409 5328 3717 5394 purgatam
3760 5320 3828 5376 ab

2171 5406 2331 5462 omni
2378 5408 2715 5480 suspicione
2761 5411 3017 5481 partium
3078 5412 3337 5466 futuram
3384 5412 3649 5468 eamdem
3711 5412 3832 5465 erat

2172 5497 2883 5565 consentaneum,idcirco
2916 5501 3072 5570 quod
3097 5517 3231 5555 cum
3264 5502 3552 5557 Arsenius
3576 5499 3828 5556 Sarden-

2173 5584 2256 5639 sis
2287 5585 2719 5643 ordinationem
2744 5587 3053 5644 admittere
3084 5606 3189 5661 pro
3223 5590 3483 5662 legitime
3513 5588 3828 5657 renuisset,

2175 5671 2362 5743 palam
2397 5673 2490 5730 hic
2525 5675 2596 5731 ab
2627 5676 2953 5732 Arseniana
2984 5677 3236 5734 factione
3287 5678 3691 5735 alienissimus
3724 5691 3831 5748 pu-

2175 5762 2435 5820 tabatur.
2497 5765 2646 5832 Quin
2706 5765 2814 5822 hac
2866 5766 2996 5838 ipsa
3053 5784 3122 5823 ex
3180 5785 3360 5825 causa
3419 5767 3830 5825 insinuabatur
