4112 6442
356 431 467 487 747

1666 430 1969 487 GEORGII
2005 427 2470 484 PACHYMEBE

3673 425 3787 482 748

363 555 522 632 μετὸν
580 555 811 625 τούτων,
872 554 1017 612 ἀλλά
1074 554 1411 632 πραγμάτων
1467 556 1557 610 καὶ
1590 549 1839 629 θορύϐων
1896 550 2005 607 τῶν
2040 556 2092 621 Α
2124 545 2571 623 προσϐιάζεσθαι,
2608 549 2654 603 εί
2692 551 2765 621 μή
2797 570 2859 625 γε
2914 548 3128 621 ἀκούοι,
3190 549 3279 604 καὶ
3331 546 3484 605 οὐδὲν
3542 548 3792 608 ἐλλείπει

357 648 479 702 κατ’
507 646 690 717 αὐτὸν,
722 643 948 701 πολλῶν
983 642 1151 700 ὄντων
1185 645 1273 700 καὶ
1304 650 1471 699 ταῦτα
1499 646 1585 699 καὶ
1622 642 1946 717 ἀναγκαίων.
1981 665 2008 693 ››

360 737 526 792 Ταῦτ’
594 736 902 807 ἀντιμαθὼν
957 734 1191 794 ἀκούσας
1250 736 1276 787 ὁ
1329 736 1678 808 πατριάρχης
1713 731 1854 808 ἔγνω
1913 732 2013 797 τὴν

359 824 579 896 σκῆψιν,
634 823 723 877 καὶ
782 823 1085 897 ἀντιλέγειν
1145 821 1291 877 ὅλως
1352 822 1450 876 οὐκ
1510 821 1653 897 ἔχων
1717 818 1884 895 (μηδὲ
1913 819 2012 893 γὰρ

357 911 541 987 ἐριστὰ
568 913 634 966 τά
663 912 801 988 πρὸς
853 912 1080 988 βασιλέα
1111 911 1247 966 εἶναι
1287 910 1494 985 ἐκείνῳ)
1554 911 1855 982 ἐξίστασθαι
1916 914 2013 963 τοῦ

357 1022 752 1079 πατριαρχειου
782 1002 1226 1075 παρεσκευάζετο.

818 1162 1013 1232 agam:
1097 1166 1195 1217 τοῦ

1090 1235 1281 1306 μανός.

432 1360 515 1432 [Ρ.
565 1360 693 1431 202]
752 1358 872 1426 Μὴν
963 1357 1061 1429 μὶν
1146 1356 1452 1434 ἐφειστήκει
1508 1359 1634 1412 τότε
1686 1356 2010 1431 Γαμηλιὼν,

359 1444 522 1522 ἤγετο
557 1444 614 1501 δὲ
662 1449 696 1516 ἡ
728 1451 825 1501 τοῦ
853 1446 1045 1514 τιμίου
1077 1450 1306 1520 σταυροῦ
1338 1447 1524 1519 ἑορτὴ,
1581 1447 1643 1515 ἣν
1691 1447 1782 1501 καὶ
1832 1448 2012 1518 Ὓψω-

355 1557 437 1590 σιν
497 1535 865 1607 ὀνομάζομεν.
925 1536 1011 1591 Ἑν
1065 1535 1232 1608 ταύτῃ
1262 1540 1393 1608 γοῦν
1433 1537 1500 1589 τὰ
1532 1533 1733 1590 ὕστατα
1764 1534 2012 1590 στολισάο

357 1645 543 1697 μενος,
575 1623 667 1677 καὶ
692 1622 916 1683 τελὲσας
948 1624 1059 1695 ἅμα
1121 1624 1217 1695 μὲν
1273 1625 1372 1692 τὴν
1435 1624 1643 1697 ὕψωσιν
1693 1628 1790 1678 τοῦ
1852 1645 2015 1679 σταυ-

350 1717 474 1784 ροῦ,
502 1714 615 1784 ἅμα
645 1710 701 1767 δὲ
730 1713 819 1766 καὶ
850 1713 947 1781 τήν
984 1712 1129 1767 θείαν
1164 1711 1495 1787 ἱερουργίαν,
1536 1720 1637 1780 τῆς
1670 1714 1839 1781 αὐτῆς
1871 1712 2015 1784 ἠμέ-

355 1821 450 1876 ρας
510 1801 669 1874 ὀψίας
727 1799 914 1871 δείλης
972 1802 1284 1875 ἀποχωρεῖ,
1343 1800 1432 1855 καὶ
1493 1802 1631 1874 πρὸς
1682 1822 1749 1855 τα
1783 1802 1835 1855 ἒν
1893 1805 2011 1863 ταῖς

359 1164 456 1219 na’.
533 1165 723 1223 Ὅπως
818 1162 1013 1232 ἐξῆλθε
1097 1166 1225 1239 τοῦ.
1291 1161 1690 1239 πατριαρχείου
1778 1163 1807 1215 6
1884 1167 2003 1235 Γερ-

2119 640 2427 715 προθυμίας
2464 659 2519 693 τε
2550 639 2638 692 καὶ
2673 638 2950 708 θελήσεως
3005 644 3100 693 τοῦ
3138 639 3212 711 μὴ
3257 638 3475 714 ἀνάγειν
3535 639 3626 695 καὶ
3686 642 3784 696 πά-

2122 726 2210 783 λιν
2269 727 2452 786 αύτόν.
2514 729 2657 803 Πρὸς
2710 734 2900 801 Κρῆτα
2955 725 2999 781 δ’
3058 728 3310 803 ἒκρήτιζε
3337 730 3578 789 πάντως.
3616 732 3784 787 Ταῦτ’

2122 815 2223 891 ἄρα
2264 818 2508 879 κάκεῖνος
2564 818 2655 873 τὸν
2716 819 2810 889 μὲν
2860 819 3164 891 ἀγνοοῦντα
3220 824 3630 892 προσεποιεῖτο,
3690 819 3784 874 καὶ

2121 909 2284 982 χάριν
2315 915 2415 977 τῆς
2446 907 2724 981 εὐμενείας
2756 906 2933 982 λέγειν
2966 909 3056 963 καὶ
3107 907 3184 972 εἷς
3238 909 3300 961 τὸ
3360 910 3481 979 ἑξῆς
3543 907 3782 980 εἰδήσειν

2122 996 2221 1051 ούκ
2251 991 2435 1066 ὤκνει,
2488 996 2647 1051 αὐτὸν
2711 994 2756 1051 δ’
2816 996 2951 1051 εἶναι
2992 1000 3139 1071 γήρᾳ
3194 999 3657 1072 κατειργασμένον
3687 1000 3781 1054 καὶ

2120 1084 2388 1154 ἀσθενείᾳ,
2452 1085 2545 1139 καὶ
2596 1086 2736 1159 πρὸς
2764 1086 2827 1140 τὸ
2882 1083 3090 1140 διδόναι
3148 1087 3241 1141 καὶ
3297 1085 3624 1162 παραίτησιν
3681 1092 3784 1142 τοῦ

2118 1182 2221 1243 τῆς
2276 1175 2908 1237 Κωνσταντινουπόλεως
2958 1175 3155 1249 θρόνου
3206 1176 3294 1230 καὶ
3357 1175 3476 1231 λίαν
3534 1176 3787 1249 ἀσμένως

2122 1262 2346 1338 ἔχοντα,
2399 1264 2460 1331 ἣν
2517 1264 2607 1317 καὶ
2667 1261 2920 1338 δέχεσθαι
2976 1264 3236 1334 ἀντηξίου
3284 1264 3374 1319 καὶ
3411 1263 3641 1339 βασιλέα
3691 1265 3785 1321 καὶ

2119 1354 2247 1418 τοὺς
2303 1355 2579 1429 παρόντας
2638 1355 2942 1430 ἀρχιερεῖς,
2992 1356 3088 1427 ἅμ’
3146 1351 3396 1411 ἐκϐαλὼν
3425 1355 3516 1410 καὶ
3575 1353 3789 1421 δεικνὺς

2119 1445 2181 1499 τὸ
2237 1442 2487 1519 γράμμα⁶
2523 1439 2665 1514 μηδὲ
2694 1444 2797 1517 γὰρ
2830 1442 2888 1497 ἂν
2921 1447 3018 1497 τοῦ
3051 1442 3271 1515 λοιποῦ,
3331 1441 3428 1497 κᾶν
3481 1442 3535 1499 εἴ
3556 1466 3607 1500 τι
3642 1466 3786 1518 συμ-

2122 1526 2277 1601 ϐαίη,
2336 1533 2436 1599 τήν
2491 1532 2817 1606 προστασίαν
2851 1526 3172 1605 λαμϐάνειν,
3222 1531 3322 1587 κᾶν
3366 1533 3529 1595 αὐτὸς
3560 1533 3788 1609 ἀναγκά-

2125 1626 2206 1689 ζοι
2251 1621 2279 1674 6
2341 1619 2619 1694 βασιλεύς.
2654 1618 2793 1676 Τότε
2843 1625 3134 1694 τοιγαροῦν
3166 1622 3195 1675 6
3251 1625 3463 1697 κρατῶν
3524 1620 3669 1696 ἔχων
3730 1623 3783 1677 ἐν

2121 1710 2282 1784 χερσὶ
2341 1714 2587 1784 φανερῶς
2619 1709 2647 1763 ὃ
2680 1709 2732 1763 ἐν
2763 1706 2960 1781 ἀδήλῳ
2992 1705 3278 1779 ἐϐούλετο,
3335 1714 3434 1765 τοῦ
3469 1711 3563 1783 μὲν
3623 1710 3783 1766 αὐτὸν

2120 1799 2211 1853 καὶ
2286 1796 2452 1852 πάλιν
2524 1800 2989 1873 προσαναγκάζειν
3047 1797 3260 1867 ἀνῆκε,
3322 1802 3517 1874 σχῆμα
3571 1797 3784 1863 δεικνὺς

358 1891 672 1966 Μαγγάνοις
703 1890 866 1944 αὐτοῦ
905 1888 1101 1945 κελλία
1155 1891 1224 1945 τὰ
1279 1888 1415 1965 πρὸς
1473 1889 1743 1954 θάλασσαν
1800 1888 2014 1962 ᾠκοδοο
2047 1921 2092 1985 Β
2125 1887 2473 1957 ἀπειπόντος,
2528 1887 2590 1942 τὸ
2649 1884 2695 1941 δ’
2726 1886 2991 1962 ἀγάλλειν
3026 1885 3213 1950 ἄλλως
3244 1887 3335 1943 καὶ
3372 1893 3537 1962 τιμᾷν
3568 1890 3779 1965 ᾑρεῖτο.

362 1979 583 2053 μημὲνα
638 1979 813 2034 ἐλθὼν
859 1979 1086 2055 ἡσύχως
1133 1977 1338 2054 διάγειν
1375 1979 1489 2035 ἐκεῖ
1513 1985 1614 2034 τοῦ
1648 1982 1769 2055 βίου
1802 1981 2011 2053 ᾑρεῖτο.

364 2067 525 2124 Ἀλλ’
583 2069 696 2141 ἅμα
750 2066 824 2140 ἕῳ
856 2067 1145 2145 φωσκούσῃ
1196 2068 1284 2122 καὶ
1319 2070 1346 2122 ὁ
1382 2068 1637 2143 βασιλεὺς
1668 2068 1900 2130 ἀκούσας
1935 2068 2018 2123 εύ-

367 2158 461 2223 θῦς
491 2156 771 2235 ἐφίσταται
799 2158 911 2229 ἅμα
948 2157 1040 2230 μὲν
1085 2154 1402 2231 συγκλήτῳ,
1458 2158 1572 2230 ἅμα
1631 2154 1679 2211 δ’
1708 2156 2022 2232 ἀρχιερεῦσι

368 2246 460 2300 καὶ
519 2246 680 2301 παντὶ
737 2251 818 2317 τῷ
866 2252 967 2315 τῆς
1024 2244 1317 2315 ἐκκλησίας
1375 2244 1736 2321 πληρώματι,
1793 2246 2019 2301 καὶτὸν

367 2331 717 2407 λυπούμενον
773 2340 1205 2410 προσποιεῖται,
1265 2334 1356 2389 καὶ
1415 2334 1602 2405 ἀξιοῖ,
1659 2335 1747 2389 καὶ
1806 2333 2024 2390 ἀπειλεῖ

361 2532 507 2589 satis
537 2532 852 2589 habentem
881 2532 1021 2589 alibi
1054 2534 1206 2605 quod
1239 2538 1421 2601 curet,
1457 2533 1850 2606 plurimisque
1887 2537 2010 2590 tam

361 2622 743 2679 tumultuosis
776 2641 953 2695 quam
984 2623 1331 2679 necessariis
1365 2622 1606 2695 publicae
1639 2623 2013 2679 administra-

353 2712 532 2767 tionis
559 2712 770 2767 officiis
796 2712 1265 2768 districtumﬂis
1288 2713 1641 2767 renuntiatis
1673 2713 2010 2785 patriarcha

358 2802 596 2873 agnovit
628 2802 864 2857 tandem
898 2802 1037 2873 quid
1069 2801 1364 2873 princeps,
1401 2802 1839 2869 quantumlibet
1886 2803 2008 2857 dis-

358 2890 669 2956 simulans,
719 2898 976 2963 cuperet.
1029 2894 1107 2946 Ac
1157 2900 1353 2947 certus
1404 2909 1519 2947 non
1570 2892 1845 2946 reluctari
1890 2893 2010 2965 (va-

360 2996 493 3034 nam
529 2979 683 3034 enim
719 2984 775 3035 et
813 2980 1051 3035 stultam
1103 2984 1304 3035 contra
1352 2980 1707 3036 intellectam
1759 2980 2011 3050 impera-

360 3069 505 3125 toris
536 3069 898 3125 voluntatem
932 3071 1367 3125 contentionem
1401 3070 1544 3143 fore)
1576 3071 1645 3124 ad
1683 3070 2009 3125 cedendum

360 3156 757 3229 patriarchatu
793 3173 855 3212 se
884 3158 1154 3212 accinxit.

578 3299 669 3353 21.
708 3300 771 3355 ω
805 3298 1106 3353 Germanus
1133 3297 1521 3369 patriarchatu
1553 3298 1791 3353 cesserit.

394 3478 406 3484 _
427 3422 646 3479 Mensis
668 3422 878 3477 inierat
902 3421 1264 3493 September,
1285 3425 1341 3475 et
1364 3421 1647 3493 agebatur
1666 3422 2007 3476 venerande

354 3513 544 3568 crucis
570 3512 966 3583 festum,quod
996 3510 1413 3565 Exaltationem
1439 3510 1829 3581 appellamus.
1860 3512 1919 3565 In
1942 3527 2011 3565 ea

355 3602 538 3658 sacris
574 3600 844 3655 ultimum
876 3601 1138 3655 vestibus
1172 3600 1439 3665 indutus,
1475 3599 1676 3670 sicque
1718 3601 2010 3655 celebrata

352 3691 545 3745 crucis
576 3689 945 3755 exaltatione,
980 3705 1259 3759 sacraque
1290 3687 1403 3743 diei
1435 3691 1561 3759 ejus
1613 3688 1852 3759 liturgia
1902 3688 2010 3744 rite

356 3780 859 3847 functus,vespere
883 3778 993 3832 sub
1020 3779 1431 3848 crepusculum
1458 3778 1829 3843 recedit,etin
1847 3795 2009 3846 suas,

356 3885 504 3939 quas
537 3867 647 3922 sibi
682 3868 749 3921 ad
786 3883 945 3922 mare
976 3867 1030 3921 in
1066 3866 1374 3938 Manganis
1405 3867 2010 3931 extruxerat,cellulas

358 3973 485 4011 sese
510 3956 794 4027 recipiens
819 3956 1013 4027 quiete
1036 3954 1153 4009 illic
1177 3956 1451 4027 deinceps
1474 3956 1665 4011 vivere
1680 3955 2007 4013 constituit.

356 4050 431 4101 At
460 4046 719 4102 diluculo
752 4050 996 4118 posterae
1024 4045 1137 4099 diei
1165 4047 1366 4101 audita
1392 4063 1450 4100 re
1471 4046 1792 4117 imperator
1812 4048 2008 4101 statim

358 4136 567 4202 adfuit,
602 4153 719 4190 una
750 4151 881 4190 cum
914 4140 1120 4190 senatu
1170 4139 1226 4189 et
1276 4134 1569 4206 episcopis
1622 4133 2014 4205 universaque

356 4225 493 4281 cieri
529 4241 863 4297 corpore,ac
898 4224 1093 4279 dolere
1124 4239 1185 4279 se
1219 4224 1508 4277 simulans
1540 4227 1670 4277 orat
1708 4227 1773 4277 ut
1817 4240 2012 4277 rever-

353 4320 532 4383 tatur,
584 4320 639 4371 et
670 4321 1012 4371 coacturum
1047 4328 1109 4368 se
1144 4313 1422 4382 minatur,
1458 4310 1571 4366 nisi
1605 4312 1879 4381 precibus
1911 4330 2012 4367 an-

354 4406 794 4477 nuat;denique
826 4402 973 4457 nihil
1008 4403 1078 4456 ad
1114 4418 1344 4456 omnem
1374 4400 1494 4455 veri
1528 4400 1709 4455 studii
1742 4400 2013 4456 volunta-

351 4498 545 4567 tisque
572 4493 1060 4567 significationem
1094 4491 1205 4545 sibi
1240 4491 1376 4545 facit
1406 4489 1639 4561 reliqui,
1691 4490 2010 4561 quominus

353 4603 422 4642 ex
453 4586 648 4641 animo
681 4598 894 4654 cupere
927 4597 1359 4653 procurareque
1392 4580 1536 4634 velle
1568 4584 1875 4651 putaretur
1918 4598 2012 4635 re-

2128 1976 2228 2034 Καὶ
2290 1978 2357 2031 τὰ
2412 1981 2602 2051 πρῶτα
2636 1977 2731 2049 μὲν
2788 1975 2856 2031 τὰ
2886 1973 3154 2032 δοκοῦντᾶ
3193 1978 3245 2032 οἱ
3276 1979 3400 2054 περῖ
3433 1978 3780 2053 πατριάρχου

2129 2068 2329 2121 ἐκεῖνον
2389 2067 2600 2142 ἠρώτα,
2660 2070 2739 2137 τῷ
2799 2061 3115 2138 σύμϐουλον
3176 2068 3454 2138 ἀξιοῦσθαι
3510 2068 3591 2124 ἐπ’
3622 2067 3781 2143 ἄλλῳ

2130 2157 2568 2229 προστησομένῳ
2643 2155 2924 2231 ἐξημερῶν
2998 2157 3063 2211 τὰ
3120 2163 3222 2226 τῆς
3291 2157 3457 2213 αὐτοῦ
3507 2159 3781 2233 παραιτή-

2131 2265 2289 2307 σεως’
2350 2247 2461 2300 εἶτα
2516 2245 2608 2301 καὶ
2665 2246 2729 2300 τὸ
2760 2252 2966 2322 πατέρα
3022 2242 3169 2322 ἔχειν
3228 2247 3385 2302 αὐτὸν
3435 2246 3523 2302 καὶ
3553 2249 3775 2324 γράφειν

2130 2333 2684 2413 προσεφιλοτιμεῖτο,
2744 2335 2801 2389 ’ὀν
2855 2335 3087 2406 ἐκεῖνος,
3142 2337 3216 2399 ὠς
3276 2335 3506 2413 λέγεται,
3564 2340 3783 2411 πρῶτος

2120 2533 2387 2594 omnino.
2418 2540 2520 2589 aut
2550 2532 2837 2605 quidquid
2872 2534 3260 2607 contingeret,
3287 2536 3675 2594 remissurum
3708 2536 3780 2592 de

2119 2622 2550 2693 proposito,aut
2578 2621 2790 2677 iterum
2824 2623 3226 2679 admissurum
3254 2624 3661 2696 patriarchalis
3681 2640 3776 2680 ec-

2120 2710 2309 2765 clesiae
2342 2711 2630 2781 regimen,
2655 2710 2742 2765 vel
2776 2712 2826 2767 si
2857 2718 3164 2783 Augustus
3192 2730 3321 2769 sese
3352 2714 3422 2769 ad
3456 2714 3513 2768 id
3543 2714 3777 2785 adigere

2120 2800 2623 2856 conaretur.Tunc
2654 2800 2970 2869 imperator
3002 2802 3224 2858 habens
3246 2805 3372 2873 jam
3402 2803 3461 2857 in
3497 2803 3775 2859 manibus

2121 2891 2275 2962 quod
2297 2891 2449 2945 votis
2470 2890 2662 2946 tacitis
2688 2896 3142 2963 optarat,partes
3164 2898 3359 2949 tamen
3376 2894 3773 2950 semelsusce—

2124 2983 2253 3050 ptas
2284 2994 2454 3048 agere
2494 2980 2903 3048 perseveravit,
2957 2983 3335 3048 contendens,
3382 2983 3529 3037 citra
3574 2987 3773 3038 tamen

2120 3067 2432 3138 imperium
2456 3085 2521 3123 ac
2542 3068 2763 3135 vim,ne
2784 3070 2841 3124 in
2865 3071 3177 3125 recusandi
3200 3071 3442 3127 consilio
3467 3076 3773 3143 perstaret,

2123 3158 2470 3228 cunctisque
2483 3158 2747 3229 gestibus
2761 3175 2828 3212 ac
2845 3159 3031 3214 modis
3047 3176 3355 3230 personam
3372 3176 3520 3231 aegre
3536 3160 3776 3215 ferentis

2041 3285 2083 3351 Ο
2123 3246 2479 3317 exprimens,
2499 3262 2564 3301 ac
2577 3263 2710 3301 cum
2732 3246 2832 3301 diu
2852 3246 2996 3301 nihil
3018 3249 3348 3319 proficeret,
3372 3249 3542 3320 quasi
3558 3250 3776 3317 victus,

2121 3336 2191 3390 ad
2227 3337 2584 3405 propositum
2619 3341 2773 3390 certe
2805 3336 3200 3406 proﬁtendum
3243 3338 3620 3393 verissimum
3673 3340 3774 3394 de-

2119 3425 2409 3480 scendens
2460 3439 2693 3495 semper
2734 3441 2861 3493 ejus
2910 3426 3117 3480 eximie
3168 3426 3551 3498 impenseque
3592 3429 3774 3482 hono-

2121 3513 2307 3567 randi.
2341 3514 2504 3578 Quod
2537 3513 2777 3583 exsequi
2808 3514 2983 3584 cmpit
3014 3519 3147 3569 ante
3179 3515 3375 3569 omnia
3422 3516 3772 3572 benevolen-

2119 3601 2347 3656 tissime
2372 3602 2922 3673 rogandaGermani
2945 3604 3240 3659 sententia
3261 3603 3415 3659 circa
3430 3605 3775 3661 electionem

2122 3694 2481 3747 successoris
2503 3693 2835 3764 ejus,plane
2869 3710 2983 3764 prae
3007 3710 3070 3749 se
3104 3695 3341 3751 ferendo
3375 3698 3454 3765 (et
3483 3713 3548 3751 eo
3578 3697 3780 3753 videli-

2119 3786 2210 3838 cet
2236 3782 2364 3853 ipso
2396 3781 2655 3837 delinere
2685 3783 3083 3854 satagendo,ei
3117 3801 3235 3855 qua
3264 3784 3317 3839 ei
3345 3792 3684 3858 superesset
3714 3786 3774 3842 in

2120 3872 2312 3942 ipsum
2340 3871 2585 3926 offensio
2609 3876 2911 3943 penetrata
2934 3872 3782 3945 forsitaanugustiarcanavo-

2119 3958 2551 4029 luntate,cujus
2582 3965 2738 4015 esset
2769 3968 3034 4031 respectu
3064 3962 3132 4015 ad
3170 3963 3608 4019 abdicationem
3640 3981 3779 4021 coa-

2120 4053 2273 4115 ctus)
2295 4048 3115 4119 plane,inquam,declarando
3142 4066 3204 4104 se
3223 4053 3468 4107 omnino
3487 4054 3634 4109 velle
3656 4054 3781 4126 ple-

2122 4152 2266 4192 num
2318 4137 2368 4190 ei
2429 4137 2738 4191 arbitrium
2802 4138 3023 4193 servari
3081 4140 3237 4195 circa
3292 4139 3583 4196 delectum
3644 4144 3781 4198 novi

2121 4226 2489 4296 patriarchae.
2540 4227 2779 4281 Addidit
2834 4227 2976 4297 quin
3032 4226 3207 4282 etiam
3265 4245 3329 4284 se
3377 4230 3559 4301 patris
3607 4231 3783 4287 dein-

2122 4330 2259 4385 ceps
2318 4313 2444 4370 loco
2503 4314 2699 4385 ipsum
2761 4315 2975 4372 habere
3030 4318 3375 4385 decrevisse,
3433 4320 3782 4377 celebravit-

2122 4421 2235 4475 que
2267 4405 2445 4458 istum
2479 4404 2759 4458 honorem
2814 4405 3051 4476 scriptis
3100 4407 3149 4461 ei
3203 4408 3515 4465 ambitiose
3563 4410 3783 4467 litteris

2119 4493 2223 4547 tali
2245 4492 2617 4563 titulo,quem
2642 4492 3101 4564 splendidiorem
3128 4494 3378 4551 faciebat
3399 4498 3777 4566 attributum,

2122 4588 2186 4636 ut
2217 4581 2531 4649 ferebatur,
2564 4599 2596 4635 a
2618 4582 2907 4638 Germano
2932 4583 3119 4655 primo
3142 4585 3408 4641 omnium
3432 4587 3779 4657 imperatori

355 4676 541 4733 ditum
575 4678 702 4748 ejus
735 4675 807 4730 ad
842 4672 1237 4729 thronum.Ad
1272 4687 1338 4727 ea
1359 4674 1850 4736 Germanus,cum
1876 4675 2006 4727 Cre-
2038 4655 2082 4718 ί)
2112 4670 2435 4742 gloriosum
2466 4687 2790 4741 cognomen
2821 4672 2954 4727 novi
2983 4674 3356 4730 Constantini
3391 4692 3402 4730 :
3439 4655 3581 4747 quid
3614 4678 3774 4735 enim

354 4769 530 4833 tensi,
567 4772 629 4822 ut
659 4766 893 4834 dicitur,
922 4764 1227 4832 cretizans,
1262 4770 1313 4818 et
1346 4762 1403 4817 in
1437 4761 1811 4817 simulatione
1841 4762 2007 4833 igno-

355 4859 523 4915 randi
541 4862 793 4914 mentem
808 4856 1078 4911 intimam
1095 4854 1377 4925 principis
1390 4853 1654 4925 gnaviter
1667 4853 2008 4923 persistens,

358 4948 647 5020 plurimas
680 4963 741 5001 se
779 4944 1127 5016 benignitati
1161 4945 1289 5014 ejus
1322 4947 1496 4996 tantae
1529 4946 1586 4996 et
1609 4944 1779 5011 age‘re
1801 4941 1926 5011 jam
1956 4946 2012 4995 et

357 5038 633 5109 deinceps
648 5051 875 5106 semper
890 5033 1230 5088 habiturum
1249 5029 1752 5102 referrequehaud
1772 5035 2007 5084 cuncta-

355 5126 683 5189 turum,ubi
711 5122 1160 5195 posset,gratias
1185 5119 1485 5191 respondit
1514 5136 1526 5174 :
1554 5120 1708 5173 300
1733 5122 2007 5173 caeterum

358 5214 522 5270 senio
554 5230 614 5267 se
647 5218 703 5267 et
734 5212 1076 5266 infirmitate
1109 5212 1380 5271 fractum,
1416 5208 1671 5278 indeque
1721 5208 2006 5277 imparem

352 5303 516 5358 oneri
550 5306 720 5356 tantes
754 5300 1310 5364 administrationis,
1336 5298 1402 5352 ad
1441 5297 1835 5352 libentissime
1866 5300 2009 5351 dan-

352 5393 488 5448 dam
514 5391 621 5446 rite
644 5396 985 5461 conceptam
1011 5389 1333 5444 cessionem
1348 5385 2009 5457 Constantinopolitanae

354 5484 511 5540 sedis
542 5487 875 5553 promptum
903 5485 1294 5551 paratumque
1326 5494 1732 5549 esse,eamque
1764 5480 1826 5532 ut
1858 5476 2008 5532 acci—

356 5576 561 5642 perent
582 5587 787 5643 rogare
810 5569 1223 5639 imperatorem
1250 5574 1305 5622 et
1326 5572 1645 5639 praesentes
1678 5567 2003 5637 episcopos.

356 5659 545 5715 Simul
578 5677 645 5717 ea
674 5659 875 5713 dicens
905 5658 1181 5726 scriptam
1214 5657 1499 5712 cessionis
1527 5655 1839 5711 formulam
1874 5671 2005 5726 por-

359 5748 786 5821 rexit,graviter
815 5745 1050 5802 edicens
1080 5762 1152 5802 ne
1178 5751 1480 5816 sperarent
1509 5744 1917 5816 acquieturum
1944 5758 2007 5798 se

2120 4760 2314 4829 majus
2346 4760 2528 4815 videri
2563 4764 2789 4830 poterat
2819 4777 2995 4832 quam
3043 4762 3101 4817 in
3154 4762 3339 4834 patris
3390 4766 3663 4821 affectum
3719 4772 3781 4823 et

2119 4850 2529 4904 auctoritatem
2554 4866 2588 4904 a
2611 4866 2758 4905 novo
2782 4852 3166 4906 Constantino
3189 4852 3441 4924 suscipi?
3462 4854 3577 4909 Nec
3604 4856 3780 4911 omit-

2118 4946 2233 4992 tam
2267 4938 2666 5009 qualicunque
2699 4939 3003 4995 occasione
3035 4941 3107 4996 de
3138 4942 3251 4996 ista
3300 4945 3779 5003 nomenclatione

2117 5027 2407 5098 explicare
2438 5027 2659 5099 aliquid
2694 5029 3202 5101 distinctius.Ejus
3236 5032 3503 5088 inventor
3532 5034 3776 5104 quidem

2117 5122 2172 5171 et
2200 5116 2427 5187 primus
2458 5116 2665 5172 artifex
2697 5118 3027 5173 Germanus
3060 5120 3315 5187 luit,sua
3340 5123 3593 5191 quadam
3628 5124 3687 5177 in
3718 5125 3774 5179 id

2117 5205 2567 5275 excogitandum
2592 5215 2898 5276 provectus
2923 5209 3121 5263 innata
3142 5208 3340 5265 indole
3375 5211 3777 5283 obsequiosis-

2116 5296 2263 5350 sime
2293 5295 2663 5365 gratiticandi
2697 5296 3342 5371 regnantibus.Excepit
3365 5306 3559 5356 autem
3586 5302 3778 5374 impe-

2117 5390 2277 5439 rator
2296 5401 2408 5439 nou
2434 5390 2499 5439 ut
2520 5384 2773 5456 elogium
2794 5392 3012 5443 temere
3036 5387 3426 5455 delatum,sed
3453 5395 3516 5445 ut
3536 5392 3685 5446 301
3718 5392 3778 5447 id

2116 5473 2173 5527 in
2202 5491 2318 5544 quo
2343 5475 2593 5546 perspici
2618 5477 2900 5545 gauderet
2915 5493 3091 5547 quam
3110 5478 3221 5533 sibi
3238 5495 3353 5533 non
3370 5496 3586 5536 vanum
3605 5498 3780 5537 omen

2117 5562 2326 5618 fuisset
2357 5564 2667 5618 domestici
2699 5564 2910 5620 veteris
2943 5566 3256 5635 cujusdam
3282 5569 3664 5640 augurii,quo
3698 5587 3786 5640 se,

2117 5657 2183 5707 ut
2213 5652 2848 5718 aiebat,recordabatur
2876 5654 3328 5711 Constantinum
3363 5673 3396 5713 a
3428 5660 3777 5729 parentibus

2114 5741 2358 5797 vocitari
2390 5742 2706 5813 puerulum
2738 5742 3006 5802 solitum.
3062 5748 3213 5802 Sunt
3257 5749 3453 5804 tamen
3503 5749 3605 5821 qui
3656 5766 3777 5809 non
