4112 6450
362 454 469 512 749

1423 462 1521 515 DE
1557 459 1931 515 MICHAELE
1970 457 2418 516 PALBOLOGO
2453 459 2588 513 LIB.
2630 460 2728 512 IV.

3673 462 3782 521 750

360 586 469 636 τῶν
526 579 713 637 ἄλλων
741 581 859 637 νέον
921 583 1325 639 Κωνσταντῖνον
1358 586 1706 661 προσεπευιρή
1720 604 1830 656 μει.
1861 581 1927 638 Τί
1959 579 2016 636 δὲ
2045 594 2097 659 Α
2129 586 2380 657 προνοεῖν
2435 583 2686 656 περιττὸν
2746 579 2932 644 ἄλλως
2960 583 3051 637 καὶ
3092 582 3190 638 οὐκ
3219 583 3507 662 ἀναγκαῖον
3537 591 3653 651 τοῖς
3684 591 3775 645 καὶ

365 677 551 745 μεῖζον
604 673 735 727 εἶναι
787 677 884 727 τοῦ
944 673 1017 735 εἰς
1073 672 1278 750 πατέρα
1328 675 1589 748 τετάχθαι
1621 680 1701 745 τῷ
1731 674 1835 746 νέῳ
1867 680 2015 726 Κων-

361 762 624 835 σταντίνῳ
653 763 743 817 καὶ
797 762 1044 838 βασιλεῖς
1105 764 1184 820 Τὰ
1242 765 1345 839 γὰρ
1407 764 1530 838 περὶ
1582 762 1777 817 τούτου
1809 761 2016 817 πλατυ-

359 856 469 913 κῶς
527 851 720 921 εἰπεῖν,
780 851 927 925 ἔταξε
981 854 1074 924 μὲν
1128 853 1406 928 Γερμανὸς
1438 856 1656 926 πρῶτος
1688 856 1765 923 τῷ
1800 851 2018 926 βασιλεῖ

361 941 751 1015 χαριζόμενος,
786 944 905 1001 οἷος
956 940 1159 1003 ἐκεῖνος
1218 943 1316 1009 τὴν
1373 942 1509 1015 πρὸς
1559 940 1686 1001 τοὺς
1746 939 2015 1013 ἄρχοντας

362 1028 672 1104 θεραπείαν,
708 1028 1133 1102 ὑπεραπεδέξατο
1167 1028 1223 1084 δὲ
1251 1031 1341 1083 καὶ
1378 1029 1631 1105 βασιλεὺς
1666 1031 1737 1090 ὡς
1774 1030 1857 1101 [Ρ.
1890 1031 2018 1098 203]

362 1118 471 1192 οὐχ
503 1118 694 1181 ἀπλως
725 1114 1056 1191 συμϐάντος,
1088 1117 1217 1174 ἀλλ’
1269 1117 1351 1174 ὅτι
1384 1119 1517 1173 ποτε
1546 1118 1803 1188 νηπιόθεν
1862 1122 2018 1172 Κωνο

362 1212 649 1267 σταντῖνος
680 1208 828 1281 παρὰ
870 1208 1143 1282 πατέρων,
1204 1209 1280 1269 ὡς
1340 1205 1543 1283 ἔλεγεν,
1597 1205 1787 1276 ἤκουε.
1838 1207 1905 1262 Οἱ
1964 1203 2021 1260 δὲ

362 1295 625 1364 Μανουὴλ
686 1295 957 1370 λέγουσιν’
1010 1297 1038 1351 ὃ
1090 1298 1177 1351 καὶ
1207 1296 1614 1371 ἀληθικώτερον
1651 1296 1808 1369 οἶμαι
1843 1293 1931 1349 διὰ
1959 1296 2020 1349 τὸ

362 1387 490 1460 παρ’
546 1385 679 1439 αὐτὸ
737 1381 1136 1461 προφοίϐασμα
1193 1386 1553 1460 ίσαριθμῆσον
1610 1385 1677 1439 τὰ
1737 1386 1907 1457 μέτρα
1955 1382 2023 1437 τὰ

358 1478 457 1529 τοῦ
511 1473 652 1548 βίου,
714 1480 814 1542 τῆς
860 1472 1114 1545 κλήσεώς
1142 1476 1202 1528 τέ
1234 1496 1378 1548 φημι
1408 1475 1497 1529 καὶ
1523 1472 1915 1545 τοὺπωνύμου.
1949 1474 2021 1528 "0

361 1561 428 1631 δὴ
461 1564 551 1617 καί
584 1584 731 1626 τινας
761 1561 1027 1640 ἔσφαΛΛεν
1064 1563 1323 1625 ἷστῶντας
1386 1563 1516 1626 τοὺς
1561 1563 1820 1637 γρόνους,
1854 1560 1907 1623 ἐς
1936 1558 2020 1615 δε-

364 1653 589 1706 καεπτά.
652 1653 729 1707 Τὸ
781 1653 881 1725 γὰρ
950 1651 1335 1726 ΙΙαλαιολόγος
1392 1650 1622 1727 Μιχαὴλ
1684 1655 1932 1725 στοιχεῖα
1984 1650 2024 1719 ζ’

366 1741 536 1816 φέρει.
598 1738 998 1813 Προσνείμενον
1051 1739 1107 1794 δὲ
1153 1742 1216 1795 τὸ
1247 1741 1510 1809 Μανουήλ
1541 1741 1630 1794 τὸν
1662 1739 2027 1813 εἰκοσιτέταρ-

362 1853 455 1886 τον
485 1837 587 1899 τῆς
648 1829 928 1906 βασιλείας
978 1833 1181 1905 ’χρόνον
1237 1829 1515 1901 ἐδήλωσεν
1568 1834 1838 1906 ἄντικρυς.
1889 1829 2025 1883 Τότε

2124 672 2213 724 τὸν
2279 670 2403 732 τοὺς
2463 671 2717 733 νεοσσοὺς
2772 676 2878 725 τῶν
2938 672 3185 748 κοράκων
3243 673 3511 752 τρέφοντα
3556 673 3771 753 ἔχουσι.

2124 758 2279 828 Πλὴν
2313 759 2458 814 ἀλλὰ
2513 760 2601 815 καὶ
2659 763 2692 830 ἡ
2755 760 2860 834 έμὴ
2922 760 3183 829 ἐκκλησία
3239 786 3266 815 ››
3314 762 3540 835 (ἐδήλου
3572 764 3631 821 δὲ
3670 769 3769 836 τὴν

2125 848 2607 924 Ἀδριανούπολιν)
2667 875 2695 901 ‹‹
2753 851 2843 905 τὸν
2918 850 3049 923 ἐμὸν
3123 850 3383 928 ἅρχιερέα
3438 854 3774 929 πλουτοῦσα,

2126 934 2243 1011 ἔχει
2293 940 2507 1012 τρέφειν
2556 940 2645 993 καὶ
2677 938 2863 1017 ἄμφω,
2895 942 3106 1014 σύναμα
3161 942 3249 996 καὶ
3308 949 3423 1015 Θεῷ
3469 951 3778 1022 χορηγοῦν-

2125 1048 2197 1080 τι.
2232 1050 2259 1077 ››
2293 1032 2468 1081 Ταῦτα
2531 1029 2626 1100 μὶν
2680 1029 2769 1082 οὗν
2802 1029 2925 1084 τότε
2953 1032 2979 1083 ὁ
3035 1031 3308 1103 Γερμανὸς
3357 1033 3444 1087 ἐπὶ
3503 1041 3633 1089 πᾶσι
3663 1041 3783 1100 τοῖς

2127 1111 2495 1189 προϐληθεῖσι
2542 1117 2983 1189 παραιτούμενος
3031 1116 3232 1194 ἔλεγεν.
3278 1120 3376 1177 Ἠν
3434 1120 3479 1175 δ’
3510 1123 3569 1177 ὃν
3603 1120 3783 1200 ἔλεγεν

2131 1205 2322 1259 ἑαυτοῦ
2374 1210 2440 1278 τῇ
2502 1204 2959 1279 Ἀὃριανουπόλει
2992 1207 3433 1283 ἐπικηρυχθέντα
3476 1214 3591 1283 μετ’
3619 1213 3780 1268 αὐτὸν

2131 1296 2258 1367 παρ’
2290 1293 2458 1348 αὐτοῦ
2490 1296 2517 1348 ὁ
2551 1296 2770 1368 ἀνεψιὸς
2816 1296 3021 1351 ἐκείνου
3078 1298 3347 1372 Βαρλαᾶμ
3403 1298 3497 1354 εἶτ’
3547 1302 3643 1355 οὗν
3696 1308 3790 1357 Βα-

2133 1380 2359 1450 σίλειος,
2393 1384 2452 1446 ’ὸς
2482 1385 2617 1459 πρὸς
2656 1386 2749 1457 μὲν
2773 1385 2839 1439 τὰ
2869 1384 2947 1448 εἷς
2984 1389 3354 1460 πνευματικὴν
3385 1386 3666 1445 πολιτείαν
3694 1390 3785 1445 καὶ

2133 1470 2254 1526 λίαν
2284 1471 2505 1545 ἀμελῶς
2537 1473 2681 1549 εἶχεν
2692 1519 2706 1532 .

2133 1633 2239 1706 κβ’.
2294 1634 2420 1702 Περὶ
2472 1638 2570 1687 τοῦ
2627 1631 3142 1709 ’Ἁδριανουπόλεως
3196 1636 3480 1693 Βασιλείου
3533 1637 3628 1694 ei’r’
3686 1638 3779 1695 οὖν

2809 1704 3098 1781 Βαρλαάμ.

2204 1834 2288 1903 [Λ.
2320 1833 2446 1903 204]
2477 1830 2701 1894 Ἄλλως
2734 1830 2791 1887 δὲ
2847 1832 3191 1910 φιλόκοσμος
3223 1832 3296 1889 ὢν
3322 1833 3517 1899 τίπποις
3550 1837 3779 1913 ἐχρῆτο,

363 1924 492 1994 γοῦν
551 1919 643 1974 καὶ
675 1919 927 1995 περὶτῆς
981 1921 1101 1974 κατ’
1161 1921 1364 1975 ἐκεῖνον
1409 1924 1855 1995 προσκοποῦντος
1886 1937 2022 1989 προ-
2056 1962 2102 2027 Β
2134 1915 2244 1974 ἔστι
2278 1917 2320 1974 δ’
2356 1922 2445 1975 ὅτε
2499 1922 2591 1975 καὶ
2640 1921 2863 1987 ὅπλοις,
2912 1924 3002 1977 καὶ
3057 1924 3577 2002 προσεφιλοτιμεῖτο
3615 1928 3785 2001 ὁμόσε

439 2008 450 2027 Ι
643 2010 654 2027 Ι
826 2009 839 2027 ἳ
924 2007 967 2027 ’Ν
993 2009 1004 2027 1
1469 2009 1528 2027 ἿἿ
1632 2011 1642 2027 Ι
1866 2009 1957 2027 νΑι
2198 2015 2217 2025 ς
2378 2008 2398 2027 \
2495 2009 2506 2027 I
2761 2016 2787 2026 an
2881 2015 2926 2027 m
2974 2017 2993 2027 ι-
3034 2013 3047 2027 I
3084 2012 3106 2027 !.'
3286 2014 3300 2027 ι
3338 2020 3397 2027 .-..
3613 2018 3626 2027 ι
3754 2022 3781 2027 Α.

366 2008 513 2070 νοίας
565 2010 654 2063 καί
688 2030 751 2083 γε
782 2009 885 2062 οὐκ
914 2007 1074 2082 ὀλίγα
1112 2009 1767 2084 προσεπαγγελλομένου,
1809 2033 1836 2059 ‹‹
1866 2009 2022 2079 Ὀψε-

362 2119 451 2153 ται
508 2099 637 2159 Θεὸς
666 2100 758 2153 τὸν
788 2096 863 2159 εἲς
892 2098 953 2152 τὸ
984 2098 1296 2171 ποιμαίνειν
1339 2099 1604 2173 αὐτάρκη,
1656 2098 1792 2173 πρὸς
1844 2094 1902 2151 δὲ
1932 2097 2020 2151 καὶ

366 2185 792 2260 συνεπιλήψεταί
844 2187 896 2240 οἱ
954 2191 1061 2240 τῶν
1095 2189 1254 2261 ἱερῶν
1306 2191 1600 2263 μεριμνῶν.
1638 2188 1707 2240 Τὸ
1740 2185 1785 2240 δ’
1818 2184 1895 2247 εἰς
1926 2205 2023 2239 πα-

360 2276 492 2351 τέρα
518 2276 780 2350 τετάχθαι
829 2279 910 2346 τῷ
962 2274 1178 2350 βασιλεῖ
1214 2276 1353 2349 μέγα
1407 2276 1499 2348 μὲν
1550 2274 1640 2329 καὶ
1697 2272 1883 2335 ἄλλως
1942 2293 2023 2327 σεο

367 2365 519 2437 μνόν’
577 2364 725 2432 πλὴν
762 2362 817 2418 ὅν
850 2365 939 2418 καὶ
972 2364 1104 2425 Θεὸς
1136 2363 1213 2427 εἷς
1241 2365 1508 2427 υἱοθεσίαν
1549 2358 2014 2439 προσεπελάϐετο,

360 2453 442 2516 τίς
492 2454 675 2514 ἱκανὸς
733 2453 810 2516 εἰς
864 2452 1071 2526 πατέρα
1123 2452 1424 2522 κεκλῆσθαι
1478 2453 1685 2526 τούτῳ,
1740 2452 1785 2506 εἷ
1847 2453 1921 2525 μή
1955 2452 2014 2506 ὃν

365 2543 570 2606 ἐκεῖνος
634 2543 728 2616 μὲν
794 2539 962 2615 μόνος
992 2541 1136 2612 ἄξιον
1167 2541 1242 2603 εἷς
1283 2544 1383 2611 τὴν
1415 2540 1761 2617 ἐπιτροπείαν
1793 2545 1969 2616 κρινεῖ
2000 2560 2013 2610 ;

355 2633 419 2688 τὸ
481 2632 666 2706 μέντοι
726 2652 790 2707 γε
842 2632 952 2687 τῶν
1010 2631 1313 2707 ἀναγκαίων
1368 2630 1813 2708 προμηοεύεσθαί
1840 2652 1894 2684 τι
1920 2630 2011 2684 καὶ

366 2849 840 2919 Constantinum,
892 2849 991 2904 sed
1023 2848 1353 2904 Manuelem
1407 2847 1769 2920 appellatum
1813 2847 1873 2902 ln
1920 2846 2011 2900 in-

367 2939 550 2994 fantia
617 2937 959 2994 Michaelem
1029 2937 1416 3009 Palaeologum
1488 2936 1876 3009 prodiderint.
1949 2936 2011 2990 Id

373 3028 526 3098 quod
568 3027 838 3098 equidem
883 3032 1023 3098 puto
1052 3027 1274 3097 verius,
1316 3027 1473 3099 quod
1516 3026 1599 3081 sic
1628 3030 1836 3082 eventu
1879 3040 2014 3095 per-

372 3118 660 3186 petratum
690 3119 971 3187 appareat
1003 3115 1334 3187 auspicium
1365 3133 1394 3171 e
1414 3132 1657 3170 numero
1682 3116 2012 3169 litterarum

367 3205 493 3275 ejus
513 3205 1021 3260 nominisduetum
1044 3206 1110 3259 ad
1132 3205 1605 3276 prazdestinatum
1623 3206 1809 3276 ipsius
1834 3204 2014 3275 impe-

365 3295 450 3350 rio
471 3294 756 3366 temporis
776 3294 1024 3365 spatium
1048 3294 1454 3350 indicandum.
1480 3294 1626 3353 Nam
1657 3294 1705 3348 is
1725 3310 2009 3349 numerus
2043 3276 2083 3344 C

364 3388 506 3439 tunc
538 3389 767 3440 tantum
804 3401 935 3439 cum
978 3400 1220 3439 numero
1251 3401 1541 3439 annorum
1574 3383 1789 3454 quibus
1820 3383 2010 3454 impe-

364 3477 512 3529 ravit
556 3475 843 3538 convenit,
895 3490 1028 3527 cum
1080 3490 1195 3528 non
1241 3473 1366 3529 sola
1407 3473 1525 3528 veri
1558 3474 1685 3542 ejus
1730 3472 2010 3541 nominis,

360 3566 459 3620 sed
494 3570 780 3637 praeterea
811 3566 1180 3635 cognominis
1214 3565 1389 3619 istius
1420 3564 1709 3620 elementa
1743 3565 1802 3618 in
1836 3580 2011 3618 unam

362 3655 925 3710 conﬂatasummam
947 3655 1183 3709 fuerint.
1210 3654 1355 3709 Nam
1378 3653 1514 3708 inde
1536 3656 1807 3725 deceptos
1832 3669 2013 3724 quos-

367 3745 499 3800 dam
534 3744 829 3809 novimus,
855 3744 952 3813 qui
974 3748 1360 3814 regnaturum
1387 3743 1545 3796 bunc
1572 3741 1891 3812 principem
1919 3758 2017 3794 an-

364 3833 458 3888 nis
489 3835 777 3888 duntaxat
809 3834 1225 3903 septemdecim
1257 3836 1727 3895 autumaverant,
1760 3847 1825 3883 eo
1859 3830 2014 3900 quod

368 3938 580 3976 nomen
619 3923 726 3977 hoc
756 3920 1000 3977 Michael
1028 3920 1385 3992 Palaaologus
1408 3919 1649 3974 totidem
1674 3922 1899 3973 constet
1920 3917 2016 3971 lit-

368 4012 535 4075 teris,
568 4027 683 4066 non
702 4010 1234 4064 animadvertentes
1254 4010 1696 4080 adjungendum
1712 4007 1850 4061 huic
1874 4007 2015 4061 fuis-

367 4103 898 4171 secognomentum
923 4097 1230 4166 Manuelis,
1251 4099 1421 4169 cujus
1443 4097 1747 4151 elementis
1762 4096 1833 4149 ad
1858 4095 2017 4166 prio—

368 4205 433 4244 ra
448 4187 870 4259 septemdecim
888 4186 1106 4241 additis
1122 4202 1403 4240 numerus
1418 4184 1753 4240 absolvetur
1766 4189 2017 4255 quatuor

365 4280 424 4331 et
445 4275 668 4346 viginti,
694 4274 1020 4346 quotannis
1042 4273 1224 4328 fuisse
1242 4274 1412 4327 illum
1431 4274 1855 4343 imperaturum
1874 4288 2015 4327 even

365 4370 428 4419 ta
451 4366 954 4419 demonstrarunt.
978 4367 1140 4417 Tunc
1162 4362 1345 4433 igitur
1360 4378 1493 4417 cum
1526 4367 1800 4431 praeterea
1828 4362 2014 4431 impe-

363 4456 525 4506 rator
555 4451 955 4505 effunderetur
984 4452 1045 4504 in
1077 4465 1312 4504 omnem
1346 4448 1837 4520 signiﬁcationem
1872 4449 2014 4503 libe-

372 4541 514 4596 ralis
546 4539 986 4608 benevolentiae,
1012 4538 1166 4593 ultro
1191 4537 1516 4609 pollicendo
1533 4554 1745 4592 census
1762 4553 2012 4605 annuos,

2132 2015 2250 2069 τοῖς
2301 2008 2593 2082 πολεμίοις
2628 2016 2852 2085 χωρῶν.
2881 2013 3047 2068 Ταῦτ’
3079 2012 3182 2085 ἄρα
3214 2014 3303 2069 καὶ
3338 2020 3539 2084 ζῶντος
3573 2018 3669 2089 μὲν
3689 2022 3785 2073 τοῦ

2133 2098 2281 2157 θείου
2330 2097 2383 2152 έν
2442 2100 2773 2174 καταγνώσει
2833 2106 3000 2155 ταῦτα
3038 2103 3289 2178 πράττων
3342 2107 3782 2181 συνεγινώσκετο.

2131 2181 2351 2261 ὕστερον
2378 2184 2435 2240 δὲ
2461 2187 2550 2241 καὶ
2596 2185 2784 2243 ἄλλων
2816 2185 3253 2264 προστριϐέντων
3282 2191 3428 2265 αὐτῷ
3468 2215 3786 2271 κατηγορη-

2135 2276 2341 2347 μάτων,
2372 2280 2470 2330 τοῦ
2502 2278 2760 2351 γέροντος
2814 2277 3273 2353 μεταλλάξαντος,
3336 2280 3451 2336 ἐπεὶ
3484 2283 3562 2345 εἰς
3608 2285 3783 2360 κρίσιν

2128 2364 2472 2436 καλούμενος
2506 2364 2591 2419 ἐπὶ
2623 2364 2867 2430 πολλαῖς
2911 2368 3147 2441 ἡμέραις
3175 2370 3267 2423 τὸν
3301 2369 3606 2441 ἐπίληπτον
3657 2375 3783 2430 ὑπε-

2124 2452 2337 2526 κρίνετο
2368 2454 2443 2515 ὡς
2474 2460 2895 2528 προσποιεῖσθαι
2953 2455 3122 2529 μηδὲν
3174 2462 3283 2512 τῶν
3342 2462 3463 2524 καθ’
3513 2461 3671 2516 αὐτὸν
3705 2463 3783 2518 εί-

2127 2539 2293 2612 δέναι,
2326 2540 2485 2603 τέλος
2543 2542 2799 2619 ὑφίστατο
2827 2544 2926 2614 τήν
2978 2545 3083 2599 ἀπὸ
3114 2552 3215 2615 τῆς
3274 2546 3501 2603 συνόδου
3530 2551 3781 2624 καθαίρε-

2125 2651 2229 2689 σιν.
2284 2631 2389 2686 Καὶ
2418 2629 2573 2693 εὐθὺς
2636 2633 2753 2704 μεθ’
2808 2634 3024 2708 ἡμέρας
3056 2635 3083 2689 ὁ
3124 2633 3312 2698 ἐκστὰς
3343 2634 3500 2707 δῆθεν
3530 2634 3777 2717 ἔμφρων,

2122 2846 2407 2901 visionem
2433 2846 2642 2915 victus,
2670 2848 2867 2905 minus
2890 2866 3019 2905 eam
3045 2852 3191 2907 duco
3211 2854 3779 2923 necessariam,eum

2123 2935 2329 3006 utique
2362 2937 2672 2992 nutritium
2705 2937 3061 2994 habentibus
3094 2940 3192 3012 qui
3217 2941 3405 3011 pascit
3431 2942 3628 3013 pullos
3653 2961 3786 3000 cor—

2121 3040 2349 3080 verum.
2390 3028 2671 3081 Czeterum
2704 3032 2760 3082 et
2792 3044 2922 3083 mea
2948 3029 3102 3085 802
3127 3029 3374 3086 ecclesia
3397 3032 3788 3105 (Adrianopo-

2123 3112 2368 3170 litanam
2401 3115 2769 3186 designabat)
2801 3115 3080 3189 illiquem
3114 3118 3165 3173 ei
3188 3119 3510 3176 domestica
3528 3121 3788 3179 mihine-

2123 3203 2482 3258 cessitudine
2502 3204 2817 3260 obnoxium
2837 3206 3162 3262 antistitem
3186 3210 3435 3279 przef'eci,
3460 3227 3559 3266 eas
3582 3212 3780 3283 copias

2124 3294 2461 3363 suppeditat
2481 3310 2609 3364 quae
2642 3295 2712 3349 ad
2729 3311 2835 3351 nos
2867 3313 3030 3367 aeque
3056 3298 3259 3353 ambos
3280 3298 3521 3355 alendos
3545 3301 3778 3358 abunde

2124 3383 2264 3437 sint.
2296 3382 2453 3438 'l'alis
2483 3387 2626 3437 tunc
2658 3384 3059 3440 Germanifuit
3083 3387 3284 3455 oratio,
3310 3404 3438 3458 quas
3462 3388 3573 3460 ipsi
3598 3389 3773 3443 obtu-

2123 3471 2271 3525 lerat
2306 3472 2626 3542 imperator
2656 3489 2939 3543 generose
2962 3476 3309 3531 recusantis.
3345 3477 3479 3531 Fuit
3500 3481 3693 3532 autem
3718 3479 3769 3533 is

2125 3577 2300 3630 quem
2332 3561 2479 3615 dixit
2509 3578 2542 3616 a
2572 3578 2632 3616 se
2650 3562 2740 3616 sui
2759 3562 2884 3617 loco
2909 3566 3285 3635 praepositum
3314 3566 3581 3622 Ecclesiae
3599 3568 3771 3622 Adri-

2124 3649 2530 3720 anopolitanae,
2550 3650 2735 3721 ipsius
2752 3669 2820 3705 ex
2835 3653 3012 3707 fratre
3027 3652 3112 3707 vel
3130 3671 3327 3709 sorore
3342 3654 3503 3710 Barla
3514 3672 3604 3709 am
3617 3699 3629 3723 ,
3656 3655 3770 3711 alio

2125 3739 2362 3792 nomine
2395 3739 2644 3793 Basilius
2700 3740 2919 3809 dictus,
2951 3758 3153 3797 eorum
3189 3760 3316 3815 quis
3334 3745 3404 3798 ad
3431 3743 3775 3814 religionem

2126 3831 2184 3879 et
2231 3842 2459 3880 sacram
2492 3826 2871 3898 disciplinam
2917 3831 3291 3899 pertinebant
3320 3833 3641 3887 admodum
3675 3848 3778 3887 ne-

2127 3914 2377 3985 gligens.

2122 4006 2213 4060 22.
2248 4005 2320 4058 De
2364 4020 2610 4074 episcopo
2644 4003 3069 4075 Adrianopoleos
3099 4008 3304 4064 Basilio
3328 4010 3445 4064 sive
3485 4011 3775 4066 Barlaam.

2195 4098 2480 4149 Caeterum
2514 4093 2708 4146 decori
2744 4094 2941 4149 cultus
2970 4095 3273 4151 studiosus
3303 4098 3473 4167 equis
3502 4100 3776 4154 utebatur

2124 4183 2420 4237 interdum
2447 4187 2503 4237 et
2545 4183 2748 4248 armis,
2769 4183 2825 4236 in
2857 4199 2972 4253 quo
2994 4184 3171 4239 etiam
3196 4186 3506 4241 ambitiose
3524 4203 3772 4258 genero-

2126 4274 2354 4328 sitatem
2372 4275 2667 4326 ostentare
2682 4273 2936 4339 amabat,
2953 4274 3222 4329 cominus
3238 4275 3619 4346 congrediens
3633 4294 3769 4332 cum

2126 4361 2416 4416 hostibus.
2451 4360 2519 4415 Et
2549 4360 2670 4415 hac
2694 4361 3066 4431 quidemjam
3091 4369 3217 4418 tum
3262 4368 3473 4435 patruo
3520 4365 3770 4436 vivente,

2124 4451 2556 4523 parvipendens
2598 4451 2727 4520 ejus
2764 4455 3061 4522 utcunque
3093 4453 3452 4508 contrarium
3486 4454 3572 4509 vel
3608 4455 3771 4525 judi-

2126 4542 2277 4595 cium
2309 4539 2397 4594 vel
2429 4540 2787 4611 exemptum,
2822 4540 3014 4611 palam
3049 4542 3287 4597 actitare
3316 4560 3449 4598 cum
3482 4549 3773 4613 cernatur,

368 4635 807 4702 proventusque
834 4628 1123 4698 copiosos,
1158 4628 1230 4681 ad
1262 4644 1329 4681 ea
1362 4625 1539 4682 simul
1563 4627 1763 4680 omnia
1784 4626 2016 4681 Germa-
2061 4645 2108 4710 D
2138 4629 2379 4698 impune
2410 4627 2566 4693 tulit,
2589 4630 2821 4683 veniam
2847 4630 3094 4699 juvenili
3116 4631 3331 4686 levitati
3353 4632 3545 4703 gravis
3568 4642 3619 4688 et
3642 4650 3781 4705 gra-

364 4735 482 4775 nus
515 4718 819 4790 respondit
837 4716 894 4770 iu
919 4717 1074 4771 hunc
1098 4716 1336 4770 modum
1358 4732 1369 4769 :
1390 4714 1550 4777 Quod
1573 4715 1825 4783 primum
1846 4716 2033 4769 defers

366 4812 434 4863 ut
464 4823 866 4862 successorem
921 4822 1118 4860 meum
1152 4805 1477 4870 nominem,
1510 4804 1824 4858 minimeid
1851 4820 2021 4875 Opus,

367 4900 496 4963 est;
532 4895 861 4967 providebit
889 4893 1160 4949 Ecclesiae
1193 4910 1312 4949 suae
1345 4893 1499 4948 Deus
1531 4892 1797 4947 idoneum
1830 4898 2022 4963 pasto-

369 5001 493 5041 rem
527 4991 583 5041 et
612 4985 663 5040 ei
698 4984 987 5055 pr0pitius
1017 4984 1251 5053 adjutor
1276 4987 1598 5053 auctorque
1631 4982 1818 5035 aderit
1846 4983 1905 5036 in
1930 4998 2021 5036 sa-

371 5077 487 5132 cris
517 5078 646 5146 ejus
670 5077 864 5130 arduae
897 5074 1215 5130 functionis
1240 5074 1419 5128 curis.
1446 5073 1594 5143 Eligi
1619 5072 1829 5127 deinde
1850 5089 2022 5127 assu-

370 5164 574 5235 mique
606 5180 696 5219 me
718 5164 777 5218 in
814 5163 1037 5218 Patrem
1066 5161 1437 5233 imperatoris
1454 5177 1724 5233 magnam
1750 5160 2019 5231 equidem

370 5269 496 5308 rem
528 5259 587 5308 et
617 5269 867 5307 summae
898 5252 1261 5324 dignationis
1293 5251 1576 5306 honorem
1626 5267 1756 5305 esse
1779 5250 2020 5318 judico:

370 5356 578 5396 verum
610 5342 741 5413 ejus
767 5357 940 5412 quem
973 5341 1129 5395 Deus
1149 5339 2020 5410 adoptareinﬁliumestdigna-

379 5433 495 5499 tus,
533 5430 669 5501 quis
703 5430 875 5485 homo
910 5446 971 5485 se
1003 5429 1178 5484 talem
1212 5430 1355 5483 ferat
1386 5432 1451 5483 ut
1477 5433 1626 5483 recte
1647 5427 1835 5482 vocari
1862 5433 2025 5498 pater

374 5520 582 5591 possit,
633 5519 748 5574 nisi
781 5534 951 5587 quem
985 5517 1110 5589 ipse
1160 5519 1332 5584 Deus,
1365 5523 1423 5573 et
1454 5517 1692 5588 quidem
1725 5516 1887 5571 solus
1919 5532 2024 5571 nec

375 5607 624 5664 humani
645 5612 970 5678 praeventus
987 5606 1364 5678 praerogativa
1378 5606 2021 5676 suifragii,dignumju-

372 5696 656 5752 dicaverit
685 5696 777 5751 cui
813 5695 1257 5767 gubernandam
1292 5695 1627 5751 committat
1657 5694 1974 5750 Ecclesiam
1997 5695 2025 5749 ‘I

370 5785 538 5854 Quod
562 5786 688 5858 jam
721 5785 932 5840 attinet
965 5784 1034 5841 ad
1064 5783 1358 5840 obblatam
1384 5784 1525 5840 mihi
1554 5782 1869 5839 necessarii
1887 5801 2024 5855 pro-

2142 4717 2275 4772 tiosi
2316 4717 2472 4771 senis
2514 4717 2865 4772 conciliante
2900 4721 3270 4774 verecundia.
3314 4721 3520 4776 Postea
3557 4726 3779 4787 tamen,

2132 4822 2264 4861 cum
2308 4805 2557 4860 aliorum
2588 4821 2824 4875 quoque
2872 4805 3263 4878 impactorum
3309 4808 3420 4877 ipsi
3468 4809 3786 4864 criminum

2131 4894 2445 4949 invidiosis
2478 4894 2959 4949 accusationibus
2984 4900 3368 4965 premeretur,
3391 4898 3666 4967 senejam
3690 4898 3789 4953 de-

2134 4986 2339 5038 functo
2371 4983 2590 5038 citatus
2615 4984 2684 5037 ad
2720 4983 3029 5039 dicendam
3062 5000 3327 5054 causam,
3349 4986 3552 5041 multis
3575 4987 3785 5043 diebus

2131 5073 2412 5128 simulata
2483 5071 2720 5126 insania
2766 5077 2823 5127 et
2870 5089 2973 5143 per
3019 5090 3149 5128 eam
3193 5091 3401 5130 secura
3448 5074 3782 5147 ignorantia

2132 5161 2503 5216 molitionum
2549 5177 2677 5231 quae
2709 5161 2764 5215 in
2796 5160 2992 5232 ipsum
3035 5168 3437 5231 struebantur,
3483 5163 3776 5235 judicium

2130 5250 2367 5304 eludere
2398 5254 2645 5303 conatus
2670 5250 3069 5322 nequidquam
3097 5257 3204 5322 est,
3230 5252 3453 5323 synodo
3476 5252 3781 5309 nihilomi-

2132 5355 2245 5393 nus
2288 5337 2716 5409 depositionem
2771 5340 2899 5407 ejus
2932 5342 3039 5394 rite
3076 5340 3469 5409 decernente;
3500 5359 3629 5413 quas
3686 5358 3781 5397 res

2131 5428 2217 5482 illi
2264 5425 2702 5482 simulationem
2733 5428 2978 5483 excusit.
3030 5429 3177 5486 Nam
3218 5429 3315 5485 ille
3345 5429 3509 5500 prius
3560 5430 3786 5486 scilicet

2132 5516 2324 5587 impos
2357 5515 2592 5570 mentis.
2627 5530 2733 5569 nec
2765 5520 2866 5570 aut
2899 5518 3093 5573 sciens
3121 5518 3261 5589 quid
3296 5518 3354 5572 in
3387 5535 3449 5575 se
3477 5524 3783 5590 pararetur

2134 5610 2235 5660 aut
2266 5605 2406 5676 quid
2442 5608 2637 5675 ageret
2658 5604 2868 5674 quidve
2897 5611 3217 5678 pateretur,
3240 5613 3305 5662 ut
3324 5607 3505 5662 videri
3528 5607 3781 5680 volebat,

2132 5696 2296 5766 pensi
2322 5694 2567 5761 habens,
2592 5693 2768 5765 coepit
2788 5701 3023 5768 repente
3047 5712 3276 5769 sapere,
3300 5703 3358 5751 et
3379 5698 3795 5769 imperatorem

2134 5784 2339 5841 adiens
2382 5784 2589 5850 oravit,
2622 5784 2845 5841 sineret
2888 5803 2951 5842 se
2987 5786 3233 5858 obsequi
3288 5789 3510 5842 natura
3558 5786 3799 5859 propria
