4112 6478
352 445 453 501 751

1666 444 1968 501 GEORGII
2006 442 2472 497 PACHYMERB

3674 448 3788 505 752

349 571 440 625 xui
501 571 529 624 6
594 566 736 642 μηδὲ
788 568 913 643 περὶ
972 568 1163 622 ἑαυτοῦ
1218 564 1379 629 εἰδὼς
1410 568 1519 621 ’ὁτι
1553 567 1741 638 ποιοίη
1771 566 1861 621 καὶ
1895 568 1922 621 ὃ
1953 587 2005 621 τι
2037 574 2089 637 Α
2122 567 2517 637 σκευασάμενος
2573 568 2694 641 περὶ
2757 567 3105 645 πατριάρχου
3158 570 3476 627 συνεσκόπει
3528 579 3646 638 τοῖς
3701 575 3787 630 ἱε-

348 660 577 735 πάσχοι,
641 658 766 734 περὶ
797 659 871 711 ὧν
904 655 1091 729 ἐκείνῳ
1125 657 1287 731 λόγος
1341 655 1519 721 οὐδεὶς
1552 655 1859 725 διετείνετο,
1913 657 1999 711 xui

347 750 439 803 τὸν
495 747 722 823 βασιλέα
774 748 1024 821 λιπαρῶς
1082 746 1237 817 ἠξίου
1299 745 1503 823 ἐφεῖναί
1562 748 1615 800 oi
1664 750 1903 821 χρῆσθαι
1934 749 2001 818 τῇ

345 836 452 907 ἓξει
508 836 596 891 xui
674 841 996 910 στρατηγεῖν
1076 836 1149 896 ὡς
1214 833 1314 906 ο⁹ίῳ
1389 836 1435 887 τ’
1492 830 1605 888 ὄντι
1659 836 1829 907 ὁμόσε
1883 840 2001 895 τοῖς

347 925 571 1001 ἐχθροῖς
626 922 763 979 ἱέναι
824 926 909 978 καὶ
945 925 1119 998 συχνὰ
1148 926 1215 978 τὰ
1272 923 1490 978 ἐκείνων
1540 926 1689 994 ἱστᾷν
1744 923 2000 998 τρόπαια.

346 1016 416 1070 Τὸ
476 1012 520 1069 δ’
582 1016 666 1089 ἄρ’
720 1015 787 1083 ἦν
846 1018 941 1066 τοῦ
996 1011 1263 1087 βασιλέως
1289 1012 1619 1074 ἀκούσαντος
1652 1020 1726 1074 εἷς
1763 1014 1998 1086 ὑποψίαν

348 1103 536 1158 ἐκείνὼ
594 1104 883 1172 κακίστην,
943 1102 1055 1155 εἶτα
1113 1102 1201 1155 καὶ
1234 1099 1501 1157 κίνδυνον.
1538 1104 1850 1171 Συννοήσας
1898 1103 2000 1177 γὰρ

348 1194 375 1247 ὁ
427 1197 640 1264 κρατῶν
700 1192 773 1245 ὡς
834 1192 861 1244 6
913 1196 1083 1244 ταῦτα
1142 1189 1315 1265 λέγων
1378 1188 1601 1252 δυνατὸς
1661 1190 1859 1244 ἐσεῖται
1912 1191 2001 1244 καὶ

344 1283 540 1357 πρᾶξαι
576 1283 629 1352 (ἢ
688 1302 746 1336 τε
775 1281 875 1354 γὰρ
908 1280 1101 1347 ἡλικία
1148 1281 1238 1333 καὶ
1269 1279 1331 1334 τὸ
1355 1284 1452 1333 τοῦ
1485 1280 1739 1351 σώματος
1772 1278 1999 1354 ἴσχυρὸν

344 1371 435 1426 καὶ
463 1370 645 1445 τρίτον
688 1372 723 1438 ἡ
759 1368 883 1441 περὶ
913 1372 1080 1422 ταῦτα
1137 1373 1297 1442 πεῖρα
1346 1369 1541 1435 πιστὴν
1597 1369 1843 1442 ἡγεῖσθαι
1896 1368 1996 1434 τήν

346 1460 577 1534 ὑποψίαν
637 1456 863 1531 ἐδήλου)
920 1458 1010 1511 καὶ
1068 1458 1119 1531 γ’
1176 1455 1587 1530 ἐπειλημμένος
1618 1456 1849 1519 ἀνέσεως
1892 1455 2001 1531 οὐχ

354 1550 367 1570 τ
422 1550 439 1567 κ
550 1551 564 1567 .
636 1552 659 1562 .-
806 1546 914 1602 ..λλ
1144 1545 1202 1567 ,θ
1282 1546 1292 1565 ,
1491 1545 1617 1600 ,λλι
1789 1547 1802 1569 ,
1928 1550 1952 1558 -

348 1569 482 1624 υπερ
540 1569 699 1620 ημων
763 1568 838 1620 μα
922 1568 977 1600 ον
1036 1567 1135 1600 κατ
1185 1567 1427 1617 εκεινων,
1480 1567 1512 1600 α
1596 1567 1627 1599 α
1683 1557 1784 1609 καθ
1834 1548 1996 1617 ἡμων

349 1640 463 1712 μετ’
515 1637 735 1693 ἐκείνων
786 1641 868 1708 τῷ
926 1633 1226 1709 ἀποδρᾶναι
1273 1636 1362 1690 καὶ
1427 1634 1715 1707 μελετήσει
1748 1634 1879 1698 ἴσως
1908 1634 1997 1689 καὶ

345 1725 718 1799 διαπράξεται,
768 1726 821 1779 ἐν
864 1729 1130 1797 φυλακαῖς
1190 1721 1412 1796 δέσμιον
1457 1724 1749 1797 κατασχὼν
1792 1722 1995 1797 ἐτήρει,

346 1817 422 1889 μὴ
457 1814 513 1869 δὲ
546 1818 774 1891 φθάσας,
809 1814 963 1890 φησὶ,
1012 1815 1130 1867 καθ’
1156 1815 1315 1884 ἡμῶν
1348 1810 1631 1873 ἐκτελέσας
1664 1812 1694 1866 ἃ
1723 1814 1859 1866 κατά
1888 1816 1996 1866 τῶν

341 1903 555 1979 ἐχθρῶν
589 1900 974 1977 ἐπηγγείλατο.
1009 1901 1142 1958 Εἶτα
1188 1907 1289 1968 τῆς
1336 1900 1461 1975 περὶ
1510 1898 1712 1954 ἐκεῖνον
1770 1920 1991 1977 φροντι-

339 1990 430 2055 δος
507 1993 746 2048 ἀνεῖσθαι
820 1990 1015 2059 θέλων,
1091 1990 1418 2064 προστάσσει
1481 1994 1558 2060 τῷ
1618 1985 1997 2057 Τζυκανδόλη,

337 2081 560 2155 ὀτρηρῷ
613 2101 672 2156 γε
724 2076 838 2134 ὄντι
898 2078 1036 2151 πρὸς
1091 2081 1281 2144 ταῦτα,
1340 2076 1680 2150 ἀπαγαγόντι
1729 2076 1866 2150 πρὸς
1898 2074 1995 2131 Νί-

334 2190 489 2224 καιαν
521 2169 685 2224 αὐτόν
737 2189 796 2222 τε
851 2167 942 2221 καὶ
1003 2165 1093 2220 σὺν
1148 2165 1295 2236 αὐτῷ
1354 2165 1673 2240 Βούλγαρον
1703 2164 1791 2219 καὶ
1833 2164 1992 2218 αὐτὸν

337 2256 466 2313 ὄντα
523 2258 574 2311 ἐν
636 2257 844 2330 ὑποψίᾳ
895 2259 992 2309 τοῦ
1049 2253 1370 2329 ἀποδρᾶναι,
1402 2252 1695 2323 Τζουίλαν,
1745 2253 1850 2328 πρὸ
1896 2257 1993 2307 τοῦ

336 2346 413 2409 εἰς
443 2347 505 2402 τὸ
531 2346 764 2421 κάστρον
796 2344 1103 2420 εἴσαγαγεῖν
1134 2342 1300 2417 ἄμφω
1333 2363 1587 2418 στερησαι
1627 2347 1735 2398 τῶν
1786 2341 1989 2420 ὀφθαλ-

337 2440 477 2510 μῶν,
510 2437 539 2491 ’ὀ
570 2433 638 2506 δὴ
671 2434 760 2489 καὶ
791 2434 985 2509 γέγονε
1019 2432 1156 2505 μετὰ
1183 2436 1371 2489 ταῦτα.

328 2596 434 2669 κγ’.
495 2596 680 2658 Ὅπως
746 2592 823 2655 εἷς
877 2593 1259 2669 ἡπατριᾴρχην-
1306 2590 1599 2669 ψηφίζεται
1668 2590 1815 2666 παρὰ
1874 2594 1984 2646 τῶν

867 2664 1169 2741 ἀρχιερέων
1220 2664 1445 2739 Ἰωσήφ.

401 2794 484 2866 [Ρ.
524 2793 652 2865 205]
711 2791 767 2845 Ὀ
820 2791 1000 2864 μέντοι
1055 2788 1309 2866 βασιλεὺς
1364 2789 1455 2844 τὸν
1518 2789 1793 2864 Γιρμανὸν
1845 2790 1983 2844 ἀπο-

327 3008 523 3081 ipsum
557 3005 756 3062 indole
788 3006 847 3060 in
882 3022 1003 3060 rem
1024 3004 1296 3060 bellicam
1322 3005 1579 3060 trahenti
1610 3022 1622 3072 ;
1652 3009 1988 3061 auctoraret

326 3112 464 3169 ergo
495 3112 624 3152 sese
657 3094 853 3165 aliqua
884 3094 1121 3149 militari
1159 3095 1525 3166 praefectura,
1551 3111 1666 3164 qua
1688 3093 1798 3165 ipsi
1835 3111 1982 3165 prae-

325 3186 467 3252 dito,
502 3189 568 3239 ut
612 3184 837 3239 dudum
883 3187 1202 3253 optaverat,
1235 3181 1437 3237 liceret
1469 3182 1757 3237 lacessere
1799 3199 1976 3237 manu

324 3275 526 3330 hostes
558 3278 614 3329 et
643 3274 715 3328 de
747 3272 821 3327 iis
854 3271 1001 3327 fusis
1034 3270 1320 3341 casisque
1349 3272 1552 3325 crebra
1584 3275 1841 3326 statuere
1865 3277 1979 3327 tro-

325 3381 470 3436 paea.
504 3363 563 3417 Id
600 3363 754 3435 quod
789 3361 1127 3433 imperatori
1162 3360 1423 3415 audienti
1450 3376 1683 3431 gravem
1709 3365 1765 3433 et
1796 3361 1865 3414 ad
1890 3377 1984 3415 ex-

322 3460 577 3509 tremum
611 3450 969 3524 supplicanti
1011 3449 1311 3505 exitiosam
1351 3436 1746 3520 suspicionem
1784 3450 1979 3504 movit.

328 3545 474 3600 Nam
511 3547 791 3614 reputans
825 3544 1126 3611 Augustus
1148 3538 1269 3593 hanc
1293 3537 1621 3606 loquentem
1660 3538 1827 3592 facile
1854 3555 1979 3608 quas

326 3632 480 3687 303
504 3631 839 3685 minabatur
861 3635 1155 3694 acturum,
1184 3628 1387 3697 utique
1413 3627 1504 3681 cui
1532 3643 1636 3681 nec
1659 3626 1764 3682 ﬂos
1791 3629 1980 3682 aetatis

330 3738 434 3777 nec
450 3720 625 3775 robur
648 3718 995 3773 lacertorum
1015 3732 1138 3786 nec,
1165 3716 1317 3786 quod
1337 3720 1515 3787 caput
1536 3720 1677 3783 erat,
1699 3718 1977 3787 ususjam

328 3809 544 3881 aliquis
569 3823 850 3863 ausorum
885 3806 1216 3861 istiusmodi
1253 3807 1500 3871 deesset,
1536 3805 1596 3858 in
1629 3821 1755 3859 eam
1780 3822 1849 3860 ex
1878 3823 1978 3861 su-

326 3899 585 3971 Spicione
616 3898 789 3953 ﬁxam
824 3896 1160 3967 opinionem
1195 3895 1451 3961 transiit,
1487 3894 1816 3950 timendum
1849 3912 1977 3949 om.

326 3988 466 4044 nino
501 3987 723 4055 ne,siei
748 3987 902 4058 quod
921 3985 1089 4040 vellet
1115 3984 1324 4056 agendi
1352 3984 1600 4039 liberum
1626 3985 1842 4038 ostium
1870 3985 1975 4039 da-

326 4084 506 4147 retur,
543 4082 644 4133 aut
674 4075 1074 4148 transfugiens
1106 4076 1174 4130 ad
1214 4075 1408 4131 hostes
1442 4079 1541 4129 aut
1570 4075 1626 4129 in
1661 4074 1973 4129 factionem

324 4168 585 4239 aliquam
610 4165 946 4237 reipublicae
970 4165 1263 4219 infensam
1291 4179 1418 4219 sese
1437 4164 1660 4218 addens
1684 4162 1862 4216 istum
1889 4163 1975 4217 in-

324 4257 586 4327 quietum
609 4256 871 4311 animum
896 4258 951 4309 et
969 4253 1350 4325 gladiatorias
1372 4252 1523 4306 vires
1542 4251 1614 4306 ad
1630 4251 1827 4322 patria:
1844 4268 1977 4323 per-

324 4347 533 4409 niciem
561 4346 866 4408 conferret,
886 4341 1441 4411 machinareturque
1464 4344 1521 4394 et
1544 4344 1855 4394 attentaret
1879 4356 1975 4411 pe-

322 4435 575 4491 riculose
607 4432 792 4488 multa
822 4437 1027 4487 contra
1050 4430 1301 4501 quietem
1336 4428 1652 4500 publicam.
1675 4432 1977 4483 Constrin-

322 4526 581 4597 gendum
608 4523 787 4595 igitur
810 4518 1126 4592 praecipitis
1156 4518 1375 4590 ingenii
1399 4517 1699 4572 hominem
1727 4518 1973 4589 putavit,

2116 659 2317 729 ρεῦσιν,
2352 656 2424 716 ὡς
2488 653 2657 726 μηδὲν
2720 655 2878 717 εἰδὼς
2920 654 3103 726 δῆθεν,
3137 657 3249 713 οὐδ’
3280 656 3502 734 ἕτοιμον
3534 658 3679 737 ἔχων
3716 663 3779 717 ὅν

2113 745 2202 798 xui
2236 742 2287 798 ἐν
2322 741 2517 818 καρδίᾳ
2547 740 3045 819 προῦκατεϐἀλετο.
3087 750 3185 810 Οἷς
3232 753 3362 823 γοῦν
3398 751 3499 806 οὐκ
3544 750 3596 806 ἐν
3660 752 3785 807 ἐπι-

2114 832 2293 886 στάσει
2346 834 2412 887 τὰ
2467 832 2696 905 τούτων,
2750 833 2965 896 τούτοις
3001 835 3341 899 ἐπιπολαίως
3395 838 3777 915 λογιζομένοις

2112 916 2258 985 ἔνθεν
2312 922 2405 994 μὲν
2456 927 2675 993 τοῦτον,
2735 918 2879 987 ἔνθεν
2941 922 2988 979 δ’
3044 924 3250 981 ἐκεῖνον
3285 929 3335 981 oi
3388 936 3489 997 τῆς
3544 929 3772 1004 καρδίας

2118 1009 2428 1085 ὑπέγραφον
2482 1009 2765 1083 λογισμοί.
2825 1009 3071 1068 ’Ὁσοιδὲ
3126 1013 3215 1067 καὶ
3268 1012 3343 1075 εἷς
3373 1020 3498 1070 νοῦν
3534 1011 3771 1072 ἔθαπτον

2109 1099 2206 1151 τοῦ
2249 1102 2575 1172 κρατοῦντος
2605 1099 2693 1152 καὶ
2725 1101 3133 1175 κατηυστόχουν
3166 1106 3273 1157 τῶν
3327 1103 3572 1174 ἐννοιῶν,
3630 1106 3772 1161 ἐκεί·

2111 1209 2225 1247 νοις
2281 1190 2358 1248 εἷς
2414 1188 2503 1241 καὶ
2566 1188 2730 1261 μόνος
2764 1186 2937 1244 ἐδόκει
2970 1191 2998 1244 6
3030 1189 3104 1252 εἷς
3135 1194 3231 1259 τὴν
3279 1194 3605 1266 προστασίαν
3646 1194 3767 1250 ἐπι-

2110 1272 2329 1345 τήδειος
2387 1276 2415 1329 6
2464 1277 2553 1330 xui
2612 1280 2867 1351 θυμήρης
2920 1283 3000 1351 τῷ
3062 1281 3295 1353 βασιλεῖ.
3371 1283 3585 1347 Κοινῶς
3639 1288 3770 1358 γοῦν

2111 1363 2626 1439 συνδιαηεψάμενοι
2684 1367 2772 1421 τὸν
2833 1368 3108 1439 Γαλησίου
3164 1371 3369 1445 Ἰωσὴφ
3431 1369 3766 1449 ἐψηφίζοντο

2109 1451 2277 1528 ἀνδρα
2330 1454 2695 1527 πνευματικόν
2755 1477 2813 1510 τε
2878 1456 2968 1511 καὶ
3043 1458 3265 1532 ἀγαθὸν,
3337 1457 3605 1515 ἁπλοϊκὸν
3672 1462 3763 1517 καὶ

2108 1542 2278 1612 εὐήθη
2336 1542 2461 1605 τοὺς
2513 1543 2775 1619 τρόπους,
2834 1544 3066 1623 φέροντα
3124 1544 3181 1602 δὲ
3236 1569 3358 1603 τινα
3406 1549 3496 1604 καὶ
3548 1550 3607 1606 ἐκ
3654 1557 3765 1607 τῶν

2109 1632 2442 1707 ἀνακτόρων,
2502 1632 2617 1687 ἐπεὶ
2674 1634 2887 1709 γυναικὶ
2944 1640 3117 1704 συζῶν
3164 1641 3242 1709 τῷ
3271 1645 3372 1707 τῆς
3405 1639 3764 1715 μακαρίτιδος

2108 1718 2399 1792 δεσποίνης
2433 1720 2674 1796 Εἰρήνης
2708 1722 3053 1779 συνετάττετο
3095 1725 3292 1801 κλήρῳ
3338 1728 3427 1782 xui
3459 1731 3576 1783 κατ’
3632 1730 3762 1786 ἀνα-

2105 1810 2353 1884 γνώστας
2411 1808 2746 1885 ἐξυπηρέτει,
2802 1812 2891 1867 καὶ
2952 1813 3257 1890 ἐλευθερίας
3288 1816 3443 1871 ἱκανὰ
3474 1815 3762 1893 δείγματα.

2108 1902 2324 1975 Ἠγάπα
2355 1899 2526 1955 δὲκαὶ
2581 1903 2645 1957 τὸ
2700 1907 2808 1957 τῶν
2869 1904 2947 1965 εἷς
3003 1911 3193 1979 χεῖρας
3234 1908 3509 1962 πεσόντων
3542 1907 3761 1981 μεταδι-

2108 1986 2256 2043 δόναι
2296 1996 2413 2049 τοῖς
2445 1988 2666 2057 ἄλλοις,
2700 1993 2797 2045 ὅσα
2825 1992 2914 2046 καὶ
2959 1992 3215 2071 ἀσφαλῶς
3246 1996 3651 2074 ἀποφήνασθαι,
3685 2000 3760 2062 ὡς

2106 2076 2271 2133 ἄλλοι
2330 2077 2395 2148 δὴ
2449 2081 2500 2133 οἱ
2531 2081 2649 2133 καθ’
2680 2082 2829 2152 ἡμᾶς
2857 2082 2920 2135 τὸ
2949 2081 3390 2157 γλισχρεὺεσθαι.
3422 2086 3492 2139 Τὸ
3524 2084 3580 2141 δὲ
3610 2088 3757 2157 ξένον

2105 2169 2187 2220 ὅτι
2240 2169 2327 2222 καὶ
2387 2167 2455 2241 τῇ
2492 2174 2770 2242 μοναχικῇ
2825 2170 3077 2241 πολιτείᾳ
3133 2172 3490 2245 ἐνισμενίζων
3530 2175 3581 2230 ἐν
3613 2175 3757 2249 ψαλ-

2108 2254 2363 2329 μῳδίαις,
2393 2256 2446 2312 ἐν
2479 2259 2823 2333 ἀγρυπνίαις,
2856 2259 2907 2313 ἐν
2940 2260 3240 2333 νηστείαις,
3281 2262 3333 2317 ἐν
3388 2262 3754 2336 ὑδροποσίαις,

2102 2344 2178 2400 ὅτ’
2211 2341 2339 2414 ἔδει,
2396 2344 2447 2401 ἐν
2478 2348 2747 2420 πραότητι
2798 2348 2886 2402 καὶ
2940 2346 3256 2424 δικαιοσύνῃ
3305 2353 3393 2407 xui
3426 2350 3543 2422 ἤθει
3604 2373 3752 2429 χρη-

2101 2439 2210 2506 στῷ
2265 2436 2355 2490 καὶ
2384 2434 2654 2507 ἁπλότητι
2687 2437 2776 2491 καὶ
2829 2436 3073 2500 συνόλως
3112 2438 3510 2516 ἀκαταγνώστῳ
3543 2439 3749 2517 διαγω-

2096 2526 2189 2597 γῇ,
2250 2522 2375 2580 οὐδὲ
2423 2531 2523 2595 τῆς
2581 2527 2699 2581 κατ’
2730 2526 3013 2600 ἄνθρωπον
3048 2526 3241 2601 ἀρετῆς
3273 2528 3496 2601 ἡμέλει,
3526 2536 3623 2586 τοῦ
3652 2532 3745 2586 καὶ

2096 2618 2451 2689 προεντυχεῖν
2507 2636 2610 2669 τινι
2664 2614 2753 2668 καὶ
2797 2614 3237 2690 προσπτύξασθαι
3293 2618 3385 2673 xui
3434 2621 3502 2674 τὰ
3559 2620 3753 2698 φιλικᾶ

2096 2699 2445 2772 συλλαλῆσαι
2501 2703 2591 2757 xui
2655 2701 2928 2777 μειδιᾶσαι
2986 2706 3077 2760 καὶ
3132 2703 3461 2781 διαχυθῆναι
3493 2710 3629 2784 πρὸς
3658 2711 3752 2785 γέ-

2096 2788 2268 2862 λωτα,
2330 2789 2383 2846 εἷ’
2432 2812 2540 2846 που
2590 2790 2794 2868 ἐλέχθη
2854 2792 3000 2869 παρά
3053 2816 3201 2858 τινος
3232 2798 3350 2851 κατ’
3381 2795 3559 2853 ἄνεσιν
3592 2797 3627 2869 ἢ
3657 2800 3747 2855 xui

2096 3010 2257 3060 retur
2285 3005 2622 3077 inquirebat
2653 3024 2771 3063 una
2802 3025 2936 3063 cum
2970 3009 3291 3082 episcopis,
3314 3014 3548 3085 egregie
3569 3016 3755 3072 dissi-

2095 3094 2332 3149 mulans
2350 3096 2490 3167 quid
2519 3096 2577 3150 in
2593 3097 2745 3152 votis
2765 3098 3027 3163 haberet,
3048 3116 3154 3155 nec
3180 3101 3754 3174 ullasigniﬁcatione

2095 3184 2351 3254 prodens
2384 3190 2655 3255 paratum
2678 3185 2791 3240 sibi
2813 3186 3311 3260 designatumque
3335 3208 3521 3246 unum
3564 3195 3759 3250 menti

2092 3271 2411 3339 obversari,
2437 3290 2611 3345 quem
2638 3273 2941 3345 prastatum
2968 3292 3062 3331 om
3083 3278 3258 3333 nibus
3282 3278 3546 3350 impense
3572 3299 3752 3354 cupe-

2093 3367 2197 3417 ret.
2234 3363 2530 3432 Quotquot
2560 3380 2697 3434 ergo
2751 3363 3093 3420 antistitum
3136 3367 3601 3439 simplicioribus
3649 3390 3753 3427 ar-

2091 3466 2274 3505 canus
2307 3456 2433 3505 erat
2480 3468 2694 3507 sensus
2726 3452 3014 3524 principis
3062 3453 3321 3523 ignotus,
3354 3459 3426 3512 ab
3460 3458 3531 3513 iis
3579 3476 3752 3531 sane,

2092 3544 2295 3609 utpote
2328 3556 2449 3594 rem
2484 3541 2921 3596 mstimantibus
2951 3559 2981 3597 ο
3013 3545 3343 3615 superﬁcie,
3366 3552 3422 3601 et
3452 3564 3628 3617 quam
3653 3566 3746 3605 re-

2089 3626 2382 3698 linqueret
2412 3629 2558 3699 ipsis
2587 3628 2872 3699 integram
2899 3632 3182 3699 evehendi
3214 3649 3383 3704 quem
3411 3636 3744 3692 mallentli-

2089 3716 2376 3771 bertatem
2411 3734 2541 3773 vere
2572 3735 2633 3773 se
2657 3718 2873 3773 habere
2901 3720 3348 3789 arbitrantibus,
3384 3723 3536 3780 alius
3558 3725 3743 3782 alius-

2089 3820 2203 3875 que
2219 3822 2320 3875 pro
2334 3807 2621 3883 cujusque
2635 3807 3037 3863 animotacitis
3052 3810 3505 3880 cogitationibus
3518 3814 3588 3868 ad
3605 3830 3743 3872 eum

2088 3892 2367 3947 honorem
2411 3894 2851 3965 designabatur.
2908 3902 2980 3951 At
3024 3898 3553 3968 perspicacioribus
3603 3903 3737 3961 aliis

2089 3998 2237 4052 quos
2268 3982 2423 4037 304
2442 4000 2554 4037 non
2579 3983 2827 4037 laterent
2856 3984 3232 4055 imperatoris
3256 3988 3447 4042 intimi
3474 3991 3741 4062 aﬂ‘ectus,

2088 4087 2244 4125 unus
2276 4077 2328 4124 et
2359 4070 2522 4125 solus
2552 4072 2623 4125 ad
2656 4071 2830 4126 istam
2868 4075 3277 4143 praefecturam
3312 4082 3489 4147 aptus
3511 4079 3744 4137 scilicet

2086 4158 2416 4226 videbatur,
2450 4175 2623 4230 quem
2658 4162 3042 4230 praerogativa
3072 4164 3271 4235 gratiae
3291 4165 3574 4237 principis
3595 4170 3741 4224 taci-

2090 4252 2401 4318 torumque
2448 4249 2506 4301 in
2551 4248 2607 4301 id
2655 4253 2924 4303 votorum
2972 4252 3433 4309 commendaret.
3480 4258 3738 4315 Consilio

2086 4338 2266 4407 igitur
2297 4338 2450 4391 inter
2461 4354 2523 4392 se
2541 4337 2739 4392 habito
2754 4341 3146 4396 concordibus
3160 4341 3399 4400 calculis
3411 4345 3738 4418 Josephum

2086 4425 2299 4481 Galesii
2334 4426 2672 4496 praefectum
2705 4425 3025 4497 elegerunt,
3058 4430 3247 4485 virum
3281 4433 3647 4503 spiritualem
3682 4447 3739 4495 et

2085 4516 2325 4580 bonum,
2351 4515 2679 4586 simplicem
2708 4526 2913 4572 natura
2938 4519 3282 4592 facilemque
3305 4525 3591 4592 moribus,
3616 4543 3735 4583 non

320 4580 378 4671 ξι
404 4613 504 4668 mo
527 4580 742 4667 εατξριιί
776 4580 1111 4664 αἶθος]εήόο
1142 4580 1627 4679 ρτξὲνειιιθηόυηι,
1661 4580 1968 4674 υῐάἰρῦθῐ,
2003 4580 2049 4644 D
2083 4604 2229 4658 nihil
2263 4604 2321 4657 in
2366 4580 2638 4659 usuvitae
2670 4620 2700 4659 e
2730 4605 2989 4676 palatina
3029 4580 3324 4678 elegantia
3367 4580 3730 4673 trahentem:

319 4720 390 4759 ne
422 4706 621 4758 nostro
671 4701 889 4755 damno
921 4699 1221 4769 perﬁceret
1250 4697 1406 4768 quod
1450 4696 1507 4750 in
1543 4695 1801 4750 hostium
1849 4696 1967 4748 exi-

317 4793 465 4849 tium
516 4806 642 4846 esse
674 4790 923 4844 dixisset
968 4786 1255 4842 meditari.
1295 4786 1498 4841 Postea
1544 4801 1679 4839 vero
1728 4783 1967 4855 defungi

317 4879 496 4939 semel
528 4879 772 4951 cupiens
804 4876 1043 4947 ancipiti
1067 4892 1209 4930 cura
1232 4874 1289 4928 in
1324 4880 1452 4929 tuto
1475 4873 1775 4927 detinendi
1803 4888 1965 4927 reum

318 4968 575 5025 difficilis
608 4966 909 5035 custodiae,
943 4962 1318 5037 szcandylae
1349 4961 1603 5027 cuidam,
1629 4960 1881 5032 impigro
1911 4965 1968 5015 et

314 5058 533 5115 talibus
565 5055 866 5128 obsequiis
898 5056 948 5108 is
980 5054 1189 5108 idoneo
1234 5052 1527 5119 ministro,
1563 5049 1861 5104 mandavit
1903 5054 1966 5104 ut

316 5149 472 5203 hunc
499 5146 675 5202 simul
708 5161 841 5200 cum
875 5142 1077 5197 Tzuila
1110 5141 1383 5212 Bulgaro,
1418 5145 1475 5195 et
1498 5141 1623 5209 ipso
1646 5139 1963 5208 transfugii

316 5243 606 5308 suspecto,
624 5237 869 5291 Nicaaam
892 5233 1000 5287 abd
1015 5237 1237 5297 uotum,
1259 5230 1463 5283 ambos
1480 5229 1820 5298 priusquam
1839 5228 1963 5282 illic

314 5328 374 5383 in
407 5332 667 5381 castrum
699 5322 995 5389 conderet,
1025 5320 1212 5375 oculis
1237 5317 1491 5391 privaret
1517 5333 1528 5373 :
1558 5317 1609 5371 id
1645 5317 1796 5387 quod
1825 5332 1962 5387 pos-

312 5424 405 5473 tea
434 5420 523 5471 est
555 5414 794 5468 factum.

378 5524 469 5579 23.
506 5523 571 5579 Ut
597 5518 886 5589 suffragiis
916 5516 1292 5587 episcoporum
1322 5516 1379 5589 in
1411 5513 1791 5586 patriarcham
1821 5514 1958 5568 elec-

840 5597 921 5642 tus
952 5590 1121 5658 fuerit
1148 5588 1436 5656 Josephus.

381 5687 500 5738 Hoc
550 5694 721 5751 porro
772 5681 1034 5747 tempore
1082 5676 1432 5745 imperator,
1485 5678 1682 5729 amoto
1730 5689 1761 5727 e
1818 5674 1957 5729 sede

312 5772 626 5836 Germano,
657 5767 933 5822 idoneum
950 5763 1049 5836 qui
1064 5763 1443 5836 patriarchali
1462 5763 1676 5819 throno
1700 5763 1956 5833 impone-

2080 4694 2225 4747 Nam
2243 4710 2480 4748 uxorem
2507 4692 2728 4748 habens
2754 4697 2809 4749 in
2838 4695 3063 4751 familia
3089 4698 3374 4770 principis
3397 4702 3622 4759 feminas
3644 4707 3730 4761 vi-

2077 4788 2264 4847 xerat,
2288 4781 2582 4852 ascriptus
2604 4782 2741 4837 olim
2756 4783 2908 4838 clero
2930 4785 3251 4842 domestico
3265 4791 3516 4846 domina:
3533 4795 3730 4851 Irenes

2079 4872 2186 4942 pias
2220 4871 2537 4937 memoria},
2572 4871 2649 4925 ibi
2683 4872 3032 4929 ministrans
3063 4875 3119 4929 in
3166 4877 3372 4934 ordine
3403 4878 3728 4954 lectorum;

2076 4962 2231 5014 unde
2261 4957 2521 5013 liberalis
2556 4960 2806 5030 ﬁduciae,
2839 4961 3033 5032 qualis
3065 4980 3195 5019 esse
3226 4966 3285 5020 in
3319 4969 3471 5024 aulis
3511 4973 3728 5028 educa-

2075 5053 2267 5103 torum
2305 5049 2471 5113 solet,
2508 5048 2694 5104 multa
2725 5049 2782 5103 in
2810 5053 2937 5119 ejus
2961 5068 3230 5109 sermone
3253 5072 3319 5111 ac
3338 5063 3726 5118 conservandi

2074 5137 2262 5192 forma
2276 5137 2520 5209 vestigia
2557 5139 2887 5193 exstabant.
2913 5141 3360 5201 Communicare
3383 5148 3522 5217 quin
3546 5152 3723 5209 etiam

2075 5226 2376 5298 largiendo
2403 5226 2533 5280 aliis
2565 5243 2632 5281 ex
2656 5227 2713 5280 in
2742 5228 2868 5295 ejus
2893 5232 3541 5307 manusincidentibus,
3568 5258 3723 5310 quae-

2074 5333 2307 5387 cunque
2339 5332 2543 5371 secure
2583 5316 3053 5388 ostenderentur,
3088 5320 3172 5376 sic
3216 5325 3473 5396 amabat,
3508 5332 3571 5383 ut
3605 5330 3722 5388 fere

2073 5405 2205 5460 aliis
2238 5406 2393 5475 quod
2426 5405 2719 5471 novimus,
2753 5405 2893 5461 talia
2942 5411 3269 5466 recondunt
3298 5418 3356 5468 et
3386 5414 3499 5470 sibi
3547 5435 3721 5476 avaro

2071 5500 2326 5549 servant.
2346 5493 2447 5548 His
2464 5494 2591 5564 ejus
2608 5494 3255 5567 moribusinopinatum
3277 5503 3723 5567 admiscebatur

2070 5584 2378 5654 quiddam,
2408 5584 2563 5653 quod
2597 5583 2866 5638 videlicet
2897 5585 3071 5642 homo
3103 5606 3170 5644 ex
3201 5591 3395 5649 animo
3443 5597 3719 5669 amplecti

2069 5687 2183 5743 pra:
2215 5689 2277 5727 se
2310 5674 2500 5727 ferens
2515 5672 2965 5729 sanctimoniam
2983 5680 3443 5739 monasticamin
3459 5688 3720 5757 psalmo-

2069 5760 2208 5829 diis,
2226 5761 2285 5816 in
2304 5761 2539 5833 vigiliis,
2560 5761 3245 5841 injejuniisfrequenter,
3270 5770 3330 5825 in
3352 5778 3493 5844 potu
3519 5778 3719 5836 abste-
