4112 6418
380 429 489 486 753

1439 438 1530 490 DE
1567 439 1946 493 MICHAELE
1986 435 2434 493 PALEOLOGO
2469 437 2603 490 LIB.
2644 438 2740 491 IV.

3706 430 3816 487 754

383 556 642 631 ἰπράχθη
703 554 919 632 εὔχαρι,
950 558 1041 612 καὶ
1105 558 1357 623 ὑπελθεῖν
1409 558 1641 637 ἄρχουσι
1694 558 2120 635 δυναμένοις,Α
2153 555 2210 613 δέ
2257 580 2319 633 γε
2368 558 2687 630 Μιτυλήνης
2744 560 3046 634 Γρηγόριος
3089 557 3148 613 ἐκ
3176 556 3418 613 παλαιοῦ
3479 558 3657 633 φέρων
3710 557 3810 625 τήν

380 647 469 701 καὶ
508 650 694 716 ζητεῖν
752 646 886 721 ὕπερ
936 644 1146 714 ἄλλων,
1205 648 1293 702 καὶ
1354 644 1547 725 ἁϐραῖς
1600 650 1891 724 τραπέζαις
1949 648 2041 703 σὺν

388 732 675 812 διαφόροις
752 733 922 797 οἷ’νοις
978 756 1037 789 τε
1092 736 1181 790 καί
1228 740 1539 812 τραγήμασι
1615 738 1743 802 τοὺς
1793 736 2043 799 πολλοὺς

381 825 585 894 ἓστιᾷν,
648 824 739 878 καὶ
799 823 1013 897 μᾶλλον
1075 826 1224 888 ὃσοις
1258 828 1285 880 6
1322 827 1441 903 βίος
1501 826 1705 902 ἄπορος
1762 828 1851 882 καὶ
1906 827 2043 881 ἀπα-

380 911 591 986 λαμνος
619 912 711 967 καὶ
740 920 841 982 τῆς
890 915 1005 967 κατ’
1066 913 1262 977 αὐτοὺς
1311 913 1590 991 ἀναδοχῆς
1647 914 1905 993 ἔχρῃζον.
1936 921 2039 969 Τοῦ

373 1007 502 1079 γοῦν
535 1002 790 1058 τοιούτου
842 1000 1274 1076 καταδεξαμενυυ
1332 1007 1429 1074 τὴν
1487 1009 1691 1083 ψῆφον,
1726 1008 1753 1059 6
1789 1005 2039 1079 βασιλεὺς

377 1091 454 1155 είς
482 1093 834 1167 πατριάρχην
894 1096 1087 1146 τοῦτον
1148 1088 1546 1167 προϐάλλεται,
1610 1095 1783 1167 μηνὸς
1842 1102 2036 1170 Σκιρο-

374 1185 647 1260 φοριῶνος
708 1180 929 1255 εἰκοστῇ
994 1179 1163 1255 ὀγδόῃ
1215 1190 1318 1251 τῆς
1374 1181 1604 1254 δεκάτης
1666 1186 2036 1256 ἑπινεμῆσεως

369 1274 469 1327 τοῦ
530 1271 697 1341 ’ςψοέ
740 1265 912 1338 ἔτους,
951 1266 1431 1343 Ἑκατομϐαιῶνος
1482 1270 1538 1327 δὲ
1590 1275 1860 1347 νουμηνίᾳ
1906 1293 2033 1349 χει-

374 1360 694 1435 ροτονηθεὶς
756 1358 835 1420 είς
890 1360 1179 1434 ἀρχιερέας
1238 1358 1507 1420 τελέσται.
1570 1362 1702 1439 Ηερὶ
1748 1361 1805 1417 8‘5
1842 1385 1904 1438 γε
1934 1365 2031 1433 τήν

374 1448 725 1524 χειροτονίαν
751 1448 841 1502 καὶ
870 1449 1119 1503 τοιοῦτόν
1150 1471 1203 1504 τι
1233 1449 1459 1524 γίνεται.

377 1553 488 1635 κδξ.Δ
598 1555 787 1635 "Quies
882 1552 1425 1635 napaBoxtp‘qOév-toc
1520 1563 1616 1612 τοῦ
1712 1560 2031 1635 Ἡρακλείας

448 1623 916 1705 μιναχόἰηὸντος
961 1623 1081 1705 ’τῇς
1148 1623 1495 1703 χειροτονίας
1566 1635 1663 1685 τοῦ
1730 1623 2028 1705 1¹ὲρμανοῦ,

450 1700 478 1753 ὁ
503 1696 830 1767 Μιτυλήνης
860 1696 1499 1774 Γρηγόριοξχέιροτονεῖ
1524 1704 1616 1757 τὸν
1653 1696 1876 1779 Ἰωσγξῴ.

451 1798 530 1869 [Ρ.
560 1798 689 1867 206]
729 1796 790 1852 Ὁ
821 1795 925 1871 γὰρ
983 1798 1229 1871 Ηιναχᾶς
1288 1801 1531 1875 μοναχὸς
1575 1803 1721 1877 παρὰ
1752 1808 2030 1879 Γερμανοῦ

376 1886 476 1952 τὴν
541 1883 884 1958 χειροτονίαν
959 1881 1247 1958 δεξάμενος
1321 1888 1645 1960 Ἡρακλείας
1717 1899 1819 1961 τῆς
1894 1894 2031 1948 κατὰ

382 1973 595 2049 Θρᾴκην
654 1974 720 2042 ἦν
779 1973 1225 2048 ἀρχιποίμην,ᾧ
1266 1974 1332 2045 δὴ
1374 1979 1463 2031 καὶ
1522 1982 1825 2055 προνόμιόν
1886 1983 2026 2037 ἐστιν

380 2062 439 2117 ἐκ
490 2062 731 2117 παλαιοῦ
793 2059 1162 2136 δικαιουμένῳ
1213 2064 1271 2119 ἐκ
1310 2068 1622 2135 Βυζαντίου,
1658 2070 1733 2132 ὡς
1782 2072 2030 2135 ἀνέκαθεν

376 2149 667 2212 τελοῦντος
745 2151 848 2205 ὑπὸ
930 2152 1029 2218 τήν
1093 2152 1458 2229 Ἡράκλειαν,
1523 2159 1614 2212 τὸν
1683 2164 2030 2239 πατριάρχην

374 2245 734 2315 χειροτονεῖν.
795 2241 1290 2315 ’Λπεπροσποιεῖτο
1347 2250 1477 2320 γοῦν
1526 2249 1626 2316 τὴν
1686 2248 1776 2303 ἀπ’
1824 2250 2031 2308 ἐκείνου

377 2330 727 2405 χειροτονίαν
760 2330 788 2383 ὁ
816 2331 1041 2404 Ἰωσήφ.
1097 2332 1199 2387 Καὶ
1223 2332 1250 2386 6
1280 2339 1491 2404 κρατῶν
1548 2338 1712 2415 σοφόν
1752 2361 1804 2394 τι
1855 2347 2028 2397 ποιῶν

374 2417 580 2474 ἓκεῖνον
638 2424 760 2473 τότε
811 2419 1202 2495 προσκαλεῖται
1261 2423 1397 2497 πρὸς
1428 2425 1494 2478 τὰ
1523 2425 1811 2502 ἀνάκτορα,
1872 2429 1923 2485 ἐν
1950 2436 2031 2503 τῷ

372 2509 490 2562 κατ’
550 2506 727 2562 ἐκεῖνα
782 2512 896 2580 ναῷ
956 2508 1438 2585 λειτουργήσοντα.
1499 2515 1603 2568 Καὶ
1664 2513 1762 2584 δήν
1818 2517 2029 2582 ἐκεῖνος

377 2597 474 2671 μὲν
505 2596 612 2652 ὑπὸ
651 2594 853 2670 πολλῷ
914 2602 1091 2671 μισθῷ
1144 2600 1244 2667 τὴν
1304 2599 1642 2679 λειτουργίαν
1699 2604 1967 2682 ἐπλήρου,
2000 2610 2027 2663 6

371 2814 763 2885 mio,quando
793 2817 919 2869 erat
948 2814 1184 2886 opus,in
1209 2820 2025 2895 mansuetudine,injustitia,

375 2901 435 2956 in
472 2902 725 2974 benigno
751 2901 948 2957 animo
977 2908 1035 2958 et
1064 2904 1463 2975 simplicitate,
1499 2926 1614 2964 uno
1651 2914 1824 2969 verbo
1855 2915 1912 2968 in
1951 2915 2031 2971 ir-

383 2990 829 3061 reprehensibili
862 2994 1450 3065 conversatione,non
1481 3002 1674 3055 tamen
1698 3002 2029 3073 negligebat

390 3079 814 3135 humanitatem
829 3083 1809 3155 consuetudinisurbanae,frontem
1836 3093 2026 3148 laetam

379 3168 659 3225 exhibens
677 3171 1901 3247 occursibus,obvioscomplectens,hlando
1918 3200 2032 3238 ser-

2152 650 2498 724 χειροτονίαν
2560 654 2891 724 χειροτονεῖν
2951 648 3044 701 τὸν
3100 645 3447 721 πατριάρχην
3512 644 3809 719 ἐκλέγεται.

2152 737 2324 794 ⁰Ολου
2363 742 2490 814 γοῦν
2545 742 2641 792 τοῦ
2676 738 2847 810 μηνὸς
2904 736 3109 791 ἐκείνου
3143 738 3169 791 6
3201 735 3477 811 βασιλεὺς,
3536 734 3651 789 ἐπεὶ
3708 735 3808 790 οὐκ

2151 826 2217 893 ἦν
2250 825 2433 898 ἐκείνῳ
2481 834 2579 896 τῆς
2634 831 2729 880 τοῦ
2786 827 3095 902 ἀφορισμοῦ
3150 823 3359 885 λύσεως
3419 824 3802 899 προύργιαίτε-

2154 913 2485 990 ρον,έδίδου
2543 920 2621 988 τῷ
2681 916 2994 991 πατριάρχῃ
3050 916 3238 987 καιρὸν
3293 915 3385 968 σὺν
3430 919 3553 975 τοῖς
3613 913 3806 988 ἀρχιε-

2150 1008 2299 1077 ρεῦσι
2332 1006 2647 1059 σκέπτεσθαι
2698 1010 2817 1067 πῶς
2872 1002 2930 1057 ἃν
2987 1004 3076 1058 καὶ
3136 1004 3272 1057 κατά
3326 1002 3528 1077 τρόπον
3560 1002 3805 1078 γένηται,

2147 1089 2559 1169 προλαμϐάνων
2624 1093 2784 1154 αὐτὸς
2838 1092 3065 1163 ἑκάστης
3127 1090 3215 1146 διὰ
3260 1096 3361 1147 τοῦ
3396 1091 3552 1146 πάντ’
3614 1089 3810 1160 ἐκκλη-

2148 1189 2276 1259 ροῦν
2312 1182 2536 1259 ῥᾳδίως,
2585 1184 2706 1258 περί
2741 1184 2882 1238 ὅσων
2921 1185 2947 1237 ὁ
2981 1186 3339 1258 πατριάρχης
3393 1183 3597 1237 ἐκεῖνον
3632 1181 3810 1253 ἠξίου,

2146 1272 2306 1328 εὔοδα
2346 1279 2521 1329 ποιεῖν
2576 1275 2643 1328 τὰ
2671 1281 2770 1344 τῆς
2802 1273 3032 1336 λυσεως.
3067 1276 3157 1335 Ἐς
3207 1278 3465 1327 τοσοῦτον
3497 1273 3597 1346 γὰρ
3629 1270 3809 1340 ἡδέως

2144 1362 2309 1417 αὐτοῦ
2343 1362 2597 1438 λέγοντος
2640 1361 2857 1433 ἤκουεν,
2915 1363 3052 1418 ὥστε
3108 1362 3197 1417 καὶ
3245 1360 3311 1430 δὴ
3369 1363 3611 1437 ὁρισμῶν
3667 1382 3809 1433 πεμ-

2142 1452 2398 1526 πομένων
2484 1451 2789 1527 ἑκασταχοῦ
2852 1456 2954 1516 τῆς
3021 1456 3125 1506 τῶν
3197 1451 3491 1523 Ῥωμαίων
3572 1448 3804 1522 ἐπικρα-

2141 1544 2287 1604 τείας
2346 1539 2701 1616 προσέταττεν
2790 1541 2952 1603 αὖτάς
3023 1538 3089 1608 δή
3142 1542 3235 1603 τὰς
3298 1544 3396 1594 τοῦ
3454 1540 3803 1616 πατριάρχου

2139 1632 2352 1709 γραφὰς
2384 1632 2500 1687 ἀντὶ
2549 1629 2990 1707 προσταγμάτων
3026 1628 3175 1685 ἰδίων
3236 1627 3487 1706 δέχεσθαι
3536 1610 3669 1690 τοὺς,
3697 1610 3804 1683 -έπ’

2141 1720 2407 1793 ἐξουσίας,
2487 1719 3009 1795 προσπειλουμένων
3068 1719 3156 1774 καὶ
3208 1718 3485 1775 κολάσεων
3543 1723 3660 1779 τοῖς
3720 1719 3797 1790 μὴ

2138 1811 2274 1864 κατά
2330 1811 2396 1864 τὰ
2463 1809 2870 1886 ἐπιτεταγμένα,
2930 1811 3062 1885 ὑπὲρ
3122 1812 3249 1864 ὅτου
3306 1807 3366 1863 ἂν
3424 1808 3514 1862 καὶ
3571 1807 3798 1880 γράψοι,

2060 1938 2108 2003 Β
2136 1898 2472 1955 τελέσουσιν.
2506 1902 2723 1970 ἸΙνοιξε
2758 1897 2939 1971 μέντοι
2998 1899 3090 1953 καὶ
3147 1898 3395 1975 φυλακάς
3426 1897 3516 1951 καὶ
3546 1892 3794 1956 πολλοὺς

2177 1993 2204 2003 ~
2310 1988 2323 2003 ιι
2470 1987 2487 2003 κ
2646 1990 2656 2003 Ι
2830 1987 2878 2003 ll-
2918 1987 2957 2003 1‘
3153 1993 3177 2003 up
3283 1984 3305 2003 δ
3424 1991 3451 2001 ~
3717 1981 3767 2003 δΙ

2139 1993 2246 2042 τῶν
2306 1987 2772 2063 ἐγκεκλεισμὲνων
2828 1987 3063 2058 ἐξείλετο
3111 1993 3221 2043 τῶν
3279 1984 3514 2059 δεσμῶν,
3574 1981 3794 2039 καταδί-

2139 2095 2269 2137 κους
2330 2078 2668 2147 συμπαθείας
2733 2076 2961 2146 ἠξίωσεν
3002 2124 3014 2141 ,
3065 2076 3458 2149 έξωρισμένους
3529 2071 3797 2127 ἀνεκαλέ-

2142 2185 2295 2233 σατο,
2327 2166 2417 2219 καὶ
2446 2168 2527 2228 οἷς
2558 2166 2817 2240 ἀπεχθῶς
2873 2166 2990 2239 εἶχε
3043 2165 3312 2225 κάκείνοις
3374 2161 3670 2234 ἐξιλεοῦτο,
3700 2164 3798 2215 τοῦ

2140 2255 2487 2331 πατριάρχου
2522 2255 2913 2327 μεσιτεύοντος,

2137 2421 2231 2473 κε’.
2333 2418 2522 2479 Ὅπως
2601 2414 2804 2490 ἐλύθη,
2854 2420 2953 2470 τοῦ
3028 2417 3348 2490 ἀφορισμοῦ
3423 2416 3451 2470 6
3532 2411 3789 2490 βασιλεὺς

2673 2489 2819 2563 παρὰ
2875 2497 2973 2543 τοό
3023 2489 3250 2566 Ἰωσήφ,

2209 2615 2447 2687 [Ρ.207]
2498 2614 2728 2684 Ἐπέστη
2789 2616 2920 2689 γοῦν
2976 2615 3011 2683 ἡ
3060 2614 3230 2686 μηνὸς
3289 2615 3604 2683 Ληναιῶνος
3663 2606 3789 2665 δευ-

2139 2845 2311 2899 quem
2338 2828 2437 2884 ille
2458 2829 2741 2885 honorem
2770 2828 3233 2901 quaestuingenti
3254 2828 3637 2897 conjunctum
3654 2844 3791 2899 pro-

2140 2922 2269 2990 pter
2299 2918 2594 2973 ditissima
2624 2918 2916 2990 stipendia
2963 2917 3255 2988 ejusmodi
3301 2917 3567 2988 fungenti
3599 2916 3791 2973 ofﬁcio

2141 3008 2373 3062 decreta
2429 3009 2567 3061 dum
2601 3006 2853 3062 libenter
2877 3007 3174 3078 accipiens
3207 3005 3286 3060 ibi
3318 3007 3596 3072 celebrat,
3620 3006 3792 3078 Mity-

2142 3095 2399 3151 lenensis
2433 3096 2771 3168 Gregorius,
2806 3097 3088 3151 adversus
3146 3097 3315 3165 cujus
3358 3095 3791 3151 ordinationem

2141 3190 2340 3256 utpote
2365 3186 2667 3257 antiquam
2702 3184 2866 3240 nulla
2904 3190 3028 3240 erat
3081 3185 3361 3255 exceptio,
3421 3184 3663 3256 eligitur
3719 3185 3791 3239 ad

367 3274 539 3313 mone
560 3259 972 3328 detinens,non
1008 3261 1283 3317 renidens
1314 3266 1615 3333 modo,sed
1651 3273 1705 3322 et
1736 3269 1795 3324 in
1829 3273 2013 3328 risum
2047 3258 2089 3324 (ἶ
2129 3275 2523 3329 ordinandum
2558 3274 2973 3346 patriarcham.
3009 3275 3222 3329 Totum
3262 3290 3434 3345 porro
3485 3273 3780 3344 reliquum

360 3364 422 3403 se
455 3347 786 3416 etfundens,
814 3349 864 3402 si
897 3348 1039 3420 quid
1065 3350 1602 3425 faceteaquoquam
1626 3357 1770 3413 forte
1792 3360 2015 3416 dicere-

362 3441 463 3492 tur
492 3441 595 3491 aut
624 3435 819 3506 lepide
852 3437 1012 3493 ﬁeret
1034 3440 1103 3493 ad
1140 3441 1575 3508 gratiam.ldem
1612 3464 1725 3501 non
1751 3448 2017 3514 ignorare

365 3533 552 3582 artem
584 3526 929 3582 insinuandi
953 3545 1014 3583 se
1056 3531 1125 3583 ad
1159 3531 1473 3607 principes,
1500 3537 1572 3589 ab
1596 3537 1689 3592 his
1720 3540 1876 3597 305
1916 3558 2018 3611 pro

364 3615 498 3672 aliis
526 3616 905 3686 petendi,non
938 3618 1199 3689 refugere
1222 3621 1292 3675 ad
1317 3621 1595 3680 delicatas
1619 3643 2015 3692 mensas,cum

365 3704 519 3759 vinis
544 3705 687 3758 varii
712 3706 942 3775 generis
956 3707 1534 3779 etbellariis,multos
1556 3715 1729 3768 etiam
1759 3716 2020 3787 vulgaris

368 3794 547 3849 sortis
578 3793 876 3861 adhibere,
913 3797 1232 3865 praesertim
1286 3799 1502 3868 quibus
1535 3803 1681 3857 ratio
1715 3805 1904 3859 victus
1961 3807 2018 3860 in

367 3888 495 3938 arto
518 3889 807 3947 esset,nec
840 3900 940 3950 per
961 3900 1021 3938 se
1050 3883 1405 3942 hobanlibus
1428 3905 1531 3945 nec
1557 3908 1691 3960 para
1705 3910 1761 3947 re
1783 3895 2021 3950 aliunde

371 3972 853 4044 gnaris,ideoque
896 3973 1300 4044 indigentibus
1352 3977 1625 4048 hospitali
1662 3982 2024 4054 benignitate

371 4060 895 4115 amicorum.Hunc
925 4061 1099 4117 talem
1128 4064 1290 4132 justo
1323 4067 1738 4139 suffragiorum
1765 4089 2022 4144 compro-

372 4150 577 4205 batum
612 4166 856 4205 numero
889 4152 959 4204 ad
987 4152 1445 4222 patriarchatum
1478 4158 1797 4231 imperator
1817 4163 2024 4228 evexit,

377 4237 602 4294 mensis
660 4239 996 4295 Decembris
1054 4242 1148 4297 die
1197 4249 1400 4300 octava
1443 4264 1619 4318 supra
1653 4251 2024 4321 vigesimam,

372 4327 719 4384 Indictionis
740 4329 1146 4396 decimae,anni
1176 4333 1336 4389 6775.
1363 4335 1493 4390 Mox
1516 4338 1782 4394 kalendis
1805 4341 2022 4398 Janua-

371 4416 479 4473 riis
509 4417 937 4473 ordinationem
968 4419 1123 4475 idem
1167 4424 1554 4494 episcopalem
1606 4428 1716 4483 rite
1769 4432 2024 4502 accepit;

373 4506 526 4563 crica
556 4523 732 4578 quam
767 4509 1171 4565 caaremoniam
1206 4512 1321 4567 tale
1353 4514 1924 4591 quiddamIcontigit.

2128 3364 2475 3420 Januarium
2511 3380 2773 3418 mensem
2806 3363 3248 3435 imperatov,cui
3274 3362 3563 3418 nihilerat
3596 3361 3787 3433 magis

2129 3458 2395 3524 Optatum
2431 3471 2605 3524 quam
2643 3452 2999 3508 solutionem
3021 3452 3430 3518 analhcmatis,
3457 3451 3549 3507 cui
3578 3452 3785 3520 suhja-

2128 3544 2315 3608 cebat,
2348 3544 2457 3597 rite
2488 3559 2551 3597 ac
2583 3543 2756 3597 modo
2789 3542 2931 3597 nulli
2968 3542 3272 3597 calumniae
3304 3540 3552 3596 obnoxio
3574 3556 3780 3595 conse-

2129 3633 2253 3704 qui,
2284 3631 2576 3687 concessit
2607 3649 2751 3687 novo
2785 3632 3127 3703 patriarchae
3161 3635 3223 3686 ut
3257 3648 3354 3702 per
3406 3630 3592 3686 otium
3639 3645 3774 3684 cum

2129 3722 2353 3777 caeteris
2386 3722 2677 3793 episcOpis
2710 3723 3105 3775 consideraret
3138 3736 3394 3791 quanam
3428 3719 3525 3773 illa
3579 3722 3777 3790 posset

2130 3809 2353 3863 ratione
2378 3812 2599 3879 Optima
2630 3810 3123 3876 conﬁci,interim,
3167 3810 3321 3881 quod
3358 3811 3427 3863 ad
3463 3824 3525 3863 se
3558 3809 3777 3862 attine-

2133 3904 2239 3963 ret,
2273 3897 2435 3951 nulla
2467 3897 2559 3951 die
2590 3898 2867 3952 omittens
2900 3898 3334 3952 studiosissime
3386 3899 3538 3952 306
3572 3902 3778 3951 cuncta

2131 3987 2391 4058 exsequi,
2425 4003 2552 4056 quae
2584 3986 2669 4039 vei
2706 3987 3034 4041 necessaria
3067 3986 3149 4041 vel
3183 3992 3517 4057 opportuna
3554 4002 3780 4057 praepac

2132 4078 2316 4132 rando
2345 4076 2575 4145 negotio
2609 4080 2948 4145 suggereret
2991 4075 3347 4143 patriarcha,
3379 4075 3551 4143 cujus
3584 4090 3783 4144 preces

2132 4182 2336 4221 omnes
2373 4180 2439 4219 ac
2469 4165 2639 4235 signa
2682 4163 3001 4218 voluntatis
3059 4164 3503 4235 promptissima
3549 4163 3784 4232 quidvis

2134 4253 2419 4324 largiendi
2454 4252 2734 4307 facilitate
2766 4252 2965 4307 statim
3001 4250 3316 4321 explebat;
3341 4251 3483 4305 adeo
3532 4250 3787 4304 libenter

2134 4341 2612 4411 illum,quidquid
2635 4342 2701 4394 ad
2737 4358 2797 4395 se
2828 4342 3088 4407 referret,
3111 4340 3356 4394 audiens
3388 4338 3786 4408 continuoque

2134 4431 2472 4504 indulgens,
2508 4436 2573 4487 ut
2604 4431 2779 4487 etiam
2814 4430 3013 4485 missis
3071 4446 3547 4501 quoquoversum
3579 4427 3786 4483 edictis

2136 4538 2239 4593 per
2271 4538 2475 4576 omnes
2507 4520 2738 4591 imperii
2766 4526 2956 4575 terras
2987 4519 3270 4585 sanxerit,
3314 4525 3378 4572 ut
3427 4519 3629 4573 litterae
3685 4534 3785 4588 pa-

373 4625 465 4678 24.
503 4623 567 4703 αι
598 4622 922 4703 posthabito
955 4626 1273 4703 Ηςναοιεοεα
1306 4630 1575 4703 pinno-ha,
1609 4635 1750 4703 quod
1804 4634 1851 4690 ί,
1876 4637 2026 4691 ονάί,
2060 4635 2108 4697 D
2137 4610 2403 4703 triarcbaa
2428 4606 3788 4703 prescriptaeqnevoluntatesquocunquemissaa

454 4699 629 4778 natus
667 4696 941 4778 fuisset'a
981 4695 1265 4778 Germano,
1310 4695 1685 4772 Mitylenenéis
1732 4712 2029 4778 Gregorius

453 4767 738 4837 Josephum
770 4766 1137 4823 ordinauerit.

449 4863 741 4920 Pinachas
767 4865 1220 4937 monachus,qui
1242 4869 1669 4928 ordinationem
1688 4892 1721 4930 a
1742 4875 2030 4933 Germano

383 4959 713 5024 acceperat,
748 4952 1035 5010 Heraclea;
1067 4956 1326 5013 Thraciae
1360 4961 1838 5035 archiepiscopus
1886 4972 2031 5036 erat,

379 5048 439 5099 et
470 5043 519 5098 ei
552 5045 616 5098 ut
650 5042 749 5097 tali
780 5044 1150 5116 competebat
1179 5062 1247 5102 ex
1279 5048 1631 5122 antiquojus
1653 5056 2033 5112 consecrandi

382 5131 1013 5203 Constantinopolitani
1034 5134 1399 5205 patriarchae,
1424 5140 1558 5195 inde
1585 5142 1760 5198 ducta
1810 5146 2051 5202 ratione

384 5220 702 5293 privilegii,
744 5222 898 5292 quod
951 5221 1093 5278 urbs
1140 5227 1458 5295 Byzantina
1508 5230 1712 5300 primis
1763 5231 2032 5289 Ecclesia:

386 5309 758 5382 temporibus
774 5310 895 5364 sedi
916 5312 1277 5369 lleracleensi
1299 5316 1504 5373 fuisset
1525 5320 2036 5379 subdita.Nolebat

392 5404 589 5455 autem
621 5398 916 5470 Josephus
940 5400 1375 5471 impositionem
1401 5423 1683 5462 manuum
1711 5411 1782 5465 ab
1804 5411 1914 5467 isto
1938 5429 2033 5467 ac-

389 5488 601 5561 cipere.
638 5488 827 5557 Hujus
859 5491 1201 5561 expediendi
1234 5495 1367 5549 nodi
1423 5497 1707 5552 rationem
1762 5509 2037 5572 opportu—

389 5592 530 5631 nam
560 5574 904 5646 excogitavit
929 5576 1265 5649 imperator.
1308 5582 1624 5640 Pinacham
1674 5588 1943 5645 videlicet
1976 5592 2033 5645 in

392 5664 547 5719 aedes
579 5663 988 5736 imperatorias
1011 5670 1259 5724 accitum
1283 5672 1556 5741 palatinis
1575 5676 1758 5731 sacris
1775 5681 2033 5752 praeficit,

393 5753 591 5810 missa
623 5752 744 5810 illic
779 5755 1134 5813 sacrificium
1184 5759 1435 5817 solemni
1461 5762 1575 5819 ritu
1618 5772 1991 5837 peracturum
2020 5790 2036 5844 ;

2140 4714 2175 4751 a
2201 4696 2430 4750 cunctis
2461 4695 2722 4751 locorum
2759 4696 3209 4766 magistratibus
3250 4695 3336 4749 sic
3386 4694 3791 4763 exciperentur

2143 4790 2199 4841 et
2239 4785 2598 4840 exsecutioni
2632 4786 3070 4850 mandarentur,
3108 4790 3387 4853 tanquam
3440 4783 3484 4837 si
3544 4800 3669 4853 quae
3718 4781 3790 4836 iis

2141 4875 2577 4943 indicabantur,
2611 4873 3045 4944 qualiacunque
3078 4872 3285 4940 forent,
3318 4871 3443 4941 ipse
3474 4871 3793 4942 imperator

2134 4963 2437 5033 jussisset,
2467 4963 2644 5019 minis
2678 4964 2855 5017 etiam
2890 4978 3192 5033 poenarum
3220 4960 3482 5031 gravium
3516 4959 3790 5030 ascriptis

2140 5053 2200 5108 in
2252 5071 2351 5109 eos
2395 5053 2495 5124 qui
2545 5068 2715 5108 secus
2765 5052 3063 5107 fecissent.
3116 5051 3361 5119 Aperuit
3409 5049 3551 5122 quin
3611 5050 3788 5105 etiam

2141 5143 2440 5199 custodias
2473 5142 2759 5214 publicas,
2793 5149 2848 5197 et
2876 5141 3093 5197 multos
3122 5141 3244 5196 illic
3265 5142 3631 5196 detentorum
3666 5140 3792 5196 vin-

2142 5232 2290 5287 culis
2323 5232 2534 5301 solvit;
2594 5232 2893 5287 damnatis
2952 5246 3187 5302 quoque
3238 5230 3486 5301 gratiam
3542 5228 3795 5286 indulsit

2143 5320 2417 5392 supplicii
2449 5322 2692 5386 decreti,
2725 5319 2954 5374 exsules
2987 5319 3299 5387 revocavit,
3328 5325 3385 5374 et
3427 5318 3643 5391 quibus
3674 5323 3799 5375 erat

2146 5410 2332 5465 iratus
2364 5410 2717 5465 condonavit
2748 5410 3023 5477 offensas,
3051 5409 3447 5464 intercedente
3468 5408 3800 5481 patriarcha

2249 5564 2342 5618 25.
2379 5564 2441 5620 Ut
2468 5564 2683 5619 solutus
2742 5564 3089 5692 anajhemqlle
3120 5563 3424 5633 imperator
3452 5562 3626 5621 luerit
3655 5579 3689 5616 a

2880 5651 3003 5692 osev
3046 5651 3095 5691 0.

2880 5651 3095 5706 osepno.

2219 5769 2423 5827 Adfuit
2451 5769 2693 5827 tandem
2726 5770 2959 5827 decreta
3008 5765 3381 5839 imperatoris
3438 5765 3794 5826 absolutioni
