4112 6400
302 403 413 461 755

1614 402 1919 459 GEORGII
1958 397 2423 456 PACHYMERB

3615 396 3728 456 756

306 528 455 604 τέρα.
488 527 608 583 καθ’
639 525 705 595 ἢν
737 525 826 579 καὶ
857 525 892 595 ἡ
926 521 1225 594 Ἐκκλησία
1280 522 1401 598 ἄγει
1428 526 1527 593 τήν
1560 531 1658 594 τῆς
1687 529 1957 578 Ὑπαπαν-
1990 524 2039 589 Α
2071 519 2213 581 εἰκὸς
2279 524 2655 595 προσκυνήσας
2711 525 2801 579 καὶ
2857 525 3271 599 συνταξάμενος,
3335 522 3537 599 ἐχώρει
3594 522 3735 597 πρὸς

310 621 409 687 τῆς
468 616 681 692 ἑορτήν.
746 615 844 669 Καὶ
894 615 922 667 6
970 612 1318 688 πατρίαρχης
1374 614 1585 687 σύναμα
1642 618 1799 667 πᾶσιν
1857 613 1961 686 ἀρ-

314 710 588 782 χιερεῦσιν
640 704 741 757 ὑπὸ
797 701 995 773 πολλῷ
1046 706 1124 773 τῷ
1182 706 1287 756 τῶν
1349 701 1653 774 λαμπάδων
1707 702 1959 780 φωτῖκαὶ

317 796 511 867 ὕμνοις
565 797 633 865 τῇ
694 794 855 865 ἑορτῇ
896 792 1212 863 πρέπουσιν,
1258 787 1333 844 ἔτι
1397 788 1454 844 δὲ
1512 791 1600 845 καὶ
1656 797 1775 853 ταῖς
1834 791 1963 863 ὑπὲρ

324 883 593 962 βασιλέως
623 882 758 955 πρὸς
819 882 944 935 Θεὸν
1002 879 1280 951 ἱκετείαις,
1333 881 1406 941 ὡς
1465 878 1571 934 ἔδει
1612 881 1703 935 καὶ
1734 900 1967 953 περιφα-

318 980 425 1035 νῶς
475 970 871 1045 παννυχεύσας,
947 969 1045 1035 τὴν
1100 968 1248 1043 ἱερὰν
1304 968 1649 1043 λειτουργίαν
1706 968 1965 1024 ἐπιτελεῖ.

321 1062 421 1119 Καὶ
452 1059 560 1130 ἤδη
613 1060 685 1120 ὡς
727 1056 927 1127 ἤνυστο
986 1064 1152 1125 πᾶσα,
1209 1062 1305 1112 τοῦ
1370 1057 1638 1133 βασιλέως
1672 1058 1722 1113 ἐν
1756 1058 1968 1133 βασιλι-

317 1156 440 1213 καῖς
488 1146 779 1221 ἱσταμένου
830 1144 1183 1224 δορυφορίαις
1232 1146 1443 1219 συναμα
1493 1147 1784 1222 συγκλήτῳ
1822 1150 1967 1221 πάσῃ

318 1240 407 1295 καὶ
464 1238 737 1309 πολιτείᾳ,
798 1241 915 1297 τοῖς
969 1236 1147 1311 ἁγίοις
1198 1236 1541 1310 προσεγγίζει
1602 1237 1831 1309 θυρίοις,
1864 1242 1969 1291 τῶν

320 1328 620 1403 ἀρχιερέων
679 1324 830 1379 ἔνδον
890 1328 987 1378 τοῦ
1053 1325 1303 1399 βήματος
1361 1325 1685 1395 ἱσταμένων.
1740 1327 1969 1389 Ἀποθέ-

323 1439 481 1491 μενος
513 1414 603 1470 οὖν
632 1416 731 1483 τὴν
762 1413 850 1468 ἐπὶ
882 1416 981 1483 τῆς
1009 1412 1253 1491 κεφαλῆς
1308 1414 1648 1487 καλύπτραν,
1708 1416 1973 1490 ἀκαλῦφῳ

319 1510 387 1579 τῇ
417 1503 628 1581 κεφαλῇ
662 1502 987 1577 προσπίπτει
1042 1507 1157 1573 Θεῷ
1210 1502 1299 1557 καὶ
1355 1503 1481 1557 ποσὶ
1540 1504 1970 1579 προηγουμένως

322 1601 419 1651 τοῦ
449 1596 817 1670 πατριάρχου,
850 1592 939 1647 καὶ
985 1594 1102 1665 μεθ’
1134 1594 1216 1646 ὅτι
1267 1599 1473 1667 θερμῆς
1530 1601 1629 1662 τῆς
1662 1595 1973 1667 προθέσεως

324 1687 423 1755 τὴν
456 1683 811 1759 συγχώρησιν
860 1681 1073 1751 ἐξαιτεῖ,
1126 1679 1424 1755 ὁμολογῶν
1478 1682 1885 1757 μεγαλοφώνως
1914 1682 1973 1737 τὸ

327 1774 617 1846 τόλμημα.
680 1773 773 1825 Καὶ
840 1768 905 1838 δὴ
966 1769 1049 1824 ἐπ’
1101 1768 1323 1833 ἐδάσους
1380 1771 1632 1843 κειμένου
1689 1778 1785 1826 τοῦ
1824 1774 1973 1847 βασι-

2072 611 2137 663 «ea
2213 610 2522 686 ἀνάκτορα.
2591 614 2840 684 Ἐπέταξε
2899 613 2956 670 δὲ
3012 616 3101 669 καὶ
3160 612 3239 686 τῷ
3298 611 3735 689 ἐγκεκλεισμένῳ

2072 701 2207 753 κατᾶ
2249 702 2310 755 τὸ
2366 706 2474 755 τῶν
2530 704 2876 773 Νικητιατῶν
2934 712 3035 770 τῆς
3101 699 3405 772 Δακίϐύζης
3464 700 3730 779 φροὺριον

2076 788 2300 863 Ἰωάννῃ
2362 789 2437 852 εἷς
2494 800 2702 866 τροφῆς
2763 794 3079 865 ο’κονομίαν
3140 793 3229 847 καὶ
3290 789 3604 864 ἐνδυμάτων
3662 792 3737 846 τὰ

2078 878 2254 947 ἱκανά,
2296 881 2603 956 πολυωρῶν
2666 882 2865 937 ἐκεῖνον
2928 885 3189 957 συχνάκις
3249 882 3338 935 καὶ
3394 887 3512 943 τοῖς
3570 881 3737 955 ἀναγ-

2077 969 2258 1032 καίοις
2312 972 2425 1024 καθ’
2488 972 2715 1041 ἓκαστην
2770 970 2964 1046 σχεδὸν
3015 970 3544 1049 φιλοφρονούμενος.
3595 971 3741 1027 ’Ev’-

2080 1060 2258 1112 τεῦθεν
2293 1061 2381 1113 καὶ
2426 1062 2563 1133 πρὸς
2620 1063 2719 1129 τὴν
2777 1060 3108 1137 διεξαγωγὴν
3141 1065 3247 1115 τῶν
3307 1064 3506 1114 κοινῶν
3567 1079 3739 1113 σπου-

2082 1144 2357 1219 δαιότερον
2380 1149 2654 1222 τρέπεται.

2080 1265 2188 1339 πςξ.
2249 1265 2377 1339 Περὶ
2436 1270 2549 1339 τοῦ,
2590 1264 2798 1336 κήδους
2854 1272 2951 1321 τοῦ
3009 1287 3066 1321 τε
3120 1263 3551 1339 Ταρχανειώτου
3607 1266 3739 1322 Ἀν-

2154 1334 2404 1414 δρονίκου
2508 1334 2656 1414 vim?
2728 1346 2827 1414 τῆς
2925 1343 3021 1392 τοῦ
3128 1334 3397 1414 βασιλέως
3473 1335 3743 1414 *ἀδελφῆς

2156 1410 2423 1479 Μάρθας,
2484 1410 2574 1463 καὶ
2646 1414 2749 1476 τῆς
2807 1412 3071 1486 θυγατρὸς
3127 1408 3223 1465 τοῦ
3281 1408 3501 1465 δυτικοῦ
3558 1408 3746 1466 Ἰωάν-

2151 1501 2267 1535 νου.

2157 1601 2241 1666 [Ρ.
2274 1599 2400 1670 208]
2460 1598 2561 1654 Καὶ
2622 1596 2734 1653 ἐπεὶ
2795 1597 2961 1653 πάλιν
3023 1594 3347 1653 ἀνοιδαίνειν
3408 1596 3612 1672 ὥρμων
3672 1597 3743 1653 τὰ

2085 1683 2293 1752 δυτικά,
2348 1691 2444 1740 τοῦ
2503 1684 2767 1741 δεσπότου
2824 1685 3057 1761 Μιχαὴλ
3093 1687 3142 1759 ἐξ
3193 1688 3475 1759 ἀνθρὸπων
3526 1686 3745 1763 γεγονό-

2081 1796 2194 1843 τος,
2228 1774 2318 1828 καὶ
2360 1775 2450 1829 τὸν
2502 1776 2595 1847 μὲν
2646 1776 2965 1851 Νικηφόρον
3015 1775 3102 1830 ἐπὶ
3150 1778 3218 1847 τῇ
3256 1773 3365 1845 ἰδίᾳ
3394 1775 3544 1849 ἀρχῇ
3577 1796 3742 1829 κατα-

330 1863 489 1935 λέως,
522 1864 549 1916 6
581 1862 931 1936 πατριάρχης
987 1862 1191 1935 χάρτην
1250 1860 1349 1914 ἀνᾶ
1396 1866 1589 1935 χεῖρας
1639 1861 1783 1936 ἔχων
1826 1863 1974 1937 ᾧπερ
2006 1887 2054 1952 Β
2086 1864 2391 1936 λείψαντος,
2422 1870 2503 1936 τῶ
2534 1862 2589 1918 δέ
2622 1886 2685 1938 γε
2713 1864 2860 1935 νόθῳ
2906 1864 3127 1938 Ἰωάννῃ
3179 1864 3368 1938 χώραν
3416 1863 3517 1917 οὐκ
3544 1861 3741 1939 ὀλίγην

325 1956 360 2023 ἡ
422 1953 779 2027 συγχώρησις
832 1949 1212 2024 ἐνεγέγραπτο,
1274 1946 1483 2019 διεξιὼν
1543 1951 1630 2004 καὶ
1687 1952 1863 2023 ῥητῶς
1913 1955 1975 2007 τὸ

326 2041 731 2114 πλημμάλημα
787 2038 963 2114 λέγων
1018 2040 1080 2092 τὸ
1122 2037 1209 2092 ἐπὶ
1265 2042 1344 2109 τῷ
1389 2043 1484 2091 τοῦ
1522 2039 1788 2112 βασιλέως
1822 2039 1972 2095 παιδί

331 2127 548 2199 δηλαδὴ
580 2127 821 2192 Ἰωάννη.
862 2127 1162 2201 συνεχώρει
1206 2131 1387 2201 τρανῷ
1437 2131 1517 2199 τῷ
1574 2128 1827 2199 στόματι,
1885 2132 1975 2184 καὶ

328 2218 411 2273 ἐπ’
442 2218 601 2272 αὐτὸν
634 2216 806 2277 ἄλλος
835 2216 926 2269 καὶ
962 2217 1077 2287 μετ’
1124 2214 1325 2269 ἐκεῖνον
1366 2212 1549 2289 ἕτερος
1608 2218 1693 2271 καὶ
1756 2220 1979 2289 καθεξῆς

327 2310 377 2363 οἱ
436 2310 667 2377 πάντες,
727 2307 771 2376 ᾧ
831 2304 912 2382 ἐφ’
969 2305 1175 2376 ἑκάστῳ
1234 2304 1675 2379 προσπίπτοντος
1730 2308 1818 2361 καὶ
1874 2310 1977 2377 τὴν

327 2398 677 2471 συγχώρησιν
712 2394 1060 2466 αἰτουμένου,
1112 2392 1310 2448 ἐκεῖνοι
1342 2396 1460 2448 καθ’
1504 2391 1596 2448 ἕνα
1642 2398 1731 2449 τὸν
1766 2397 1977 2470 χάρτην

328 2484 548 2560 ἔχοντες
578 2484 677 2537 ἀνά
714 2488 928 2558 χεῖρας,
988 2483 1077 2535 τὸν
1128 2480 1287 2536 αὐτὰν
1354 2484 1433 2555 τῷ
1487 2485 1797 2559 πατριάρχῃ
1856 2506 1978 2539 συν-

330 2576 577 2651 εχώρουν
633 2573 858 2646 τρόπον,
921 2570 1166 2627 πῶλλῶν
1227 2572 1510 2647 χεομένων
1568 2571 1861 2648 διακρύων,
1889 2574 1980 2628 καὶ

333 2662 545 2737 μᾶλλον
604 2667 715 2717 τῶν
746 2662 803 2715 ἐκ
831 2668 931 2730 τῆς
990 2659 1326 2735 συγκλήτου,
1360 2663 1498 2736 πρὸς
1548 2662 1845 2734 ἐξιλὲωσιν.
1883 2665 1978 2718 Καὶ

323 2754 486 2816 τέλος
542 2753 770 2814 ἀναστάς
826 2752 915 2806 καὶ
964 2751 1169 2828 τρόφου
1227 2751 1377 2827 ἱεροῦ
1438 2753 1747 2827 μετασχὼν,
1784 2753 1871 2807 καὶ
1905 2755 1979 2816 ὡς

325 2972 747 3043 dies,secunda
778 2968 999 3024 mensis
1034 2968 1356 3039 Februarii,
1390 2985 1508 3040 qua
1539 2971 1793 3028 Ecclesia
1826 2974 1978 3028 cele-

325 3064 458 3119 brat
476 3062 693 3117 festum
716 3059 1113 3131 Hypapantes;
1129 3062 1185 3114 et
1206 3058 1540 3130 patriarcha
1555 3077 1688 3115 cum
1706 3064 1981 3119 omnibus

326 3152 620 3227 episcopis
651 3152 718 3206 ad
752 3149 992 3205 multam
1020 3148 1363 3220 lampadum
1391 3150 1577 3205 lucem
1612 3151 1847 3222 hymnis
1879 3154 1983 3209 de—

2088 1952 2538 2024 διανενεμηκότος
2595 1952 2754 2024 ἰδίαν,
2811 1955 2899 2007 καὶ
2952 1956 2978 2007 ὁ
3029 1954 3122 2026 μὶν
3180 1952 3498 2028 Νικηφόρος
3554 1954 3745 2027 ἠγάπα

2086 2041 2333 2116 κατέχων
2388 2042 2453 2096 τὰ
2523 2043 2734 2109 ἑαυτοῦ,
2796 2044 2823 2096 6
2884 2041 2939 2096 δὲ
3010 2044 3262 2112 Ἰωάννης
3335 2043 3425 2096 καὶ
3488 2042 3619 2117 ὑπὲρ
3677 2041 3747 2097 τὰ

2089 2129 2397 2203 ἐσκαμμένα
2426 2128 2604 2200 πηδᾷν
2656 2131 2893 2205 ὠρέγετο
2952 2133 3042 2185 καὶ
3073 2136 3180 2185 τῶν
3210 2135 3309 2185 τοῦ
3342 2128 3577 2205 ἀδελφοῦ
3610 2132 3741 2184 ἀπο-

2089 2220 2360 2294 σχόμενος
2413 2225 2520 2275 τῶν
2575 2219 2859 2295 ἡμετέρων
2919 2223 3292 2295 προσήπτετο,
3348 2218 3623 2275 σκυλεύων
3674 2219 3737 2274 τὸ

2088 2309 2421 2382 προστυχὸν,
2454 2307 2687 2381 πολέμῳ
2745 2310 2840 2381 μὲν
2882 2309 3085 2363 ἐκεῖνον
3120 2311 3148 2363 6
3188 2307 3442 2383 βασιλεὺς
3506 2308 3742 2381 μετιέναι

2090 2398 2190 2451 οὐκ
2219 2395 2511 2469 ἐδοκίμαζε
2544 2398 2878 2471 θερμουργὸν
2914 2399 3043 2452 ὅντα
3080 2396 3172 2452 καὶ
3214 2396 3333 2452 νέον
3378 2398 3556 2472 ἀρχῆς
3600 2397 3751 2469 ἀψά-

2095 2506 2275 2559 μενον,
2312 2483 2380 2539 δι’
2436 2486 2659 2559 εἰρήνης
2691 2484 2735 2540 δ’
2771 2486 3021 2541 ὑπελθεῖν
3073 2488 3160 2540 καὶ
3210 2486 3345 2540 κατὰ
3373 2484 3543 2554 κῆδος
3585 2483 3746 2539 σπέν-

2092 2573 2273 2639 δεσθαι
2310 2573 2508 2647 πολλῷ
2563 2580 2809 2650 κρεῖττον
2860 2578 3049 2650 ἡγεῖτο
3106 2579 3202 2629 τοῦ
3233 2574 3523 2647 πολεμεῖν.
3583 2576 3745 2637 Ὅθεν

2090 2665 2181 2720 καὶ
2214 2660 2523 2738 πρεσϐείαις
2553 2666 2648 2737 μὲν
2701 2666 2762 2719 τὸ
2821 2666 3063 2737 σκληρὸν
3123 2663 3327 2719 ἐκείνου
3362 2663 3626 2737 μαλάσσει
3656 2664 3748 2717 καὶ

2091 2752 2339 2824 αὔθαδες,
2374 2752 2488 2807 ἐπεὶ
2548 2751 2593 2808 δ’
2648 2753 2853 2815 ἐκεῖνος
2910 2752 2999 2808 καὶ
3058 2753 3258 2827 ὡραίαν
3317 2753 3496 2828 γάμου
3557 2751 3745 2830 ἔτρεφε

2090 2977 2337 3043 tumque
2368 2972 2657 3041 copiosas,
2701 2970 2951 3026 sollicite
2998 2971 3272 3042 deinceps
3320 2986 3451 3025 eum
3503 2986 3741 3037 curans,

2094 3063 2300 3117 multis
2333 3061 2606 3127 subinde,
2640 3062 2739 3132 qui
2773 3078 2903 3116 eum
2938 3060 3286 3117 necessariis
3318 3060 3478 3131 large
3524 3076 3741 3132 suppe-

2092 3152 2352 3207 ditandis
2384 3149 2853 3219 consolarentur,
2886 3155 2941 3205 et
2971 3150 3084 3205 sibi
3126 3166 3327 3205 carum
3379 3166 3509 3205 esse
3556 3150 3749 3205 verbis

326 3242 637 3300 cantandis
656 3239 1979 3313 solemnitaticonsentaneis,imperatorequo-
2011 3247 2054 3313 ρ
2095 3241 2388 3311 rebusque
2418 3256 2593 3309 quam
2626 3239 3061 3295 ofﬁciosissime
3093 3243 3470 3307 testarentur,
3494 3238 3750 3293 missita-

330 3350 442 3405 que
473 3349 614 3387 suas
660 3336 778 3386 Deo
812 3344 1013 3401 preces
1063 3326 1413 3399 suppliciter
1458 3329 1754 3396 offerente,
1781 3330 1981 3402 splen-

330 3424 487 3486 dide,
521 3427 586 3476 ut
624 3422 771 3475 ritus
821 3423 879 3474 et
927 3434 1056 3473 mos
1105 3418 1405 3489 legitimus
1464 3420 1760 3488 poscebat,
1816 3425 1983 3475 nocte

332 3509 691 3585 pervigilata,
716 3525 943 3564 sacram
978 3507 1279 3578 liturgiam
1336 3507 1687 3577 celebravit;
1744 3527 1871 3580 quae
1922 3514 1987 3564 ut

332 3606 566 3672 peracta
594 3604 718 3653 tota
750 3602 860 3664 est,
889 3597 1228 3667 imperator,
1281 3595 1379 3666 qui
1422 3603 1665 3651 eatenus
1715 3616 1981 3654 seorsum

332 3686 858 3757 steterat,stipante
888 3684 1046 3756 regio
1070 3683 1367 3751 satellitio,
1400 3702 1518 3740 una
1547 3702 1680 3742 cum
1712 3689 1984 3744 universo

335 3782 541 3833 senatu
575 3781 631 3831 et
680 3776 894 3829 civium
948 3790 1207 3843 corpore,
1256 3775 1572 3841 procedens
1623 3777 1880 3831 admovit
1924 3794 1985 3833 se

329 3867 514 3921 sacris
546 3863 1046 3934 valvis,episcopis
1078 3863 1234 3916 intra
1266 3868 1496 3933 septum
1542 3865 1742 3920 altaris
1775 3866 1983 3921 stanti-

327 3956 461 4011 bus.
495 3954 576 4009 lbi
612 3952 706 4007 ille
741 3954 965 4021 abjecto
999 3951 1205 4022 capitis
1242 3953 1520 4023 tegmine,
1559 3955 1716 4009 nudo
1749 3955 1983 4021 vertice,

326 4061 517 4099 coram
544 4044 690 4098 307
724 4048 842 4097 Deo
874 4041 1205 4111 prouidens,
1240 4041 1309 4095 ad
1346 4043 1522 4111 pedes
1547 4048 1679 4097 ante
1703 4044 1900 4098 omnia
1923 4060 1985 4099 se

329 4134 399 4188 ab
427 4133 559 4204 jicit
584 4130 925 4203 patriarchae
950 4136 1004 4187 et
1035 4147 1212 4200 quam
1236 4130 1649 4185 ardentissima
1684 4133 1984 4204 sopplica-

326 4226 485 4278 tione
514 4224 747 4277 veniam
783 4219 985 4289 poscit,
1021 4219 1307 4273 confitens
1341 4235 1554 4290 magna
1601 4236 1741 4274 voce
1790 4222 1984 4276 scelus

330 4328 528 4368 suum.
561 4311 725 4364 Tunc
758 4306 1280 4379 patriarcha,bumi
1302 4306 1387 4360 sic
1414 4312 1701 4377 prostrata
1730 4309 1983 4380 impera-

328 4406 471 4470 tore,
506 4399 766 4454 chartam
802 4412 978 4466 quam
1009 4395 1065 4448 in
1101 4395 1376 4449 manibus
1398 4395 1655 4451 habebat
1706 4404 1759 4450 et
1811 4399 1866 4451 in
1916 4415 1983 4453 ea

332 4491 610 4561 scriptam
630 4487 942 4543 formulam
968 4482 1357 4538 absolutionis
1388 4483 1609 4554 legens,
1629 4490 1684 4539 et
1708 4486 1983 4543 distincte

330 4578 725 4653 pronuntians
744 4573 1261 4644 facinusiniquum
1288 4572 1345 4627 in
1372 4572 1558 4628 filium
1585 4575 1980 4645 imperatoris,

325 4669 600 4725 videlicet
651 4667 959 4729 Joannem,
1012 4668 1384 4729 attentatum,
1446 4664 1589 4717 illud
1641 4665 1980 4736 imperatori

327 4759 486 4814 clara
517 4773 651 4811 voce
684 4753 1051 4810 condonavit.
1088 4756 1225 4806 Post
1258 4751 1415 4806 hunc
1446 4754 1713 4807 eamdem
1767 4755 1983 4825 pariter

327 4847 644 4903 formulam
678 4844 941 4900 recitavit
972 4842 1122 4896 alius
1162 4842 1499 4912 episcopus,
1551 4843 1685 4897 inde
1718 4844 1891 4910 alius,
1925 4848 1982 4898 et

330 4939 415 4994 sic
444 4938 646 4992 ordine
681 4933 935 4988 universi
972 4932 1233 5003 legentes
1268 4947 1297 4983 e
1330 4932 1571 5001 scripto,
1607 4949 1801 4986 coram
1838 4950 1982 4987 uno-

331 5042 565 5099 quoque
596 5026 856 5095 ipsorum
890 5021 1151 5075 vicissim
1189 5036 1247 5074 se
1282 5026 1688 5091 prosternenle
1720 5025 1981 5091 Augusto

329 5121 387 5172 et
415 5115 643 5170 veniam
677 5114 843 5167 enixe
876 5111 1229 5181 postulante,
1263 5109 1512 5174 cunctis,
1549 5112 1700 5164 sicut
1735 5114 1979 5181 patriar-

329 5210 441 5262 cha
464 5208 698 5271 fecerat,
732 5202 1239 5257 coandonantibus
1275 5216 1287 5254 :
1324 5200 1527 5255 multis
1561 5202 1709 5255 inter
1741 5204 1861 5256 haec
1904 5203 1981 5256 Ia-

330 5293 755 5369 crymantibus,
794 5293 1113 5360 praesertim
1153 5306 1183 5343 e
1234 5294 1463 5356 senatu,
1515 5306 1579 5343 ac
1630 5291 1725 5344 Dei
1779 5308 1979 5363 pacem

333 5382 733 5441 exorantibus.
766 5378 1022 5433 Tandem
1060 5394 1310 5448 surgens
1344 5378 1618 5448 princeps
1668 5396 1832 5433 sacro
1869 5382 1979 5433 im-

332 5472 578 5546 pertitus
610 5470 781 5539 epulo
814 5472 922 5534 est,
956 5467 1067 5520 sub
1102 5468 1253 5535 quod
1289 5467 1484 5521 debita
1508 5467 1611 5521 rite
1644 5469 1980 5523 adoratione

332 5564 695 5634 perfunctus,
745 5556 997 5610 salutato
1050 5556 1300 5620 denique
1358 5562 1530 5621 cmtu,
1587 5558 1642 5609 in
1701 5556 1977 5625 palalium

331 5644 865 5705 recessit.Decrevit
897 5650 1091 5696 autem
1129 5643 1354 5696 incluso
1388 5646 1537 5714 apud
1578 5645 1889 5699 Nicoliatas
1924 5646 1977 5699 in

329 5752 462 5793 arce
498 5735 795 5804 Dacibyzaa
828 5730 1041 5787 Joanni
1071 5730 1385 5802 pensiones
1417 5732 1475 5787 in
1532 5733 1748 5788 victum
1801 5734 1979 5790 vesti-

2094 3330 2190 3385 tis.
2229 3329 2372 3383 Hinc
2394 3330 2518 3398 jam
2552 3327 2893 3383 solutiorem
2954 3327 3220 3383 animum
3276 3328 3346 3382 ad
3409 3327 3749 3400 reipublica

2096 3418 2563 3491 procurationem
2591 3417 2920 3473 studiosius
2953 3418 3141 3471 vertit.

2093 3536 2182 3589 26.
2218 3536 2289 3589 De
2319 3535 2566 3602 nuptiali
2591 3534 2792 3603 foedere
2836 3536 2985 3589 inter
3017 3533 3435 3589 Tarchaniotam
3464 3534 3746 3589 Androni-

2166 3624 2286 3662 cum
2319 3606 2503 3675 ﬁtium
2532 3608 2762 3662 Marthae
2801 3606 3005 3661 sororis
3046 3608 3430 3677 imperatoris,
3472 3610 3523 3662 et
3568 3608 3749 3676 ﬁliam

2163 3678 2394 3734 Joannis
2428 3681 2486 3733 in
2516 3678 2812 3736 Occidente
2840 3677 3199 3734 dominantis.

2166 3778 2417 3831 Tumere
2448 3776 2658 3831 deinde
2680 3793 2886 3831 rursus
2908 3781 2965 3830 et
2995 3775 3320 3830 tumultum
3347 3774 3559 3830 minari
3580 3775 3748 3831 Occi-

2095 3866 2195 3920 dui
2228 3870 2451 3919 tractus
2476 3881 2566 3919 res
2590 3870 2908 3935 cmperunt,
2930 3866 3173 3935 despota
3194 3864 3470 3920 Michaele
3489 3870 3745 3920 mortuo.

2096 3956 2150 4009 Is
2178 3954 2571 4025 principatum
2604 3954 2840 4024 quidem
2871 3971 3044 4008 suum
3100 3954 3362 4025 legitimo
3412 3954 3751 4009 transmisit

2095 4044 2418 4097 successori
2461 4042 2787 4113 Nicephoro
2823 4042 2961 4111 ﬁlio,
2996 4044 3157 4097 fratri
3193 4048 3388 4097 autem
3414 4044 3542 4113 ejus
3565 4042 3749 4099 notho

2092 4132 2305 4186 Joanni
2342 4149 2455 4185 non
2510 4148 2746 4201 parvam
2801 4133 3099 4202 regionem
3158 4132 3449 4202 propriam
3501 4134 3750 4202 excepit,

2095 4237 2211 4291 qua
2243 4221 2291 4275 is
2315 4220 2425 4275 sibi
2461 4219 2740 4290 peculiari
2777 4222 3069 4275 frueretur
3092 4219 3266 4288 5308
3291 4237 3356 4274 ac
3386 4220 3752 4291 Nicephorus

2094 4310 2333 4379 quidem
2367 4313 2679 4364 contentus
2714 4327 2821 4364 sua
2853 4315 3009 4365 sorte
3036 4312 3230 4381 quiete
3254 4311 3752 4381 agebat,Joannes

2092 4416 2225 4453 vero
2275 4398 2521 4467 inquieti
2570 4398 2657 4451 vir
2712 4398 2955 4469 ingenii,
3018 4406 3274 4455 testuans
3324 4402 3475 4454 intra
3533 4400 3751 4455 limites

2095 4492 2379 4559 angustos
2411 4492 2466 4542 et
2496 4503 2802 4557 erumpere
2834 4488 3115 4556 gestiens,
3152 4489 3349 4544 fratris
3398 4498 3597 4544 tamen
3659 4489 3754 4544 di-

2093 4578 2249 4632 tione
2279 4576 2629 4641 abstinebat,
2666 4581 2897 4630 nostras
2923 4578 3033 4630 sibi
3070 4576 3355 4633 finitimas
3406 4577 3754 4633 incursabat

2094 4670 2298 4730 terras,
2346 4681 2525 4735 agens
2572 4663 2881 4735 l'erensque
2918 4666 3206 4737 quidquid
3268 4671 3620 4722 occurreret.
3674 4666 3751 4721 Ea

2090 4755 2306 4824 injuria
2335 4754 2654 4823 imperator
2685 4754 2916 4825 cognita
2950 4755 3100 4809 bello
3136 4760 3326 4810 tamen
3357 4757 3744 4811 adoriendum

2090 4861 2204 4899 non
2273 4844 2499 4913 putavit
2557 4843 2835 4911 juvenem
2897 4844 3307 4914 prazl'crvidum
3363 4850 3419 4899 et
3488 4847 3748 4902 novitate

2092 4934 2457 5003 principatus
2486 4934 2809 5002 projectum
2837 4934 2905 4986 ad
2928 4934 3260 4987 audendum
3289 4934 3541 5003 quidvis,
3565 4936 3751 4991 tutius

2091 5022 2411 5077 arbitratus
2444 5020 2746 5075 insinuare
2778 5039 2837 5075 se
2862 5021 3231 5092 ipsifpacatis
3264 5022 3512 5089 artibus,
3544 5028 3601 5077 et
3622 5024 3752 5078 afﬁ-

2092 5111 2292 5166 nitatis
2342 5128 2476 5166 cum
2524 5112 2963 5166 necessitudine
3011 5112 3325 5166 conciliare
3374 5113 3505 5169 sibi.
3560 5116 3751 5178 Quare

2093 5202 2339 5255 ferocem
2374 5202 2503 5269 ejus
2561 5203 2827 5255 animum
2882 5200 3169 5272 legatione
3216 5202 3429 5257 blande
3489 5204 3747 5274 supplici

2090 5290 2403 5357 deliniens,
2440 5288 2737 5344 hominem
2792 5291 2861 5345 ad
2913 5307 3112 5361 pacem
3171 5291 3436 5346 invitavit
3495 5292 3748 5362 nuptiali

2090 5380 2303 5434 foedere
2332 5380 2703 5445 firmandam,
2734 5378 3057 5450 ﬁlia,quam
3095 5381 3143 5434 is
3178 5380 3430 5434 habebat
3456 5381 3747 5451 nubilem,

2091 5470 2327 5524 cuidam
2370 5484 2437 5522 ex
2489 5468 2865 5538 imperatoris
2915 5470 3372 5539 consanguineis
3415 5471 3749 5541 jungenda.

2092 5560 2225 5612 Erat
2254 5556 2347 5611 hic
2373 5558 2628 5613 Joannes
2651 5556 2845 5611 indole
2869 5562 3168 5622 strenuus,
3189 5575 3366 5613 manu
3410 5564 3747 5631 promptus,

2092 5647 2326 5717 ingenio
2360 5664 2641 5718 praeceps,
2678 5653 2733 5699 et
2766 5662 3116 5717 quocunque
3142 5648 3528 5719 incumberet,
3574 5650 3741 5705 vehe°

2091 5736 2282 5805 niens,
2316 5737 2386 5791 ad
2420 5735 2539 5791 hac
2577 5751 2683 5791 usu
2718 5735 3001 5806 praeditus
3033 5738 3116 5791 rei
3149 5736 3425 5794 militaris
3454 5741 3640 5809 tanto,
3680 5744 3750 5797 ut
