4112 6412
369 415 478 470 757

1416 417 1514 470 DE
1552 415 1926 470 MICHAELB
1964 413 2412 472 PALBOLOGO
2447 418 2582 471 LIB.
2621 417 2721 472 IV.

3685 408 3794 467 758

370 537 640 614 θυγατέρα
675 579 688 606 ,
741 531 1000 592 ἐϐούλετο
1061 533 1151 590 διὰ
1207 535 1411 607 κήδους
1472 531 1871 612 βεϐαιώσασθαι
1928 537 2026 606 τὴν
2060 541 2244 608 Ατει,
2305 537 2357 592 οἷ
2413 534 2458 592 δ’
2519 537 2609 592 ὑπ’
2665 535 2854 610 ἐκείνῳ
2909 534 3116 592 πολλοί
3152 557 3211 591 τε
3243 534 3392 598 ὅντες
3422 535 3513 590 καὶ
3548 534 3791 611 μέγιστοι

373 630 623 704 εἰρήνην.
679 628 779 682 Ἦν
830 627 930 701 γὰρ
980 625 1068 681 καὶ
1100 623 1289 687 ἄλλως
1331 627 1359 680 ὁ
1392 625 1644 696 Ἰωάννης
1676 624 2029 702 δραστήριος,

374 718 450 779 ὡς
497 717 587 772 καὶ
644 719 714 788 τῇ
766 719 873 768 τῶν
907 713 1357 786 ἐπιτηδευμάτων
1389 714 1660 790 ταχύτητι
1691 716 1783 769 σὺν
1806 717 1877 788 τῇ
1905 714 2029 788 περὶ

371 808 464 870 τὰς
525 805 707 880 μάχας
764 803 972 858 συνέσει
1030 803 1121 857 καὶ
1176 803 1297 858 λίαν
1357 803 1754 878 ἀριστουργεῖν,
1812 806 1901 859 καὶ
1956 804 2031 865 εἷς

372 895 492 958 δέος
549 896 640 949 τὸν
703 891 971 963 δεσπότην
1004 891 1276 955 πολλάκις
1319 891 1502 961 ἐτίθει,
1556 895 1779 966 μήπως
1809 894 1896 947 καὶ
1933 893 2028 947 αὐ-

367 986 460 1041 τὸν
491 981 956 1054 ἐπιτηδευόμενος
983 981 1422 1057 παρακρούσαιτο
1467 983 1556 1036 καὶ
1613 982 1682 1056 τῇ
1733 989 1833 1051 τῆς
1874 983 2032 1052 νίκης

369 1072 556 1146 ἀδοξίᾳ
605 1066 928 1146 περιϐαλεῖν
964 1067 1250 1140 δυνηθείη.
1311 1071 1409 1124 Διά
1438 1075 1602 1126 ταῦτα
1650 1071 1740 1126 καὶ
1800 1071 2030 1133 σπεύσας

369 1164 397 1219 ὁ
460 1159 717 1238 βασιλεὺς
774 1161 895 1214 Λίαν
957 1164 1140 1238 σοφῶς
1197 1181 1257 1215 τε
1286 1160 1376 1214 καὶ
1407 1159 1667 1238 ἀσφαλῶς
1694 1162 1794 1229 τὴν
1821 1161 2028 1216 ἐκείνου

367 1246 886 1328 προκατελάμϐανεν
968 1247 1197 1320 εὔνοιαν,
1275 1249 1366 1304 καὶ
1447 1251 1547 1317 τὴν
1614 1248 1875 1324 θυγατέρα
1931 1255 2026 1304 τοῦ

368 1340 619 1400 Ἰωάννου
675 1345 756 1413 τῷ
816 1341 1024 1414 ἀνεψιῷ
1081 1339 1247 1394 αὐτοῦ
1303 1337 1393 1393 καὶ
1433 1339 1535 1410 υἱῷ
1564 1344 1642 1410 τῷ
1670 1346 1771 1407 τῆς
1809 1340 2029 1412 Μάρθας

363 1429 724 1508 Ἀνδρονίκῳ,
783 1431 1005 1504 πέμψας
1060 1428 1150 1483 καὶ
1214 1427 1306 1482 σὺν
1365 1427 1465 1483 οὐκ
1512 1426 1674 1505 ὀλίγῃ
1720 1432 1858 1502 τιμῇ
1889 1427 2025 1502 ἀγα-

365 1522 519 1596 γὼν,
589 1520 667 1581 είς
723 1520 899 1594 γάμον
960 1515 1140 1573 ἐδίδου
1175 1562 1192 1587 ,
1251 1517 1538 1588 ὀνομάζων
1594 1517 1645 1587 ἐξ
1699 1515 2025 1589 ἀξιωμάτων

365 1611 456 1666 τὸν
505 1605 754 1684 γαμϐρὸν
819 1609 986 1682 μέγαν
1045 1603 1442 1675 κονοσταῢλον,
1505 1607 1597 1660 τὸν
1654 1604 1711 1660 δὲ
1767 1608 2021 1680 πενθερὸν

366 1696 621 1768 Ἰωάννην
707 1692 1196 1771 σεϐαστοκράτορα.
1289 1695 1384 1752 Καὶ
1458 1699 1539 1766 τῷ
1627 1695 1720 1766 μὲν
1803 1697 2020 1770 Ἰωάννῃ

368 1785 654 1844 ἐσπένδετο
713 1784 803 1841 διὰ
864 1789 1052 1853 ταῦτα,
1107 1786 1198 1839 καὶ
1258 1783 1381 1840 ὅσον
1441 1783 1503 1838 τὸ
1566 1785 1729 1857 μέρος
1791 1782 2020 1853 ἐκείνου,

2141 626 2216 688 εἷς
2301 624 2580 701 λοχαγοὺς
2639 625 2728 680 καί
2801 626 3199 701 ταγματάρχας
3254 625 3344 680 καὶ
3406 624 3657 696 κόμητας
3700 624 3792 679 καὶ

2137 719 2451 792 ναυάρχους
2527 718 2812 772 ἐτάττοντο
2851 760 2863 772 .
2948 718 3008 774 Ὀ
3066 717 3170 790 γὰρ
3221 716 3417 777 στόλος
3470 714 3647 776 πολὺς
3702 717 3792 770 καὶ

2138 804 2376 867 πολλαῖς
2432 805 2615 860 ναυσὶν
2645 806 2955 881 ἐξηρτύετο,
2983 805 3078 868 τὰς
3116 805 3298 877 μέντοι
3329 826 3390 878 γε
3418 809 3548 866 ναῦς
3606 801 3796 879 ἄνδρες

2139 895 2417 966 ἒπλήρουν
2474 895 2761 965 νεανικοὶ,
2821 896 2916 956 τὰς
2971 894 3146 970 ὁρμὰς
3203 893 3431 954 καὶτὰς
3489 893 3797 968 προθυμίας

2138 984 2460 1040 λα’-δ
2846 988 2870 1016 -‘
3020 985 3071 1041 ’λ
3179 991 3214 1038 r
3365 981 3433 1037 *λ

2213 1007 2486 1062 φυκτικο,
2549 1007 2599 1039 οι
2660 1007 2759 1040 ανα
2812 1008 2912 1054 την
2963 1007 3031 1040 πο
3081 1007 3123 1038 ιν
3219 1005 3395 1058 ασμου
3441 1005 3490 1037 οι
3523 989 3640 1054 (ους
3671 1005 3729 1036 αν
3764 985 3792 1038 ὁ

2136 1074 2408 1146 Ῥωμαῖος
2489 1071 2708 1149 διγενεῖς
2789 1072 2957 1142 εἶ’ποι)
3045 1076 3106 1128 ὲκ
3161 1072 3451 1146 Ῥωμαίων
3521 1077 3792 1147 γυναικῶν

2136 1164 2480 1238 γεννηθέντες
2535 1168 2652 1225 τοῖς
2686 1162 2943 1232 Ἰταλοῖς,
2986 1161 3150 1218 ἄλλοι
3204 1184 3263 1217 τε
3311 1161 3563 1217 πλεῖστοι
3594 1160 3654 1216 ἐκ
3681 1167 3790 1217 τῶν

2137 1254 2435 1321 Λακώνων,
2497 1253 2588 1316 οὓς
2643 1253 2733 1308 καὶ
2769 1253 3053 1322 Τζάκωνας
3083 1251 3540 1330 παραφθείροντες
3572 1246 3788 1327 ἔλεγον,

2136 1340 2228 1405 οὓς
2259 1339 2318 1396 ἔκ
2340 1363 2400 1396 τε
2449 1341 2662 1415 Μορέου
2721 1342 2809 1396 καὶ
2842 1347 2948 1396 τῶν
2993 1339 3226 1396 δυτικῶν
3260 1344 3461 1416 μερῶν,
3518 1341 3632 1413 ἅμα
3690 1342 3786 1414 μὲν

2133 1429 2525 1504 πολλοὺς,ἅμα
2552 1429 2608 1486 δὲ
2637 1432 2725 1486 καὶ
2763 1431 3068 1507 μαχίμους,
3104 1431 3216 1504 ἅμα
3237 1431 3446 1506 γυναιξῖ
3469 1430 3556 1484 καὶ
3577 1430 3787 1492 τέκνοις

2135 1518 2212 1584 εἷς
2240 1519 2814 1575 Κωνσταντινούπολιν
2853 1521 3147 1592 μετῴκιζεν
3205 1520 3233 1573 ὁ
3282 1523 3514 1590 κρατῶν.
3546 1519 3713 1572 Ἦσαν
3737 1515 3784 1572 δ’

2133 1606 2319 1670 αὐτοῖς
2373 1606 2465 1661 καὶ
2495 1606 2572 1672 ,εἰς
2606 1607 2890 1682 ὑπηρετῶν
2922 1607 3069 1679 τάξιν
3129 1607 3181 1660 οἱ
3229 1605 3565 1678 πανταχόθεν
3592 1625 3786 1680 προσε-

2134 1694 2360 1763 λῶντες,
2390 1696 2464 1758 ὡς
2492 1695 2645 1757 εἷ’τις
2670 1695 2815 1750 εἷ’ποι
2837 1700 2986 1763 νηῶν
3019 1695 3093 1756 εἷς
3121 1695 3182 1748 τὸ
3199 1695 3430 1770 πρόσθεν
3453 1691 3660 1765 ὲλάται,
3693 1691 3784 1755 οὓς

2131 1788 2415 1860 πανταχοῦ
2445 1789 2551 1839 τῶν
2585 1786 2700 1840 κατ’
2729 1784 3012 1861 αἰγιαλοὺς
3061 1789 3262 1859 χωρῶν
3323 1783 3525 1845 καλούς
3579 1803 3639 1837 τε
3693 1784 3786 1837 καὶ

369 1876 658 1950 ἀνακωχὰς
714 1874 776 1929 οὐ
834 1874 930 1936 τὰς
995 1873 1194 1948 μικρὰς
1246 1874 1396 1947 εἶχον
1449 1873 1518 1928 τὰ
1571 1877 1679 1926 τῶν
1737 1872 2019 1944 Ῥωμαίων
2055 1872 2424 1978 Βπλείστους
2452 1873 2707 1945 ἀπέταξεν
2767 1874 2793 1927 ὁ
2833 1878 3068 1946 κρατῶν·
3123 1874 3188 1928 οὑ
3245 1872 3348 1946 γὰρ
3409 1872 3474 1940 ἧν
3521 1871 3783 1948 ἀσφαλῶς

579 1965 591 1978 ,
804 1959 1691 1978 η,.‹ικ.-ς-,
2240 1959 3655 1978 ..,κ.,η,.,.,οκ

373 1965 766 2039 στρατεύματα.
801 1963 879 2020 Ού
915 1964 1020 2035 μὴν
1056 1959 1114 2017 δὲ
1144 1961 1233 2017 καὶ
1265 1968 1372 2016 τῶν
1425 1961 1636 2016 λοιπῶν
1668 1962 2018 2039 ἀποπεφρον-

372 2053 529 2125 τίκει,
587 2051 734 2109 ἀλλὰ
791 2051 966 2116 πολὺς
1024 2055 1089 2122 ἦν
1151 2048 1294 2107 ἔνθεν
1361 2052 1454 2123 μὶν
1516 2051 1575 2106 ἐκ
1631 2050 1907 2122 θαλάσσης
1944 2056 2022 2124 τῷ

370 2147 606 2214 ναυτικῷ
661 2142 969 2217 χρώμενος,
1030 2141 1229 2204 ἐκεῖθεν
1289 2139 1346 2194 δὲ
1378 2141 1514 2195 κατὰ
1551 2148 1651 2214 γῆν
1683 2137 2022 2216 Τριϐαλλοῖς

367 2253 426 2288 τι
479 2234 571 2287 καὶ
630 2230 926 2306 Ἰλλυριοῖς
987 2230 1348 2304 προσεπέχων
1385 2273 1398 2286 .
1463 2230 1561 2284 Καὶ
1637 2229 1700 2284 τὸ
1775 2231 2026 2285 ναυτικὸν

368 2322 500 2398 ἦγεν
555 2321 693 2395 ἀνὴρ
752 2325 997 2395 γενναῖος
1045 2320 1072 2374 ὁ
1135 2318 1628 2394 Φιλανθρωπηνὸς,
1671 2320 2025 2394 πρωτοστρά-

364 2431 478 2486 τωρ
532 2411 626 2484 μὲν
679 2410 728 2483 ἒξ
779 2410 950 2483 ἀξίας,
982 2413 1079 2463 τοῦ
1141 2406 1198 2463 δὲ
1258 2407 1498 2482 μεγάλου
1558 2406 1751 2470 δουκὸς
1786 2409 2026 2484 Λάσκαρι

367 2499 572 2575 ἐξώρου
623 2495 778 2561 ὄντος
837 2496 945 2569 ἤδη
975 2499 1066 2552 καὶ
1118 2499 1194 2570 μὴ
1244 2495 1362 2551 θ’ίου
1394 2518 1450 2551 τε
1479 2496 1748 2569 πολέμοις
1795 2499 2023 2574 ἐνασχο-

367 2589 583 2653 λεῖσθαι
642 2589 732 2644 καὶ
788 2588 996 2664 μάχαις
1038 2588 1101 2642 τὸ
1153 2594 1329 2662 γῆρας
1391 2585 1602 2660 ἀνέχων
1664 2590 1744 2659 [Ρ.
1777 2591 1906 2661 209]
1937 2588 2027 2642 καὶ

366 2679 467 2748 τὴν
492 2677 701 2732 ἐκείνου
729 2675 878 2747 τάξιν
912 2674 1271 2752 ἀναπληρῶν.
1329 2675 1425 2729 Καὶ
1480 2675 1508 2728 ὁ
1552 2675 1648 2746 μὲν
1705 2675 2026 2752 Φιλανθρω-

369 2769 544 2838 πηνὸς
578 2767 868 2844 ἆπεφέρετο
923 2767 992 2820 τὰ
1047 2769 1290 2840 πρωτεῖα
1319 2765 1408 2819 καί
1465 2768 1589 2826 τοῖς
1620 2764 1772 2827 ὅλοις
1801 2763 2028 2820 ἐπεστάσ

379 3001 452 3041 ne
485 2986 720 3041 fratrem
755 2983 995 3057 quidem
1023 2999 1200 3039 suum
1249 2987 1335 3040 tot
1381 2984 1755 3040 successibus
1802 2984 2028 3040 bellicis

384 3073 610 3128 clarum
641 3076 944 3144 despotam
971 3073 1258 3128 Joannem
1291 3077 1421 3128 tuto
1454 3090 1587 3128 cum
1629 3091 1696 3128 eo
1741 3074 2026 3128 committi

381 3179 552 3235 posse
582 3162 902 3234 imperator
931 3162 1473 3228 duceret,metuens
1497 3166 1736 3217 Martem
1763 3178 2026 3217 commu-
2061 3204 2104 3269 G

380 3268 510 3308 nem
526 3251 978 3322 anticipitesque
993 3250 1318 3321 praeliorum
1332 3267 1640 3318 easus,nec
1657 3251 1803 3307 satis
1821 3252 2030 3316 fidens,

377 3343 426 3397 si
460 3341 747 3398 bellarent
779 3340 1054 3407 invicem,
1091 3357 1392 3410 nunquam
1422 3345 1771 3395 eventurum
1819 3346 1882 3394 ut
1930 3345 2033 3395 aut

375 3431 430 3486 vi
447 3434 648 3500 aperta
665 3432 978 3501 superatus
999 3433 1101 3482 aut
1119 3429 1321 3484 fraude
1337 3429 1773 3484 circumventus
1787 3430 2034 3501 despota

378 3518 806 3591 praeteritarum
829 3517 1039 3572 decora
1061 3516 1392 3587 palmarum
1419 3518 1694 3587 pudenda
1718 3517 1884 3572 clade
1906 3534 2031 3571 cor-

377 3612 698 3680 rumperet.
732 3606 862 3662 Haee
893 3623 996 3676 pro
1027 3623 1135 3662 sua
1169 3607 1480 3678 prudentia
1513 3608 1832 3677 imperator
1865 3623 2031 3678 repu-

375 3701 534 3762 tans,
572 3697 809 3768 provido
840 3710 1169 3765 securaque
1207 3695 1454 3751 consilio
1504 3713 1911 3765 praeoccupare
1966 3713 2032 3752 ac

377 3785 673 3842 devincire
723 3785 836 3840 sibi
875 3783 1271 3856 periculosum
1320 3785 1723 3840 adversarium
1758 3786 2030 3849 decrevit,

377 3879 437 3931 et
458 3879 810 3930 consecutus
836 3874 990 3944 quod
1027 3877 1254 3943 optaret
1275 3872 1603 3937 videbatur,
1641 3873 1758 3928 ﬁlia
1786 3875 2032 3930 Joannis

376 3965 574 4032 istius,
597 3965 669 4019 de
699 3979 817 4035 qua
847 3963 988 4033 dixi,
1022 3962 1334 4034 splendido
1367 3980 1401 4018 a
1431 3978 1494 4018 se
1530 3963 1714 4018 misso
1746 3965 2028 4018 comitatu

377 4070 409 4109 e
439 4058 680 4124 paterna
707 4054 883 4108 domo
914 4051 1485 4122 Constantinopolim
1521 4053 1798 4120 deducta,
1852 4051 2028 4107 collo-

375 4143 562 4196 canda
609 4138 1016 4196 Tarchaniotaa
1064 4140 1398 4194 Andronico
1449 4141 1700 4212 Augusti
1755 4141 1948 4211 nepoti
2001 4159 2030 4196 e

373 4246 572 4287 sorore
601 4229 849 4300 Martha,
883 4230 1119 4300 quando
1151 4245 1434 4300 generum
1468 4231 1687 4301 pariter
1724 4248 2028 4287 socerum-

376 4337 490 4392 que
524 4321 685 4376 novis
715 4319 1102 4393 amplissimis
1133 4319 1520 4391 imperatoria
1552 4320 1696 4377 aulae
1727 4322 2028 4393 dignitati-

374 4426 490 4480 qus
519 4408 874 4477 bonestavit,
909 4412 1178 4481 nepotem
1232 4408 1467 4478 quidem
1520 4426 1691 4465 suum
1745 4427 2026 4481 magnum

375 4498 812 4564 conostaulum,
879 4497 1169 4553 Joannem
1236 4500 1432 4552 autem
1501 4499 2025 4554 sebastocratorem

2130 1963 2379 2038 κατέχειν
2412 1964 2508 2032 τὴν
2539 1961 2701 2017 πόλιν
2734 1963 2862 2025 τοὺς
2919 1963 3247 2034 Ῥωμαίους,
3281 1962 3354 2024 ὡς
3386 1961 3548 2024 αὐτὸς
3605 1959 3778 2038 ἔλεγε,

2137 2054 2211 2125 μή
2244 2053 2306 2105 τὸ
2335 2057 2437 2106 πᾶν
2471 2051 3065 2126 θαλασσοκρατοῦντας.

2131 2169 2230 2242 κζ’]
2264 2170 2455 2242 ’Όπως
2486 2169 2572 2222 καὶ
2597 2169 2836 2242 ,ὁπόσαις
2886 2166 3144 2242 δυνάμεσι
3207 2167 3638 2242 στρατηγούντος
3689 2168 3786 2242 τοῦ

2207 2236 2491 2308 δεσπότου,
2524 2241 2612 2314 καὶ
2648 2241 2736 2314 ἐπὶ
2766 2246 2888 2314 τοῖς
2914 2236 3155 2314 δυτικοῖς
3187 2236 3452 2314 συχνάκις
3481 2237 3791 2313 ἐπιχωριά-

2210 2317 2420 2381 ζοντος,
2443 2314 2511 2367 τὰ
2537 2311 2837 2367 ἀνατολικά
2869 2311 3175 2367 ἀπώλοντο.

2206 2409 2327 2464 Τῶν
2359 2411 2459 2484 γὰρ
2518 2410 2658 2464 κατὰ
2710 2417 2814 2484 γῆν
2863 2407 3131 2480 δεσπότης
3180 2409 3440 2478 Ἰωάννης
3489 2408 3793 2483 ἐξηγούμε-

2135 2518 2226 2560 νος
2256 2496 2506 2560 πολλοὺς
2534 2501 2625 2554 καὶ
2689 2498 2965 2574 μεγάλους
3026 2499 3171 2575 εἶχεν
3231 2499 3316 2576 ὑφ’
3370 2498 3518 2570 αύτῷ
3565 2518 3797 2572 στρατη-

2136 2586 2286 2662 γοὺς,
2342 2588 2406 2641 τὸ
2464 2585 2523 2642 δὲ
2581 2589 2968 2664 στρατιωτικὸν
3030 2589 3081 2643 ἓν
3152 2587 3458 2662 ἀλλαγίοις,
3519 2589 3594 2651 ὡς
3640 2585 3794 2642 αὐτοὶ

2139 2681 2290 2750 φαῖεν
2347 2673 2406 2729 ἂν
2467 2677 2518 2730 οἱ
2578 2676 2818 2731 ἐπὶτῶν
2883 2676 3178 2752 ταγμάτων
3251 2675 3740 2752 κοινολογούμενοι
3777 2719 3792 2745 ,

2137 2765 2415 2830 πλείστοις
2473 2767 2788 2824 συνίσταντο
2824 2812 2839 2826 .
2899 2771 2999 2826 Ἦν
3078 2771 3180 2846 γὰρ
3233 2769 3296 2824 τὸ
3375 2767 3790 2843 Παφλαγονικὸν

2139 2990 2289 3040 state
2319 2984 2550 3040 cunctis
2598 2985 2908 3041 navalibus
2957 2986 3144 3058 copiis
3191 2987 3522 3058 praefectus,
3572 2987 3684 3043 sub
3734 3002 3794 3044 se

2139 3081 2337 3129 autem
2360 3073 2619 3129 habebat
2640 3073 2860 3130 multos
2885 3081 2943 3130 et
2969 3076 3260 3132 maximos
3281 3076 3472 3132 titulis
3496 3077 3795 3148 praefectu-

2144 3179 2344 3219 rarum
2403 3163 2783 3219 inferioribus
2836 3165 3118 3236 insignes,
3175 3165 3472 3232 tribunos,
3519 3167 3793 3221 ordinum

2143 3253 2712 3320 ductores,comites,
2735 3253 3309 3310 navarcbos.Classis
3331 3255 3550 3326 quippe
3582 3271 3798 3327 magna

2141 3348 2286 3412 erat,
2319 3342 2544 3413 ingenti
2579 3347 2859 3397 constans
2906 3360 3150 3399 numero
3198 3345 3437 3400 navium
3484 3344 3794 3416 plenarum

2142 3432 2282 3487 ﬂore
2314 3431 2597 3503 pugnacis
2626 3436 2684 3487 et
2710 3433 2889 3488 avidae
2922 3434 3253 3504 praedarum
3278 3433 3797 3503 juventutis.Pars

2143 3519 2321 3591 hujus
2345 3537 2412 3575 ex
2436 3521 2580 3575 urbe
2603 3520 3050 3591 Gasmuli,quos
3083 3527 3383 3577 Romanus
3416 3523 3798 3593 digenes,hoc

2142 3614 2233 3665 est
2263 3609 2482 3680 duplici
2517 3609 2727 3665 mistos
2757 3627 2967 3681 genere
3000 3611 3236 3679 diceret,
3271 3629 3300 3666 e
3335 3611 3614 3667 Romanis
3665 3629 3798 3667 mu-

2142 3697 2385 3753 lieribus
2407 3703 2466 3753 et
2493 3699 2633 3752 viris
2669 3699 2830 3753 [talis
2866 3706 3055 3764 natos,
3089 3699 3188 3755 alii
3225 3699 3485 3771 plerique
3516 3718 3584 3756 ex
3616 3702 3796 3756 Laco-

2145 3785 2318 3840 nibus
2353 3786 2481 3854 (bos
2510 3786 2725 3857 vulgus
2751 3793 3021 3856 corrupte
3052 3789 3350 3843 Tzaconas
3389 3789 3599 3860 vocat),
3645 3806 3794 3860 quos

2143 3875 2224 3928 uti
2253 3891 2321 3928 ex
2345 3874 2652 3943 Moreo,sic
2686 3874 2833 3931 alios
2867 3892 2934 3930 ex
2965 3877 3241 3931 Occiduis
3277 3878 3794 3948 partibus,multos

2141 3963 2575 4033 bellicososque
2606 3979 2738 4018 cum
2782 3964 3061 4020 uxoribus
3081 3975 3135 4020 et
3154 3965 3356 4021 liberis
3378 3968 3792 4024 Constantino-

2141 4052 2320 4124 polim
2345 4055 2414 4108 ad
2444 4053 2645 4107 urbem
2672 4054 3162 4124 frequentandam
3185 4054 3506 4124 imperator
3525 4060 3790 4112 transtu-

2138 4141 2307 4197 lerat.
2343 4143 2602 4195 Aderaat
2625 4141 2716 4196 his
2737 4143 2972 4196 abunde
2996 4143 3098 4213 qui
3131 4144 3419 4198 servirent
3449 4145 3795 4202 ministeriis

2141 4230 2394 4286 nauticis
2417 4231 2810 4299 undecunque
2838 4232 3201 4303 coacti,quos
3224 4232 3600 4289 Proselontas
3622 4233 3795 4307 vulgo

2138 4326 2367 4384 vocant,
2401 4319 2570 4389 quasi
2605 4320 2800 4374 dicere
2835 4319 3069 4374 navium
3106 4321 3164 4374 in
3217 4322 3510 4377 anteriora
3557 4312 3795 4394 pro'pul-

2141 4425 2326 4473 sores,
2357 4407 2747 4464 valentissimi
2781 4408 3056 4480 remiges,
3091 4425 3239 4480 quos
3271 4427 3302 4465 e
3332 4414 3542 4466 cuncta
3571 4411 3794 4468 circum

2138 4515 2240 4554 ora
2261 4497 2562 4552 maritima
2594 4499 3043 4553 robustissimos
3065 4504 3122 4554 et
3145 4497 3429 4569 plurimos
3451 4501 3794 4573 congregari

373 4603 604 4644 oreans.
655 4589 718 4643 In
770 4587 928 4642 hunc
976 4586 1218 4642 modum
1268 4602 1379 4658 pax
1430 4603 1562 4642 cum
1613 4587 1766 4642 809
1809 4587 2034 4642 Joanne
2066 4581 2111 4644 D
2145 4591 2449 4642 curaverat
2469 4586 3325 4660 Augustus,intelligens,310
3347 4590 3502 4659 quod
3529 4594 3584 4644 et
3604 4591 3794 4646 dicere

376 4677 785 4744 constituta,et
813 4676 982 4748 quies
1012 4675 1084 4731 ab
1117 4675 1226 4730 hac
1258 4675 1498 4745 quidem
1531 4680 1694 4746 parte
1723 4676 2029 4732 securitas-

376 4784 493 4840 que
524 4784 639 4823 non
673 4766 882 4839 exigua
909 4767 1142 4821 ﬁrmata
1181 4765 1467 4820 Romanis
1517 4770 1607 4822 est
1652 4766 2024 4822 exercitibus.

373 4859 486 4914 Sed
521 4873 614 4913 me
645 4856 868 4928 reliqua
897 4871 1102 4911 curare
1131 4855 1454 4926 imperator
1487 4853 1840 4926 negligebat,
1893 4854 2030 4909 hinc

377 4946 617 5018 quidem
641 4946 700 5000 in
725 4945 872 5000 mari
901 4948 1141 5000 strenue
1164 4943 1355 4998 classe
1387 4959 1508 4997 rem
1543 4959 1774 5015 gerens,
1810 4943 1941 4997 inde
1969 4942 2028 4998 in

375 5036 715 5092 continente
738 5049 855 5088 non
878 5031 1121 5105 segnius
1142 5031 1524 5087 terrestribus
1539 5031 1720 5104 copiis
1743 5031 2031 5088 Triballos

374 5124 728 5197 Illyriosque
757 5123 1078 5180 observans
1105 5125 1162 5177 et
1190 5122 1424 5176 admoto
1456 5121 1594 5177 mali
1629 5127 1784 5177 metu
1829 5121 1890 5176 in
1940 5121 2027 5177 of-

373 5214 508 5270 ﬁcio
531 5213 862 5270 continens.
895 5210 1082 5268 Classi
1115 5215 1360 5282 praeerat
1394 5209 1911 5283 Pbilantropenus,
1945 5212 2032 5265 vir

372 5303 566 5368 fortis,
593 5302 879 5374 dignitate
902 5301 1138 5356 interim
1169 5303 1579 5371 protostrator,
1605 5305 1871 5355 caeterum
1908 5317 2028 5356 ma-

371 5393 474 5464 gni
506 5391 676 5448 ducis
711 5391 1004 5458 Lascaris,
1034 5406 1154 5445 aevo
1177 5391 1298 5460 jam
1331 5389 1483 5444 effeti
1514 5405 1620 5444 nec
1648 5406 1752 5459 per
1799 5394 2028 5446 aetatem

375 5483 496 5537 fere
525 5480 888 5552 decrepitam
919 5478 1177 5551 amplius
1226 5478 1346 5548 apti
1401 5478 1556 5533 curis
1608 5478 2031 5550 laboribusque

375 5569 628 5636 bellicis,
661 5571 720 5625 in
745 5569 845 5625 illo
870 5569 1113 5624 maximi
1135 5567 1376 5622 honoris
1401 5566 1568 5622 titulo
1591 5569 2028 5624 successionem

380 5666 746 5731 exspectans,
777 5659 1116 5728 intereaque
1148 5656 1340 5712 locum
1373 5657 1500 5726 ejus
1525 5673 1591 5710 ac
1620 5657 1775 5712 vices
1804 5657 2026 5712 obiens.

381 5751 463 5806 Ac
513 5747 1008 5820 Philantropenus
1066 5744 1300 5817 quidem
1353 5761 1630 5817 suprema
1688 5750 1813 5802 erat
1867 5752 2030 5818 pote-

2140 4675 2388 4742 solebat,
2423 4692 2730 4747 nunquam
2764 4675 2819 4731 in
2858 4676 3001 4732 urbe
3032 4693 3272 4732 securos
3301 4681 3596 4733 Romanos
3648 4680 3787 4746 fore,

2140 4765 2254 4820 nisi
2287 4769 2408 4820 toto
2439 4765 2556 4820 late
2586 4765 2730 4819 mari
2767 4764 2954 4820 classe
2982 4765 3200 4820 invicta
3230 4765 3696 4822 dominarentur.

2137 4880 2311 4935 27.Ut
2343 4880 2605 4952 Romanis
2633 4879 2898 4935 maximi:
2925 4881 3118 4950 copiis,
3149 4879 3286 4935 duce
3313 4880 3534 4952 despota
3558 4883 3790 4952 Joanne,

2209 4952 2416 5034 creb_ro_
2453 4951 2514 5006 in
2571 4952 2836 5010 Occiduos
2900 4956 3113 5006 tractus
3179 4951 3414 5018 aversis,
3463 4956 3792 5010 Orientales

2207 5031 2498 5094 perierint.

2211 5119 2356 5175 Nam
2392 5125 2548 5176 terra
2593 5121 2653 5176 in
2699 5125 2825 5177 tuto
2875 5139 2970 5176 res
3020 5121 3394 5190 videbantur,
3441 5121 3666 5178 Joanne
3714 5124 3795 5180 ibi

2141 5211 2388 5280 despota
2419 5210 2625 5266 multis
2659 5211 3054 5282 maximisque
3082 5227 3193 5266 suo
3225 5227 3287 5266 se
3317 5211 3566 5268 ducibus
3599 5229 3802 5270 nume-

2141 5315 2307 5354 rosas
2358 5303 2416 5353 et
2456 5299 2643 5354 bonas
2699 5301 2902 5369 copias
2957 5303 3218 5368 regente.
3271 5299 3651 5356 Conflabatur
3703 5302 3800 5359 hic

2141 5387 2432 5443 exercitus
2465 5405 2534 5442 ex
2563 5389 2974 5444 differentibus
3007 5388 3351 5460 corporibus
3383 5396 3442 5444 et
3471 5392 3633 5445 velut
3679 5393 3798 5447 col-

2140 5478 2289 5550 legis
2341 5477 2620 5544 militum,
2672 5495 2800 5549 qua;
2851 5478 3080 5549 Allagio
3130 5478 3323 5534 solent
3371 5480 3664 5551 appellare
3694 5483 3796 5554 qui

2141 5567 2489 5622 militarium
2516 5567 2800 5622 vocabula
2831 5569 3106 5622 ordinum
3139 5567 3340 5639 lingua
3372 5568 3622 5624 eﬂ‘erunt
3664 5571 3794 5626 vul-

2140 5658 2284 5730 gari.
2323 5661 2515 5712 Unum
2548 5663 2672 5714 erat
2719 5659 3242 5731 Paphlagonicum,
3296 5675 3679 5716 numerosum
3729 5669 3788 5718 et

2143 5746 2654 5819 maximum,aliud
2684 5765 2819 5806 cum
2850 5755 2908 5806 et
2937 5749 3133 5820 ipsum
3166 5747 3545 5805 multitudine
3573 5754 3699 5808 tum
3727 5753 3785 5809 vi
