  <div class='ocr_page' id='page_1' title='image "/cluster/home/n/w/nwhite01/storage/ocr_20150623/143:no.1/coo.31924054870484/387.png"; bbox 0 0 4112 6472; ppageno 0'>
   <div class='ocr_carea' id='block_1_1' title="bbox 272 421 385 478">
    <p class='ocr_par' dir='ltr' id='par_1_1' title="bbox 272 421 385 478">
     <span class='ocr_line' id='line_1_1' title="bbox 272 421 385 478; baseline -0.009 0"><span class='ocrx_word' id='word_1_1' title='bbox 272 421 385 478; x_wconf 83' lang='lat'><strong>759</strong></span> 
     </span>
    </p>
   </div>
   <div class='ocr_carea' id='block_1_2' title="bbox 1584 420 2398 483">
    <p class='ocr_par' dir='ltr' id='par_1_2' title="bbox 1584 420 2398 483">
     <span class='ocr_line' id='line_1_2' title="bbox 1584 420 2398 483; baseline 0.005 -4"><span class='ocrx_word' id='word_1_2' title='bbox 1584 420 1890 479; x_wconf 71' lang='lat' dir='ltr'><strong>GEORGII</strong></span> <span class='ocrx_word' id='word_1_3' title='bbox 1926 420 2398 483; x_wconf 66' lang='lat' dir='ltr'><strong>PACBYMERE</strong></span> 
     </span>
    </p>
   </div>
   <div class='ocr_carea' id='block_1_3' title="bbox 3597 423 3718 480">
    <p class='ocr_par' dir='ltr' id='par_1_3' title="bbox 3597 423 3718 480">
     <span class='ocr_line' id='line_1_3' title="bbox 3597 423 3718 480; baseline -0.008 0"><span class='ocrx_word' id='word_1_4' title='bbox 3597 423 3718 480; x_wconf 85' lang='lat'><strong>760</strong></span> 
     </span>
    </p>
   </div>
   <div class='ocr_carea' id='block_1_4' title="bbox 277 540 3712 626">
    <p class='ocr_par' dir='ltr' id='par_1_4' title="bbox 277 540 3712 626">
     <span class='ocr_line' id='line_1_4' title="bbox 277 540 3712 626; baseline 0.001 -24"><span class='ocrx_word' id='word_1_5' title='bbox 277 543 426 603; x_wconf 74' lang='grc' dir='ltr'>πολύ</span> <span class='ocrx_word' id='word_1_6' title='bbox 479 565 541 601; x_wconf 84' lang='grc' dir='ltr'><strong>τε</strong></span> <span class='ocrx_word' id='word_1_7' title='bbox 567 543 659 601; x_wconf 81' lang='grc' dir='ltr'><strong>καὶ</strong></span> <span class='ocrx_word' id='word_1_8' title='bbox 692 545 976 620; x_wconf 69' lang='grc' dir='ltr'>μέγιστον,</span> <span class='ocrx_word' id='word_1_9' title='bbox 1033 544 1101 614; x_wconf 69' lang='grc' dir='ltr'><strong>ἦν</strong></span> <span class='ocrx_word' id='word_1_10' title='bbox 1158 540 1208 598; x_wconf 85' lang='grc' dir='ltr'>δ’</span> <span class='ocrx_word' id='word_1_11' title='bbox 1237 542 1290 617; x_wconf 74' lang='grc' dir='ltr'>ἐξ</span> <span class='ocrx_word' id='word_1_12' title='bbox 1332 542 1639 614; x_wconf 85' lang='grc' dir='ltr'>Ἀλιζώνων</span> <span class='ocrx_word' id='word_1_13' title='bbox 1672 542 1930 599; x_wconf 85' lang='grc' dir='ltr'>πλεῖστον</span> <span class='ocrx_word' id='word_1_14' title='bbox 1961 546 2013 612; x_wconf 80' lang='grc' dir='ltr'>Α</span> <span class='ocrx_word' id='word_1_15' title='bbox 2041 546 2141 614; x_wconf 79' lang='grc' dir='ltr'>τὴν</span> <span class='ocrx_word' id='word_1_16' title='bbox 2193 551 2303 603; x_wconf 87' lang='grc' dir='ltr'><strong>τῶν</strong></span> <span class='ocrx_word' id='word_1_17' title='bbox 2355 547 2522 605; x_wconf 74' lang='grc' dir='ltr'>ἐθνῶν</span> <span class='ocrx_word' id='word_1_18' title='bbox 2581 549 2845 622; x_wconf 75' lang='grc' dir='ltr'><strong>ἐπίθεσιν,</strong></span> <span class='ocrx_word' id='word_1_19' title='bbox 2899 548 3037 614; x_wconf 73' lang='grc' dir='ltr'>ἄπας</span> <span class='ocrx_word' id='word_1_20' title='bbox 3072 547 3131 606; x_wconf 72' lang='grc' dir='ltr'>δὲ</span> <span class='ocrx_word' id='word_1_21' title='bbox 3160 548 3324 626; x_wconf 80' lang='grc' dir='ltr'>ζυγὸς</span> <span class='ocrx_word' id='word_1_22' title='bbox 3355 547 3561 613; x_wconf 81' lang='grc' dir='ltr'>ἐκεῖνος</span> <span class='ocrx_word' id='word_1_23' title='bbox 3593 553 3712 605; x_wconf 84' lang='grc' dir='ltr'><strong>τῶν</strong></span> 
     </span>
    </p>
   </div>
   <div class='ocr_carea' id='block_1_5' title="bbox 280 630 1935 707">
    <p class='ocr_par' dir='ltr' id='par_1_5' title="bbox 280 630 1935 707">
     <span class='ocr_line' id='line_1_5' title="bbox 280 630 1935 707; baseline -0.002 -18"><span class='ocrx_word' id='word_1_24' title='bbox 280 635 375 690; x_wconf 82' lang='grc' dir='ltr'>καὶ</span> <span class='ocrx_word' id='word_1_25' title='bbox 428 634 497 688; x_wconf 81' lang='grc' dir='ltr'><strong>τὰ</strong></span> <span class='ocrx_word' id='word_1_26' title='bbox 525 633 601 696; x_wconf 82' lang='grc' dir='ltr'><strong>είς</strong></span> <span class='ocrx_word' id='word_1_27' title='bbox 629 632 877 707; x_wconf 81' lang='grc' dir='ltr'>πόλεμον</span> <span class='ocrx_word' id='word_1_28' title='bbox 928 632 1152 707; x_wconf 82' lang='grc' dir='ltr'>ἀγαθὸν,</span> <span class='ocrx_word' id='word_1_29' title='bbox 1208 630 1299 693; x_wconf 78' lang='grc' dir='ltr'><strong>οὓς</strong></span> <span class='ocrx_word' id='word_1_30' title='bbox 1347 633 1435 686; x_wconf 85' lang='grc' dir='ltr'>καὶ</span> <span class='ocrx_word' id='word_1_31' title='bbox 1490 631 1845 695; x_wconf 86' lang='grc' dir='ltr'>Μεσοθινίτας</span> <span class='ocrx_word' id='word_1_32' title='bbox 1907 633 1935 686; x_wconf 99' lang='lat'><strong>6</strong></span> 
     </span>
    </p>
   </div>
   <div class='ocr_carea' id='block_1_6' title="bbox 283 715 1933 796">
    <p class='ocr_par' dir='ltr' id='par_1_6' title="bbox 283 715 1933 796">
     <span class='ocr_line' id='line_1_6' title="bbox 283 715 1933 796; baseline -0.002 -18"><span class='ocrx_word' id='word_1_33' title='bbox 283 724 467 786; x_wconf 82' lang='grc' dir='ltr'>κοινὸς</span> <span class='ocrx_word' id='word_1_34' title='bbox 498 722 643 778; x_wconf 79' lang='grc' dir='ltr'>εἷ’ποι</span> <span class='ocrx_word' id='word_1_35' title='bbox 677 722 865 796; x_wconf 88' lang='grc' dir='ltr'>λόγος.</span> <span class='ocrx_word' id='word_1_36' title='bbox 899 724 1066 778; x_wconf 85' lang='grc' dir='ltr'><strong>Ἦσαν</strong></span> <span class='ocrx_word' id='word_1_37' title='bbox 1114 715 1260 784; x_wconf 72' lang='grc' dir='ltr'>ἔνθεν</span> <span class='ocrx_word' id='word_1_38' title='bbox 1316 722 1410 794; x_wconf 72' lang='grc' dir='ltr'>μὲν</span> <span class='ocrx_word' id='word_1_39' title='bbox 1460 727 1684 795; x_wconf 77' lang='grc' dir='ltr'>Θρᾷκες,</span> <span class='ocrx_word' id='word_1_40' title='bbox 1735 720 1933 785; x_wconf 85' lang='grc' dir='ltr'>ἐκεῖθεν</span> 
     </span>
    </p>
   </div>
   <div class='ocr_carea' id='block_1_7' title="bbox 286 808 1937 888">
    <p class='ocr_par' dir='ltr' id='par_1_7' title="bbox 286 808 1937 888">
     <span class='ocr_line' id='line_1_7' title="bbox 286 808 1937 888; baseline -0.003 -19"><span class='ocrx_word' id='word_1_41' title='bbox 286 811 346 870; x_wconf 75' lang='grc' dir='ltr'><strong>δέ</strong></span> <span class='ocrx_word' id='word_1_42' title='bbox 394 813 628 888; x_wconf 75' lang='grc' dir='ltr'>Φρύγες,</span> <span class='ocrx_word' id='word_1_43' title='bbox 678 812 824 876; x_wconf 81' lang='grc' dir='ltr'>ἔνθεν</span> <span class='ocrx_word' id='word_1_44' title='bbox 872 813 967 883; x_wconf 76' lang='grc' dir='ltr'>μὲν</span> <span class='ocrx_word' id='word_1_45' title='bbox 1018 808 1341 882; x_wconf 71' lang='grc' dir='ltr'><strong>Μακεδόνες,</strong></span> <span class='ocrx_word' id='word_1_46' title='bbox 1387 811 1585 865; x_wconf 79' lang='grc' dir='ltr'>ἐκεῖθεν</span> <span class='ocrx_word' id='word_1_47' title='bbox 1633 809 1690 865; x_wconf 78' lang='grc' dir='ltr'>δὲ</span> <span class='ocrx_word' id='word_1_48' title='bbox 1739 812 1937 880; x_wconf 80' lang='grc' dir='ltr'>Μυσοὶ,</span> 
     </span>
    </p>
   </div>
   <div class='ocr_carea' id='block_1_8' title="bbox 282 898 1939 977">
    <p class='ocr_par' dir='ltr' id='par_1_8' title="bbox 282 898 1939 977">
     <span class='ocr_line' id='line_1_8' title="bbox 282 898 1939 977; baseline -0.003 -18"><span class='ocrx_word' id='word_1_49' title='bbox 282 907 376 959; x_wconf 79' lang='grc' dir='ltr'><strong>καί</strong></span> <span class='ocrx_word' id='word_1_50' title='bbox 426 906 599 977; x_wconf 83' lang='grc' dir='ltr'>Κᾶρες</span> <span class='ocrx_word' id='word_1_51' title='bbox 652 901 816 958; x_wconf 81' lang='grc' dir='ltr'>ἄλλοι</span> <span class='ocrx_word' id='word_1_52' title='bbox 845 901 935 957; x_wconf 81' lang='grc' dir='ltr'><strong>καὶ</strong></span> <span class='ocrx_word' id='word_1_53' title='bbox 972 898 1200 957; x_wconf 89' lang='grc' dir='ltr'>πολλοί.</span> <span class='ocrx_word' id='word_1_54' title='bbox 1251 901 1325 956; x_wconf 89' lang='grc' dir='ltr'><strong>Τὸ</strong></span> <span class='ocrx_word' id='word_1_55' title='bbox 1376 900 1435 955; x_wconf 85' lang='grc' dir='ltr'><strong>ἐκ</strong></span> <span class='ocrx_word' id='word_1_56' title='bbox 1465 898 1792 976; x_wconf 88' lang='grc' dir='ltr'>Μαγεδῶνος</span> <span class='ocrx_word' id='word_1_57' title='bbox 1850 899 1939 955; x_wconf 87' lang='grc' dir='ltr'><strong>καί</strong></span> 
     </span>
    </p>
   </div>
   <div class='ocr_carea' id='block_1_9' title="bbox 284 989 1936 1068">
    <p class='ocr_par' dir='ltr' id='par_1_9' title="bbox 284 989 1936 1068">
     <span class='ocr_line' id='line_1_9' title="bbox 284 989 1936 1068; baseline -0.003 -20"><span class='ocrx_word' id='word_1_58' title='bbox 284 1015 347 1068; x_wconf 88' lang='grc' dir='ltr'><strong>γε</strong></span> <span class='ocrx_word' id='word_1_59' title='bbox 401 993 464 1048; x_wconf 86' lang='grc' dir='ltr'>τὸ</span> <span class='ocrx_word' id='word_1_60' title='bbox 515 992 778 1055; x_wconf 84' lang='grc' dir='ltr'>Σκυθικὸν</span> <span class='ocrx_word' id='word_1_61' title='bbox 838 996 1073 1066; x_wconf 74' lang='grc' dir='ltr'>προσῆν,</span> <span class='ocrx_word' id='word_1_62' title='bbox 1133 990 1221 1043; x_wconf 79' lang='grc' dir='ltr'>καὶ</span> <span class='ocrx_word' id='word_1_63' title='bbox 1280 990 1342 1044; x_wconf 84' lang='grc' dir='ltr'>τὸ</span> <span class='ocrx_word' id='word_1_64' title='bbox 1382 989 1585 1060; x_wconf 78' lang='grc' dir='ltr'>ξενικὸν</span> <span class='ocrx_word' id='word_1_65' title='bbox 1646 990 1936 1059; x_wconf 84' lang='grc' dir='ltr'>Ἰταλικὸν,</span> 
     </span>
    </p>
   </div>
   <div class='ocr_carea' id='block_1_10' title="bbox 283 1077 1936 1157">
    <p class='ocr_par' dir='ltr' id='par_1_10' title="bbox 283 1077 1936 1157">
     <span class='ocr_line' id='line_1_10' title="bbox 283 1077 1936 1157; baseline -0.004 -18"><span class='ocrx_word' id='word_1_66' title='bbox 283 1082 541 1139; x_wconf 85' lang='grc' dir='ltr'>πλεῖστον</span> <span class='ocrx_word' id='word_1_67' title='bbox 603 1080 764 1137; x_wconf 73' lang='grc' dir='ltr'>ἄλλο.</span> <span class='ocrx_word' id='word_1_68' title='bbox 826 1079 929 1136; x_wconf 82' lang='grc' dir='ltr'>Καὶ</span> <span class='ocrx_word' id='word_1_69' title='bbox 986 1077 1178 1141; x_wconf 84' lang='grc' dir='ltr'>ἁπλῶς</span> <span class='ocrx_word' id='word_1_70' title='bbox 1212 1078 1369 1157; x_wconf 74' lang='grc' dir='ltr'>φάναι</span> <span class='ocrx_word' id='word_1_71' title='bbox 1400 1081 1461 1133; x_wconf 89' lang='grc' dir='ltr'>τὸ</span> <span class='ocrx_word' id='word_1_72' title='bbox 1493 1078 1621 1135; x_wconf 83' lang='grc' dir='ltr'>ὅλον</span> <span class='ocrx_word' id='word_1_73' title='bbox 1656 1079 1705 1133; x_wconf 88' lang='grc' dir='ltr'><strong>ἐν</strong></span> <span class='ocrx_word' id='word_1_74' title='bbox 1740 1080 1936 1134; x_wconf 75' lang='grc' dir='ltr'>ἀνυπο-</span> 
     </span>
    </p>
   </div>
   <div class='ocr_carea' id='block_1_11' title="bbox 283 1166 1938 1243">
    <p class='ocr_par' dir='ltr' id='par_1_11' title="bbox 283 1166 1938 1243">
     <span class='ocr_line' id='line_1_11' title="bbox 283 1166 1938 1243; baseline -0.002 -17"><span class='ocrx_word' id='word_1_75' title='bbox 283 1175 459 1243; x_wconf 81' lang='grc' dir='ltr'>στάτῳ</span> <span class='ocrx_word' id='word_1_76' title='bbox 491 1168 716 1241; x_wconf 81' lang='grc' dir='ltr'>δυνάμει</span> <span class='ocrx_word' id='word_1_77' title='bbox 781 1173 1178 1243; x_wconf 81' lang='grc' dir='ltr'><strong>συνεκροτεῖτο,</strong></span> <span class='ocrx_word' id='word_1_78' title='bbox 1233 1167 1324 1230; x_wconf 70' lang='grc' dir='ltr'><strong>οὓς</strong></span> <span class='ocrx_word' id='word_1_79' title='bbox 1385 1173 1549 1222; x_wconf 84' lang='grc' dir='ltr'>κινῶν</span> <span class='ocrx_word' id='word_1_80' title='bbox 1585 1170 1613 1223; x_wconf 91' lang='lat'><strong>6</strong></span> <span class='ocrx_word' id='word_1_81' title='bbox 1671 1166 1938 1238; x_wconf 76' lang='grc' dir='ltr'><strong>δεσπότης</strong></span> 
     </span>
    </p>
   </div>
   <div class='ocr_carea' id='block_1_12' title="bbox 282 1255 1944 1338">
    <p class='ocr_par' dir='ltr' id='par_1_12' title="bbox 282 1255 1944 1338">
     <span class='ocr_line' id='line_1_12' title="bbox 282 1255 1944 1338; baseline -0.001 -23"><span class='ocrx_word' id='word_1_82' title='bbox 282 1255 515 1338; x_wconf 76' lang='grc' dir='ltr'>φοϐερὸς</span> <span class='ocrx_word' id='word_1_83' title='bbox 566 1259 632 1327; x_wconf 81' lang='grc' dir='ltr'><strong>ἦν</strong></span> <span class='ocrx_word' id='word_1_84' title='bbox 672 1258 888 1335; x_wconf 81' lang='grc' dir='ltr'>ὅπηπερ</span> <span class='ocrx_word' id='word_1_85' title='bbox 945 1258 1227 1328; x_wconf 77' lang='grc' dir='ltr'><strong>ἐπισταίη,</strong></span> <span class='ocrx_word' id='word_1_86' title='bbox 1277 1258 1368 1313; x_wconf 86' lang='grc' dir='ltr'><strong>καὶ</strong></span> <span class='ocrx_word' id='word_1_87' title='bbox 1405 1256 1618 1332; x_wconf 77' lang='grc' dir='ltr'>μᾶλλον</span> <span class='ocrx_word' id='word_1_88' title='bbox 1651 1264 1767 1320; x_wconf 83' lang='grc' dir='ltr'>τοῖς</span> <span class='ocrx_word' id='word_1_89' title='bbox 1800 1256 1944 1313; x_wconf 84' lang='grc' dir='ltr'>δυτι-</span> 
     </span>
    </p>
   </div>
   <div class='ocr_carea' id='block_1_13' title="bbox 280 1348 1938 1423">
    <p class='ocr_par' dir='ltr' id='par_1_13' title="bbox 280 1348 1938 1423">
     <span class='ocr_line' id='line_1_13' title="bbox 280 1348 1938 1423; baseline -0.003 -17"><span class='ocrx_word' id='word_1_90' title='bbox 280 1355 417 1413; x_wconf 82' lang='grc' dir='ltr'>κοῖς.</span> <span class='ocrx_word' id='word_1_91' title='bbox 454 1352 532 1423; x_wconf 85' lang='grc' dir='ltr'><strong>[Ρ.</strong></span> <span class='ocrx_word' id='word_1_92' title='bbox 566 1350 858 1422; x_wconf 79' lang='grc' dir='ltr'><strong>21Ο]11αρ’</strong></span> <span class='ocrx_word' id='word_1_93' title='bbox 918 1350 980 1418; x_wconf 80' lang='grc' dir='ltr'>ἣν</span> <span class='ocrx_word' id='word_1_94' title='bbox 1043 1348 1216 1402; x_wconf 82' lang='grc' dir='ltr'>αἰτίαν</span> <span class='ocrx_word' id='word_1_95' title='bbox 1261 1349 1350 1403; x_wconf 77' lang='grc' dir='ltr'><strong>καὶ</strong></span> <span class='ocrx_word' id='word_1_96' title='bbox 1402 1348 1467 1402; x_wconf 75' lang='grc' dir='ltr'><strong>τὰ</strong></span> <span class='ocrx_word' id='word_1_97' title='bbox 1522 1356 1622 1417; x_wconf 77' lang='grc' dir='ltr'><strong>τῆς</strong></span> <span class='ocrx_word' id='word_1_98' title='bbox 1666 1348 1938 1414; x_wconf 80' lang='grc' dir='ltr'>ἀνατολῆς</span> 
     </span>
    </p>
   </div>
   <div class='ocr_carea' id='block_1_14' title="bbox 282 1432 1942 1512">
    <p class='ocr_par' dir='ltr' id='par_1_14' title="bbox 282 1432 1942 1512">
     <span class='ocr_line' id='line_1_14' title="bbox 692 1432 1832 1461; baseline 0.004 -10"><span class='ocrx_word' id='word_1_99' title='bbox 692 1442 718 1451; x_wconf 80' lang='grc'><strong>.-</strong></span> <span class='ocrx_word' id='word_1_100' title='bbox 968 1441 996 1451; x_wconf 71' lang='grc' dir='ltr'><strong>..ι</strong></span> <span class='ocrx_word' id='word_1_101' title='bbox 1263 1436 1311 1453; x_wconf 74' lang='grc' dir='ltr'><strong>ιι</strong></span> <span class='ocrx_word' id='word_1_102' title='bbox 1367 1435 1379 1455; x_wconf 75' lang='lat' dir='ltr'><strong>r</strong></span> <span class='ocrx_word' id='word_1_103' title='bbox 1655 1435 1669 1456; x_wconf 87' lang='lat'><em>\</em></span> <span class='ocrx_word' id='word_1_104' title='bbox 1748 1436 1766 1455; x_wconf 80' lang='grc'><strong>›.</strong></span> <span class='ocrx_word' id='word_1_105' title='bbox 1803 1432 1832 1461; x_wconf 85' lang='grc' dir='ltr'><strong>ρ</strong></span> 
     </span>
     <span class='ocr_line' id='line_1_15' title="bbox 282 1434 1942 1512; baseline -0.002 -18"><span class='ocrx_word' id='word_1_106' title='bbox 282 1438 619 1511; x_wconf 78' lang='grc' dir='ltr'>ἐξησθένουν,</span> <span class='ocrx_word' id='word_1_107' title='bbox 651 1458 760 1492; x_wconf 91' lang='grc' dir='ltr'><strong>των</strong></span> <span class='ocrx_word' id='word_1_108' title='bbox 815 1439 1037 1511; x_wconf 85' lang='grc' dir='ltr'>Περσων</span> <span class='ocrx_word' id='word_1_109' title='bbox 1089 1435 1526 1512; x_wconf 81' lang='grc' dir='ltr'>ἐπιθαρρουντων</span> <span class='ocrx_word' id='word_1_110' title='bbox 1576 1458 1665 1492; x_wconf 71' lang='grc' dir='ltr'><strong>και</strong></span> <span class='ocrx_word' id='word_1_111' title='bbox 1717 1434 1942 1491; x_wconf 69' lang='grc' dir='ltr'>εισοαλ-</span> 
     </span>
    </p>
   </div>
   <div class='ocr_carea' id='block_1_15' title="bbox 281 1525 1942 1604">
    <p class='ocr_par' dir='ltr' id='par_1_15' title="bbox 281 1525 1942 1604">
     <span class='ocr_line' id='line_1_16' title="bbox 281 1525 1942 1604; baseline -0.002 -19"><span class='ocrx_word' id='word_1_112' title='bbox 281 1528 490 1586; x_wconf 82' lang='grc' dir='ltr'>λὸντων</span> <span class='ocrx_word' id='word_1_113' title='bbox 548 1534 669 1593; x_wconf 84' lang='grc' dir='ltr'>ταῖς</span> <span class='ocrx_word' id='word_1_114' title='bbox 726 1528 940 1604; x_wconf 89' lang='grc' dir='ltr'>χώραις</span> <span class='ocrx_word' id='word_1_115' title='bbox 999 1528 1145 1601; x_wconf 82' lang='grc' dir='ltr'><strong>παρά</strong></span> <span class='ocrx_word' id='word_1_116' title='bbox 1204 1534 1376 1582; x_wconf 78' lang='grc' dir='ltr'>πᾶσαν</span> <span class='ocrx_word' id='word_1_117' title='bbox 1439 1532 1537 1582; x_wconf 79' lang='grc' dir='ltr'>τοῦ</span> <span class='ocrx_word' id='word_1_118' title='bbox 1592 1525 1942 1589; x_wconf 74' lang='grc' dir='ltr'><strong>κωλύσοντος</strong></span> 
     </span>
    </p>
   </div>
   <div class='ocr_carea' id='block_1_16' title="bbox 286 1614 1944 1695">
    <p class='ocr_par' dir='ltr' id='par_1_16' title="bbox 286 1614 1944 1695">
     <span class='ocr_line' id='line_1_17' title="bbox 286 1614 1944 1695; baseline -0.001 -21"><span class='ocrx_word' id='word_1_119' title='bbox 286 1619 545 1695; x_wconf 81' lang='grc' dir='ltr'>ἐρημίαν.</span> <span class='ocrx_word' id='word_1_120' title='bbox 600 1621 760 1681; x_wconf 80' lang='grc' dir='ltr'>Ὃθεν</span> <span class='ocrx_word' id='word_1_121' title='bbox 818 1617 909 1672; x_wconf 82' lang='grc' dir='ltr'><strong>καὶ</strong></span> <span class='ocrx_word' id='word_1_122' title='bbox 971 1614 1288 1691; x_wconf 81' lang='grc' dir='ltr'>Μαίανδρος</span> <span class='ocrx_word' id='word_1_123' title='bbox 1350 1618 1444 1691; x_wconf 72' lang='grc' dir='ltr'>μὲν</span> <span class='ocrx_word' id='word_1_124' title='bbox 1506 1617 1779 1690; x_wconf 78' lang='grc' dir='ltr'>ἐξῳκῑῖτο,</span> <span class='ocrx_word' id='word_1_125' title='bbox 1842 1618 1944 1673; x_wconf 82' lang='grc' dir='ltr'>οὐκ</span> 
     </span>
    </p>
   </div>
   <div class='ocr_carea' id='block_1_17' title="bbox 290 1705 1944 1785">
    <p class='ocr_par' dir='ltr' id='par_1_17' title="bbox 290 1705 1944 1785">
     <span class='ocr_line' id='line_1_18' title="bbox 290 1705 1944 1785; baseline -0.001 -22"><span class='ocrx_word' id='word_1_126' title='bbox 290 1706 497 1785; x_wconf 79' lang='grc' dir='ltr'>ἀνδρῶν</span> <span class='ocrx_word' id='word_1_127' title='bbox 558 1708 725 1781; x_wconf 84' lang='grc' dir='ltr'>μόνον</span> <span class='ocrx_word' id='word_1_128' title='bbox 782 1712 890 1762; x_wconf 91' lang='grc' dir='ltr'><strong>τῶν</strong></span> <span class='ocrx_word' id='word_1_129' title='bbox 948 1706 1000 1762; x_wconf 86' lang='grc' dir='ltr'><strong>ἐν</strong></span> <span class='ocrx_word' id='word_1_130' title='bbox 1064 1705 1347 1769; x_wconf 85' lang='grc' dir='ltr'>πλείσταις</span> <span class='ocrx_word' id='word_1_131' title='bbox 1403 1715 1462 1761; x_wconf 77' lang='grc' dir='ltr'><strong>τε</strong></span> <span class='ocrx_word' id='word_1_132' title='bbox 1516 1706 1605 1761; x_wconf 83' lang='grc' dir='ltr'><strong>καὶ</strong></span> <span class='ocrx_word' id='word_1_133' title='bbox 1667 1706 1944 1782; x_wconf 80' lang='grc' dir='ltr'>μεγίσταις</span> 
     </span>
    </p>
   </div>
   <div class='ocr_carea' id='block_1_18' title="bbox 290 1794 1944 1874">
    <p class='ocr_par' dir='ltr' id='par_1_18' title="bbox 290 1794 1944 1874">
     <span class='ocr_line' id='line_1_19' title="bbox 290 1794 1944 1874; baseline -0.001 -21"><span class='ocrx_word' id='word_1_134' title='bbox 290 1799 527 1874; x_wconf 82' lang='grc' dir='ltr'>χώραις,</span> <span class='ocrx_word' id='word_1_135' title='bbox 585 1796 732 1853; x_wconf 67' lang='grc' dir='ltr'>ἀλλὰ</span> <span class='ocrx_word' id='word_1_136' title='bbox 758 1796 849 1851; x_wconf 84' lang='grc' dir='ltr'><strong>καὶ</strong></span> <span class='ocrx_word' id='word_1_137' title='bbox 906 1796 1085 1851; x_wconf 73' lang='grc' dir='ltr'>αὐτων</span> <span class='ocrx_word' id='word_1_138' title='bbox 1148 1800 1432 1872; x_wconf 80' lang='grc' dir='ltr'>μοναχῶν.</span> <span class='ocrx_word' id='word_1_139' title='bbox 1486 1794 1671 1867; x_wconf 79' lang='grc' dir='ltr'>ἈΑλη</span> <span class='ocrx_word' id='word_1_140' title='bbox 1704 1798 1804 1873; x_wconf 76' lang='grc' dir='ltr'><strong>γὰρ</strong></span> <span class='ocrx_word' id='word_1_141' title='bbox 1838 1799 1944 1854; x_wconf 79' lang='grc' dir='ltr'><strong>[Ια-</strong></span> 
     </span>
    </p>
   </div>
   <div class='ocr_carea' id='block_1_19' title="bbox 2046 634 3706 714">
    <p class='ocr_par' dir='ltr' id='par_1_19' title="bbox 2046 634 3706 714">
     <span class='ocr_line' id='line_1_20' title="bbox 2046 634 3706 714; baseline 0.001 -23"><span class='ocrx_word' id='word_1_142' title='bbox 2046 636 2441 711; x_wconf 83' lang='grc' dir='ltr'>Νεοκάστρων,</span> <span class='ocrx_word' id='word_1_143' title='bbox 2498 634 2716 697; x_wconf 77' lang='grc' dir='ltr'>’Άϐαλά</span> <span class='ocrx_word' id='word_1_144' title='bbox 2747 652 2825 695; x_wconf 86' lang='grc' dir='ltr'>’τε</span> <span class='ocrx_word' id='word_1_145' title='bbox 2881 640 2972 695; x_wconf 87' lang='grc' dir='ltr'><strong>καὶ</strong></span> <span class='ocrx_word' id='word_1_146' title='bbox 3031 640 3314 714; x_wconf 75' lang='grc' dir='ltr'>Καΰστρου</span> <span class='ocrx_word' id='word_1_147' title='bbox 3370 644 3552 713; x_wconf 83' lang='grc' dir='ltr'>χῶραι</span> <span class='ocrx_word' id='word_1_148' title='bbox 3610 639 3706 692; x_wconf 83' lang='grc' dir='ltr'><strong>καὶ</strong></span> 
     </span>
    </p>
   </div>
   <div class='ocr_carea' id='block_1_20' title="bbox 2046 723 3716 805">
    <p class='ocr_par' dir='ltr' id='par_1_20' title="bbox 2046 723 3716 805">
     <span class='ocr_line' id='line_1_21' title="bbox 2046 723 3716 805; baseline 0.002 -26"><span class='ocrx_word' id='word_1_149' title='bbox 2046 723 2310 799; x_wconf 76' lang='grc' dir='ltr'>Μαγεδὼν</span> <span class='ocrx_word' id='word_1_150' title='bbox 2341 728 2428 782; x_wconf 81' lang='grc' dir='ltr'><strong>καὶ</strong></span> <span class='ocrx_word' id='word_1_151' title='bbox 2463 730 2497 799; x_wconf 80' lang='grc' dir='ltr'>ἡ</span> <span class='ocrx_word' id='word_1_152' title='bbox 2550 729 2883 805; x_wconf 75' lang='grc' dir='ltr'>περίπυστος</span> <span class='ocrx_word' id='word_1_153' title='bbox 2916 731 3092 804; x_wconf 90' lang='grc' dir='ltr'>Καρία</span> <span class='ocrx_word' id='word_1_154' title='bbox 3150 735 3296 784; x_wconf 81' lang='grc' dir='ltr'>πᾶσα</span> <span class='ocrx_word' id='word_1_155' title='bbox 3317 733 3434 791; x_wconf 87' lang='grc' dir='ltr'>τοῖς</span> <span class='ocrx_word' id='word_1_156' title='bbox 3479 728 3716 804; x_wconf 80' lang='grc' dir='ltr'>ἐχθροῖς</span> 
     </span>
    </p>
   </div>
   <div class='ocr_carea' id='block_1_21' title="bbox 2046 816 3714 894">
    <p class='ocr_par' dir='ltr' id='par_1_21' title="bbox 2046 816 3714 894">
     <span class='ocr_line' id='line_1_22' title="bbox 2046 816 3714 894; baseline 0.002 -27"><span class='ocrx_word' id='word_1_157' title='bbox 2046 817 2439 890; x_wconf 83' lang='grc' dir='ltr'>κατετρέχοντο</span> <span class='ocrx_word' id='word_1_158' title='bbox 2474 838 2488 852; x_wconf 86' lang='grc'><strong>·</strong></span> <span class='ocrx_word' id='word_1_159' title='bbox 2565 819 2675 874; x_wconf 85' lang='grc' dir='ltr'>Ἐῶ</span> <span class='ocrx_word' id='word_1_160' title='bbox 2741 818 2923 891; x_wconf 66' lang='grc' dir='ltr'>λέγειν</span> <span class='ocrx_word' id='word_1_161' title='bbox 3001 823 3267 894; x_wconf 85' lang='grc' dir='ltr'>Τραχεῖαν</span> <span class='ocrx_word' id='word_1_162' title='bbox 3348 817 3440 872; x_wconf 83' lang='grc' dir='ltr'><strong>καὶ</strong></span> <span class='ocrx_word' id='word_1_163' title='bbox 3502 816 3714 871; x_wconf 82' lang='grc' dir='ltr'>Στάδια</span> 
     </span>
    </p>
   </div>
   <div class='ocr_carea' id='block_1_22' title="bbox 2050 903 3715 981">
    <p class='ocr_par' dir='ltr' id='par_1_22' title="bbox 2050 903 3715 981">
     <span class='ocr_line' id='line_1_23' title="bbox 2050 903 3715 981; baseline 0.002 -25"><span class='ocrx_word' id='word_1_164' title='bbox 2050 903 2353 975; x_wconf 74' lang='grc' dir='ltr'>Στρόϐιλόν</span> <span class='ocrx_word' id='word_1_165' title='bbox 2410 927 2469 961; x_wconf 85' lang='grc' dir='ltr'><strong>τε</strong></span> <span class='ocrx_word' id='word_1_166' title='bbox 2524 907 2615 961; x_wconf 86' lang='grc' dir='ltr'><strong>καὶ</strong></span> <span class='ocrx_word' id='word_1_167' title='bbox 2671 909 2736 962; x_wconf 75' lang='grc' dir='ltr'><strong>τὰ</strong></span> <span class='ocrx_word' id='word_1_168' title='bbox 2796 908 3081 980; x_wconf 67' lang='grc' dir='ltr'>ἀντιπέραν</span> <span class='ocrx_word' id='word_1_169' title='bbox 3139 904 3351 974; x_wconf 78' lang='grc' dir='ltr'>Ῥόδου,</span> <span class='ocrx_word' id='word_1_170' title='bbox 3388 904 3584 981; x_wconf 73' lang='grc' dir='ltr'>ἃχθές</span> <span class='ocrx_word' id='word_1_171' title='bbox 3616 906 3715 960; x_wconf 80' lang='grc' dir='ltr'>καὶ</span> 
     </span>
    </p>
   </div>
   <div class='ocr_carea' id='block_1_23' title="bbox 2047 993 3716 1071">
    <p class='ocr_par' dir='ltr' id='par_1_23' title="bbox 2047 993 3716 1071">
     <span class='ocr_line' id='line_1_24' title="bbox 2047 993 3716 1071; baseline 0.002 -27"><span class='ocrx_word' id='word_1_172' title='bbox 2047 994 2238 1066; x_wconf 80' lang='grc' dir='ltr'>πρώην</span> <span class='ocrx_word' id='word_1_173' title='bbox 2303 995 2407 1050; x_wconf 81' lang='grc' dir='ltr'>ὑπὸ</span> <span class='ocrx_word' id='word_1_174' title='bbox 2462 995 2769 1068; x_wconf 84' lang='grc' dir='ltr'>Ῥωμαίους</span> <span class='ocrx_word' id='word_1_175' title='bbox 2816 995 3080 1051; x_wconf 74' lang='grc' dir='ltr'>τελοῦντα</span> <span class='ocrx_word' id='word_1_176' title='bbox 3136 994 3351 1071; x_wconf 82' lang='grc' dir='ltr'>ἐχθρῶν</span> <span class='ocrx_word' id='word_1_177' title='bbox 3412 993 3464 1049; x_wconf 90' lang='grc' dir='ltr'><strong>ἐν</strong></span> <span class='ocrx_word' id='word_1_178' title='bbox 3526 994 3716 1070; x_wconf 80' lang='grc' dir='ltr'>ὀλίγῳ</span> 
     </span>
    </p>
   </div>
   <div class='ocr_carea' id='block_1_24' title="bbox 2050 1078 3714 1159">
    <p class='ocr_par' dir='ltr' id='par_1_24' title="bbox 2050 1078 3714 1159">
     <span class='ocr_line' id='line_1_25' title="bbox 2050 1078 3714 1159; baseline -0.008 -17"><span class='ocrx_word' id='word_1_179' title='bbox 2050 1078 2233 1156; x_wconf 80' lang='grc' dir='ltr'>χρόνῳ</span> <span class='ocrx_word' id='word_1_180' title='bbox 2263 1080 2505 1156; x_wconf 67' lang='grc' dir='ltr'>ἐγένοντο</span> <span class='ocrx_word' id='word_1_181' title='bbox 2538 1085 2876 1159; x_wconf 73' lang='grc' dir='ltr'>ὁρμητήρια.</span> <span class='ocrx_word' id='word_1_182' title='bbox 2935 1085 3015 1140; x_wconf 75' lang='grc' dir='ltr'><strong>Τὰ</strong></span> <span class='ocrx_word' id='word_1_183' title='bbox 3070 1082 3128 1139; x_wconf 75' lang='grc' dir='ltr'>δὲ</span> <span class='ocrx_word' id='word_1_184' title='bbox 3185 1084 3323 1159; x_wconf 87' lang='grc' dir='ltr'>πρὸς</span> <span class='ocrx_word' id='word_1_185' title='bbox 3369 1084 3568 1158; x_wconf 75' lang='grc' dir='ltr'>θατέρᾳ</span> <span class='ocrx_word' id='word_1_186' title='bbox 3611 1085 3714 1138; x_wconf 86' lang='grc' dir='ltr'>θα-</span> 
     </span>
    </p>
   </div>
   <div class='ocr_carea' id='block_1_25' title="bbox 2050 1170 3715 1248">
    <p class='ocr_par' dir='ltr' id='par_1_25' title="bbox 2050 1170 3715 1248">
     <span class='ocr_line' id='line_1_26' title="bbox 2050 1170 3715 1248; baseline 0.001 -24"><span class='ocrx_word' id='word_1_187' title='bbox 2050 1170 2223 1245; x_wconf 79' lang='grc' dir='ltr'>Αάσσῃ</span> <span class='ocrx_word' id='word_1_188' title='bbox 2266 1171 2433 1248; x_wconf 71' lang='grc' dir='ltr'>φῦλα,</span> <span class='ocrx_word' id='word_1_189' title='bbox 2480 1170 2572 1226; x_wconf 68' lang='grc' dir='ltr'>’ίνα</span> <span class='ocrx_word' id='word_1_190' title='bbox 2631 1174 2708 1245; x_wconf 81' lang='grc' dir='ltr'>μὴ</span> <span class='ocrx_word' id='word_1_191' title='bbox 2767 1174 2835 1226; x_wconf 69' lang='grc' dir='ltr'>τὰ</span> <span class='ocrx_word' id='word_1_192' title='bbox 2891 1172 3027 1245; x_wconf 73' lang='grc' dir='ltr'>μὲσα</span> <span class='ocrx_word' id='word_1_193' title='bbox 3087 1171 3252 1248; x_wconf 73' lang='grc' dir='ltr'>λέγω,</span> <span class='ocrx_word' id='word_1_194' title='bbox 3285 1170 3383 1227; x_wconf 84' lang='grc' dir='ltr'><strong>ὅσα</strong></span> <span class='ocrx_word' id='word_1_195' title='bbox 3409 1192 3470 1226; x_wconf 91' lang='grc' dir='ltr'><strong>τε</strong></span> <span class='ocrx_word' id='word_1_196' title='bbox 3499 1172 3553 1225; x_wconf 87' lang='grc' dir='ltr'><strong>ἐν</strong></span> <span class='ocrx_word' id='word_1_197' title='bbox 3586 1174 3715 1229; x_wconf 84' lang='grc' dir='ltr'><strong>Μα-</strong></span> 
     </span>
    </p>
   </div>
   <div class='ocr_carea' id='block_1_26' title="bbox 2050 1257 3718 1335">
    <p class='ocr_par' dir='ltr' id='par_1_26' title="bbox 2050 1257 3718 1335">
     <span class='ocr_line' id='line_1_27' title="bbox 2050 1257 3718 1335; baseline 0.001 -23"><span class='ocrx_word' id='word_1_198' title='bbox 2050 1257 2374 1334; x_wconf 86' lang='grc' dir='ltr'>ρυανδηνοῖς</span> <span class='ocrx_word' id='word_1_199' title='bbox 2431 1280 2490 1315; x_wconf 84' lang='grc' dir='ltr'><strong>τε</strong></span> <span class='ocrx_word' id='word_1_200' title='bbox 2544 1262 2633 1315; x_wconf 82' lang='grc' dir='ltr'><strong>καὶ</strong></span> <span class='ocrx_word' id='word_1_201' title='bbox 2688 1262 2925 1319; x_wconf 85' lang='grc' dir='ltr'>Μόσυσιν</span> <span class='ocrx_word' id='word_1_202' title='bbox 2969 1262 3061 1316; x_wconf 79' lang='grc' dir='ltr'>καὶ</span> <span class='ocrx_word' id='word_1_203' title='bbox 3092 1260 3191 1316; x_wconf 77' lang='grc' dir='ltr'><strong>ὅσα</strong></span> <span class='ocrx_word' id='word_1_204' title='bbox 3219 1260 3271 1315; x_wconf 84' lang='grc' dir='ltr'><strong>ἐν</strong></span> <span class='ocrx_word' id='word_1_205' title='bbox 3299 1266 3417 1323; x_wconf 90' lang='grc' dir='ltr'>τοῖς</span> <span class='ocrx_word' id='word_1_206' title='bbox 3472 1260 3718 1335; x_wconf 81' lang='grc' dir='ltr'>μεγαθύ-</span> 
     </span>
    </p>
   </div>
   <div class='ocr_carea' id='block_1_27' title="bbox 2054 1345 3720 1425">
    <p class='ocr_par' dir='ltr' id='par_1_27' title="bbox 2054 1345 3720 1425">
     <span class='ocr_line' id='line_1_28' title="bbox 2054 1345 3720 1425; baseline 0.001 -23"><span class='ocrx_word' id='word_1_207' title='bbox 2054 1369 2176 1420; x_wconf 83' lang='grc' dir='ltr'>μοις</span> <span class='ocrx_word' id='word_1_208' title='bbox 2235 1350 2470 1412; x_wconf 85' lang='grc' dir='ltr'>Ἐνετοῖς</span> <span class='ocrx_word' id='word_1_209' title='bbox 2522 1345 2651 1405; x_wconf 69' lang='grc' dir='ltr'>ὄντα</span> <span class='ocrx_word' id='word_1_210' title='bbox 2704 1354 2773 1425; x_wconf 79' lang='grc' dir='ltr'><strong>τῇ</strong></span> <span class='ocrx_word' id='word_1_211' title='bbox 2830 1350 3116 1423; x_wconf 88' lang='grc' dir='ltr'>Ῥωμαίων</span> <span class='ocrx_word' id='word_1_212' title='bbox 3164 1350 3464 1420; x_wconf 75' lang='grc' dir='ltr'>ὑπήκουον,</span> <span class='ocrx_word' id='word_1_213' title='bbox 3498 1348 3591 1404; x_wconf 77' lang='grc' dir='ltr'><strong>σὺν</strong></span> <span class='ocrx_word' id='word_1_214' title='bbox 3628 1351 3720 1412; x_wconf 77' lang='grc' dir='ltr'><strong>οἷς</strong></span> 
     </span>
    </p>
   </div>
   <div class='ocr_carea' id='block_1_28' title="bbox 2049 1431 3710 1515">
    <p class='ocr_par' dir='ltr' id='par_1_28' title="bbox 2049 1431 3710 1515">
     <span class='ocr_line' id='line_1_29' title="bbox 2049 1431 3710 1515; baseline 0.001 -24"><span class='ocrx_word' id='word_1_215' title='bbox 2049 1436 2139 1491; x_wconf 85' lang='grc' dir='ltr'>καὶ</span> <span class='ocrx_word' id='word_1_216' title='bbox 2196 1431 2274 1492; x_wconf 79' lang='grc' dir='ltr'>ἔτι</span> <span class='ocrx_word' id='word_1_217' title='bbox 2329 1438 2397 1493; x_wconf 76' lang='grc' dir='ltr'>τὰ</span> <span class='ocrx_word' id='word_1_218' title='bbox 2453 1436 2603 1494; x_wconf 81' lang='grc' dir='ltr'>ἔνδον</span> <span class='ocrx_word' id='word_1_219' title='bbox 2660 1438 2828 1515; x_wconf 78' lang='grc' dir='ltr'>μέχρι</span> <span class='ocrx_word' id='word_1_220' title='bbox 2888 1437 3236 1514; x_wconf 82' lang='grc' dir='ltr'>Σαγγάρεως,</span> <span class='ocrx_word' id='word_1_221' title='bbox 3297 1438 3385 1492; x_wconf 78' lang='grc' dir='ltr'>ἐπὶ</span> <span class='ocrx_word' id='word_1_222' title='bbox 3438 1442 3710 1493; x_wconf 77' lang='grc' dir='ltr'>τοσοῦτον</span> 
     </span>
    </p>
   </div>
   <div class='ocr_carea' id='block_1_29' title="bbox 2051 1526 3711 1603">
    <p class='ocr_par' dir='ltr' id='par_1_29' title="bbox 2051 1526 3711 1603">
     <span class='ocr_line' id='line_1_30' title="bbox 2051 1526 3711 1603; baseline 0.001 -23"><span class='ocrx_word' id='word_1_223' title='bbox 2051 1527 2316 1603; x_wconf 74' lang='grc' dir='ltr'>ἠφάνιστο</span> <span class='ocrx_word' id='word_1_224' title='bbox 2348 1526 2487 1582; x_wconf 82' lang='grc' dir='ltr'>ὥστε</span> <span class='ocrx_word' id='word_1_225' title='bbox 2532 1528 2623 1583; x_wconf 83' lang='grc' dir='ltr'><strong>καὶ</strong></span> <span class='ocrx_word' id='word_1_226' title='bbox 2656 1526 3055 1603; x_wconf 81' lang='grc' dir='ltr'>Μαρυανδηνοῦ</span> <span class='ocrx_word' id='word_1_227' title='bbox 3093 1531 3445 1603; x_wconf 79' lang='grc' dir='ltr'>θρηνητῆρος</span> <span class='ocrx_word' id='word_1_228' title='bbox 3474 1526 3711 1603; x_wconf 71' lang='grc' dir='ltr'>χρῄζειν</span> 
     </span>
    </p>
   </div>
   <div class='ocr_carea' id='block_1_30' title="bbox 2050 1614 3715 1694">
    <p class='ocr_par' dir='ltr' id='par_1_30' title="bbox 2050 1614 3715 1694">
     <span class='ocr_line' id='line_1_31' title="bbox 2050 1614 3715 1694; baseline 0.001 -23"><span class='ocrx_word' id='word_1_229' title='bbox 2050 1616 2213 1687; x_wconf 78' lang='grc' dir='ltr'>ἀξίως</span> <span class='ocrx_word' id='word_1_230' title='bbox 2260 1618 2411 1672; x_wconf 85' lang='grc' dir='ltr'>τάκεῖ</span> <span class='ocrx_word' id='word_1_231' title='bbox 2462 1620 2856 1693; x_wconf 77' lang='grc' dir='ltr'>θρηνήσοντος.</span> <span class='ocrx_word' id='word_1_232' title='bbox 2906 1623 3026 1674; x_wconf 89' lang='grc' dir='ltr'>Τῶν</span> <span class='ocrx_word' id='word_1_233' title='bbox 3058 1618 3159 1694; x_wconf 69' lang='grc' dir='ltr'><strong>γὰρ</strong></span> <span class='ocrx_word' id='word_1_234' title='bbox 3192 1614 3499 1690; x_wconf 73' lang='grc' dir='ltr'>δυνάμεων,</span> <span class='ocrx_word' id='word_1_235' title='bbox 3558 1616 3715 1673; x_wconf 84' lang='grc' dir='ltr'>πολ-</span> 
     </span>
    </p>
   </div>
   <div class='ocr_carea' id='block_1_31' title="bbox 2053 1702 3709 1785">
    <p class='ocr_par' dir='ltr' id='par_1_31' title="bbox 2053 1702 3709 1785">
     <span class='ocr_line' id='line_1_32' title="bbox 2053 1702 3709 1785; baseline 0.001 -24"><span class='ocrx_word' id='word_1_236' title='bbox 2053 1706 2166 1761; x_wconf 90' lang='grc' dir='ltr'><strong>λῶν</strong></span> <span class='ocrx_word' id='word_1_237' title='bbox 2223 1728 2282 1762; x_wconf 84' lang='grc' dir='ltr'><strong>τε</strong></span> <span class='ocrx_word' id='word_1_238' title='bbox 2337 1712 2429 1763; x_wconf 73' lang='grc' dir='ltr'><strong>καὶ</strong></span> <span class='ocrx_word' id='word_1_239' title='bbox 2486 1710 2809 1782; x_wconf 83' lang='grc' dir='ltr'>θαυμαστῶν</span> <span class='ocrx_word' id='word_1_240' title='bbox 2871 1709 3070 1777; x_wconf 83' lang='grc' dir='ltr'>οὐσῶν,</span> <span class='ocrx_word' id='word_1_241' title='bbox 3122 1702 3709 1785; x_wconf 77' lang='grc' dir='ltr'>συγκατατριὸομένων</span> 
     </span>
    </p>
   </div>
   <div class='ocr_carea' id='block_1_32' title="bbox 2050 1794 3717 1874">
    <p class='ocr_par' dir='ltr' id='par_1_32' title="bbox 2050 1794 3717 1874">
     <span class='ocr_line' id='line_1_33' title="bbox 2050 1794 3717 1874; baseline -0.001 -23"><span class='ocrx_word' id='word_1_242' title='bbox 2050 1801 2167 1858; x_wconf 87' lang='grc' dir='ltr'>τοῖς</span> <span class='ocrx_word' id='word_1_243' title='bbox 2221 1794 2462 1860; x_wconf 83' lang='grc' dir='ltr'>δυτικοῖς</span> <span class='ocrx_word' id='word_1_244' title='bbox 2518 1799 2606 1853; x_wconf 80' lang='grc' dir='ltr'><strong>καὶ</strong></span> <span class='ocrx_word' id='word_1_245' title='bbox 2666 1799 2784 1853; x_wconf 87' lang='grc' dir='ltr'>κατ’</span> <span class='ocrx_word' id='word_1_246' title='bbox 2841 1797 3025 1874; x_wconf 83' lang='grc' dir='ltr'>ὀλίγον</span> <span class='ocrx_word' id='word_1_247' title='bbox 3086 1795 3530 1870; x_wconf 70' lang='grc' dir='ltr'>δαπανωμένων,</span> <span class='ocrx_word' id='word_1_248' title='bbox 3585 1802 3717 1860; x_wconf 85' lang='grc' dir='ltr'>τοῖς</span> 
     </span>
    </p>
   </div>
   <div class='ocr_carea' id='block_1_33' title="bbox 291 1884 3713 2000">
    <p class='ocr_par' dir='ltr' id='par_1_33' title="bbox 291 1884 3713 2000">
     <span class='ocr_line' id='line_1_34' title="bbox 291 1884 3713 2000; baseline -0.001 -56"><span class='ocrx_word' id='word_1_249' title='bbox 291 1886 542 1956; x_wconf 86' lang='grc' dir='ltr'>λαιστίνη</span> <span class='ocrx_word' id='word_1_250' title='bbox 571 1888 599 1942; x_wconf 88' lang='lat'><strong>6</strong></span> <span class='ocrx_word' id='word_1_251' title='bbox 644 1890 830 1962; x_wconf 89' lang='grc' dir='ltr'>χῶρος</span> <span class='ocrx_word' id='word_1_252' title='bbox 881 1887 909 1941; x_wconf 88' lang='grc' dir='ltr'>ὁ</span> <span class='ocrx_word' id='word_1_253' title='bbox 958 1886 1081 1958; x_wconf 83' lang='grc' dir='ltr'>περῖ</span> <span class='ocrx_word' id='word_1_254' title='bbox 1130 1884 1441 1960; x_wconf 80' lang='grc' dir='ltr'>Μαίανδρον</span> <span class='ocrx_word' id='word_1_255' title='bbox 1475 1886 1565 1955; x_wconf 77' lang='grc' dir='ltr'>ἦν,</span> <span class='ocrx_word' id='word_1_256' title='bbox 1617 1885 1677 1941; x_wconf 82' lang='grc' dir='ltr'>οὐ</span> <span class='ocrx_word' id='word_1_257' title='bbox 1740 1887 1941 1962; x_wconf 75' lang='grc' dir='ltr'>βοσκηο</span> <span class='ocrx_word' id='word_1_258' title='bbox 1978 1935 2023 2000; x_wconf 79' lang='grc' dir='ltr'><strong>Β</strong></span> <span class='ocrx_word' id='word_1_259' title='bbox 2052 1888 2169 1941; x_wconf 83' lang='grc' dir='ltr'>κατ’</span> <span class='ocrx_word' id='word_1_260' title='bbox 2223 1887 2498 1958; x_wconf 72' lang='grc' dir='ltr'>ἀνατολὴν</span> <span class='ocrx_word' id='word_1_261' title='bbox 2556 1887 2815 1951; x_wconf 76' lang='grc' dir='ltr'>τοσοῦτος</span> <span class='ocrx_word' id='word_1_262' title='bbox 2874 1890 2901 1943; x_wconf 89' lang='lat'><strong>6</strong></span> <span class='ocrx_word' id='word_1_263' title='bbox 2959 1885 3209 1950; x_wconf 80' lang='grc' dir='ltr'>κίνδυνος</span> <span class='ocrx_word' id='word_1_264' title='bbox 3257 1888 3541 1963; x_wconf 71' lang='grc' dir='ltr'>περιέστη,</span> <span class='ocrx_word' id='word_1_265' title='bbox 3569 1887 3713 1942; x_wconf 80' lang='grc' dir='ltr'>ὥστε</span> 
     </span>
     <span class='ocr_line' id='line_1_35' title="bbox 340 1973 3713 2000; baseline 0 0"><span class='ocrx_word' id='word_1_266' title='bbox 340 1976 395 2000; x_wconf 54' lang='lat'><strong>1,,</strong></span> <span class='ocrx_word' id='word_1_267' title='bbox 470 1999 473 2000; x_wconf 67' lang='lat'><strong>,</strong></span> <span class='ocrx_word' id='word_1_268' title='bbox 690 1975 849 2000; x_wconf 20' lang='lat' dir='ltr'><strong>“1__a</strong></span> <span class='ocrx_word' id='word_1_269' title='bbox 914 1974 1128 2000; x_wconf 49' lang='grc' dir='ltr'><strong>,Δις-μ.</strong></span> <span class='ocrx_word' id='word_1_270' title='bbox 1199 1974 1388 2000; x_wconf 42' lang='grc' dir='ltr'>ληιπμ-</span> <span class='ocrx_word' id='word_1_271' title='bbox 1419 1974 1508 2000; x_wconf 56' lang='grc' dir='ltr'><strong>--μὶ</strong></span> <span class='ocrx_word' id='word_1_272' title='bbox 1545 1975 1678 2000; x_wconf 40' lang='grc' dir='ltr'><strong>-.-9η</strong></span> <span class='ocrx_word' id='word_1_273' title='bbox 1709 1997 1773 2000; x_wconf 59' lang='grc' dir='ltr'><strong>..μ</strong></span> <span class='ocrx_word' id='word_1_274' title='bbox 1836 1973 1945 2000; x_wconf 65' lang='lat' dir='ltr'><strong>:&quot;N</strong></span> <span class='ocrx_word' id='word_1_275' title='bbox 2146 1974 2188 2000; x_wconf 61' lang='lat' dir='ltr'><strong>KH</strong></span> <span class='ocrx_word' id='word_1_276' title='bbox 2238 1976 2309 2000; x_wconf 56' lang='grc' dir='ltr'><em>Α,</em></span> <span class='ocrx_word' id='word_1_277' title='bbox 2377 1978 2425 2000; x_wconf 47' lang='grc' dir='ltr'><strong>ην</strong></span> <span class='ocrx_word' id='word_1_278' title='bbox 2481 1980 2534 2000; x_wconf 67' lang='grc' dir='ltr'><strong>ι,</strong></span> <span class='ocrx_word' id='word_1_279' title='bbox 2593 1978 2739 2000; x_wconf 40' lang='grc' dir='ltr'>ητΑιη</span> <span class='ocrx_word' id='word_1_280' title='bbox 2769 1977 2823 2000; x_wconf 58' lang='lat' dir='ltr'><strong>x,</strong></span> <span class='ocrx_word' id='word_1_281' title='bbox 2882 1999 2885 2000; x_wconf 67' lang='lat'><strong>,</strong></span> <span class='ocrx_word' id='word_1_282' title='bbox 2994 1979 3007 1995; x_wconf 59' lang='grc' dir='ltr'>κ</span> <span class='ocrx_word' id='word_1_283' title='bbox 3086 1981 3177 2000; x_wconf 30' lang='grc' dir='ltr'>,κε-ρ</span> <span class='ocrx_word' id='word_1_284' title='bbox 3215 1977 3415 2000; x_wconf 29' lang='grc' dir='ltr'><strong>πΙγ--.ν</strong></span> <span class='ocrx_word' id='word_1_285' title='bbox 3474 1974 3713 2000; x_wconf 61' lang='lat' dir='ltr'><strong>o__brv__,.</strong></span> 
     </span>
    </p>
   </div>
   <div class='ocr_carea' id='block_1_34' title="bbox 293 1974 1927 2050">
    <p class='ocr_par' dir='ltr' id='par_1_34' title="bbox 293 1974 1927 2050">
     <span class='ocr_line' id='line_1_36' title="bbox 293 1974 1927 2050; baseline -0.001 -18"><span class='ocrx_word' id='word_1_286' title='bbox 293 1976 476 2050; x_wconf 83' lang='grc' dir='ltr'>μάτων</span> <span class='ocrx_word' id='word_1_287' title='bbox 535 1975 624 2032; x_wconf 84' lang='grc' dir='ltr'><strong>καὶ</strong></span> <span class='ocrx_word' id='word_1_288' title='bbox 687 1975 851 2049; x_wconf 88' lang='grc' dir='ltr'>μόνον</span> <span class='ocrx_word' id='word_1_289' title='bbox 908 1974 1134 2047; x_wconf 77' lang='grc' dir='ltr'>αὐξῆσαι</span> <span class='ocrx_word' id='word_1_290' title='bbox 1193 1974 1388 2049; x_wconf 66' lang='grc' dir='ltr'>ἀγέλας</span> <span class='ocrx_word' id='word_1_291' title='bbox 1419 1974 1509 2029; x_wconf 82' lang='grc' dir='ltr'><strong>καὶ</strong></span> <span class='ocrx_word' id='word_1_292' title='bbox 1541 1975 1797 2048; x_wconf 86' lang='grc' dir='ltr'>ποίμνια,</span> <span class='ocrx_word' id='word_1_293' title='bbox 1831 1974 1927 2030; x_wconf 77' lang='grc' dir='ltr'><strong>οὐδ</strong></span> 
     </span>
    </p>
   </div>
   <div class='ocr_carea' id='block_1_35' title="bbox 285 2060 1946 2141">
    <p class='ocr_par' dir='ltr' id='par_1_35' title="bbox 285 2060 1946 2141">
     <span class='ocr_line' id='line_1_37' title="bbox 285 2060 1946 2141; baseline -0.002 -20"><span class='ocrx_word' id='word_1_294' title='bbox 285 2065 497 2141; x_wconf 80' lang='grc' dir='ltr'>ἀνδρῶν</span> <span class='ocrx_word' id='word_1_295' title='bbox 549 2066 718 2139; x_wconf 75' lang='grc' dir='ltr'>φορὰν</span> <span class='ocrx_word' id='word_1_296' title='bbox 771 2063 1007 2140; x_wconf 81' lang='grc' dir='ltr'>ἐνεγκεῖν</span> <span class='ocrx_word' id='word_1_297' title='bbox 1058 2064 1285 2140; x_wconf 83' lang='grc' dir='ltr'>ἀγαθὸς,</span> <span class='ocrx_word' id='word_1_298' title='bbox 1342 2060 1489 2117; x_wconf 78' lang='grc' dir='ltr'>ἀλλὰ</span> <span class='ocrx_word' id='word_1_299' title='bbox 1543 2064 1633 2117; x_wconf 78' lang='grc' dir='ltr'><strong>καὶ</strong></span> <span class='ocrx_word' id='word_1_300' title='bbox 1688 2068 1946 2139; x_wconf 84' lang='grc' dir='ltr'>μοναχῶν</span> 
     </span>
    </p>
   </div>
   <div class='ocr_carea' id='block_1_36' title="bbox 288 2151 1946 2230">
    <p class='ocr_par' dir='ltr' id='par_1_36' title="bbox 288 2151 1946 2230">
     <span class='ocr_line' id='line_1_38' title="bbox 288 2151 1946 2230; baseline -0.001 -20"><span class='ocrx_word' id='word_1_301' title='bbox 288 2154 734 2229; x_wconf 83' lang='grc' dir='ltr'>οὐρανοπολιτῶν</span> <span class='ocrx_word' id='word_1_302' title='bbox 796 2153 1045 2229; x_wconf 73' lang='grc' dir='ltr'>ἐπιγείων</span> <span class='ocrx_word' id='word_1_303' title='bbox 1108 2156 1366 2217; x_wconf 76' lang='grc' dir='ltr'>συστῆσαι</span> <span class='ocrx_word' id='word_1_304' title='bbox 1398 2151 1651 2223; x_wconf 69' lang='grc' dir='ltr'>πληθόας</span> <span class='ocrx_word' id='word_1_305' title='bbox 1704 2151 1946 2230; x_wconf 76' lang='grc' dir='ltr'>ἄριστος,</span> 
     </span>
    </p>
   </div>
   <div class='ocr_carea' id='block_1_37' title="bbox 286 2239 1950 2318">
    <p class='ocr_par' dir='ltr' id='par_1_37' title="bbox 286 2239 1950 2318">
     <span class='ocr_line' id='line_1_39' title="bbox 286 2239 1950 2318; baseline -0.002 -19"><span class='ocrx_word' id='word_1_306' title='bbox 286 2244 436 2315; x_wconf 78' lang='grc' dir='ltr'><strong>παρά</strong></span> <span class='ocrx_word' id='word_1_307' title='bbox 462 2248 721 2298; x_wconf 76' lang='grc' dir='ltr'>τοσοῦτον</span> <span class='ocrx_word' id='word_1_308' title='bbox 775 2242 858 2297; x_wconf 82' lang='grc' dir='ltr'>ἐπ’</span> <span class='ocrx_word' id='word_1_309' title='bbox 905 2239 1103 2305; x_wconf 70' lang='grc' dir='ltr'>ἄλλοις</span> <span class='ocrx_word' id='word_1_310' title='bbox 1155 2242 1223 2296; x_wconf 74' lang='grc' dir='ltr'><strong>τὰ</strong></span> <span class='ocrx_word' id='word_1_311' title='bbox 1274 2246 1517 2317; x_wconf 86' lang='grc' dir='ltr'>πρωτεῖα</span> <span class='ocrx_word' id='word_1_312' title='bbox 1575 2243 1754 2318; x_wconf 68' lang='grc' dir='ltr'>φέρων</span> <span class='ocrx_word' id='word_1_313' title='bbox 1812 2243 1950 2317; x_wconf 79' lang='grc' dir='ltr'>πρὸς</span> 
     </span>
    </p>
   </div>
   <div class='ocr_carea' id='block_1_38' title="bbox 289 2330 1948 2407">
    <p class='ocr_par' dir='ltr' id='par_1_38' title="bbox 289 2330 1948 2407">
     <span class='ocr_line' id='line_1_40' title="bbox 289 2330 1948 2407; baseline -0.001 -19"><span class='ocrx_word' id='word_1_314' title='bbox 289 2331 662 2402; x_wconf 83' lang='grc' dir='ltr'>Παλαιστίνην</span> <span class='ocrx_word' id='word_1_315' title='bbox 713 2332 839 2407; x_wconf 88' lang='grc' dir='ltr'>παρ’</span> <span class='ocrx_word' id='word_1_316' title='bbox 891 2330 1016 2386; x_wconf 84' lang='grc' dir='ltr'>ὅσον</span> <span class='ocrx_word' id='word_1_317' title='bbox 1068 2332 1145 2385; x_wconf 68' lang='grc' dir='ltr'>ἐνὶ</span> <span class='ocrx_word' id='word_1_318' title='bbox 1194 2331 1282 2385; x_wconf 82' lang='grc' dir='ltr'>καὶ</span> <span class='ocrx_word' id='word_1_319' title='bbox 1324 2331 1559 2405; x_wconf 83' lang='grc' dir='ltr'>μεγίστῳ</span> <span class='ocrx_word' id='word_1_320' title='bbox 1589 2333 1812 2403; x_wconf 78' lang='grc' dir='ltr'>ἡττᾶτο,</span> <span class='ocrx_word' id='word_1_321' title='bbox 1868 2337 1948 2403; x_wconf 81' lang='grc' dir='ltr'><strong>τῷ</strong></span> 
     </span>
    </p>
   </div>
   <div class='ocr_carea' id='block_1_39' title="bbox 289 2416 1950 2496">
    <p class='ocr_par' dir='ltr' id='par_1_39' title="bbox 289 2416 1950 2496">
     <span class='ocr_line' id='line_1_41' title="bbox 289 2416 1950 2496; baseline -0.002 -19"><span class='ocrx_word' id='word_1_322' title='bbox 289 2422 386 2483; x_wconf 70' lang='grc' dir='ltr'><strong>τὰς</strong></span> <span class='ocrx_word' id='word_1_323' title='bbox 465 2416 746 2494; x_wconf 70' lang='grc' dir='ltr'>διατριϐὰς</span> <span class='ocrx_word' id='word_1_324' title='bbox 824 2419 996 2475; x_wconf 77' lang='grc' dir='ltr'>ἐκεῖσε</span> <span class='ocrx_word' id='word_1_325' title='bbox 1063 2418 1307 2496; x_wconf 72' lang='grc' dir='ltr'>γενέσθαι</span> <span class='ocrx_word' id='word_1_326' title='bbox 1362 2418 1461 2475; x_wconf 71' lang='grc' dir='ltr'>τοῦ</span> <span class='ocrx_word' id='word_1_327' title='bbox 1519 2420 1655 2493; x_wconf 81' lang='grc' dir='ltr'>ἐμοῦ</span> <span class='ocrx_word' id='word_1_328' title='bbox 1712 2426 1950 2493; x_wconf 79' lang='grc' dir='ltr'>Χριστοῦ</span> 
     </span>
    </p>
   </div>
   <div class='ocr_carea' id='block_1_40' title="bbox 293 2507 1948 2585">
    <p class='ocr_par' dir='ltr' id='par_1_40' title="bbox 293 2507 1948 2585">
     <span class='ocr_line' id='line_1_42' title="bbox 293 2507 1948 2585; baseline -0.001 -18"><span class='ocrx_word' id='word_1_329' title='bbox 293 2511 384 2567; x_wconf 84' lang='grc' dir='ltr'><strong>καὶ</strong></span> <span class='ocrx_word' id='word_1_330' title='bbox 444 2515 624 2568; x_wconf 70' lang='grc' dir='ltr'>Θεοῦ.</span> <span class='ocrx_word' id='word_1_331' title='bbox 687 2509 788 2566; x_wconf 85' lang='grc' dir='ltr'><strong>Καὶ</strong></span> <span class='ocrx_word' id='word_1_332' title='bbox 849 2509 994 2565; x_wconf 72' lang='grc' dir='ltr'>οὕτω</span> <span class='ocrx_word' id='word_1_333' title='bbox 1051 2510 1149 2582; x_wconf 70' lang='grc' dir='ltr'><strong>μὶν</strong></span> <span class='ocrx_word' id='word_1_334' title='bbox 1207 2511 1324 2564; x_wconf 85' lang='grc' dir='ltr'>κατ’</span> <span class='ocrx_word' id='word_1_335' title='bbox 1384 2507 1572 2585; x_wconf 86' lang='grc' dir='ltr'>ὀλίγον</span> <span class='ocrx_word' id='word_1_336' title='bbox 1635 2507 1948 2583; x_wconf 83' lang='grc' dir='ltr'>Μαίανδρος</span> 
     </span>
    </p>
   </div>
   <div class='ocr_carea' id='block_1_41' title="bbox 294 2596 1953 2676">
    <p class='ocr_par' dir='ltr' id='par_1_41' title="bbox 294 2596 1953 2676">
     <span class='ocr_line' id='line_1_43' title="bbox 294 2596 1953 2676; baseline 0 -21"><span class='ocrx_word' id='word_1_337' title='bbox 294 2601 611 2676; x_wconf 79' lang='grc' dir='ltr'>ήρημοῦτο,</span> <span class='ocrx_word' id='word_1_338' title='bbox 669 2597 1088 2676; x_wconf 77' lang='grc' dir='ltr'>είσχωρούντων</span> <span class='ocrx_word' id='word_1_339' title='bbox 1160 2596 1427 2674; x_wconf 75' lang='grc' dir='ltr'>ἐνδοτέρω</span> <span class='ocrx_word' id='word_1_340' title='bbox 1482 2603 1591 2654; x_wconf 90' lang='grc' dir='ltr'><strong>τῶν</strong></span> <span class='ocrx_word' id='word_1_341' title='bbox 1644 2597 1816 2655; x_wconf 79' lang='grc' dir='ltr'>ἐκεῖσε</span> <span class='ocrx_word' id='word_1_342' title='bbox 1863 2597 1953 2655; x_wconf 89' lang='grc' dir='ltr'><strong>διά</strong></span> 
     </span>
    </p>
   </div>
   <div class='ocr_carea' id='block_1_42' title="bbox 296 2813 1955 2889">
    <p class='ocr_par' dir='ltr' id='par_1_42' title="bbox 296 2813 1955 2889">
     <span class='ocr_line' id='line_1_44' title="bbox 296 2813 1955 2889; baseline -0.004 -14"><span class='ocrx_word' id='word_1_343' title='bbox 296 2823 358 2875; x_wconf 90' lang='lat' dir='ltr'><strong>et</strong></span> <span class='ocrx_word' id='word_1_344' title='bbox 389 2822 513 2875; x_wconf 87' lang='lat' dir='ltr'><strong>arte</strong></span> <span class='ocrx_word' id='word_1_345' title='bbox 542 2820 835 2889; x_wconf 67' lang='lat' dir='ltr'><strong>praestans</strong></span> <span class='ocrx_word' id='word_1_346' title='bbox 866 2814 1080 2871; x_wconf 87' lang='lat' dir='ltr'><strong>bellica</strong></span> <span class='ocrx_word' id='word_1_347' title='bbox 1109 2831 1178 2870; x_wconf 86' lang='lat' dir='ltr'><strong>ex</strong></span> <span class='ocrx_word' id='word_1_348' title='bbox 1206 2813 1609 2881; x_wconf 88' lang='lat' dir='ltr'><strong>Halizonibus,</strong></span> <span class='ocrx_word' id='word_1_349' title='bbox 1644 2830 1792 2885; x_wconf 89' lang='lat' dir='ltr'><strong>quos</strong></span> <span class='ocrx_word' id='word_1_350' title='bbox 1837 2814 1955 2869; x_wconf 84' lang='lat' dir='ltr'><strong>Me-</strong></span> 
     </span>
    </p>
   </div>
   <div class='ocr_carea' id='block_1_43' title="bbox 296 2903 1956 2978">
    <p class='ocr_par' dir='ltr' id='par_1_43' title="bbox 296 2903 1956 2978">
     <span class='ocr_line' id='line_1_45' title="bbox 296 2903 1956 2978; baseline -0.003 -13"><span class='ocrx_word' id='word_1_351' title='bbox 296 2908 615 2966; x_wconf 82' lang='lat' dir='ltr'><strong>sothinitas</strong></span> <span class='ocrx_word' id='word_1_352' title='bbox 648 2906 887 2978; x_wconf 87' lang='lat' dir='ltr'><strong>vulgare</strong></span> <span class='ocrx_word' id='word_1_353' title='bbox 918 2904 1078 2959; x_wconf 83' lang='lat' dir='ltr'>dicat</span> <span class='ocrx_word' id='word_1_354' title='bbox 1108 2903 1352 2961; x_wconf 88' lang='lat' dir='ltr'><strong>idioma.</strong></span> <span class='ocrx_word' id='word_1_355' title='bbox 1400 2909 1579 2959; x_wconf 84' lang='lat' dir='ltr'><strong>Erant</strong></span> <span class='ocrx_word' id='word_1_356' title='bbox 1628 2906 1767 2959; x_wconf 85' lang='lat' dir='ltr'><strong>item</strong></span> <span class='ocrx_word' id='word_1_357' title='bbox 1817 2903 1956 2960; x_wconf 86' lang='lat' dir='ltr'><strong>hinc</strong></span> 
     </span>
    </p>
   </div>
   <div class='ocr_carea' id='block_1_44' title="bbox 295 2991 1955 3071">
    <p class='ocr_par' dir='ltr' id='par_1_44' title="bbox 295 2991 1955 3071">
     <span class='ocr_line' id='line_1_46' title="bbox 295 2991 1955 3071; baseline -0.004 -17"><span class='ocrx_word' id='word_1_358' title='bbox 295 2998 539 3071; x_wconf 87' lang='lat' dir='ltr'><strong>quidem</strong></span> <span class='ocrx_word' id='word_1_359' title='bbox 566 2996 838 3061; x_wconf 80' lang='lat' dir='ltr'><strong>Thraces,</strong></span> <span class='ocrx_word' id='word_1_360' title='bbox 873 2994 1005 3049; x_wconf 93' lang='lat' dir='ltr'><strong>inde</strong></span> <span class='ocrx_word' id='word_1_361' title='bbox 1036 2999 1231 3049; x_wconf 89' lang='lat' dir='ltr'><strong>autem</strong></span> <span class='ocrx_word' id='word_1_362' title='bbox 1263 2991 1542 3066; x_wconf 80' lang='lat' dir='ltr'><strong>Phryges,</strong></span> <span class='ocrx_word' id='word_1_363' title='bbox 1575 2993 1737 3049; x_wconf 86' lang='lat' dir='ltr'><strong>illine</strong></span> <span class='ocrx_word' id='word_1_364' title='bbox 1772 2993 1955 3048; x_wconf 83' lang='lat' dir='ltr'><strong>Mace-</strong></span> 
     </span>
    </p>
   </div>
   <div class='ocr_carea' id='block_1_45' title="bbox 296 3081 1949 3155">
    <p class='ocr_par' dir='ltr' id='par_1_45' title="bbox 296 3081 1949 3155">
     <span class='ocr_line' id='line_1_47' title="bbox 296 3081 1949 3155; baseline -0.004 -12"><span class='ocrx_word' id='word_1_365' title='bbox 296 3088 501 3151; x_wconf 80' lang='lat' dir='ltr'><strong>dones,</strong></span> <span class='ocrx_word' id='word_1_366' title='bbox 535 3084 755 3140; x_wconf 90' lang='lat' dir='ltr'><strong>isthinc</strong></span> <span class='ocrx_word' id='word_1_367' title='bbox 785 3082 1199 3155; x_wconf 75' lang='lat' dir='ltr'><strong>Mysi,a|iunde</strong></span> <span class='ocrx_word' id='word_1_368' title='bbox 1227 3082 1419 3149; x_wconf 83' lang='lat' dir='ltr'><strong>Cares,</strong></span> <span class='ocrx_word' id='word_1_369' title='bbox 1451 3086 1508 3138; x_wconf 91' lang='lat' dir='ltr'><strong>et</strong></span> <span class='ocrx_word' id='word_1_370' title='bbox 1536 3082 1595 3137; x_wconf 93' lang='lat' dir='ltr'><strong>hi</strong></span> <span class='ocrx_word' id='word_1_371' title='bbox 1629 3081 1949 3137; x_wconf 82' lang='lat' dir='ltr'><strong>numerosi.</strong></span> 
     </span>
    </p>
   </div>
   <div class='ocr_carea' id='block_1_46' title="bbox 295 3170 1943 3247">
    <p class='ocr_par' dir='ltr' id='par_1_46' title="bbox 295 3170 1943 3247">
     <span class='ocr_line' id='line_1_48' title="bbox 295 3170 1943 3247; baseline -0.005 -15"><span class='ocrx_word' id='word_1_372' title='bbox 295 3176 443 3233; x_wconf 89' lang='lat' dir='ltr'><strong>Tum</strong></span> <span class='ocrx_word' id='word_1_373' title='bbox 472 3174 571 3247; x_wconf 88' lang='lat' dir='ltr'><strong>qui</strong></span> <span class='ocrx_word' id='word_1_374' title='bbox 601 3190 672 3229; x_wconf 82' lang='lat' dir='ltr'><strong>ex</strong></span> <span class='ocrx_word' id='word_1_375' title='bbox 717 3173 1040 3245; x_wconf 81' lang='lat' dir='ltr'><strong>Magedone</strong></span> <span class='ocrx_word' id='word_1_376' title='bbox 1084 3177 1379 3227; x_wconf 80' lang='lat' dir='ltr'><strong>venerant.</strong></span> <span class='ocrx_word' id='word_1_377' title='bbox 1432 3171 1620 3243; x_wconf 84' lang='lat' dir='ltr'><strong>Super</strong></span> <span class='ocrx_word' id='word_1_378' title='bbox 1666 3170 1761 3227; x_wconf 91' lang='lat' dir='ltr'><strong>his</strong></span> <span class='ocrx_word' id='word_1_379' title='bbox 1808 3172 1943 3243; x_wconf 86' lang='lat' dir='ltr'><strong>Scy-</strong></span> 
     </span>
    </p>
   </div>
   <div class='ocr_carea' id='block_1_47' title="bbox 297 3260 1951 3336">
    <p class='ocr_par' dir='ltr' id='par_1_47' title="bbox 297 3260 1951 3336">
     <span class='ocr_line' id='line_1_49' title="bbox 297 3260 1951 3336; baseline -0.004 -15"><span class='ocrx_word' id='word_1_380' title='bbox 297 3265 471 3321; x_wconf 62' lang='lat' dir='ltr'><strong>thica</strong></span> <span class='ocrx_word' id='word_1_381' title='bbox 495 3263 677 3336; x_wconf 68' lang='lat' dir='ltr'><strong>copia:</strong></span> <span class='ocrx_word' id='word_1_382' title='bbox 708 3270 766 3317; x_wconf 92' lang='lat' dir='ltr'><strong>et</strong></span> <span class='ocrx_word' id='word_1_383' title='bbox 795 3267 1004 3318; x_wconf 70' lang='lat' dir='ltr'><strong>extera:</strong></span> <span class='ocrx_word' id='word_1_384' title='bbox 1035 3260 1271 3331; x_wconf 61' lang='lat' dir='ltr'><strong>Italicae,</strong></span> <span class='ocrx_word' id='word_1_385' title='bbox 1294 3260 1681 3333; x_wconf 65' lang='lat' dir='ltr'><strong>plurimaeque</strong></span> <span class='ocrx_word' id='word_1_386' title='bbox 1712 3260 1859 3330; x_wconf 66' lang='lat' dir='ltr'><strong>alias,</strong></span> <span class='ocrx_word' id='word_1_387' title='bbox 1883 3278 1951 3315; x_wconf 82' lang='lat' dir='ltr'><strong>ex</strong></span> 
     </span>
    </p>
   </div>
   <div class='ocr_carea' id='block_1_48' title="bbox 301 3349 1950 3428">
    <p class='ocr_par' dir='ltr' id='par_1_48' title="bbox 301 3349 1950 3428">
     <span class='ocr_line' id='line_1_50' title="bbox 301 3349 1950 3428; baseline -0.005 -17"><span class='ocrx_word' id='word_1_388' title='bbox 301 3356 520 3428; x_wconf 84' lang='lat' dir='ltr'><strong>quibus</strong></span> <span class='ocrx_word' id='word_1_389' title='bbox 552 3352 837 3409; x_wconf 88' lang='lat' dir='ltr'><strong>membris</strong></span> <span class='ocrx_word' id='word_1_390' title='bbox 868 3366 1212 3416; x_wconf 89' lang='lat' dir='ltr'><strong>unum,vere</strong></span> <span class='ocrx_word' id='word_1_391' title='bbox 1242 3349 1950 3418; x_wconf 82' lang='lat' dir='ltr'><strong>dicam,valentissimum</strong></span> 
     </span>
    </p>
   </div>
   <div class='ocr_carea' id='block_1_49' title="bbox 301 3438 1953 3513">
    <p class='ocr_par' dir='ltr' id='par_1_49' title="bbox 301 3438 1953 3513">
     <span class='ocr_line' id='line_1_51' title="bbox 301 3438 1953 3513; baseline -0.005 -13"><span class='ocrx_word' id='word_1_392' title='bbox 301 3452 360 3501; x_wconf 91' lang='lat' dir='ltr'><strong>et</strong></span> <span class='ocrx_word' id='word_1_393' title='bbox 381 3441 780 3503; x_wconf 87' lang='lat' dir='ltr'><strong>ineluctabilis</strong></span> <span class='ocrx_word' id='word_1_394' title='bbox 805 3441 1079 3513; x_wconf 72' lang='lat' dir='ltr'><strong>potentias</strong></span> <span class='ocrx_word' id='word_1_395' title='bbox 1110 3438 1476 3494; x_wconf 86' lang='lat' dir='ltr'><strong>coalescebat</strong></span> <span class='ocrx_word' id='word_1_396' title='bbox 1506 3455 1747 3509; x_wconf 87' lang='lat' dir='ltr'><strong>corpus;</strong></span> <span class='ocrx_word' id='word_1_397' title='bbox 1782 3439 1953 3507; x_wconf 83' lang='lat' dir='ltr'><strong>cujus</strong></span> 
     </span>
    </p>
   </div>
   <div class='ocr_carea' id='block_1_50' title="bbox 304 3526 1952 3607">
    <p class='ocr_par' dir='ltr' id='par_1_50' title="bbox 304 3526 1952 3607">
     <span class='ocr_line' id='line_1_52' title="bbox 304 3526 1952 3607; baseline -0.004 -17"><span class='ocrx_word' id='word_1_398' title='bbox 304 3535 472 3607; x_wconf 90' lang='lat' dir='ltr'><strong>quasi</strong></span> <span class='ocrx_word' id='word_1_399' title='bbox 505 3534 743 3589; x_wconf 90' lang='lat' dir='ltr'><strong>animus</strong></span> <span class='ocrx_word' id='word_1_400' title='bbox 772 3531 1035 3601; x_wconf 88' lang='lat' dir='ltr'><strong>despota,</strong></span> <span class='ocrx_word' id='word_1_401' title='bbox 1067 3528 1208 3582; x_wconf 92' lang='lat' dir='ltr'><strong>dum</strong></span> <span class='ocrx_word' id='word_1_402' title='bbox 1265 3526 1410 3583; x_wconf 89' lang='lat' dir='ltr'><strong>illud</strong></span> <span class='ocrx_word' id='word_1_403' title='bbox 1466 3532 1656 3583; x_wconf 88' lang='lat' dir='ltr'><strong>movet</strong></span> <span class='ocrx_word' id='word_1_404' title='bbox 1699 3533 1756 3583; x_wconf 88' lang='lat' dir='ltr'><strong>et</strong></span> <span class='ocrx_word' id='word_1_405' title='bbox 1805 3543 1952 3598; x_wconf 89' lang='lat' dir='ltr'><strong>quo-</strong></span> 
     </span>
    </p>
   </div>
   <div class='ocr_carea' id='block_1_51' title="bbox 305 3616 1954 3693">
    <p class='ocr_par' dir='ltr' id='par_1_51' title="bbox 305 3616 1954 3693">
     <span class='ocr_line' id='line_1_53' title="bbox 305 3616 1954 3693; baseline -0.004 -14"><span class='ocrx_word' id='word_1_406' title='bbox 305 3638 537 3693; x_wconf 86' lang='lat' dir='ltr'><strong>cunque</strong></span> <span class='ocrx_word' id='word_1_407' title='bbox 603 3619 964 3683; x_wconf 83' lang='lat' dir='ltr'><strong>circumfert,</strong></span> <span class='ocrx_word' id='word_1_408' title='bbox 1022 3616 1304 3671; x_wconf 81' lang='lat' dir='ltr'><strong>terribilis</strong></span> <span class='ocrx_word' id='word_1_409' title='bbox 1363 3616 1576 3686; x_wconf 88' lang='lat' dir='ltr'><strong>uhique</strong></span> <span class='ocrx_word' id='word_1_410' title='bbox 1633 3616 1954 3687; x_wconf 85' lang='lat' dir='ltr'><strong>apparebat</strong></span> 
     </span>
    </p>
   </div>
   <div class='ocr_carea' id='block_1_52' title="bbox 304 3705 1952 3784">
    <p class='ocr_par' dir='ltr' id='par_1_52' title="bbox 304 3705 1952 3784">
     <span class='ocr_line' id='line_1_54' title="bbox 304 3705 1952 3784; baseline -0.004 -17"><span class='ocrx_word' id='word_1_411' title='bbox 304 3710 624 3784; x_wconf 58' lang='lat' dir='ltr'><strong>praesertim</strong></span> <span class='ocrx_word' id='word_1_412' title='bbox 659 3710 718 3763; x_wconf 89' lang='lat' dir='ltr'><strong>in</strong></span> <span class='ocrx_word' id='word_1_413' title='bbox 766 3707 1036 3763; x_wconf 87' lang='lat' dir='ltr'><strong>Occiduis</strong></span> <span class='ocrx_word' id='word_1_414' title='bbox 1078 3705 1389 3770; x_wconf 85' lang='lat' dir='ltr'><strong>tractibus,</strong></span> <span class='ocrx_word' id='word_1_415' title='bbox 1440 3705 1539 3760; x_wconf 89' lang='lat' dir='ltr'><strong>ubi</strong></span> <span class='ocrx_word' id='word_1_416' title='bbox 1590 3706 1952 3776; x_wconf 81' lang='lat' dir='ltr'><strong>frequentius</strong></span> 
     </span>
    </p>
   </div>
   <div class='ocr_carea' id='block_1_53' title="bbox 306 3794 1950 3869">
    <p class='ocr_par' dir='ltr' id='par_1_53' title="bbox 306 3794 1950 3869">
     <span class='ocr_line' id='line_1_55' title="bbox 306 3794 1950 3869; baseline -0.002 -16"><span class='ocrx_word' id='word_1_417' title='bbox 306 3800 632 3866; x_wconf 77' lang='lat' dir='ltr'><strong>militabat;</strong></span> <span class='ocrx_word' id='word_1_418' title='bbox 666 3814 794 3869; x_wconf 69' lang='lat' dir='ltr'><strong>quae</strong></span> <span class='ocrx_word' id='word_1_419' title='bbox 826 3812 1005 3851; x_wconf 88' lang='lat' dir='ltr'><strong>causa</strong></span> <span class='ocrx_word' id='word_1_420' title='bbox 1039 3796 1148 3850; x_wconf 89' lang='lat' dir='ltr'><strong>fuit</strong></span> <span class='ocrx_word' id='word_1_421' title='bbox 1177 3812 1281 3851; x_wconf 92' lang='lat' dir='ltr'><strong>cur</strong></span> <span class='ocrx_word' id='word_1_422' title='bbox 1310 3794 1481 3850; x_wconf 84' lang='lat' dir='ltr'><strong>limes</strong></span> <span class='ocrx_word' id='word_1_423' title='bbox 1513 3794 1822 3851; x_wconf 86' lang='lat' dir='ltr'><strong>Orientalis</strong></span> <span class='ocrx_word' id='word_1_424' title='bbox 1853 3796 1950 3850; x_wconf 88' lang='lat' dir='ltr'><strong>de-</strong></span> 
     </span>
    </p>
   </div>
   <div class='ocr_carea' id='block_1_54' title="bbox 303 3884 1950 3957">
    <p class='ocr_par' dir='ltr' id='par_1_54' title="bbox 303 3884 1950 3957">
     <span class='ocr_line' id='line_1_56' title="bbox 303 3884 1950 3957; baseline -0.005 -12"><span class='ocrx_word' id='word_1_425' title='bbox 303 3889 652 3945; x_wconf 90' lang='lat' dir='ltr'><strong>bilitaretur.</strong></span> <span class='ocrx_word' id='word_1_426' title='bbox 666 3886 853 3941; x_wconf 87' lang='lat' dir='ltr'><strong>Persis</strong></span> <span class='ocrx_word' id='word_1_427' title='bbox 867 3885 1133 3940; x_wconf 90' lang='lat' dir='ltr'><strong>absentia</strong></span> <span class='ocrx_word' id='word_1_428' title='bbox 1145 3886 1350 3957; x_wconf 75' lang='lat' dir='ltr'><strong>praesid</strong></span> <span class='ocrx_word' id='word_1_429' title='bbox 1365 3885 1545 3939; x_wconf 90' lang='lat' dir='ltr'><strong>iorum</strong></span> <span class='ocrx_word' id='word_1_430' title='bbox 1564 3886 1692 3956; x_wconf 80' lang='lat' dir='ltr'><strong>ejus</strong></span> <span class='ocrx_word' id='word_1_431' title='bbox 1707 3884 1950 3939; x_wconf 84' lang='lat' dir='ltr'><strong>vexandi</strong></span> 
     </span>
    </p>
   </div>
   <div class='ocr_carea' id='block_1_55' title="bbox 301 3973 1947 4041">
    <p class='ocr_par' dir='ltr' id='par_1_55' title="bbox 301 3973 1947 4041">
     <span class='ocr_line' id='line_1_57' title="bbox 301 3973 1947 4041; baseline -0.004 -7"><span class='ocrx_word' id='word_1_432' title='bbox 301 3979 574 4034; x_wconf 83' lang='lat' dir='ltr'><strong>fiduciam</strong></span> <span class='ocrx_word' id='word_1_433' title='bbox 592 3975 1442 4041; x_wconf 78' lang='lat' dir='ltr'><strong>sumentibus,incursantibus</strong></span> <span class='ocrx_word' id='word_1_434' title='bbox 1458 3973 1947 4029; x_wconf 75' lang='lat' dir='ltr'><strong>aclairociniova-</strong></span> 
     </span>
    </p>
   </div>
   <div class='ocr_carea' id='block_1_56' title="bbox 299 4064 1951 4136">
    <p class='ocr_par' dir='ltr' id='par_1_56' title="bbox 299 4064 1951 4136">
     <span class='ocr_line' id='line_1_58' title="bbox 299 4064 1951 4136; baseline -0.005 -10"><span class='ocrx_word' id='word_1_435' title='bbox 299 4071 599 4126; x_wconf 83' lang='lat' dir='ltr'><strong>stantibus</strong></span> <span class='ocrx_word' id='word_1_436' title='bbox 631 4069 879 4124; x_wconf 87' lang='lat' dir='ltr'><strong>miseras</strong></span> <span class='ocrx_word' id='word_1_437' title='bbox 908 4065 1037 4120; x_wconf 78' lang='lat' dir='ltr'><strong>illas</strong></span> <span class='ocrx_word' id='word_1_438' title='bbox 1069 4064 1525 4136; x_wconf 82' lang='lat' dir='ltr'><strong>regiones,nullo</strong></span> <span class='ocrx_word' id='word_1_439' title='bbox 1559 4065 1729 4133; x_wconf 86' lang='lat' dir='ltr'><strong>plane</strong></span> <span class='ocrx_word' id='word_1_440' title='bbox 1762 4064 1951 4134; x_wconf 87' lang='lat' dir='ltr'><strong>prohi-</strong></span> 
     </span>
    </p>
   </div>
   <div class='ocr_carea' id='block_1_57' title="bbox 300 4153 1949 4227">
    <p class='ocr_par' dir='ltr' id='par_1_57' title="bbox 300 4153 1949 4227">
     <span class='ocr_line' id='line_1_59' title="bbox 300 4153 1949 4227; baseline -0.004 -14"><span class='ocrx_word' id='word_1_441' title='bbox 300 4159 494 4213; x_wconf 84' lang='lat' dir='ltr'><strong>bente.</strong></span> <span class='ocrx_word' id='word_1_442' title='bbox 534 4158 728 4227; x_wconf 78' lang='lat' dir='ltr'><strong>Itaque</strong></span> <span class='ocrx_word' id='word_1_443' title='bbox 759 4155 1051 4212; x_wconf 68' lang='lat' dir='ltr'><strong>Maeander</strong></span> <span class='ocrx_word' id='word_1_444' title='bbox 1080 4155 1348 4221; x_wconf 85' lang='lat' dir='ltr'><strong>domo,ut</strong></span> <span class='ocrx_word' id='word_1_445' title='bbox 1378 4153 1463 4208; x_wconf 86' lang='lat' dir='ltr'><strong>sic</strong></span> <span class='ocrx_word' id='word_1_446' title='bbox 1495 4153 1708 4218; x_wconf 83' lang='lat' dir='ltr'><strong>dicam,</strong></span> <span class='ocrx_word' id='word_1_447' title='bbox 1744 4154 1949 4207; x_wconf 77' lang='lat' dir='ltr'><strong>cedere</strong></span> 
     </span>
    </p>
   </div>
   <div class='ocr_carea' id='block_1_58' title="bbox 300 4241 1945 4317">
    <p class='ocr_par' dir='ltr' id='par_1_58' title="bbox 300 4241 1945 4317">
     <span class='ocr_line' id='line_1_60' title="bbox 300 4241 1945 4317; baseline -0.004 -14"><span class='ocrx_word' id='word_1_448' title='bbox 300 4253 538 4303; x_wconf 89' lang='lat' dir='ltr'><strong>coactus</strong></span> <span class='ocrx_word' id='word_1_449' title='bbox 571 4247 741 4317; x_wconf 84' lang='lat' dir='ltr'><strong>plane</strong></span> <span class='ocrx_word' id='word_1_450' title='bbox 772 4243 1074 4299; x_wconf 87' lang='lat' dir='ltr'><strong>desolatus</strong></span> <span class='ocrx_word' id='word_1_451' title='bbox 1106 4249 1215 4311; x_wconf 89' lang='lat' dir='ltr'><strong>est,</strong></span> <span class='ocrx_word' id='word_1_452' title='bbox 1249 4259 1363 4297; x_wconf 88' lang='lat' dir='ltr'><strong>non</strong></span> <span class='ocrx_word' id='word_1_453' title='bbox 1398 4241 1532 4296; x_wconf 90' lang='lat' dir='ltr'><strong>aliis</strong></span> <span class='ocrx_word' id='word_1_454' title='bbox 1564 4241 1755 4296; x_wconf 88' lang='lat' dir='ltr'><strong>solum</strong></span> <span class='ocrx_word' id='word_1_455' title='bbox 1787 4242 1945 4297; x_wconf 84' lang='lat' dir='ltr'><strong>inco-</strong></span> 
     </span>
    </p>
   </div>
   <div class='ocr_carea' id='block_1_59' title="bbox 298 4330 1944 4407">
    <p class='ocr_par' dir='ltr' id='par_1_59' title="bbox 298 4330 1944 4407">
     <span class='ocr_line' id='line_1_61' title="bbox 298 4330 1944 4407; baseline -0.004 -16"><span class='ocrx_word' id='word_1_456' title='bbox 298 4337 374 4391; x_wconf 88' lang='lat' dir='ltr'><strong>lis</strong></span> <span class='ocrx_word' id='word_1_457' title='bbox 405 4336 794 4407; x_wconf 77' lang='lat' dir='ltr'><strong>[ﬂurimarum</strong></span> <span class='ocrx_word' id='word_1_458' title='bbox 826 4332 1059 4387; x_wconf 90' lang='lat' dir='ltr'><strong>illarum</strong></span> <span class='ocrx_word' id='word_1_459' title='bbox 1093 4331 1715 4401; x_wconf 65' lang='lat' dir='ltr'><strong>annplissimarumque</strong></span> <span class='ocrx_word' id='word_1_460' title='bbox 1759 4330 1944 4399; x_wconf 82' lang='lat' dir='ltr'><strong>regio-</strong></span> 
     </span>
    </p>
   </div>
   <div class='ocr_carea' id='block_1_60' title="bbox 299 4418 1948 4493">
    <p class='ocr_par' dir='ltr' id='par_1_60' title="bbox 299 4418 1948 4493">
     <span class='ocr_line' id='line_1_62' title="bbox 299 4418 1948 4493; baseline -0.004 -14"><span class='ocrx_word' id='word_1_461' title='bbox 299 4442 465 4492; x_wconf 87' lang='lat' dir='ltr'><strong>num,</strong></span> <span class='ocrx_word' id='word_1_462' title='bbox 508 4424 609 4479; x_wconf 90' lang='lat' dir='ltr'><strong>sed</strong></span> <span class='ocrx_word' id='word_1_463' title='bbox 660 4424 805 4493; x_wconf 85' lang='lat' dir='ltr'><strong>ipsis</strong></span> <span class='ocrx_word' id='word_1_464' title='bbox 850 4421 1028 4475; x_wconf 83' lang='lat' dir='ltr'><strong>etiam</strong></span> <span class='ocrx_word' id='word_1_465' title='bbox 1088 4420 1224 4474; x_wconf 91' lang='lat' dir='ltr'><strong>inde</strong></span> <span class='ocrx_word' id='word_1_466' title='bbox 1280 4418 1496 4489; x_wconf 88' lang='lat' dir='ltr'><strong>passim</strong></span> <span class='ocrx_word' id='word_1_467' title='bbox 1553 4419 1948 4488; x_wconf 83' lang='lat' dir='ltr'><strong>migrantibus</strong></span> 
     </span>
    </p>
   </div>
   <div class='ocr_carea' id='block_1_61' title="bbox 295 4507 1944 4582">
    <p class='ocr_par' dir='ltr' id='par_1_61' title="bbox 295 4507 1944 4582">
     <span class='ocr_line' id='line_1_63' title="bbox 295 4507 1944 4582; baseline -0.005 -13"><span class='ocrx_word' id='word_1_468' title='bbox 295 4512 625 4578; x_wconf 85' lang='lat' dir='ltr'><strong>monachis,</strong></span> <span class='ocrx_word' id='word_1_469' title='bbox 647 4511 764 4566; x_wconf 87' lang='lat' dir='ltr'><strong>alia</strong></span> <span class='ocrx_word' id='word_1_470' title='bbox 793 4508 1082 4582; x_wconf 88' lang='lat' dir='ltr'><strong>siquidem</strong></span> <span class='ocrx_word' id='word_1_471' title='bbox 1118 4507 1421 4563; x_wconf 69' lang='lat' dir='ltr'><strong>Palaestina</strong></span> <span class='ocrx_word' id='word_1_472' title='bbox 1450 4511 1604 4561; x_wconf 89' lang='lat' dir='ltr'><strong>terra</strong></span> <span class='ocrx_word' id='word_1_473' title='bbox 1631 4507 1727 4561; x_wconf 90' lang='lat' dir='ltr'><strong>illa</strong></span> <span class='ocrx_word' id='word_1_474' title='bbox 1762 4508 1944 4561; x_wconf 77' lang='lat' dir='ltr'><strong>unde-</strong></span> 
     </span>
    </p>
   </div>
   <div class='ocr_carea' id='block_1_62' title="bbox 296 4597 1943 4674">
    <p class='ocr_par' dir='ltr' id='par_1_62' title="bbox 296 4597 1943 4674">
     <span class='ocr_line' id='line_1_64' title="bbox 296 4597 1943 4674; baseline -0.005 -16"><span class='ocrx_word' id='word_1_475' title='bbox 296 4618 531 4674; x_wconf 89' lang='lat' dir='ltr'><strong>cunque</strong></span> <span class='ocrx_word' id='word_1_476' title='bbox 589 4600 866 4657; x_wconf 87' lang='lat' dir='ltr'><strong>Meandro</strong></span> <span class='ocrx_word' id='word_1_477' title='bbox 924 4597 1083 4654; x_wconf 88' lang='lat' dir='ltr'><strong>amni</strong></span> <span class='ocrx_word' id='word_1_478' title='bbox 1144 4602 1424 4669; x_wconf 71' lang='lat' dir='ltr'><strong>praetenta</strong></span> <span class='ocrx_word' id='word_1_479' title='bbox 1474 4597 1655 4651; x_wconf 81' lang='lat' dir='ltr'><strong>videri</strong></span> <span class='ocrx_word' id='word_1_480' title='bbox 1710 4613 1776 4652; x_wconf 91' lang='lat' dir='ltr'><strong>ac</strong></span> <span class='ocrx_word' id='word_1_481' title='bbox 1828 4597 1943 4652; x_wconf 91' lang='lat' dir='ltr'><strong>dici</strong></span> 
     </span>
    </p>
   </div>
   <div class='ocr_carea' id='block_1_63' title="bbox 2058 1974 3720 2053">
    <p class='ocr_par' dir='ltr' id='par_1_63' title="bbox 2058 1974 3720 2053">
     <span class='ocr_line' id='line_1_65' title="bbox 2058 1974 3720 2053; baseline 0.001 -23"><span class='ocrx_word' id='word_1_482' title='bbox 2058 1974 2188 2049; x_wconf 83' lang='grc' dir='ltr'>μηδ’</span> <span class='ocrx_word' id='word_1_483' title='bbox 2234 1976 2310 2038; x_wconf 80' lang='grc' dir='ltr'>εἷς</span> <span class='ocrx_word' id='word_1_484' title='bbox 2368 1978 2536 2047; x_wconf 76' lang='grc' dir='ltr'>αὐτὴν</span> <span class='ocrx_word' id='word_1_485' title='bbox 2593 1977 2917 2052; x_wconf 80' lang='grc' dir='ltr'>Ἡράκλειαν</span> <span class='ocrx_word' id='word_1_486' title='bbox 2949 1979 3049 2047; x_wconf 75' lang='grc' dir='ltr'><strong>τήν</strong></span> <span class='ocrx_word' id='word_1_487' title='bbox 3080 1981 3182 2031; x_wconf 76' lang='grc' dir='ltr'><strong>τοῦ</strong></span> <span class='ocrx_word' id='word_1_488' title='bbox 3215 1977 3423 2032; x_wconf 88' lang='grc' dir='ltr'>Πόντου</span> <span class='ocrx_word' id='word_1_489' title='bbox 3474 1974 3720 2053; x_wconf 76' lang='grc' dir='ltr'>βαδίζειν</span> 
     </span>
    </p>
   </div>
   <div class='ocr_carea' id='block_1_64' title="bbox 2056 2065 3727 2144">
    <p class='ocr_par' dir='ltr' id='par_1_64' title="bbox 2056 2065 3727 2144">
     <span class='ocr_line' id='line_1_66' title="bbox 2056 2065 3727 2144; baseline 0.001 -26"><span class='ocrx_word' id='word_1_490' title='bbox 2056 2066 2190 2119; x_wconf 70' lang='grc' dir='ltr'>εἶναι</span> <span class='ocrx_word' id='word_1_491' title='bbox 2247 2070 2385 2140; x_wconf 79' lang='grc' dir='ltr'>πεζῇ</span> <span class='ocrx_word' id='word_1_492' title='bbox 2437 2066 2565 2130; x_wconf 78' lang='grc' dir='ltr'>τοὺς</span> <span class='ocrx_word' id='word_1_493' title='bbox 2600 2066 2965 2144; x_wconf 62' lang='grc' dir='ltr'>ὁρμωμένους</span> <span class='ocrx_word' id='word_1_494' title='bbox 3019 2066 3081 2122; x_wconf 74' lang='grc' dir='ltr'><strong>ἐκ</strong></span> <span class='ocrx_word' id='word_1_495' title='bbox 3115 2066 3352 2135; x_wconf 86' lang='grc' dir='ltr'>πόλεως,</span> <span class='ocrx_word' id='word_1_496' title='bbox 3402 2069 3511 2120; x_wconf 87' lang='grc' dir='ltr'><strong>τῶν</strong></span> <span class='ocrx_word' id='word_1_497' title='bbox 3544 2065 3727 2120; x_wconf 74' lang='grc' dir='ltr'>ἐκεῖσε</span> 
     </span>
    </p>
   </div>
   <div class='ocr_carea' id='block_1_65' title="bbox 2059 2154 3726 2232">
    <p class='ocr_par' dir='ltr' id='par_1_65' title="bbox 2059 2154 3726 2232">
     <span class='ocr_line' id='line_1_67' title="bbox 2059 2154 3726 2232; baseline 0.001 -25"><span class='ocrx_word' id='word_1_498' title='bbox 2059 2155 2224 2226; x_wconf 87' lang='grc' dir='ltr'>ὁρίων</span> <span class='ocrx_word' id='word_1_499' title='bbox 2279 2160 2357 2226; x_wconf 82' lang='grc' dir='ltr'>τῷ</span> <span class='ocrx_word' id='word_1_500' title='bbox 2416 2158 2683 2232; x_wconf 80' lang='grc' dir='ltr'>Σαγγάρει</span> <span class='ocrx_word' id='word_1_501' title='bbox 2737 2154 3252 2232; x_wconf 80' lang='grc' dir='ltr'>περικλεισθέντων,</span> <span class='ocrx_word' id='word_1_502' title='bbox 3310 2154 3402 2210; x_wconf 83' lang='grc' dir='ltr'><strong>καὶ</strong></span> <span class='ocrx_word' id='word_1_503' title='bbox 3452 2157 3562 2209; x_wconf 88' lang='grc' dir='ltr'><strong>τῶν</strong></span> <span class='ocrx_word' id='word_1_504' title='bbox 3617 2154 3726 2209; x_wconf 75' lang='grc' dir='ltr'>πέ-</span> 
     </span>
    </p>
   </div>
   <div class='ocr_carea' id='block_1_66' title="bbox 2061 2241 3727 2321">
    <p class='ocr_par' dir='ltr' id='par_1_66' title="bbox 2061 2241 3727 2321">
     <span class='ocr_line' id='line_1_68' title="bbox 2061 2241 3727 2321; baseline 0.002 -25"><span class='ocrx_word' id='word_1_505' title='bbox 2061 2264 2154 2319; x_wconf 91' lang='grc' dir='ltr'><strong>ραν</strong></span> <span class='ocrx_word' id='word_1_506' title='bbox 2212 2245 2429 2299; x_wconf 86' lang='grc' dir='ltr'>πάντων</span> <span class='ocrx_word' id='word_1_507' title='bbox 2491 2244 2638 2300; x_wconf 79' lang='grc' dir='ltr'>λείαν</span> <span class='ocrx_word' id='word_1_508' title='bbox 2695 2244 2996 2321; x_wconf 78' lang='grc' dir='ltr'>γεγονότων</span> <span class='ocrx_word' id='word_1_509' title='bbox 3058 2245 3120 2300; x_wconf 81' lang='grc' dir='ltr'>οὗ</span> <span class='ocrx_word' id='word_1_510' title='bbox 3171 2248 3396 2313; x_wconf 80' lang='grc' dir='ltr'>Μυσῶν,</span> <span class='ocrx_word' id='word_1_511' title='bbox 3456 2241 3604 2300; x_wconf 86' lang='grc' dir='ltr'><strong>ἀλλά</strong></span> <span class='ocrx_word' id='word_1_512' title='bbox 3654 2264 3727 2319; x_wconf 74' lang='grc' dir='ltr'><strong>γε</strong></span> 
     </span>
    </p>
   </div>
   <div class='ocr_carea' id='block_1_67' title="bbox 2062 2332 3729 2411">
    <p class='ocr_par' dir='ltr' id='par_1_67' title="bbox 2062 2332 3729 2411">
     <span class='ocr_line' id='line_1_69' title="bbox 2062 2332 3729 2411; baseline 0.001 -24"><span class='ocrx_word' id='word_1_513' title='bbox 2062 2338 2282 2406; x_wconf 87' lang='grc' dir='ltr'>Περσῶν</span> <span class='ocrx_word' id='word_1_514' title='bbox 2368 2335 2523 2390; x_wconf 86' lang='grc' dir='ltr'>Μόνα</span> <span class='ocrx_word' id='word_1_515' title='bbox 2580 2332 2637 2389; x_wconf 75' lang='grc' dir='ltr'>δὲ</span> <span class='ocrx_word' id='word_1_516' title='bbox 2687 2337 2754 2389; x_wconf 81' lang='grc' dir='ltr'>τὰ</span> <span class='ocrx_word' id='word_1_517' title='bbox 2804 2336 2943 2411; x_wconf 85' lang='grc' dir='ltr'>πρὸς</span> <span class='ocrx_word' id='word_1_518' title='bbox 2993 2333 3267 2390; x_wconf 84' lang='grc' dir='ltr'>θάλασσαν</span> <span class='ocrx_word' id='word_1_519' title='bbox 3298 2335 3539 2411; x_wconf 79' lang='grc' dir='ltr'>φρούρια</span> <span class='ocrx_word' id='word_1_520' title='bbox 3585 2353 3729 2388; x_wconf 80' lang='grc' dir='ltr'>κατ-</span> 
     </span>
    </p>
   </div>
   <div class='ocr_carea' id='block_1_68' title="bbox 2060 2420 3728 2499">
    <p class='ocr_par' dir='ltr' id='par_1_68' title="bbox 2060 2420 3728 2499">
     <span class='ocr_line' id='line_1_70' title="bbox 2060 2420 3728 2499; baseline 0 -24"><span class='ocrx_word' id='word_1_521' title='bbox 2060 2420 2405 2499; x_wconf 76' lang='grc' dir='ltr'>ελείφθησαν,</span> <span class='ocrx_word' id='word_1_522' title='bbox 2480 2423 2547 2478; x_wconf 85' lang='grc' dir='ltr'><strong>τά</strong></span> <span class='ocrx_word' id='word_1_523' title='bbox 2618 2424 2744 2497; x_wconf 90' lang='grc' dir='ltr'>περί</span> <span class='ocrx_word' id='word_1_524' title='bbox 2816 2445 2875 2479; x_wconf 87' lang='grc' dir='ltr'><strong>τε</strong></span> <span class='ocrx_word' id='word_1_525' title='bbox 2931 2428 3204 2499; x_wconf 86' lang='grc' dir='ltr'>Κρῶμναν</span> <span class='ocrx_word' id='word_1_526' title='bbox 3263 2424 3352 2478; x_wconf 88' lang='grc' dir='ltr'><strong>καὶ</strong></span> <span class='ocrx_word' id='word_1_527' title='bbox 3411 2423 3728 2497; x_wconf 79' lang='grc' dir='ltr'>Ἄμαστριν</span> 
     </span>
    </p>
   </div>
   <div class='ocr_carea' id='block_1_69' title="bbox 2059 2510 3730 2587">
    <p class='ocr_par' dir='ltr' id='par_1_69' title="bbox 2059 2510 3730 2587">
     <span class='ocr_line' id='line_1_71' title="bbox 2059 2510 3730 2587; baseline -0.001 -21"><span class='ocrx_word' id='word_1_528' title='bbox 2059 2511 2149 2566; x_wconf 83' lang='grc' dir='ltr'><strong>καὶ</strong></span> <span class='ocrx_word' id='word_1_529' title='bbox 2194 2514 2330 2568; x_wconf 86' lang='grc' dir='ltr'>Τῖον</span> <span class='ocrx_word' id='word_1_530' title='bbox 2387 2512 2478 2567; x_wconf 77' lang='grc' dir='ltr'><strong>καὶ</strong></span> <span class='ocrx_word' id='word_1_531' title='bbox 2533 2512 2880 2587; x_wconf 81' lang='grc' dir='ltr'>Ἡράκλειαν,</span> <span class='ocrx_word' id='word_1_532' title='bbox 2909 2512 3094 2567; x_wconf 90' lang='grc' dir='ltr'>τόπων</span> <span class='ocrx_word' id='word_1_533' title='bbox 3139 2511 3381 2584; x_wconf 82' lang='grc' dir='ltr'>ὀνόματα</span> <span class='ocrx_word' id='word_1_534' title='bbox 3416 2510 3555 2583; x_wconf 88' lang='grc' dir='ltr'>μόνα</span> <span class='ocrx_word' id='word_1_535' title='bbox 3610 2511 3730 2564; x_wconf 88' lang='grc' dir='ltr'>σώ-</span> 
     </span>
    </p>
   </div>
   <div class='ocr_carea' id='block_1_70' title="bbox 2063 2599 3726 2680">
    <p class='ocr_par' dir='ltr' id='par_1_70' title="bbox 2063 2599 3726 2680">
     <span class='ocr_line' id='line_1_72' title="bbox 2063 2599 3726 2680; baseline 0.001 -25"><span class='ocrx_word' id='word_1_536' title='bbox 2063 2605 2242 2670; x_wconf 65' lang='grc' dir='ltr'>ζονται</span> <span class='ocrx_word' id='word_1_537' title='bbox 2292 2600 2325 2657; x_wconf 79' lang='grc' dir='ltr'>ἃ</span> <span class='ocrx_word' id='word_1_538' title='bbox 2382 2599 2448 2673; x_wconf 80' lang='grc' dir='ltr'>δὴ</span> <span class='ocrx_word' id='word_1_539' title='bbox 2508 2602 2554 2657; x_wconf 83' lang='grc' dir='ltr'><strong>εί</strong></span> <span class='ocrx_word' id='word_1_540' title='bbox 2617 2605 2693 2677; x_wconf 80' lang='grc' dir='ltr'>μὴ</span> <span class='ocrx_word' id='word_1_541' title='bbox 2753 2606 2821 2677; x_wconf 75' lang='grc' dir='ltr'><strong>τῇ</strong></span> <span class='ocrx_word' id='word_1_542' title='bbox 2853 2601 3101 2677; x_wconf 80' lang='grc' dir='ltr'>θαλάσσῃ</span> <span class='ocrx_word' id='word_1_543' title='bbox 3160 2606 3579 2680; x_wconf 82' lang='grc' dir='ltr'>προσεχρῶντο,</span> <span class='ocrx_word' id='word_1_544' title='bbox 3624 2600 3726 2656; x_wconf 79' lang='grc' dir='ltr'><strong>καὶ</strong></span> 
     </span>
    </p>
   </div>
   <div class='ocr_carea' id='block_1_71' title="bbox 2070 2814 3727 2889">
    <p class='ocr_par' dir='ltr' id='par_1_71' title="bbox 2070 2814 3727 2889">
     <span class='ocr_line' id='line_1_73' title="bbox 2070 2814 3727 2889; baseline 0 -18"><span class='ocrx_word' id='word_1_545' title='bbox 2070 2820 2333 2872; x_wconf 84' lang='lat' dir='ltr'><strong>taverant</strong></span> <span class='ocrx_word' id='word_1_546' title='bbox 2354 2820 2591 2889; x_wconf 87' lang='lat' dir='ltr'><strong>propter</strong></span> <span class='ocrx_word' id='word_1_547' title='bbox 2610 2816 2983 2873; x_wconf 88' lang='lat' dir='ltr'><strong>incursiones</strong></span> <span class='ocrx_word' id='word_1_548' title='bbox 3005 2815 3394 2873; x_wconf 90' lang='lat' dir='ltr'><strong>barbararum</strong></span> <span class='ocrx_word' id='word_1_549' title='bbox 3432 2814 3727 2884; x_wconf 76' lang='lat' dir='ltr'><strong>gentium.</strong></span> 
     </span>
    </p>
   </div>
   <div class='ocr_carea' id='block_1_72' title="bbox 2065 2903 3730 2978">
    <p class='ocr_par' dir='ltr' id='par_1_72' title="bbox 2065 2903 3730 2978">
     <span class='ocr_line' id='line_1_74' title="bbox 2065 2903 3730 2978; baseline 0.001 -18"><span class='ocrx_word' id='word_1_550' title='bbox 2065 2903 2414 2962; x_wconf 86' lang='lat' dir='ltr'><strong>Universum</strong></span> <span class='ocrx_word' id='word_1_551' title='bbox 2443 2911 2641 2962; x_wconf 90' lang='lat' dir='ltr'><strong>autem</strong></span> <span class='ocrx_word' id='word_1_552' title='bbox 2664 2907 2880 2978; x_wconf 87' lang='lat' dir='ltr'><strong>jugum</strong></span> <span class='ocrx_word' id='word_1_553' title='bbox 2910 2906 3057 2961; x_wconf 89' lang='lat' dir='ltr'><strong>illud</strong></span> <span class='ocrx_word' id='word_1_554' title='bbox 3091 2906 3327 2961; x_wconf 85' lang='lat' dir='ltr'><strong>arcibus</strong></span> <span class='ocrx_word' id='word_1_555' title='bbox 3359 2920 3549 2977; x_wconf 84' lang='lat' dir='ltr'><strong>nuper</strong></span> <span class='ocrx_word' id='word_1_556' title='bbox 3588 2921 3730 2961; x_wconf 85' lang='lat' dir='ltr'><strong>eon-</strong></span> 
     </span>
    </p>
   </div>
   <div class='ocr_carea' id='block_1_73' title="bbox 2065 2996 3729 3070">
    <p class='ocr_par' dir='ltr' id='par_1_73' title="bbox 2065 2996 3729 3070">
     <span class='ocr_line' id='line_1_75' title="bbox 2065 2996 3729 3070; baseline 0 -19"><span class='ocrx_word' id='word_1_557' title='bbox 2065 2996 2206 3052; x_wconf 90' lang='lat' dir='ltr'><strong>ditis</strong></span> <span class='ocrx_word' id='word_1_558' title='bbox 2236 3002 2409 3053; x_wconf 86' lang='lat' dir='ltr'><strong>antea</strong></span> <span class='ocrx_word' id='word_1_559' title='bbox 2438 2997 2957 3058; x_wconf 87' lang='lat' dir='ltr'><strong>insessum.Abuta</strong></span> <span class='ocrx_word' id='word_1_560' title='bbox 2985 3012 3223 3070; x_wconf 92' lang='lat' dir='ltr'><strong>quoque</strong></span> <span class='ocrx_word' id='word_1_561' title='bbox 3251 3000 3309 3052; x_wconf 93' lang='lat' dir='ltr'><strong>et</strong></span> <span class='ocrx_word' id='word_1_562' title='bbox 3333 2997 3563 3052; x_wconf 67' lang='lat' dir='ltr'><strong>assiste</strong></span> <span class='ocrx_word' id='word_1_563' title='bbox 3583 2997 3729 3070; x_wconf 78' lang='lat' dir='ltr'><strong>Cay-</strong></span> 
     </span>
    </p>
   </div>
   <div class='ocr_carea' id='block_1_74' title="bbox 2065 3084 3727 3159">
    <p class='ocr_par' dir='ltr' id='par_1_74' title="bbox 2065 3084 3727 3159">
     <span class='ocr_line' id='line_1_76' title="bbox 2065 3084 3727 3159; baseline 0.001 -19"><span class='ocrx_word' id='word_1_564' title='bbox 2065 3089 2188 3141; x_wconf 85' lang='lat' dir='ltr'><strong>stro</strong></span> <span class='ocrx_word' id='word_1_565' title='bbox 2217 3086 2487 3159; x_wconf 86' lang='lat' dir='ltr'><strong>regiones</strong></span> <span class='ocrx_word' id='word_1_566' title='bbox 2517 3092 2575 3142; x_wconf 90' lang='lat' dir='ltr'><strong>et</strong></span> <span class='ocrx_word' id='word_1_567' title='bbox 2602 3087 2887 3158; x_wconf 87' lang='lat' dir='ltr'><strong>Magedon</strong></span> <span class='ocrx_word' id='word_1_568' title='bbox 2918 3092 2975 3142; x_wconf 90' lang='lat' dir='ltr'><strong>et</strong></span> <span class='ocrx_word' id='word_1_569' title='bbox 3000 3085 3221 3159; x_wconf 82' lang='lat' dir='ltr'><strong>inclyta</strong></span> <span class='ocrx_word' id='word_1_570' title='bbox 3251 3085 3439 3150; x_wconf 89' lang='lat' dir='ltr'><strong>Caria,</strong></span> <span class='ocrx_word' id='word_1_571' title='bbox 3474 3084 3727 3157; x_wconf 88' lang='lat' dir='ltr'><strong>impune</strong></span> 
     </span>
    </p>
   </div>
   <div class='ocr_carea' id='block_1_75' title="bbox 2058 3172 3727 3247">
    <p class='ocr_par' dir='ltr' id='par_1_75' title="bbox 2058 3172 3727 3247">
     <span class='ocr_line' id='line_1_77' title="bbox 2058 3172 3727 3247; baseline 0.001 -19"><span class='ocrx_word' id='word_1_572' title='bbox 2058 3172 2323 3230; x_wconf 91' lang='lat' dir='ltr'><strong>hostium</strong></span> <span class='ocrx_word' id='word_1_573' title='bbox 2357 3176 2829 3247; x_wconf 86' lang='lat' dir='ltr'><strong>grassationibus</strong></span> <span class='ocrx_word' id='word_1_574' title='bbox 2858 3174 3374 3231; x_wconf 83' lang='lat' dir='ltr'><strong>conculcabantur.</strong></span> <span class='ocrx_word' id='word_1_575' title='bbox 3409 3174 3579 3230; x_wconf 84' lang='lat' dir='ltr'><strong>Mitto</strong></span> <span class='ocrx_word' id='word_1_576' title='bbox 3627 3175 3727 3229; x_wconf 87' lang='lat' dir='ltr'><strong>di-</strong></span> 
     </span>
    </p>
   </div>
   <div class='ocr_carea' id='block_1_76' title="bbox 2064 3265 3725 3331">
    <p class='ocr_par' dir='ltr' id='par_1_76' title="bbox 2064 3265 3725 3331">
     <span class='ocr_line' id='line_1_78' title="bbox 2064 3265 3725 3331; baseline 0.002 -14"><span class='ocrx_word' id='word_1_577' title='bbox 2064 3278 2195 3318; x_wconf 89' lang='lat' dir='ltr'><strong>cere</strong></span> <span class='ocrx_word' id='word_1_578' title='bbox 2224 3265 2550 3320; x_wconf 89' lang='lat' dir='ltr'><strong>Tracheam</strong></span> <span class='ocrx_word' id='word_1_579' title='bbox 2583 3272 2640 3321; x_wconf 91' lang='lat' dir='ltr'><strong>et</strong></span> <span class='ocrx_word' id='word_1_580' title='bbox 2668 3265 2885 3331; x_wconf 74' lang='lat' dir='ltr'><strong>Stadia,</strong></span> <span class='ocrx_word' id='word_1_581' title='bbox 2919 3265 3244 3321; x_wconf 89' lang='lat' dir='ltr'><strong>Strobitum</strong></span> <span class='ocrx_word' id='word_1_582' title='bbox 3273 3274 3329 3319; x_wconf 88' lang='lat' dir='ltr'><strong>et</strong></span> <span class='ocrx_word' id='word_1_583' title='bbox 3354 3265 3505 3319; x_wconf 86' lang='lat' dir='ltr'><strong>sitas</strong></span> <span class='ocrx_word' id='word_1_584' title='bbox 3551 3280 3583 3319; x_wconf 89' lang='lat' dir='ltr'><strong>e</strong></span> <span class='ocrx_word' id='word_1_585' title='bbox 3629 3280 3725 3320; x_wconf 81' lang='lat' dir='ltr'><strong>re-</strong></span> 
     </span>
    </p>
   </div>
   <div class='ocr_carea' id='block_1_77' title="bbox 2063 3350 3726 3424">
    <p class='ocr_par' dir='ltr' id='par_1_77' title="bbox 2063 3350 3726 3424">
     <span class='ocr_line' id='line_1_79' title="bbox 2063 3350 3726 3424; baseline 0 -18"><span class='ocrx_word' id='word_1_586' title='bbox 2063 3350 2233 3420; x_wconf 82' lang='lat' dir='ltr'><strong>gione</strong></span> <span class='ocrx_word' id='word_1_587' title='bbox 2266 3352 2454 3408; x_wconf 82' lang='lat' dir='ltr'><strong>Rhodi</strong></span> <span class='ocrx_word' id='word_1_588' title='bbox 2480 3358 2690 3417; x_wconf 86' lang='lat' dir='ltr'><strong>terras,</strong></span> <span class='ocrx_word' id='word_1_589' title='bbox 2710 3369 2838 3419; x_wconf 64' lang='lat' dir='ltr'><strong>quae</strong></span> <span class='ocrx_word' id='word_1_590' title='bbox 2870 3352 2998 3409; x_wconf 89' lang='lat' dir='ltr'><strong>loca</strong></span> <span class='ocrx_word' id='word_1_591' title='bbox 3024 3351 3197 3424; x_wconf 87' lang='lat' dir='ltr'><strong>paulo</strong></span> <span class='ocrx_word' id='word_1_592' title='bbox 3219 3355 3393 3407; x_wconf 83' lang='lat' dir='ltr'><strong>antea</strong></span> <span class='ocrx_word' id='word_1_593' title='bbox 3422 3354 3726 3407; x_wconf 58' lang='lat' dir='ltr'><strong>Romano.</strong></span> 
     </span>
    </p>
   </div>
   <div class='ocr_carea' id='block_1_78' title="bbox 2064 3439 3721 3514">
    <p class='ocr_par' dir='ltr' id='par_1_78' title="bbox 2064 3439 3721 3514">
     <span class='ocr_line' id='line_1_80' title="bbox 2064 3439 3721 3514; baseline 0.001 -20"><span class='ocrx_word' id='word_1_594' title='bbox 2064 3457 2197 3495; x_wconf 93' lang='lat' dir='ltr'><strong>rum</strong></span> <span class='ocrx_word' id='word_1_595' title='bbox 2243 3442 2510 3511; x_wconf 84' lang='lat' dir='ltr'><strong>subjecta</strong></span> <span class='ocrx_word' id='word_1_596' title='bbox 2563 3442 2770 3497; x_wconf 91' lang='lat' dir='ltr'><strong>ditioni</strong></span> <span class='ocrx_word' id='word_1_597' title='bbox 2828 3442 3040 3514; x_wconf 81' lang='lat' dir='ltr'><strong>exiguo</strong></span> <span class='ocrx_word' id='word_1_598' title='bbox 3098 3446 3359 3513; x_wconf 88' lang='lat' dir='ltr'><strong>tempore</strong></span> <span class='ocrx_word' id='word_1_599' title='bbox 3417 3439 3721 3497; x_wconf 87' lang='lat' dir='ltr'><strong>latronum</strong></span> 
     </span>
    </p>
   </div>
   <div class='ocr_carea' id='block_1_79' title="bbox 2063 3528 3724 3601">
    <p class='ocr_par' dir='ltr' id='par_1_79' title="bbox 2063 3528 3724 3601">
     <span class='ocr_line' id='line_1_81' title="bbox 2063 3528 3724 3601; baseline 0.001 -18"><span class='ocrx_word' id='word_1_600' title='bbox 2063 3529 2433 3600; x_wconf 79' lang='lat' dir='ltr'><strong>receptacula</strong></span> <span class='ocrx_word' id='word_1_601' title='bbox 2465 3531 2968 3601; x_wconf 90' lang='lat' dir='ltr'><strong>barbarorumque</strong></span> <span class='ocrx_word' id='word_1_602' title='bbox 2998 3529 3213 3586; x_wconf 90' lang='lat' dir='ltr'><strong>stativa</strong></span> <span class='ocrx_word' id='word_1_603' title='bbox 3244 3530 3397 3583; x_wconf 82' lang='lat' dir='ltr'><strong>facta</strong></span> <span class='ocrx_word' id='word_1_604' title='bbox 3421 3534 3580 3584; x_wconf 88' lang='lat' dir='ltr'><strong>sunt.</strong></span> <span class='ocrx_word' id='word_1_605' title='bbox 3606 3528 3724 3584; x_wconf 89' lang='lat' dir='ltr'><strong>Ob-</strong></span> 
     </span>
    </p>
   </div>
   <div class='ocr_carea' id='block_1_80' title="bbox 2061 3613 3721 3689">
    <p class='ocr_par' dir='ltr' id='par_1_80' title="bbox 2061 3613 3721 3689">
     <span class='ocr_line' id='line_1_82' title="bbox 2061 3613 3721 3689; baseline -0.001 -19"><span class='ocrx_word' id='word_1_606' title='bbox 2061 3631 2241 3672; x_wconf 70' lang='lat' dir='ltr'><strong>versaa</strong></span> <span class='ocrx_word' id='word_1_607' title='bbox 2276 3622 2472 3673; x_wconf 89' lang='lat' dir='ltr'><strong>autem</strong></span> <span class='ocrx_word' id='word_1_608' title='bbox 2497 3634 2565 3672; x_wconf 86' lang='lat' dir='ltr'><strong>ex</strong></span> <span class='ocrx_word' id='word_1_609' title='bbox 2590 3622 2752 3689; x_wconf 89' lang='lat' dir='ltr'><strong>parte</strong></span> <span class='ocrx_word' id='word_1_610' title='bbox 2775 3616 2958 3673; x_wconf 90' lang='lat' dir='ltr'><strong>altera</strong></span> <span class='ocrx_word' id='word_1_611' title='bbox 2981 3615 3132 3671; x_wconf 91' lang='lat' dir='ltr'><strong>mari</strong></span> <span class='ocrx_word' id='word_1_612' title='bbox 3155 3615 3449 3683; x_wconf 80' lang='lat' dir='ltr'><strong>nationes,</strong></span> <span class='ocrx_word' id='word_1_613' title='bbox 3468 3619 3537 3670; x_wconf 91' lang='lat' dir='ltr'><strong>ut</strong></span> <span class='ocrx_word' id='word_1_614' title='bbox 3567 3613 3721 3670; x_wconf 88' lang='lat' dir='ltr'><strong>nihil</strong></span> 
     </span>
    </p>
   </div>
   <div class='ocr_carea' id='block_1_81' title="bbox 2062 3704 3718 3777">
    <p class='ocr_par' dir='ltr' id='par_1_81' title="bbox 2062 3704 3718 3777">
     <span class='ocr_line' id='line_1_83' title="bbox 2062 3704 3718 3777; baseline -0.001 -16"><span class='ocrx_word' id='word_1_615' title='bbox 2062 3708 2133 3761; x_wconf 92' lang='lat' dir='ltr'><strong>de</strong></span> <span class='ocrx_word' id='word_1_616' title='bbox 2166 3707 2377 3763; x_wconf 87' lang='lat' dir='ltr'><strong>mediis</strong></span> <span class='ocrx_word' id='word_1_617' title='bbox 2407 3708 2622 3773; x_wconf 86' lang='lat' dir='ltr'><strong>dicam,</strong></span> <span class='ocrx_word' id='word_1_618' title='bbox 2654 3723 2721 3762; x_wconf 91' lang='lat' dir='ltr'><strong>ac</strong></span> <span class='ocrx_word' id='word_1_619' title='bbox 2752 3710 3038 3777; x_wconf 89' lang='lat' dir='ltr'><strong>quantum</strong></span> <span class='ocrx_word' id='word_1_620' title='bbox 3071 3707 3129 3760; x_wconf 92' lang='lat' dir='ltr'><strong>in</strong></span> <span class='ocrx_word' id='word_1_621' title='bbox 3165 3705 3602 3777; x_wconf 85' lang='lat' dir='ltr'><strong>Maryandenis,</strong></span> <span class='ocrx_word' id='word_1_622' title='bbox 3652 3704 3718 3759; x_wconf 89' lang='lat' dir='ltr'><strong>in</strong></span> 
     </span>
    </p>
   </div>
   <div class='ocr_carea' id='block_1_82' title="bbox 2059 3794 3720 3868">
    <p class='ocr_par' dir='ltr' id='par_1_82' title="bbox 2059 3794 3720 3868">
     <span class='ocr_line' id='line_1_84' title="bbox 2059 3794 3720 3868; baseline -0.001 -18"><span class='ocrx_word' id='word_1_623' title='bbox 2059 3798 2455 3868; x_wconf 82' lang='lat' dir='ltr'><strong>Mossynibus,</strong></span> <span class='ocrx_word' id='word_1_624' title='bbox 2483 3797 2541 3851; x_wconf 92' lang='lat' dir='ltr'><strong>in</strong></span> <span class='ocrx_word' id='word_1_625' title='bbox 2577 3796 2971 3867; x_wconf 87' lang='lat' dir='ltr'><strong>magnanimis</strong></span> <span class='ocrx_word' id='word_1_626' title='bbox 3000 3795 3200 3851; x_wconf 87' lang='lat' dir='ltr'><strong>Enetis</strong></span> <span class='ocrx_word' id='word_1_627' title='bbox 3246 3795 3512 3867; x_wconf 89' lang='lat' dir='ltr'><strong>gentium</strong></span> <span class='ocrx_word' id='word_1_628' title='bbox 3562 3794 3720 3849; x_wconf 86' lang='lat' dir='ltr'><strong>loco-</strong></span> 
     </span>
    </p>
   </div>
   <div class='ocr_carea' id='block_1_83' title="bbox 2061 3883 3710 3957">
    <p class='ocr_par' dir='ltr' id='par_1_83' title="bbox 2061 3883 3710 3957">
     <span class='ocr_line' id='line_1_85' title="bbox 2061 3883 3710 3957; baseline -0.002 -16"><span class='ocrx_word' id='word_1_629' title='bbox 2061 3902 2311 3957; x_wconf 88' lang='lat' dir='ltr'><strong>rumque</strong></span> <span class='ocrx_word' id='word_1_630' title='bbox 2335 3885 2705 3951; x_wconf 88' lang='lat' dir='ltr'><strong>censebatur,</strong></span> <span class='ocrx_word' id='word_1_631' title='bbox 2737 3890 2949 3940; x_wconf 90' lang='lat' dir='ltr'><strong>cuncta</strong></span> <span class='ocrx_word' id='word_1_632' title='bbox 2982 3885 3246 3940; x_wconf 79' lang='lat' dir='ltr'><strong>Romano</strong></span> <span class='ocrx_word' id='word_1_633' title='bbox 3279 3884 3546 3953; x_wconf 86' lang='lat' dir='ltr'><strong>subjecta</strong></span> <span class='ocrx_word' id='word_1_634' title='bbox 3594 3883 3710 3938; x_wconf 91' lang='lat' dir='ltr'><strong>im-</strong></span> 
     </span>
    </p>
   </div>
   <div class='ocr_carea' id='block_1_84' title="bbox 2062 3973 3710 4047">
    <p class='ocr_par' dir='ltr' id='par_1_84' title="bbox 2062 3973 3710 4047">
     <span class='ocr_line' id='line_1_86' title="bbox 2062 3973 3710 4047; baseline -0.002 -17"><span class='ocrx_word' id='word_1_635' title='bbox 2062 3974 2242 4047; x_wconf 84' lang='lat' dir='ltr'><strong>perio,</strong></span> <span class='ocrx_word' id='word_1_636' title='bbox 2284 3976 2584 4046; x_wconf 86' lang='lat' dir='ltr'><strong>simulque</strong></span> <span class='ocrx_word' id='word_1_637' title='bbox 2631 3974 2724 4029; x_wconf 90' lang='lat' dir='ltr'><strong>his</strong></span> <span class='ocrx_word' id='word_1_638' title='bbox 2774 3975 3055 4029; x_wconf 89' lang='lat' dir='ltr'><strong>interiora</strong></span> <span class='ocrx_word' id='word_1_639' title='bbox 3105 3989 3292 4044; x_wconf 92' lang='lat' dir='ltr'><strong>usque</strong></span> <span class='ocrx_word' id='word_1_640' title='bbox 3346 3973 3417 4027; x_wconf 91' lang='lat' dir='ltr'><strong>ad</strong></span> <span class='ocrx_word' id='word_1_641' title='bbox 3471 3987 3710 4027; x_wconf 88' lang='lat' dir='ltr'><strong>amnem</strong></span> 
     </span>
    </p>
   </div>
   <div class='ocr_carea' id='block_1_85' title="bbox 2057 4063 3711 4135">
    <p class='ocr_par' dir='ltr' id='par_1_85' title="bbox 2057 4063 3711 4135">
     <span class='ocr_line' id='line_1_87' title="bbox 2057 4063 3711 4135; baseline -0.003 -14"><span class='ocrx_word' id='word_1_642' title='bbox 2057 4064 2387 4135; x_wconf 77' lang='lat' dir='ltr'><strong>Sangarim,</strong></span> <span class='ocrx_word' id='word_1_643' title='bbox 2423 4064 2505 4118; x_wconf 91' lang='lat' dir='ltr'><strong>ita</strong></span> <span class='ocrx_word' id='word_1_644' title='bbox 2537 4064 2806 4120; x_wconf 90' lang='lat' dir='ltr'><strong>universa</strong></span> <span class='ocrx_word' id='word_1_645' title='bbox 2836 4067 3059 4117; x_wconf 81' lang='lat' dir='ltr'><strong>vastata</strong></span> <span class='ocrx_word' id='word_1_646' title='bbox 3083 4063 3505 4133; x_wconf 86' lang='lat' dir='ltr'><strong>destructaque</strong></span> <span class='ocrx_word' id='word_1_647' title='bbox 3547 4064 3711 4128; x_wconf 91' lang='lat' dir='ltr'><strong>sunt,</strong></span> 
     </span>
    </p>
   </div>
   <div class='ocr_carea' id='block_1_86' title="bbox 2060 4149 3715 4225">
    <p class='ocr_par' dir='ltr' id='par_1_86' title="bbox 2060 4149 3715 4225">
     <span class='ocr_line' id='line_1_88' title="bbox 2060 4149 3715 4225; baseline -0.002 -17"><span class='ocrx_word' id='word_1_648' title='bbox 2060 4160 2124 4208; x_wconf 93' lang='lat' dir='ltr'><strong>ut</strong></span> <span class='ocrx_word' id='word_1_649' title='bbox 2146 4154 2605 4225; x_wconf 80' lang='lat' dir='ltr'><strong>Maryandenum</strong></span> <span class='ocrx_word' id='word_1_650' title='bbox 2623 4152 2894 4225; x_wconf 84' lang='lat' dir='ltr'><strong>lugubris</strong></span> <span class='ocrx_word' id='word_1_651' title='bbox 2907 4157 3114 4208; x_wconf 88' lang='lat' dir='ltr'><strong>cantus</strong></span> <span class='ocrx_word' id='word_1_652' title='bbox 3127 4150 3411 4206; x_wconf 84' lang='lat' dir='ltr'><strong>artiﬁcem</strong></span> <span class='ocrx_word' id='word_1_653' title='bbox 3436 4151 3506 4205; x_wconf 92' lang='lat' dir='ltr'><strong>ad</strong></span> <span class='ocrx_word' id='word_1_654' title='bbox 3518 4149 3715 4205; x_wconf 87' lang='lat' dir='ltr'><strong>bibere</strong></span> 
     </span>
    </p>
   </div>
   <div class='ocr_carea' id='block_1_87' title="bbox 2059 4238 3706 4313">
    <p class='ocr_par' dir='ltr' id='par_1_87' title="bbox 2059 4238 3706 4313">
     <span class='ocr_line' id='line_1_89' title="bbox 2059 4238 3706 4313; baseline -0.002 -16"><span class='ocrx_word' id='word_1_655' title='bbox 2059 4243 2265 4298; x_wconf 74' lang='lat' dir='ltr'><strong>debeat</strong></span> <span class='ocrx_word' id='word_1_656' title='bbox 2296 4245 2393 4312; x_wconf 86' lang='lat' dir='ltr'><strong>qui</strong></span> <span class='ocrx_word' id='word_1_657' title='bbox 2430 4243 2547 4297; x_wconf 74' lang='lat' dir='ltr'><strong>haec</strong></span> <span class='ocrx_word' id='word_1_658' title='bbox 2576 4242 2731 4297; x_wconf 88' lang='lat' dir='ltr'><strong>volet</strong></span> <span class='ocrx_word' id='word_1_659' title='bbox 2763 4259 2866 4313; x_wconf 88' lang='lat' dir='ltr'><strong>pro</strong></span> <span class='ocrx_word' id='word_1_660' title='bbox 2897 4241 3180 4312; x_wconf 78' lang='lat' dir='ltr'><strong>dignitate</strong></span> <span class='ocrx_word' id='word_1_661' title='bbox 3210 4239 3533 4311; x_wconf 86' lang='lat' dir='ltr'><strong>deplorare.</strong></span> <span class='ocrx_word' id='word_1_662' title='bbox 3560 4238 3706 4294; x_wconf 91' lang='lat' dir='ltr'><strong>Nam</strong></span> 
     </span>
    </p>
   </div>
   <div class='ocr_carea' id='block_1_88' title="bbox 2059 4329 3706 4403">
    <p class='ocr_par' dir='ltr' id='par_1_88' title="bbox 2059 4329 3706 4403">
     <span class='ocr_line' id='line_1_90' title="bbox 2059 4329 3706 4403; baseline -0.004 -15"><span class='ocrx_word' id='word_1_663' title='bbox 2059 4333 2244 4403; x_wconf 90' lang='lat' dir='ltr'><strong>copiis</strong></span> <span class='ocrx_word' id='word_1_664' title='bbox 2306 4331 2611 4398; x_wconf 83' lang='lat' dir='ltr'><strong>Romanis,</strong></span> <span class='ocrx_word' id='word_1_665' title='bbox 2662 4349 2789 4403; x_wconf 68' lang='lat' dir='ltr'><strong>quae</strong></span> <span class='ocrx_word' id='word_1_666' title='bbox 2841 4332 3039 4386; x_wconf 59' lang='lat' dir='ltr'><strong>multa;</strong></span> <span class='ocrx_word' id='word_1_667' title='bbox 3088 4329 3469 4400; x_wconf 67' lang='lat' dir='ltr'><strong>mirificaaque</strong></span> <span class='ocrx_word' id='word_1_668' title='bbox 3514 4333 3706 4395; x_wconf 88' lang='lat' dir='ltr'><strong>erant,</strong></span> 
     </span>
    </p>
   </div>
   <div class='ocr_carea' id='block_1_89' title="bbox 2059 4417 3708 4490">
    <p class='ocr_par' dir='ltr' id='par_1_89' title="bbox 2059 4417 3708 4490">
     <span class='ocr_line' id='line_1_91' title="bbox 2059 4417 3708 4490; baseline -0.003 -13"><span class='ocrx_word' id='word_1_669' title='bbox 2059 4421 2434 4477; x_wconf 91' lang='lat' dir='ltr'><strong>morantibus</strong></span> <span class='ocrx_word' id='word_1_670' title='bbox 2468 4420 2524 4474; x_wconf 93' lang='lat' dir='ltr'><strong>in</strong></span> <span class='ocrx_word' id='word_1_671' title='bbox 2558 4420 2813 4477; x_wconf 90' lang='lat' dir='ltr'><strong>Occiduo</strong></span> <span class='ocrx_word' id='word_1_672' title='bbox 2847 4426 3063 4489; x_wconf 87' lang='lat' dir='ltr'><strong>tractu,</strong></span> <span class='ocrx_word' id='word_1_673' title='bbox 3105 4427 3160 4474; x_wconf 92' lang='lat' dir='ltr'><strong>et</strong></span> <span class='ocrx_word' id='word_1_674' title='bbox 3207 4419 3280 4474; x_wconf 91' lang='lat' dir='ltr'><strong>iis</strong></span> <span class='ocrx_word' id='word_1_675' title='bbox 3325 4417 3529 4490; x_wconf 88' lang='lat' dir='ltr'><strong>paucis</strong></span> <span class='ocrx_word' id='word_1_676' title='bbox 3578 4433 3708 4487; x_wconf 74' lang='lat' dir='ltr'><strong>quae</strong></span> 
     </span>
    </p>
   </div>
   <div class='ocr_carea' id='block_1_90' title="bbox 2057 4506 3717 4581">
    <p class='ocr_par' dir='ltr' id='par_1_90' title="bbox 2057 4506 3717 4581">
     <span class='ocr_line' id='line_1_92' title="bbox 2057 4506 3717 4581; baseline -0.001 -16"><span class='ocrx_word' id='word_1_677' title='bbox 2057 4511 2273 4567; x_wconf 62' lang='lat' dir='ltr'><strong>relictae</strong></span> <span class='ocrx_word' id='word_1_678' title='bbox 2327 4509 2717 4566; x_wconf 90' lang='lat' dir='ltr'><strong>Orientalium</strong></span> <span class='ocrx_word' id='word_1_679' title='bbox 2779 4509 3046 4581; x_wconf 73' lang='lat' dir='ltr'><strong>praesidio</strong></span> <span class='ocrx_word' id='word_1_680' title='bbox 3096 4510 3328 4564; x_wconf 88' lang='lat' dir='ltr'><strong>fuerant</strong></span> <span class='ocrx_word' id='word_1_681' title='bbox 3357 4506 3579 4563; x_wconf 88' lang='lat' dir='ltr'><strong>sensim</strong></span> <span class='ocrx_word' id='word_1_682' title='bbox 3610 4507 3717 4563; x_wconf 81' lang='lat' dir='ltr'><strong>ab-_</strong></span> 
     </span>
    </p>
   </div>
   <div class='ocr_carea' id='block_1_91' title="bbox 2056 4595 3706 4671">
    <p class='ocr_par' dir='ltr' id='par_1_91' title="bbox 2056 4595 3706 4671">
     <span class='ocr_line' id='line_1_93' title="bbox 2056 4595 3706 4671; baseline -0.002 -16"><span class='ocrx_word' id='word_1_683' title='bbox 2056 4600 2335 4671; x_wconf 89' lang='lat' dir='ltr'><strong>sumptis,</strong></span> <span class='ocrx_word' id='word_1_684' title='bbox 2386 4599 2444 4654; x_wconf 90' lang='lat' dir='ltr'><strong>in</strong></span> <span class='ocrx_word' id='word_1_685' title='bbox 2495 4604 2729 4654; x_wconf 88' lang='lat' dir='ltr'><strong>tantum</strong></span> <span class='ocrx_word' id='word_1_686' title='bbox 2776 4599 3115 4654; x_wconf 76' lang='lat' dir='ltr'><strong>infestantis</strong></span> <span class='ocrx_word' id='word_1_687' title='bbox 3159 4597 3371 4653; x_wconf 88' lang='lat' dir='ltr'><strong>itinera</strong></span> <span class='ocrx_word' id='word_1_688' title='bbox 3413 4595 3706 4651; x_wconf 84' lang='lat' dir='ltr'><strong>latrocinii</strong></span> 
     </span>
    </p>
   </div>
   <div class='ocr_carea' id='block_1_92' title="bbox 296 4671 3706 4766">
    <p class='ocr_par' dir='ltr' id='par_1_92' title="bbox 296 4671 3706 4766">
     <span class='ocr_line' id='line_1_94' title="bbox 296 4671 3706 4766; baseline -0.002 -18"><span class='ocrx_word' id='word_1_689' title='bbox 296 4671 508 4766; x_wconf 78' lang='lat' dir='ltr'><strong>potuit,</strong></span> <span class='ocrx_word' id='word_1_690' title='bbox 542 4692 758 4762; x_wconf 91' lang='lat' dir='ltr'><strong>quippe</strong></span> <span class='ocrx_word' id='word_1_691' title='bbox 791 4706 903 4744; x_wconf 91' lang='lat' dir='ltr'><strong>non</strong></span> <span class='ocrx_word' id='word_1_692' title='bbox 939 4691 1130 4743; x_wconf 86' lang='lat' dir='ltr'><strong>solum</strong></span> <span class='ocrx_word' id='word_1_693' title='bbox 1163 4687 1295 4742; x_wconf 68' lang='lat' dir='ltr'><strong>lceta</strong></span> <span class='ocrx_word' id='word_1_694' title='bbox 1326 4688 1559 4758; x_wconf 81' lang='lat' dir='ltr'><strong>pascuis</strong></span> <span class='ocrx_word' id='word_1_695' title='bbox 1594 4692 1651 4742; x_wconf 93' lang='lat' dir='ltr'><strong>et</strong></span> <span class='ocrx_word' id='word_1_696' title='bbox 1697 4702 1941 4758; x_wconf 83' lang='lat' dir='ltr'><strong>gregum</strong></span> <span class='ocrx_word' id='word_1_697' title='bbox 1981 4671 2023 4734; x_wconf 77' lang='grc' dir='ltr'><strong>Ι)</strong></span> <span class='ocrx_word' id='word_1_698' title='bbox 2056 4688 2380 4760; x_wconf 88' lang='lat' dir='ltr'><strong>periculum</strong></span> <span class='ocrx_word' id='word_1_699' title='bbox 2407 4688 2669 4758; x_wconf 86' lang='lat' dir='ltr'><strong>increvit,</strong></span> <span class='ocrx_word' id='word_1_700' title='bbox 2703 4693 2766 4743; x_wconf 90' lang='lat' dir='ltr'><strong>ut</strong></span> <span class='ocrx_word' id='word_1_701' title='bbox 2788 4705 2860 4743; x_wconf 93' lang='lat' dir='ltr'><strong>ne</strong></span> <span class='ocrx_word' id='word_1_702' title='bbox 2885 4686 3219 4743; x_wconf 88' lang='lat' dir='ltr'><strong>Heracleam</strong></span> <span class='ocrx_word' id='word_1_703' title='bbox 3246 4687 3485 4759; x_wconf 86' lang='lat' dir='ltr'><strong>quidem</strong></span> <span class='ocrx_word' id='word_1_704' title='bbox 3517 4702 3706 4756; x_wconf 90' lang='lat' dir='ltr'><strong>usque</strong></span> 
     </span>
    </p>
   </div>
   <div class='ocr_carea' id='block_1_93' title="bbox 296 4776 1944 4850">
    <p class='ocr_par' dir='ltr' id='par_1_93' title="bbox 296 4776 1944 4850">
     <span class='ocr_line' id='line_1_95' title="bbox 296 4776 1944 4850; baseline -0.005 -12"><span class='ocrx_word' id='word_1_705' title='bbox 296 4788 819 4850; x_wconf 89' lang='lat' dir='ltr'><strong>armentorumque</strong></span> <span class='ocrx_word' id='word_1_706' title='bbox 865 4777 1060 4849; x_wconf 87' lang='lat' dir='ltr'><strong>Opima</strong></span> <span class='ocrx_word' id='word_1_707' title='bbox 1091 4776 1340 4847; x_wconf 84' lang='lat' dir='ltr'><strong>genitrix</strong></span> <span class='ocrx_word' id='word_1_708' title='bbox 1371 4776 1678 4847; x_wconf 87' lang='lat' dir='ltr'><strong>altrixque,</strong></span> <span class='ocrx_word' id='word_1_709' title='bbox 1704 4793 1814 4831; x_wconf 90' lang='lat' dir='ltr'><strong>non</strong></span> <span class='ocrx_word' id='word_1_710' title='bbox 1849 4792 1944 4831; x_wconf 84' lang='lat' dir='ltr'><strong>so-</strong></span> 
     </span>
    </p>
   </div>
   <div class='ocr_carea' id='block_1_94' title="bbox 291 4866 1943 4941">
    <p class='ocr_par' dir='ltr' id='par_1_94' title="bbox 291 4866 1943 4941">
     <span class='ocr_line' id='line_1_96' title="bbox 291 4866 1943 4941; baseline -0.005 -13"><span class='ocrx_word' id='word_1_711' title='bbox 291 4871 415 4928; x_wconf 90' lang='lat' dir='ltr'><strong>lum</strong></span> <span class='ocrx_word' id='word_1_712' title='bbox 464 4869 771 4926; x_wconf 84' lang='lat' dir='ltr'><strong>hominum</strong></span> <span class='ocrx_word' id='word_1_713' title='bbox 822 4884 1058 4941; x_wconf 91' lang='lat' dir='ltr'><strong>quoque</strong></span> <span class='ocrx_word' id='word_1_714' title='bbox 1106 4866 1427 4921; x_wconf 88' lang='lat' dir='ltr'><strong>multorum</strong></span> <span class='ocrx_word' id='word_1_715' title='bbox 1473 4872 1531 4922; x_wconf 90' lang='lat' dir='ltr'><strong>et</strong></span> <span class='ocrx_word' id='word_1_716' title='bbox 1573 4866 1943 4936; x_wconf 80' lang='lat' dir='ltr'><strong>egregiorum</strong></span> 
     </span>
    </p>
   </div>
   <div class='ocr_carea' id='block_1_95' title="bbox 296 4954 1947 5029">
    <p class='ocr_par' dir='ltr' id='par_1_95' title="bbox 296 4954 1947 5029">
     <span class='ocr_line' id='line_1_97' title="bbox 296 4954 1947 5029; baseline -0.005 -13"><span class='ocrx_word' id='word_1_717' title='bbox 296 4961 477 5026; x_wconf 80' lang='lat' dir='ltr'><strong>ferax,</strong></span> <span class='ocrx_word' id='word_1_718' title='bbox 519 4960 620 5014; x_wconf 81' lang='lat' dir='ltr'><strong>sed</strong></span> <span class='ocrx_word' id='word_1_719' title='bbox 675 4962 951 5029; x_wconf 65' lang='lat' dir='ltr'><strong>praeterea</strong></span> <span class='ocrx_word' id='word_1_720' title='bbox 998 4957 1145 5011; x_wconf 81' lang='lat'><strong>3“</strong></span> <span class='ocrx_word' id='word_1_721' title='bbox 1205 4956 1648 5025; x_wconf 82' lang='lat' dir='ltr'><strong>monachorum,</strong></span> <span class='ocrx_word' id='word_1_722' title='bbox 1699 4954 1808 5010; x_wconf 91' lang='lat' dir='ltr'><strong>hoc</strong></span> <span class='ocrx_word' id='word_1_723' title='bbox 1857 4960 1947 5010; x_wconf 86' lang='lat' dir='ltr'><strong>est</strong></span> 
     </span>
    </p>
   </div>
   <div class='ocr_carea' id='block_1_96' title="bbox 298 5045 1944 5118">
    <p class='ocr_par' dir='ltr' id='par_1_96' title="bbox 298 5045 1944 5118">
     <span class='ocr_line' id='line_1_98' title="bbox 298 5045 1944 5118; baseline -0.004 -13"><span class='ocrx_word' id='word_1_724' title='bbox 298 5050 425 5106; x_wconf 79' lang='lat' dir='ltr'><strong>coeli</strong></span> <span class='ocrx_word' id='word_1_725' title='bbox 448 5049 664 5104; x_wconf 89' lang='lat' dir='ltr'><strong>civium</strong></span> <span class='ocrx_word' id='word_1_726' title='bbox 692 5048 749 5101; x_wconf 90' lang='lat' dir='ltr'><strong>in</strong></span> <span class='ocrx_word' id='word_1_727' title='bbox 774 5047 948 5103; x_wconf 73' lang='lat' dir='ltr'><strong>terris</strong></span> <span class='ocrx_word' id='word_1_728' title='bbox 980 5045 1505 5118; x_wconf 83' lang='lat' dir='ltr'><strong>peregrinantium,</strong></span> <span class='ocrx_word' id='word_1_729' title='bbox 1537 5045 1859 5100; x_wconf 83' lang='lat' dir='ltr'><strong>condendis</strong></span> <span class='ocrx_word' id='word_1_730' title='bbox 1888 5052 1944 5099; x_wconf 91' lang='lat' dir='ltr'><strong>et</strong></span> 
     </span>
    </p>
   </div>
   <div class='ocr_carea' id='block_1_97' title="bbox 296 5134 1946 5205">
    <p class='ocr_par' dir='ltr' id='par_1_97' title="bbox 296 5134 1946 5205">
     <span class='ocr_line' id='line_1_99' title="bbox 296 5134 1946 5205; baseline -0.004 -10"><span class='ocrx_word' id='word_1_731' title='bbox 296 5155 584 5195; x_wconf 85' lang='lat' dir='ltr'><strong>concursu</strong></span> <span class='ocrx_word' id='word_1_732' title='bbox 612 5137 1062 5192; x_wconf 75' lang='lat' dir='ltr'><strong>lectissimorum</strong></span> <span class='ocrx_word' id='word_1_733' title='bbox 1083 5145 1485 5205; x_wconf 84' lang='lat' dir='ltr'><strong>convcnluque</strong></span> <span class='ocrx_word' id='word_1_734' title='bbox 1506 5134 1946 5204; x_wconf 78' lang='lat' dir='ltr'><strong>frcqucntandis</strong></span> 
     </span>
    </p>
   </div>
   <div class='ocr_carea' id='block_1_98' title="bbox 295 5224 1943 5300">
    <p class='ocr_par' dir='ltr' id='par_1_98' title="bbox 295 5224 1943 5300">
     <span class='ocr_line' id='line_1_100' title="bbox 295 5224 1943 5300; baseline -0.002 -17"><span class='ocrx_word' id='word_1_735' title='bbox 295 5227 606 5300; x_wconf 84' lang='lat' dir='ltr'><strong>aptissima</strong></span> <span class='ocrx_word' id='word_1_736' title='bbox 635 5226 903 5295; x_wconf 87' lang='lat' dir='ltr'><strong>coloniis,</strong></span> <span class='ocrx_word' id='word_1_737' title='bbox 935 5228 1099 5281; x_wconf 90' lang='lat' dir='ltr'><strong>tanto</strong></span> <span class='ocrx_word' id='word_1_738' title='bbox 1131 5226 1188 5279; x_wconf 91' lang='lat' dir='ltr'><strong>in</strong></span> <span class='ocrx_word' id='word_1_739' title='bbox 1223 5224 1446 5279; x_wconf 69' lang='lat' dir='ltr'><strong>caeteris</strong></span> <span class='ocrx_word' id='word_1_740' title='bbox 1485 5224 1796 5281; x_wconf 74' lang='lat' dir='ltr'><strong>Palaestina</strong></span> <span class='ocrx_word' id='word_1_741' title='bbox 1845 5242 1943 5279; x_wconf 90' lang='lat' dir='ltr'><strong>su-</strong></span> 
     </span>
    </p>
   </div>
   <div class='ocr_carea' id='block_1_99' title="bbox 296 5314 1944 5389">
    <p class='ocr_par' dir='ltr' id='par_1_99' title="bbox 296 5314 1944 5389">
     <span class='ocr_line' id='line_1_101' title="bbox 296 5314 1944 5389; baseline -0.001 -18"><span class='ocrx_word' id='word_1_742' title='bbox 296 5315 512 5389; x_wconf 90' lang='lat' dir='ltr'><strong>perior,</strong></span> <span class='ocrx_word' id='word_1_743' title='bbox 564 5319 781 5386; x_wconf 86' lang='lat' dir='ltr'><strong>quanto</strong></span> <span class='ocrx_word' id='word_1_744' title='bbox 832 5316 887 5368; x_wconf 90' lang='lat' dir='ltr'><strong>in</strong></span> <span class='ocrx_word' id='word_1_745' title='bbox 919 5331 1031 5368; x_wconf 89' lang='lat' dir='ltr'><strong>uno</strong></span> <span class='ocrx_word' id='word_1_746' title='bbox 1060 5314 1469 5385; x_wconf 87' lang='lat' dir='ltr'><strong>ei,eodemque</strong></span> <span class='ocrx_word' id='word_1_747' title='bbox 1504 5315 1782 5383; x_wconf 78' lang='lat' dir='ltr'><strong>maxime,</strong></span> <span class='ocrx_word' id='word_1_748' title='bbox 1817 5316 1944 5370; x_wconf 84' lang='lat' dir='ltr'><strong>sine</strong></span> 
     </span>
    </p>
   </div>
   <div class='ocr_carea' id='block_1_100' title="bbox 295 5402 1940 5473">
    <p class='ocr_par' dir='ltr' id='par_1_100' title="bbox 295 5402 1940 5473">
     <span class='ocr_line' id='line_1_102' title="bbox 295 5402 1940 5473; baseline -0.001 -12"><span class='ocrx_word' id='word_1_749' title='bbox 295 5403 687 5461; x_wconf 76' lang='lat' dir='ltr'><strong>controversia</strong></span> <span class='ocrx_word' id='word_1_750' title='bbox 716 5403 893 5467; x_wconf 83' lang='lat' dir='ltr'><strong>cedit,</strong></span> <span class='ocrx_word' id='word_1_751' title='bbox 927 5403 1083 5473; x_wconf 92' lang='lat' dir='ltr'><strong>quod</strong></span> <span class='ocrx_word' id='word_1_752' title='bbox 1119 5403 1237 5458; x_wconf 73' lang='lat' dir='ltr'><strong>haec</strong></span> <span class='ocrx_word' id='word_1_753' title='bbox 1268 5402 1547 5457; x_wconf 87' lang='lat' dir='ltr'><strong>nimirum</strong></span> <span class='ocrx_word' id='word_1_754' title='bbox 1583 5403 1696 5458; x_wconf 90' lang='lat' dir='ltr'><strong>vita</strong></span> <span class='ocrx_word' id='word_1_755' title='bbox 1719 5408 1775 5458; x_wconf 90' lang='lat' dir='ltr'><strong>et</strong></span> <span class='ocrx_word' id='word_1_756' title='bbox 1805 5420 1940 5459; x_wconf 83' lang='lat' dir='ltr'><strong>con-</strong></span> 
     </span>
    </p>
   </div>
   <div class='ocr_carea' id='block_1_101' title="bbox 295 5490 1946 5549">
    <p class='ocr_par' dir='ltr' id='par_1_101' title="bbox 295 5490 1946 5549">
     <span class='ocr_line' id='line_1_103' title="bbox 295 5490 1946 5549; baseline -0.001 0"><span class='ocrx_word' id='word_1_757' title='bbox 295 5491 626 5549; x_wconf 89' lang='lat' dir='ltr'><strong>versatione</strong></span> <span class='ocrx_word' id='word_1_758' title='bbox 683 5490 912 5545; x_wconf 90' lang='lat' dir='ltr'><strong>Domini</strong></span> <span class='ocrx_word' id='word_1_759' title='bbox 971 5490 1083 5545; x_wconf 78' lang='lat' dir='ltr'><strong>mei</strong></span> <span class='ocrx_word' id='word_1_760' title='bbox 1133 5495 1191 5545; x_wconf 88' lang='lat' dir='ltr'><strong>et</strong></span> <span class='ocrx_word' id='word_1_761' title='bbox 1236 5490 1333 5546; x_wconf 90' lang='lat' dir='ltr'><strong>Dei</strong></span> <span class='ocrx_word' id='word_1_762' title='bbox 1390 5491 1602 5546; x_wconf 85' lang='lat' dir='ltr'><strong>Christi</strong></span> <span class='ocrx_word' id='word_1_763' title='bbox 1663 5494 1946 5549; x_wconf 87' lang='lat' dir='ltr'><strong>honorata</strong></span> 
     </span>
    </p>
   </div>
   <div class='ocr_carea' id='block_1_102' title="bbox 298 5578 1945 5653">
    <p class='ocr_par' dir='ltr' id='par_1_102' title="bbox 298 5578 1945 5653">
     <span class='ocr_line' id='line_1_104' title="bbox 298 5578 1945 5653; baseline 0 -18"><span class='ocrx_word' id='word_1_764' title='bbox 298 5599 413 5653; x_wconf 65' lang='lat' dir='ltr'><strong>pre</strong></span> <span class='ocrx_word' id='word_1_765' title='bbox 445 5579 676 5635; x_wconf 76' lang='lat' dir='ltr'><strong>cunctis</strong></span> <span class='ocrx_word' id='word_1_766' title='bbox 710 5578 904 5632; x_wconf 79' lang='lat' dir='ltr'><strong>fuerit.</strong></span> <span class='ocrx_word' id='word_1_767' title='bbox 939 5578 1136 5633; x_wconf 81' lang='lat' dir='ltr'><strong>Talem</strong></span> <span class='ocrx_word' id='word_1_768' title='bbox 1170 5580 1242 5634; x_wconf 88' lang='lat' dir='ltr'><strong>ob</strong></span> <span class='ocrx_word' id='word_1_769' title='bbox 1274 5597 1515 5636; x_wconf 88' lang='lat' dir='ltr'><strong>causam</strong></span> <span class='ocrx_word' id='word_1_770' title='bbox 1548 5584 1856 5648; x_wconf 70' lang='lat' dir='ltr'><strong>Maeander,</strong></span> <span class='ocrx_word' id='word_1_771' title='bbox 1884 5587 1945 5636; x_wconf 90' lang='lat' dir='ltr'><strong>ut</strong></span> 
     </span>
    </p>
   </div>
   <div class='ocr_carea' id='block_1_103' title="bbox 298 5667 1946 5737">
    <p class='ocr_par' dir='ltr' id='par_1_103' title="bbox 298 5667 1946 5737">
     <span class='ocr_line' id='line_1_105' title="bbox 298 5667 1946 5737; baseline 0.003 -16"><span class='ocrx_word' id='word_1_772' title='bbox 298 5667 729 5737; x_wconf 79' lang='lat' dir='ltr'><strong>dixi,paulatirn</strong></span> <span class='ocrx_word' id='word_1_773' title='bbox 766 5668 1032 5721; x_wconf 80' lang='lat' dir='ltr'><strong>desertus</strong></span> <span class='ocrx_word' id='word_1_774' title='bbox 1063 5674 1120 5721; x_wconf 90' lang='lat' dir='ltr'><strong>et</strong></span> <span class='ocrx_word' id='word_1_775' title='bbox 1148 5667 1207 5721; x_wconf 92' lang='lat' dir='ltr'><strong>in</strong></span> <span class='ocrx_word' id='word_1_776' title='bbox 1245 5671 1620 5724; x_wconf 80' lang='lat' dir='ltr'><strong>solitudinem</strong></span> <span class='ocrx_word' id='word_1_777' title='bbox 1674 5671 1946 5726; x_wconf 88' lang='lat' dir='ltr'><strong>redactus</strong></span> 
     </span>
    </p>
   </div>
   <div class='ocr_carea' id='block_1_104' title="bbox 300 5755 1936 5831">
    <p class='ocr_par' dir='ltr' id='par_1_104' title="bbox 300 5755 1936 5831">
     <span class='ocr_line' id='line_1_106' title="bbox 300 5755 1936 5831; baseline 0.003 -20"><span class='ocrx_word' id='word_1_778' title='bbox 300 5760 407 5824; x_wconf 83' lang='lat' dir='ltr'><strong>est,</strong></span> <span class='ocrx_word' id='word_1_779' title='bbox 436 5756 841 5812; x_wconf 84' lang='lat' dir='ltr'><strong>recedentibus</strong></span> <span class='ocrx_word' id='word_1_780' title='bbox 871 5755 930 5811; x_wconf 90' lang='lat' dir='ltr'><strong>in</strong></span> <span class='ocrx_word' id='word_1_781' title='bbox 959 5757 1234 5814; x_wconf 89' lang='lat' dir='ltr'><strong>interiore</strong></span> <span class='ocrx_word' id='word_1_782' title='bbox 1264 5759 1365 5829; x_wconf 91' lang='lat' dir='ltr'><strong>qui</strong></span> <span class='ocrx_word' id='word_1_783' title='bbox 1394 5761 1560 5831; x_wconf 89' lang='lat' dir='ltr'><strong>prius</strong></span> <span class='ocrx_word' id='word_1_784' title='bbox 1601 5760 1724 5817; x_wconf 89' lang='lat' dir='ltr'><strong>illic</strong></span> <span class='ocrx_word' id='word_1_785' title='bbox 1770 5762 1936 5818; x_wconf 86' lang='lat' dir='ltr'><strong>babi-</strong></span> 
     </span>
    </p>
   </div>
   <div class='ocr_carea' id='block_1_105' title="bbox 2053 4774 3702 4847">
    <p class='ocr_par' dir='ltr' id='par_1_105' title="bbox 2053 4774 3702 4847">
     <span class='ocr_line' id='line_1_107' title="bbox 2053 4774 3702 4847; baseline -0.002 -15"><span class='ocrx_word' id='word_1_786' title='bbox 2053 4780 2355 4834; x_wconf 86' lang='lat' dir='ltr'><strong>Ponticam</strong></span> <span class='ocrx_word' id='word_1_787' title='bbox 2389 4778 2481 4834; x_wconf 88' lang='lat' dir='ltr'><strong>via</strong></span> <span class='ocrx_word' id='word_1_788' title='bbox 2522 4778 2783 4833; x_wconf 87' lang='lat' dir='ltr'><strong>terrestri</strong></span> <span class='ocrx_word' id='word_1_789' title='bbox 2830 4776 3032 4832; x_wconf 84' lang='lat' dir='ltr'><strong>liceret</strong></span> <span class='ocrx_word' id='word_1_790' title='bbox 3078 4792 3145 4831; x_wconf 80' lang='lat' dir='ltr'><strong>ex</strong></span> <span class='ocrx_word' id='word_1_791' title='bbox 3194 4776 3340 4830; x_wconf 90' lang='lat' dir='ltr'><strong>urbe</strong></span> <span class='ocrx_word' id='word_1_792' title='bbox 3388 4774 3702 4847; x_wconf 84' lang='lat' dir='ltr'><strong>proﬁcisci,</strong></span> 
     </span>
    </p>
   </div>
   <div class='ocr_carea' id='block_1_106' title="bbox 2054 4863 3702 4939">
    <p class='ocr_par' dir='ltr' id='par_1_106' title="bbox 2054 4863 3702 4939">
     <span class='ocr_line' id='line_1_108' title="bbox 2054 4863 3702 4939; baseline -0.004 -16"><span class='ocrx_word' id='word_1_793' title='bbox 2054 4869 2273 4924; x_wconf 79' lang='lat' dir='ltr'><strong>ﬁnibus</strong></span> <span class='ocrx_word' id='word_1_794' title='bbox 2298 4869 2458 4924; x_wconf 89' lang='lat' dir='ltr'><strong>illinc</strong></span> <span class='ocrx_word' id='word_1_795' title='bbox 2490 4866 2721 4939; x_wconf 88' lang='lat' dir='ltr'><strong>imperii</strong></span> <span class='ocrx_word' id='word_1_796' title='bbox 2752 4866 2996 4937; x_wconf 86' lang='lat' dir='ltr'><strong>Sangari</strong></span> <span class='ocrx_word' id='word_1_797' title='bbox 3028 4866 3182 4921; x_wconf 70' lang='lat'><strong>812</strong></span> <span class='ocrx_word' id='word_1_798' title='bbox 3214 4863 3702 4934; x_wconf 85' lang='lat' dir='ltr'><strong>circumscriptis,</strong></span> 
     </span>
    </p>
   </div>
   <div class='ocr_carea' id='block_1_107' title="bbox 2054 4952 3703 5029">
    <p class='ocr_par' dir='ltr' id='par_1_107' title="bbox 2054 4952 3703 5029">
     <span class='ocr_line' id='line_1_109' title="bbox 2054 4952 3703 5029; baseline -0.004 -16"><span class='ocrx_word' id='word_1_799' title='bbox 2054 4956 2549 5029; x_wconf 88' lang='lat' dir='ltr'><strong>ulterioribusque</strong></span> <span class='ocrx_word' id='word_1_800' title='bbox 2576 4957 2750 5029; x_wconf 87' lang='lat' dir='ltr'><strong>plane</strong></span> <span class='ocrx_word' id='word_1_801' title='bbox 2781 4955 3007 5011; x_wconf 87' lang='lat' dir='ltr'><strong>cunctis</strong></span> <span class='ocrx_word' id='word_1_802' title='bbox 3037 4955 3097 5009; x_wconf 90' lang='lat' dir='ltr'><strong>in</strong></span> <span class='ocrx_word' id='word_1_803' title='bbox 3132 4953 3387 5026; x_wconf 69' lang='lat' dir='ltr'><strong>praedam</strong></span> <span class='ocrx_word' id='word_1_804' title='bbox 3420 4967 3537 5007; x_wconf 91' lang='lat' dir='ltr'><strong>non</strong></span> <span class='ocrx_word' id='word_1_805' title='bbox 3580 4952 3703 5023; x_wconf 81' lang='lat' dir='ltr'><strong>My-</strong></span> 
     </span>
    </p>
   </div>
   <div class='ocr_carea' id='block_1_108' title="bbox 2053 5041 3703 5113">
    <p class='ocr_par' dir='ltr' id='par_1_108' title="bbox 2053 5041 3703 5113">
     <span class='ocr_line' id='line_1_110' title="bbox 2053 5041 3703 5113; baseline -0.005 -12"><span class='ocrx_word' id='word_1_806' title='bbox 2053 5047 2386 5113; x_wconf 75' lang='lat' dir='ltr'><strong>sorum,sed</strong></span> <span class='ocrx_word' id='word_1_807' title='bbox 2413 5047 2718 5102; x_wconf 83' lang='lat' dir='ltr'><strong>Persarum</strong></span> <span class='ocrx_word' id='word_1_808' title='bbox 2742 5044 3111 5100; x_wconf 89' lang='lat' dir='ltr'><strong>eondonatis.</strong></span> <span class='ocrx_word' id='word_1_809' title='bbox 3134 5041 3440 5097; x_wconf 69' lang='lat' dir='ltr'><strong>Maritime</strong></span> <span class='ocrx_word' id='word_1_810' title='bbox 3472 5044 3703 5094; x_wconf 88' lang='lat' dir='ltr'><strong>tantum</strong></span> 
     </span>
    </p>
   </div>
   <div class='ocr_carea' id='block_1_109' title="bbox 2052 5130 3709 5205">
    <p class='ocr_par' dir='ltr' id='par_1_109' title="bbox 2052 5130 3709 5205">
     <span class='ocr_line' id='line_1_111' title="bbox 2052 5130 3709 5205; baseline -0.007 -13"><span class='ocrx_word' id='word_1_811' title='bbox 2052 5152 2217 5192; x_wconf 88' lang='lat' dir='ltr'><strong>arces</strong></span> <span class='ocrx_word' id='word_1_812' title='bbox 2264 5141 2495 5191; x_wconf 66' lang='lat' dir='ltr'><strong>retentae</strong></span> <span class='ocrx_word' id='word_1_813' title='bbox 2543 5142 2841 5205; x_wconf 90' lang='lat' dir='ltr'><strong>utcunque</strong></span> <span class='ocrx_word' id='word_1_814' title='bbox 2890 5138 3031 5188; x_wconf 90' lang='lat' dir='ltr'><strong>sunt</strong></span> <span class='ocrx_word' id='word_1_815' title='bbox 3074 5132 3230 5187; x_wconf 86' lang='lat' dir='ltr'><strong>circa</strong></span> <span class='ocrx_word' id='word_1_816' title='bbox 3279 5130 3594 5185; x_wconf 89' lang='lat' dir='ltr'><strong>Cromnam</strong></span> <span class='ocrx_word' id='word_1_817' title='bbox 3649 5130 3709 5181; x_wconf 90' lang='lat' dir='ltr'><strong>et</strong></span> 
     </span>
    </p>
   </div>
   <div class='ocr_carea' id='block_1_110' title="bbox 2053 5218 3711 5286">
    <p class='ocr_par' dir='ltr' id='par_1_110' title="bbox 2053 5218 3711 5286">
     <span class='ocr_line' id='line_1_112' title="bbox 2053 5218 3711 5286; baseline -0.006 -7"><span class='ocrx_word' id='word_1_818' title='bbox 2053 5224 2352 5279; x_wconf 87' lang='lat' dir='ltr'><strong>Amastrin</strong></span> <span class='ocrx_word' id='word_1_819' title='bbox 2387 5229 2444 5278; x_wconf 91' lang='lat' dir='ltr'><strong>et</strong></span> <span class='ocrx_word' id='word_1_820' title='bbox 2471 5222 2642 5277; x_wconf 68' lang='lat' dir='ltr'><strong>Tuum</strong></span> <span class='ocrx_word' id='word_1_821' title='bbox 2672 5227 2728 5277; x_wconf 90' lang='lat' dir='ltr'><strong>et</strong></span> <span class='ocrx_word' id='word_1_822' title='bbox 2756 5220 3111 5286; x_wconf 86' lang='lat' dir='ltr'><strong>Heracleam,</strong></span> <span class='ocrx_word' id='word_1_823' title='bbox 3139 5218 3265 5275; x_wconf 90' lang='lat' dir='ltr'><strong>sola</strong></span> <span class='ocrx_word' id='word_1_824' title='bbox 3296 5218 3559 5272; x_wconf 88' lang='lat' dir='ltr'><strong>locorum</strong></span> <span class='ocrx_word' id='word_1_825' title='bbox 3608 5232 3711 5270; x_wconf 87' lang='lat' dir='ltr'><strong>no-</strong></span> 
     </span>
    </p>
   </div>
   <div class='ocr_carea' id='block_1_111' title="bbox 2053 5304 3702 5382">
    <p class='ocr_par' dir='ltr' id='par_1_111' title="bbox 2053 5304 3702 5382">
     <span class='ocr_line' id='line_1_113' title="bbox 2053 5304 3702 5382; baseline -0.006 -13"><span class='ocrx_word' id='word_1_826' title='bbox 2053 5314 2214 5370; x_wconf 90' lang='lat' dir='ltr'><strong>mina</strong></span> <span class='ocrx_word' id='word_1_827' title='bbox 2236 5317 2570 5379; x_wconf 89' lang='lat' dir='ltr'><strong>servantes;</strong></span> <span class='ocrx_word' id='word_1_828' title='bbox 2604 5327 2730 5382; x_wconf 72' lang='lat' dir='ltr'><strong>qua:</strong></span> <span class='ocrx_word' id='word_1_829' title='bbox 2753 5309 2866 5364; x_wconf 89' lang='lat' dir='ltr'><strong>nisi</strong></span> <span class='ocrx_word' id='word_1_830' title='bbox 2889 5314 3162 5380; x_wconf 66' lang='lat' dir='ltr'><strong>prompto</strong></span> <span class='ocrx_word' id='word_1_831' title='bbox 3188 5307 3365 5362; x_wconf 90' lang='lat' dir='ltr'><strong>maris</strong></span> <span class='ocrx_word' id='word_1_832' title='bbox 3387 5306 3460 5360; x_wconf 91' lang='lat' dir='ltr'><strong>ad</strong></span> <span class='ocrx_word' id='word_1_833' title='bbox 3483 5304 3702 5360; x_wconf 86' lang='lat' dir='ltr'><strong>auxitia</strong></span> 
     </span>
    </p>
   </div>
   <div class='ocr_carea' id='block_1_112' title="bbox 2052 5394 3707 5477">
    <p class='ocr_par' dir='ltr' id='par_1_112' title="bbox 2052 5394 3707 5477">
     <span class='ocr_line' id='line_1_114' title="bbox 2052 5394 3707 5477; baseline -0.009 -15"><span class='ocrx_word' id='word_1_834' title='bbox 2052 5408 2380 5477; x_wconf 87' lang='lat' dir='ltr'><strong>opportune</strong></span> <span class='ocrx_word' id='word_1_835' title='bbox 2428 5400 2770 5473; x_wconf 89' lang='lat' dir='ltr'><strong>accipienda</strong></span> <span class='ocrx_word' id='word_1_836' title='bbox 2817 5400 3168 5455; x_wconf 86' lang='lat' dir='ltr'><strong>commercio</strong></span> <span class='ocrx_word' id='word_1_837' title='bbox 3216 5402 3540 5463; x_wconf 87' lang='lat' dir='ltr'><strong>uterentur,</strong></span> <span class='ocrx_word' id='word_1_838' title='bbox 3592 5394 3707 5449; x_wconf 86' lang='lat' dir='ltr'><strong>du-</strong></span> 
     </span>
    </p>
   </div>
   <div class='ocr_carea' id='block_1_113' title="bbox 2052 5485 3705 5566">
    <p class='ocr_par' dir='ltr' id='par_1_113' title="bbox 2052 5485 3705 5566">
     <span class='ocr_line' id='line_1_115' title="bbox 2052 5485 3705 5566; baseline -0.008 -15"><span class='ocrx_word' id='word_1_839' title='bbox 2052 5498 2192 5551; x_wconf 90' lang='lat' dir='ltr'><strong>dum</strong></span> <span class='ocrx_word' id='word_1_840' title='bbox 2230 5494 2433 5566; x_wconf 89' lang='lat' dir='ltr'><strong>utique</strong></span> <span class='ocrx_word' id='word_1_841' title='bbox 2465 5493 2757 5548; x_wconf 84' lang='lat' dir='ltr'><strong>fortunam</strong></span> <span class='ocrx_word' id='word_1_842' title='bbox 2791 5490 3059 5546; x_wconf 90' lang='lat' dir='ltr'><strong>eamdem</strong></span> <span class='ocrx_word' id='word_1_843' title='bbox 3094 5489 3328 5545; x_wconf 89' lang='lat' dir='ltr'><strong>urbium</strong></span> <span class='ocrx_word' id='word_1_844' title='bbox 3353 5501 3420 5542; x_wconf 90' lang='lat' dir='ltr'><strong>ae</strong></span> <span class='ocrx_word' id='word_1_845' title='bbox 3439 5485 3705 5540; x_wconf 90' lang='lat' dir='ltr'><strong>locorum</strong></span> 
     </span>
    </p>
   </div>
   <div class='ocr_carea' id='block_1_114' title="bbox 2055 5572 3712 5659">
    <p class='ocr_par' dir='ltr' id='par_1_114' title="bbox 2055 5572 3712 5659">
     <span class='ocr_line' id='line_1_116' title="bbox 2055 5572 3712 5659; baseline -0.008 -18"><span class='ocrx_word' id='word_1_846' title='bbox 2055 5587 2273 5659; x_wconf 90' lang='lat' dir='ltr'><strong>quibus</strong></span> <span class='ocrx_word' id='word_1_847' title='bbox 2296 5586 2565 5654; x_wconf 82' lang='lat' dir='ltr'><strong>adjacent</strong></span> <span class='ocrx_word' id='word_1_848' title='bbox 2605 5582 3025 5652; x_wconf 80' lang='lat' dir='ltr'><strong>experirentur,</strong></span> <span class='ocrx_word' id='word_1_849' title='bbox 3058 5596 3311 5652; x_wconf 88' lang='lat' dir='ltr'><strong>cumque</strong></span> <span class='ocrx_word' id='word_1_850' title='bbox 3342 5576 3471 5632; x_wconf 90' lang='lat' dir='ltr'><strong>istis</strong></span> <span class='ocrx_word' id='word_1_851' title='bbox 3499 5572 3712 5630; x_wconf 88' lang='lat' dir='ltr'><strong>ditioni</strong></span> 
     </span>
    </p>
   </div>
   <div class='ocr_carea' id='block_1_115' title="bbox 2055 5662 3707 5743">
    <p class='ocr_par' dir='ltr' id='par_1_115' title="bbox 2055 5662 3707 5743">
     <span class='ocr_line' id='line_1_117' title="bbox 2055 5662 3707 5743; baseline -0.008 -14"><span class='ocrx_word' id='word_1_852' title='bbox 2055 5675 2296 5730; x_wconf 81' lang='lat' dir='ltr'><strong>Persicae</strong></span> <span class='ocrx_word' id='word_1_853' title='bbox 2329 5673 2573 5743; x_wconf 85' lang='lat' dir='ltr'><strong>adjectis</strong></span> <span class='ocrx_word' id='word_1_854' title='bbox 2608 5671 2871 5725; x_wconf 79' lang='lat' dir='ltr'><strong>Romano</strong></span> <span class='ocrx_word' id='word_1_855' title='bbox 2905 5669 3151 5741; x_wconf 84' lang='lat' dir='ltr'><strong>imperio</strong></span> <span class='ocrx_word' id='word_1_856' title='bbox 3185 5668 3519 5740; x_wconf 84' lang='lat' dir='ltr'><strong>periissent.</strong></span> <span class='ocrx_word' id='word_1_857' title='bbox 3543 5662 3707 5728; x_wconf 83' lang='lat' dir='ltr'><strong>Quod</strong></span> 
     </span>
    </p>
   </div>
   <div class='ocr_carea' id='block_1_116' title="bbox 2055 5757 3729 5831">
    <p class='ocr_par' dir='ltr' id='par_1_116' title="bbox 2055 5757 3729 5831">
     <span class='ocr_line' id='line_1_118' title="bbox 2055 5757 3729 5831; baseline -0.008 -10"><span class='ocrx_word' id='word_1_858' title='bbox 2055 5767 2252 5821; x_wconf 87' lang='lat' dir='ltr'><strong>autem</strong></span> <span class='ocrx_word' id='word_1_859' title='bbox 2284 5763 2342 5818; x_wconf 90' lang='lat' dir='ltr'><strong>in</strong></span> <span class='ocrx_word' id='word_1_860' title='bbox 2375 5762 2595 5819; x_wconf 84' lang='lat' dir='ltr'><strong>exitum</strong></span> <span class='ocrx_word' id='word_1_861' title='bbox 2622 5759 2834 5816; x_wconf 89' lang='lat' dir='ltr'><strong>harum</strong></span> <span class='ocrx_word' id='word_1_862' title='bbox 2867 5758 3302 5831; x_wconf 81' lang='lat' dir='ltr'><strong>provinciarum</strong></span> <span class='ocrx_word' id='word_1_863' title='bbox 3327 5757 3729 5827; x_wconf 83' lang='lat' dir='ltr'><strong>cooperatum_</strong></span> 
     </span>
    </p>
   </div>
  </div>
