4112 6416
369 425 477 481 761

1437 430 1532 483 DE
1570 426 1945 484 MICHAELE
1984 421 2431 478 PALBOLOGO
2467 423 2602 476 LIB.
2641 422 2736 476 IV.

3688 428 3795 485 762

369 553 559 617 ταῦτα,
589 554 696 605 τῶν
733 556 932 626 χωρῶν
964 552 1345 627 κατεχομένων
1399 558 1520 615 τοῖς
1572 553 1819 627 Πέρσαις.
1852 548 2024 603 πάλαι
2056 552 2105 616 Α
2136 544 2235 619 γὰρ
2293 545 2359 614 ἧν
2422 545 2719 621 ἡσυχάζειν
2780 546 3026 616 αὐτοὺς,
3088 546 3217 602 ἀλλ’
3284 545 3649 623 εἲσδυομὲνοις
3697 574 3795 615 τας

370 640 428 694 ἂν
484 645 605 700 ταῖς
663 642 876 715 χώραις
937 643 1025 695 καὶ
1086 642 1219 695 αὐτᾶ
1276 640 1686 697 συναπώλοντο.
1744 642 1835 695 Ἓν
1880 635 2022 691 δὲτὸ

373 729 693 785 συντελέσαν
724 733 792 801 τῇ
852 729 1057 783 τούτων
1119 731 1365 802 ἀπωλείᾳ
1415 732 1504 784 καὶ
1560 735 1667 784 τῶν
1708 726 1893 783 ἄλλων
1931 726 2023 799 μέ-

368 839 572 892 γιστον,
625 819 700 881 ὡς
760 818 918 880 αὐτὸς
979 820 1006 872 6
1070 819 1324 894 βασιλεὺς
1376 819 1593 893 ὕστερον
1652 816 1855 892 ἔλεγεν,

371 907 563 981 μικρὸν
598 908 703 981 πρὸ
755 906 983 961 θανάτου
1024 912 1207 961 πατῶν
1264 909 1353 962 τὸν
1380 909 1549 962 τόπον
1605 906 1749 981 ἐώρα
1800 904 1892 958 σὺν
1927 902 2025 956 οὐκ

368 993 542 1068 ὀλίγῳ
574 996 861 1049 καὶταῦτα
920 1001 1151 1070 στρατῷ,
1210 997 1300 1049 καὶ
1356 997 1423 1051 τὰ
1479 994 1708 1051 πλεῖστα
1763 991 2024 1064 κατῳκτί-

369 1088 511 1153 ζετο,
545 1085 579 1152 ἡ
611 1088 720 1137 τῶν
762 1084 1132 1156 πεμπομένων
1185 1084 1357 1139 ἐκεῖσε
1412 1088 1718 1159 ταξιαρχῶν
1753 1081 2021 1157 γλισχρόο

366 1193 472 1241 της
502 1193 558 1226 τε
588 1172 677 1226 καὶ
741 1169 1007 1249 φειδωλία
1065 1177 1147 1250 [Ρ.
1188 1176 1315 1246 211]
1348 1174 1437 1228 καὶ
1468 1178 1503 1243 ἡ
1537 1172 1625 1228 ἐπὶ
1678 1177 1756 1244 τῷ
1804 1166 2021 1244 λαμϐάο

362 1282 473 1315 νειν
505 1260 716 1329 σπουδὴ
748 1262 820 1316 πύ
852 1262 1279 1338 περιοριζομένη
1348 1265 1529 1339 μέτρῳ
1590 1263 1676 1316 καὶ
1726 1261 1896 1336 κόρῳ,
1929 1261 2018 1314 καὶ

366 1352 401 1420 ἡ
462 1351 664 1405 ἐκεῖθεν
721 1353 857 1426 πρὸς
914 1353 1004 1405 τὸν
1074 1356 1379 1425 κρατοῦντα
1455 1351 1788 1427 ψευδολογία
1847 1347 2016 1421 μηδὲν

356 1439 806 1513 ἐκστρατεῦοντα,
867 1441 939 1501 ὡς
1000 1441 1280 1515 δλίγιστόν
1339 1463 1390 1495 τι
1446 1439 1721 1507 ἀπώλετο,
1796 1439 1870 1500 ὡς
1928 1436 2013 1491 ἐπὶ

361 1535 578 1604 μικροῖς
612 1533 645 1599 ἡ
683 1530 875 1602 ζημία,
927 1531 1000 1584 ὡς
1027 1531 1087 1584 τὸ
1120 1536 1221 1584 πᾶν
1283 1530 1369 1584 ἐπὶ
1427 1530 1743 1605 κεφαλαίοις
1800 1531 2015 1583 ’ἰσταται

364 1618 454 1673 καί
504 1620 567 1674 τὸ
597 1619 880 1692 ἀφαιρεθὲν
939 1616 1184 1688 σπουδῆς
1242 1618 1442 1693 ὀλίγης
1492 1616 1896 1686 ἀνακαλεῖσθαι,
1929 1616 2017 1671 καὶ

359 1705 537 1763 τᾶλλα
570 1709 650 1769 οἷς
684 1708 932 1782 συνεχέσι
989 1709 1227 1781 ποτίμος
1289 1709 1384 1781 μὲν
1438 1713 1517 1780 τῷ
1547 1706 1881 1785 φαινομένῳ,
1916 1705 2017 1760 ἀλ-

361 1802 553 1871 μυροῖς
585 1795 643 1851 δὲ
684 1800 752 1870 τῇ
787 1796 1017 1867 ἀληθείᾳ
1067 1800 1161 1859 τὰς
1226 1796 1509 1874 βασιλικὰς
1570 1798 1733 1858 ἀκοὰς
1790 1800 2012 1870 περιήν-

360 1883 526 1939 τλουν
585 1886 673 1939 καὶ
732 1887 1032 1961 γράφοντές
1088 1908 1151 1941 το
1207 1888 1297 1941 καὶ
1357 1885 1807 1958 διαμηνυὸμενοι.
1851 1886 1925 1941 Τὸ
1958 1882 2015 1939 δὲ

354 1980 455 2043 τῆς
482 1974 759 2049 στρατείας
800 1973 990 2046 α’τιον,
1024 1977 1096 2038 ὡς
1156 1976 1242 2030 ταὶ
1308 1980 1468 2030 τοῦτο
1500 1976 1661 2036 αὐτὸς
1695 1976 1723 2029 6
1759 1972 2013 2049 βασιλεὺς

356 2062 751 2139 ὡμολόγει,τὸ
810 2065 1071 2141 συρραγὲν
1137 2066 1350 2140 σχίσμα
1408 2073 1506 2134 τῆς
1558 2064 1893 2133 Ἑκκλησίας
1922 2066 2007 2117 καὶ

349 2151 411 2205 τὸ
461 2150 607 2206 πολὺ
656 2156 763 2206 τῶν
798 2153 1183 2207 ἀνυποτάκτων
1244 2151 1581 2227 ῥακενδυτῶν
1629 2173 1686 2207 τε
1742 2150 1830 2206 καί
1883 2172 2013 2206 σακ-

348 2237 601 2318 κοφόρων
662 2242 900 2310 πλῆθος,
962 2242 1051 2296 καὶ
1085 2244 1111 2296 ὁ
1143 2242 1317 2305 πολὺς
1370 2242 1586 2297 ἐκείνων
1618 2243 1850 2317 φορυτὸς
1903 2245 2009 2295 τῶν

350 2330 426 2392 εἷς
487 2331 645 2385 αὐτὸν
707 2331 1208 2406 κατηγορημάτων,
1266 2332 1356 2386 καὶ
1412 2335 1447 2402 ἡ
1508 2333 1644 2407 πρὸς
1697 2336 1863 2386 ταῦτα
1912 2336 2009 2385 τοῦ

357 2415 629 2495 βασιλέως
678 2417 856 2474 δειλία
910 2423 1009 2490 τὴν
1067 2421 1395 2476 ἀποστασίαν
1460 2420 1877 2482 ὑποπτεύοντος.
1928 2421 2007 2478 Οὐ

347 2548 435 2603 vel
461 2548 716 2605 maxime
746 2554 854 2619 est,
885 2550 994 2604 hoc
1029 2550 1343 2620 fuit,prout
1373 2553 1499 2621 ipse
1530 2566 1659 2606 sero
1683 2565 2007 2621 agnoscens

348 2638 660 2693 confessus
708 2638 1031 2710 imperator
1062 2644 1171 2705 est,
1218 2640 1452 2709 quando
1485 2638 1659 2711 paulo
1690 2644 1824 2693 ante
1856 2654 2004 2692 mor-

347 2731 464 2783 tem
498 2743 566 2783 ea
597 2727 725 2784 loca
769 2745 901 2783 cum
945 2728 1204 2784 exercitu
1257 2745 1370 2783 non
1425 2728 1653 2783 modico
1697 2729 2005 2799 perambu-

344 2816 475 2873 lans
497 2816 685 2873 oculis
708 2818 907 2873 omnia
930 2817 1202 2873 fidelibus
1234 2818 1487 2887 subjecit
1516 2822 1572 2871 et
1593 2816 1744 2873 clare
1763 2831 1999 2888 perspe-

350 2912 443 2963 cta
474 2909 791 2963 miseratus
820 2906 1143 2979 plurimum
1176 2912 1265 2961 est
1296 2907 1703 2978 praefectorum
1740 2908 1840 2978 qui
1863 2906 2001 2960 illuc

347 2996 733 3052 mittebantur
756 2998 1040 3052 tenacitas
1064 3002 1120 3051 et
1150 3013 1322 3052 avara
1354 2996 1721 3067 parcimonia
1746 3012 1881 3051 cum
1907 3013 1997 3050 ar-

348 3085 506 3140 denti
554 3086 842 3142 immensa
890 3085 1226 3157 inexplebili
1296 3087 1559 3158 undique
1610 3083 1880 3155 capiendi
1934 3099 1997 3136 ac

337 3176 688 3246 congerendi
721 3175 998 3230 aviditate
1029 3176 1365 3246 conjuncta.
1401 3174 1628 3239 Quibus
1680 3172 1997 3227 accedebat

1938 815 2027 869 ὅτε

2133 638 2240 687 τῶν
2272 634 2572 709 ἀνθρώπων
2622 634 2795 696 οἰκίας
2852 634 3029 711 σφίσιν
3088 635 3155 703 ἦν
3191 636 3251 690 ἐκ
3303 639 3610 712 προχείρου
3668 662 3796 695 συν-

2136 722 2296 796 είρειν
2324 725 2391 777 τὰ
2420 722 2608 778 πολλᾶ
2637 724 2773 778 κατὰ
2835 724 3128 799 βασιλέως,
3162 726 3237 788 ὡς
3285 728 3377 781 τὸν
3437 726 3792 803 κληρονόμον

2139 810 2470 883 ἀδικήσειεν,
2532 814 2606 877 ὡς
2672 813 2936 886 ἐξελάσειε
2983 820 3078 870 τοῦ
3137 817 3331 891 Θρόνου
3384 820 3475 873 τὸν
3532 821 3799 896 πατριάρ-

2135 922 2267 976 χην.
2304 902 2457 958 Ἀλλ’
2490 905 2541 956 οἱ
2576 905 2750 976 ὅρκοι,
2786 903 2915 959 ἀλλ’
2964 906 3017 958 u't
3066 907 3349 977 συνθῆκαι,
3406 906 3551 963 ἀλλά
3580 912 3641 964 τὸ
3701 912 3790 965 καὶ

2131 992 2213 1059 τὸ,
2249 994 2332 1054 οἷς
2378 992 2574 1046 ἐκεῖνοι
2634 993 2726 1065 μὶν
2796 994 3109 1068 πορίζεσθαι
3168 997 3341 1070 εἶχον,
3399 996 3630 1053 πλεῖστα
3685 1005 3795 1054 τῶν

2132 1080 2439 1135 ἀκουόντων
2488 1078 2994 1154 ἀπολαμϐάνοντες,
3028 1083 3124 1156 ἐμὲ
3184 1082 3261 1156 δὲ,
3317 1088 3503 1161 φησὶν,
3542 1090 3597 1141 οἱ
3630 1086 3794 1165 φόϐοι

2130 1171 2218 1223 καὶ
2255 1173 2307 1224 αἱ
2342 1168 2538 1225 δειλίαι
2593 1172 2959 1246 περιίσταντο,
2999 1176 3073 1245 μὴ
3125 1174 3217 1227 καὶ
3268 1197 3321 1228 τι
3369 1180 3476 1229 τῶν
3536 1172 3788 1249 ἀϐουλή-

2128 1280 2234 1313 των
2290 1260 2691 1331 νεωτερισθείη.
2750 1262 2839 1330 Ἐξ
2911 1263 2985 1315 ὧν
3044 1258 3355 1317 συνέϐαινον
3419 1265 3671 1339 ὑποψίαι,
3731 1269 3793 1329 ἅς

2128 1346 2335 1423 ἀνάγκη
2397 1346 2809 1426 φυλαττόμενον
2893 1350 3311 1415 ἀποκεκλεῖσθαι
3384 1354 3473 1407 καὶ
3540 1358 3787 1429 ἠρεμεῖν,

2126 1438 2189 1491 τὸ
2221 1438 2338 1491 καθ’
2367 1439 2529 1492 αὑτὸν
2580 1437 2974 1512 πολυωροῦντα
3032 1440 3118 1493 καὶ
3154 1442 3219 1494 τα
3274 1446 3381 1495 τῶν
3443 1445 3786 1518 πραγμάτων

2125 1531 2242 1587 τοῖς
2272 1531 2537 1601 τυχοῦσιν
2584 1526 2961 1601 ἐπιτρέποντα.
3014 1529 3176 1584 Ταῦτ’
3226 1526 3378 1604 ἔλεγε
3439 1530 3533 1601 μέν
3568 1532 3787 1608 ὕστερον

2129 1616 2157 1669 6
2214 1620 2428 1690 κρατῶν
2481 1615 2618 1691 πρὸς
2700 1616 2788 1670 τὸν
2838 1614 3247 1690 Ἀλεξανδρείας
3308 1620 3660 1688 Ἀθανάσιον,
3715 1623 3792 1686 ὡς

2126 1705 2290 1766 αὐτὸς
2323 1707 2459 1777 ἡμῖν
2514 1705 2871 1781 ἀπήγγειλεν,
2919 1708 3007 1760 ὅτε
3063 1708 3236 1761 συνὼν
3290 1709 3538 1771 κάκεῖνος
3569 1709 3657 1764 ἐπὶ
3690 1718 3789 1780 τῆς

2127 1793 2471 1869 ἐκστρατείας
2555 1796 2691 1849 κατά
2769 1796 3113 1871 παραμυθίαν
3202 1800 3281 1867 τῷ
3370 1796 3587 1871 βασιλεῖ
3644 1801 3787 1875 ἑώρα

2046 1929 2093 1994 Β
2128 1883 2222 1955 μὲν
2250 1883 2344 1945 τὰς
2397 1888 2505 1938 τῶν
2567 1888 2768 1960 χωρῶν
2827 1886 2983 1958 οέραν
3018 1888 3115 1938 τοῦ
3175 1887 3499 1961 Σαγγάρεως
3559 1888 3653 1963 ἐρη
3668 1890 3784 1962 μώ-

2135 1992 2177 1994 -Α
2369 1993 2376 1994 ,
2413 1974 2424 1994 1
2455 1993 2484 1994 ,,
2542 1993 2549 1994 κ
2610 1970 2654 1994 θλ
2760 1977 2784 1987 ’⁸
3017 1972 3028 1991 ν
3208 1973 3221 1994 7
3425 1980 3451 1994 υ
3540 1976 3550 1994 1
3753 1983 3780 1993 ν

2125 1992 2257 2040 σεις,
2290 1974 2557 2042 κατήκουε
2605 1970 2663 2027 δὶ
2718 1977 2827 2027 τῶν
2878 1972 3145 2027 τοιούτων
3204 1973 3654 2050 ἐποικτιζομὲνου
3685 1983 3783 2033 τοῦ

2121 2063 2451 2133 κρατοῦντος
2505 2064 2622 2120 ταῖς
2682 2058 3044 2135 ἐρημώσεσιν.
3106 2061 3277 2116 Ἀλλά
3331 2068 3499 2117 ταῦτα
3561 2065 3655 2137 μὲν
3688 2064 3782 2119 καί

2120 2155 2283 2225 ἡμεῖς
2312 2153 2448 2207 κατᾶ
2476 2153 2645 2207 τόπον
2677 2151 2905 2226 ἐροῦμεν
2952 2152 3313 2229 πλατύτερον.

2119 2261 2225 2329 κη’.
2262 2259 2389 2333 Περὶ
2420 2264 2539 2340 τοῦ*
2562 2261 2679 2340 κατ’
2738 2259 3065 2340 Ἐκκλησίαν
3124 2263 3457 2335 σχίσματος,
3518 2265 3613 2319 καὶ
3644 2266 3772 2340 περὶ

2474 2336 2580 2387 τῶν
2628 2338 2668 2386 Il
2678 2338 3099 2403 αντιποπτηνῶν
3137 2340 3417 2409 μοναχῶν.

2194 2422 2274 2494 [Ρ.
2299 2423 2427 2493 212]
2474 2419 2611 2477 Τότε
2669 2418 2726 2476 δὲ
2779 2422 2870 2475 καὶ
2926 2427 3047 2483 ταῖς
3107 2421 3393 2492 ἀληθείαις
3446 2424 3508 2478 τὸ
3564 2424 3774 2499 σχίσμα

2116 2547 2464 2619 principem,
2522 2548 2865 2620 passimque
2932 2549 3391 2606 invidiosissime
3449 2551 3771 2607 criminan-

2114 2637 2262 2691 tium
2297 2637 2369 2692 ab
2392 2636 2493 2691 illo
2515 2641 2703 2693 tutore
2724 2638 3271 2709 eirerumscriptum
3298 2656 3774 2713 oppressumque

2114 2725 2334 2781 nefarie
2377 2725 2693 2797 pupillum,
2741 2727 2812 2781 ab
2862 2729 3065 2783 eodem
3126 2728 3342 2784 avitam
3396 2731 3772 2802 patriamque

2111 2814 2493 2871 heredilatem
2527 2815 2757 2887 imperii
2792 2815 3053 2887 legitimo
3096 2818 3421 2873 successori
3454 2823 3511 2874 et
3532 2836 3769 2890 posses-

2111 2903 2228 2959 sori
2257 2905 2506 2973 Augusti
2540 2904 2658 2958 filio
2689 2904 3071 2960 interversam
3104 2906 3504 2978 iniquissime,
3536 2908 3631 2963 his
3665 2909 3768 2963 ad-

2108 2992 2293 3047 ditam
2325 2993 2670 3063 ejectionem
2706 2994 2764 3047 in
2796 2994 3070 3049 exsilium
3116 2995 3411 3050 deturbati
3445 2997 3515 3052 de
3548 2996 3767 3052 throno

2109 3081 2474 3152 patriarchae,
2536 3086 2866 3153 cunctaque
2918 3083 3030 3138 ista
3090 3084 3346 3155 perjurio
3401 3086 3762 3158 perﬁdiaque

2107 3170 2411 3225 cumulata
2441 3172 2512 3226 ab
2546 3188 2611 3225 eo
2644 3171 2741 3242 qui
2794 3171 2956 3226 nullo
2993 3174 3386 3243 jurisjurandi
3422 3191 3537 3245 quo
3570 3192 3632 3229 se
3659 3176 3767 3230 ob-

333 3265 592 3321 indidem
627 3270 763 3320 nata
817 3266 1239 3321 circumventio
1276 3265 1562 3337 principis
1607 3262 1995 3331 mandacissi-
2029 3299 2071 3366 Ο
2112 3258 2756 3329 strinxisset,fcederum
2793 3278 2919 3331 quae
2944 3262 3237 3318 sanxisset
3266 3270 3534 3335 respectu
3571 3264 3689 3319 haec
3711 3270 3769 3320 et

333 3354 445 3409 mis
479 3355 703 3426 decepti
740 3354 1123 3410 relationibus
1164 3355 1614 3410 vaferrimorum
1664 3355 1992 3420 hominum,

338 3445 437 3515 qui
474 3444 717 3514 privatis
750 3444 875 3499 suis
927 3442 1254 3499 rationibus
1307 3443 1563 3514 pernicie
1612 3440 1847 3514 publica
1878 3456 1991 3495 non

339 3532 683 3587 dubitantes
715 3531 1023 3587 consulere
1078 3530 1489 3602 imperatorem
1526 3532 1597 3586 ab
1629 3530 1993 3599 expeditione

336 3620 396 3675 in
431 3636 529 3676 eas
579 3625 911 3691 partes,;ut
962 3625 1086 3675 erat
1131 3637 1389 3687 necesse,
1441 3619 1838 3691 suscipienda,
1888 3620 1987 3674 de-

342 3709 651 3781 prehendi,
697 3709 745 3763 si
780 3726 871 3764 res
921 3725 1117 3764 coram
1179 3713 1466 3780 paterent,
1499 3713 1555 3761 et
1602 3707 1836 3762 multari
1872 3724 1991 3761 me-

342 3804 599 3865 tuentes,
634 3798 994 3861 avertebant,
1028 3797 1306 3853 elevando
1332 3796 1992 3867 fallacissimejacturas

343 3888 546 3951 factas,
582 3896 633 3941 et
658 3892 720 3940 ut
754 3903 1002 3957 quaeque
1034 3903 1200 3941 arces
1228 3892 1331 3940 aut
1380 3887 1552 3940 urbes
1582 3890 1762 3955 captaa
1795 3901 1827 3939 a
1860 3885 1989 3939 Per-

341 3977 424 4031 sis
455 3976 963 4040 erant,minimum
992 3976 1044 4028 id
1071 3976 1350 4046 quiddam
1376 3980 1431 4030 et
1461 3978 1743 4029 momenti
1771 3974 1991 4029 nullius

341 4081 469 4121 esse
518 4065 812 4120 dicendo:
866 4065 1057 4135 capita
1089 4064 1242 4119 enim
1295 4065 1424 4135 ipsa
1474 4080 1669 4118 rerum
1714 4069 1770 4119 et
1822 4064 1993 4134 quasi

334 4154 528 4210 claves
562 4153 768 4207 limitis
794 4154 982 4208 adhuc
1009 4153 1448 4221 teneri,minuta
1478 4154 1591 4208 isca
1610 4170 1766 4207 nunc
1796 4152 1992 4207 ablata

338 4243 571 4314 quoties
603 4242 864 4298 volemus
882 4242 1089 4313 exiguo
1121 4243 1783 4313 conatu'recuperanda.
1818 4243 1991 4312 Ejus-

338 4332 494 4387 modi
553 4331 892 4386 vanissimis
948 4332 1299 4386 commentis
1344 4336 1468 4386 tum
1520 4332 1741 4402 scripto
1791 4332 1989 4403 procul

337 4421 560 4488 missis,
596 4426 717 4475 tum
764 4437 901 4475 voce
953 4437 1146 4476 coram
1199 4420 1527 4490 inculcatis,
1578 4422 1853 4475 lactatum
1889 4421 1991 4474 im-

336 4510 600 4583 perantis
638 4510 905 4564 animum
941 4509 1261 4565 indormire
1289 4510 1458 4564 malis
1491 4510 1655 4565 facile
1690 4510 1854 4565 initio
1890 4526 1990 4565 cu-

337 4599 622 4654 rabilibus
654 4599 962 4670 cogebant,
997 4599 1142 4652 nihil
1179 4599 1343 4670 pensi
1385 4600 1689 4664 habentes,
1725 4601 1864 4653 dum
1899 4616 1990 4652 res

2113 3348 2215 3403 illa
2245 3349 2525 3419 (plurima
2556 3348 2859 3419 sigillatim
2905 3353 3355 3422 exaggerahant)
3388 3358 3760 3424 attentasset,

2105 3441 2283 3508 atque
2314 3438 2405 3493 his
2433 3437 3048 3510 vulgo:plausibilibus
3069 3440 3432 3510 populariter
3457 3441 3763 3496 buccinan-

2106 3527 2197 3582 dis
2228 3528 2677 3599 emungentium
2711 3530 2959 3598 pecunia
2984 3529 3280 3583 credulam
3318 3530 3543 3600 plebem
3579 3536 3634 3585 et
3653 3534 3765 3585 lar-

2105 3633 2209 3689 gas
2223 3618 2657 3672 corradentium
2677 3619 3046 3689 pradas,quo
3071 3619 3269 3673 minus
3286 3620 3416 3674 illos
3440 3621 3764 3678 abstituros

2106 3712 2226 3762 tam
2266 3706 2391 3761 utili
2430 3707 2698 3776 privatim
2724 3712 2913 3777 coepto
2964 3712 3089 3762 erat
3136 3708 3473 3777 verisimile,
3508 3741 3574 3749 --
3607 3726 3762 3780 cum,

2106 3800 2371 3869 inquam,
2408 3798 2528 3852 huc
2577 3797 2915 3869 intelligens
2966 3805 3271 3869 Augustus
3320 3802 3661 3856 formidaret
3693 3818 3767 3857 ne

2105 3893 2225 3942 tam
2277 3886 2725 3941 vehementibus
2770 3888 3126 3943 seditionum
3182 3889 3382 3943 ﬂabris
3430 3896 3644 3961 apertae
3674 3908 3769 3946 re-

2109 3976 2382 4031 bellionis
2412 3979 2467 4028 et
2487 3974 2621 4028 belli
2656 3974 2842 4028 civilis
2867 3976 3538 4047 incendium,aegerrime
3568 3985 3766 4049 postea

2106 4064 2483 4135 restinguend
2496 4062 2882 4127 um,inﬂnmm
2895 4072 3103 4130 aretur,
3118 4066 3188 4119 ad
3216 4069 3604 4121 necessariam
3624 4086 3765 4139 prae-

2106 4155 2435 4209 rautionem
2463 4152 2600 4207 mali
2624 4153 2793 4217 tanti,
2817 4160 2993 4224 atque
3027 4155 3094 4207 ad
3131 4154 3545 4225 explorandam
3571 4158 3765 4229 inspe-

2107 4245 2296 4299 ctione
2328 4241 2598 4308 praesenti
2631 4259 2832 4297 eorum
2857 4242 3031 4298 ﬁdem
3067 4243 3282 4315 quibus
3328 4261 3444 4299 non
3478 4246 3621 4301 satis
3651 4248 3765 4302 sibi

2108 4332 2430 4404 perspectis
2464 4348 2627 4387 arces
2650 4336 2704 4387 et
2732 4331 3061 4403 provincias
3084 4333 3665 4393 eommiserat.istam
3700 4352 3763 4391 se

2108 4422 2524 4493 profectionem
2555 4421 2889 4492 suscepisse
2922 4422 3133 4476 deinde
3166 4422 3484 4477 declaravit
3515 4423 3763 4494 ipsemet

2106 4509 2378 4565 familiari
2415 4526 2683 4565 sermone
2723 4511 3040 4566 Athanasio
3088 4511 3481 4567 Alexandrino
3515 4514 3762 4584 patriar-

2105 4599 2247 4667 chae,
2272 4599 2431 4653 illius
2461 4603 2585 4652 tum
2623 4587 2735 4669 ipsi
2762 4600 2867 4653 viae
2898 4600 3489 4668 comiti,conlidenter
3507 4602 3625 4657 viro
3656 4602 3759 4658 tali

336 4687 1034 4759 agerentsuas,insidiari
1062 4687 1319 4742 credulis
1351 4688 1682 4758 principum
1723 4688 1986 4750 auribus,
2022 4667 2067 4728 ί)
2100 4704 2237 4742 suas
2272 4688 2451 4741 animi
2486 4688 2870 4759 zegritudines
2895 4695 2950 4742 et
2984 4706 3095 4742 non
3128 4706 3309 4743 vanos
3344 4697 3535 4745 metus
3568 4693 3761 4763 suspi-

334 4783 391 4833 et
423 4777 505 4831 eis
534 4777 840 4830 infundere
881 4777 1047 4847 quasi
1082 4775 1269 4845 plenis
1319 4775 1541 4846 poculis
1573 4777 1831 4830 exitialia
1858 4777 1985 4847 qui-

334 4867 466 4921 dem
501 4882 741 4929 venena,
777 4864 877 4919 sed
907 4871 1029 4919 arte
1062 4865 1402 4920 assentandi
1436 4864 1518 4920 sic
1567 4866 1755 4919 diluta
1783 4867 1986 4919 condi-

331 4960 511 5025 taque
546 4959 605 5008 ut
636 4955 795 5007 virus
829 4970 1031 5007 eorum
1069 4970 1180 5006 non
1218 4954 1555 5008 sentiretur.
1582 4954 1755 5008 Porro
1791 4954 1985 5018 istam,

331 5045 403 5099 de
437 5060 553 5115 qua
605 5042 745 5107 dixi,
809 5057 999 5095 seram
1052 5042 1299 5113 perditis
1350 5043 1525 5097 rebus
1580 5043 1636 5096 in
1701 5043 1811 5095 ista
1861 5042 1985 5096 loca

328 5132 761 5205 expeditionem
792 5132 1164 5201 imperatoris
1199 5132 1321 5202 ipse
1346 5133 1637 5187 fatebatur
1668 5149 1698 5186 a
1730 5148 1790 5185 se
1826 5136 1982 5187 metu

327 5220 697 5293 erumpentis
737 5221 863 5289 jam
927 5220 984 5273 in
1038 5228 1297 5290 apertam
1352 5222 1661 5292 perniciem
1715 5220 1983 5275 Ecclesiae

329 5310 674 5367 schismatis
708 5309 862 5363 318
898 5314 1257 5379 susceptam.
1292 5314 1434 5364 Cum
1468 5310 1622 5365 enim
1656 5311 1891 5364 timeret
1923 5309 1980 5363 in

324 5405 493 5454 tanta
523 5396 802 5452 colluvies
832 5396 1104 5450 claustris
1136 5413 1507 5466 egressarum
1554 5414 1797 5451 excusso
1835 5399 1981 5467 jugo

325 5488 650 5559 disciplinm
683 5486 1139 5556 vagantiumque
1181 5502 1647 5558 quoquoversum
1692 5503 1979 5557 pannoso-

326 5598 457 5636 rum
495 5577 863 5649 quorundam
897 5580 953 5629 et
975 5576 1162 5630 saccis
1189 5576 1443 5631 cilicinis
1466 5575 1852 5641 horrentium,
1889 5576 1979 5630 in-

327 5667 694 5725 sinuentium
728 5681 789 5719 se
821 5663 1032 5732 obviis,
1067 5665 1351 5721 domuum
1399 5667 1609 5719 intima
1666 5671 1977 5736 penetran-

323 5758 501 5827 tium,
561 5758 774 5811 cuncta
832 5752 1210 5826 implentium
1278 5753 1854 5813 murmurationibus
1918 5756 1977 5813 in

2098 4778 2413 4847 cionesque
2435 4777 2866 4845 aperiens,quze
2891 4778 2988 4832 ille
3005 4778 3251 4831 audiens
3299 4796 3411 4833 non
3448 4780 3757 4836 omittebat

2098 4881 2210 4936 qua
2238 4870 2463 4935 poterat
2486 4864 2882 4919 consolatione
2920 4865 3372 4922 delinire.Porro
3396 4883 3463 4921 ex
3495 4869 3605 4922 isto
3628 4868 3756 4940 ipso

2097 4971 2203 5008 nos
2237 4955 2355 5008 haec
2395 4955 2600 5009 eadem
2641 4954 2985 5021 Athanasio,
3020 4956 3223 5009 audita
3255 4960 3377 5010 tum
3411 4957 3521 5011 sibi
3558 4962 3757 5028 postea

2096 5043 3200 5114 referente,cognovimus.Addebatque
3225 5044 3337 5099 ista
3368 5047 3672 5102 occasione
3695 5065 3758 5104 se

2094 5131 2280 5186 oculis
2313 5148 2632 5202 usurpasse
2660 5131 3057 5185 miserrimum
3077 5132 3248 5202 plane
3270 5150 3336 5188 ac
3370 5136 3754 5193 meritissimo

2096 5221 2362 5291 praesenti
2385 5219 2889 5291 aIAimpcratori
2918 5219 3286 5291 deploratum
3313 5226 3535 5279 statum
3561 5226 3750 5297 regio-

2094 5328 2231 5365 num
2254 5310 3011 5381 ultraSangarim,extrema
3031 5312 3301 5368 vastitate
3324 5314 3748 5373 desolatarum.

2094 5399 2301 5453 Verum
2324 5399 2435 5453 ista
2462 5416 2565 5453 nos
2588 5416 2822 5470 quoque
2844 5400 3035 5455 fusius
3057 5417 3446 5473 exsequemur
3468 5422 3574 5460 suo
3600 5406 3746 5461 loco.

2159 5544 2249 5597 28.
2329 5543 2401 5598 De
2476 5542 2736 5599 Ecclesiae
2792 5544 3111 5670 schz'srznte,
3190 5556 3244 5602 et
3323 5550 3749 5620 Pantepoptenis

2756 5631 2950 5670 monac
2994 5634 3058 5670 ιδ.

2756 5631 3058 5672 γηοηαεηιδ.

2160 5756 2278 5814 Ηοο
2308 5773 2481 5828 porro
2513 5760 2775 5830 tempore
2806 5758 2864 5815 in
2899 5776 3016 5831 quo
3047 5762 3372 5819 enarranda
3413 5778 3739 5838 versamur,
