4112 6418
320 401 429 457 763

1627 397 1932 459 GEORGII
1971 401 2441 458 PACHYMERB

3638 394 3755 451 764

322 533 425 596 τῆς
466 526 795 596 Ἐκκλησίας
852 524 1138 597 ηὐξάνετο,
1196 527 1270 588 ὡς
1326 524 1418 580 λαὶ
1476 526 1592 581 κατ’
1652 522 1827 579 οἷ’κίαν
1855 523 1985 589 τοὺς
2013 528 2066 593 Α
2094 529 2176 597 τῷ
2206 526 2312 581 άπὸ
2341 531 2436 582 τοῦ
2484 528 2831 603 πατριάρχου
2889 527 3202 604 ἆφορισμῷ,
3234 525 3294 579 ’ὀν
3330 521 3634 603 ἀφωρίσθαι
3664 520 3756 576 ἐπὶ

330 619 481 679 ἔντος
515 616 831 691 διῃρῆσθαι.
864 618 955 672 καὶ
1013 616 1201 681 ἄλλως
1261 622 1356 688 μὲν
1405 618 1609 691 πατέρα
1637 613 1857 691 διάγειν,
1884 612 1984 671 ἅλ-

330 707 443 768 λως
475 704 519 760 δ’
550 707 689 775 υἱὸν,
723 706 810 760 καὶ
867 707 1076 778 μητέρα
1129 707 1217 760 καὶ
1280 704 1565 781 θυγατέρα,
1624 704 1714 759 καὶ
1766 705 1981 781 νύμφην

332 796 420 850 καὶ
481 797 755 870 πενθεράν.
816 800 983 850 Ἦσαν
1042 793 1098 849 δὲ
1151 792 1377 856 πλείους
1455 795 1543 848 καὶ
1604 796 1656 847 οί
1713 794 1836 868 περὶ
1890 793 1983 847 τὸν

346 887 598 940 Υάκινθον
648 886 909 959 μοναχοὶ,
968 885 1186 938 ἄστατοί
1219 904 1361 944 τινες
1415 882 1503 938 καὶ
1565 882 1642 946 εἷς
1687 883 1892 943 τόπους
1926 881 1985 935 ἐκ

329 970 511 1028 τόπων
542 973 917 1045 πλανώμενοι,
983 974 1113 1047 ὑπὲρ
1144 978 1240 1027 τοῦ
1293 971 1638 1047 πατριάρχου
1695 970 1983 1041 ζηλοῦντες

331 1061 713 1137 ἐξορισθέντος.
747 1061 952 1118 ⁹¹Αλλοι
987 1061 1043 1117 δέ
1076 1084 1138 1137 γε
1189 1063 1279 1117 καὶ
1312 1063 1389 1126 εἰς
1447 1063 1640 1138 ἀρετὴν
1698 1056 1985 1131 διαϐεϐοη-

337 1152 486 1224 μένοι
521 1147 580 1206 ἔκ
608 1174 665 1205 τε
695 1156 792 1206 τοῦ
852 1150 1129 1217 Γαλησίου
1187 1150 1277 1205 καὶ
1311 1150 1506 1225 ἐτέρων
1567 1154 1768 1223 μονῶν,
1810 1151 1884 1212 ὡς
1931 1151 1984 1204 οἱ

332 1239 455 1294 τότε
507 1244 574 1304 τῆ
632 1244 733 1295 τοῦ
817 1242 1206 1295 Παντεπόπτου
1292 1239 1433 1313 μονῇ
1513 1240 1983 1312 προσκαθήμενοι,

336 1328 733 1405 ἀπορῥαγέντες
788 1336 888 1399 τῆς
940 1331 1183 1403 ποίμνης
1241 1326 1467 1390 ἕκαστος
1515 1330 1614 1396 τὴς
1673 1326 1813 1389 ἰδίας
1869 1329 1984 1382 καθ’

336 1419 558 1483 ἑαυτοὺς
588 1418 776 1489 διέζων
814 1418 941 1494 μηδ’
984 1422 1289 1475 ὁπωστιοῦν
1349 1417 1441 1473 τὸν
1502 1420 1704 1495 Ἰωσὴφ
1763 1418 1837 1479 εἷς
1866 1439 1984 1473 κοι-

332 1508 523 1563 νωνίαν
557 1506 878 1584 δεχόμενοι,
908 1514 1071 1564 τοῦτο
1127 1510 1222 1581 μὲν
1276 1510 1349 1570 ὡς
1379 1506 1470 1563 καὶ
1502 1507 1665 1562 αὐτοῦ
1696 1504 1983 1570 ἐπιϐάντος

335 1594 494 1667 δῆθεν
526 1603 623 1652 τοῦ
674 1597 869 1673 θρόνου
926 1597 1013 1653 ἐπὶ
1070 1602 1148 1669 τῷ
1204 1596 1481 1671 πτερνίσαι
1537 1599 1627 1651 τὸν
1688 1597 1985 1671 Γερμανὸν,

330 1690 495 1741 τοῦτο
528 1686 585 1740 δὲ
614 1689 704 1741 καὶ
739 1689 814 1749 ὡς
843 1685 1006 1741 αὐτοῦ
1036 1686 1098 1740 τὸ
1146 1691 1366 1761 πρῶτον
1424 1686 1557 1757 ὑπὲρ
1588 1689 1688 1739 τοῦ
1718 1687 1983 1761 πατριάρ-

334 1795 441 1850 χου
477 1773 774 1846 ζηλοῦντος
804 1776 894 1853 διαὶ
923 1777 1022 1843 τήν
1050 1779 1147 1830 τοῦ
1197 1779 1477 1851 Γερμανοῦ
1534 1775 1819 1829 κοινωνίαν
1854 1776 1987 1829 ἀπο-

329 1866 670 1937 τρεπομένου
701 1866 790 1919 καὶ
835 1870 950 1927 τοῖς
981 1863 1177 1926 ἄλλοις
1233 1866 1656 1938 προτρέποντος,
1685 1863 1897 1939 Ἔγχλη
1911 1885 1986 1936 μα

331 1951 377 2008 δ’
410 1955 525 2029 εἶχε
554 1955 645 2009 καὶ
678 1955 836 2016 οὗτος
867 1952 1005 2008 ἴδιον
1043 1959 1226 2026 μεῖζον
1267 1957 1365 2007 τοῦ
1417 1948 1816 2027 προλαϐόντος.
1847 1952 1984 2007 έκεῖ-

328 2064 421 2107 νος
452 2044 546 2115 μὲν
574 2044 673 2118 γάρ
714 2047 783 2117 τῇ
847 2044 1128 2115 μεταθέσει
1184 2043 1571 2117 προσέκρουεν,
1605 2043 1633 2096 ὁ
1691 2040 1736 2096 δ’
1787 2044 1985 2119 Ἰωσηφ

333 2170 578 2227 minime
599 2173 725 2241 jam
754 2171 950 2225 dubiis
982 2171 1313 2241 iisdemque
1345 2170 1575 2242 magnis
1610 2170 1992 2224 incrementis

338 2260 602 2315 schisma
627 2260 896 2314 Ecclesiae
920 2276 1242 2331 augescens
1266 2259 1530 2331 quotidie
1552 2258 1857 2329 gliscebat,
1878 2259 1993 2313 uti-

340 2350 595 2420 quejam
618 2348 678 2403 in
705 2349 988 2404 domuum
1018 2348 1229 2403 intima
1251 2353 1547 2418 receptum
1583 2348 1834 2403 funestis
1855 2365 1994 2403 con-

343 2437 854 2508 junctissimorum
877 2436 1163 2492 dissidiis.
1179 2440 1419 2491 Fervere
1440 2435 1741 2505 ibijurgiis
1760 2442 1993 2503 cuncta,

342 2529 509 2596 patre
546 2540 681 2580 cum
717 2525 858 2595 filio,
893 2525 1013 2581 filia
1043 2542 1179 2580 cum
1228 2529 1435 2594 matre,
1471 2542 1621 2579 nuru
1658 2542 1790 2580 cum
1824 2542 1995 2579 socru

344 2615 698 2681 commissis,
732 2614 1043 2671 declaratis
1078 2613 1135 2668 in
1164 2618 1355 2685 partes
1376 2614 1705 2669 contrarias
1739 2615 1994 2684 pertina-

342 2705 513 2777 cique
563 2706 936 2760 contentione
968 2703 1358 2776 propugnatis
1383 2703 1627 2774 judiciis
1671 2710 1728 2759 et
1757 2703 1993 2760 studiis.

339 2793 758 2850 Valentissima
786 2798 909 2849 erat
930 2793 1241 2865 Hyacinthi
1262 2792 1458 2863 factio,
1482 2792 1705 2864 ingenti
1728 2797 1997 2863 promota

342 2900 587 2939 numero
608 2899 890 2956 vagorum
919 2882 1314 2953 quorumdam
1348 2887 1405 2937 et
1437 2882 1575 2937 hinc
1604 2882 1761 2948 inde,
1786 2898 1995 2937 rursus

342 2972 505 3027 illinc
526 2972 663 3039 huc,
694 2971 1129 3042 inquietissime
1151 2971 1519 3027 cursantium
1549 2970 1995 3027 monachorum.

343 3062 449 3117 His
481 3061 848 3115 intoleranda
892 3060 1336 3116 declamabatur
1376 3060 1605 3115 Arsenii
1654 3058 1998 3132 patriarchas

341 3149 565 3220 iniusta
594 3148 652 3202 in
680 3148 952 3203 exsilium
977 3148 1205 3218 ejectio,
1234 3146 1630 3218 omnibusque
1652 3148 1844 3202 modis
1872 3149 1999 3217 eju-

2091 619 2170 686 τῷ
2205 616 2280 687 μὴ
2320 616 2412 671 τὸν
2474 615 2702 691 βασιλέα
2762 615 2836 677 εἰς
2892 615 3264 687 πνευματικὴν
3310 612 3537 683 υἷότητα
3596 608 3757 685 δέχε-

2094 705 2237 760 σθαι.
2272 706 2341 760 Οἱ
2374 703 2418 760 δ’
2452 705 2539 760 έπὶ
2570 712 2668 775 τῆς
2698 709 2795 759 τοῦ
2846 705 3233 759 Παντεπόπτου
3269 710 3444 775 μονῆς
3508 698 3752 774 μοναχοὶ

2093 794 2182 846 καὶ
2239 794 2576 870 ἀπεθάρῥουν
2649 794 2738 849 καὶ
2799 793 3407 868 παρρησιαστικώτερον
3485 786 3752 858 ἔϐαλλον,

2095 883 2207 955 ἅμα
2240 884 2335 955 μὲν
2384 885 2457 946 ὡς
2500 879 2812 955 ἐπιδ-ἤτορι,
2873 885 2984 956 ἅμα
3042 880 3099 936 δὲ
3154 881 3244 935 καὶ
3278 882 3350 941 ὡς
3382 880 3755 957 ἀφωρισμένῳ

2091 976 2171 1042 τῷ
2225 977 2655 1048 πατριαρχοῦντι
2743 971 3027 1047 έπέχνντες
3062 1012 3073 1024 .
3164 973 3438 1032 Ἐντεῦθεν
3513 969 3615 1044 γὰρ
3667 966 3762 1022 καὶ

2098 1059 2233 1136 μέγα
2298 1082 2350 1116 τι
2421 1060 2863 1136 συνελογίζοντο,
2923 1061 2986 1115 τὸ
3043 1058 3135 1114 καὶ
3194 1058 3342 1114 λύειν
3402 1056 3596 1122 ἄλυτα,
3655 1055 3755 1110 καὶ

2099 1148 2313 1222 μᾶλλον
2349 1151 2426 1213 εἷς
2453 1157 2627 1226 κρῖμα
2654 1151 2743 1204 καὶ
2796 1149 2872 1211 εἷς
2931 1148 3198 1215 ἐπίτασιν,
3232 1146 3342 1221 οὐχ
3370 1147 3519 1207 ὅπως
3551 1144 3755 1216 ἀμετό-

2098 1256 2235 1314 χως,
2269 1237 2534 1295 ἀλλὰκαὶ
2592 1245 2711 1303 τοῖς
2767 1238 2951 1300 αὐτοῖς
3009 1237 3337 1312 ἐνεχόμενον
3393 1235 3485 1289 τὸν
3519 1233 3750 1291 λύοντα.

2097 1326 2323 1395 Πολλὴν
2355 1324 2411 1382 δὲ
2455 1328 2544 1382 καὶ
2574 1330 2672 1397 τὴν
2734 1326 2792 1381 ἐκ
2852 1325 3031 1401 λόγων
3083 1325 3356 1401 ἐπιφέρειν
3418 1322 3763 1391 πιθανότητα

2096 1420 2209 1490 ἅμα
2241 1417 2335 1489 μὲν
2367 1422 2448 1489 τῷ
2498 1421 2606 1471 τῶν
2662 1416 2974 1490 προσώπων
3032 1418 3178 1491 σφῶν
3215 1407 3519 1485 σεϐασμίῳ,
3555 1408 3667 1482 ἅμα
3700 1407 3762 1464 δὲ

2092 1511 2294 1583 καὶτῷ
2344 1508 2620 1580 συζηλοῦν
2682 1507 2908 1569 ἐκείνοις
2970 1508 3101 1580 ὑπερ
3134 1509 3232 1559 τοῦ
3262 1502 3607 1579 πατριάρχου
3665 1500 3762 1555 τὸν

2096 1600 2279 1667 Ἰωσῆ,
2339 1599 2397 1652 ὃν
2444 1598 2536 1653 καὶ
2585 1598 2657 1659 ὡς
2711 1597 2978 1671 ὀστράκου
3039 1594 3432 1666 μεταπεσόντος
3494 1590 3581 1646 ἰπὶ
3658 1592 3760 1644 τοῦ

2094 1692 2499 1762 πατριαρχικοῦ
2583 1686 2779 1762 θρόνου
2836 1684 3042 1755 ἤκουον
3116 1683 3453 1757 έφιζάνοντα.
3512 1679 3756 1741 Τούτους

2094 1778 2220 1852 περί
2278 1775 2540 1831 πλείστου
2593 1776 2926 1846 ποιούμενος
2974 1772 3009 1843 ἤ
3059 1772 3261 1836 πείθειν
3294 1770 3533 1839 ἢποιεῖν
3591 1768 3762 1823 έκπο-

2096 1864 2203 1920 δὼν
2254 1865 2444 1938 (ὀξεῖαι
2475 1864 2576 1939 γὰρ
2608 1861 2790 1925 ἀκίδες
2832 1862 2967 1917 κοτᾶ
3024 1862 3209 1936 ψυχὴν
3272 1855 3754 1928 εὐσυνειδητοῦσαν

2097 1957 2149 2009 οἱ
2179 1953 2427 2030 ἔλεγχοι)
2457 1953 2832 2028 εὐπροσώπως
2875 1957 3081 2026 χρῆται
3132 1954 3210 2022 τῷ
3244 1947 3483 2024 βασιλεῖ,
3515 1948 3597 2020 [Ρ.
3626 1946 3761 2018 213]

2094 2044 2185 2097 καὶ
2230 2041 2419 2111 ἐπειδὴ
2474 2043 2538 2096 τὸ
2594 2042 2798 2106 πείθειν
2860 2041 2960 2095 οὐκ
3014 2043 3078 2109 ἦν
3137 2036 3267 2113 (ποῦ
3324 2039 3425 2110 γάρ
3462 2039 3502 2109 ;)
3558 2032 3762 2108 ἄνδρας

2102 2171 2347 2225 vetitum
2371 2170 2421 2225 ci
2445 2170 2583 2225 olim
2610 2188 2642 2224 a
2665 2169 2998 2241 patriarcha
3017 2168 3224 2222 fuisset
3248 2166 3463 2221 habere
3485 2165 3763 2235 deinceps

2105 2260 2516 2331 imperatorem
2552 2258 2677 2314 loco
2700 2257 3028 2329 spiritualis
3053 2256 3155 2310 filii
3179 2260 3235 2311 et
3257 2254 3417 2309 illius
3438 2250 3765 2309 confessio-

2107 2366 2229 2415 nes,
2266 2353 2332 2403 ut
2376 2354 2546 2403 antea
2595 2351 3002 2413 consueverat,
3035 2346 3091 2400 in
3136 2349 3440 2416 posterum
3474 2342 3760 2413 accipere,

2105 2437 2259 2508 quod
2295 2438 2483 2492 facere
2530 2442 2728 2491 tamen
2762 2436 3107 2508 perexisset.
3139 2436 3329 2504 Atque
3360 2434 3469 2486 hoc
3513 2436 3767 2501 utroque

2107 2528 2347 2581 nomine
2380 2531 2503 2580 tum
2538 2525 2825 2580 invasuris
2858 2525 2915 2578 in
2936 2523 3054 2579 veri
3086 2522 3370 2577 antistitis
3395 2519 3641 2575 viventis
3674 2518 3768 2573 lo-

2107 2632 2264 2684 cum,
2291 2620 2494 2670 contra
2534 2616 2620 2669 fas
2671 2613 2907 2681 intrusi,
2944 2619 3067 2667 tum
3099 2609 3591 2667 cxcommunicati
3627 2625 3768 2680 pro-

2107 2709 2237 2775 pter
2287 2703 2610 2759 conscitam
2658 2702 2892 2773 culpam
2938 2703 3110 2771 cujus
3160 2696 3547 2770 prohibitioni
3579 2698 3774 2751 fuerat

2105 2792 2501 2848 anathematis
2532 2792 2658 2861 ipso
2702 2793 2852 2847 facto
2884 2789 3225 2845 incurrendi
3265 2785 3634 2843 denuntiatio
3666 2801 3773 2839 an-

2106 2898 2271 2936 nexa.
2311 2880 2727 2952 Pantepopteni
2770 2879 3097 2951 praesertim
3146 2874 3420 2932 monachi
3470 2872 3773 2929 liberrime

2105 2969 2620 3041 audacissimeque
2664 2969 2931 3023 omnium
2990 2965 3315 3038 Josephum
3367 2962 3772 3034 exagitabant,

2106 3059 2350 3114 alteram
2377 3058 2436 3113 in
2463 3057 2671 3129 primis
2695 3055 3167 3112 criminationem
3190 3055 3567 3110 vehementer
3592 3064 3775 3120 exag-

2105 3156 2395 3222 gerantes,
2431 3151 2680 3221 ejusque
2719 3148 3135 3220 indignitatem
3184 3143 3552 3217 argumentis
3582 3159 3613 3198 e
3637 3143 3773 3211 jure

341 3239 505 3293 adem
541 3238 910 3309 procuranda
960 3236 1252 3292 restitutio
1311 3253 1414 3308 pro
1480 3237 1652 3292 unico
1682 3237 1995 3291 videbatur
2024 3239 2068 3304 C
2106 3257 2173 3296 ac
2223 3238 2545 3311 disciplina
2592 3237 2988 3293 ecclesiastica
3039 3236 3305 3308 speciose
3354 3233 3618 3290 collectis
3667 3231 3771 3286 de-

340 3331 635 3399 proposits
688 3343 885 3398 scopo.
918 3327 1325 3398 Exsurgebant
1375 3325 1615 3382 aliunde
1646 3326 1991 3397 prodibant-

341 3433 477 3488 que,
511 3415 625 3472 alia
672 3416 941 3488 quaedam
990 3415 1373 3471 vociferantes
1423 3415 1794 3471 emendanda
1839 3416 1995 3469 fama

338 3506 576 3560 virtutis
606 3504 809 3575 inclyti
835 3503 1065 3560 sodales
1086 3504 1302 3560 Galesii
1327 3503 1572 3559 coenobii
1599 3520 1821 3559 necnon
1847 3520 1994 3574 quo-

339 3595 613 3650 rumdam
645 3594 917 3660 aliorum,
949 3596 1033 3649 uti
1065 3593 1167 3666 qui
1199 3594 1256 3648 in
1290 3610 1359 3648 ea
1389 3597 1744 3664 tempestate
1772 3593 1830 3646 in
1867 3610 1994 3647 mo-

339 3684 600 3738 nasterio
636 3683 1007 3753 Pantepoptaa
1038 3683 1192 3737 dicto
1235 3682 1640 3749 morabantur,
1675 3700 1708 3736 a
1738 3699 1844 3736 suo
1875 3682 1995 3736 sin-

341 3770 463 3843 guli
524 3770 709 3826 avulsi
781 3786 957 3843 grege
1016 3776 1073 3825 et
1128 3771 1347 3825 viritim
1407 3769 1818 3836 consulentes,
1879 3771 1996 3825 dux

342 3866 666 3931 auctorque
725 3862 835 3916 sibi
898 3861 1174 3932 quisque.
1234 3866 1557 3916 Commune
1615 3861 1707 3915 his
1763 3862 1995 3916 cunctis

343 3949 585 4021 Josephi
618 3950 862 4004 recentis
904 3948 1248 4020 patriarcha:
1301 3948 1470 4019 plane
1518 3951 1993 4005 communionem

343 4038 622 4105 aversari,
655 4055 761 4093 nec
792 4054 927 4093 eum
982 4037 1090 4093 rite
1130 4045 1462 4109 promotum
1496 4055 1833 4110 agnoscere,
1868 4044 1995 4093 tum

342 4129 497 4198 quod
533 4133 590 4182 et
622 4128 745 4199 ipse
775 4127 1093 4182 invasisset
1133 4128 1357 4183 scilicet
1388 4127 1645 4183 alienum
1688 4128 1996 4196 thronum,

343 4217 722 4289 supplantato
756 4217 1007 4288 indeque
1039 4217 1278 4272 detruso
1298 4216 1619 4285 Germano;
1656 4223 1778 4271 tum
1803 4219 1876 4272 ob
1910 4219 1996 4272 in-

344 4308 894 4379 constantiam,qua
917 4308 1182 4362 miserari
1206 4312 1375 4363 antea
1398 4306 1612 4363 solitus
1635 4309 1864 4362 Arsenii
1890 4308 1999 4362 for-

345 4402 552 4451 tunam
576 4402 633 4451 et
654 4412 785 4450 eum
808 4395 1236 4451 restituendum
1262 4396 1682 4467 pairiarchatui
1704 4396 1915 4463 dicere,
1932 4414 2000 4451 ex

344 4502 529 4556 eoque
548 4485 803 4540 aversari
821 4486 1298 4540 communionem
1334 4502 1468 4539 cum
1487 4485 1775 4541 Germano
1793 4490 1849 4541 et
1868 4486 1998 4541 aliis

344 4575 729 4630 aversandam
765 4573 1033 4640 suadere,
1057 4575 1201 4629 adeo
1224 4574 1349 4643 jam
1378 4575 1674 4629 contraria
1706 4574 1998 4645 prioribus

340 4663 459 4718 illis
492 4660 668 4717 dictis
699 4662 968 4732 actisque
1001 4662 1154 4717 facta
1194 4663 1549 4729 ostenderat,
1586 4663 1641 4717 in
1678 4668 1902 4733 partem
1939 4680 2001 4717 se

342 4753 609 4807 inserens
631 4752 842 4822 agnitae
870 4752 979 4805 sibi
1005 4767 1238 4823 quoque
1257 4752 1669 4824 damnataeque
1695 4754 1889 4822 palam
1915 4752 2000 4805 in-

333 4841 599 4912 jurize,et
620 4840 815 4896 locum
838 4838 1103 4896 insidens
1124 4841 1281 4896 unde
1303 4840 1505 4912 inique
1523 4839 1836 4912 depulsum
1858 4856 2000 4910 que-

341 4936 467 4986 stus
499 4935 654 4985 esset
685 4931 973 4985 viventem
998 4930 1191 4984 adhuc
1218 4930 1616 5001 patriarcham
1642 4930 1998 5001 legitimum.

340 5019 557 5075 Verum
594 5019 703 5074 hoc
732 5034 867 5073 cum
902 5023 1061 5074 esset
1101 5019 1185 5073 illi
1227 5034 1543 5074 commune
1572 5035 1707 5073 cum
1741 5019 1855 5073 alio
1886 5017 1998 5072 cri-

345 5124 501 5176 men,
533 5107 649 5162 alia
702 5112 824 5163 erat
877 5107 1192 5177 peculiaris
1242 5124 1370 5178 qua:
1426 5106 1590 5162 illum
1626 5107 2004 5161 vehementer

343 5196 621 5267 gravabat
644 5196 884 5251 invidia.
903 5196 1145 5252 Utenim
1167 5195 1498 5251 Germanus
1521 5211 1701 5267 supra
1720 5195 1999 5265 injuriam

343 5284 565 5341 exclusi
595 5285 825 5341 Arsenii
873 5286 1109 5357 propria
1151 5284 1456 5341 laborabat
1486 5284 1731 5340 infamia
1763 5289 1998 5339 mutate

344 5382 547 5429 contra
560 5391 813 5429 canones
834 5376 991 5430 sedis
1004 5373 1703 5446 etConstantinopolitani
1720 5390 1787 5429 ex
1798 5374 1878 5428 Ad
1890 5373 2000 5429 ria-

346 5463 686 5534 nopolitano
718 5465 1047 5519 transcensi
1100 5463 1317 5532 throni,
1346 5462 1430 5518 sic
1474 5468 1530 5519 et
1577 5463 1907 5518 offendebat
1936 5463 1995 5516 in

348 5552 499 5608 315
524 5553 778 5623 .losepho
804 5552 1190 5623 probrumilli
1215 5553 1317 5606 uni
1348 5552 1701 5607 conveniens
1722 5553 1996 5623 idemque

347 5642 459 5697 late
492 5642 886 5708 d.ll'amatum,
920 5643 1072 5711 quod
1106 5640 1271 5694 illum
1306 5641 1540 5696 aiebant
1571 5642 1625 5695 in
1660 5658 1995 5696 excommu-

347 5731 702 5786 nicationem
753 5728 1093 5800 incurrisse,
1144 5729 1256 5785 sub
1299 5730 1471 5800 cujus
1523 5730 1995 5787 interminatione

2107 3333 2531 3398 monstrantes,
2563 3328 2718 3398 quod
2770 3343 2887 3382 non
2930 3330 3160 3381 tantum
3195 3323 3495 3379 absolvere
3526 3319 3772 3376 absolu-

2103 3417 2282 3472 tionis
2317 3416 2680 3488 incapacem,
2716 3416 2977 3487 privatus
3022 3414 3150 3486 ipse
3201 3410 3553 3468 nominatim
3580 3410 3774 3480 juris-

2106 3506 2385 3561 dictionis
2430 3510 2739 3577 potestate,
2788 3508 3169 3570 attentasset;
3221 3502 3322 3558 sed
3373 3505 3769 3571 praeterquam

2106 3613 2313 3666 expers
2345 3595 2718 3650 auctoritatis
2746 3592 3005 3648 solvendi
3041 3592 3306 3658 alterius,
3340 3591 3514 3645 etiam
3547 3588 3769 3659 ligatus

2107 3686 2231 3756 ipse
2264 3701 2498 3755 quoque
2539 3693 2594 3739 et
2633 3684 2917 3738 contracti
2962 3681 3324 3752 conscitique
3373 3677 3767 3735 anathemalis

2106 3773 2342 3829 vinculo
2389 3773 2769 3833 constrictus,
2803 3772 2961 3826 istud
3005 3771 3199 3837 ipsum
3239 3766 3763 3840 praesumpsisset:

2108 3863 2166 3916 in
2200 3880 2317 3933 quo
2374 3879 2486 3915 non
2546 3864 2806 3917 oratione
2857 3866 3113 3927 tantum,
3164 3858 3290 3913 loco
3354 3858 3557 3927 utique
3612 3852 3768 3909 vecti

2108 3952 2443 4025 plausibili,
2500 3953 2571 4005 ad
2642 3951 3119 4022 persuadendum
3187 3947 3488 4009 valebant,
3557 3959 3766 3999 verum

2105 4041 2281 4096 etiam
2336 4040 2683 4095 auctoritate
2742 4044 2981 4112 prepter
3036 4038 3293 4109 speciem
3362 4032 3765 4090 sanctimonia

2109 4146 2490 4203 personaeque
2534 4146 2600 4185 ac
2649 4129 2769 4185 oris
2822 4125 3355 4185 commendabilem
3415 4123 3762 4179 reveritam-

2109 4236 2222 4291 que
2252 4218 2424 4290 vulgo
2465 4217 2836 4290 gravitatem,
2871 4216 3224 4289 persuadere
3269 4228 3502 4284 semper
3526 4210 3767 4283 quidvis

2108 4307 2401 4373 idoneam,
2436 4311 2562 4361 tum
2596 4311 2792 4361 autem
2826 4305 3089 4361 efficacia
3127 4300 3490 4359 ineluctabili
3525 4300 3766 4355 trahen-

2108 4401 2249 4462 tem,
2285 4397 2541 4468 quando,
2576 4401 2640 4452 ut
2669 4403 2809 4452 tunc
2850 4413 2961 4451 usu
2993 4395 3281 4459 veniebat,
3313 4393 3517 4448 eodem
3548 4389 3768 4460 impel-

2109 4485 2311 4541 lebant
2334 4503 2447 4557 quo
2471 4486 2669 4541 studia
2684 4490 2895 4557 sponte
2917 4485 3336 4557 plerorumque
3359 4481 3766 4544 incurrebant,

2103 4577 2229 4646 jam
2264 4592 2364 4646 per
2415 4590 2476 4629 se
2526 4574 2950 4630 incredibiliter
2998 4574 3365 4629 infensorum
3411 4570 3668 4641 Josepho
3701 4573 3768 4623 ut

2114 4665 2446 4719 subsessori
2480 4664 2727 4729 Arsenii,
2758 4681 2981 4735 proque
3016 4663 3115 4718 illo
3149 4662 3273 4716 solo
3306 4677 3438 4716 vero
3469 4659 3766 4732 legitimo-

2112 4771 2247 4824 que,
2280 4755 2452 4825 cujus
2475 4770 2816 4825 oppressam
2853 4754 3248 4808 innocentiam
3280 4751 3578 4805 vindicare
3599 4752 3763 4819 opta-

2112 4843 2276 4911 bant,
2327 4842 2657 4913 patriarcha
2708 4847 3116 4898 momentanea
3165 4839 3563 4905 conversione,
3606 4835 3767 4892 velut

2114 4931 2422 4985 temerario
2445 4930 2653 5002 tegulis
2676 4931 2867 5001 lapsu,
2884 4934 3121 5001 repente
3139 4928 3443 5000 supposito
3463 4925 3769 4983 subintru-

2112 5035 2295 5090 suque
2315 5019 2958 5090 pseudoantistiti.Quaa
2972 5018 3265 5087 Iosephus
3281 5016 3451 5071 initia
3468 5015 3767 5070 tumultus

2111 5108 2609 5177 animadvertens,
2636 5112 2694 5162 et
2725 5108 2969 5162 minime
2999 5107 3421 5163 contemnenda
3442 5108 3603 5159 recte
3624 5118 3764 5158 cen-

2110 5214 2269 5264 sens,
2289 5197 2464 5251 talem
2492 5212 2694 5252 eorum
2717 5197 3141 5267 sopiendorum
3165 5196 3450 5251 rationem
3474 5192 3765 5263 iniit,qua3

2110 5286 2293 5342 multo
2323 5286 2820 5341 vehementiorem
2851 5286 2909 5340 in
2954 5287 3149 5357 ipsum
3182 5284 3413 5340 invidiae
3460 5283 3764 5337 ﬂammam

2109 5375 2637 5431 accenderet.Cum
2663 5374 2820 5432 enim
2852 5375 3117 5430 adhibito
3140 5376 3195 5429 in
3222 5372 3539 5430 consilium
3563 5369 3767 5425 dolore

2106 5463 2484 5519 contumeliis
2507 5463 2775 5535 prepriae,
2792 5465 2964 5532 cujus
2982 5463 3251 5519 acerrimi
3270 5466 3411 5517 sunt
3426 5458 3652 5515 stimuli
3675 5475 3765 5513 er-

2108 5569 2183 5624 ga
2198 5553 2310 5607 sibi
2333 5558 2486 5607 recte
2499 5553 2767 5608 conscias
2788 5552 3281 5618 mentes,omnino
3300 5550 3413 5606 sibi
3428 5547 3765 5605 faciendum

2104 5641 2419 5697 statuisset
2459 5649 2524 5696 ut
2567 5646 2837 5697 auctores
2886 5642 3116 5712 injuriae
3150 5658 3268 5712 qua
3296 5638 3765 5707 conﬂictabatur,

2104 5735 2206 5788 aut
2234 5730 2308 5786 de
2354 5732 2649 5788 sententia
2704 5732 3021 5788 deduceret
3052 5736 3156 5789 aut
3185 5731 3256 5787 de
3285 5728 3478 5786 medio
3509 5725 3765 5783 tolleret:
