4112 6406
335 400 447 457 765

1419 410 1518 465 DE
1556 411 1929 467 MICHAELE
1965 408 2413 466 PALEOLOGO
2446 412 2582 465 LIB.
2623 412 2720 466 IV.

3649 408 3759 465 766

338 525 697 601 ἀμειλίκτους
724 530 826 599 τήν
859 524 1122 603 ἔνστασιν,
1167 531 1431 602 κολάζειν
1489 534 1751 609 ᾑροῦντο.
1781 533 1991 591 Ἀνατί-
2021 538 2077 603 Α
2104 536 2202 587 τοῦ
2260 534 2516 607 σώματος
2549 533 2811 609 ἰσχυρῶς,
2845 535 2920 596 ὡς
2960 532 3231 595 πολλάκις
3259 536 3356 588 τοῦ
3391 532 3565 605 μηνὸς
3594 534 3629 603 ἢ
3662 532 3755 588 καὶ

338 618 485 671 θεται
516 617 697 672 τοίνυν
738 621 803 673 τὰ
859 620 983 691 περὶ
1012 620 1220 676 τούτων
1265 628 1343 695 τῷ
1395 623 1773 698 Ἀκροπολίτῃ
1820 630 1996 697 Γεωρ-

335 706 441 783 γίῳ
469 707 560 760 καὶ
593 707 669 768 εἷς
724 708 1023 783 λογοθὲτας
1057 712 1279 787 μεγάλῳ
1309 713 1395 766 καὶ
1424 718 1577 789 σοφῷ
1614 714 1681 767 τὰ
1732 712 1990 785 μάλιστα,

335 795 481 863 πλὴν
510 794 992 871 κατημελημὲνιος
1022 804 1133 855 τῶν
1165 800 1243 862 εἷς
1297 800 1603 871 συνείδησιν
1646 800 1855 876 ἔχοντι,
1888 800 1991 856 Καὶ

334 882 401 952 δὴ
459 884 547 939 ἐπὶ
607 885 782 947 οἰκίας
832 886 1109 963 ἐπαγαγὼν
1161 889 1422 965 χαλεπῶς
1470 891 1716 965 ᾐκίζετο,
1769 891 1990 964 δαίρων,

330 976 680 1049 κρεμαννύων
710 1022 723 1047 ,
783 978 1089 1047 μαστίζων,
1142 979 1271 1041 τοὺς
1320 977 1378 1035 δὲ
1427 1001 1491 1055 γε
1529 982 1812 1053 κρείττους
1857 978 1991 1034 ἐκεί-

330 1085 437 1117 νων
491 1064 580 1117 καὶ
632 1066 842 1137 ἀτιμῶν
890 1072 971 1138 τῷ
998 1068 1070 1120 δι’
1114 1068 1316 1143 ἀγορᾶς
1373 1065 1722 1143 Θριαμϐεύειν
1773 1070 1986 1141 ἀτίμως

333 1151 418 1206 ἐπ’
501 1153 701 1218 αἰτίαις
774 1155 1052 1219 κακίσταις
1128 1159 1219 1211 καὶ
1295 1157 1729 1232 πεπλασμέναις,
1791 1156 1988 1233 ἄνδρας

332 1241 479 1297 πολὺ
536 1244 598 1297 τὸ
658 1243 979 1317 ἀξιοπρεπὲς
1031 1244 1261 1321 ἔχοντας
1320 1246 1382 1303 ἐκ
1429 1253 1526 1303 τοῦ
1580 1250 1702 1324 βίου
1751 1250 1841 1304 καὶ
1888 1255 1986 1316 τῆς

332 1336 480 1407 σφῶν
514 1333 907 1403 καταστάσεως,
942 1334 1035 1397 οὓς
1083 1336 1174 1390 καὶ
1227 1338 1361 1410 μετὰ
1404 1340 1468 1393 τὸ
1512 1343 1725 1414 πικρῶς
1758 1339 1833 1399 ὡς
1866 1339 1981 1392 οἷόν

327 1441 386 1474 τε
422 1419 700 1492 μετελθεῖν
743 1423 973 1498 ἐξορίαις
1025 1422 1227 1494 ἐδίδου,
1275 1426 1403 1489 τοὺς
1450 1430 1690 1500 καθάπαξ
1737 1435 1837 1497 τῆς
1884 1430 1985 1503 γῆς

327 1510 418 1564 καὶ
476 1514 583 1564 τῶν
632 1510 837 1585 γηίνων
894 1513 1288 1588 ἐξωρισμὲνους
1326 1561 1340 1575 .
1404 1517 1508 1574 Καὶ
1563 1518 1687 1572 τότε
1748 1517 1983 1591 πρώτως

332 1597 571 1661 πολλοῖς
629 1600 892 1657 ἐπέκλασε
948 1604 1042 1666 τὰς
1098 1602 1432 1677 συνειδήσεις
1490 1608 1769 1685 ὁἸωσὴφ,
1800 1608 1889 1661 καὶ
1915 1611 1984 1682 τῇ

331 1688 538 1744 τούτων
600 1690 889 1765 παραθέσει
937 1694 964 1747 6
1013 1689 1309 1768 προλαϐὼν
1359 1696 1421 1750 τὸ
1469 1702 1712 1771 κρεῖττον
1770 1696 1986 1774 ἐφέρετο

334 1779 408 1840 ὡς
458 1776 628 1850 μηδὲν
679 1778 873 1853 μηδενὶ
926 1781 1239 1857 ἐνοχλήσας
1295 1786 1485 1849 καθότι
1516 1786 1605 1840 καὶ
1660 1784 1889 1862 λέγοιεν.
1921 1790 1987 1866 ᾯ

2102 629 2202 692 τῆς
2234 618 2540 696 ἑϐδομάδος
2597 622 2769 678 ἐνίοτε
2825 620 3096 698 πρόσοδον
3136 624 3408 677 ποιεῖσθαι
3439 623 3574 696 πρὸς
3611 623 3759 696 βασι-

2105 709 2222 782 λὲα,
2254 716 2416 766 τοῦτο
2480 714 2572 785 μὲν
2617 711 2708 766 καὶ
2739 712 2830 788 ἀφ’
2859 712 3072 782 ἑαυτοῦ,
3121 714 3284 766 τοῦτο
3317 708 3374 764 δὲ
3411 710 3499 764 καὶ
3550 708 3753 765 καλού-

2108 821 2289 872 μενος.

2098 919 2200 989 κθξ.
2229 922 2416 989 Ὀπως
2450 915 2840 971 ἀποστέλλεται
2874 917 2949 971 εἰς
2982 915 3235 971 Παιονίαν
3287 916 3419 987 μετᾶ
3445 919 3543 989 τοῦ
3586 912 3753 989 μεγά-

2174 987 2503 1062 λουδουκὸς
2534 994 2630 1043 τοῦ
2656 991 2894 1062 Λάσκαρι
3028 986 3751 1062 προπατριαρχεύσαςΤερ-

2175 1061 2357 1138 μᾳανὸς,
2390 1061 2633 1138 κάκεῖθεν
2681 1056 2859 1138 ἤγαγε
2906 1056 3121 1138 νύμφήν
3180 1056 3260 1131 τῷ
3312 1056 3417 1114 τοῧ
3473 1056 3749 1134 βασιλέως

2172 1133 2297 1205 υἱῷ,
2328 1134 2416 1188 καὶ
2449 1133 2823 1209 προσεστέφθή
2836 1153 2928 1186 σαν
2940 1176 2950 1186 .

2170 1250 2253 1321 [Ρ.
2284 1250 2410 1320 214]
2469 1249 2617 1303 Ἐπεὶ
2680 1246 2735 1301 δὲ
2786 1268 2877 1302 και
2933 1249 2960 1301 6
2992 1247 3108 1308 υἱὸς
3139 1251 3219 1318 τῷ
3253 1243 3469 1320 βασιλεῖ
3491 1242 3745 1319 ἤνδρωτο

2096 1334 2463 1413 Ἀνδρόνικος,
2521 1337 2579 1391 ’ὸν
2639 1338 2728 1392 καὶ
2781 1337 2856 1398 εἷς
2922 1334 3197 1411 βασιλείαν
3261 1332 3521 1409 διάδοχον
3552 1334 3627 1397 ὡς
3655 1335 3745 1388 καί

2092 1431 2201 1483 τῶν
2256 1426 2443 1482 ἄλλων
2497 1425 2759 1502 πρότερον
2820 1424 3220 1499 προητοίμαζε,
3270 1425 3360 1478 καὶ
3393 1421 3499 1478 ἔδει
3550 1443 3747 1497 συναρ-

2100 1517 2313 1589 μόττειν
2368 1517 2530 1571 αὐτὸν
2587 1520 2656 1590 τῇ
2697 1516 2978 1591 πρεπούσῃ
3035 1514 3274 1589 συζύγῳ,
3333 1515 3396 1567 τὸ
3454 1514 3551 1585 μὲν
3605 1513 3744 1587 πρὸς

2094 1606 2221 1668 τοὺς
2280 1603 2528 1667 Ἰταλοὺς
2578 1600 2965 1681 πρεσϐεύεσθαι
3025 1601 3229 1665 εύόδως
3289 1602 3389 1657 οὐκ
3454 1603 3590 1675 εἶχε,
3648 1604 3746 1654 τοῦ

2097 1695 2385 1771 Καρούλου
2448 1694 2643 1768 μεταξὺ
2710 1696 2964 1767 κειμένου
3015 1693 3150 1748 κατὰ
3203 1694 3302 1760 τήν
3364 1690 3626 1759 Πουλίαν,
3686 1689 3744 1744 ὅν

2096 1787 2183 1840 καὶ
2245 1784 2439 1859 ἐχθρὸν
2488 1785 2793 1859 ἀκήρυκτον
2836 1786 3027 1838 ἑαυτοῦ
3071 1782 3160 1837 καὶ
3206 1779 3492 1853 Ῥωμαίων
3552 1777 3745 1854 ἐγίνω-

335 1866 402 1935 δή
454 1869 543 1922 καὶ
594 1870 621 1923 6
676 1875 889 1943 κρατῶν
933 1871 1020 1926 καὶ
1050 1874 1203 1937 αὖθις
1227 1873 1454 1948 ἐχρῆτο,
1488 1876 1577 1929 καὶ
1606 1874 1811 1951 πατέρα
1841 1876 1982 1930 ὠνό-
2018 1913 2060 1977 Β
2098 1895 2189 1929 σκε
2247 1872 2336 1928 διὰ
2388 1875 2487 1943 τήν
2547 1872 2712 1928 πόλιν
2762 1874 2939 1928 καὶτὸ
2973 1873 3106 1945 μετά
3160 1875 3257 1926 τοῦ
3290 1866 3627 1925 Βαλδουίνου
3660 1866 3748 1921 ἐπὶ

418 1961 443 1977 ν
619 1958 861 1977 κνῆ
988 1962 1001 1977 ς
1122 1963 1150 1977 τ
1368 1962 1479 1977 ..
1636 1963 1912 1977 με.-
2160 1969 2179 1977 _
2378 1963 2389 1977 .
2519 1962 2610 1977 ,η
2754 1960 2818 1977 ,ες
2962 1960 3023 1977 ..τι
3144 1960 3406 1977 κς-.
3522 1959 3537 1977 ς

338 1961 489 2027 μαζε,
546 1959 632 2011 καὶ
696 1958 772 2022 εἷς
833 1960 1039 2034 βουλὴν
1100 1963 1235 2038 εἶχε,
1294 1962 1384 2017 καὶ
1436 1963 1511 2024 εἰς
1557 1963 1744 2019 πολλᾶ
1774 1963 1981 2039 ἐχρῆτο

331 2043 698 2117 συλλήπτορι,
725 2048 813 2102 καὶ
844 2046 1020 2117 ἡδέως
1071 2050 1243 2117 ἤκουε
1299 2052 1702 2124 μεσιτεύοντος.
1744 2056 1844 2109 Ἦν
1877 2054 1980 2131 γὰρ

328 2134 357 2187 ὁ
415 2131 697 2207 ἅνθρωπος
754 2138 841 2191 καὶ
900 2142 981 2209 τῷ
1038 2139 1233 2211 κόσμῳ
1282 2141 1608 2219 σύντροφος,
1661 2143 1749 2196 καὶ
1811 2140 1981 2205 δεινὸς

328 2221 579 2287 ὑπελθεῖν
641 2223 897 2300 ἄρχουσι,
952 2227 1042 2281 καὶ
1074 2234 1256 2283 πεῖσαι
1285 2224 1374 2283 ὅτε
1419 2232 1628 2305 καιρὸς,
1688 2230 1776 2285 καί
1809 2232 1979 2306 θυμὸν

331 2310 563 2385 μαλάξαι
612 2314 704 2368 καὶ
759 2316 1029 2391 ἀγριᾶναι·
1091 2319 1225 2393 Εἶχε
1279 2316 1336 2374 δὲ
1393 2318 1486 2374 σὺν
1544 2324 1612 2393 τῇ
1650 2320 1845 2396 γνώμῃ
1891 2321 1980 2376 καὶ

329 2530 519 2601 primo
554 2546 668 2585 non
708 2532 1058 2587 succedente
1122 2534 1441 2606 (quomodo
1501 2535 1657 2591 enim
1716 2536 1989 2594 homines

327 2624 496 2691 capto
528 2620 924 2676 communiter
954 2622 1178 2694 impetu
1209 2624 1364 2678 316
1395 2625 1853 2682 irrevocabiliter
1882 2644 1983 2681 ru-

326 2714 493 2764 entes
523 2707 741 2764 blande
770 2726 836 2764 ae
867 2711 1185 2781 tranquille
1226 2714 1565 2769 dedocendo
1616 2715 1871 2785 placaret
1916 2732 1983 2771 ac

327 2799 612 2871 sisteret?)
635 2800 898 2872 potentia
922 2802 1435 2876 imperatoris,pro
1461 2807 1650 2878 gratia
1680 2824 1798 2878 qua
1828 2810 1981 2879 apud

331 2887 502 2944 illum
531 2889 828 2961 pracipua
857 2892 1112 2959 valebat,
1138 2894 1207 2947 ad
1239 2892 1489 2950 alterum
1522 2895 1898 2952 efﬁciendum
1928 2898 1983 2952 vi

334 2994 486 3033 saeva
507 2979 1186 3038 ineubuit.Demandavit
1204 2988 1397 3039 autem
1421 2986 1721 3058 negotium
1738 2985 1982 3059 Georgio

334 3068 671 3139 Acropolitaa
692 3070 846 3127 inter
871 3070 1201 3143 logothetas
1225 3081 1525 3147 magno,et
1546 3076 1602 3130 in
1630 3076 1834 3145 primis
1857 3093 1986 3132 eru-

332 3157 452 3212 dito
474 3158 929 3230 callidoque,sed
953 3165 1326 3219 conscientias
1351 3182 1559 3235 parum
1595 3171 1652 3221 te
1665 3167 1984 3231 merae,mi-

329 3246 678 3318 nimumque
711 3250 877 3320 pensi
912 3250 1127 3308 habere
1157 3252 1217 3307 in
1250 3254 1427 3309 rebus
1458 3254 1731 3326 gerendis
1761 3256 1983 3313 credito

327 3337 467 3408 quid
502 3338 591 3391 fas
618 3343 677 3392 et
707 3338 968 3394 ofﬁcium
1002 3343 1400 3398 moneret.llle
1427 3344 1606 3413 igitur
1635 3345 1842 3401 domos
1872 3346 1981 3401 ob-

324 3429 455 3482 iens
478 3426 822 3497 patriarcha:
845 3429 1263 3487 obtrectatores
1284 3432 1609 3503 prehensos
1629 3435 1979 3504 abducebat,

323 3532 569 3584 vexans,
602 3518 853 3579 cedens,
888 3520 1295 3589 proscindens,
1341 3524 1734 3593 suspendens,
1784 3524 1982 3595 ﬂagel-

322 3605 586 3676 lans,qui
611 3622 743 3661 vero
765 3607 918 3662 inter
941 3608 1074 3663 illos
1097 3611 1422 3665 eminerent
1442 3612 1982 3683 dignitate,probris

318 3694 727 3750 dehonestans
760 3698 826 3751 ac
872 3713 971 3767 per
1023 3698 1147 3753 fora
1192 3698 1586 3770 ignominiosa
1640 3703 1978 3768 traducens,

318 3782 631 3853 pratentis
663 3798 830 3851 verae,
864 3801 1041 3855 quam
1073 3786 1324 3853 celabat,
1356 3803 1545 3841 causas
1587 3788 1981 3845 odiosissimis

312 3872 515 3940 iisque
545 3871 809 3925 confictis
842 3872 1211 3942 criminibus,
1244 3875 1596 3931 intolerabili
1648 3877 1846 3947 utique
1896 3886 1977 3949 ly-

308 3961 567 4016 rannide
599 3962 736 4015 viris
769 3970 905 4017 ante
935 3964 1268 4031 conspicuis
1291 3970 1348 4019 et
1369 3965 1653 4021 inotl‘enso
1678 3983 1853 4022 cursu
1884 3968 1981 4022 ho-

308 4050 482 4104 noris
512 4055 756 4105 eatenus
786 4052 841 4104 in
877 4051 991 4105 vita
1023 4053 1181 4119 usis;
1230 4070 1376 4123 quos
1430 4055 1608 4108 etiam
1660 4061 1977 4126 postquam

305 4138 423 4195 tali
474 4139 791 4194 acerbitate
830 4141 1245 4209 deformasset,
1280 4144 1452 4198 exilio
1485 4145 1797 4213 multabat,
1832 4145 1976 4201 nihil

307 4233 585 4285 sanctam
621 4228 905 4283 reveritus
940 4230 1362 4300 professionem
1399 4232 1830 4304 religiosorum,
1877 4236 1972 4305 qui

309 4317 497 4375 semel
521 4317 790 4373 abdicato
818 4320 1040 4373 mundo
1063 4319 1292 4375 exsules
1316 4338 1377 4376 se
1398 4327 1563 4377 terra;
1586 4324 1656 4378 ad
1683 4323 1971 4379 coalestem

309 4407 472 4463 ultro
499 4408 1002 4463 conversationem
1032 4409 1496 4465 transtulissent.
1525 4412 1800 4467 Fructum
1835 4429 1971 4467 eon-

308 4498 360 4554 si
380 4497 437 4550 lii
470 4496 602 4551 talis
635 4496 793 4551 hunc
822 4496 1116 4568 Josephus
1148 4498 1309 4567 tulit,
1340 4504 1403 4554 ut
1436 4500 1754 4555 multorum
1790 4503 1889 4573 qui
1923 4503 1973 4558 ei

280 4626 283 4630 -
307 4588 605 4642 hactenus
619 4586 1092 4641 studueranthac
1105 4586 1379 4643 violentia
1394 4590 1783 4645 conscientias
1798 4591 1972 4646 offen-

2090 1969 2206 2025 τοῖς
2238 1963 2423 2017 παισὶν
2476 1962 2652 2017 αὐτῶν
2714 1960 2903 2030 κῆδος·
2954 1960 3064 2031 ἥδη
3097 1960 3200 2035 γὰρ
3226 1961 3318 2014 τὸν
3353 1959 3548 2035 Μαφρὲ
3576 1977 3743 2011 κατα-

2093 2050 2259 2113 λύσας
2307 2050 2672 2126 ἐμεγαλύνετο
2891 2052 2918 2104 ὁ
2975 2050 3240 2125 πρότερον
3302 2048 3511 2115 κόντος,
3545 2047 3619 2109 ὡς
3648 2049 3745 2099 τοῦ

2094 2141 2261 2217 ῥηγὸς
2292 2141 2573 2215 Φραγγίας
2604 2138 2966 2217 αύτάδιλφοςθ
3028 2142 3190 2193 τοῦτο
3240 2138 3341 2213 γάρ
3397 2136 3448 2190 οἱ
3478 2133 3567 2189 καί
3614 2156 3751 2206 συμσ

2090 2231 2484 2308 πεφωνημὲνος
2530 2230 2721 2303 μισθὸς
2747 2231 2815 2298 ἦν
2862 2229 3007 2305 παρὰ
3034 2236 3135 2297 τῆς
3167 2224 3496 2297 Ἐκκλησίας
3527 2232 3628 2295 τῆς
3657 2224 3746 2280 ἐπὶ

2090 2325 2171 2394 τῷ
2201 2321 2394 2398 Μαφρὲ
2422 2318 2819 2376 ἀποπατοῦντι
2851 2320 3053 2394 ὁρμῆς,
3086 2316 3144 2372 ἂν
3199 2316 3274 2381 εἷς
3330 2315 3488 2377 τέλος
3545 2315 3747 2386 νικῴη.

2099 2554 2248 2610 opus
2269 2542 2444 2606 esset;
2463 2541 2591 2592 tum
2616 2538 2849 2593 eosdem
2876 2536 3110 2608 placare
3130 2534 3544 2604 eoneitareque
3575 2532 3751 2602 prout

2100 2645 2189 2684 res
2218 2632 2539 2700 poscerent.
2575 2628 2901 2682 Accedebat
2920 2626 3013 2679 his
3044 2624 3224 2679 animi
3256 2623 3426 2678 bonis
3456 2626 3746 2703 eLcorpo-

2099 2718 2177 2772 ris
2207 2718 2386 2773 robur
2416 2716 2685 2787 palatinas
2719 2715 2939 2769 militiae
2961 2713 3264 2768 laboribus
3289 2728 3422 2782 par:
3452 2726 3555 2765 nec
3586 2707 3745 2763 enim

2098 2808 2247 2862 817
2285 2806 2441 2872 huic,
2479 2810 2543 2860 ut
2572 2804 2775 2859 multis
2800 2804 2953 2870 aliis,
2988 2802 3256 2858 obstabat
3285 2799 3555 2855 valetudo
3596 2814 3747 2867 quo-

2100 2896 2300 2951 minus
2326 2894 2541 2964 saepius
2571 2895 2632 2949 in
2665 2909 2889 2963 mense,
2921 2892 3215 2947 interdum
3267 2889 3401 2961 plus
3451 2887 3631 2943 semel
3681 2885 3743 2941 in

2099 2985 2487 3052 hebdomade,
2510 2983 2699 3039 adiret
2718 2984 3153 3055 imperatorem,
3190 2979 3404 3051 partim
3427 2976 3581 3032 ultro
3612 2991 3746 3048 par-

2096 3075 2202 3130 tim
2234 3073 2574 3130 accersitus.

2092 3192 2181 3245 29.
2220 3191 2284 3247 Ut
2314 3191 2513 3245 missus
2547 3191 2607 3244 in
2640 3186 2992 3243 Pannoniam
3023 3202 3147 3241 cum
3175 3200 3374 3253 magno
3422 3182 3558 3237 duce
3610 3182 3745 3235 Las-

2166 3264 2287 3317 carz’
2333 3261 2734 3333 expatriarcha
2783 3264 3093 3316 Germanus
3123 3257 3251 3333 inde
3279 3271 3532 3333 sponsam
3563 3253 3742 3333 impe:

2163 3334 2368 3390 ratoris
2404 3325 2526 3404 ﬁlio
2572 3334 2814 3403 duxerit,
2859 3340 3027 3401 utque
3071 3330 3200 3386 novi
3255 3325 3441 3399 sponsi
3497 3325 3745 3381 coronati

2163 3411 2306 3461 sunt.

2161 3423 2306 3463 sum.

2162 3523 2449 3588 Quoniam
2474 3538 2606 3577 vero
2630 3522 2755 3593 jam
2788 3520 2847 3575 in
2878 3520 3067 3574 virum
3101 3517 3435 3573 adoleverat
3457 3514 3614 3569 ﬁlius
3636 3513 3746 3566 im-

2092 3616 2379 3684 peratoris
2436 3612 2826 3679 Andronicus,
2861 3625 3032 3681 quem
3065 3609 3117 3663 is
3160 3613 3224 3661 ut
3280 3603 3741 3677 primogenitum

2091 3702 2204 3756 sibi
2265 3701 2632 3772 principatus
2693 3714 3095 3755 successorem
3157 3695 3515 3761 destinabat,
3574 3690 3745 3761 eique

2092 3795 2399 3861 propterea
2427 3790 2699 3844 idoneam
2727 3792 2850 3858 jam
2887 3804 3041 3841 nunc
3064 3787 3370 3855 conjugem
3396 3780 3743 3853 expediebat

2084 3878 2876 3949 jungere,circumspiciebat
2905 3879 3207 3946 Augustus
3239 3873 3337 3928 ubi
3359 3872 3430 3927 ad
3456 3871 3511 3925 id
3537 3876 3733 3942 aptam

2089 3967 2395 4022 inveniret.
2419 3969 2498 4021 Ae
2520 3983 2591 4020 ne
2614 3965 2785 4020 talem
2811 3965 2871 4019 in
2896 3964 3060 4019 Italia
3082 3966 3370 4033 quaereret
3391 3958 3741 4031 prohibebat

2089 4072 2346 4129 praesens
2378 4056 2455 4109 ibi
2508 4059 2695 4109 status
2729 4069 2945 4109 rerum.
2973 4053 3275 4123 Regnabat
3298 4050 3358 4102 in
3384 4047 3733 4118 Apulia,hoc

2085 4154 2175 4202 est
2191 4147 2246 4200 in
2270 4153 2431 4216 parte
2452 4143 2919 4200 ltaliaaOrientali
2941 4135 3735 4209 obversaimperio,Carolus,

2085 4236 2278 4308 palam
2303 4242 2360 4290 et
2382 4233 2837 4289 irrevocabiliter
2859 4225 3522 4300 Constantinopolitanis
3544 4224 3738 4278 infen-

2085 4344 2188 4381 sus
2211 4326 2284 4381 ob
2306 4329 2562 4396 ereptam
2584 4322 2808 4378 Latinis
2831 4321 3034 4375 urbem
3057 4320 3427 4388 ejectumque
3446 4314 3582 4367 inde
3605 4312 3742 4367 Bal-

2085 4415 2605 4485 duinum,quicum
2626 4414 2737 4485 ipsi
2763 4410 3068 4467 afﬁnitatis
3085 4413 3245 4462 arcta
3261 4403 3633 4461 necessitudo
3651 4402 3737 4456 in-

2085 4503 2437 4566 tercedebat,
2470 4501 2670 4556 liberis
2708 4501 3019 4555 amborum
3072 4495 3363 4552 connubio
3414 4491 3731 4547 foederatis.

2083 4592 2269 4654 Quare
2303 4592 2680 4647 manifestum
2715 4596 2840 4644 erat
2868 4589 3076 4659 legatis
3108 4582 3465 4648 Romanis,si
3499 4582 3642 4636 forte
3671 4579 3732 4635 in

307 4679 477 4731 deret
513 4676 619 4730 abs
653 4692 831 4745 seque
864 4675 1147 4731 alienaret
1178 4675 1530 4733 voluntates.
1566 4680 1970 4752 Apparuitque
2006 4667 2048 4730 Ι)
2083 4678 2420 4734 ulteriorem
2457 4678 2829 4733 mitterentur
2860 4677 3087 4733 Italiam
3122 4674 3252 4729 filiae
3283 4672 3593 4742 cujusdam
3634 4668 3732 4724 ille

303 4766 366 4820 in
383 4765 452 4818 de
469 4770 689 4835 quanto
708 4765 925 4819 saniori
945 4765 1191 4820 consilio
1206 4766 1478 4821 decessor
1493 4769 1622 4836 ejus
1641 4767 1971 4823 Germanus

308 4857 366 4909 in
397 4853 768 4909 incommodo
792 4853 971 4908 simili
997 4854 1207 4909 fuisset
1236 4856 1824 4922 usus,contumeliam
1850 4859 1971 4913 dis-

310 4944 697 5006 simulans,et
725 4943 942 4995 nemini
971 4943 1391 5015 molestiameo
1414 4945 1652 4999 nomine
1678 4945 1972 5001 facessens

309 5034 468 5103 quod
506 5032 562 5085 in
594 5047 656 5086 se
690 5031 922 5102 quidvis
956 5032 1128 5087 aliter
1157 5048 1335 5103 quam
1366 5033 1542 5087 vellet
1587 5035 1973 5102 comperisset

310 5123 560 5175 dictum.
586 5121 736 5191 Ergo
770 5120 863 5174 hic
895 5121 1072 5175 etiam
1105 5127 1239 5192 post
1268 5139 1495 5189 casum;
1520 5127 1576 5176 et
1605 5124 1876 5177 redactus
1911 5124 1969 5178 in

312 5212 603 5278 ordinem,
665 5210 1100 5266 existimatione
1150 5212 1454 5284 gratiaque
1502 5214 1717 5279 ﬂoruit,
1768 5218 1971 5286 gratus

311 5303 428 5374 ipsi
462 5300 914 5371 principi.Pater
943 5301 1014 5355 ab
1045 5316 1112 5355 eo
1138 5307 1403 5369 vocatus,
1427 5303 1485 5356 in
1520 5303 1830 5357 consilium
1866 5305 1971 5358 ad-

310 5386 983 5458 hibitus,procuratione
1016 5388 1372 5444 demandata
1402 5392 1767 5459 negotioxum
1793 5391 1972 5447 hono-

314 5481 498 5538 ratus,
536 5480 593 5528 et
622 5474 872 5528 libenter
892 5489 958 5526 ac
988 5473 1197 5529 effectu
1230 5475 1662 5548 impetrationis
1693 5488 1972 5548 sequente

314 5564 554 5618 auditus
586 5578 716 5617 eum
752 5578 854 5630 pro
909 5562 1116 5617 amicis
1166 5564 1575 5637 intercederet.
1630 5572 1765 5623 Erat
1811 5569 1969 5624 enim

314 5652 490 5707 homo
543 5650 869 5705 innutritus
923 5654 1167 5717 mundo,
1221 5656 1406 5710 multo
1457 5672 1562 5711 usu
1597 5658 1724 5710 vita:
1756 5658 1968 5727 civilis,

309 5740 609 5798 insinuare
630 5757 694 5797 se
717 5740 1083 5813 principibus
1104 5743 1322 5817 sciens,
1348 5748 1819 5821 persuadereque
1839 5766 1968 5822 quae

2081 4768 2547 4839 imperitantium
2562 4773 2824 4838 Augusto
2841 4766 2958 4820 filio
2974 4764 3405 4837 poscendm,per
3419 4758 3733 4815 irreconci-

2082 4860 2318 4914 liabiter
2339 4860 2579 4914 infestos
2600 4864 2860 4913 Romano
2884 4857 3107 4911 nomini
3134 4862 3423 4910 terrarum
3450 4851 3732 4906 marium-

2083 4965 2197 5020 que
2228 4952 2452 5005 tractus
2484 4948 2685 5013 iter,ut
2717 4943 3234 5010 necessarium,ita
3265 4943 3506 4998 minime
3540 4945 3730 4994 tutum

2082 5037 2259 5091 ἴοι-οη]
2270 5053 2363 5091 am
2387 5036 2542 5091 enim
2570 5036 2864 5091 Manfredo
2878 5034 3088 5088 aemulo
3104 5030 3372 5103 perculso
3386 5031 3733 5099 abjectoque

2082 5125 2266 5179 victor
2296 5125 2559 5192 Carolus,
2596 5126 2769 5179 frater
2796 5123 2950 5194 regis
2982 5122 3256 5189 Franciae,
3291 5137 3361 5174 ex
3386 5125 3556 5174 conto
3608 5118 3731 5173 sive

2082 5214 2317 5278 comite,
2349 5214 2542 5285 qualis
2574 5213 2739 5285 prius
2774 5212 3111 5277 vocabatur,
3147 5210 3371 5281 regium
3423 5207 3731 5279 magniﬁce

2083 5319 2293 5357 nomen
2329 5300 2963 5373 assumpserat,ampla
2992 5317 3059 5356 ea
3088 5298 3355 5354 mercede
3386 5297 3457 5352 ab
3488 5296 3735 5353 ecclesia

2082 5396 2492 5447 remuneratus
2548 5392 2620 5446 ob
2683 5396 2955 5446 navatam
3016 5389 3064 5444 ei
3115 5389 3343 5444 fidelem
3400 5391 3456 5442 et
3504 5387 3733 5442 felicem

2081 5499 2318 5556 operam
2351 5481 2410 5535 in
2445 5480 2732 5534 Manfredi
2765 5479 3087 5534 defectione
3121 5478 3459 5533 ulciscenda
3490 5477 3735 5547 ipsoque

2080 5571 2283 5627 rebelli
2316 5569 2703 5642 proﬂigando.
2737 5573 2872 5625 Haec
2903 5575 3186 5641 reputans
3233 5569 3555 5640 imperator
3598 5564 3732 5619 ani-

2079 5678 2241 5716 mum
2276 5667 2333 5715 et
2363 5675 2497 5731 spes
2528 5658 2702 5714 vertit
2732 5660 2788 5713 in
2842 5658 3224 5725 Pannoniam,
3272 5672 3458 5729 eoque
3504 5654 3729 5726 legatos

2080 5751 2337 5807 decrevit
2357 5750 2611 5804 mittere.
2649 5747 2764 5804 Rex
2795 5749 2875 5804 ibi
2907 5749 3326 5805 dominabatur
3354 5749 3580 5818 partem
3613 5743 3727 5799 Ro-
