4112 6396
359 384 467 441 767

1671 384 1974 442 GEORGII
2012 384 2474 441 PACHYHERE

3673 375 3785 431 768

363 509 515 565 Ἐπεὶ
577 512 745 563 ταῦτα
778 554 793 580 ,
854 503 997 581 ἔγνω
1053 507 1188 581 πρὸς
1247 506 1482 569 Παίονας
1548 506 1648 575 τὴν
1725 499 2011 581 πρεσϐείαν
2044 505 2387 590 Ατεμὲνους
2416 513 2516 577 τῆς
2544 510 2642 562 τοῦ
2672 510 2806 562 Θεοῦ
2862 504 3038 580 Λόγου
3087 501 3305 580 σοφίας,
3362 503 3460 557 τοῦ
3508 500 3787 590 πατριάρ⁹

364 596 596 652 στεῖλαι·
660 600 686 653 6
752 598 853 673 γὰρ
887 597 986 673 ῥὴξ
1047 594 1263 651 ἐκείνων
1312 596 1428 657 υἱὸς
1487 598 1553 664 ἦν
1586 596 1934 670 Ῥωμογενής
1964 596 2022 648 ὲκ

368 689 577 763 μητρὸς
604 692 683 759 τῷ
716 687 842 763 ῥηγὶ
875 685 1160 761 γεννηθεὶς
1199 691 1299 753 τῆς
1344 688 1440 737 τοῦ
1488 683 1725 738 παλαιοῦ
1780 683 2017 757 Λάσκαρι

364 776 670 851 θυγατρός.
731 779 892 849 Τρεῖς
947 775 1047 848 γάρ
1116 773 1303 845 ἐκείνῳ
1366 771 1709 848 βασιλεύοντι
1765 770 2021 841 τηνικάδε

365 867 650 941 θυγατέρες
710 867 870 933 ἦσαν,
930 864 1063 932 αὕτη
1117 862 1214 934 μία
1249 908 1261 930 ,
1320 862 1409 915 καὶ
1472 862 1755 934 θαυμαστὴ
1808 860 2016 935 Εἰρήνη

366 952 609 1027 δευτέρα,
669 955 727 1020 ἣν
786 954 812 1005 6
873 953 1130 1019 Ἰωάννης
1163 951 1313 1024 σχὼν
1365 944 1679 1004 ἐϐασίλευσε
1706 950 1797 1004 τὸν
1831 962 2016 1013 πενθε-

364 1046 458 1117 ρὸν
514 1040 895 1114 διαδεξάμενος
930 1085 941 1106 ,
1002 1041 1092 1094 καὶ
1144 1040 1299 1114 τρίτη
1360 1043 1394 1108 ἡ
1445 1044 1522 1109 τῷ
1579 1036 1802 1115 μεγάλῳ
1847 1039 2019 1111 κυρίῳ

362 1134 501 1186 κατὰ
524 1133 621 1199 τήν
652 1131 813 1184 πόλιν
866 1127 1147 1192 ἐκδοθεῖσα
1196 1126 1451 1185 Εὐὸοκία.
1628 1127 1837 1197 ἐκείνης
1888 1132 2017 1202 γοῦν

358 1228 457 1290 τῆς
486 1221 754 1294 προτέρας
800 1221 827 1274 ὁ
880 1226 980 1287 τῆς
1011 1218 1269 1279 Παιονίας
1430 1222 1509 1288 τῷ
1552 1216 1682 1293 ῥηγὶ
1713 1218 1803 1272 καὶ
1854 1216 2018 1291 πατρῖ

362 1310 642 1385 γεννηθεὶς
716 1315 947 1384 γυναῖκα
1004 1308 1143 1361 πάνυ
1210 1306 1413 1381 ὡραίαν
1475 1305 1534 1361 ἐκ
1602 1306 1869 1379 Κομάνων
1929 1306 2019 1361 καὶ

360 1397 751 1474 αἴχμάλωτον,
804 1398 879 1459 ὡς
925 1396 1202 1470 λέγουσιν,
1238 1394 1410 1466 ἐαυτῷ
1442 1393 1531 1449 διὰ
1575 1396 1637 1449 τὸ
1687 1393 1894 1457 κάλλος
1924 1396 2019 1470 ἀρ-

363 1487 675 1560 μοσάμενος
729 1485 991 1563 θυγατέρα
1047 1490 1227 1561 γεννᾷ.
1284 1484 1492 1555 Ταύτην
1560 1486 1633 1547 ὡς
1687 1483 1873 1559 εὐγενῆ
1928 1485 2019 1540 καὶ

358 1577 422 1631 ἐκ
450 1580 560 1630 τῶν
598 1575 915 1649 Λασκαρίων
966 1572 1341 1649 καταγομένην
1402 1573 1788 1649 συναρμόττειν
1848 1575 1875 1628 6
1930 1575 2021 1649 βα-

359 1664 545 1726 σιλεὺς
576 1660 839 1719 ἐϐούλετο
870 1666 948 1737 τῷ
979 1665 1102 1735 υἱῷ.
1157 1664 1262 1718 Καὶ
1295 1661 1362 1730 δὴ
1412 1662 1488 1726 εἷς
1534 1658 1820 1735 πρεσϐείαν
1872 1662 2019 1718 ἐκλέ-

358 1775 514 1830 γεται
546 1754 669 1829 περὶ
715 1754 922 1809 τούτων
955 1754 1046 1807 τὸν
1101 1753 1207 1807 ἀπὸ
1255 1753 1612 1827 πατριαρχῶν
1661 1756 1854 1807 τοῦτον
1887 1758 2019 1825 Γερ-

361 1845 526 1917 μανὸν
579 1844 668 1899 καὶ
727 1845 816 1899 τὸν
883 1842 1049 1918 μέγαν
1100 1842 1268 1897 δοῦκα
1314 1843 1403 1897 τὸν
1452 1842 1719 1915 Λάσκαριν
1760 1889 1773 1911 ,
1820 1841 2017 1916 ἔξωρον

358 1931 467 2003 ἤδη
519 1928 673 2005 ὄντα,
708 1933 796 1988 διὰ
827 1934 887 1987 τὸ
937 1934 1073 2008 πρὸς
1127 1932 1329 1986 ἐκεῖνον
1372 1932 1544 1987 αὐτοῦ
1584 1933 1861 2006 συγγενὲςσ
1924 1936 2020 1985 τοῦ

357 2025 461 2098 γάρ
517 2022 747 2078 πάππου
804 2023 896 2077 τὸν
948 2022 1119 2076 τόπον
1175 2026 1256 2093 τῷ
1314 2020 1439 2096 ῥηγὶ
1500 2018 1749 2096 ἐπλήρου
1783 2020 1881 2075 ὅσα
1929 2021 2019 2075 καὶ

359 2109 596 2189 ἀδελφὸς
658 2116 756 2166 τοῦ
818 2113 1057 2185 Λάσκαρι
1101 2109 1393 2181 βασιλέως.
1427 2111 1495 2166 Οἳ
1529 2107 1594 2178 δὴ
1628 2110 1718 2163 καὶ
1751 2109 2017 2163 ἀπελθόν-

357 2223 445 2263 τες
503 2204 643 2274 πεζῇ
698 2202 765 2255 τά
818 2208 918 2268 τῆς
978 2195 1261 2275 πρεσϐείας
1294 2197 1593 2274 ἆπλήρουν,
1648 2200 1736 2254 καὶ
1792 2202 1891 2269 τήν
1923 2205 2021 2254 τοῦ

365 2291 540 2364 ῥηγὸς
573 2292 838 2363 θυγατέρα
888 2295 967 2361 τῷ
1024 2290 1127 2361 υἱῷ
1172 2287 1269 2343 τοῦ
1314 2290 1398 2362 [Ρ.
1429 2293 1555 2362 215]
1602 2288 1873 2364 βασιλέως
1929 2290 2019 2344 καὶ

368 2379 587 2453 βασιλεῖ
634 2380 858 2454 νύμφην
918 2380 1191 2457 φέρουσιν,
1332 2377 1399 2446 δὴ
1460 2380 1547 2433 καὶ
1600 2381 1797 2435 ’Λνναν
1844 2376 2021 2451 ὄνομα

365 2467 581 2537 τίθησιν
639 2469 666 2522 ὁ
722 2472 962 2543 κρατῶν,
1020 2466 1110 2522 καί
1165 2472 1482 2541 περιφανεῖς
1511 2467 1638 2529 τοὺς
1678 2468 1888 2543 γάμους
1937 2489 2020 2523 τε·

358 2553 450 2611 λεῖ
510 2556 645 2631 αὐτῇ
692 2578 749 2612 τε
778 2558 865 2611 καί
922 2560 1001 2629 τῷ
1034 2557 1137 2628 υἱῷ
1178 2556 1266 2610 ἐπὶ
1322 2560 1420 2611 τοῦ
1469 2555 1614 2620 θείου
1644 2555 1731 2610 καὶ
1770 2554 2013 2633 μεγάλου

358 2776 518 2831 mani
551 2776 782 2849 generis
813 2793 882 2832 ex
927 2780 1111 2832 matre
1159 2775 1400 2832 trahens
1449 2774 1699 2831 senioris
1748 2775 2015 2831 Lascaris

362 2865 501 2919 ﬁlia.
537 2866 682 2920 Huic
716 2864 871 2920 enim
902 2866 1055 2935 apud
1089 2881 1194 2921 nos
1223 2864 1569 2936 imperantis
1597 2869 1718 2920 tres
1753 2869 2015 2920 tantum-

360 2955 537 3009 modo
560 2954 694 3009 ﬁliae
720 2956 977 3023 fuerunt,
1014 2970 1263 3025 quarum
1289 2971 1405 3008 una
1426 2954 1547 3025 regi
1580 2963 1761 3025 nupta
1783 2953 2015 3009 Panno-

359 3040 470 3094 niae
488 3041 675 3111 ipsius
696 3041 799 3096 filii
822 3059 853 3096 n
866 3058 977 3096 unc
994 3043 1296 3113 regnantis
1309 3042 2019 3113 genitrixexstitit.Altera

364 3128 578 3185 Joanni
604 3130 726 3185 viro
750 3130 1065 3202 imperium
1094 3148 1126 3185 a
1148 3148 1346 3186 socero
1370 3130 1793 3186 transmissum
1817 3147 2015 3185 secum

2051 1894 2098 1959 B

2131 614 2238 669 χου
2290 597 2489 670 Ἰωσὴφ
2549 594 2971 670 εὐλογήσαντος.
3030 592 3127 647 Καὶ
3186 592 3335 652 αὖθις
3386 594 3483 644 τοῦ
3533 588 3788 650 ἐπιόντος

2131 682 2283 747 ἔτους
2351 686 2525 757 μηνὸς
2569 689 2965 759 Μουνυχιῶνος
3026 679 3192 757 ὀγδόῃ
3231 678 3532 756 βασιλικῶς
3589 678 3788 739 αὐτοὺς

2130 772 2224 826 σὺν
2254 778 2335 845 τῷ
2356 779 2788 849 πατριαρχοῦντι
2841 774 2868 826 6
2925 770 3179 847 βασιλεὺς
3210 770 3301 825 καὶ
3349 770 3529 841 πατὴρ
3560 773 3791 839 ταινιοῖ,

2129 861 2219 916 καί
2252 863 2302 916 οἱ
2334 864 2408 924 ὡς
2462 861 2675 936 βασιλεῖ
2704 863 2771 917 τά
2826 866 2926 925 τῆς
2960 862 3243 933 θεραπείας
3304 860 3437 932 πρὸς
3495 856 3557 912 τὸ
3619 878 3793 931 μεγα-

2133 950 2407 1027 λειότερον
2472 952 2784 1009 ἀποτάττει.
2846 949 3039 1008 Τάττει
3101 947 3157 1003 δὲ
3187 949 3365 1020 τούτῳ
3412 950 3502 1001 καὶ
3529 947 3654 1020 τρία
3675 950 3789 1001 τῶν

2132 1042 2400 1118 ὀφφικίων
2459 1039 2609 1103 ἰδίως
2668 1045 2743 1104 ὡς
2802 1043 3085 1115 ἀναγκαῖα,
3136 1038 3346 1093 καὶτὸν
3402 1038 3497 1108 μὲν
3548 1032 3795 1090 Λιϐαδά-

2132 1150 2249 1203 ριον
2278 1131 2573 1203 πιγκὲρνην
2634 1130 3056 1199 ἀποκαθίστησι,
3114 1128 3207 1183 τὸν
3264 1124 3322 1181 δέ
3377 1146 3441 1200 γε
3498 1126 3792 1198 Βρυέννιον

2130 1217 2216 1273 ἐπὶ
2253 1225 2352 1286 τῆς
2396 1219 2668 1294 τραπέζης
2726 1224 2882 1291 τιμᾷ,
2942 1219 3032 1272 καὶ
3062 1216 3245 1293 τρίτον
3302 1216 3394 1270 τὸν
3447 1214 3505 1269 ἐκ
3553 1217 3795 1289 Χριστοῦ

2130 1306 2349 1369 πόλεως
2381 1308 2805 1381 Τζαμπλάκωνα
2852 1312 3014 1363 τατᾶν
3053 1314 3152 1376 τῆς
3204 1303 3375 1373 αὐλῆς
3422 1303 3586 1358 αὐτοῦ
3632 1301 3796 1378 ἐγκα-

2492 1399 2826 1474 Εὐτρὲπιστο
2889 1401 3076 1472 μέντοι
3133 1398 3315 1469 τούτῳ
3370 1395 3459 1450 καὶ
3523 1393 3798 1469 βακτηρία

3116 1484 3144 1541 ὃ
3193 1490 3408 1560 κρατεῖν
3438 1483 3641 1552 ταύτην
3701 1482 3793 1537 ἐπὶ

2132 1400 2378 1466 θίστησιν
2417 1443 2429 1454 .

2136 1487 2393 1564 βασιλικὴ
2428 1496 2607 1565 χρυσῆ
2647 1487 2942 1561 ὑπόξυλος,
3001 1486 3053 1549 ἐς

2128 1582 2237 1633 τῶν
2300 1580 2458 1641 θείων
2518 1576 2741 1651 ὕμνων,
2793 1578 2867 1640 ὡς
2925 1575 3087 1645 ἔθος,
3135 1574 3226 1630 σὺν
3284 1579 3364 1645 τῷ
3418 1573 3625 1647 πατρί.
3686 1572 3792 1626 Καὶ

2131 1666 2381 1743 ἐπράχθη
2437 1666 2526 1721 καὶ
2558 1665 2704 1739 τόδε,
2755 1666 2891 1737 ἅπαξ
2923 1666 2957 1735 ἢ
3006 1667 3097 1720 καὶ
3126 1663 3375 1739 δεύτερον
3428 1666 3463 1733 ἢ
3496 1664 3586 1717 καὶ
3617 1660 3790 1717 πλέον

2130 1759 2291 1828 ἡμῶν
2348 1754 2575 1811 ἰδόντων
2636 1759 2960 1830 κρατοῦντα.
2995 1756 3220 1810 Ἔπειτα
3252 1751 3406 1823 δόξαν
3437 1756 3517 1823 τῷ
3573 1749 3796 1826 βασιλεῖ

2132 1845 2284 1917 (μίαν
2315 1846 2417 1919 γάρ
2451 1846 2581 1899 εἶναι
2629 1845 2728 1912 τὴν
2777 1845 2981 1919 ἀρχὴν,
3036 1842 3307 1919 βακτηρία
3356 1838 3414 1895 δὲ
3460 1847 3561 1910 τῆς
3610 1841 3796 1914 ἀρχῆς

2131 1928 2434 2005 σύμϐολον,
2470 1936 2670 2007 χρῆναι
2702 1934 2760 1986 vi:
2790 1934 2879 1987 καὶ
2906 1932 3107 2000 ταύτην
3144 1930 3272 2003 μίαν
3306 1930 3463 2001 εἶναι)
3504 1926 3594 1983 διὰ
3620 1932 3790 1983 ταῦτα

2129 2023 2364 2091 ἠθὲτητο
2416 2026 2600 2077 τοῦτο.
2652 2020 2844 2091 Ἐδόθη
2882 2018 2939 2075 δὲ
2987 2022 3076 2075 καὶ
3124 2019 3477 2093 προστάσσειν
3517 2019 3604 2072 καὶ
3659 2018 3793 2072 ὑπο-

2129 2110 2355 2188 γράφειν
2383 2110 2706 2186 βασιλικῶς,
2738 2108 2886 2178 πλήν
2922 2108 2982 2164 οὐ
3012 2108 3364 2184 μηνολογεῖν,
3397 2108 3471 2168 ὡς
3505 2104 3645 2177 ἔθος,
3670 2110 3794 2167 τοῖς

2133 2199 2467 2277 βασιλεῦσιν,
2518 2199 2666 2255 ἀλλά
2712 2201 2933 2277 γράφειν
2986 2196 3030 2253 δ’
3090 2198 3329 2273 ὲρυθρῶν
3380 2196 3558 2267 οἰκείᾳ
3618 2195 3794 2270 χειρὶ,

2130 2314 2157 2341 ‹‹
2195 2287 2540 2364 Ἀνδρόνικος
2590 2291 2826 2361 Χριστοῦ
2877 2288 3063 2363 χάριτι
3110 2284 3365 2361 βασιλεὺς
3416 2285 3726 2359 Ῥωμαίων.
3763 2309 3793 2335 ››

2126 2380 2194 2434 Οἱ
2227 2377 2284 2432 δὲ
2331 2378 2467 2452 πρὸς
2492 2378 2584 2432 τὸν
2630 2377 2837 2451 πατὲρα
2871 2379 2923 2431 οἱ
2955 2372 3108 2450 ὅρκοι
3138 2376 3228 2430 καὶ
3264 2373 3493 2449 βασιλέα
3526 2375 3660 2447 μετὰ
3689 2374 3793 2441 τήν

2129 2467 2204 2527 εἷς
2250 2468 2378 2521 Θεὸν
2427 2465 2513 2520 καὶ
2570 2468 2670 2534 τήν
2735 2464 3062 2535 Ἐκκλησίαν
3125 2463 3410 2542 ἐγγράφως
3463 2461 3786 2541 ἀσφάλειαν,

2130 2557 2203 2619 ὠς
2243 2557 2318 2629 μή
2353 2551 2727 2625 ἐπιϐουλεύοι,
2761 2553 2887 2610 ἀλλ’
2936 2554 3313 2623 ὑποτάττοιτο,
3340 2556 3427 2610 καὶ
3464 2552 3583 2609 λίαν
3618 2552 3789 2630 ἀσφα-

2126 2792 2222 2832 mo
2239 2777 2383 2831 dum
2413 2791 2703 2846 supremae
2721 2773 2995 2847 dignitati
3026 2773 3620 2840 convenientem,tres
3639 2790 3786 2846 prae-

2127 2866 2331 2920 ﬁciens
2400 2864 2674 2934 palatinis
2730 2866 3007 2935 Augustae
3065 2863 3361 2933 majestati
3432 2862 3791 2919 necessariis

2126 2954 2358 3010 ofﬁciis.
2391 2954 2531 3009 Nam
2553 2954 3290 3024 Libadariumintperatoris
3304 2953 3436 3007 novi
3456 2953 3790 3022 pincernam

2126 3042 2459 3108 constituit,
2494 3041 2848 3115 Bryennium
2883 3047 3077 3097 autem
3112 3041 3419 3097 honoravit
3447 3041 3601 3097 819
3635 3057 3789 3112 pra:-

2128 3131 2354 3187 feotura
2386 3149 2601 3187 mensae
2633 3131 2833 3201 regiae;
2868 3132 3102 3186 tertium
3136 3130 3391 3202 denique
3421 3147 3491 3186 ex
3518 3130 3789 3187 Christo-

360 3219 578 3286 attulit;
606 3219 773 3274 tertia
800 3201 1054 3290 denique
1087 3219 1340 3274 Eudocia
1374 3236 1585 3291 magno
1617 3221 1771 3291 apud
1810 3220 2015 3274 urbem
2049 3201 2090 3268 C
2130 3220 2247 3291 poli
2279 3220 2765 3292 'lzamplaconem
2800 3221 3005 3276 Tatam
3038 3219 3185 3274 aulae
3217 3219 3407 3291 ipsius
3447 3220 3788 3275 declaravit.

358 3308 598 3363 domino
629 3307 850 3362 elocata
879 3313 987 3363 est.
1012 3308 1165 3363 818
1198 3309 1279 3363 Ex
1312 3309 1501 3379 prima
1531 3318 1694 3363 ortus
1725 3308 1824 3378 qui
1859 3324 2013 3364 nunc

359 3397 647 3469 regnabat
680 3397 735 3451 in
768 3398 1091 3466 Pannonia,
1126 3397 1283 3451 ﬁlius
1313 3402 1372 3452 et
1404 3396 1586 3452 haeres
1617 3398 1769 3468 regis
1814 3399 2014 3468 patris,

363 3503 602 3542 uxorem
636 3503 666 3541 e
695 3486 974 3541 Comanis
1004 3486 1295 3557 captivam
1328 3485 1489 3552 olim,
1524 3487 1624 3541 sed
1661 3486 1930 3557 insignis,
1956 3494 2019 3540 ut

364 3578 548 3643 aiunt,
588 3575 787 3629 formae
812 3576 1020 3630 merito
1046 3592 1075 3630 e
1098 3574 1382 3632 servitute
1406 3578 1459 3630 in
1489 3591 1731 3647 regnum
1756 3581 2016 3639 evectam

362 3665 604 3732 habuit;
637 3679 706 3718 ex
738 3680 923 3734 eaque
953 3665 1158 3735 genuit
1189 3663 1393 3731 tiliam,
1427 3682 1603 3735 quam
1639 3671 1703 3719 ut
1756 3666 2017 3720 Romano

370 3753 689 3809 Lascaricze
713 3753 902 3823 gentis
928 3752 1303 3823 praenobilem
1332 3754 1620 3825 sanguine
1644 3756 1881 3825 dignam
1908 3755 2017 3809 im-

370 3849 607 3914 perator
637 3841 803 3895 duxit
848 3857 1022 3911 quam
1077 3842 1196 3897 tilio
1240 3847 1296 3896 et
1343 3844 1644 3909 designato
1694 3844 2015 3898 successori

362 3931 756 4002 desponderet
786 3931 1167 4001 suo.Legatos
1199 3931 1381 4001 igitur
1410 3932 1481 3985 ad
1515 3931 1672 3987 illam
1712 3933 2013 4003 postulan—

364 4021 498 4075 dam
525 4018 663 4074 illuc
686 4020 1265 4088 destinans,idoneos
1289 4021 1357 4075 ad
1383 4023 1498 4076 tale
1521 4022 1815 4091 negotium
1850 4028 2018 4092 puta-

364 4111 451 4164 vit
480 4111 948 4180 expatriarcham
983 4110 1340 4165 Germanum
1393 4112 1683 4183 simulque
1733 4129 2015 4184 magnum

363 4200 571 4255 ducem
600 4199 920 4263 Lascarim,
955 4198 1352 4269 emeritzsjam
1376 4199 1509 4254 licet
1530 4217 1596 4255 ac
1629 4218 1835 4271 parum
1869 4207 2015 4272 aptae

363 4290 639 4362 gerendis
670 4291 848 4344 rebus
874 4290 1063 4344 aetatis
1093 4290 1285 4344 virum
1321 4306 1333 4344 :
1368 4292 1469 4345 sed
1504 4290 1669 4345 illum
1705 4292 1917 4345 eximie
1944 4294 2013 4345 ad

364 4378 515 4433 hanc
547 4379 787 4449 quidem
821 4378 1229 4433 tractationem
1264 4380 1700 4434 commendavit
1723 4396 1927 4436 nomen
1964 4385 2021 4435 et

363 4469 1010 4538 consanguinitas,quaa
1032 4467 1087 4521 in
1115 4485 1307 4539 regem
1331 4468 1578 4539 virginis
1601 4471 1904 4540 poscenda:
1932 4488 2019 4541 pa-

2126 3314 2375 3365 Paratus
2394 3309 2901 3381 Augustojuniori
2931 3326 3166 3381 quoque
3196 3314 3286 3365 est
3316 3308 3564 3364 baculus
3591 3309 3789 3379 regius

2126 3416 2270 3455 auro
2292 3400 2551 3454 exterius
2574 3398 3114 3461 obductus,intime
3144 3397 3396 3465 ligneus,
3414 3414 3588 3469 quem
3624 3404 3792 3453 tene-

2128 3495 2216 3544 ret
2247 3490 2317 3544 de
2369 3506 2527 3543 more
2576 3505 2709 3542 cum
2760 3494 2945 3559 patre,
2996 3488 3229 3559 quoties
3280 3487 3496 3542 divinis
3550 3488 3790 3557 hymnis

2128 3579 2651 3649 interesset.ldque
2680 3578 2897 3632 factum
2925 3582 3014 3631 est
3037 3576 3460 3645 semel,iterum
3486 3582 3588 3632 aut
3608 3578 3789 3633 etiam

2129 3667 2366 3738 saepius,
2394 3668 2565 3722 nobis
2596 3666 2953 3721 videntibus.
2989 3666 3157 3720 Aliud
3196 3658 3397 3736 postea
3426 3666 3617 3721 visum
3668 3668 3790 3721 Au-

2128 3762 2301 3829 gusto
2325 3755 2721 3810 seniori.Nam
2748 3771 2880 3809 cum
2909 3760 3208 3825 reputaret
3241 3771 3426 3809 unum
3459 3771 3591 3810 esse
3621 3754 3790 3825 prin-

2128 3848 2721 3917 cipatum,utcunque
2748 3846 3247 3900 communicatum
3268 3845 3635 3917 principibus
3649 3845 3793 3898 dun-

2135 3935 2269 4001 bus,
2305 3939 2605 4004 sceptrum
2639 3933 2869 4005 imperii
2924 3932 3257 4005 symbolum
3311 3948 3498 3987 unum
3547 3938 3790 3987 tantum

2128 4025 2358 4080 ostendi
2391 4024 2667 4093 deinceps
2727 4026 2993 4093 oportere
3020 4023 3271 4078 censuit.
3292 4023 3583 4078 Concessa
3608 4021 3791 4077 etiam

2129 4114 2464 4167 Andronico
2488 4116 2577 4166 est
2599 4112 2850 4167 facultas
2872 4112 3063 4167 edicta
3085 4110 3791 4177 condendi,subscriben-

2128 4204 2307 4273 dique
2329 4202 2549 4256 chartis
2564 4200 2737 4272 regiis
2754 4205 2817 4255 ut
2831 4201 2907 4255 im
2920 4205 3214 4272 peratores
3229 4201 3687 4271 solent,excepta
3702 4204 3795 4254 ta-

2129 4309 2261 4347 men
2292 4291 2659 4361 appositione
2693 4290 3121 4361 mensis,quam
3157 4290 3271 4345 sibi
3295 4295 3649 4345 reservatam
3687 4288 3793 4343 uni

2125 4380 2311 4437 voluit
2334 4381 2531 4435 senior
2564 4386 2895 4451 Augustus,
2926 4381 3009 4434 ita
3040 4384 3105 4434 ut
3135 4379 3255 4434 tilio
3287 4379 3348 4434 in
3383 4378 3631 4450 imperio
3670 4377 3796 4433 col-

2131 4472 2269 4543 legae
2304 4471 2505 4526 liceret
2535 4469 2729 4525 solum
2778 4475 3014 4526 extense
3063 4487 3129 4526 ac
3180 4471 3327 4525 citra
3375 4468 3794 4539 compendium

360 4563 510 4613 trem
545 4559 953 4613 auctoritatem
989 4560 1040 4613 ei
1084 4560 1255 4629 quasi
1306 4560 1395 4613 avi
1451 4559 1766 4625 tribuebat,
1821 4564 2025 4632 utpote
2055 4561 2100 4625 D
2135 4562 2390 4617 scribere
2413 4561 2647 4615 rubrica
2670 4576 2846 4614 manu
2878 4560 3191 4631 propriain
3215 4560 3374 4615 hunc
3401 4560 3796 4614 modum.An-

372 4664 652 4720 germano
674 4647 922 4719 Augusti
946 4648 1215 4703 Lascaris
1238 4648 1520 4718 genitoris
1542 4649 1667 4719 ejus
1694 4650 1919 4703 matris.
1956 4649 2023 4703 Hi

359 4738 632 4794 terrestri
666 4737 875 4793 itinere
907 4754 1024 4809 quo
1056 4738 1508 4793 destinabantur
1542 4738 1767 4809 perlati,
1795 4740 2026 4811 negotio

364 4846 394 4885 e
427 4828 724 4884 sententia
749 4829 1034 4895 confecto,
1064 4826 1223 4882 brevi
1249 4828 1493 4883 reduces
1517 4827 1697 4883 tiliam
1722 4828 2029 4884 memorati

369 4916 527 4987 regis
550 4932 825 4985 sponsam
863 4916 1164 4970 adducunt
1198 4915 1316 4970 filio
1342 4915 1739 4986 imperatoris,
1769 4918 1887 4986 jam
1918 4918 2028 4988 ipsi

369 5005 602 5076 imperii
639 5006 929 5076 participi.
978 5004 1198 5077 Virgini
1246 5009 1553 5077 Augustus
1603 5006 1799 5062 senior
1851 5009 2029 5061 Anna:

371 5110 585 5149 nomen
611 5094 1074 5165 imposuit.Tum
1098 5094 1317 5149 illustri
1341 5111 1554 5165 pompa
1572 5100 1629 5149 et
1646 5095 2030 5167 magniﬁcen-

368 5186 453 5240 tia
484 5185 783 5256 praecipua
816 5185 1055 5255 nuptias
1085 5186 1213 5255 ejus
1243 5200 1375 5239 cum
1412 5200 1518 5241 suo
1551 5184 1666 5239 [ilio
1718 5185 2033 5241 celebravit

378 5277 530 5345 apud
554 5291 829 5342 magnum
854 5275 1139 5345 templum
1165 5275 1389 5331 Sanctae
1412 5276 2033 5348 diviniVerbiSapien-

375 5365 495 5427 tim,
519 5363 665 5417 bene
683 5368 955 5433 precante
972 5364 1136 5418 novis
1153 5364 1387 5435 sponsis
1403 5364 1657 5435 Josepho
1678 5366 2031 5435 patriarcha.

380 5457 552 5505 Anno
584 5450 719 5505 inde
751 5457 967 5516 secuto,
999 5452 1093 5506 die
1139 5458 1343 5508 octava
1391 5454 1615 5509 mensis
1662 5456 2033 5519 Novembris,

382 5540 539 5611 regie
562 5540 771 5594 ambos
802 5541 925 5610 ipse
952 5546 1136 5610 pater,
1161 5548 1445 5610 praesente
1471 5560 1535 5598 ac
1558 5544 1743 5598 sacris
1763 5551 2037 5613 operante

388 5627 722 5696 patriarcha
778 5630 1098 5693 coronavit,
1158 5629 1546 5699 deincepsque
1593 5631 1924 5685 Andronico
1975 5634 2039 5687 ut

372 5714 497 5782 jam
548 5714 888 5787 imperatori
924 5715 1208 5772 familiam
1240 5722 1297 5774 et
1327 5718 1720 5776 ministerium
1763 5720 1924 5776 auxit
1975 5720 2037 5777 in

2136 4649 2413 4705 dronicus
2472 4648 2688 4704 Christi
2749 4649 2937 4720 gratia
2994 4650 3317 4721 imperator
3371 4649 3795 4704 Romanorum.

2135 4737 2481 4792 Juramenta
2513 4735 2724 4790 deinde
2758 4753 2787 4791 a
2822 4753 2969 4791 novo
3001 4738 3434 4808 Augusto,post
3464 4737 3797 4790 cautionem

2139 4827 2361 4897 scripto
2395 4826 2593 4879 datam
2628 4826 2698 4879 de
2731 4842 2838 4879 sua
2870 4825 2925 4879 in
2971 4826 3151 4880 Deum
3202 4830 3260 4879 et
3312 4824 3631 4879 Ecclesiam
3686 4824 3800 4878 ﬁde

2139 4915 2564 4985 obsequioque,
2592 4918 2795 4968 exacta
2826 4922 2959 4968 sunt
2992 4912 3305 4983 talia,quae
3336 4912 3491 4968 clare
3522 4913 3801 4983 pietatem

2139 5009 2197 5061 et
2220 5002 2612 5058 obedientiam
2640 5003 2769 5073 ejus
2790 5018 2929 5074 erga
2954 5006 3180 5073 patrem
3208 5006 3543 5073 Augustum
3569 5000 3803 5070 plenam

2141 5092 2607 5161 inviolatamque
2630 5096 2998 5162 praestarent.
3032 5091 3309 5147 distincte
3332 5091 3485 5162 ipso,
3518 5089 3635 5145 Deo
3658 5094 3808 5144 teste

2144 5181 2456 5255 pollicente
2487 5198 2548 5236 se
2580 5198 2694 5236 non
2728 5180 3175 5247 insidiaturum,
3208 5197 3269 5237 se
3319 5180 3377 5235 in
3434 5179 3807 5249 subjectione

2143 5272 2394 5327 obnoxia
2447 5271 2855 5341 perstiturum.
2907 5271 3031 5326 Sub
3068 5271 3187 5325 haec
3217 5288 3248 5325 a
3279 5268 3499 5341 populo
3538 5272 3596 5323 et
3625 5266 3807 5323 eccle-

2146 5361 2403 5417 siasticis
2428 5360 2694 5430 juratum
2728 5360 2786 5415 in
2821 5360 2993 5415 verba
3021 5361 3155 5415 novi
3186 5359 3459 5431 Augusti.
3498 5360 3807 5413 Decretum

2146 5466 2385 5521 quoque
2409 5450 2716 5520 pontiﬁces
2741 5451 2852 5504 rite
2875 5448 3311 5521 pertulerc,quo
3334 5447 3811 5503 excommunica-

2146 5538 2291 5594 tioni
2318 5539 2713 5609 subjiciebant
2734 5554 2867 5595 eum
2894 5538 3167 5610 quisquis
3191 5536 3469 5608 foret,qui
3501 5536 3560 5590 in
3595 5552 3811 5592 novum

2149 5630 2564 5701 imperatorem
2598 5630 2949 5700 insurgeret.
2985 5631 3044 5686 Id
3080 5635 3275 5686 actum
3309 5635 3397 5685 est
3427 5631 3668 5683 curante
3716 5643 3813 5681 se-

2152 5719 2596 5788 niore,fratrum
2623 5720 3001 5791 propriorum
3023 5719 3412 5777 ambitionem
3434 5719 3817 5790 suspectante
