4112 6400
329 412 438 467 769

1391 414 1490 468 DE
1527 413 1900 469 MICHAELB
1937 409 2384 467 PALEOLOGO
2419 413 2553 466 LIB.
2593 412 2691 465 IV.

3646 413 3757 469 770

333 537 447 599 λεῖς
507 531 849 610 προέϐαινον.
911 536 1028 613 Ἐφ’
1084 537 1168 598 οἷς
1224 536 1276 590 οἱ
1332 539 1430 590 τοῦ
1462 534 1598 590 λαοῦ
1628 536 1765 612 πρὸς
1822 535 1982 589 αὐτὸν
2016 544 2203 609 Ατων
2269 536 2363 608 μὲν
2425 533 2820 610 εὐφημούντων
2850 534 2942 589 τόν
2990 534 3303 611 εὐεργέτην,
3358 540 3490 591 Θεοῦ
3522 534 3568 591 δ’
3604 539 3759 592 ὑπισο

332 622 486 701 ὅρκοι
520 626 610 680 καὶ
646 626 698 679 οἱ
728 632 827 693 τῆς
861 621 1190 693 Ἐκκλησίας
1232 624 1494 698 ἐγίνοντο.
1544 626 1987 699 Ἐτομογράφουν

335 713 393 770 δὲ
447 714 541 769 καὶ
599 715 652 768 οἱ
711 714 1011 789 ἀρχιερεῖς,
1048 712 1133 766 ὑπ’
1162 713 1465 791 ἀφορισμὸν
1498 717 1779 775 ποιοῦντες
1809 712 1900 767 τὸν
1930 712 1989 773 ὃς

330 802 419 859 καί
481 801 807 869 ἐπανασταίη
858 802 938 873 τῷ
993 800 1229 877 βασιλεῖ.
1281 803 1417 877 Εἶχε
1468 802 1569 877 γὰρ
1621 801 1697 863 εἷς
1753 801 1988 873 ὑποψίαν

333 891 461 953 τοὺς
493 889 765 968 ἀδελφοὺς
796 889 897 958 ἔτι,
947 892 1037 944 καὶ
1091 888 1306 962 μᾶλλον
1355 891 1446 945 τὸν
1482 888 1748 959 δεσπότην
1806 889 1988 945 Ἰωάν-

330 1002 452 1050 νην.
506 979 650 1035 πολὺ
678 979 741 1034 τὸ
774 979 972 1054 θερμὸν
1007 981 1133 1055 παρ’
1184 978 1374 1051 ἐκείνῳ
1428 977 1645 1054 βλέπων
1674 978 1751 1041 εἲς
1789 978 1991 1052 μάχας,

333 1071 423 1124 καὶ
480 1069 578 1135 τήν
637 1069 773 1144 πρὸς
833 1066 1037 1123 ἐκεῖνον
1096 1070 1244 1142 παρὰ
1280 1068 1531 1122 ἁπάντων
1565 1065 1657 1122 διὰ
1684 1069 1745 1122 τὸ
1778 1068 1993 1142 εὐεργε-

334 1160 484 1214 τικὸν
542 1158 799 1231 καὶπρὸς
859 1157 953 1219 τὰς
1013 1155 1189 1219 δόσεις
1244 1158 1547 1232 πρόχειρον
1577 1162 1693 1220 τοῖς
1750 1156 1990 1211 αἰτοῦσιν

338 1245 742 1323 ἀγαθοθέλειαν.
777 1243 941 1306 Οὐδὲν
975 1247 1080 1321 γὰρ
1113 1246 1256 1300 οὕτω
1289 1243 1483 1300 δουλοῖ
1522 1246 1618 1308 τὰς
1668 1244 1849 1320 ψυχὰς
1872 1249 1993 1306 τοῖς

337 1336 645 1411 ἀνθρώποις
695 1336 770 1399 ὡς
799 1338 833 1405 ἡ
870 1335 1005 1408 μετὰ
1035 1337 1265 1411 χάριτος
1310 1334 1548 1393 εὐποιία.
1601 1333 1705 1389 Κᾶν
1764 1334 1992 1412 ἀφέλοιο

333 1426 396 1480 τὸ
482 1425 814 1501 εὐεργετικὸν
900 1428 1007 1479 τῶν
1063 1425 1344 1500 ἀρχόντων
1377 1469 1391 1494 ,
1453 1424 1701 1499 εὑρήσεις
1755 1423 1991 1486 ἐκείνους

338 1512 686 1583 ἀλαλάζοντα
714 1513 990 1586 τύμπανα,
1034 1512 1068 1567 ἃ
1098 1512 1301 1569 κτύπον
1330 1508 1551 1589 ἔχουσιν
1602 1512 1653 1567 ἐν
1702 1518 1782 1585 τῷ
1840 1513 1992 1586 μᾶλ-

338 1602 435 1659 λον
469 1603 605 1657 εἶναι
636 1604 779 1657 κενά.
811 1600 963 1657 Οὕτω
1013 1602 1101 1658 καὶ
1157 1602 1320 1679 λόγος
1349 1604 1473 1679 παρ’
1507 1604 1769 1679 ἄρχουσιν
1822 1605 1994 1677 ἄπρα-

339 1712 491 1760 κτος,
540 1696 787 1766 κρεῖττον
842 1693 901 1746 ὃν
948 1693 1042 1746 τὸν
1101 1689 1396 1765 δυνάμενον
1454 1695 1511 1748 εὖ
1567 1698 1747 1747 ποιεῖν
1808 1693 1997 1766 πρᾶξιν

340 1776 487 1854 ἔχειν
520 1780 609 1834 τὸν
644 1777 811 1855 λόγον
844 1781 879 1851 ἢ
929 1779 1161 1856 λέγοντα
1212 1780 1379 1854 μόνον
1408 1783 1499 1836 τὸν
1534 1780 1776 1857 ἄρχοντα
1806 1779 1997 1854 ψεύδε-

343 1880 485 1933 σθαι.
546 1869 647 1926 Καὶ
695 1868 992 1945 μαρτύριον
1034 1868 1262 1943 ἂψευδὲς
1318 1873 1373 1924 αἱ
1432 1869 1743 1947 ὠφελοῦσαι
1775 1872 1996 1947 βοτάναι

342 1958 535 2030 καὶτῷ
570 1959 676 2033 βίῳ
724 1962 833 2013 τῶν
886 1958 1188 2033 ἀνθρώπων
1239 1961 1537 2034 χρήσιμοι,
1569 1958 1624 2014 α’ί
1650 1958 1717 2028 δὴ
1754 1960 1998 2034 σιγηλῶς

342 2048 404 2101 τὸ
451 2046 698 2121 ὠφελοῦν
753 2050 833 2120 [Ρ.
865 2050 991 2120 216]
1040 2045 1427 2124 προΐσχονται.
1483 2048 1548 2105 Εἰ
1589 2046 1646 2104 δέ
1699 2070 1851 2111 τινας
1902 2069 1994 2122 μι-

340 2134 623 2211 κρολόγως
671 2139 705 2205 ὴ
738 2140 845 2190 τῶν
874 2134 1178 2211 χρημὸίτων
1226 2138 1461 2192 ἀπουσία
1505 2137 1690 2207 λυπεῖ,
1742 2134 1995 2209 δειξάτωο

339 2246 432 2281 σαν
466 2226 666 2280 ἐκεῖνοι
695 2227 796 2295 τὴν
824 2225 1148 2301 παρουσίαν,
1187 2226 1240 2281 τί
1294 2228 1432 2303 πρὸς
1489 2224 1695 2297 ἡδονὴν
1745 2221 2000 2301 συμϐάλ-

346 2314 517 2370 λεται.
555 2315 651 2368 Καὶ
683 2314 729 2369 εἰ
760 2311 966 2384 ἡδονὴν
993 2320 1232 2385 ζητοῖεν,
1276 2315 1477 2388 πολλῷ
1521 2315 1754 2372 κάλλιον
1799 2318 1902 2387 τήν
1949 2316 1997 2371 τ’

344 2401 641 2459 ἐνεστῶσαν
688 2401 834 2478 ἔχειν
883 2403 973 2458 καὶ
1002 2405 1101 2473 τὴν
1161 2402 1472 2478 μέλλουσαν
1520 2403 1780 2475 ἐλπίζειν.
1832 2404 2001 2460 ἀπάν-

349 2621 721 2694 maximeque
742 2622 982 2695 despote
1003 2623 1468 2695 Joannis,quem
1502 2625 1574 2680 ad
1608 2624 1841 2696 quidvis
1873 2638 2005 2695 spe-

347 2712 601 2767 randum
625 2710 857 2783 magnis
879 2712 1114 2767 videbat
1135 2713 1427 2784 praesidiis
1446 2713 1829 2783 instructum,
1848 2712 2007 2768 forti-

348 2800 574 2857 tudinis
599 2798 822 2857 bellicaa
845 2804 931 2857 tot
951 2800 1287 2872 praeliorum
1311 2802 1686 2859 successibus
1708 2806 2004 2875 spectatae,

354 2889 654 2961 studiique
677 2907 817 2962 erga
846 2907 981 2946 eum
1015 2890 1293 2961 praecipui
1320 2892 1584 2947 omnium
1610 2898 1850 2964 propter
1879 2892 2008 2962 ejus

355 2977 968 3034 benevolentissimam
995 2979 1150 3035 820
1177 2978 1235 3034 in
1269 2979 1541 3034 donando
1572 2984 1629 3034 et
1658 2978 1942 3050 quidquid
1975 2994 2010 3033 a

360 3066 564 3137 quovis
593 3075 899 3140 rogaretur
946 3067 1167 3140 prolixe
1216 3069 1602 3140 gratiﬁcando
1651 3067 2007 3140 largitatem.

354 3153 500 3209 Nam
523 3155 667 3210 nihil
692 3157 777 3211 sic
793 3156 1024 3212 animos
1047 3155 1383 3211 mortalium
1408 3156 1748 3213 hominibus
1772 3156 2012 3227 subjicit

355 3248 418 3298 ut
450 3244 836 3301 beneficentia
866 3249 1030 3318 grate
1063 3262 1128 3302 ac
1158 3245 1479 3302 liberaliter
1509 3246 1794 3315 exercita;
1828 3262 2005 3318 quam

353 3333 403 3387 si
436 3333 807 3406 principibus
841 3335 1180 3401 abstuleris,
1213 3335 1476 3392 invenias
1510 3336 1642 3391 illos
1667 3336 1824 3391 aliud
1859 3335 2007 3390 nihil

353 3422 470 3477 nisi
504 3428 787 3495 tympana
816 3424 1177 3491 resonantia,
1198 3442 1325 3497 quae
1349 3442 1415 3481 eo
1441 3425 1575 3497 plus
1603 3430 1875 3498 strepunt
1897 3441 2012 3496 quo

353 3512 546 3583 magis
577 3517 720 3566 sunt
749 3529 954 3569 vacua.
984 3513 1199 3569 Horum
1232 3514 1390 3570 enim
1424 3515 1588 3570 inani
1620 3531 1764 3569 sono
1790 3514 2015 3569 similia

354 3604 492 3655 sunt
514 3601 808 3672 promissa
827 3601 1162 3674 principum
1183 3602 1390 3658 effectu
1413 3607 1694 3674 sequente
1708 3604 2013 3668 destituta,

355 3702 491 3742 eum
529 3688 741 3744 melius
775 3688 949 3762 longe
979 3691 1078 3761 sit,
1108 3706 1242 3746 eum
1277 3691 1379 3762 qui
1411 3696 1602 3762 potest
1628 3692 1820 3763 reipsa
1852 3692 2013 3760 dare,

355 3775 504 3830 nihil
537 3777 808 3843 dicendo,
832 3780 934 3834 sed
959 3778 1082 3834 vice
1113 3780 1428 3835 verborum
1465 3796 1640 3850 opera
1667 3780 2014 3849 exhibendo,

355 3881 536 3936 quam
591 3867 967 3939 pollicentem
1001 3885 1129 3940 quas
1182 3870 1428 3926 minime
1489 3869 1700 3924 deinde
1756 3873 2010 3940 praestet,

354 3954 681 4026 principem
736 3958 995 4012 mentiri.
1042 3959 1227 4029 Hujus
1259 3957 1342 4014 rei
1389 3958 1771 4013 manifestum
1820 3974 2014 4013 exem-

358 4042 522 4115 plum
554 4045 751 4100 videre
804 4051 893 4101 est
924 4046 980 4100 in
1016 4046 1215 4102 herbis
1262 4047 1507 4103 utilibus
1537 4046 1667 4101 vites
1717 4045 2011 4117 humanae,

357 4133 723 4203 quzsjuvant
753 4138 810 4189 et
852 4151 968 4190 non
1004 4138 1326 4206 loquuntur
1374 4151 1698 4207 succosque
1747 4134 2014 4191 salubres

359 4222 555 4277 tacitae
582 4222 926 4279 ministrant
954 4240 1119 4293 suos,
1138 4241 1203 4280 eo
1224 4225 1511 4297 gratiores
1535 4241 1651 4296 quo
1680 4224 2014 4297 simplicius

358 4312 418 4364 et
445 4311 516 4365 ab
540 4311 863 4367 ambitione
883 4313 1240 4383 disjunctius
1264 4318 1527 4385 prosunt.
1557 4313 1775 4378 Quodsi
1799 4313 2014 4385 quibus

356 4415 529 4455 avare
559 4399 815 4456 sordidis
837 4401 996 4457 dolet
1025 4403 1349 4475 abjungere
1378 4421 1411 4457 a
1442 4419 1504 4459 se
1543 4404 1810 4459 donando
1841 4420 2016 4475 pecu-

356 4487 543 4554 niam,
561 4490 734 4561 cujus
758 4498 1127 4562 aconspectu
1152 4496 1384 4547 remotae
1406 4493 1768 4548 desiderium
1793 4492 2017 4548 scilicet

357 4593 474 4631 non
527 4579 744 4633 ferunt.
778 4579 819 4632 ii
851 4595 1073 4649 quaeso,
1098 4579 1296 4636 dicant
1343 4598 1523 4652 quam
1578 4597 1775 4636 veram
1809 4587 1866 4637 et
1896 4598 2012 4637 non

356 4665 769 4736 imaginariam
828 4668 1190 4740 voluptatem
1256 4686 1640 4725 nummorum
1695 4670 1841 4741 ipsis
1901 4635 2089 4726 subD

356 4755 545 4811 oculis
574 4761 632 4812 et
662 4757 721 4811 in
755 4773 931 4812 manu
963 4759 1291 4830 positorum
1338 4759 1544 4815 afferat
1590 4760 1922 4829 prasentia.
1953 4759 2011 4815 Si

355 4845 613 4917 gaudere
643 4851 931 4917 quaerunt,
964 4849 1114 4918 quod
1158 4848 1439 4919 gaudium
1485 4865 1551 4904 eo
1602 4850 1820 4920 majus,
1855 4850 2012 4921 quod

355 4932 448 4989 vel
478 4950 736 5005 praesens
767 4934 1070 5008 largiendo
1102 4937 1424 5009 percipitur
1450 4937 1538 4992 vel
1570 4942 1728 4993 certo
1755 4938 1892 4994 inde
1923 4955 2013 4994 se-

356 5026 641 5078 cuturum
690 5024 1002 5094 speratur?
1046 5025 1325 5081 Homines
1348 5027 1473 5097 jam
1507 5042 1663 5081 nunc
1714 5026 2014 5082 beneﬁciis

357 5109 554 5165 affecti
584 5112 989 5169 benefactores
1022 5114 1550 5170 acclamationibus
1582 5117 1795 5171 faustis
1824 5116 2014 5171 laudi-

356 5198 592 5270 busque
630 5201 995 5257 dulcissimis
1037 5203 1347 5259 cumulant
1378 5220 1391 5258 :
1427 5205 1577 5260 Deus
1608 5210 1804 5260 autem
1835 5206 2013 5261 etiam

357 5290 420 5344 in
447 5291 707 5346 futurum
732 5292 996 5365 ingentia
1017 5311 1078 5350 se
1105 5310 1494 5366 reponsurum
1537 5296 1837 5352 beneficiis
1871 5314 2014 5368 pra;-

361 5381 480 5437 mia
511 5384 843 5439 conﬁrmat.
873 5386 1072 5442 Sciant
1101 5392 1298 5443 autem
1331 5389 1618 5458 ejusmodi
1643 5390 2017 5461 angustiani-

361 5472 443 5529 mi
480 5475 773 5547 principes
796 5495 979 5534 unum
1002 5479 1185 5534 istum
1209 5480 1357 5552 ipsis
1385 5480 1683 5553 proprium
1705 5486 1763 5537 et
1785 5497 2019 5552 se'uper

362 5579 712 5620 mansurum
730 5565 1062 5622 divitiarum
1080 5573 1465 5625 constitutum
1483 5570 2015 5643 fructum,gloriam

362 5668 497 5723 qua;
522 5669 592 5708 ex
622 5655 1041 5713 distributione
1071 5656 1337 5729 ipsarum
1368 5658 1427 5713 in
1453 5674 1655 5715 eorum
1688 5676 1901 5716 nomen
1935 5676 2014 5717 re-

358 5740 610 5801 dundat.
642 5743 786 5801 Nam
821 5744 1043 5818 alioqui
1094 5746 1442 5805 Ptolemmus
1479 5748 1807 5806 Alexander
1831 5754 1889 5806 et
1920 5748 2021 5807 ille

2100 624 2405 699 χνουμένου
2457 626 2519 679 τὸ
2582 623 2814 698 μέλλον.
2875 630 3132 680 ’Ίστωσαν
3188 624 3231 680 δ’
3275 624 3356 680 ὅτι
3414 624 3759 699 Πτολεμαίου

2105 714 2199 786 μὲν
2230 714 2317 767 καὶ
2366 712 2726 789 Ἀλεξάνδρου
2758 715 2843 768 καὶ
2873 718 2971 768 τοῦ
3019 716 3117 783 τὴν
3157 714 3434 789 βασιλείαν
3486 720 3555 789 τῇ
3607 715 3760 791 εὐερ-

2099 801 2251 873 γεσίᾳ
2282 804 2563 877 ὁρίζοντος
2592 805 2681 877 (οὐ
2728 805 2829 879 γὰρ
2882 798 2999 878 ἔχω
3047 804 3223 879 λέγειν
3272 802 3537 877 τοῦνομα,
3604 808 3763 878 οἶμαι

2103 890 2179 957 δὲ,
2239 897 2396 954 Τῖτος
2454 893 2546 965 ἦν)
2603 897 2770 947 ταῦτα
2826 894 2892 947 τὰ
2948 895 3234 968 χρήματα,
3293 891 3362 947 δι’
3425 892 3498 947 ὧν
3550 895 3763 955 ἕαυτοῖς

2102 981 2573 1050 προσέοιήσαντες
2645 982 2743 1048 τὴν
2810 980 3069 1035 ἀθάνατον
3149 977 3394 1036 εὔκλειαν
3467 984 3604 1054 ἡμῖν
3671 981 3763 1035 καὶ

2104 1064 2256 1130 αὖθις
2315 1067 2523 1145 ἀφῆκαν
2577 1067 2744 1140 μηδὲν
2776 1066 3201 1141 δαπανήσαντες.
3259 1069 3356 1123 Καὶ
3417 1070 3575 1132 οὗτός
3620 1069 3760 1125 ἐστιν

2102 1153 2446 1227 ἀδαπάνητος
2504 1157 2769 1226 πλοῦτος,
2819 1161 2852 1226 ἡ
2923 1158 3175 1227 εὐποιία,
3230 1160 3292 1227 ἣν
3352 1158 3555 1221 ἐκεῖνος
3614 1157 3760 1234 ἔχων

2103 1246 2241 1321 πρὸς
2266 1246 2466 1307 πάντας
2498 1247 2585 1300 καὶ
2622 1247 2755 1323 ὑπὲρ
2814 1246 3059 1321 βασιλεῖς
3109 1246 3406 1316 ἐκλείζετο.
3456 1250 3613 1303 Ταῦτ’
3662 1246 3765 1324 ἄρα

2102 1334 2192 1389 καὶ
2261 1334 2703 1407 ὑποπτευόμενος
2780 1333 2969 1391 πολλὰ
3038 1342 3337 1411 παρῃτεῖτο
3404 1343 3512 1391 τῶν
3568 1333 3763 1395 ὄντων.

2106 1424 2221 1491 Τὴν
2251 1423 2352 1497 γὰρ
2385 1422 2567 1499 ἀρχὴν
2600 1422 2925 1499 ἐνεχωρεῖτο
2953 1423 3136 1497 ’τούτῳ
3187 1426 3262 1497 μὴ
3313 1424 3396 1480 ὅτι
3434 1424 3767 1501 βαρδαρειώ-

2104 1533 2198 1574 τας
2224 1512 2313 1566 καὶ
2347 1513 2726 1587 κορτιναρίους
2763 1512 2928 1586 μόνον
2959 1512 3047 1567 καὶ
3079 1512 3205 1575 τοὺς
3256 1513 3341 1567 ἐπὶ
3372 1519 3468 1568 τοῦ
3499 1519 3766 1578 κοιτῶνος

2107 1600 2274 1677 ἔχειν,
2332 1601 2421 1656 καί
2478 1622 2541 1676 γε
2595 1601 2724 1665 τοὺς
2785 1602 2873 1657 ἐπὶ
2931 1610 3031 1672 τῆς
3062 1602 3392 1678 εἶσαγωγῆς,
3428 1602 3519 1665 οὓς
3554 1600 3621 1672 δή
3671 1603 3766 1657 καὶ

2107 1691 2517 1767 ³ιξταιρειάρχους
2549 1691 2823 1766 λέγουσιν,
2860 1691 3002 1747 ἆλλά
3058 1713 3109 1746 τι
3164 1693 3255 1746 καὶ
3294 1692 3465 1747 πλέον
3525 1697 3633 1746 τῶν
3666 1699 3766 1761 τῆς

2112 1781 2403 1856 βασιλικῆς
2460 1780 2749 1857 θεραπείας
2807 1780 3250 1857 συνεπιφέρεσθαι
3283 1827 3295 1840 .
3355 1780 3508 1839 Ἀλλ’
3570 1781 3646 1843 εἷς
3704 1781 3765 1835 τὸ

2109 1870 2337 1942 πρόσθεν
2397 1868 2493 1924 ῒὼν
2557 1868 2845 1942 ἐξησθένει,
2901 1871 2969 1924 τὰ
3028 1872 3122 1944 μὶν
3184 1872 3345 1941 ἑκὼν,
3402 1871 3469 1925 τὰ
3520 1868 3566 1925 δ’
3624 1868 3769 1925 ἄκων

2108 1959 2680 2036 προσαφαιρούμενοςο
2730 1961 2821 2013 καὶ
2874 1960 2978 2034 γὰρ
3037 1960 3129 2015 καὶ
3183 1961 3246 2015 τὸ
3290 1959 3434 2016 πολὺ
3482 1968 3583 2029 τῆς
3613 1959 3766 2014 οἷκο-

2106 2046 2301 2120 νομίας
2335 2047 2612 2123 ἀφῄρητο.
2646 2051 2820 2112 Νῆσοι
2851 2050 2956 2124 γὰρ
2991 2053 3154 2103 πᾶσαι
3198 2050 3262 2103 τὸ
3317 2051 3605 2124 πρότερον,
3660 2051 3769 2105 Μι-

2106 2135 2319 2207 τυλήνη
2353 2134 2501 2210 λέγω
2530 2136 2619 2191 καὶ
2668 2134 2879 2207 Ῥόδος,
2940 2136 3030 2191 καὶ
3080 2139 3215 2191 κατᾶ
3269 2145 3372 2212 γῆν
3420 2136 3655 2192 πλεῖστά
3706 2158 3767 2193 τε

2107 2225 2197 2280 καὶ
2252 2226 2474 2300 μέγιστά
2505 2226 2556 2280 οἱ
2601 2225 2677 2287 εἰς
2726 2223 2967 2301 αύτὸίρκη
3017 2226 3277 2301 πρόνοιαν
3323 2227 3484 2295 ἦσαν.
3528 2223 3661 2281 Τότε
3710 2224 3770 2281 δὲ

2108 2314 2201 2369 καὶ
2240 2314 2339 2383 τὴν
2392 2312 2647 2370 δουλείαν
2680 2313 2954 2388 ἐμφαίνων
3011 2314 3152 2390 πρὸς
3204 2316 3296 2370 τὸν
3355 2315 3549 2371 νεωστὶ
3611 2316 3770 2391 βασι-

2112 2401 2361 2473 λεύοντα,
2394 2400 2448 2458 εἷ’
2471 2402 2578 2458 πού
2609 2424 2660 2458 τι
2690 2403 2782 2458 καὶ
2828 2403 2904 2465 εἰς
2953 2401 3276 2480 φιλοτιμίας
3308 2404 3470 2480 λόγον
3503 2402 3771 2481 χλαμύδα

2117 2621 2270 2676 alius
2315 2621 2550 2693 (nomen
2602 2638 2759 2677 nunc
2808 2639 2923 2677 non
2974 2622 3274 2691 occurrit),
3301 2621 3401 2693 qui
3452 2621 3767 2678 utilitatem

2116 2710 2485 2782 principatus
2509 2709 2633 2765 sola
2670 2710 2990 2766 definiebat
3020 2710 3296 2767 facultate
3325 2711 3474 2767 bene
3505 2710 3773 2767 merendi

2116 2801 2185 2855 de
2218 2799 2559 2855 hominibus
2590 2800 2785 2871 (Titus
2814 2800 3040 2871 opinor,
3067 2800 3119 2855 is
3152 2802 3311 2870 fuit),
3342 2817 3441 2856 eas
3472 2801 3632 2872 ipsas
3666 2817 3771 2872 pe-

2117 2888 2344 2959 cunias,
2370 2889 2591 2959 quibus
2614 2888 2930 2961 largiendis
2952 2888 3279 2945 immortale
3305 2890 3605 2945 consecuti
3632 2894 3774 2945 sunt

2119 2978 2319 3044 decus,
2350 2977 2799 3048 inconsumptas
2831 2979 3049 3048 poteris
3080 2979 3384 3034 moriendo
3424 2979 3776 3034 transmise-

2120 3071 2278 3135 runt,
2295 3083 2481 3121 unum
2504 3082 2571 3120 ex
2597 3065 2740 3137 ipsis
2765 3066 2973 3121 lucrati
3001 3067 3221 3122 bonum
3244 3066 3659 3133 inamissibile,
3676 3068 3777 3123 be-

2119 3156 2462 3211 neficiorum
2500 3156 2714 3210 famam
2748 3159 3045 3211 eternam.
3074 3159 3199 3219 Qua
3244 3156 3503 3211 Joannes
3535 3155 3779 3228 despota

2039 3267 2082 3333 ρ
2120 3244 2236 3299 late
2265 3243 2459 3299 clarus
2483 3244 2630 3300 321
2660 3246 2816 3316 apud
2841 3262 3068 3314 omnes,
3090 3244 3223 3316 plus
3246 3245 3424 3301 etiam
3453 3262 3631 3316 quam
3667 3246 3779 3301 im-

2121 3338 2418 3406 peratores
2450 3333 2584 3405 ipsi,
2619 3333 3066 3405 praedicabatur.
3091 3334 3238 3389 Hinc
3262 3333 3534 3390 videlicet
3561 3333 3619 3388 in
3642 3351 3778 3391 sus-

2122 3423 2381 3495 piciones
2421 3422 2761 3477 incurrebat
2809 3422 3212 3494 regnantium;
3246 3423 3463 3493 quibus
3514 3421 3600 3477 illi
3649 3422 3773 3478 sol-

2120 3512 2262 3567 liciti
2295 3511 2414 3567 acri
2459 3529 2601 3567 cura
2649 3511 3074 3567 incumbebant
3120 3512 3193 3566 ad
3241 3511 3668 3567 detrahendum
3700 3513 3774 3567 de

2123 3600 2335 3671 opibus
2357 3601 2486 3671 ejus
2509 3605 2833 3671 caateraque
2861 3600 3068 3671 gloria,
3094 3605 3378 3671 quantum
3406 3601 3550 3656 citra
3581 3602 3776 3656 decla-

2124 3690 2237 3744 rati
2271 3689 2387 3744 odii
2415 3688 2710 3760 publicam
2736 3690 3162 3761 professionem
3190 3693 3444 3761 possent.
3468 3693 3614 3745 Cum
3640 3706 3776 3762 ergo

2125 3777 2415 3849 principio
2449 3792 2795 3833 concessum
2829 3777 2879 3832 ei
2913 3777 3122 3834 fuisset
3157 3795 3269 3833 non
3305 3779 3690 3835 Bardareotas
3721 3783 3779 3834 et

2124 3865 2468 3945 cortinarios
2500 3865 2690 3921 solum
2725 3883 2792 3922 ac
2838 3868 3142 3936 praefectos
3175 3866 3433 3922 cubiculi
3469 3867 3684 3929 habere
3716 3868 3776 3922 in

2125 3954 2455 4010 ministerio
2488 3954 2827 4024 domestico,
2856 3955 2957 4010 sed
3006 3958 3063 4011 et
3111 3955 3588 4020 admissionales,
3623 3971 3775 4028 quos

2124 4043 2539 4100 hetaeriarchas
2570 4042 2798 4109 dicunt,
2831 4046 2889 4097 et
2922 4042 2971 4098 si
3003 4042 3145 4113 quid
3177 4043 3271 4099 his
3301 4043 3557 4115 amplius
3588 4044 3648 4099 in
3682 4061 3778 4100 re-

2123 4135 2218 4205 gio
2250 4135 2366 4188 fere
2392 4132 2668 4188 satellitio
2690 4137 2983 4199 censetur,
3015 4147 3371 4203 quocunque
3392 4134 3503 4189 iret
3522 4133 3779 4188 circum-

2125 4224 2337 4278 ducere
2384 4220 2567 4276 libere
2616 4221 2996 4292 permissum,
3029 4221 3304 4292 deinceps
3344 4220 3457 4276 ista
3506 4224 3779 4277 contrahi

2123 4311 2347 4368 sensim
2382 4328 2449 4367 ac
2492 4309 2766 4382 restringi
2797 4314 2986 4381 coepta
3027 4317 3185 4372 sunt,
3220 4311 3392 4365 modo
3443 4310 3553 4366 hoc
3601 4312 3777 4366 modo

2124 4403 2238 4460 alio
2272 4418 2341 4456 ex
2371 4401 2491 4457 illis
2540 4400 2831 4472 privatum
2864 4401 3195 4457 excedentis
3243 4402 3480 4457 modum
3534 4401 3778 4457 honoris

2123 4491 2464 4563 insignibus
2512 4492 2746 4555 ablatis,
2780 4508 2938 4547 nunc
2984 4491 3132 4563 ipso,
3168 4492 3319 4563 quod
3374 4492 3455 4547 ita
3505 4492 3779 4563 expedire

2124 4580 2368 4637 sentiret
2397 4579 2631 4636 invidiae
2672 4581 2983 4652 placandae,
3018 4584 3226 4654 sponte
3264 4582 3596 4649 abdicante,
3620 4598 3777 4636 nunc

2122 4670 2379 4726 dominis
2428 4670 2515 4725 vel
2568 4670 2641 4726 ab
2701 4670 2881 4725 invito
2936 4671 3358 4726 auferentibus.
3395 4671 3545 4737 Quin
3597 4670 3775 4726 etiam

2125 4760 2493 4832 splendorem
2533 4761 2665 4830 ejus
2713 4759 3028 4815 obscurare
3061 4760 3452 4816 domesticum
3488 4776 3603 4815 non
3636 4777 3773 4815 con-

2122 4850 2294 4917 tenti,
2326 4847 2638 4921 plerasque
2688 4847 2983 4903 attributae
3034 4847 3173 4902 olim
3224 4849 3530 4919 potestatis
3582 4854 3777 4919 partes

2124 4940 2408 5013 paulatim
2442 4939 2735 5009 carpendo
2767 4940 3166 5005 resumebant,
3191 4938 3368 4993 simul
3402 4938 3774 5011 dignitatem,

2126 5028 2303 5086 simul
2334 5029 2465 5099 ejus
2494 5027 2855 5083 sustinendae
2890 5026 3294 5091 fundamenta,
3331 5031 3645 5098 proventus
3676 5044 3777 5100 pe-

2126 5119 2312 5176 cuniis
2343 5134 2595 5183 annuos,
2629 5116 3015 5188 malignitatis
3048 5118 3175 5187 jam
3208 5117 3359 5173 male
3390 5117 3776 5174 dissimulatis

2127 5209 2369 5265 minime
2401 5207 2653 5262 obscura
2700 5205 3069 5277 grassatione
3118 5206 3472 5262 minuentes.
3507 5208 3657 5263 Data;
3688 5207 3776 5263 illi

2128 5299 2293 5371 prius
2321 5296 2528 5352 insulas
2563 5296 2792 5351 fuerant
2823 5294 3115 5367 plerasque
3153 5311 3259 5351 nec
3301 5314 3507 5367 parum
3544 5298 3777 5365 uberes,

2125 5386 2420 5459 Mitylene,
2452 5384 2724 5456 inquam,
2745 5389 2803 5439 et
2832 5385 3069 5440 Rhodus
3092 5385 3358 5458 aliaeque,
3388 5390 3515 5442 tum
3547 5387 3605 5441 in
3639 5404 3779 5443 con-

2125 5476 2335 5533 tinenti
2397 5472 2655 5546 plurima
2715 5474 3089 5546 maximaque
3134 5477 3451 5543 territoria,
3487 5479 3642 5532 unde
3692 5476 3778 5532 illi

2128 5565 2427 5623 mercedes
2451 5564 2520 5619 ad
2544 5563 2761 5617 victum
2786 5570 3216 5637 sumptumque
3240 5570 3515 5621 caeterum
3542 5566 3782 5637 amplis-

2129 5660 2291 5714 simae
2340 5654 2616 5711 redirent.
2648 5653 2890 5711 Cunctis
2938 5654 3102 5711 hisce
3133 5656 3410 5727 demptis,
3437 5673 3555 5712 non
3608 5657 3781 5714 modo

2128 5750 2188 5805 in
2222 5746 2512 5815 ordinem,
2542 5745 2646 5802 sed
2676 5749 2734 5802 et
2764 5745 2824 5802 in
2864 5749 2989 5803 tam
3034 5745 3319 5803 miserum
3354 5746 3658 5804 servitutis
3688 5764 3784 5805 re-
