4112 6408
360 418 466 474 771

1673 408 1975 465 GEORGII
2011 408 2475 465 PACHYMERB

3672 411 3791 467 7-72

365 541 512 615 παρὰ
566 535 835 615 βασιλέως
894 528 1188 606 ἐλάμϐανε,
1252 532 1422 606 μέγας
1466 526 1539 585 ὥν
1602 536 1821 605 μικροῖς
1880 532 2013 603 ἱμα-
2043 535 2097 600 Α
2126 525 2242 585 ὄντι
2302 530 2503 606 χρόνος
2562 526 2806 605 ἐτρίϐετο
2850 528 3131 603 πλεῖστος,
3165 532 3264 587 οὐκ
3295 529 3399 587 οἷδ’
3429 533 3457 587 ὃ
3485 554 3539 588 τι
3568 534 3789 607 παθὼν,

364 630 509 691 τίοις
562 629 653 683 καὶ
713 626 789 688 εἷς
820 625 951 699 γόνυ
989 621 1149 695 μόλις
1203 618 1646 694 περιεστέλλετο,
1677 621 1767 675 καὶ
1800 623 1827 675 6
1863 620 2014 695 ἥρως

366 720 568 781 ἐκεῖνος
603 717 689 772 ἐπὶ
746 720 854 770 τῶν
897 712 1207 785 ἀνακτόρων
1256 708 1400 764 πολὺ
1448 708 1614 763 πλέον
1664 716 1781 771 ταῖς
1833 708 2016 763 παιδι-

363 816 485 872 καῖς
517 810 858 883 ἀμπεχόναις
890 803 1236 879 ἐνηγλαίζετο
1388 806 1505 862 τοῖς
1562 798 1725 862 ἰδίοις
1759 801 1848 855 καὶ
1881 801 2017 856 κατὰ

363 900 566 971 τρόπον
622 902 717 952 τοῦ
769 896 1021 967 σώματος
1051 891 1293 967 ἔχουσιν.
1340 890 1529 952 Οὕτως
1578 890 1783 952 ἐκεῖνος
1817 890 1877 945 ἐκ
1908 894 2015 945 τῶν

366 987 465 1059 ἔξω
497 988 587 1042 καὶ
620 990 701 1049 οἷς
732 984 924 1053 ἐποίει,
955 984 1054 1050 τὴν
1086 979 1237 1036 ἔνδον
1273 977 1507 1043 διάθεσιν
1556 982 1642 1035 καὶ
1677 978 1709 1033 ἃ
1738 979 2015 1055 ἐλογίζετο

361 1077 769 1151 παρενέφαινεν,
820 1072 958 1126 ὅπου
987 1070 1077 1124 καὶ
1109 1069 1276 1137 αὐτὴν
1329 1066 1393 1133 δη
1444 1071 1541 1135 την
1577 1066 1664 1121 διὰ
1723 1066 2012 1141 μαργάρων

361 1164 675 1239 καλύπτραν
734 1161 823 1216 καὶ
880 1160 946 1215 τὰ
1003 1158 1267 1231 όξύλευκα
1324 1156 1627 1231 παράσημα
1684 1152 2012 1221 ἀπεϐάλετο,

361 1254 499 1309 κατά
552 1253 754 1325 τρόπον
813 1251 872 1309 ’ὃς
929 1249 1020 1303 καὶ
1083 1249 1199 1320 μετ’
1256 1246 1319 1301 οὐ
1378 1244 1523 1300 πολὺ
1585 1245 1902 1320 ῥηθήσεται,
1952 1246 2013 1299 τὸ

358 1343 610 1399 ταπεινὸν
643 1341 817 1411 ἐαυτῷ
847 1342 1099 1415 προνοῶν
1148 1334 1237 1391 διὰ
1287 1337 1351 1390 τὸ
1384 1334 1581 1390 ἐκεῖθεν
1634 1334 1872 1411 ἀσφαλὲς
1922 1335 2013 1388 καὶ

357 1435 537 1503 πάσης
567 1428 920 1507 καχυποψίας
951 1428 1240 1500 ἀνώτερον.

358 1546 427 1604 λ’.
490 1550 603 1622 Τοῦ
665 1539 1351 1622 μεγάλου-κονοσταύλου
1430 1544 1554 1622 τοῦ.
1593 1539 2013 1622 Ταρχανειώτου

431 1620 569 1693 πρὸς
652 1610 758 1673 τὸν’
832 1615 1087 1691 πενθερὸν
1181 1612 1347 1668 αὐτοῦ
1434 1610 2012 1684 Ἰωάννην’⁷αύτομό-

434 1692 618 1762 λησις.

433 1792 511 1863 [Ρ.
548 1789 673 1859 217]
707 1784 885 1842 Ἀλλὰ
912 1786 1176 1859 πρότερον
1210 1782 1245 1852 ἢ
1294 1787 1455 1838 τοῦτο
1490 1781 1746 1858 ῥηθῆναι,
1788 1782 1850 1835 τὸ
1879 1779 2015 1835 κατὰ

2128 621 2201 682 ὡς
2262 618 2307 674 δ’
2340 622 2367 675 6
2396 626 2505 675 τῶν
2537 619 2765 675 πολλῶν
2819 619 2983 697 λόγος
3012 618 3151 696 ἔχει,
3183 626 3260 694 τῷ
3290 620 3512 697 ἀδελφῷ
3545 623 3785 700 Μιχαὴλ

2128 710 2334 786 ὑστέρῳ
2394 732 2454 783 γε
2514 707 2627 765 ὄντι
2679 710 2843 765 αὐτοῦ
2888 711 2963 773 εἷς
3016 714 3183 785 μέγαν
3235 709 3559 785 δομέστικον
3613 734 3788 768 κατα-

2127 800 2309 854 στάντι
2362 798 2597 875 ἐγκοτῶν
2643 800 2910 869 ἐκτόπως,
2946 798 3015 854 δι’
3046 801 3208 855 αὐτὸν
3256 799 3312 855 δὲ
3362 802 3562 873 καὶτῷ
3609 806 3783 876 τιμή-

2128 911 2299 957 σαντι,
2338 887 2546 965 βουλὴν
2584 889 2902 965 βουλεύεται
2937 890 3056 945 λίαν
3088 891 3316 966 αῗσχρὰν
3350 892 3440 945 καὶ
3470 897 3567 947 τοῦ
3596 894 3790 968 γένους

2124 978 2361 1050 ἀναξίαν.
2415 978 2507 1040 Εἲς
2547 983 2667 1033 νοῦν
2719 979 2822 1059 γὰρ
2880 978 3228 1055 βαλλόμενος
3277 979 3604 1052 αὐτομολεῖν
3646 983 3791 1055 πρὸς

2122 1069 2214 1123 τὸν
2249 1068 2529 1143 πενθερὸν,
2581 1067 2695 1123 ἐπεὶ
2728 1068 2779 1123 ἐν
2830 1070 3150 1124 καταστάσει
3197 1073 3305 1123 τῶν
3358 1069 3470 1125 ἐκεῖ
3526 1070 3792 1146 πραγμά-

2123 1162 2233 1212 τῶν
2287 1157 2456 1211 ὅντων
2492 1157 2591 1212 οὐκ
2619 1158 2819 1212 ἀνυστά
2849 1160 2901 1212 οἱ
2946 1158 3014 1212 τὰ
3067 1165 3169 1227 τῆς
3202 1158 3540 1231 αὐτομολίας
3587 1157 3786 1234 διέγνω

2123 1246 2426 1322 γίγνεσθαι,
2494 1254 2593 1316 τὴν
2667 1246 2754 1302 ἐπὶ
2820 1251 2919 1313 τῆς
2978 1248 3179 1322 πέτρας
3237 1249 3443 1319 σηπίην
3508 1254 3783 1322 μιμεῖται.

2127 1338 2341 1408 Ἐκείνη
2392 1338 2496 1411 γὰρ
2556 1338 2667 1409 (καὶ
2700 1342 2893 1392 σιωπῶ
2920 1338 3011 1392 τὸν
3047 1340 3271 1416 φυσικὸν
3328 1338 3491 1415 λόγον
3537 1338 3647 1414 οὐχ
3704 1340 3785 1402 ὡς

2125 1425 2391 1502 ἐξέρασμα
2420 1427 2484 1482 τὸ
2537 1426 2704 1499 μέλαν
2756 1424 3089 1502 δοχόμενον,
3123 1426 3250 1483 ἀλλ’
3281 1428 3535 1485 ἀκούσιον
3569 1426 3787 1504 διαχώ-

2125 1536 2278 1589 ρημα
2312 1515 2431 1591 ῥυὲν
2492 1515 2746 1593 ἐξαίφνης
2799 1521 2879 1587 τῷ
2933 1511 3091 1593 φόϐῳ
3150 1515 3590 1590 συστελλομένης
3647 1519 3785 1572 καθ-

2124 1607 2339 1673 εκτικῆς
2373 1602 2682 1677 δυνάμεως,
2731 1604 2778 1677 ᾦ
2810 1602 2875 1674 δὴ
2910 1606 3000 1659 καὶ
3051 1600 3466 1677 συμϐεϐηκότος
3514 1607 3578 1661 τὸ
3640 1610 3783 1675 ζῶον

2123 1693 2199 1756 εἷς
2237 1695 2492 1767 βοήθειαν
2526 1701 2732 1768 χρῆται
2756 1694 2845 1748 καὶ
2879 1692 3166 1770 ἀποφυγὴν
3196 1698 3305 1748 τῶν
3338 1692 3572 1766 δεινῶν),
3604 1693 3783 1766 ἐκείνη

2120 1783 2305 1837 τοίνυν
2360 1783 2591 1847 θέλουσα
2641 1783 2853 1858 φεύγειν
2890 1782 3017 1845 τοὺς
3069 1784 3307 1857 θηρατάς
3355 1783 3533 1857 ἐξεμεῖ
3587 1784 3638 1838 :6
3691 1785 3791 1856 μέ-

357 1878 451 1932 τὸν
510 1878 676 1951 μέγαν
726 1872 1093 1929 κονοσταῦλον
1146 1872 1240 1927 τὸν
1273 1871 1702 1946 Ταρχανειώτην
1738 1866 2015 1943 Ἀνδρόνι-
2046 1909 2093 1974 Β
2124 1870 2223 1927 λαν
2276 1873 2365 1927 καὶ
2420 1874 2515 1927 τὸν
2571 1872 2785 1927 πόντων
2848 1874 3094 1947 συγχέει,
3150 1872 3242 1927 καὶ
3304 1873 3447 1928 οὕτω
3507 1871 3664 1949 ῥᾳδία
3711 1877 3785 1947 τῇ

360 1988 455 2023 κον
506 1966 597 2021 καὶ
654 1965 871 2039 ἀνεψιὸν
920 1967 1017 2017 τοῦ
1073 1965 1404 2036 κρατοῦντος
1466 1959 1727 2035 λεγέσθω.
1778 1961 2017 2035 ’Έφθασε

362 2058 457 2130 μὲν
509 2058 538 2111 6
593 2054 755 2129 λόγος
786 2052 875 2108 καὶ
908 2047 1156 2125 γαμϐρὸν
1192 2047 1435 2121 ἀπέδειξε
1463 2052 1654 2104 τοῦτον
1690 2052 1787 2103 τοῦ
1836 2048 2014 2102 Δούκα

359 2146 619 2201 Ἰωάννου
647 2144 738 2197 καὶ
769 2142 819 2212 ἐξ
870 2142 1195 2213 ἀξιωμάτων
1247 2134 1768 2211 σεϐαστοκράτορος·
1819 2137 2013 2209 Τούτῳ

357 2236 541 2290 τοίνυν
598 2233 665 2288 τὰ
711 2232 849 2287 κατὰ
893 2231 993 2299 τὴν
1047 2225 1371 2303 Ὀρεστιάδα
1400 2248 1459 2282 τε
1510 2227 1600 2281 καὶ
1644 2226 1711 2281 τὰ
1760 2224 2012 2301 ἔνδότερα

353 2327 452 2378 τοῦ
508 2321 688 2395 Αἵμου
728 2320 1144 2395 ἐπιτετράφατο,
1201 2318 1293 2371 καὶ
1349 2320 1414 2385 ἦν
1476 2316 1623 2386 αὐτῷ
1673 2313 1886 2388 σύναμα
1941 2319 2009 2389 τῇ

356 2411 572 2490 γυναικὶ
625 2409 868 2482 κάθισμα
923 2409 958 2477 ἡ
1022 2404 1502 2481 ’Δδριανούπολις.
1552 2406 1639 2466 Ὡς
1677 2408 1808 2479 γοῦν
1841 2402 2013 2459 ἐκεῖσε

356 2630 563 2686 dactus
594 2629 684 2682 est
714 2625 989 2697 gradum,
1021 2626 1088 2678 ut
1121 2621 1317 2694 palam
1358 2623 1485 2693 jam
1520 2624 1859 2677 cerneretur
1888 2637 2017 2677 am-

358 2718 485 2773 bire
517 2715 710 2771 aulica
764 2714 1076 2770 sedulitate
1107 2714 1447 2784 Augustum
1494 2711 1816 2783 juniorem,
1851 2727 1917 2765 ac
1965 2711 2014 2765 si

359 2807 599 2879 quando
630 2805 681 2861 is
733 2804 868 2876 ipsi,
904 2803 1064 2859 velut
1110 2802 1169 2857 in
1221 2802 1528 2874 praemium
1577 2800 1869 2871 obsequii,
1902 2800 2013 2855 ali-

360 2912 540 2968 quam
574 2912 605 2951 e
635 2894 759 2950 suis
801 2893 1171 2965 chlamydem
1205 2892 1471 2957 donaret,
1504 2894 1833 2946 reverenter
1860 2889 2016 2944 acci-

360 2990 526 3057 peret
585 2984 993 3052 indueretque,
1045 2981 1157 3036 etsi
1213 2996 1310 3047 ea,
1363 2979 1577 3051 quippe
1636 2980 1707 3033 ad
1766 2979 2015 3033 formam

362 3074 625 3130 nondum
660 3072 829 3144 plene
859 3070 1046 3127 adulti
1077 3069 1384 3139 adaequata
1403 3069 1690 3139 corporis,
1714 3067 1856 3135 viro,
1879 3083 2018 3136 qua-

362 3161 436 3217 lis
477 3165 604 3217 erat
651 3160 799 3231 ipse,
835 3159 1100 3231 perfectas
1149 3157 1339 3213 aetatis
1384 3162 1741 3227 staturaeque
1789 3155 2018 3211 altioris

2128 1964 2207 2036 [P.
2249 1965 2375 2035 218]
2426 1959 2684 2039 φυγαδείᾳ
2742 1969 2967 2037 χρῆται.
3032 1963 3293 2024 Κάκεῖνος
3343 1968 3569 2037 συγχεῖν
3603 1961 3786 2027 θέλω)

2120 2054 2187 2106 τά
2215 2050 2512 2126 πράγματα
2562 2052 2636 2114 ὡς
2689 2051 3108 2127 βοηθησόμενος
3159 2051 3296 2127 πρὸς
3325 2054 3424 2121 τὴν
3479 2053 3651 2129 φυγὴν
3714 2055 3785 2126 τῇ

2121 2139 2402 2215 συγχύσει.
2455 2140 2727 2215 Τοχάρων
2774 2139 3009 2211 ἐξελθεῖν
3056 2141 3210 2216 γένος
3256 2141 3671 2215 παρασκευάζει,
3732 2139 3790 2195 οἵ

2120 2229 2209 2284 καὶ
2269 2230 2520 2307 φανέντες
2576 2231 2676 2299 τήν
2729 2233 2829 2306 γῆν
2862 2236 3039 2285 πᾶσαν
3070 2229 3281 2300 ἐκείνην
3315 2230 3533 2285 ἐπέθεον
3568 2230 3641 2292 ὡς
3692 2229 3787 2284 ἐπὶ

2119 2314 2297 2391 κέρδει
2357 2317 2776 2393 συγκληθέντες.
2824 2322 2895 2376 ’Ἀ
2952 2318 3133 2374 τοίνυν
3166 2320 3358 2375 ἐκεῖνοι
3412 2320 3475 2374 τὸ
3522 2315 3788 2389 τηνικάδε

2119 2405 2252 2469 τοὺς
2281 2406 2602 2482 ἀνθρώπους
2630 2405 2876 2485 ἔδρασαν,
2912 2406 3054 2464 ἰδίαν
3086 2410 3305 2464 ἀπαιτεῖ
3362 2406 3578 2484 σχολὴν
3638 2408 3784 2483 πρὸς

2126 2627 2390 2696 tempore
2420 2629 2707 2694 versatus,
2743 2629 2982 2695 repente
3024 2625 3224 2682 nescio
3255 2624 3395 2697 quid
3448 2640 3685 2696 passus,
3719 2628 3789 2681 ut

2126 2729 2261 2768 vero
2294 2713 2559 2785 plerique
2606 2715 2793 2781 aiunt,
2826 2715 3030 2770 audita
3075 2716 3444 2786 promotione
3477 2713 3786 2770 Michaelis

2128 2802 2326 2858 fratris
2356 2803 2446 2859 sui
2480 2803 2729 2859 minoris
2758 2804 2816 2859 in
2840 2804 3187 2875 dignitatem
3221 2804 3419 2874 magni
3449 2802 3780 2871 domestici,

2129 2892 2555 2948 incredibiliter
2582 2893 2845 2949 offensus
2886 2899 3007 2948 tam
3056 2893 3170 2964 ipsi
3220 2909 3396 2964 quam
3430 2893 3482 2948 ei
3515 2909 3548 2947 a
3581 2908 3700 2964 quo
3732 2891 3787 2949 is

2126 2981 2320 3036 fuerat
2350 2981 2409 3036 in
2443 2986 2621 3038 istum
2671 2988 2903 3038 evectus
2948 2983 3221 3054 gradum,
3255 2982 3327 3037 ad
3361 2982 3784 3053 cogitationem

2126 3070 2297 3126 valde
2328 3070 2775 3142 vituperabilem
2808 3074 2866 3126 et
2895 3086 3106 3142 genere
3134 3070 3437 3141 indignam
3462 3086 3569 3125 suo
3594 3069 3785 3141 appli-

2128 3164 2221 3215 cat
2267 3160 2557 3225 animum,
2609 3161 2921 3216 consilium
2980 3159 3171 3215 iniens
3226 3159 3659 3229 transfugiendi
3709 3158 3784 3214 ad

364 3268 574 3324 parum
609 3248 964 3305 conveniret.
999 3248 1144 3320 Ergo
1184 3247 1411 3302 videres
1460 3245 1638 3301 heroa
1685 3243 1852 3299 illum
1886 3248 2012 3300 tan-
2047 3263 2090 3330 ρ
2130 3266 2422 3305 socerum.
2456 3252 2604 3317 Qma
2632 3266 2764 3305 vero
2814 3248 3157 3320 tranquillo,
3191 3253 3257 3304 ut
3297 3252 3440 3303 tunc
3470 3252 3661 3318 erant,
3694 3264 3785 3303 re-

361 3345 489 3396 tum
524 3356 628 3412 per
677 3340 897 3411 regiam
944 3337 1143 3392 fratris
1185 3335 1377 3391 aulam
1431 3336 1614 3389 curtis
1671 3340 1727 3390 et
1772 3333 2016 3406 paulum

360 3432 535 3486 modo
567 3428 984 3485 excedentibus
1034 3425 1352 3497 puerilium
1405 3440 1744 3480 mensuram
1786 3424 2015 3478 tunica-

359 3536 493 3575 rum
554 3534 826 3591 mgreque
885 3518 955 3571 ad
1016 3532 1207 3586 genua
1270 3514 1581 3586 promissis
1639 3529 1769 3568 sese
1829 3512 2015 3568 multo

359 3610 557 3679 majus
588 3624 654 3662 ac
703 3604 986 3660 libentius
1025 3608 1323 3660 ostentare
1353 3603 1617 3657 vestibus
1650 3619 1829 3673 quam
1881 3618 2017 3673 pro-

356 3697 501 3769 priis
543 3712 573 3751 e
620 3712 727 3750 suo
778 3694 1102 3749 domestico
1156 3693 1545 3763 depromptis,
1580 3708 1805 3762 suoque
1851 3692 2014 3746 vide-

357 3785 496 3841 licet
552 3784 745 3854 ipsius
804 3782 1097 3854 adaptatis
1166 3782 1339 3837 modo
1400 3780 1679 3852 corporis.
1740 3781 1834 3835 Sic
1893 3780 2012 3846 ille,

359 3891 478 3946 qua
509 3873 663 3930 822
699 3872 932 3944 penitus
963 3875 1119 3927 esset
1149 3871 1207 3925 in
1250 3870 1447 3925 animo
1479 3871 1744 3937 affectus,
1780 3870 2013 3925 modes-

358 3968 479 4019 tam
515 3964 789 4032 fastuque
834 3960 1193 4033 superiorem
1248 3960 1406 4015 omni
1440 3959 1859 4014 demissionem
1910 3957 2011 4012 ba-

358 4052 484 4107 bitu
520 4051 813 4123 factisque
842 4049 1135 4123 gaudebat
1185 4048 1440 4105 exterius
1485 4049 1760 4119 proferre.
1797 4050 1919 4113 Quo
1954 4048 2013 4103 in

357 4156 570 4212 genere
600 4145 833 4213 tegmen
865 4155 1101 4211 quoque
1146 4139 1356 4211 capitis
1398 4137 1734 4208 margaritis
1765 4137 2014 4192 distinc-

358 4237 486 4289 tum
518 4238 575 4289 et
606 4251 676 4289 ex
706 4250 873 4288 roseo
904 4231 1215 4288 candentia
1254 4230 1528 4302 deposuit
1572 4230 1827 4301 insignia
1858 4229 2014 4285 ultro

359 4339 428 4378 ac
458 4323 684 4389 volens,
718 4327 783 4377 ut
816 4322 991 4394 paulo
1037 4325 1170 4390 post
1213 4320 1458 4388 dicetur,
1493 4318 1852 4388 obsequiosae
1886 4336 2013 4373 mo-

359 4412 561 4467 destia)
593 4412 903 4478 instinctu,
937 4409 1223 4465 humilem
1257 4408 1317 4462 in
1347 4424 1411 4463 se
1441 4408 1695 4479 speciem
1738 4409 2017 4463 affectans

361 4504 600 4573 propter
649 4504 945 4571 speratam
976 4515 1045 4553 ex
1075 4515 1139 4552 ea
1190 4495 1565 4551 securitatem
1614 4500 1670 4552 et
1724 4496 2012 4551 malarum

362 4591 437 4645 de
468 4606 531 4645 se
562 4587 967 4659 suspicionum
1000 4585 1374 4641 abolitionem
1410 4584 1665 4656 plenam.

447 4751 537 4807 30.
571 4748 765 4819 Magni
792 4747 1105 4804 conostauli
1140 4747 1512 4803 Tarchaniota
1543 4746 1623 4802 ad
1649 4748 1919 4803 Joannem

744 4823 921 4893 ipsius
951 4835 1196 4876 socerum
1227 4821 1625 4889 transfugium.

432 4948 543 5003 Sed
580 4946 694 5003 ista
726 4946 1071 5017 priusquam
1123 4944 1449 5012 referimus,
1482 4943 1555 4997 de
1593 4959 1807 5014 magno
1840 4959 2011 4998 cono-

365 5037 560 5093 etaulo
591 5035 925 5091 Andronico
951 5033 1346 5090 Tarchaniota
1375 5031 1593 5087 sororis
1616 5033 1864 5103 Augusti
1894 5032 2013 5088 ﬁlio

364 5126 615 5180 dicatur.
642 5124 807 5179 Hunc
831 5123 1005 5196 paulo
1027 5123 1301 5193 superius
1332 5121 1706 5176 narravimus
1731 5136 2013 5191 generum

358 5213 545 5269 fuisse
578 5214 798 5268 factum
838 5212 1006 5268 ducis
1036 5212 1297 5279 Joannis,
1331 5210 1618 5281 dignitate
1650 5210 2011 5265 sebastocra~

360 5301 506 5357 toris
541 5318 553 5355 :
589 5318 758 5373 porro
791 5302 978 5357 eidem
1014 5305 1145 5371 post
1188 5300 1333 5356 istas
1364 5299 1602 5369 nuptias
1631 5299 1852 5353 credita
1885 5300 2013 5355 fue-

358 5395 450 5447 rat
481 5390 832 5462 gubernatio
865 5390 1197 5461 provinciaa,
1232 5406 1362 5461 quae
1412 5392 1618 5460 praeter
1650 5388 2013 5444 Orestiadem

356 5486 415 5537 et
464 5480 796 5550 adjacentes
845 5478 984 5533 huic
1030 5482 1218 5533 terras
1268 5479 1448 5533 etiam
1498 5477 1781 5532 interiora
1830 5478 2010 5533 Haemi

356 5568 799 5640 complectitur;
836 5583 953 5639 qua
983 5582 1124 5620 cura
1156 5574 1213 5621 ut
1245 5567 1615 5622 commodius
1657 5582 1725 5621 ex
1773 5568 2013 5638 propin-

360 5675 477 5729 quo
508 5658 873 5725 fungeretur,
906 5654 1188 5709 domicilii
1221 5656 1421 5710 sedem
1458 5655 1835 5727 AdrianOpoli
1869 5658 2013 5712 fixe-

353 5751 463 5813 rat,
516 5742 621 5799 ubi
668 5758 803 5800 cum
865 5758 1043 5801 uxore
1105 5743 1464 5801 morabatur.
1517 5743 1605 5799 Ibi
1660 5742 1835 5816 longo
1886 5748 2013 5817 jam

2043 4633 2091 4697 D

2129 3356 2259 3394 rum
2293 3344 2449 3394 statu
2482 3345 2609 3395 tuto
2657 3344 2831 3410 atque
2878 3338 3121 3410 impune
3169 3337 3228 3393 id
3280 3355 3342 3392 se
3397 3338 3585 3393 facere
3616 3353 3788 3409 posse

2126 3428 2499 3498 desparabat,
2534 3444 2649 3499 quo
2699 3428 2747 3483 ei
2781 3444 2850 3483 ex
2880 3427 3174 3483 sententia
3229 3426 3528 3498 negotium
3582 3442 3791 3482 succe-

2126 3518 2307 3580 deret,
2342 3517 2565 3589 sepiam
2597 3517 2916 3572 haerentem
2947 3521 3123 3588 petras
3146 3516 3258 3571 sibi
3284 3515 3509 3588 putavit
3537 3515 3785 3571 imitan-

2125 3608 2282 3662 dam.
2312 3608 2393 3662 De
2423 3608 2604 3679 hujus
2627 3606 2911 3677 aquatica:
2939 3606 3261 3661 animantis
3293 3610 3505 3661 natura
3535 3606 3787 3661 breviter

2126 3698 2317 3752 dicere
2350 3714 2462 3751 non
2496 3696 2720 3761 omitto,
2752 3696 2907 3765 quod
2950 3694 3053 3765 qui
3096 3696 3483 3750 observarunt
3528 3694 3784 3765 diligen-

2124 3788 2267 3853 tius,
2296 3787 2532 3840 tradunt
2563 3802 2675 3839 non
2705 3801 2835 3840 esse
2860 3784 2942 3838 illi
2967 3789 3365 3839 atramentum
3391 3785 3447 3839 in
3476 3788 3784 3854 potestate,

2125 3876 2296 3947 quasi
2330 3876 2387 3930 id
2421 3879 2628 3946 sponte
2660 3890 2793 3929 cum
2816 3872 2941 3928 vult
2965 3878 3215 3943 evomat,
3250 3874 3348 3929 sed
3374 3877 3567 3929 atrum
3599 3873 3783 3928 istum

2123 3965 2411 4037 liquorem
2448 3964 2627 4034 piscis
2650 3963 2833 4033 hujus
2853 3962 3181 4018 visceribus
3211 3967 3559 4034 conceptum
3584 3952 3783 4017 excie-

2125 4058 2391 4110 mentum
2444 4052 2555 4123 ipsi
2589 4052 2743 4107 328
2777 4068 2928 4119 esse,
2964 4052 3121 4123 quod
3154 4069 3223 4107 ex
3253 4053 3571 4109 contractis
3615 4055 3781 4106 metu

2127 4145 2345 4200 infirmi
2378 4147 2432 4197 et
2467 4140 2829 4196 formidolosi
2873 4140 3214 4196 animalculi
3262 4140 3547 4195 membris
3578 4155 3785 4195 neces-

2124 4233 2279 4289 sario
2311 4232 2663 4287 effundatur.
2699 4230 2939 4285 Astutiaa
2970 4247 3141 4301 porro
3173 4231 3339 4301 quasi
3376 4230 3611 4285 cuidam
3646 4228 3783 4299 ejus

2124 4322 2427 4389 tribuitur,
2464 4321 2617 4391 quod
2651 4320 2842 4391 ipsam
2894 4320 3306 4375 necessitatem
3358 4318 3520 4374 velut
3546 4322 3786 4373 vertens

2123 4412 2182 4467 in
2214 4411 2551 4479 consilium,
2586 4410 2700 4464 ista
2740 4410 3066 4465 suﬂ'usione
3098 4408 3346 4480 liquoris
3380 4409 3487 4463 atri
3523 4405 3780 4462 salutem

2126 4502 2475 4573 plerumque
2505 4499 2616 4555 sibi
2649 4498 2902 4568 conﬁcit,
2932 4514 3144 4553 manus
3175 4498 3259 4552 sic
3291 4496 3575 4569 effugiens
3609 4510 3785 4566 pren-

2128 4590 2408 4647 santium.
2461 4589 2607 4643 Cum
2660 4589 2817 4643 enim
2880 4588 3233 4658 piscatorem
3292 4586 3606 4641 imminere
3666 4583 3782 4639 sibi

2130 4682 2457 4751 captantem
2512 4677 2710 4746 sentit,
2742 4677 2957 4732 evomit
3005 4680 3423 4742 atramentum,
3457 4678 3514 4729 et
3564 4688 3781 4744 aquam

2122 4768 2181 4823 in
2216 4784 2333 4839 qua
2364 4771 2472 4833 est,
2508 4767 2672 4838 prius
2704 4764 3081 4837 pellucidam,
3109 4764 3312 4819 turbat
3339 4764 3725 4832 obfuscatque
3762 4777 3777 4816 :

2124 4862 2299 4928 atque
2348 4856 2407 4910 in
2458 4855 2577 4909 illis
2626 4854 2889 4909 tenebris
2940 4853 3136 4925 efi'ugii
3187 4852 3337 4907 viam
3387 4851 3633 4906 invenit.
3686 4850 3782 4905 Sic

2124 4944 2497 5001 Andronicus
2528 4943 2942 5009 Tarchaniota,
2976 4946 3043 4997 ut
3087 4957 3291 4997 secure
3322 4957 3387 4996 ac
3419 4940 3549 4996 sine
3589 4938 3779 5010 impe-

2124 5035 2387 5091 dimento
2443 5032 2832 5088 deliberatum
2885 5036 3307 5102 exsequeretur
3353 5028 3784 5101 transfugium,

2125 5124 2362 5179 turbare
2404 5121 2567 5193 prius
2600 5137 2665 5176 ac
2698 5121 2941 5176 miscere
2986 5119 3186 5175 omnia
3216 5118 3545 5188 constituit,
3580 5115 3786 5173 accitis

2125 5215 2183 5268 in
2218 5213 2512 5267 Romanas
2542 5216 2728 5265 terras
2758 5208 3059 5276 Tocharis,
3095 5206 3196 5281 qui
3244 5208 3446 5263 statim
3480 5208 3552 5262 ad
3587 5210 3786 5262 osten-

2126 5318 2251 5358 sam
2299 5303 2672 5356 accurrentes
2724 5299 3003 5369 praedam,
3055 5313 3271 5369 magno
3319 5312 3567 5353 numero
3628 5296 3785 5350 intra

2125 5392 2275 5446 fines
2309 5388 2539 5460 imperii
2590 5394 2727 5443 sunt
2757 5386 2891 5441 visi.
2927 5388 3222 5451 Quantum
3253 5389 3451 5441 autem
3503 5384 3587 5440 illi
3638 5389 3783 5439 tunc

2127 5480 2330 5545 eladis,
2352 5484 2411 5534 et
2432 5477 2627 5533 omnis
2650 5476 2881 5550 generis
2904 5475 3259 5545 injuriarum
3284 5474 3521 5531 miseris
3542 5473 3780 5530 illorum

2124 5573 2423 5626 tractuum
2468 5566 2813 5623 hominibus
2845 5564 3175 5633 intulerint,
3210 5563 3429 5636 proprii
3463 5578 3571 5618 nec
3620 5560 3784 5633 parvi

2129 5657 2322 5731 operis
2354 5660 2766 5727 argumentum
2816 5658 2993 5723 esset,
3029 5670 3131 5725 pro
3184 5652 3595 5725 magnitudine
3626 5655 3782 5706 atro-

2125 5748 2286 5805 cium
2319 5744 2609 5802 malorum
2632 5761 2749 5801 non
2777 5742 3014 5816 litteris,
3033 5743 3136 5801 sed
3161 5741 3440 5815 lacrymis
3462 5738 3780 5799 scribendi.
