4112 6426
290 484 293 485 7
330 418 448 474 773

330 655 485 709 κρυσι
517 632 912 708 γνωριούμενα.
972 630 1118 699 πλὴν
1179 631 1251 692 ὡς
1287 629 1345 684 ἂν
1376 630 1633 707 ἀσφαλῶς
1695 628 1843 683 εἷ’ποι
1886 648 1991 695 τις,

334 725 443 799 οὐχ
471 722 621 792 ἥττω
650 727 817 776 ταῦτα
848 725 957 776 τῶν
1010 722 1143 794 μετὰ
1193 724 1290 775 τοῦ
1358 719 1764 774 Κωνσταντίνου
1799 719 1991 793 προτε-

336 836 457 869 ωων
498 817 733 890 σφαγῶν,
788 810 960 873 Αὐτὸς
995 808 1051 865 δὶ
1082 814 1148 884 τῇ
1178 809 1375 865 τούτου
1407 808 1665 885 συγχύσει
1706 803 1992 883 προσϐοη-

338 904 600 976 θούμενος
634 903 746 975 ἅμα
774 902 991 976 γυναικὶ
1045 897 1345 973 αὐτομολεῖ
1374 900 1508 975 πρὸς
1553 898 1645 953 τὸν
1714 899 1991 973 πενθερὸν·

335 990 558 1053 Ὀποίας
615 994 752 1065 γοῦν
808 996 907 1057 τῆς
953 986 1233 1063 ἀναδογῆς
1288 988 1489 1051 ἐκεῖθεν
1546 986 1863 1062 εὖμοίρησε,
1899 1007 1997 1039 πε-

337 1081 517 1156 ριττὸν
567 1078 702 1140 ἴσως
758 1076 1087 1152 καὶλὲγειν,
1147 1076 1302 1150 ὅμως
1364 1074 1421 1131 δὲ
1449 1075 1587 1145 ὕλην
1648 1074 1834 1130 ἐδίδου
1892 1076 1992 1144 τὴν

341 1169 529 1245 μάχην
572 1167 918 1231 ἀνάπτεσθαι.
954 1166 1049 1221 Καὶ
1093 1166 1196 1241 γὰρ
1227 1166 1363 1227 τὲως
1392 1166 1420 1220 6
1453 1166 1657 1227 Δούκας
1689 1169 1799 1227 τιῖς
1832 1161 1995 1226 ἰδίοις

336 1255 673 1333 ἀρκούμενος
728 1256 1002 1330 ἡσύχαζεν
1060 1254 1363 1328 ἀναμένων,
1422 1253 1533 1310 ἔστι
1589 1251 1635 1309 δ’
1667 1254 1729 1308 οὗ
1754 1252 1844 1308 καὶ
1901 1253 1993 1307 τὸν

338 1344 481 1403 ἴδιον
510 1346 713 1423 τρόπον
741 1343 1153 1413 κατασκευάζων
1212 1341 1299 1398 ἐπὶ
1331 1343 1399 1398 τὰ
1427 1347 1522 1397 τοῦ
1567 1341 1835 1419 βασιλέως
1884 1341 2001 1396 ἐπι-

333 1434 667 1511 τεῖχίσματα
741 1435 833 1488 καὶ
890 1433 957 1488 τὰ
1012 1433 1137 1510 περὶ
1193 1434 1261 1487 τὰ
1317 1432 1594 1489 Ἰωάννινα
1671 1434 1993 1507 παρασπῶν.

336 1525 590 1599 Ἡρεμεῖν
626 1522 673 1579 δ’
704 1522 803 1577 οὐκ
831 1524 898 1592 ἧν
952 1520 1099 1583 ὅλως
1159 1520 1350 1594 ἐκείνῳ
1406 1518 1559 1594 ἀνδρέ
1597 1521 1803 1596 μάχαις
1861 1518 2000 1596 χαί-

342 1635 487 1691 ροντι
536 1613 627 1668 καὶ
660 1611 950 1685 πολέμοις,
976 1612 1026 1683 ἰξ
1082 1613 1154 1666 ὧν
1213 1608 1507 1686 κερδαίνειν
1559 1609 1642 1665 ἀεί
1673 1611 1795 1665 ποτ’
1823 1608 1999 1679 ἤλπι-

344 1708 455 1773 ζεν.
496 1702 561 1757 Ἠ
590 1701 691 1778 γὰρ
722 1705 818 1756 τοῦ
852 1700 1076 1775 εὐεργοῦ
1116 1699 1303 1775 σχολὴ
1363 1699 1454 1754 καὶ
1516 1699 1647 1774 ὑπὲρ
1705 1702 1802 1753 τοῦ
1833 1698 2000 1774 ἀργοῦ

342 1790 613 1867 ἀσχολίαν
660 1790 727 1845 τὰ
788 1810 1018 1865 μεγιστα
1073 1790 1475 1864 κατεργάζεται³
1534 1788 1607 1850 ὡς
1667 1789 1768 1864 γὰρ
1832 1787 2002 1862 ἀργῆς

345 1884 528 1956 ψυχῆς
604 1878 695 1935 καὶ
787 1878 1344 1955 κατεῤῥᾳθυμημίνης
1425 1876 1488 1932 τὸ
1567 1876 1860 1951 ἐνεκαιρεῖν
1948 1876 2001 1930 ὲν

347 1975 539 2041 κενοῖς,
572 1968 715 2024 οὕτω
756 1970 964 2043 θερμῆς
1021 1968 1110 2022 καὶ
1170 1964 1467 2029 σπουδαίας
1494 1967 1556 2022 τὸ
1594 1971 1795 2042 χωρεῖν
1832 1966 2001 2039 ὁμόσε

347 2063 461 2121 τοῖς
491 2061 828 2133 πράγμασιν.
886 2054 1071 2118 Οὕτως
1126 2056 1195 2125 ἦν
1244 2055 1448 2118 ἐκεῖνος
1500 2059 1582 2129 τῷ
1608 2055 1735 2111 τότε
1760 2061 1860 2125 τῆς
1894 2054 1998 2110 αύ-

345 2157 443 2220 τῆς
476 2149 665 2222 πείρας
720 2149 810 2204 καὶ
868 2148 1195 2223 στρατηγίας
1233 2145 1339 2223 ὕλῃ
1396 2153 1517 2210 τοῖς
1573 2150 1999 2222 παραπέμπουσι

344 2239 661 2315 χρώμενος,
717 2235 778 2292 οὒ
840 2236 1101 2310 πολεμῶν
1158 2238 1249 2292 ὅτε
1320 2234 1465 2310 δόξοι
1524 2242 1642 2299 τοῖς
1713 2236 2001 2308 ἐναντίοις,

345 2326 493 2387 ἀλλᾶ
526 2326 741 2401 μᾶλλον
772 2331 853 2400 τῷ
885 2326 1117 2404 ἐνεργεῖν
1176 2323 1453 2402 διεγείρων
1511 2326 1603 2382 καὶ
1659 2326 1750 2382 τὸν
1784 2325 2001 2381 ἀπάίλαε

352 2437 481 2493 μνον
492 2462 505 2476 ,

349 2632 637 2689 Caeterum
668 2630 728 2686 id
760 2629 874 2686 dici
920 2628 1046 2685 sine
1085 2629 1408 2686 mentiendi
1441 2629 1700 2702 periculo
1750 2629 2005 2686 breviter

351 2725 541 2793 potest
578 2736 591 2774 :
624 2718 1019 2774 calamitatem
1062 2719 1521 2790 vastitatemque
1553 2719 1667 2775 ista
1697 2718 2004 2775 occasione

353 2809 489 2866 huic
518 2809 895 2879 importatam
929 2806 1149 2879 regioni
1183 2807 1364 2863 nihile
1391 2807 1708 2877 mitiorem,
1737 2807 2005 2864 minusve

355 2898 625 2954 acerbam
658 2896 1005 2952 crudelitate
1053 2897 1324 2963 caedium,
1355 2897 1713 2969 avaritiaque
1764 2898 2004 2969 rapina-

356 3003 490 3042 rum
520 3002 589 3041 ea
618 2986 822 3057 fuisse,
848 3002 979 3057 quae
1023 2985 1321 3056 aliquanto
1355 2990 1489 3041 ante
1527 2986 1737 3041 iisdem
1775 2985 2006 3059 populis

361 3075 685 3147 irruptione
744 3075 1115 3131 Constantini
1178 3076 1409 3147 Bulgari
1460 3076 1758 3132 Tocharos
1804 3093 2006 3131 secum

360 3164 625 3221 ducentis
669 3167 858 3220 fuerat
901 3164 1081 3220 illata.
1117 3164 1223 3220 Per
1266 3165 1416 3220 hanc
1450 3164 1547 3220 ille
1579 3166 1692 3221 sibi
1724 3166 1796 3219 ad
1828 3165 2006 3220 ﬁnem

358 3253 719 3310 destinatum
744 3253 949 3310 utilem
976 3254 1381 3310 confusionem
1407 3255 1713 3324 rerum,ad
1740 3270 2009 3311 socerum

358 3359 479 3398 una
508 3360 644 3398 cum
682 3343 933 3415 conjuge
981 3343 1263 3414 profugit.
1293 3342 1367 3398 Ut
1397 3347 1591 3399 autem
1626 3348 1906 3416 exceptus
1940 3345 2010 3399 ab

363 3447 429 3488 eo
456 3431 651 3502 fuerit,
675 3437 732 3487 et
762 3432 896 3503 quis
946 3431 1057 3504 ipsi
1092 3431 1225 3487 novi
1257 3433 1477 3487 fractus
1508 3433 1752 3504 hospitii
1800 3433 2023 3489 consti-

361 3521 522 3589 terit,
556 3521 921 3593 superﬂuum
966 3520 1176 3593 opinor
1205 3521 1375 3577 nobis
1426 3521 1505 3576 sit
1554 3522 1793 3594 exsequi
1829 3540 1842 3578 :
1877 3521 2023 3576 illud

365 3615 618 3679 constat,
679 3611 831 3679 quod
892 3610 963 3663 ad
1024 3612 1289 3664 nostram
1342 3625 1463 3664 rem
1518 3609 1681 3676 facit,
1732 3609 2025 3666 submini-

370 3706 627 3757 stratum
671 3700 804 3757 inde
836 3706 1180 3773 praetextum
1228 3701 1438 3757 Joanni
1485 3701 1621 3757 duci
1655 3702 1789 3757 belli
1824 3702 1882 3757 in
1918 3719 2024 3758 nos

368 3791 665 3847 movendi.
702 3788 957 3846 Eatenus
987 3792 1145 3846 enim
1178 3789 1276 3845 ille
1307 3790 1432 3846 suis
1462 3795 1778 3847 contentus
1812 3794 2024 3847 utcun-

368 3896 485 3952 que
516 3879 858 3951 quiescebat
902 3880 1272 3936 occasionem
1321 3884 1663 3952 exspectans
1698 3896 1712 3935 :
1748 3884 1803 3935 et
1836 3898 2025 3952 quan-

369 3985 550 4040 quam
574 3969 927 4039 erumpebat
949 3985 1380 4040 nonnunquam
1404 3970 1721 4040 impatiens
1744 3970 2027 4025 foederum

369 4058 627 4128 animus,
653 4057 1125 4125 tentandis,cum
1151 4059 1355 4114 aderat
1377 4059 1813 4131 opportunitas,
1837 4059 2028 4114 muni-

367 4145 635 4201 tionibus
694 4145 1069 4217 imperatoris
1104 4163 1116 4202 :
1150 4163 1265 4218 quo
1315 4147 1372 4202 in
1429 4163 1642 4220 genere
1691 4164 1819 4220 quae
1874 4147 2030 4204 circa

367 4234 668 4291 Joannina
716 4238 857 4289 sunt
907 4236 979 4290 ad
1039 4252 1103 4290 se
1155 4240 1473 4292 attraxerat
1507 4253 1520 4291 :
1550 4240 1747 4293 tamen
1806 4237 2027 4292 larvam

371 4323 567 4378 adhuc
596 4323 753 4379 haud
790 4322 960 4395 plane
1005 4324 1329 4395 abjecerat;
1365 4341 1479 4381 non
1512 4325 1611 4381 ille
1643 4327 1881 4394 quidem
1916 4343 2029 4380 na-

371 4416 509 4468 tura
533 4412 668 4468 talis
718 4416 782 4467 ut
837 4414 898 4467 in
948 4412 1050 4468 illa
1082 4414 1183 4469 diu
1218 4415 1375 4471 824
1406 4415 1785 4471 simulatione
1841 4414 2030 4471 teneri

370 4518 549 4575 posse
606 4508 964 4573 speraretur.
1012 4502 1238 4575 Quippe
1285 4505 1438 4559 vasti
1495 4505 1898 4577 pugnacisque
1946 4505 2035 4559 vir

371 4591 576 4661 animi,
612 4590 757 4645 nihil
790 4591 903 4646 nisi
951 4590 1069 4646 vim
1102 4597 1159 4647 et
1201 4592 1357 4648 bella
1404 4594 1660 4664 spirans,
1694 4610 1764 4649 ex
1811 4594 2032 4665 quibus

1409 418 1504 471 DE
1549 415 1923 472 MICHAELE
1958 413 2407 471 PALEOLOGO
2442 415 2578 469 LIB.
2618 414 2716 468 ιν.

328 546 427 613 τήν
463 546 570 599 τῶν
631 540 822 598 δεινῶν
882 539 1227 616 ἐξαγγελίαν,
1260 541 1324 595 οὐ
1355 542 1698 616 γράμμασιν,
1730 538 1876 594 ἀλλὰ
1903 536 1999 593 δά·
2024 543 2079 610 Α
2113 535 2217 592 λα’.
2252 607 2266 616 ι
2290 538 2642 616 ΈκστροιτείοιΔ
2700 540 2800 616 τού
2872 532 3137 616 δεσπότου
3172 535 3457 616 ,Ἰωάννου

3657 414 3766 469 774

3554 538 3767 594 σύναμα

2205 579 2217 592 ο
2307 562 2635 614 Πκστρατεια
2700 562 2796 590 του
2872 562 3137 591 οεσποτου
3220 562 3457 594 ιωαννου
3554 562 3767 611 συναμα

2184 607 2400 685 χιλιάσι
2434 614 2647 685 ,στρτοῦ
2697 609 2843 685 ,πρδς
2907 610 2999 662 τὸν
3059 609 3341 682 Ἰωάννην,
3401 610 3491 665 καὶ
3546 611 3614 665 τὰ
3666 615 3767 680 τῆς

2182 679 2539 757 ἀνδραγαθίας
2567 685 2664 736 τοῖ’)
2697 679 2973 737 Ἰωάννου.

2180 810 2261 879 [Ρ.
2295 809 2421 881 219]
2473 808 2641 863 Ταῦτ’
2674 804 2775 881 ἄρα
2834 806 2923 861 καὶ
2977 806 3233 879 βασιλεὺς
3292 805 3623 863 δεινοπαθῶν
3678 807 3764 864 ἐπὶ

2099 896 2319 957 τούτοις
2377 895 2639 969 δυνάμεις
2696 896 3161 972 παρασκευάζεται
3222 896 3494 966 πλείους,
3556 897 3772 968 πλῆθος

2102 985 2232 1039 ὡσεὶ
2284 984 2682 1058 τεσσαράκοντα
2741 987 2832 1038 σὸν
2880 989 2960 1057 τῷ
3019 990 3257 1058 ναυτικῷ
3317 985 3632 1060 χιλιάδων,
3692 988 3767 1050 ὡς

2101 1072 2341 1149 λέγεται,
2400 1075 2491 1127 καὶ
2549 1070 2827 1148 παραδοὺς
2884 1077 2961 1144 τῷ
3022 1070 3253 1146 δεσπότῃ
3311 1074 3517 1146 πέμπει
3555 1072 3642 1129 διὰ
3670 1097 3767 1130 τα-

2103 1167 2250 1241 χὲων
2285 1164 2373 1221 ἐπὶ
2404 1165 2495 1219 τὸν
2538 1166 2823 1234 Ἰωάννην.
2885 1167 3266 1238 Συνεκπέμπει
3333 1163 3380 1219 δ’
3439 1166 3625 1238 ἐκείνῳ
3676 1174 3769 1230 καὶ

2105 1252 2313 1315 ἄλλους
2370 1253 2594 1318 πλείους
2647 1258 2756 1308 τῶν
2818 1251 3076 1328 λοχαγῶν
3136 1254 3227 1308 καὶ
3282 1253 3343 1310 ἐκ
3402 1257 3767 1330 μεγιστάνων,

2104 1344 2178 1396 ὧν
2213 1345 2292 1406 εἷς
2321 1345 2387 1413 ἦν
2421 1343 2509 1397 καὶ
2553 1343 2612 1398 ὃν
2668 1342 2784 1417 εἶχε
2844 1339 3167 1415 δομὲστικον
3220 1350 3320 1413 τῆς
3378 1347 3673 1419 τραπέζης.
3707 1346 3769 1403 Ὀ

2107 1428 2153 1486 δ’
2182 1430 2249 1501 ἦν
2302 1432 2330 1486 6
2383 1426 2780 1505 Καϐαληάίριος
2840 1430 3101 1501 Ἀλὲξιος.
3164 1431 3300 1509 ἀνὴρ
3360 1431 3616 1508 γεννάδας
3674 1433 3768 1488 καὶ

2106 1517 2378 1596 ἀνδρικὸς,
2410 1520 2471 1582 ὃς
2502 1520 2590 1574 καὶ
2624 1518 3052 1595 παραπήλαυσεν
3087 1519 3309 1593 ὕστερον
3362 1526 3459 1575 τοῦ
3517 1522 3769 1596 πολέμου

2105 1610 2374 1682 τοξευθεὶς
2407 1608 2459 1664 ἰν
2483 1612 2552 1675 τῆ
2615 1608 2767 1683 μάχῃ
2824 1609 2969 1685 παρά
3015 1631 3137 1680 του,
3166 1609 3399 1683 κάκείνῳ
3434 1611 3527 1683 μὲν
3583 1612 3767 1684 κλέος,

2110 1699 2283 1770 ἑαυτῷ
2342 1697 2399 1753 δὶ
2454 1703 2635 1753 πεσεῖν
2698 1697 2937 1760 εὐκλεῶς
2996 1700 3266 1774 παρεσχεν
3329 1700 3391 1754 οὗ
3467 1698 3769 1755 κάλλιστον

2108 1793 2225 1851 τοῖς
2256 1788 2398 1850 νὲοις
2427 1809 2643 1844 πιπτειν
2688 1787 2864 1843 πεσών
2952 1789 3038 1850 Ὦς
3069 1792 3199 1863 γοῦν
3229 1787 3326 1851 τὰς
3360 1785 3616 1863 δυνάμεις
3670 1810 3770 1844 πα-

2037 1922 2081 1987 B
2114 1873 2367 1955 ραλαϐὼν
2401 1879 2429 1932 6
2463 1876 2729 1948 δεσπότης
2775 1878 2911 1951 πρὸς
2955 1874 3104 1931 δύσιν
3164 1875 3372 1947 ἤλαυνε
3405 1877 3616 1955 θαρῥῶν
3647 1885 3769 1942 ταῖς

2426 1972 2447 1983 ..
2525 1967 2539 1987 ε
2701 1964 2714 1984 ι
2819 1967 2831 1985 ,
2882 1967 2896 1984 ε
3074 1968 3086 1987 ,
3304 1968 3317 1983 η
3362 1965 3413 1987 ,ιθ
3615 1968 3627 1987 ε
3672 1970 3699 1987 η

2111 1972 2475 2042 παρασκευαῖς
2510 1967 2583 2028 ὡς
2623 1964 2714 2021 καί
2772 1967 2905 2021 αὐτὸ
2963 1968 3202 2037 κινήσων
3265 1968 3327 2021 τὸ
3359 1965 3573 2045 ἔδαφος,
3608 1968 3635 2021 6
3671 1970 3771 2043 βα-

2113 2054 2297 2120 σιλεὺς
2323 2055 2413 2111 καὶ
2468 2053 2602 2109 λαὸν
2659 2052 2749 2109 διὰ
2807 2054 3081 2124 θαλάσσης
3134 2052 3372 2125 ὁπλίζει,
3426 2056 3518 2111 καὶ
3571 2055 3766 2111 στόλον

2114 2143 2541 2217 ἐξαρτυσάμενος
2582 2143 2763 2197 ἱκανὸν
2820 2142 2877 2198 ἐκ
2932 2141 3151 2207 πόλεως
3205 2145 3295 2197 καὶ
3352 2149 3459 2199 τῶν
3520 2142 3770 2215 ὁπουδή-

2112 2255 2246 2289 ποτε
2295 2237 2496 2308 χωρῶν
2552 2252 2613 2287 τε
2669 2231 2758 2287 καὶ
2816 2230 3080 2308 νεωρίων,
3145 2233 3218 2295 ὡς
3252 2232 3383 2287 εἶναι
3436 2255 3534 2298 τας
3590 2235 3764 2295 πάσας

2112 2324 2240 2388 ναῦς
2296 2343 2504 2397 μακρας
2541 2343 2600 2377 τε
2633 2322 2747 2395 ἅμα
2803 2322 2894 2376 καὶ
2948 2321 3395 2397 ταχυναυτούσας
3449 2328 3602 2399 τροῖς
3631 2325 3769 2399 πρὸς

2113 2419 2232 2476 ταῖς
2264 2407 2673 2486 ἑϐδομήκοντα,
2733 2408 3009 2488 παραδοὺς
3064 2412 3261 2476 ταύτας
3305 2418 3384 2486 τῷ
3412 2414 3771 2489 πρωτοστρά-

2112 2633 2257 2685 tunc
2289 2627 2506 2684 bellare
2538 2644 2672 2683 cum
2715 2627 2864 2683 hosti
2896 2628 3222 2698 videretur;
3256 2630 3355 2685 sed
3408 2645 3476 2684 ex
3525 2647 3632 2687 sua
3664 2647 3768 2703 spe

2114 2734 2178 2773 ac
2211 2717 2518 2773 commodo
2540 2715 2821 2772 articulos
2846 2717 3223 2773 occasionum
3248 2722 3521 2789 captans;
3555 2724 3612 2775 et
3650 2737 3766 2776 non

2115 2806 2295 2861 minis
2345 2806 2689 2871 admonens,
2723 2806 2821 2860 sed
2872 2806 3098 2876 agendo
3149 2806 3622 2879 expergefaciens
3661 2810 3765 2864 ad~

2113 2895 2440 2951 versarium
2475 2893 2928 2949 indormientem
2964 2895 3163 2950 rebus.

2115 3013 2204 3067 31.
2230 3010 2521 3080 Expeditio
2542 3010 2769 3065 Joannis
2789 3009 3029 3081 desperas
3048 3026 3172 3065 cum
3192 3011 3496 3066 multorum
3522 3013 3770 3069 millium

2189 3081 2441 3162 catamiti;
2470 3081 2726 3162 adversus
2762 3082 3027 3137 Joannem
3057 3082 3278 3151 ducem,-
3308 3086 3360 3139 et
3389 3083 3457 3139 de
3486 3083 3646 3155 huius
3674 3086 3772 3159 fa-

2189 3157 2374 3211 cinore
2405 3157 2647 3222 insigni.

2196 3260 2327 3316 Haec
2357 3261 2442 3315 ita
2462 3265 2630 3315 erant
2655 3277 2668 3314 :
2696 3260 2913 3332 quibus
2936 3259 3190 3333 cognitis
3221 3261 3562 3331 indignatus
3592 3261 3785 3334 impe-

2127 3354 2306 3417 rator,
2341 3348 2660 3405 exercitum
2702 3353 3008 3419 comparat
3044 3349 3375 3421 ingentem;
3413 3367 3682 3420 numero,
3718 3357 3783 3406 ut

2130 3440 2335 3508 fertur,
2370 3438 2539 3510 quasi
2590 3438 2982 3509 quadraginta
3031 3438 3312 3509 millium,
3357 3439 3672 3495 navalibus
3726 3441 3785 3495 in

2129 3546 2257 3585 eam
2292 3544 2590 3584 summam
2640 3527 3080 3598 comprehensis
3121 3527 3327 3599 copiis.
3360 3529 3429 3583 Et
3460 3528 3570 3584 hoc
3618 3533 3788 3584 tanto

2130 3621 2418 3689 apparatu
2476 3617 2693 3671 tradito
2749 3615 2959 3672 Joanni
3021 3617 3301 3689 despotae,
3347 3618 3558 3672 vadere
3615 3617 3786 3673 illum

2130 3705 2441 3761 confestim
2474 3705 2707 3760 infestis
2757 3705 2945 3776 signis
2976 3704 3032 3759 in
3066 3705 3353 3763 Joannem
3398 3705 3595 3777 jubet.
3626 3705 3790 3762 Misit

2129 3794 2309 3850 etiam
2341 3810 2478 3849 cum
2511 3811 2578 3849 eo
2612 3793 2811 3865 plures
2860 3795 3005 3849 alios
3052 3796 3425 3851 tribunorum
3455 3799 3511 3851 et
3544 3812 3790 3868 magna-

2131 3887 2548 3953 tum,quorum
2585 3898 2743 3938 unus
2768 3887 2913 3951 erat,
2937 3898 3113 3953 quem
3149 3884 3542 3939 domesticum
3576 3900 3793 3939 mensas

2132 3971 2362 4037 habuit,
2386 3969 2752 4027 Caballarius
2783 3970 3045 4037 Alexius,
3066 3971 3156 4026 vir
3174 3988 3499 4044 generosus
3520 3977 3576 4029 et
3601 3973 3788 4029 fortis.

2132 4059 2301 4115 Hunc
2354 4060 2509 4115 Mars
2561 4059 2668 4114 hoc
2719 4058 2870 4114 bello
2923 4060 3271 4131 pignoratus
3318 4066 3429 4131 est,
3461 4061 3679 4133 sagitta
3731 4063 3791 4117 in

2133 4148 2334 4222 praelia
2358 4148 2661 4204 sublatum
2685 4148 3011 4219 aquopiam
3035 4149 3365 4220 ignoto,qui
3385 4150 3499 4205 sibi
3524 4150 3796 4222 gloriam,

2136 4239 2290 4297 hosti
2322 4239 2634 4295 honestum
2687 4238 2865 4294 funus
2916 4238 3160 4309 peperit.
3189 4238 3279 4294 Sic
3310 4238 3465 4295 enim
3500 4239 3678 4295 decus
3708 4240 3798 4295 illi

2134 4329 2387 4401 contigit
2440 4326 2707 4399 gloriosae
2758 4326 2965 4383 mortis
2998 4325 3078 4381 ibi
3109 4327 3408 4400 appetitis,
3438 4328 3539 4383 ubi
3590 4329 3799 4385 cadere

2129 4417 2452 4491 juvenibus
2483 4422 2572 4472 est
2607 4416 3115 4472 honestissimum.
3153 4418 3299 4472 Eum
3350 4416 3533 4490 igitur
3567 4417 3799 4473 succin-

2139 4513 2271 4564 ctus
2297 4507 2528 4578 magnis
2553 4505 2711 4561 hisce
2734 4506 3110 4561 terrestribus
3134 4506 3317 4578 copiis
3350 4507 3597 4579 despota
3617 4508 3801 4564 Joan-

2140 4613 2243 4652 nes
2267 4598 2450 4651 tantis
2474 4594 2689 4650 animis
2712 4594 2773 4649 in
2793 4595 3170 4651 Occidentem
3198 4596 3396 4659 movit,
3422 4601 3487 4652 ut
3509 4597 3657 4654 325
3684 4601 3801 4653 ter-

371 4684 689 4736 aucturum
735 4696 862 4736 sese
912 4681 1197 4748 fortunas,
1232 4684 1287 4736 et
1336 4681 1518 4737 lucris
1566 4664 1907 4754 ingentibus
1939 4682 2030 4736 di-
2061 4664 2106 4729 D
2140 4700 2263 4740 ram
2282 4682 2633 4739 hauddubie
2650 4685 3799 4753 seconcussurumconfiderevideretur,

370 4770 625 4825 tandum
651 4770 1015 4839 iconﬁdebal.
1050 4770 1229 4824 Porro
1278 4769 1384 4824 viri
1436 4771 1660 4826 strenui
1692 4771 1782 4825 vel
1832 4771 2029 4842 ipsum

373 4859 587 4925 otium,
614 4857 846 4929 negotio
879 4858 1112 4913 remissi
1136 4875 1201 4914 ac
1225 4858 1513 4930 languidi,
1539 4861 1715 4916 rebus
1747 4876 2031 4933 peragen-

374 4948 471 5004 dis
501 4948 769 5003 maximis
800 4948 1099 5003 efﬁcacius
1129 4953 1239 5003 est.
1274 4949 1420 5005 Nam
1470 4953 1536 5004 ut
1575 4949 1783 5005 animae
1812 4949 2034 5006 desidis

377 5053 448 5093 ac
479 5036 830 5109 negligentis
860 5043 949 5092 est
980 5036 1041 5092 in
1072 5037 1241 5093 vanis
1283 5038 1397 5094 sibi
1431 5038 1681 5111 placere,
1708 5057 1773 5095 ac
1806 5038 2033 5094 felicem

376 5144 445 5184 se
475 5133 683 5199 putare
713 5125 1018 5198 complexu
1071 5127 1343 5183 exsilium
1392 5130 1682 5184 bonorum
1720 5146 1732 5182 :
1768 5128 1851 5183 sic
1885 5128 2035 5184 acris

377 5232 411 5272 e
443 5216 736 5272 contrario
769 5223 943 5287 alque
992 5221 1227 5273 arrectae
1270 5218 1658 5290 ardenterque
1709 5218 2036 5289 majoribus

378 5321 571 5378 usque
616 5304 994 5359 inhiabundzs
1042 5305 1347 5378 pr0prium
1401 5312 1510 5374 est,
1546 5323 1927 5379 prorumpere
1979 5309 2038 5363 in

380 5410 534 5465 opus
562 5394 770 5465 quavis
819 5393 1144 5461 occasione,
1178 5410 1245 5449 ac
1294 5395 1519 5449 nullam
1576 5396 1793 5452 frustra
1845 5395 2040 5453 offerri

384 5483 813 5538 movendarum
846 5498 1042 5538 rerum
1075 5500 1283 5539 ansam
1315 5483 1528 5541 sinere.
1551 5484 1710 5542 Talis
1742 5493 1883 5541 tunc
1917 5491 2044 5544 erat

385 5572 507 5628 dux
533 5572 823 5639 Joannes;
856 5570 1002 5642 ipsis
1033 5571 1153 5629 illis
1176 5590 1324 5646 quas
1350 5575 1548 5630 furtim
1577 5576 1837 5647 primum
1861 5581 2045 5633 atten-

381 5665 542 5718 taret
592 5660 1091 5733 grassatiunculis
1124 5666 1182 5718 et
1219 5664 1594 5721 successibus
1640 5665 1888 5721 modicis
1938 5683 2044 5738 pro

388 5751 776 5808 fundamento
834 5748 1186 5809 ulteriorum
1238 5757 1413 5811 utens
1465 5770 1479 5809 :
1530 5771 1637 5811 nec
1698 5759 2045 5827 exspectans

2140 4772 2456 4829 destinavit
2481 4772 2800 4843 imperator
2830 4772 3033 4827 eodem
3060 4789 3295 4844 quoque
3318 4773 3566 4830 classem
3592 4791 3799 4830 onera-

2139 4866 2381 4934 tamque
2411 4861 2836 4934 superbissimo
2863 4860 3113 4931 delectu,
3137 4877 3271 4917 cum
3300 4879 3370 4917 ex
3397 4864 3540 4918 urbe
3571 4868 3695 4918 tum
3730 4880 3799 4919 ex

2142 4952 2371 5007 cunctis
2394 4950 2709 5023 provinciis
2736 4967 2803 5005 ac
2826 4950 3134 5006 navalibus
3159 4951 3614 5021 diligentissime
3636 4952 3801 5008 habi-

2143 5045 2223 5111 to,
2246 5040 2327 5095 ita
2353 5045 2416 5095 ut
2438 5056 2723 5095 numerus
2747 5040 2983 5094 navium
3010 5039 3223 5111 partim
3252 5039 3561 5112 longarum
3589 5042 3801 5113 partim

2144 5129 2403 5186 celerum
2437 5129 2508 5183 ad
2541 5134 2660 5183 tres
2709 5133 2767 5183 et
2816 5131 3195 5200 septuaginta
3241 5131 3611 5200 ascenderet;
3657 5148 3809 5203 quas

2148 5219 2576 5275 commendans
2620 5219 3030 5289 protostralori
3077 5219 3598 5293 Philanthropeno,
3625 5223 3811 5293 jussit

2149 5325 2284 5365 eum
2317 5325 2449 5364 cum
2477 5325 2544 5363 ea
2574 5307 2763 5363 classe
2794 5325 2924 5364 oras
2966 5308 3158 5381 legere
3193 5309 3581 5367 Latinicarum
3618 5313 3809 5385 regio-

2151 5413 2317 5465 num,
2353 5397 2719 5467 infestasque
2766 5396 3005 5467 habere,
3037 5415 3103 5454 ac
3139 5398 3329 5455 sicubi
3360 5417 3452 5456 res
3503 5402 3678 5457 ferret
3709 5419 3806 5457 ex-

2151 5487 2432 5544 scendere
2480 5484 3047 5558 incursionibusque
3105 5504 3298 5557 urere,
3350 5489 3434 5546 sic
3484 5490 3806 5546 arbitratus

2152 5576 2369 5632 certius
2404 5573 2756 5646 faciliusque
2787 5590 3168 5645 processuras
3199 5577 3272 5632 ad
3305 5594 3471 5649 spem
3508 5578 3689 5650 plenae
3720 5578 3807 5634 vi-

2154 5664 2353 5722 ctoria
2385 5663 2522 5720 belli
2562 5663 2821 5720 universi
2872 5663 3153 5736 rationes,
3186 5665 3236 5721 si
3271 5666 3504 5739 proprio
3536 5668 3812 5740 impliciti

2157 5752 2419 5827 periculo
2449 5752 2642 5810 Latini
2673 5752 2930 5825 cogitare
2960 5754 3033 5812 de
3073 5753 3379 5813 mittendis
3407 5755 3618 5815 Joanni
3648 5759 3816 5817 auxi-
