4112 6418
330 393 439 449 775

1629 379 1933 437 GEORGII
1970 378 2435 439 ΡΔΟΗῩΜΒΒΕ

3641 375 3756 431 776

330 508 940 589 τοριΦιλανθρωπηνῷ
995 505 1085 561 καὶ
1142 504 1299 559 αὐτὸν
1358 503 1646 576 ἐκπέμπει,
1676 506 1794 562 ταῖς
1827 508 1985 555 Λατι-
2018 504 2067 570 Α
2100 499 2302 566 ἐκεῖνος
2362 498 2637 575 ἐλάμϐανε
2691 509 2791 571 τῆς
2851 503 3140 580 ἀποφυγῆς
3199 499 3382 556 καὶτά
3412 495 3512 571 ἔξω
3569 517 3757 589 προσ-

335 608 515 667 τικαῖς
558 602 769 676 χώραις
826 598 1199 672 προστάσσων,
1260 591 1312 647 εἷ’
1362 614 1453 647 ποι
1517 591 1789 667 παρείκοι,
1821 610 1989 665 προσ-

342 690 590 748 ϐάλλειν·
654 690 795 744 οὕτω
850 688 951 762 γάρ
1016 684 1227 758 μᾶλλον
1289 680 1492 736 εὐοδεῖν
1547 682 1637 735 τὸν
1696 680 1831 734 κατά
1888 686 1991 753 γῆν

336 783 583 854 πόλεμον
614 776 775 852 ᾤετο,
810 776 855 830 εἰ
888 775 1106 849 ἔχοντες
1159 773 1272 825 καθ’
1332 770 1528 831 αὐτοὺς
1561 771 1611 823 οἱ
1644 775 1866 823 Λατῖνοι
1898 769 1988 822 τὸν

340 873 464 948 περὶ
500 870 646 946 σφίσι
697 862 865 942 φόϐον
926 871 1024 932 τῆς
1083 864 1217 936 πρὸς
1262 862 1352 914 τὸν
1412 860 1672 927 Ἰωάννην
1737 856 1990 932 βοηθείας

337 943 698 1034 ἀπόσχοιντο.
735 954 837 1011 Καὶ
873 951 937 1022 δὴ
970 954 1069 1019 τήν
1102 949 1371 1025 ταχίστην
1423 952 1502 1018 τῷ
1533 946 1686 1018 τόπῳ
1715 951 1821 999 τῶν
1854 943 1986 998 νέων

338 1054 562 1121 Πατρῶν
620 1047 937 1106 ἐπιστάντος
993 1046 1094 1095 τοῦ
1154 1038 1418 1094 δεσπότου
1477 1034 1737 1105 ἔκπληξις
1770 1039 1991 1108 κατεῖχε

333 1141 536 1198 πάντας
597 1136 686 1189 καὶ
742 1133 991 1207 ταραχὴ.
1060 1131 1134 1191 ὡς
1188 1131 1534 1203 προσχωρεῖν
1602 1126 1693 1197 μέν
1750 1124 1987 1186 ἐντεῦθεν

335 1228 527 1297 ἐκείνῳ
575 1224 671 1285 τάς
731 1223 941 1297 χώρας,
1000 1221 1374 1293 γνωσιμαχεῖν
1412 1213 1467 1269 δέ
1521 1214 1588 1268 τά
1647 1212 1884 1289 φρούρια
1914 1213 1989 1272 ὡς

338 1316 528 1389 μικρὸν
587 1312 953 1385 ἀντισχόντα,
1015 1307 1139 1362 ὅσον
1196 1305 1598 1380 ἀφοσιώσασθαι
1656 1304 1756 1370 τήν
1807 1300 1987 1355 πίστιν

333 1387 445 1475 τῷ*
482 1404 726 1469 Ἰωάννη,
784 1397 1083 1474 προδοῦναι
1146 1396 1221 1468 μή
1283 1393 1567 1466 ἐνεγκόντα
1616 1393 1715 1460 τήν
1776 1387 1987 1467 ἔφοδον·

333 1492 439 1549 ποῦ
467 1494 567 1567 γὰρ
602 1490 661 1546 ἃν
720 1511 800 1551 τις
856 1487 945 1543 καὶ
1005 1485 1238 1555 ἤλπισεν
1272 1483 1323 1553 ἐξ
1351 1480 1525 1537 ἄλλου
1583 1482 1728 1542 τινὸς
1780 1480 1990 1552 τρόπου

330 1585 420 1638 καὶ
457 1583 711 1656 μηχανῆς
770 1578 1035 1647 σώζεσθαι
1071 1597 1085 1644 ;
1125 1575 1152 1628 ὁ
1190 1572 1371 1646 μέντοι
1430 1591 1494 1645 γε
1545 1568 1804 1639 Ἰωάννης
1859 1567 1987 1630 τοὺς

330 1674 455 1745 περὶ
488 1671 646 1726 αὐτὸν
679 1668 769 1723 καὶ
808 1667 1005 1741 μόνους
1064 1660 1226 1739 ἔχων,
1261 1666 1339 1733 τῷ
1395 1660 1595 1730 πλήθει
1651 1658 1786 1713 κατά
1843 1656 1987 1713 πολὺ

331 1759 685 1830 λειπόμενος,
716 1761 835 1816 ταῖς
868 1752 1128 1813 ἐπινοίαις
1184 1748 1451 1825 ἐπεχείρει
1510 1749 1795 1816 σώζεσθαι.
1827 1749 1985 1810 ’Ὁθεν

330 1848 422 1903 καὶ
454 1851 546 1900 νῦν
583 1846 676 1917 μὲν
736 1838 882 1910 ἔνθα,
941 1847 1031 1894 νῦν
1068 1839 1115 1895 δ’
1163 1838 1335 1893 ἐκεῖσε
1385 1833 1718 1911 προϐαίνων,
1764 1836 1839 1897 ὡς
1872 1835 1985 1889 οἷόν
2024 1865 2067 1929 Β

330 1957 389 1990 τε
428 1936 518 2005 ἦν,
579 1932 1015 2011 κατησφαλίζετο
1055 1931 1123 1984 τὰ
1154 1929 1338 1983 αὐτοῦ’
1396 1924 1457 1981 τϐ
1516 1928 1620 2000 γὰρ
1682 1930 1882 2000 χωρεῖν
1916 1924 1991 1985 εἷς

337 2025 521 2099 μάχην
556 2020 608 2079 ἕν
641 2044 691 2077 τι
722 2010 830 2076 τῶν
890 2018 1168 2074 ἀδυνάτων
1222 2015 1420 2072 ἐδόκει.
1480 2013 1639 2071 Ἀλλ’
1694 2015 1745 2067 o't
1776 2018 1870 2067 τοῦ
1904 2010 1988 2067 δε-

332 2114 536 2169 σπότου
591 2111 1020 2186 ἷχνηλατοῦντες
1075 2110 1188 2162 οἷον
1225 2106 1428 2160 ἐκεῖνον
1487 2103 1782 2177 ἐπέτρεχον
1841 2123 1989 2156 συνε-

333 2204 618 2279 χέστερον,
679 2193 1312 2275 προκαταλαμϐάνοντες
1373 2197 1454 2269 [Ρ.
1515 2194 1640 2267 220]
1673 2192 1873 2254 τόπους
1909 2194 1992 2253 οἷς

331 2292 492 2347 αὐτὸν
544 2289 716 2363 ᾤοντο
776 2289 1062 2356 σώζεσθαι,
1111 2286 1228 2340 ’ὀθεν
1288 2286 1376 2338 καὶ
1436 2288 1515 2355 τῷ
1548 2284 1862 2356 ἀποχωρεῖν
1899 2282 1993 2353 μὶν

334 2388 614 2455 προσῆγεν
680 2378 941 2445 ἐκείνους,
999 2381 1078 2447 τῷ
1112 2373 1168 2430 δὲ
1195 2396 1254 2450 γε
1286 2371 1492 2428 δειλίαν
1553 2370 1826 2449 ἐμφαίνειν
1872 2370 1994 2447 Θαρσ

336 2469 710 2546 ῥαλεωτέρους
780 2468 954 2521 ἐποίει
1020 2459 1418 2539 προσϐάλλειν·
1497 2466 1577 2534 τῷ
1633 2462 1735 2537 γὰρ
1793 2461 1994 2530 πλήθει

337 2566 627 2635 περιῆσαν,
685 2556 776 2612 καὶ
833 2552 1183 2628 κατημέλουν
1243 2550 1557 2615 διὼκοντες.
1590 2551 1679 2613 Ὦς
1742 2547 1799 2604 δὲ
1828 2550 1991 2624 κόρον

332 2777 433 2833 liis
476 2776 951 2848 prohiberentur.
986 2772 1130 2827 Cum
1166 2787 1301 2843 ergo
1331 2768 1699 2825 velocissime
1748 2768 1994 2839 despota

332 2866 588 2922 Joannes
619 2864 679 2919 in
712 2863 905 2918 locum
952 2866 1107 2916 esset
1139 2866 1442 2932 pervectus
1477 2872 1755 2913 novarum
1790 2862 1992 2911 Patra-

334 2972 489 3021 rum,
514 2955 723 3024 ingens
751 2952 830 3006 ibi
863 2955 1106 3005 cunctos
1139 2954 1329 3003 terror
1359 2961 1415 3002 et
1438 2946 1837 3001 consternatio
1874 2950 1996 2999 tur-

335 3043 518 3111 bavit,
554 3044 696 3097 adeo
730 3046 792 3095 ut
846 3040 896 3094 ei
947 3040 1164 3111 passim
1198 3036 1329 3108 pagi
1361 3042 1419 3090 et
1472 3035 1689 3106 oppida
1719 3050 1781 3088 se
1815 3035 1995 3088 dede-

338 3139 491 3202 rent,
525 3132 747 3186 arcium
784 3145 918 3185 vero
953 3127 1229 3198 praesidia
1259 3126 1413 3180 inter
1442 3124 1728 3193 ancipites
1758 3128 1993 3179 senten-

2101 590 2414 646 υπώπτευεν
2443 589 2553 661 ἤδη
2615 596 2720 651 τῶν
2780 590 3025 645 ἀπάντων
3086 587 3569 667 καταληφθέντων,
3618 584 3758 662 ἔγνω

2101 681 2347 756 φρουρίῳ
2380 681 2566 735 ἑαυτὸν
2600 679 2902 749 πιστεῦσαι,
2935 680 3023 733 καὶ
3053 680 3228 755 φέρων
3272 679 3455 733 ἑαυτὸν
3508 684 3625 739 ταῖς
3651 676 3761 732 Πά-

2099 789 2252 839 τραις
2284 771 2461 844 ὀχυρᾷ
2508 770 2667 825 πόλει
2727 770 2817 824 καὶ
2877 769 3086 823 ἐκνὲου
3147 769 3380 842 συστάσῃ
3446 764 3637 821 δίδωσι
3668 767 3759 820 καὶ

2099 858 2337 913 πιστεύει
2378 858 2894 936 φυλαχθησόμενος.
2957 857 3054 911 Καὶ
3088 859 3114 912 ὁ
3148 858 3242 929 μὶν
3276 858 3588 932 καταφυγὴν
3623 855 3760 930 ὀχυ-

2100 948 2193 1021 ρὰν
2230 948 2350 1022 εὗρε
2404 950 2500 1010 τὰς
2560 948 2797 1024 Πάτρας,
2830 949 2881 1001 οἱ
2915 944 2959 1002 δ’
2990 944 3130 1021 ἀμφί
3187 947 3276 1000 τὸν
3340 943 3607 1015 δεσπότην
3656 965 3758 1017 μα-

2102 1036 2281 1100 θόντες
2311 1039 2409 1106 τὴν
2443 1037 2604 1093 πόλιν
2661 1037 2849 1109 κύκλῳ
2908 1036 3370 1111 περικαθίζουσιν.
3432 1035 3528 1089 Καὶ
3563 1032 3762 1109 συχναὶ

2099 1128 2234 1199 πρὸς
2266 1126 2391 1188 τοὺς
2420 1126 2567 1188 ἐντὸς
2626 1124 2981 1199 διαμηνύσεις
3042 1122 3288 1179 ἐδένοντο
3340 1127 3437 1177 τοῦ
3469 1121 3760 1195 δεσπότου,

2102 1214 2313 1276 ἑαυτοῖς
2346 1217 2440 1288 μὲν
2475 1221 2727 1289 προνοεῖν
2788 1219 2894 1269 τῶν
2961 1212 3280 1289 βελτίστων,
3341 1212 3544 1267 ἐκεῖνον
3577 1211 3634 1267 δὲ
3662 1233 3763 1266 πα-

2102 1302 2363 1380 ραδόντας
2419 1306 2704 1374 σώζεσθαιο
2742 1306 2816 1376 μή
2878 1303 2982 1379 γάρ
3043 1303 3357 1377 ἀποχωρεῖν
3418 1304 3643 1370 ἐκεῖθεν,
3683 1302 3763 1375 μὴ

2102 1392 2301 1456 ἄλλοθί
2354 1414 2459 1447 που
2514 1394 2827 1467 τραπέσθαι,
2868 1393 2941 1465 μή
3005 1391 3289 1469 φροντίσαι
3344 1390 3412 1445 τά
3460 1391 3612 1463 πὲρίξ
3644 1389 3767 1445 καί-

2102 1503 2230 1536 οντα
2295 1484 2384 1535 καὶ
2449 1482 2649 1557 ἀγροὺς
2716 1480 3163 1537 κατασκάπτοντα
3245 1480 3334 1535 καὶ
3428 1478 3765 1552 ἀμπελῶνας

2100 1571 2384 1644 τέμνοντα,
2418 1573 2507 1628 καὶ
2547 1570 2707 1635 τέλος
2764 1573 2855 1627 καὶ
2913 1572 3096 1634 αὐτοῖς
3155 1575 3229 1635 ὼς
3262 1572 3556 1645 πολεμίοις
3610 1570 3769 1647 χρώ-

2106 1682 2265 1733 μενον
2297 1660 2481 1717 τέλεον
2540 1662 2840 1739 ἀφανίζειν,
2900 1662 2994 1717 κᾶν
3051 1658 3159 1731 ὅπη
3192 1662 3280 1716 καὶ
3315 1663 3342 1717 ὁ
3374 1672 3575 1737 χρονος
3632 1682 3771 1732 προ-

2102 1748 2253 1820 ϐαίη.
2306 1755 2485 1808 Ταῦτα
2535 1756 2632 1806 τοῦ
2687 1748 2949 1806 δεσπότου
3009 1749 3410 1824 διαμηνύοντος
3472 1749 3691 1819 ἐκεῖνοι,
3725 1751 3761 1820 ἢ

2100 1847 2219 1902 ταῖς
2277 1839 2558 1911 ἀληθείαις
2592 1841 2626 1909 ἢ
2659 1843 2786 1917 παρ’
2845 1840 3050 1895 ἐκείνου
3104 1835 3572 1915 προϐιϐαζόμενοι
3606 1837 3760 1895 ἔνδον

2102 1924 2513 1999 ὅντος,ἡπιως,
2593 1951 2653 1984 τε
2712 1929 3079 2005 ἀπελογοῦντο
3156 1928 3243 1984 καὶ
3317 1928 3762 2004 προσελιπαρουν

2102 2025 2238 2093 σφᾶς
2270 2023 2375 2072 τῶν
2428 2020 2615 2094 ὁρμῶν
2676 2019 2900 2087 ἀνεῖναι,
2962 2021 3075 2091 μετ’
3135 2019 3196 2074 οὐ
3258 2016 3402 2073 πολὺ
3461 2016 3767 2090 προδοῦναι

2101 2107 2190 2161 καὶ
2228 2107 2321 2162 τὸν
2353 2108 2609 2176 Ἰωάννην
2668 2108 3229 2182 καθυπισχνούμενοι.
3287 2109 3375 2170 Ὠς
3402 2112 3529 2182 γοῦν
3565 2107 3766 2180 μεταξὺ

2106 2197 2309 2271 χρόνος
2353 2192 2618 2272 ἐτρίϐετο,
2666 2196 2756 2251 καὶ
2790 2197 2841 2251 οἱ
2876 2198 2970 2269 μὶν
3007 2192 3305 2261 ἀναϐολαῖς
3334 2195 3630 2271 ἐναιώρουν
3660 2197 3765 2266 τὴν

2102 2283 2421 2361 προδοσίαν,
2458 2285 2509 2340 οἱ
2542 2283 2600 2339 δὲ
2629 2283 2752 2339 ὅσον
2789 2284 2941 2339 οὔπω
3000 2285 3188 2340 ἀνύσαι
3245 2286 3306 2340 τὸ
3358 2291 3463 2340 πᾶν
3494 2282 3760 2356 ἤλπιζον,

2106 2372 2403 2449 ἐπιχειρεῖν
2461 2396 2513 2429 τι
2565 2378 2674 2429 τῶν
2737 2375 2984 2443 συνήθων
3044 2370 3177 2449 ἔγνω
3236 2373 3263 2428 ὀ
3318 2375 3598 2444 Ἰωάννης.
3661 2372 3770 2429 Καὶ

2107 2462 2407 2533 σκοπητέον
2443 2462 2517 2524 ὡς
2568 2461 2778 2538 ἄριστα.
2839 2463 3048 2524 Νυκτὸς
3109 2464 3209 2538 γὰρ
3269 2463 3454 2518 ἐαυτὸν
3515 2462 3769 2538 σχοίνοις

2107 2549 2197 2606 διὰ
2228 2556 2323 2607 τοῦ
2372 2552 2594 2627 τείχους
2646 2552 3056 2627 καταχαλάσας,
3118 2552 3192 2614 ὡς
3226 2553 3301 2625 μὴ
3336 2552 3611 2630 φωραθείη
3677 2549 3773 2607 διὰ

2102 2770 2314 2825 salutis
2346 2786 2548 2825 omnes
2600 2770 2659 2825 in
2710 2771 2849 2844 fuga
2890 2776 3214 2845 reponeret.
3250 2771 3321 2828 Ut
3370 2776 3566 2828 autem
3616 2773 3765 2830 satis

2104 2859 2351 2929 denique
2400 2858 2565 2913 illum
2616 2860 2923 2917 desultorii
2976 2863 3193 2918 erroris
3224 2866 3281 2917 et
3314 2862 3466 2934 fugae
3516 2862 3762 2917 infinitas

2101 2949 2345 3003 teedium
2396 2949 2572 3021 cepit,
2619 2950 2915 3021 simulque
2972 2951 3378 3007 cunctantium
3427 2951 3497 3006 ab
3548 2951 3765 3008 exteris

2104 3036 2459 3092 auxiliorum
2494 3039 2830 3109 suspicatus
2864 3042 3203 3109 conjectura
3242 3056 3504 3108 causam,
3532 3041 3604 3096 ab
3628 3041 3764 3095 uni-

2102 3124 2290 3181 versis
2326 3127 2450 3197 jam
2481 3141 2543 3181 se
2575 3128 2750 3181 sociis
2780 3127 3125 3184 derelictum
3160 3128 3465 3194 intellexit,
3488 3129 3605 3183 arci
3636 3129 3764 3184 cui-

334 3224 451 3277 tias
478 3200 852 3275 fluctuarent.
880 3217 1106 3288 Exigua
1134 3232 1238 3271 nec
1269 3214 1533 3286 longum,
1561 3218 1625 3267 ut
1646 3212 1988 3284 apparebat,
2022 3200 2064 3266 C
2105 3218 2261 3285 piam
2298 3215 2541 3270 munitas
2568 3222 2746 3287 caput
2768 3217 3139 3289 salutemque
3161 3218 3457 3273 confidere
3487 3218 3764 3273 decrevit.

333 3311 585 3365 valitura
617 3310 752 3364 fidei
804 3307 1017 3364 Joanni
1049 3306 1200 3360 datae
1234 3302 1554 3359 reverentia
1586 3301 1891 3357 cohibente
1923 3301 1993 3355 ab

332 3399 461 3469 ipso
514 3400 584 3454 ad
648 3397 901 3470 primam
962 3396 1163 3451 statim
1221 3392 1609 3462 irruptionem
1662 3391 1992 3468 prodendo;

336 3506 472 3544 nam
507 3489 575 3542 ad
610 3492 937 3542 extremum
987 3484 1170 3539 vitare
1217 3498 1278 3537 se
1310 3497 1479 3553 posse
1528 3480 1847 3535 deditionis
1894 3496 1996 3534 ne-

334 3578 670 3634 cessitatem
715 3576 1190 3645 desperaverant,
1229 3571 1430 3641 utique
1473 3586 1608 3624 cum
1641 3568 1995 3638 circumspi-

335 3666 627 3721 cientibus
660 3667 893 3731 cuncta,
918 3660 1128 3715 salutis
1173 3659 1287 3714 alia
1318 3660 1411 3713 via
1442 3658 1812 3729 expediendae
1847 3657 1994 3712 ratio

336 3753 686 3809 humanitus
739 3754 1049 3820 appareret
1106 3746 1288 3802 nulla.
1346 3747 1502 3801 Inter
1558 3746 1679 3801 haec
1736 3746 1994 3802 Joannes

335 3844 464 3915 ipse
495 3840 715 3913 passim
752 3839 1020 3893 desertus
1046 3854 1077 3890 a
1100 3836 1417 3907 plerisque,
1445 3852 1550 3890 nec
1582 3834 1695 3889 alio
1722 3836 1842 3904 jam
1882 3838 1995 3890 fere

338 3946 517 4003 quam
582 3926 964 3983 familiarium
1030 3923 1489 3979 domesticorum
1549 3926 1751 3993 septus
1812 3922 1995 3977 comi-

336 4024 482 4088 tatu,
516 4022 641 4071 arte
670 4022 849 4086 atque
890 4013 1127 4085 ingenio
1178 4011 1452 4083 supplere
1484 4011 1777 4065 defectum
1812 4026 1991 4081 cpum

338 4112 393 4162 et
424 4106 600 4177 capiti
634 4121 699 4160 ac
732 4119 979 4160 summas
1025 4118 1221 4157 rerum
1274 4116 1511 4155 suarum
1565 4115 1742 4169 quam
1798 4103 1997 4169 posset

336 4197 558 4267 optime
593 4193 899 4250 consulere
945 4191 1259 4260 nitebatur,
1294 4188 1421 4243 loca
1451 4205 1518 4243 ex
1548 4188 1693 4243 locis
1735 4194 1994 4254 mutans,

343 4301 641 4356 nusquam
675 4283 771 4338 diu
826 4281 1179 4347 consistens,
1213 4294 1371 4333 nunc
1421 4277 1534 4343 hic,
1570 4292 1705 4331 mox
1735 4276 1855 4331 illic
1886 4276 1995 4331 im-

338 4375 571 4447 proviso
622 4371 979 4445 apparendo,
1014 4372 1259 4423 conatus
1312 4366 1997 4437 insequentium,quoad

340 4465 598 4533 poterat,
662 4462 977 4514 frustrans.
1040 4456 1186 4511 Nam
1248 4470 1493 4509 manum
1555 4470 1878 4523 conserere,
1941 4457 1999 4509 et.

2106 3309 2250 3375 Ergo
2283 3320 2343 3358 se
2374 3303 2579 3359 Patras
2621 3305 2929 3361 conferens
2972 3305 3312 3377 (prmvalida
3364 3306 3487 3362 haec
3534 3312 3658 3363 erat
3710 3312 3771 3363 et

2106 3392 2565 3464 propugnaculis
2600 3410 2801 3449 recens
2834 3394 3079 3450 structis
3114 3394 3514 3451 munitissima
3540 3395 3765 3466 civitas)

2104 3499 2169 3538 co
2216 3499 2277 3537 se
2327 3482 2585 3549 inclusit,
2621 3483 2896 3538 idoneum
2947 3484 3005 3538 id
3056 3485 3397 3555 praesidium
3451 3490 3617 3540 ratus
3666 3486 3762 3541 cui

2106 3587 2400 3626 summam
2451 3587 2647 3625 rerum
2682 3577 2738 3626 et
2770 3571 3049 3643 reliquias
3100 3574 3344 3628 fortunae
3394 3574 3452 3628 in
3501 3578 3762 3631 extremo

2104 3660 2448 3714 discrimine
2471 3660 2887 3715 custodiendas
2921 3666 3075 3715 recte
3107 3661 3387 3716 crederet.
3414 3666 3486 3715 At
3517 3663 3765 3733 despota

2103 3748 2360 3804 Joannes
2389 3750 2486 3818 qui
2519 3759 2801 3820 tanquam
2849 3749 3127 3822 indagine
3157 3748 3416 3805 clausam
3452 3751 3634 3807 feram
3664 3768 3761 3807 ve-

2104 3843 2273 3892 nator
2314 3838 2577 3908 undique
2626 3837 2922 3909 vestigans
2974 3837 3202 3893 nullum
3255 3839 3427 3894 finem
3461 3839 3761 3909 quaerendi

2103 3927 2348 3982 Joannis
2379 3927 2549 3982 ducis
2581 3926 2761 3997 inque
2790 3943 2958 3982 suam
2986 3932 3331 3999 potestatem
3367 3929 3627 3999 redigere
3659 3946 3760 3984 co-

2104 4015 2282 4071 nandi
2315 4014 2585 4079 faciebat,
2608 4015 2707 4070 ubi
2733 4015 2844 4070 cito
2867 4015 3138 4087 cognovit
3179 4015 3370 4072 Patris
3403 4033 3536 4072 eum
3568 4016 3763 4073 inclu-

2105 4121 2259 4171 sum,
2279 4121 2346 4160 eo
2374 4104 2679 4159 confestim
2705 4106 3024 4159 exercitum
3050 4104 3284 4175 rapiens
3316 4122 3532 4162 corona
3556 4106 3762 4163 urbem

2104 4193 2512 4261 circumdedit,
2546 4210 2728 4264 prono
2781 4195 2851 4249 ad
2895 4194 2950 4249 id
2998 4211 3143 4250 usus
3192 4194 3390 4250 studio
3442 4196 3659 4250 ducum
3697 4212 3765 4251 ac

2106 4281 2385 4351 militum,
2412 4298 2559 4351 quos
2593 4288 2649 4337 et
2680 4283 2843 4353 ipsos
2873 4282 3006 4336 belli
3033 4300 3151 4337 uno
3184 4284 3241 4337 in
3267 4283 3456 4353 capite
3489 4283 3767 4353 patrandi

2105 4371 2455 4442 percupidos
2489 4370 2789 4425 alacritate
2822 4370 3155 4442 pelliciebat
3183 4372 3252 4427 ad
3287 4373 3767 4429 contendendum

2106 4460 2256 4515 mira
2300 4460 2431 4531 ipsa
2472 4477 2585 4514 non
2636 4460 2815 4514 dubia
2870 4460 3085 4515 vicinia
3137 4463 3361 4531 praedas,
3394 4461 3487 4516 cui
3534 4461 3763 4518 dudum

333 4550 738 4621 aleamjacere
761 4543 1733 4619 praelii,destitutumcopiis,u|tra
1755 4559 1987 4598 omnem
2022 4569 2071 4633 Β
2104 4550 2491 4613 inhiaverant,
2526 4567 2699 4621 quam
2736 4551 2861 4607 suis
2893 4552 3098 4622 utique
3137 4553 3257 4621 jam
3296 4552 3572 4608 manibus
3606 4550 3765 4608 elabi

336 4646 402 4696 ut
434 4638 797 4705 facultatem,
832 4638 910 4691 ita
955 4634 1372 4706 cogitationem
1423 4637 1567 4689 erat.
1604 4633 1775 4687 Porro
1807 4633 1989 4688 duces

336 4746 403 4786 ac
435 4728 653 4785 milites
686 4727 939 4796 despotaa
962 4723 1077 4778 late
1110 4739 1211 4795 per
1232 4721 1526 4791 regionem
1558 4721 1747 4792 sparsi
1780 4722 1989 4776 ducem

339 4820 599 4875 hostium
636 4817 733 4871 ubi
769 4816 972 4870 lateret
1001 4812 1279 4868 omnibus
1313 4810 1574 4881 vestigiis
1607 4809 1989 4880 indagabant,

337 4911 670 4964 scrutantes
719 4904 958 4959 assidue
1006 4902 1134 4956 loca
1182 4904 1394 4954 cuncta
1424 4899 1644 4969 quibus
1676 4900 1827 4954 3‘26
1859 4916 1991 4954 eum

340 4997 619 5053 abscondi
670 4994 757 5050 vel
816 4992 1029 5064 exigua
1077 4989 1338 5061 suspicio
1382 5005 1511 5043 esse
1559 4994 1775 5059 posset.
1830 4988 1993 5044 Unde

340 5103 471 5141 cum
523 5085 623 5140 ille
670 5084 929 5138 latebras
978 5080 1232 5136 subinde
1284 5086 1561 5132 mutuans
1592 5078 1867 5133 continue
1900 5080 1991 5132 fu-

341 5179 523 5246 geret,
556 5173 827 5228 trahebat
860 5175 992 5243 post
1036 5187 1097 5226 se
1124 5169 1345 5236 hostes,
1374 5166 1618 5222 ulterius
1652 5168 1735 5223 sic
1765 5183 1996 5239 semper

340 5264 401 5317 in
449 5264 577 5333 ejus
627 5260 867 5315 ditionis
920 5276 1047 5315 sese
1097 5262 1509 5330 promoventes
1558 5255 1807 5311 intima:
1845 5273 1994 5327 quos

341 5351 439 5407 ille
470 5352 597 5422 ipse
640 5348 971 5405 manifestis
1003 5348 1406 5419 deprehensus
1438 5344 1672 5400 indiciis
1704 5346 1872 5401 ducis
1904 5346 1993 5400 fu-

339 5441 553 5510 gientis
585 5438 762 5493 timor
793 5437 1137 5493 audaciores
1187 5436 1414 5492 scilicet
1460 5435 1521 5490 in
1572 5451 1637 5490 eo
1668 5434 1994 5490 invehendo

344 5530 615 5595 faciebat,
642 5528 816 5582 fretos
850 5525 1051 5596 utique
1085 5542 1202 5595 qua
1232 5524 1385 5580 clare
1418 5524 1812 5595 praevalebant
1844 5523 1995 5578 mul-

341 5618 620 5683 titudine,
654 5631 758 5671 nec
799 5630 1152 5685 magnopere
1193 5613 1632 5668 formidandum
1668 5612 1993 5684 quidquam

342 5705 697 5761 arbitrantes
728 5706 800 5761 ab
833 5719 899 5759 eo
929 5702 1028 5775 qui
1051 5701 1274 5758 viribus
1306 5701 1501 5774 palam
1534 5702 1835 5773 diffidens,
1860 5718 1994 5773 spes

2103 4641 2399 4710 negabant
2442 4656 2634 4710 posse.
2662 4639 2892 4694 Crebris
2925 4645 3060 4695 ante
3108 4641 3310 4697 omnia
3364 4641 3672 4712 colloquiis
3707 4646 3767 4697 et

2102 4728 3215 4799 promissionibustentatiobsessorum
3246 4731 3315 4783 ab
3349 4730 3765 4785 obsidentibus

2104 4816 2281 4871 animi
2307 4824 2461 4871 sunt.
2489 4816 2930 4887 Proponebatur
2963 4818 3111 4887 ipsis
3143 4834 3245 4887 per
3270 4818 3523 4873 subinde
3549 4817 3765 4874 missos

2106 4905 2295 4978 pellax
2324 4910 2380 4960 et
2403 4911 2734 4975 quaestuosa
2760 4906 3041 4971 conditio,
3066 4906 3398 4977 paciscendi
3422 4908 3533 4962 sibi
3558 4912 3770 4979 preter

2102 4994 2573 5050 incolumitatem
2595 5011 2888 5064 securam,
2915 4994 3291 5066 amplissima
3311 4996 3767 5067 certissimaque

2106 5084 2368 5156 praemia,
2402 5101 2531 5155 qum
2575 5084 2896 5155 promereri
2951 5085 3147 5139 statim
3185 5090 3428 5156 possent
3472 5085 3624 5140 facili
3657 5086 3765 5141 de-

2104 5172 2327 5228 ditione
2358 5173 2536 5227 unius
2586 5172 2868 5237 hominis,
2902 5189 3091 5229 causa:
3122 5178 3209 5229 tot
3256 5174 3547 5229 malorum
3580 5172 3669 5227 vel
3701 5173 3763 5228 in

2107 5279 2362 5335 praesens
2396 5261 2732 5333 urgentium
2764 5260 2852 5316 vel
2882 5261 2941 5316 in
2975 5263 3241 5317 futurum
3294 5262 3761 5319 imminentium.

2104 5348 2194 5402 Sic
2226 5347 2381 5401 enim
2414 5355 2568 5402 certo
2600 5346 2907 5414 haberent,
2942 5363 3249 5419 nunquam
3279 5347 3417 5403 inde
3448 5348 3762 5402 abscessu-

2106 5453 2223 5501 ros,
2259 5441 2360 5491 aut
2391 5435 2504 5491 alio
2534 5435 2740 5506 quovis
2783 5440 3053 5507 respectu
3094 5437 3441 5492 avertendos
3470 5436 3767 5492 Romanos

2105 5524 2223 5580 nisi
2256 5526 2522 5581 confecta
2552 5541 2648 5591 re;
2696 5540 2802 5579 nec
2832 5523 3071 5579 interim
3117 5526 3470 5597 parcituros,
3494 5529 3595 5581 aut
3644 5524 3768 5582 ulla

2107 5614 2512 5669 misericordia
2564 5614 2926 5670 revocandos
2954 5614 3027 5668 ab
3060 5615 3301 5670 urendis
3356 5618 3481 5671 tota
3527 5614 3765 5687 regione

2108 5703 2374 5773 frugibus
2402 5719 2469 5759 ac
2498 5703 2693 5773 tectis,
2728 5702 2884 5773 agris
2918 5720 2983 5759 ac
3016 5703 3162 5759 satis
3206 5703 3608 5760 conculcanda
3637 5719 3767 5759 cor-
