4112 6458
371 417 481 474 777

1437 426 1534 480 DE
1570 424 1948 481 MICHAELE
1985 425 2431 484 PALEOLOGO
2467 428 2604 484 LIB.
2645 431 2742 484 IV.

3685 434 3795 492 778

373 543 742 621 στρατοπέδου
815 543 1071 621 βαδίζων,
1147 548 1302 612 εὐθύς
1357 570 1416 604 τε
1493 548 2028 624 μετασχηματίζεται
2063 550 2114 616 Α
2146 548 2373 624 λιπαρεῖ
2433 555 2676 628 βοηθεῖν,
2739 552 2816 618 εἰς
2871 551 3050 610 πίστιν
3102 555 3160 612 δὲ
3207 560 3313 614 τῶν
3371 558 3620 616 σπονδῶν
3668 563 3794 616 ἑαυ-

369 633 459 688 καί
528 634 761 710 χλαῖναν
823 636 916 707 μὶν
999 635 1264 708 μέλαιναν
1335 639 1684 712 περιτίθεται,
1743 643 1931 713 κρατεῖ
1989 633 2042 690 δ’

371 723 470 778 ἀνά
500 729 692 798 χεῖρας
744 722 919 778 ’ίππου
981 724 1210 801 ῥυτῆρα,
1267 728 1362 780 παὶ
1424 728 1560 781 κατὰ
1612 725 1912 799 θεράποντα
1947 747 2038 798 με-

369 812 842 886 τασκευασάμενος
925 812 1292 870 καθευδόντων
1380 817 1504 891 περί
1605 817 1767 888 μὲσας
1841 815 2036 876 νύκτας

371 902 508 956 ἅπαν
541 903 603 956 τὸ
637 900 1000 976 στρατόπεδον
1055 901 1252 978 διεξῄει
1307 903 1736 980 ἐρωτηματικῶς
1776 903 2032 979 ἰκφωνῶν

367 990 628 1066 συχνάκις
675 992 800 1066 περὶ
833 990 1001 1046 ἵππου
1028 991 1184 1062 δῆθεν
1212 993 1592 1057 ἀπολωλότος.
1620 993 1724 1050 Καὶ
1750 1015 1798 1048 οι
1829 994 1921 1064 μὲν
1946 1013 2037 1047 κα-

362 1079 668 1153 τημέλουν,
696 1082 746 1134 οἱ
775 1079 833 1135 δὲ
881 1103 970 1136 και
1025 1082 1393 1156 ὰπελογοῦντο
1425 1080 1637 1146 ἔνδοθεν
1668 1087 1778 1137 τῶν
1813 1085 2029 1151 σκηνῶν

367 1171 444 1242 μὴ
478 1167 610 1224 ἰδεῖν
638 1171 698 1224 τὸ
732 1169 986 1244 σύνολον,
1008 1171 1218 1225 ἐκείνου
1249 1173 1338 1227 καὶ
1364 1174 1430 1226 τὰ
1461 1172 1535 1234 εἷς
1568 1172 1776 1247 εὕρεσιν
1822 1170 2028 1244 δαψιλῆ

363 1259 939 1334 καθυπισχνουμένου.
1005 1262 1106 1316 Καὶ
1169 1260 1312 1316 οὕτω
1373 1262 1555 1316 λαθὼν
1614 1263 1710 1321 τὰς
1775 1262 2026 1315 ἁπάντων

361 1349 592 1422 γνώσεις
643 1348 943 1404 ἀπολύεται
998 1351 1092 1423 μὲν
1121 1355 1218 1404 τοῦ
1263 1355 1574 1424 Ῥωμαϊκοῦ
1634 1349 2028 1424 στρατοπέδου,

368 1437 740 1502 ἐνσκευασθεὶς
803 1438 860 1492 δὲ
918 1441 1012 1512 ἅμ’
1059 1436 1152 1512 ἕῳ,
1203 1440 1293 1494 καὶ
1345 1438 1414 1494 δι’
1445 1438 1668 1510 ἀδήλων
1721 1441 1814 1502 τας
1847 1434 2028 1509 Θήϐας

364 1525 420 1582 ἰν
478 1527 713 1603 ἡμέραις
773 1527 1018 1603 μετρίαις
1063 1524 1408 1597 καταλαϐὼν,
1448 1528 1679 1602 μηδενὸς
1714 1533 1820 1583 τῶν
1861 1528 2026 1582 αὐτοῦ

361 1615 575 1679 εἰδότος
607 1614 758 1690 (οὐδὲ
789 1619 892 1692 γὰρ
922 1619 974 1672 οἱ
1007 1615 1157 1672 ἔνδον
1211 1623 1436 1691 Πατρῶν
1489 1617 1636 1688 πλὴν
1669 1623 1777 1673 τῶν
1808 1617 2023 1672 οἰκείων

358 1705 449 1760 καὶ
510 1708 592 1767 οἷς
647 1706 918 1760 ἒπίστευεν
975 1704 1194 1782 ᾔδεσαν,
1251 1705 1302 1762 ο⁹ί
1362 1705 1427 1776 δὴ
1488 1708 1577 1761 καὶ
1640 1706 1718 1783 ἐφ’
1782 1708 2022 1781 ἡμέραις

359 1791 601 1868 ἔμελλον
634 1795 938 1864 συσκιάζειν
1000 1797 1060 1850 τὸ
1121 1793 1299 1871 δρᾶμα
1355 1802 1470 1859 τοῖς
1535 1796 1585 1850 ἐν
1632 1799 1700 1869 τῇ
1746 1795 1904 1850 πόλει
1943 1796 2018 1867 μή

361 1881 688 1958 φαινομένου
740 1888 837 1938 τοῦ
901 1885 1200 1957 Ἰωάννου),
1262 1883 1433 1938 ἐκεῖσε
1495 1883 1674 1938 τοίνυν
1720 1885 1814 1938 τὸν
1851 1884 2016 1957 μέγαν

361 1969 547 2047 κύριον
605 1967 1038 2044 καταλαμϐάνει,
1087 1975 1487 2045 ὁμωνυμοῦντά
1528 1974 1579 2028 oi
1615 1976 1694 2047 [1).
1728 1974 1853 2045 221]
1888 1978 2017 2044 (Συ-

364 2059 636 2136 ριωάννης
684 2063 788 2138 γὰρ
833 2063 972 2116 κατὰ
1015 2060 1267 2137 γλῶτταν
1321 2061 1587 2138 ἐλέγετο),
1627 2061 1716 2116 καὶ
1751 2058 1818 2130 δὴ
1847 2081 2019 2133 προσ-

349 2277 720 2347 rumpendis,
765 2275 1106 2332 excidendis
1156 2276 1364 2344 vineis,
1422 2277 1682 2348 denique
1729 2276 1898 2347 ipsis,
1959 2273 2009 2331 si

349 2364 618 2436 accipere
634 2365 832 2420 oblata
855 2371 1506 2438 recusarent,tanquam
1527 2365 1800 2421 hostibus
1819 2364 2010 2419 inexo-

345 2451 1068 2519 rabiliterinfensis,omni
1099 2452 1236 2508 belli
1273 2454 1437 2508 clade
1469 2454 2008 2525 perdendis,quan-

347 2544 643 2612 tacunque
670 2542 820 2597 827
861 2542 933 2595 ad
969 2541 1023 2595 id
1051 2541 1473 2612 perficiendum
1524 2541 1810 2612 patientia
1859 2557 2008 2611 opus

348 2634 526 2686 esset.
559 2629 708 2686 Nam
742 2630 850 2685 sibi
899 2629 1200 2685 abundare
1247 2629 1456 2698 otium,
1491 2634 1547 2685 et
1593 2629 1763 2685 unice
1801 2645 2007 2684 vacare

351 2718 545 2774 soluto
578 2719 737 2774 curis
769 2717 1369 2789 aliis,quantumlibet
1387 2721 1643 2792 spatium
1668 2719 1727 2772 in
1755 2735 1823 2772 ea
1848 2717 2005 2773 obsi-

349 2807 522 2863 dione
553 2824 921 2864 consumere.
953 2807 1117 2863 Talia
1167 2803 1542 2863 denuntianti
1591 2809 1846 2879 despotaa
1892 2807 2004 2862 Pa-

353 2902 579 2953 trenses
603 2897 721 2953 sive
743 2913 874 2952 vere
906 2897 1251 2970 sinceraque
1270 2899 1481 2953 mentis
1500 2898 1746 2970 prepriaa
1771 2901 2005 2951 senten-

351 2987 455 3053 tia,
515 2987 633 3042 sive
683 2987 764 3042 ita
815 2988 1147 3042 faciendum
1202 2993 1575 3059 suggerente,
1623 3003 1793 3057 quem
1842 2986 2005 3040 intus

354 3089 552 3129 secum
586 3075 898 3144 habebant,
929 3079 1154 3131 Joanne
1179 3077 1348 3145 duce,
1396 3079 1699 3130 mansuete
1726 3076 2005 3130 modeste-

358 3179 470 3235 que
484 3166 935 3237 respondebant;
963 3169 1634 3234 excusantes,maturam
1654 3164 1712 3219 in
1734 3163 2008 3236 praesenti

2146 648 2264 702 τοῖς
2319 642 2407 696 καὶ
2464 641 2634 710 κῆδος
2692 643 2850 698 ἐτίθει
2900 646 3172 719 γενέσθαι,
3223 649 3298 710 ὡς
3351 647 3542 706 λαϐεῖν
3589 649 3836 716 ἐκεῖνον,

2145 726 2391 804 γαμϐρὸν
2451 731 2538 785 ἐπὶ
2598 732 2838 807 θυγατρί.
2899 733 2962 789 Ὀ
3021 731 3079 788 δὲ
3139 737 3302 811 μέγας
3363 739 3555 814 κύριος
3609 741 3794 794 Ἰωάν-

2145 842 2242 890 νης
2289 841 2356 874 τα
2411 823 2530 884 καθ’
2590 820 2748 875 αὐτὸν
2809 823 2902 894 μὲν
2964 831 3284 898 παρῃτεῖτο,
3346 835 3421 892 ὡς
3481 827 3612 901 μηδ’
3660 828 3795 883 εἶναί

2145 910 2194 964 oi
2255 908 2474 964 δυνατὸν
2535 909 2628 964 ἐπὶ
2704 911 2925 986 συζυγίᾳ
2988 913 3404 993 καταληφθῆναι
3465 917 3675 981 ἀσθενεῖ
3732 939 3796 991 γε

2142 994 2256 1052 ὄντι
2329 999 2418 1052 καὶ
2488 997 2735 1074 ποδάγρα
2810 998 2962 1072 δεινῇ
3034 1002 3492 1077 προσπαλαίοντι,
3556 1003 3792 1083 ἀδελφὸν

2141 1084 2197 1141 δέ
2240 1087 2290 1140 οἱ
2339 1087 2472 1141 εἶναι
2520 1087 2609 1140 τὸν
2657 1085 2823 1141 παῖδα
2875 1088 3245 1162 Γουλίελμον,
3285 1091 3344 1146 ὅν
3392 1092 3482 1146 καὶ
3515 1092 3589 1154 εἷς
3620 1091 3794 1162 κῆδος

2140 1179 2258 1230 οἷον
2291 1175 2491 1236 ἐκεῖνος
2524 1173 2803 1241 προῦτεινε
2832 1177 2920 1231 καὶ
2974 1177 3094 1233 λίαν
3134 1183 3416 1254 χρήσιμον
3447 1179 3788 1257 παρεδείκνυ.

2137 1263 2310 1321 Ἀλλὰ
2339 1266 2404 1319 τὰ
2437 1265 2532 1336 μὲν
2556 1269 2653 1319 τοῦ
2699 1263 2900 1335 κήδους
2950 1267 3039 1320 καὶ
3090 1266 3308 1342 ὕστερον
3342 1266 3496 1343 ἔλεγε
3525 1269 3791 1342 τελεσθή-

2137 1356 2317 1408 σεσθαι
2366 1359 2472 1408 τῶν
2523 1351 2995 1428 συναλλαγμάτων
3056 1357 3344 1430 κειμένων,
3395 1357 3425 1412 ὅ
3469 1357 3534 1428 δὴ
3575 1359 3666 1414 καὶ
3697 1361 3789 1434 γέ-

2133 1443 2447 1515 γονε-τότε
2497 1438 2553 1494 δὲ
2603 1442 2949 1520 τριακοσίους
2997 1439 3404 1519 καϐαλλαρίους
3452 1443 3576 1509 δοὺς
3614 1447 3782 1520 αὐτῶ,

2133 1522 2167 1590 ἢ
2225 1523 2316 1576 καὶ
2384 1522 2629 1590 πλείους,
2687 1521 2760 1583 ὡς
2821 1519 3054 1598 λέγεται,
3115 1523 3164 1596 ἐξ
3225 1525 3393 1590 αὐτῆς
3445 1519 3784 1600 ἀποπέμπει,

2133 1605 2328 1684 ἄνδρας
2376 1607 2623 1684 ἀρεϊκοὺς
2681 1609 2771 1662 καὶ
2824 1609 3052 1665 πολλῶν
3107 1633 3268 1666 τινων
3318 1620 3785 1691 καθυπερτεροῦν-

2128 1720 2242 1762 τας.
2300 1697 2407 1759 Οῧς
2456 1695 2640 1752 λαϐὼν
2699 1698 2790 1753 καὶ
2846 1705 2964 1762 τοῖς
3019 1700 3185 1756 αὐτοῦ
3234 1703 3537 1776 προσμίξας
3572 1703 3660 1759 διὰ
3687 1727 3784 1760 τα-

2132 1791 2299 1862 χὲων,
2346 1790 2420 1848 ὡς
2474 1786 2670 1860 μηδενὶ
2725 1789 3025 1864 φωραθείη,
3075 1791 3262 1865 καιρὸν
3315 1791 3651 1868 ἐπιτηρήσας
3684 1794 3785 1867 ἐμ-

2128 1877 2314 1930 πίπτει
2367 1881 2475 1930 τῶν
2537 1877 2889 1951 πραχθέντων
2964 1880 3038 1950 μή
3116 1879 3458 1952 αἰσθομένοις
3537 1879 3678 1955 μηδὲ
3731 1904 3784 1938 τι

2129 1964 2532 2042 προσδοκῶσιν,
2589 1965 2717 2021 ἀλλ’
2775 1967 2826 2020 ἐν
2886 1968 3056 2023 ἀνὲσει
3115 1971 3347 2042 παντοίᾳ
3404 1969 3646 2047 διάγουσι
3686 1972 3782 2030 λο-

2128 2060 2340 2134 γισμῶν
2378 2056 2470 2124 ιὼς
2531 2053 2682 2111 ἔνδον
2742 2055 3206 2131 ἐγκεκλεισμένου.
3258 2061 3410 2123 Τὲως
3462 2059 3520 2116 δὲ
3570 2063 3642 2125 ὡς
3676 2063 3786 2118 εἰσ-

2120 2272 2370 2343 impune
2399 2271 2660 2340 trajectis
2684 2287 2860 2340 quam
2880 2269 2998 2327 late
3025 2273 3299 2341 patebant
3328 2273 3538 2330 castris
3571 2275 3780 2332 Roma-

2123 2361 2216 2416 nis
2249 2361 2557 2429 universis,
2586 2360 2696 2415 sub
2728 2377 3002 2415 auroram
3037 2378 3138 2431 per
3169 2362 3287 2417 vias
3324 2363 3587 2420 occultas
3629 2383 3771 2421 con-

2121 2451 2310 2506 tendit
2340 2450 2572 2504 Thebas
2596 2465 2820 2514 versus,
2855 2466 2972 2522 quo
3003 2450 3208 2522 paucis
3242 2451 3453 2508 diebus
3503 2452 3772 2525 inexspe-

2121 2538 2483 2594 ctatissimus
2518 2537 2798 2608 pervenit.
2825 2538 2932 2603 Qui
2965 2540 3121 2594 enim
3156 2539 3236 2595 ibi
3269 2539 3591 2613 quidquam
3623 2561 3776 2615 pra:-

2120 2628 2345 2683 moneri
2378 2628 2450 2682 de
2488 2627 2643 2682 828
2688 2628 2817 2696 ejus
2855 2629 3109 2682 adventu
3142 2630 3456 2699 potuisset,
3491 2647 3666 2702 quem
3703 2650 3778 2688 ne

2121 2719 2426 2774 Patrenses
2442 2719 2679 2788 quidem
2708 2717 2892 2772 Patris
2915 2719 3237 2775 excessisse
3252 2721 3443 2775 adhuc
3471 2727 3770 2793 noverant,

2118 2807 2321 2878 paucis
2350 2806 2466 2861 illis
2498 2807 2955 2862 domesticorum
2989 2807 3230 2873 factum,
3265 2809 3434 2879 cujus
3468 2809 3572 2865 soli
3605 2817 3773 2866 erant

2119 2896 2360 2961 conscii,
2397 2895 2614 2950 silentii
2643 2895 2794 2966 quod
2821 2900 3024 2951 sancte
3057 2897 3450 2968 promiserant
3483 2901 3594 2954 lide
3614 2916 3775 2955 sam-

2089 2978 2092 2982 ’
2119 3003 2213 3041 ma
2243 2986 2589 3042 celantibus.
2623 2990 2680 3040 et
2706 2994 2872 3056 prout
2907 2991 3255 3042 convenerat
3281 2987 3532 3044 Joannis
3562 2989 3778 3045 absen-

2119 3077 2262 3131 tiam
2295 3075 2632 3147 tegentibus
2662 3075 2907 3130 artitlcio
2969 3076 3132 3131 facile
3164 3067 3460 3133 avertente
3510 3077 3776 3135 curiosas

2120 3165 2491 3236 suspiciones
2524 3163 2789 3218 sollicitae
2823 3165 3143 3235 praesertim
3173 3170 3229 3220 et
3261 3165 3377 3220 alio
3409 3170 3642 3222 attentze
3671 3168 3771 3222 tali

359 3269 478 3309 rem
511 3271 626 3309 non
656 3271 821 3322 esse;
855 3255 1198 3326 suppliciter
1229 3260 1463 3310 orantes
1488 3255 1702 3310 remitti
1722 3253 2010 3325 tantisper
2039 3270 2081 3338 ρ
2122 3258 2273 3311 statu
2309 3253 2578 3309 civitatis.
2615 3257 2687 3306 At
2715 3253 2972 3309 Joannes
3002 3270 3283 3327 magnum
3316 3255 3536 3311 Thebis
3585 3256 3772 3312 domi-

349 3345 809 3417 oppugnationis
870 3346 1165 3417 impetus;
1229 3361 1508 3418 magnum
1578 3345 1770 3400 brevis
1830 3361 2006 3399 morae

350 3435 604 3504 pretium
642 3434 798 3502 fore‘;
830 3451 962 3489 nam
997 3451 1057 3490 se
1089 3434 1322 3490 interim
1367 3432 1730 3489 conﬁrmatis
1761 3433 2004 3500 viribus,

361 3521 458 3576 ubi
494 3521 786 3593 praesidio,
823 3523 976 3592 quod
1029 3521 1370 3593 impositum
1430 3522 1756 3577 cervicibus
1788 3523 2008 3592 perfer—

355 3615 504 3681 rent,
539 3610 851 3666 eluctando
881 3611 1026 3666 satis
1061 3616 1323 3683 possent,
1364 3611 1564 3666 omnia
1623 3627 1751 3681 quie
1805 3627 2008 3680 posce-

353 3704 560 3756 rentur
616 3701 925 3756 eﬂ'ecturos
976 3704 1034 3755 et
1073 3702 1353 3756 Joannem
1407 3700 1465 3754 in
1501 3717 1670 3754 suam
1705 3701 2006 3754 redactum

353 3793 708 3861 potestatem
729 3789 1070 3845 tradituros.
1091 3789 1320 3843 Auditae
1339 3804 1539 3860 preces
1571 3792 1731 3843 sunt.
1751 3788 1854 3842 Vis
1877 3805 2008 3843 sus-

353 3879 666 3951 penditur;
694 3879 838 3935 ﬁdes
870 3883 1244 3950 exspectatur
1277 3877 2008 3948 promissorum.Lougum

356 3965 418 4021 in
450 3966 544 4022 his
574 3972 811 4038 tempus
857 3966 1001 4031 abit,
1057 3965 1190 4020 hinc
1238 3964 1617 4020 Patrensibus
1660 3965 1718 4017 in
1763 3964 2010 4018 artificio

356 4056 513 4128 quod
574 4057 858 4127 prodesse
923 4059 1198 4126 cmperat,
1254 4054 1520 4125 gnaviter
1583 4053 2007 4124 perstantibus,

354 4144 494 4201 inde
515 4144 798 4200 Romanis
819 4161 920 4214 spe
936 4145 1049 4200 sibi
1075 4161 1224 4198 vana
1253 4143 1508 4198 victoria:
1537 4143 1813 4214 proxima:
1836 4141 2006 4196 blan-

350 4234 804 4289 dientibus.Hoc
836 4233 1082 4288 articulo
1135 4249 1328 4288 rerum
1395 4233 1742 4288 tentandum
1787 4231 2009 4302 aliquid

355 4339 642 4396 magnum
675 4323 794 4378 dux
822 4322 1080 4377 Joannes
1111 4321 1442 4387 constituit,
1467 4321 1733 4375 adhibita
1764 4321 1823 4375 in
1870 4336 2008 4376 con-

353 4410 797 4484 silium,praeter
810 4411 918 4482 ipsi
937 4409 1279 4466 familiarem
1297 4411 1677 4481 innatamque
1693 4409 1982 4464 audaciam
1995 4449 2008 4475 ,

347 4506 615 4558 extrema
657 4500 1016 4557 necessitate
1048 4517 1245 4556 rerum
1277 4517 1520 4556 suarum
1557 4499 1766 4554 ultimo
1791 4499 1916 4570 jam
1950 4499 2010 4552 in

354 4590 701 4646 discrimine
741 4590 1122 4661 pendentium
1157 4606 1170 4646 :
1201 4594 1374 4644 noctu
1429 4605 1531 4660 per
1579 4589 1726 4643 fidos
1773 4604 2010 4660 paucos,

341 4680 581 4752 juratos
612 4695 826 4734 arcano
859 4678 1074 4735 factum
1109 4677 1438 4744 habituros,
1473 4677 1700 4732 demitti
1736 4693 1798 4732 se
1842 4693 2014 4732 cura-

351 4769 438 4824 vit
465 4767 708 4823 funibus
757 4783 860 4839 per
905 4783 1170 4832 murum,
1215 4770 1375 4822 veste
1425 4770 1594 4821 antea
1637 4771 1886 4833 mutata,
1938 4781 2009 4819 ne

357 4862 560 4931 posset
587 4856 842 4928 agnosci.
881 4857 1033 4912 Tum
1057 4860 1122 4910 ut
1157 4859 1281 4911 erat
1311 4870 1450 4926 sago
1483 4854 1653 4924 nigro
1691 4853 1750 4907 in
1802 4853 2006 4908 famuli

354 4947 614 5020 speciem
648 4946 934 5014 larvatus,
968 4945 1103 5017 equi
1129 4945 1392 5000 habenas
1413 4960 1590 4999 manu
1609 4947 2011 5012 tenens,nocte

356 5036 651 5093 concubia
681 5035 1092 5092 dormentibus
1123 5033 1372 5099 cunctis,
1412 5049 1516 5104 per
1566 5032 1756 5088 media
1798 5031 2014 5088 transit

358 5133 578 5192 castra,
609 5125 933 5180 identidem
969 5123 1279 5196 inquirens
1324 5122 1576 5195 supplici
1630 5122 1906 5188 clamore,
1961 5120 2012 5177 si

357 5214 461 5285 qui
515 5214 694 5270 sciret
751 5230 866 5285 quo
928 5213 1172 5268 abiisset
1219 5211 1331 5267 sibi
1385 5210 1621 5281 elapsus
1670 5227 1859 5281 equus
1909 5213 2010 5266 do-

350 5303 522 5371 mini,
561 5307 890 5358 monstrare
922 5317 994 5356 ne
1027 5305 1377 5373 gravaretur
1417 5317 1430 5354 :
1484 5315 1758 5372 magnam
1812 5300 2013 5354 indicii

357 5393 695 5449 mercedem
745 5393 885 5448 fore.
921 5391 1015 5447 Sic
1065 5395 1303 5446 euntem
1355 5389 1403 5444 si
1455 5389 1553 5460 qui
1603 5387 1806 5460 vigiles
1856 5389 2015 5445 vide-

358 5485 523 5552 bant,
558 5483 868 5554 procedere
903 5480 1199 5549 sinebant,
1236 5479 1384 5534 nihil
1417 5479 1700 5550 suspicali
1729 5495 1741 5532 :
1773 5478 1872 5533 alii
1913 5481 2018 5534 ah-

357 5572 464 5628 diti
497 5569 898 5626 tabernaculis
931 5586 1079 5640 quos
1127 5586 1374 5624 somnus
1426 5569 1498 5622 ab
1559 5568 1852 5623 audiendo
1904 5587 2018 5624 non

361 5664 610 5727 arceret,
643 5658 1004 5730 negligenter
1034 5658 1263 5712 reddita
1305 5657 1466 5712 intus
1510 5672 1648 5711 voce
1702 5660 2023 5728 responde-

359 5751 504 5806 bant
534 5753 819 5822 negantes
849 5762 1068 5820 equum
1102 5746 1216 5801 sibi
1245 5745 1462 5801 visum.
1486 5746 1552 5801 In
1585 5745 1740 5800 hunc
1774 5748 2021 5804 modum

685 5869 772 5926 PA
786 5881 954 5928 raon.
1003 5865 1115 5925 Gn.
1162 5863 1417 5924 CXLIII.

2127 3361 2268 3398 num
2304 3343 2530 3398 invenit
2560 3342 2671 3398 sibi
2705 3343 3116 3414 cognominem
3145 3361 3157 3398 :
3182 3343 3537 3416 Syrioannes
3559 3345 3774 3417 quippe

2125 3431 2285 3503 linga
2317 3432 2438 3486 illic
2472 3431 2690 3487 usitata
2718 3432 3056 3487 vocabatur.
3091 3436 3257 3488 Hunc
3285 3433 3509 3489 'adiens
3553 3435 3774 3490 infimis

2123 3521 2399 3594 precibus
2431 3524 2558 3576 orat
2589 3525 2654 3574 ut
2685 3520 2796 3575 sibi
2830 3519 3164 3590 auxilietur,
3215 3521 3413 3577 oblata
3459 3523 3518 3578 in
3561 3524 3776 3595 pignus

2125 3612 2366 3666 ἰαιϐοῖ-ῖς.
2393 3609 2629 3682 propria
2664 3609 2784 3664 tilia
2815 3609 2926 3681 ipsi
2962 3615 3237 3683 nuptura.
3289 3613 3370 3666 Ad
3416 3628 3485 3667 ea
3528 3628 3780 3683 magnus

2126 3701 2400 3756 dominus
2432 3700 2691 3755 Joannes
2724 3700 2976 3770 negabat
2998 3716 3060 3755 se
3083 3706 3286 3772 aptum
3310 3702 3782 3775 nuptiis,quippe

2125 3805 2257 3843 cum
2291 3789 2465 3843 malis
2487 3789 2778 3857 desperati
2814 3790 3057 3844 remedii
3093 3790 3248 3855 aliis,
3295 3795 3424 3846 tum
3463 3791 3778 3847 incurabili

2123 3877 2446 3950 praesertim
2477 3877 2877 3932 conflictatum
2913 3879 3192 3950 podagra.
3228 3880 3337 3935 Sed
3393 3881 3630 3935 fratrem
3664 3881 3779 3937 sibi

2123 3983 2252 4022 esse
2282 3965 2708 4021 adolescentem
2744 3966 3124 4031 Gulielmum,
3157 3984 3330 4039 quem
3366 3969 3424 4023 in
3454 3970 3629 4025 istam
3654 3971 3776 4025 affi-

2124 4045 2366 4111 nitatem
2397 4055 2507 4109 sibi
2543 4054 2709 4109 valde
2742 4055 3045 4124 probatam
3089 4061 3147 4111 et
3197 4057 3495 4128 utrimque
3535 4059 3772 4129 judica-

2122 4151 2242 4201 tam
2275 4143 2474 4198 utilem
2511 4144 2762 4198 offerret.
2797 4165 2820 4190 α
2853 4147 3068 4199 Verum
3103 4145 3246 4213 haec,
3284 4167 3310 4194 ››
3341 4144 3560 4218 inquit,
3595 4149 3768 4218 «jam

2122 4251 2280 4290 nunc
2309 4235 2464 4288 inter
2495 4249 2600 4287 nos
2631 4237 2918 4288 conventa
2947 4249 3054 4288 suo
3083 4233 3356 4290 videlicet
3405 4235 3772 4293 curabuntur

2121 4329 2404 4396 tempore,
2437 4351 2463 4376 ι»
2497 4326 2668 4394 prout
2710 4327 2797 4378 est
2856 4340 3053 4380 revera
3093 4324 3335 4392 factum,
3379 4325 3511 4380 istis
3559 4327 3772 4383 deinde

2126 4413 2233 4470 rite
2282 4413 2595 4469 celebratis
2646 4411 2868 4484 nuptiis
2920 4429 2932 4468 :
2987 4435 3012 4462 α
3064 4429 3219 4468 nunc
3272 4418 3335 4468 ut
3384 4415 3537 4486 quod
3593 4416 3775 4472 instat

2126 4509 2560 4576 praevertamus,
2592 4501 2790 4573 accipe
2823 4519 2856 4556 a
2888 4517 2978 4557 me
3019 4503 3235 4558 auxilia
3268 4521 3394 4575 quae
3428 4505 3708 4575 postulas.
3747 4527 3770 4556 ι

2129 4590 2512 4664 Datisqueilli
2545 4589 2878 4645 caballariis
2912 4591 3211 4662 trecentis,
3247 4596 3368 4662 aut,
3419 4601 3486 4649 ut
3533 4594 3772 4666 quidam

2123 4685 2415 4745 asserunt,
2453 4677 2746 4751 pluribus,
2781 4695 2914 4733 eum
2967 4680 3245 4735 continuo
3297 4681 3544 4738 dimisit.
3598 4682 3776 4740 Erant

2120 4769 2177 4824 hi
2213 4769 2523 4824 bellatores
2555 4766 2861 4822 lectissimi
2892 4784 3121 4838 omnes,
3159 4767 3537 4842 pluriumque
3585 4771 3774 4828 instar

2121 4857 2483 4929 singuli.Hos
2513 4856 2640 4912 suis
2671 4855 2959 4912 admistos
2990 4874 3226 4912 summa
3268 4858 3565 4914 celeritate
3613 4861 3770 4933 pari-

2123 4961 2238 5019 que
2286 4945 2545 5010 silentio,
2606 4961 2678 5000 ne
2735 4943 2854 5000 ullo
2904 4961 3078 5000 senin
3135 4945 3216 5001 rei
3271 4963 3398 5018 quea
3455 4949 3773 5020 parabatur

2123 5034 2322 5090 hostes
2387 5034 2867 5101 admonerentur,
2917 5034 3128 5089 castris
3183 5034 3252 5089 ad
3319 5035 3518 5090 Patras
3567 5037 3774 5108 positis

2124 5125 2462 5187 admovens,
2496 5122 2553 5176 in
2606 5137 2673 5177 ea
2721 5125 3051 5194 opportuno
3087 5127 3320 5194 captato
3350 5128 3611 5197 tempore
3635 5127 3776 5183 totis

2123 5214 2352 5268 viribus
2383 5212 2679 5283 irrumpit.
2715 5211 2991 5266 Omnium
3028 5212 3237 5267 horum
3298 5231 3539 5284 prorsus
3587 5217 3776 5288 ignari

2128 5302 2372 5357 Romani
2407 5306 2577 5355 erant
2608 5299 2754 5353 nihil
2788 5304 2914 5353 tum
2955 5300 3148 5354 minus
3198 5317 3374 5371 quam
3434 5305 3551 5358 tale
3610 5305 3780 5376 quid-

2129 5391 2286 5464 piam
2321 5392 2751 5460 exspectantes.
2785 5387 2958 5455 Quin,
2991 5393 3057 5443 ut
3103 5389 3162 5443 in
3209 5390 3427 5462 supina
3475 5395 3787 5450 securitate

2133 5480 2256 5535 ﬁeri
2291 5486 2472 5544 amat,
2506 5477 2562 5530 in
2601 5478 2794 5532 omnis
2827 5493 2889 5531 se
2941 5477 3172 5549 generis
3213 5479 3592 5537 remissiones
3638 5485 3789 5538 rela-

2128 5571 2433 5631 xaverant,
2465 5582 2637 5620 curas
2666 5567 2930 5620 solvente
2955 5571 3199 5621 cunctas
3243 5568 3538 5640 Opinione,
3580 5571 3672 5626 cui
3725 5577 3792 5628 ut

2134 5657 2482 5713 certissimae
2542 5655 2982 5726 acquiescentes
3033 5656 3558 5728 persuasissimum
3611 5660 3790 5716 habe-

2137 5749 2276 5804 bant
2307 5746 2592 5803 Joannem
2627 5743 2834 5816 utique
2861 5745 3070 5802 ducem
3122 5763 3154 5802 a
3199 5763 3316 5819 quo
3361 5765 3478 5804 uno
3528 5752 3791 5808 metuere

3390 5866 3464 5927 25
