4112 6450
383 466 492 521 779

1696 460 1998 519 GEORGII
2036 461 2500 518 PACHYMERE

3700 458 3814 513 780

392 587 588 646 ϐάλλει
638 590 770 645 ποτε
825 589 1051 666 στρατὸς
1111 587 1430 649 ἀκούσαντες
1483 583 1676 662 σχεδὸν
1735 585 2037 661 ἐταράχθη·
2067 595 2119 661 Α
2150 584 2405 658 Ἐκλίνθη
2442 584 2489 641 δ’
2518 588 2552 656 ἡ
2592 584 2767 662 μάχη,
2804 586 2944 642 εἶπεν
2977 583 3036 640 ἄν
3087 607 3170 649 τις
3212 589 3539 656 ποιητικῶς,
3576 586 3809 639 καὶτῶν

395 703 515 751 σαν,
546 682 865 756 ἀγνοοῦντες
914 680 975 734 τὸ
1026 677 1226 753 δρᾶμα.
1277 677 1407 732 Τότε
1452 676 1630 731 τοίνυν
1679 676 2039 749 συμμίξαντες

394 769 539 825 ἔνθεν
577 771 669 843 μὲν
704 771 755 824 οἱ
813 769 934 845 περὶ
990 768 1081 823 τὸν
1140 769 1373 840 Ῥιμψᾶν
1434 768 1657 841 Πέρσαι,
1714 764 1858 821 πολὺ
1893 762 1949 820 δὲ
1978 765 2039 819 τὸ

395 861 703 933 Ῥωμαϊκὸν
761 860 849 913 καὶ
910 860 967 911 οἱ
1046 858 1170 933 περὶ
1244 859 1337 911 τὸν
1410 855 1675 925 δεσπότην
1737 856 2041 925 κράτιστοι,

400 950 599 1013 ἐκεῖθεν
648 946 704 1002 δὲ
752 949 801 1002 οἱ
843 949 967 1016 περὶ
1013 947 1104 1000 τὸν
1166 947 1420 1017 Ἰωάννην
1484 944 1685 1003 Ἰταλοὶ
1733 945 1821 998 καὶ
1865 946 1915 999 οἱ
1947 944 2044 998 αὐ-

400 1043 496 1093 τοῦ
527 1037 731 1093 πολλοί
759 1058 816 1112 γε
859 1033 1008 1101 ὅντες
1054 1038 1139 1091 καὶ
1179 1036 1417 1111 μάχιμοι
1468 1035 1913 1112 συνερρήγνυντο.
1948 1033 2047 1087 Καὶ

403 1127 766 1199 συμπεσόντες
815 1126 993 1202 ὀλίγοι
1046 1125 1271 1188 πλείους
1319 1126 1530 1179 ἐνίκων.
1583 1126 1651 1181 Ol
1703 1125 1796 1197 μὲν
1845 1125 1945 1199 γὰρ
1976 1126 2045 1196 τῇ

402 1219 519 1271 κατ’
570 1216 767 1277 αὐτοὺς
817 1216 1057 1286 συντάξει
1115 1214 1437 1292 Θαρροῦντες
1492 1215 1732 1285 ἀκμῆτες
1762 1208 1908 1275 ὄντες
1958 1212 2049 1267 καὶ

402 1305 453 1375 ἐξ
494 1305 659 1375 αὐτῆς
690 1300 902 1378 ἕτοιμοι
942 1299 1280 1379 προσϐαλεῖν
1328 1305 1463 1358 κατὰ
1504 1304 1708 1376 τρόπον
1740 1301 2043 1357 ἐνέπιπτον·

402 1396 456 1451 οῗ
508 1392 565 1448 δὲ
614 1399 778 1449 τοῦτο
837 1394 934 1467 μὲν
986 1397 1065 1466 τῷ
1133 1390 1532 1469 ἀπροσδοκήτῳ
1587 1391 2047 1465 καταμλαγέντες,

396 1487 557 1539 τοῦτο
590 1481 648 1538 δὶ
677 1482 765 1538 καὶ
817 1482 1032 1553 πλῆθος
1082 1481 1390 1555 σύμμικτον
1424 1477 1591 1550 ὄντες,
1644 1480 1694 1535 έν
1726 1484 1807 1543 οἷς
1841 1479 2043 1556 ἀνάγκη

396 1573 487 1627 καὶ
538 1594 689 1635 τινας
747 1573 835 1627 καὶ
892 1572 1040 1645 παρᾶ
1090 1572 1152 1627 τὸ
1211 1572 1390 1647 χρεὼν
1450 1569 1739 1648 ὖρῥωδεῖν,
1802 1570 2046 1631 ἀτάκτως

396 1662 489 1716 καὶ
522 1663 597 1724 ὡς
630 1662 689 1716 οὐ
725 1661 871 1739 σφίσι
924 1660 1245 1736 θαρῥοῦντες
1292 1660 1591 1736 ἐμάχοντο.
1626 1660 1727 1718 Καὶ
1758 1657 1922 1721 τέλος
1951 1666 2052 1728 τῆς

401 1750 628 1827 πρώτης
666 1751 946 1829 φάλαγγος
994 1749 1309 1821 ἐκλυθείσης
1342 1751 1395 1805 αἱ
1435 1749 1662 1805 κατόπιν
1697 1747 1747 1803 έν
1782 1748 1844 1803 οὐ
1872 1767 2050 1822 προσ-

400 1839 664 1910 ηκούσαις
723 1837 955 1901 δειλίαις
1033 1840 1193 1911 ἦσαν,
1266 1839 1353 1894 καὶ
1416 1837 1866 1915 συνεταράσσοντο
1932 1836 2051 1900 καθ’

401 1928 600 1990 αὑτοὺς
661 1925 1078 2002 θορυϐούμενοι,
1136 1927 1479 2003 καὶ“μικρὸν
1557 1923 2050 1990 ὀπισθοποδοῢντες

400 2017 560 2081 τέλος
594 2017 671 2080 εἷς
719 2018 897 2095 φυγὴν
946 2013 1203 2090 ἔϐλεψαν,
1251 2018 1341 2071 καὶ
1385 2018 1476 2071 τὸν
1522 2016 1785 2092 πρότερον
1820 2017 1848 2069 ὁ
1880 2014 2046 2070 ἐπιὼν

402 2105 722 2178 κατηπόδει,
774 2106 1008 2178 κάκείνῳ
1058 2104 1227 2167 ἄλλος
1276 2107 1596 2179 προσέπαιε,
1623 2104 1714 2159 καὶ
1747 2104 1889 2159 οὕτω
1921 2126 2057 2180 συγ-

405 2195 658 2271 χυθέντες
704 2192 1005 2251 ἀπεδύοντο
1060 2195 1154 2267 μὲν
1205 2194 1273 2249 τὰ
1327 2194 1495 2261 ὅπλα,
1546 2191 1782 2249 ἀπέλυον
1834 2190 1891 2247 δέ
1929 2192 2056 2255 τοὺς

398 2283 629 2357 Ἵππους,
686 2285 776 2339 καὶ
839 2283 1024 2357 μόνοις
1089 2283 1246 2337 ποσίν
1331 2283 1586 2360 έθάῤῥουν
1645 2284 1708 2337 τὸ
1767 2281 2052 2354 σώζεσθαι,

404 2374 718 2430 πολλᾶτοῦ
751 2371 1016 2428 δεσπότου
1059 2373 1120 2427 τὸ
1184 2374 1278 2445 μὲν
1328 2377 1661 2435 συνισῶντος
1709 2372 1784 2434 εἰς
1834 2371 2051 2448 θάρρος,

403 2466 465 2520 τὸ
496 2461 543 2520 δ’
573 2464 949 2535 ἀπειλοῦντος,
982 2458 1094 2519 ἔστι
1154 2460 1201 2517 δ’
1260 2461 1321 2519 οὗ
1373 2484 1435 2540 γε
1472 2463 1564 2519 καὶ
1593 2462 2048 2540 παροτρύνοντος.

401 2680 624 2752 aliquid
638 2678 1281 2752 poterant,eonclusum
1302 2678 1489 2735 teneri
1504 2694 1831 2750 arce,quam
1845 2677 2055 2734 arctis-

408 2771 561 2826 sima
575 2769 728 2826 329
754 2769 865 2842 ipsi
894 2770 1154 2841 undique
1175 2768 1485 2825 obsidione
1507 2769 2053 2840 circumcingerent.

406 2862 490 2916 Ad
527 2859 775 2931 primam
810 2859 990 2929 igitur
1019 2859 1472 2931 impressionem
1506 2875 1566 2913 re
1586 2857 2061 2929 videlicetinopi-

411 2949 721 3005 natissima
753 2948 1004 3018 perculsi
1038 2948 1375 3019 turbatique
1410 2946 1592 3002 nostri
1644 2963 1849 3002 omnes
1881 2951 2056 3001 sunt:

412 3041 705 3093 steterunt
732 3036 1017 3092 tamenin
1068 3036 1245 3092 armis
1303 3042 1490 3091 Persae
1550 3038 1660 3091 sub
1719 3036 2060 3106 Rimpsane,

416 3142 631 3199 magna
661 3143 796 3198 pars
819 3126 1062 3181 Romani
1089 3126 1463 3192 exercitus,in
1491 3125 1697 3197 primis
1720 3141 1852 3180 vero
1883 3124 2063 3180 Joan-

414 3233 519 3273 nes
551 3217 793 3287 despota
822 3233 957 3271 cum
990 3215 1334 3272 fortissimis
1367 3232 1633 3270 suorum.
1669 3216 1731 3270 In
1764 3214 1871 3270 hos
1901 3214 2062 3270 inve-

2081 1978 2128 2042 B

2146 680 2240 729 τοῦ
2274 674 2538 730 δεσπότου
2588 680 2783 752 φωνῶν
2830 675 3093 751 ἠλόγουν,
3146 674 3270 750 περὶ
3301 676 3495 730 ἑαυτοῦ
3522 674 3812 750 τετρεμαί-

2146 787 2252 819 νων
2286 761 2530 831 ἕκαστος,
2580 767 2774 842 ᾪοντο
2826 765 2925 839 γὰρ
2981 767 3057 838 μὴ
3108 763 3458 842 τριακοσίους
3488 762 3524 833 ἤ
3558 763 3647 819 καὶ
3678 763 3815 817 τού-

2144 876 2251 909 των
2288 852 2608 917 διπλασίους
2640 854 2675 923 ἢ
2742 854 2832 909 καὶ
2876 854 3134 918 πλείονας
3179 856 3311 911 εἶναι
3338 875 3350 887 ·
3386 852 3533 909 ἀλλὰ
3563 858 3642 925 τῷ
3670 853 3815 908 κατᾶ

2149 950 2283 1022 acii:
2310 943 2513 1015 πλήθει
2544 947 2605 999 τὸ
2633 945 2847 1014 πλῆθος
2897 950 3003 1000 τῶν
3051 943 3363 1000 ἀντιπάλων
3400 948 3481 1018 [Ρ.
3513 947 3641 1018 222]
3675 943 3817 1013 ὥρι-

2154 1039 2266 1103 ζον,
2317 1034 2391 1098 ὡς
2448 1035 2549 1089 οὐκ
2588 1030 2645 1088 ἄν
2707 1033 3116 1110 θαρῥησάντων,
3168 1033 3212 1088 εἰ
3269 1035 3343 1107 μή
3397 1054 3457 1110 γε
3517 1032 3607 1088 καὶ
3652 1033 3811 1087 αὐτοὶ

2149 1121 2377 1185 πλείους
2432 1119 2580 1186 ὄντες
2628 1128 2746 1185 τοῖς
2800 1123 2986 1188 τόσοις
3043 1122 3299 1198 ἐπῄεσαν.
3353 1123 3493 1181 Τότε
3538 1121 3691 1177 καὶὸ
3724 1119 3817 1178 δε-

2153 1211 2359 1283 σπότης
2408 1210 2897 1289 ἀποκαραδοκήσας
2943 1212 3128 1289 τρέπει
3178 1234 3238 1268 τε
3284 1211 3548 1288 χαλινοὺς
3602 1211 3815 1267 καὶτὸν

2152 1298 2319 1356 ἶ¹ππον
2393 1301 2560 1363 ἀνιεὶς
2636 1302 2771 1356 κατᾶ
2836 1302 3036 1377 κράτος
3106 1302 3307 1379 φεύγει.
3396 1301 3689 1356 Κάντεῦοεν
3743 1302 3817 1370 ἦν

2157 1390 2375 1466 βλέπειν
2419 1388 2623 1453 ἄλλους
2683 1392 2778 1465 μὲν
2835 1392 3157 1459 πίπτοντας,
3219 1386 3426 1454 ἄλλους
3475 1388 3533 1445 δὲ
3582 1391 3821 1468 φεύγον-

2150 1501 2269 1550 τας,
2300 1479 2425 1541 τοὺς
2460 1477 2517 1534 δὲ
2566 1479 2797 1553 Θάμνοις
2840 1480 3250 1554 κρυπτομένους
3296 1481 3387 1535 καὶ
3442 1480 3580 1554 πρὸς
3609 1480 3670 1535 τὸ
3704 1481 3819 1534 σώ-

2156 1570 2333 1637 ζεσθαι
2377 1569 2632 1623 ἱκετεύειν
2688 1570 2943 1641 ἑτοίμους
3001 1565 3185 1638 ὄντας,
3233 1566 3441 1631 ἄλλους
3476 1567 3522 1624 δ’
3557 1569 3821 1644 ἀπορῥῶ-

2154 1678 2251 1733 γας
2306 1658 2393 1711 καὶ
2455 1658 2653 1733 πέτρας
2707 1653 3253 1731 καταλαμϐάνοντας,
3315 1657 3522 1721 ἄλλους
3580 1656 3819 1720 δἀὗθις

2157 1745 2557 1823 ἀπαγομένους,
2591 1746 2805 1802 ὁπόσων
2856 1750 2891 1817 ὴ
2944 1746 3115 1823 λίχνη
3148 1747 3274 1823 χεὶρ
3306 1746 3523 1803 ἐκείνων
3554 1746 3645 1803 καὶ
3677 1748 3821 1821 πρὸς

2154 1837 2216 1891 τὸ
2249 1835 2496 1913 σφάττειν
2548 1836 2829 1911 ἀπότομος
2878 1842 2958 1910 τῷ
3009 1833 3305 1911 μεταϐόλῳ
3352 1839 3452 1907 τῆς
3492 1836 3670 1915 τύχης
3706 1857 3821 1910 μα-

2158 1924 2470 1999 λασσομένη
2513 1927 2657 2002 παρὰ
2712 1927 2774 1981 τὸ
2833 1923 2987 1999 δόξαν
3050 1926 3229 2004 σφίσιν
3276 1924 3541 2001 ἐφείδετο.
3592 1932 3733 1982 liam.
3769 1922 3824 1980 δ’

2160 2015 2194 2083 ἡ
2228 2020 2394 2089 μοῖρα
2423 2015 2489 2084 ἦν
2518 2011 2771 2090 ὄλεθρος,
2823 2017 3063 2091 σώμασι,
3117 2018 3426 2091 χρήμασιν,
3472 2013 3693 2086 ὅπλοις,
3724 2013 3823 2070 ἵπ-

2162 2124 2311 2171 ποις,
2362 2103 2546 2167 αύτοῖς
2593 2102 2849 2177 ἐνδύμασι
2879 2124 2890 2136 ’
2941 2105 3004 2160 τὸ
3056 2105 3159 2181 γὰρ
3209 2107 3474 2181 ὁμογενες
3511 2106 3587 2179 μὴ
3623 2102 3823 2160 διόλου

2162 2191 2339 2247 ἔπειθε
2393 2192 2664 2271 σφάττειν,
2722 2195 2785 2249 τὸ
2845 2192 2901 2249 δὲ
2957 2199 3199 2269 γυμνοῦν
3250 2195 3342 2250 τὸν
3396 2194 3599 2252 ἁλόντα
3628 2196 3703 2257 ὡς
3735 2194 3823 2250 έν-

2163 2278 2416 2355 δυμάτων
2450 2288 2609 2336 πᾶσιν
2664 2282 2746 2338 ἐπ’
2798 2279 2920 2353 ἴσης
2968 2284 3059 2353 ἦν.
3116 2283 3292 2347 Τέλος
3344 2285 3647 2363 φευγόντων
3697 2288 3823 2347 ταῖς

2163 2377 2429 2450 φορηταῖς
2503 2372 2704 2435 οἰκίαις
2789 2372 3096 2447 ἰπιθέμενοι
3147 2379 3260 2430 τῶν
3336 2376 3669 2451 μεγιστάνων
3726 2372 3824 2429 καὶ

2160 2461 2329 2516 αὐτοῦ
2360 2481 2423 2537 γε
2466 2465 2564 2516 τοῦ
2610 2458 2875 2517 δεσπότου
2926 2460 3105 2519 πολὺν
3160 2462 3446 2541 έξεφόρουν
3490 2464 3585 2520 τὸν
3638 2460 3827 2519 πλοῦ-

2168 2675 2375 2732 tudine
2404 2676 2573 2732 unice
2598 2677 2864 2733 omnium
2912 2695 3100 2734 versa.
3150 2678 3449 2735 Putabant
3495 2678 3652 2735 enim
3703 2695 3827 2737 non

2169 2769 2463 2822 trecentos
2518 2771 2619 2822 aut
2686 2767 2866 2840 duplo
2913 2768 3162 2839 triplove
3211 2767 3430 2840 plures,
3482 2771 3583 2825 sed
3647 2767 3827 2842 plane

2172 2855 2294 2926 pari
2330 2855 2561 2925 saltem,
2594 2856 2741 2913 forte
2772 2858 3074 2929 superiore
3126 2858 3273 2930 ipsis
3324 2876 3569 2915 numero
3618 2859 3830 2917 hostes

2170 2944 2393 3000 instare
2425 2945 2671 3000 victores
2705 2962 2717 3000 :
2756 2948 3050 3017 quomodo
3082 2948 3240 3002 enim
3274 2948 3386 3004 nisi
3422 2949 3831 3008 multitudinis

2171 3034 2283 3089 sibi
2300 3035 2519 3090 conscii
2544 3035 2783 3105 majoris
2795 3036 2970 3091 talem
2990 3038 3308 3092 exercitum
3329 3038 3700 3094 invaderent?
3714 3039 3830 3096 Ea—

2175 3125 2349 3177 tenus
2378 3123 2747 3178 sustinuerat
2769 3124 3015 3196 despota
3064 3125 3199 3181 belli
3222 3131 3439 3183 sortem
3456 3136 3830 3200 exspectans:

2173 3215 2315 3267 tunc
2345 3212 2582 3267 tandem
2615 3214 2942 3285 desperatis
2976 3214 3133 3270 haud
3165 3216 3342 3271 dubie
3394 3216 3592 3286 rebus,
3642 3217 3837 3275 versis

412 3312 544 3362 ctus
575 3306 694 3360 dux
722 3305 980 3361 Joannes
1003 3322 1135 3360 cum
1170 3305 1298 3360 suis
1329 3304 1511 3372 Italis,
1538 3304 1811 3375 plurimis
1832 3308 1887 3358 et
1916 3296 2064 3375 ipsis
2094 3319 2137 3385 ρ
2176 3301 2302 3371 equi
2336 3301 2582 3357 habenis
2614 3305 2672 3357 in
2707 3302 2905 3375 fugam
2938 3322 3001 3360 se
3031 3322 3205 3376 quam
3226 3305 3647 3363 etIusissimam
3666 3324 3836 3363 aver-

412 3411 713 3467 manuque
729 3395 1214 3467 promptissimis,
1240 3393 1505 3466 praelium
1529 3394 1829 3448 commisit
1846 3410 1975 3449 acre
1999 3411 2064 3449 ac

414 3489 870 3556 cruentum,quo
904 3483 1152 3539 Romani
1184 3484 1256 3538 ab
1291 3481 1683 3554 Italis-plures
1714 3500 1747 3537 a
1780 3482 2067 3554 pauciori-

418 3575 533 3629 bus
566 3572 736 3644 plane
766 3573 899 3627 victi
932 3578 1091 3626 sunt.
1124 3573 1270 3627 Nam
1314 3572 1370 3625 hi
1413 3572 1778 3626 conﬁrmatis
1829 3571 2067 3639 animis,

421 3662 627 3719 ordine
656 3668 905 3732 servato,
940 3661 1118 3717 fortes
1147 3662 1260 3732 ipsi
1292 3662 1711 3732 exercitatique
1742 3662 2071 3733 congressi-

421 3752 535 3807 bus
559 3750 805 3820 bellicis,
830 3749 1017 3822 parati
1039 3767 1098 3805 re
1118 3750 1366 3822 provisa,
1393 3750 1716 3823 disciplinae
1739 3751 2071 3807 industriis-

427 3858 541 3912 que
572 3840 687 3896 vim
720 3839 1110 3895 admiscentes
1134 3840 1569 3896 ineluctabilem
1602 3841 1851 3896 ruebant
1881 3841 1935 3896 in
1969 3841 2073 3896 ad-

422 3946 642 3985 versos.
680 3927 765 3983 Illi
799 3928 1054 3999 primum
1090 3945 1262 3985 casus
1293 3930 1547 3985 novitate
1576 3930 1829 4001 attoniti,
1862 3930 2072 3985 deinde

422 4023 490 4073 ut
520 4017 733 4089 vulgus
763 4034 793 4072 e
826 4017 983 4072 vario
1016 4018 1256 4074 mistum
1284 4034 1496 4090 genere
1520 4018 1669 4074 male
1692 4019 2069 4087 cohaerentes,

422 4124 526 4163 nec
550 4107 634 4162 ita
664 4108 797 4162 lecti
830 4124 1033 4163 omnes
1067 4111 1131 4162 ut
1161 4126 1273 4163 non
1308 4109 1465 4163 inter
1490 4110 1666 4164 fortes
1707 4109 1902 4181 ignavi
1935 4108 2070 4179 qui-

417 4199 553 4252 dam
574 4198 813 4252 horrore
833 4197 1076 4268 periculi
1101 4203 1418 4253 trementes
1443 4198 1833 4269 incomposite
1856 4215 2072 4269 pugna-

416 4291 547 4342 rent
578 4292 634 4341 et
662 4287 842 4341 difﬁsi
880 4288 1269 4357 praasentibus
1291 4288 1507 4341 tutiora
1528 4288 2069 4357 circumspicerent,

417 4375 856 4430 succubuerunt
885 4376 955 4429 ad
988 4382 1339 4430 extremum.
1395 4376 1569 4430 Porro
1620 4376 1734 4431 ista
1784 4376 2073 4448 phalange

419 4465 615 4536 priore
648 4464 935 4536 dissipata
968 4465 1290 4535 fractaque,
1323 4465 1425 4535 qui
1459 4471 1615 4520 retro
1670 4465 1729 4518 in
1784 4465 2071 4521 subsidiis

414 4552 675 4623 stabant,
700 4552 972 4624 pudendo
1019 4554 1272 4625 correpti
1305 4559 1489 4622 metu,
1522 4554 1830 4610 confusam
1877 4558 1933 4610 et
1980 4558 2072 4609 tu-

411 4642 903 4697 multuabundam
936 4647 1235 4714 utcunque
1267 4643 1610 4715 objicientes
1634 4644 1842 4711 aciem,
1866 4644 2068 4699 statim

413 4732 589 4803 pedes
617 4730 965 4799 retulerunt,
997 4732 1167 4787 initio
1200 4750 1329 4787 cum
1358 4734 1611 4804 quadam
1643 4733 1868 4789 ordinis
1901 4749 2063 4800 cura,

410 4836 546 4875 mox
576 4820 758 4875 effuso
781 4824 996 4875 temere
1020 4836 1493 4892 quoquoversum
1516 4822 1739 4893 impetu
1761 4822 2066 4877 trudentes

405 4907 655 4965 invicem
687 4909 1174 4981 incurrentesque
1203 4909 1262 4964 in
1287 4927 1415 4965 sese
1447 4914 1677 4975 mutuo,
1725 4911 1867 4965 dum
1919 4928 2064 4982 prie-

404 5001 627 5054 vertere
660 4998 1078 5068 praecedentem
1108 4999 1396 5069 posterior
1427 4999 2062 5071 studet.Deniquejam

404 5088 749 5142 confusione
776 5086 1119 5158 praevalente
1142 5103 1245 5158 pro
1268 5104 1330 5142 se
1369 5087 1617 5158 quisque
1642 5104 1805 5142 arma
1827 5105 2059 5158 exuere,

403 5190 584 5245 equos
615 5175 933 5244 dimittere,
968 5176 1219 5247 pedibus
1250 5176 1499 5231 salutem
1526 5178 2059 5249 quzerere,despota

401 5264 637 5332 quidem
699 5269 1003 5319 revocante
1058 5265 1128 5319 ad
1189 5264 1471 5332 ofﬁcium,
1525 5266 1815 5333 hortante,
1866 5267 2053 5321 incre-

397 5357 593 5423 pante,
631 5352 823 5406 minas
856 5352 953 5406 ubi
988 5358 1196 5409 caetera
1227 5371 1342 5409 non
1379 5355 1724 5426 profuerant
1777 5356 2052 5425 addente,

396 5444 693 5510 postremo
725 5441 1074 5509 corripiente
1109 5460 1280 5497 manu
1316 5445 1605 5514 quosdam
1638 5449 1694 5499 et
1724 5443 1783 5498 in
1818 5444 2049 5499 hostem

390 5532 671 5582 vertente.
698 5528 941 5584 Frustra
970 5532 1168 5587 omnia
1197 5548 1208 5587 :
1238 5531 1520 5587 inclinata
1546 5532 1750 5600 semel,
1787 5539 1851 5588 ut
1911 5549 2048 5604 poe-

388 5616 503 5670 tice
535 5616 669 5684 quis
702 5619 1159 5689 dixerit,pugna,
1183 5625 1340 5675 metu
1368 5622 1639 5677 videlicet
1669 5622 1959 5694 lymphati
1980 5638 2053 5677 ne

389 5700 611 5757 sentire
642 5706 881 5777 quidem
912 5722 1078 5761 voces
1106 5709 1381 5779 despotze,
1406 5713 1623 5766 nedum
1657 5727 1862 5767 curare
1888 5712 2050 5767 vide-

388 5791 627 5854 bantur,
665 5796 736 5850 ad
770 5794 881 5852 sibi
915 5796 1357 5868 privatim880
1379 5800 1807 5857 consulendum
1833 5800 2049 5858 sollici-

2100 4696 2147 4760 D

2178 3391 2267 3445 tit.
2313 3391 2456 3446 Hinc
2480 3392 2608 3461 jam
2639 3392 2990 3450 miserabilis
3019 3394 3195 3451 facies
3226 3395 3439 3469 campi.
3474 3396 3720 3453 Videres
3749 3396 3839 3453 ibi

2180 3478 2325 3535 alios
2356 3480 2804 3551 cadentes,alios
2830 3482 3437 3555 fugientes,quosdam
3462 3502 3525 3542 se
3548 3485 3841 3542 abdentes

2179 3571 2333 3625 inter
2362 3586 2560 3625 ramos
2591 3571 3233 3644 arbustorum,paratos
3263 3576 3504 3631 tendere
3533 3574 3842 3648 supplices

2180 3676 2430 3727 manus;
2466 3660 2711 3715 tutiores
2733 3660 2878 3717 alios
2908 3661 3161 3717 latebras
3195 3665 3251 3717 in
3295 3666 3608 3737 praeruptis
3641 3670 3844 3737 petra-

2182 3766 2313 3803 rum
2346 3748 2580 3805 ﬁsSuris
2612 3767 2908 3821 quaerere;
2942 3767 3058 3806 non
3108 3768 3326 3823 paucos
3369 3753 3428 3809 in
3488 3754 3841 3813 servitutem

2182 3840 2356 3907 trahi,
2391 3840 2605 3911 quibus
2629 3839 2897 3897 videlicet
2927 3847 3137 3913 praeter
3167 3860 3330 3915 spem
3364 3851 3668 3916 parcerent
3698 3864 3839 3904 cru-

2182 3928 2339 3984 deles
2366 3929 2499 3984 licet
2528 3928 2640 3983 illae
2672 3945 2738 3985 ac
2770 3930 2828 3984 in
2852 3931 3039 3987 caedes
3071 3936 3353 4004 promptae.
3387 3950 3623 4004 manus,
3657 3938 3842 3993 satie-

2184 4022 2297 4074 tate
2328 4018 2626 4085 saeviendi,
2652 4023 2752 4074 aut
2781 4019 3115 4076 emolliente
3146 4022 3398 4093 quodam
3433 4025 3843 4085 miserationis

2182 4108 2454 4163 humanae
2482 4124 2658 4163 sensu
2692 4108 2751 4163 in
2782 4112 2901 4163 tam
2937 4109 3133 4166 subita
3154 4111 3535 4170 ccnversione
3565 4115 3842 4173 fortunae.

2181 4198 2374 4253 Fatale
2406 4203 2597 4252 autem
2628 4199 2930 4269 ingruerat
2960 4199 3203 4257 exitium
3235 4203 3463 4257 cunctis
3487 4204 3704 4275 pariter
3748 4222 3846 4261 re-

2183 4289 2314 4354 bus,
2348 4287 2714 4357 corporibus,
2749 4288 3040 4357 pecuniis,
3083 4289 3288 4358 armis,
3336 4292 3528 4363 equis,
3570 4294 3845 4353 vestibus

2181 4376 2328 4447 ipsis
2361 4375 2959 4445 miserorum,quibus
2982 4378 3030 4431 si
3062 4379 3205 4433 forte
3228 4382 3845 4440 commendatiscom-

2183 4464 2463 4520 munione
2492 4465 2721 4536 generis
2753 4467 3110 4522 eondonaret
3138 4470 3315 4524 vitam
3358 4470 3693 4528 misericors
3724 4472 3842 4529 hu-

2184 4554 2434 4609 manitas
2466 4553 2722 4625 victoris,
2755 4572 2788 4611 a
2818 4554 3146 4627 spoliandis
3180 4562 3378 4616 tamen
3428 4560 3639 4617 iisdem
3685 4562 3842 4618 nihil

2184 4643 2489 4699 avaritiam
2520 4649 2758 4715 tempus
2788 4662 2962 4701 suum
3013 4652 3250 4704 nactam
3282 4650 3602 4708 avertebat.
3637 4651 3844 4723 Itaque

2181 4734 2400 4805 passim
2431 4742 2835 4806 congestarum
2863 4737 3032 4793 avida
3063 4738 3411 4810 spoliatione
3430 4742 3683 4798 vestium
3706 4758 3840 4798 ma-

2180 4822 2279 4893 gni
2306 4828 2363 4876 et
2387 4822 2634 4877 invicem
2670 4824 2786 4879 fere
2819 4841 2989 4895 pares
3021 4827 3336 4897 unicuique
3367 4829 3651 4886 Italorum
3676 4847 3842 4887 acer-

2176 4911 2228 4965 vi
2256 4912 2626 4967 constabant.
2661 4912 2761 4968 His
2795 4913 2854 4968 in
2906 4930 3115 4987 campo
3166 4918 3373 4989 gestis,
3422 4921 3717 4991 rapacitas
3772 4921 3839 4976 in

2172 5000 2385 5055 stativa
2415 5000 2677 5056 desolata
2706 5003 2844 5074 fuga
2874 5004 3162 5059 exercitus
3192 5004 3480 5062 incubuit.
3533 5010 3835 5065 Taberna-

2172 5089 2303 5143 cula
2335 5089 2753 5161 portatilesque
2770 5093 2978 5147 domos
3003 5092 3120 5148 illic
3148 5110 3417 5166 proceras
3442 5097 3687 5153 Romani
3714 5098 3834 5153 mi-

2170 5178 2427 5244 litantes,
2464 5179 2828 5252 despotaque
2860 5182 2916 5237 in
2951 5182 3181 5253 primis,
3215 5200 3319 5253 pre
3346 5185 3514 5258 copia
3542 5188 3838 5258 cujusque

2170 5267 2481 5338 magniﬁce
2512 5267 2829 5325 instructas
2862 5269 3211 5328 habuerant.
3239 5273 3303 5327 In
3336 5274 3440 5330 has
3474 5277 3835 5348 praedatores

2164 5357 2316 5412 versi
2354 5356 2607 5412 multum
2638 5358 2776 5414 inde
2806 5358 3146 5417 divitiarum
3181 5368 3591 5434 exportarunt.
3614 5364 3836 5421 Pocula

2164 5446 2321 5501 enim
2350 5446 2471 5511 illa,
2507 5446 2784 5517 qualibus
2818 5448 3114 5522 principes
3158 5456 3428 5522 utuntur,
3470 5454 3830 5524 exquisitam

2164 5534 2612 5606 supellectilem,
2648 5552 2834 5599 arma,
2870 5554 3077 5608 equos,
3111 5539 3649 5597 aliainstrumenta
3680 5560 3831 5600 usus

2162 5626 2807 5699 familiaris,totumque
2830 5628 2996 5684 illum
3018 5632 3282 5702 speciose
3299 5632 3615 5689 delicatum
3640 5652 3831 5707 appa—

2159 5720 2352 5770 ratum
2387 5716 2654 5786 superba:
2686 5718 2978 5789 regiaeque
3008 5719 3252 5775 luxuriae
3279 5728 3694 5779 converrentes
3725 5740 3829 5779 ex-

2158 5804 2511 5870 hauserunt,
2536 5820 2709 5860 avara
2740 5822 2931 5879 usque
2963 5808 3035 5863 ad
3068 5807 3469 5881 pulvisculum
3490 5810 3824 5885 diligentia,
