4112 6474
377 481 480 537 781

1436 483 1533 537 DE
1570 483 1944 540 MICHAELE
1985 482 2432 545 PALEOLOGO
2468 491 2604 547 LIB.
2646 491 2747 548 IV.

3700 499 3810 557 782

375 623 494 662 τον·
528 605 828 680 ἐκπώματα
879 603 980 680 γὰρ
1012 603 1190 661 ἐκεῖνα
1245 603 1335 661 καὶ
1363 599 1570 662 ἔπιπλα
1626 607 1715 662 καὶ
1777 606 1923 664 ὅπλα
1951 607 2040 663 καὶ
2071 610 2124 676 Α
2158 613 2350 685 σχερὲς
2409 615 2581 670 ἐκεῖνο
2637 615 2728 671 καὶ
2788 615 3199 692 ἀπροσδόκητον
3258 617 3542 696 σύμϐαμα,
3574 623 3814 690 πολλοῖς

368 695 584 758 ’ίππους
616 698 703 751 καὶ
764 697 1047 770 θεραπείαν
1109 693 1288 767 ἄλλην
1352 697 1636 772 χλιδῶσαν
1668 707 1880 774 τρυφῆς
1934 699 2040 767 ἐξε-

380 786 592 854 κὲνουν,
653 788 820 861 μεχρι
891 787 980 840 καὶ
1039 786 1213 840 αὐτῶν
1272 791 1379 840 τῶν
1434 786 1711 842 ἐπιπόδων
1774 790 2039 861 μυώπων,

380 875 614 932 πλεῖστα
698 874 1238 951 παρακερδαίνοντες·
1328 876 1418 931 καὶ
1494 876 1750 948 τηνικάδε
1811 879 1862 932 οἱ
1919 879 2043 932 τότε

382 964 586 1036 ἔδειξαν
666 971 960 1043 προφανῶς
1025 967 1086 1021 τὸ
1154 967 1248 1022 τοῦ
1317 968 1686 1032 Ἀντισθένους
1754 967 2037 1037 ἀληθινόν·

385 1055 518 1133 φησὶ
583 1055 685 1132 γὰρ
755 1055 957 1119 ἐκεῖνος
1023 1055 1178 1110 πάντ’
1245 1053 1495 1131 εὔχεσθαι
1564 1058 1629 1112 τὰ
1703 1055 1847 1112 καλὰ
1926 1063 2042 1119 τοῖς

378 1144 606 1221 ἐχθροῖς
638 1144 788 1214 πλὴν
843 1144 1124 1215 συνέσεως,
1181 1146 1256 1206 ὡς
1311 1146 1464 1199 πάνθ’
1499 1146 1589 1200 οἷᾶ
1643 1168 1701 1200 τε
1739 1147 1885 1222 παρὰ
1913 1144 2042 1200 τού-

379 1255 497 1296 τοις
549 1232 812 1308 γενὲσθαι,
843 1233 910 1302 ἢν
941 1234 1149 1289 σύνεσιν
1212 1231 1416 1308 ἔχοιεν.
1476 1232 1796 1304 Ἐδηλωσαν
1845 1233 1901 1289 δὲ
1950 1233 2038 1289 καὶ

377 1322 441 1378 τὸ
471 1330 572 1392 τῆς
603 1318 896 1384 εὐϐουλίας
941 1329 1141 1397 χρῆμα
1193 1329 1311 1385 τοῖς
1372 1323 1675 1393 ἀντιξοοῦσι
1704 1322 1792 1378 καί
1828 1321 2042 1396 μᾶλλον

381 1413 686 1487 χρήσιμον⁸
721 1409 991 1486 χιλιήδατ
1020 1411 1121 1486 γὰρ
1150 1411 1313 1473 τόσας
1359 1413 1434 1474 ὡς
1491 1413 1580 1466 καὶ
1641 1412 1717 1476 εἰς
1777 1409 2041 1488 μυριάδας

379 1505 680 1564 ποσοῦσθαι
735 1497 792 1555 ἓν
852 1503 1228 1576 παρεστήσατο
1282 1501 1584 1576 βούλευμα,
1645 1503 1732 1556 καὶ
1795 1503 1852 1555 οἱ
1908 1502 2040 1577 χθὲς

378 1588 746 1652 πλουτοῦντες
805 1591 892 1645 καὶ
954 1594 1266 1666 τρυφῶντες
1322 1612 1441 1652 τοις
1499 1593 1737 1661 πλήθεσι
1796 1593 2038 1664 σήμερον

377 1679 623 1735 ταπεινοί
679 1701 738 1735 τε
803 1679 894 1734 καὶ
953 1680 1255 1755 πενιχροὶ,
1340 1681 1856 1756 ἀνταγωνισαμένης
1938 1688 2039 1748 τῆς

383 1762 670 1830 ἀϐουλίας.
703 1768 988 1842 ’Λρχοντα
1045 1767 1144 1843 γὰρ
1198 1769 1311 1842 χρὴ
1370 1773 1655 1841 πειρᾶσθαι
1715 1769 1805 1823 καὶ
1853 1765 2041 1823 κινδυ-

382 1857 604 1912 νεύοντα
634 1857 709 1920 ὡς
738 1857 772 1927 ἢ
805 1858 1103 1927 νικήσοντα
1129 1857 1164 1926 ἢ
1197 1857 1433 1920 εὐκλεῶς
1482 1858 1836 1930 πεσούμενον.
1894 1857 2044 1914 Κατὰ

2153 700 2247 771 μὲν
2282 701 2356 763 εἷς
2389 701 2568 773 λύπην
2606 703 2801 768 ἄλλοις
2835 705 2891 762 δὲ
2920 709 3009 762 καὶ
3042 709 3118 770 εἰς
3169 706 3457 784 ἔκπληξιν,
3489 717 3613 774 τοῖς
3661 710 3708 766 δ’
3735 713 3813 777 εἷς

2149 789 2488 865 κατάγελων,
2546 794 2639 856 οὖς
2699 793 2763 865 δὴ
2818 803 3170 874 καναφρονεῖν
3213 795 3396 854 ἔπειθε
3447 805 3556 854 τῶν
3622 806 3813 874 μηκέτ’

2151 873 2441 955 ὅντωνικαὶ
2500 888 2615 944 τοῖς
2675 883 3028 958 λειπομένοις
3086 887 3810 961 προσεπιτίθεσθαι.Ἀκού-

2151 987 2334 1030 σαντες
2367 970 2464 1044 γὰρ
2514 973 2576 1026 τὸ
2635 975 2756 1048 περὶ
2815 975 2906 1028 τὸν
2964 973 3198 1047 Εὔριπον
3259 977 3529 1034 ναυτικὸν.
3596 979 3677 1040 οἱς
3737 977 3804 1047 δὴ

2147 1057 2239 1110 καὶ
2307 1059 2382 1120 εἰς
2451 1062 2740 1135 τριάκοντα
2827 1067 2973 1137 [225]
3044 1069 3170 1128 ναῦς
3233 1067 3260 1120 ὁ
3328 1066 3527 1128 στόλος
3615 1066 3803 1141 ὀλίγου

2151 1143 2367 1212 δέοντος
2396 1148 2701 1222 ἐξηρτύετο,
2734 1153 3094 1229 κατεθάρρουν
3137 1159 3244 1208 τῶν
3307 1155 3395 1208 ἐπὶ
3456 1153 3538 1216 δὶς
3565 1156 3654 1210 καὶ
3686 1155 3807 1231 τρὶς

2147 1233 2438 1294 πλείστων.
2474 1240 2576 1294 Καὶ
2609 1237 2675 1308 δὴ
2710 1241 2758 1313 ἐξ
2809 1243 2979 1307 αὐτῆς
3009 1263 3071 1317 γε
3114 1242 3616 1316 ναυστνλησάμενοι
3669 1245 3807 1298 κατᾶ

2147 1329 2242 1378 τοῦ
2279 1324 2558 1401 βασιλείου
2589 1327 2789 1384 στόλου
2820 1328 3078 1404 ἐξώρμων
3101 1336 3512 1405 ναυλοχοῦντος
3541 1332 3666 1406 περί
3698 1353 3805 1386 που

2147 1415 2246 1482 τὴν
2282 1415 2660 1491 Δημητριάδα,
2697 1419 2772 1482 ὡς
2798 1419 2990 1474 αὐτίκα
3021 1417 3264 1497 φανέντες
3322 1422 3668 1494 αἱρήσοντες.
3703 1423 3804 1478 Καὶ

2150 1505 2241 1576 ἅμ’
2302 1506 2635 1578 ὁρμήσαντες
2696 1503 2950 1581 ἔφθασαν,
3009 1511 3078 1582 τῇ
3133 1508 3436 1583 παραυτίκα
3483 1509 3669 1582 τόλμῃ
3717 1511 3808 1564 καὶ

2153 1594 2291 1668 μόνῃ
2325 1595 2604 1670 ἀραρότως
2637 1595 2951 1666 ἐλπίζοντες
3008 1597 3352 1667 καταπλῆξαι
3409 1603 3528 1660 τοῖς
3575 1598 3682 1672 πρὸ
3711 1603 3808 1653 τοῦ

2149 1683 2563 1759 κατεπτηχότας
2615 1685 2946 1762 σφάλμασιν.
3003 1689 3275 1764 Ἐφῆπται
3334 1683 3378 1740 δ’
3429 1685 3532 1760 ἄρα
3561 1687 3650 1742 καὶ
3679 1686 3808 1742 τού-

2146 1793 2263 1834 τοις
2295 1773 2440 1847 παρά
2481 1775 2674 1849 μικρὸν
2708 1775 2770 1829 οὐ
2826 1776 3021 1851 μικρὸς
3077 1773 3353 1837 κίνδυνος.
3421 1774 3582 1832 Τοῦτ’
3615 1773 3810 1851 ἀγγελ-

2151 1861 2236 1914 θὲν
2281 1866 2361 1934 τῷ
2405 1859 2637 1937 δεσπότῃ
2690 1861 2933 1938 διάγοντι
2990 1865 3126 1918 κατὰ
3172 1865 3272 1932 τὴν
3308 1862 3616 1938 Δριμίανιν,
3648 1863 3684 1933 ἢ
3715 1865 3804 1919 καὶ

379 1943 433 2000 τί
461 1947 563 2022 γὰρ
603 1945 692 2000 καὶ
753 1947 944 2020 ἄρχοι,
978 1944 1024 1999 εἱ
1059 1947 1132 2018 μή
1165 1968 1225 2022 γε
1256 1951 1604 2021 προμηθοῖτο
1661 1951 1768 2001 τῶν
1828 1943 2039 2016 ἄλλων,
2070 1977 2118 2041 Β
2152 1947 2364 2022 μᾶλλον
2397 1953 2458 2006 τὸ
2487 1950 2691 2022 ἀληθὲς
2748 1951 2917 2007 εἰπεῖν
2952 1951 3042 2008 καί
3088 1951 3313 2008 ἀλύοντι
3367 1951 3632 2007 τοσούτου
3665 1974 3808 2026 συμ-

386 2034 460 2088 ὦν
494 2035 682 2109 ἄρχειν
716 2032 962 2109 ἐτάχθη;
1000 2033 1101 2090 Καὶ
1164 2036 1365 2097 σκοπὸς
1425 2035 1517 2108 μὲν
1575 2035 1674 2090 οὐκ
1730 2034 2038 2107 ἀνεύθυνος,

395 2123 441 2179 εἰ
476 2125 552 2198 μή
599 2124 858 2198 προείποι
905 2123 1002 2178 καὶ
1054 2123 1456 2199 προυλοὶξηται,
1514 2121 1701 2201 ἄρχων
1745 2122 1789 2180 δ’
1821 2125 2046 2188 ἀνεύθυ-

382 2235 476 2270 νον
505 2214 740 2276 πάντως.
801 2213 848 2268 εἰ
909 2215 984 2287 μὴ
1042 2213 1460 2288 προκινδυνεύοι
1518 2216 1589 2269 ὧν
1651 2214 1856 2290 ἐτάχθη
1917 2237 2044 2271 σκο-

380 2303 484 2367 πός
514 2322 530 2373 ;
563 2305 869 2377 Οὐμενοῦν,
906 2299 988 2359 oii'
1023 2301 1241 2359 πολλοῦ
1272 2325 1334 2379 γε
1365 2304 1456 2359 καὶ
1489 2301 1591 2361 δεῖ.

452 2391 616 2451 Οὕτω
648 2393 754 2466 μὴν
789 2390 852 2448 οῦ
883 2391 1207 2467 παραλόγου
1245 2396 1345 2462 τῆς
1403 2394 1582 2468 τύχης
1639 2389 1924 2467 συμϐάσης
1953 2395 2042 2451 καὶ

377 2487 487 2538 τῶν
522 2480 1010 2556 ὑπολελειμμένων
1071 2484 1529 2558 κατεπτηχότων,
1589 2485 1773 2539 ἀνεῖσα
1826 2485 1887 2540 τὸ
1919 2507 2042 2541 πτε-

333 2622 336 2623 ν
377 2573 473 2649 ρὸν
506 2575 543 2644 ἠ
575 2573 736 2652 φήμη
772 2571 895 2634 θεὺς
928 2569 1081 2643 οὖσα,
1107 2572 1183 2636 ὡς
1205 2569 1440 2648 λέγεται,
1462 2570 1848 2650 περιαγγέλλει
1873 2575 1935 2629 τὸ
1954 2569 2043 2630 δυ·

383 2789 682 2861 siquidem
716 2787 878 2860 ipsos
909 2805 1145 2862 quoque
1177 2787 1410 2845 aculeos
1460 2788 1778 2846 calcarium
1833 2791 2038 2848 sedulo

381 2881 528 2936 88]
587 2877 931 2951 colligentes
980 2880 1356 2951 apponebant
1408 2878 1591 2947 lucro,
1621 2879 1723 2935 tali
1760 2896 2040 2937 successu

390 2971 834 3036 demonstrante
849 2969 1156 3025 manifeste
1172 2985 1346 3040 quam
1364 2969 1622 3041 prudens
1645 2973 1843 3024 votum
1871 2971 2044 3028 fuerit

389 3057 759 3114 Antisthenis
792 3058 991 3113 omnia
1023 3057 1294 3113 hostibus
1325 3058 1582 3130 optantis
1630 3058 1785 3113 bona
1835 3065 2046 3131 praeter

392 3152 641 3204 mentem
679 3165 860 3204 :nam
911 3147 1003 3202 cui
1055 3145 1370 3204 consilium
1417 3147 1688 3215 defuerit,
1734 3149 1864 3220 ejus
1915 3149 2043 3204 the-

381 3238 542 3294 sauri
581 3237 886 3309 quantivis
916 3237 975 3291 in
1012 3237 1256 3309 pradam
1307 3236 1653 3309 sapientiori
1703 3239 1928 3296 cedent.
1981 3241 2042 3294 In

2153 2033 2346 2100 ϐἀντος
2378 2044 2722 2115 πράγματος,
2766 2043 2971 2110 ἀνέζεσὲ
3027 2063 3084 2096 τε
3140 2041 3238 2104 τὰς
3265 2048 3368 2110 τῆς
3398 2044 3590 2116 ψυχῆς
3624 2041 3804 2117 ὁρμὰς

2151 2127 2240 2181 καὶ
2303 2129 2676 2204 ὑπερεπάθησε
2735 2127 2914 2192 δείσας
2973 2131 3098 2205 περὶ
3150 2135 3230 2202 τῷ
3285 2127 3489 2202 στόλῳ,
3523 2130 3567 2185 εἰ
3610 2130 3809 2185 τοσού-

2152 2237 2247 2271 του
2273 2219 2563 2293 γεγονότος
2625 2219 2700 2292 μή
2759 2217 3057 2292 ἐμπλησθῇ
3113 2219 3177 2273 τὸ
3213 2216 3508 2292 μοιρίδιον,
3541 2217 3688 2274 ἀλλὰ
3717 2220 3809 2274 καὶ

2153 2307 2290 2381 πέρα
2344 2312 2452 2361 τῶν
2493 2308 2795 2383 γεγονότων
2855 2307 3143 2385 προέλθοι.
3215 2307 3315 2362 Καὶ
3384 2304 3452 2377 δὴ
3525 2305 3577 2379 ἐξ
3644 2308 3814 2373 αὐτῆς

2155 2393 2305 2451 δυοῖν
2356 2399 2582 2472 ἡμερῶν
2638 2393 2914 2470 διάστημα
2972 2395 3110 2468 ὅλης
3139 2396 3229 2452 καὶ
3264 2397 3439 2471 μὸνης
3468 2403 3594 2471 μιᾶς
3624 2403 3810 2452 ποιεῖ-

2151 2507 2238 2542 ται
2281 2487 2494 2556 νυκτὸς,
2551 2488 2746 2543 καὶτὰ
2796 2492 2894 2542 τοῦ
2947 2491 3114 2557 πεζοῦ
3174 2484 3404 2561 στρατοῦ
3461 2486 3815 2564 συναθροίσας

2153 2573 2657 2652 ἐγκαταλείμματα,
2715 2570 3048 2652 παραλαϐὼν
3102 2577 3194 2632 σὺν
3250 2575 3438 2648 αὐτῷ,
3484 2578 3552 2651 τῇ
3611 2584 3810 2650 Δημη-

2158 2793 2343 2849 risum
2379 2796 2580 2848 nostro
2615 2791 2869 2848 ludibrio
2903 2793 3102 2849 movit.
3136 2794 3396 2867 Denique
3440 2810 3556 2849 non
3609 2793 3808 2849 defue-

2153 2886 2298 2937 runt
2345 2883 2441 2952 qui
2495 2899 2564 2937 ex
2597 2887 2779 2948 metu,
2812 2899 2927 2955 quo
2960 2883 3123 2955 prius
3153 2884 3505 2941 tenebantur
3534 2882 3807 2937 Romana

2154 2973 2447 3042 potentiae,
2480 2970 2539 3025 in
2573 2975 2979 3043 contemptum
3012 2970 3416 3042 transirem,“
3445 2970 3807 3044 praecipuum

2155 3062 2456 3131 copiarum
2485 3060 2716 3130 imperii
2749 3060 2927 3115 robur
2973 3061 3126 3117 332
3177 3061 3439 3116 excisum
3487 3059 3811 3131 dilapsum-

2155 3166 2268 3220 que
2300 3148 2691 3219 gratulantes,
2725 3148 3107 3204 delendarum
3143 3166 3377 3222 quoque
3423 3149 3811 3221 reliquiarum

2155 3239 2444 3311 impetum
2505 3243 2806 3310 caperent.
2857 3239 3003 3294 Nam
3049 3240 3258 3294 Latina
3307 3238 3516 3294 classis
3563 3255 3688 3310 quae
3738 3237 3811 3292 ad

377 3326 562 3384 millia
595 3326 948 3384 bellatorum
979 3327 1154 3382 toties
1193 3327 1590 3399 multiplicata
1623 3333 1688 3383 ut
1721 3329 2044 3401 myriadem
2077 3329 2120 3397 C
2159 3329 2441 3400 Euripum
2475 3329 2692 3397 stabat,
2726 3328 2961 3384 navium
2996 3327 3179 3400 paulo
3201 3327 3400 3384 minus
3430 3327 3696 3398 triginta,
3731 3325 3814 3381 sic

383 3434 498 3474 non
520 3434 695 3473 unam
717 3416 1152 3485 conﬂarent,ita
1168 3417 1376 3473 evertit
1397 3415 1700 3489 at’ﬂxitque
1735 3423 2034 3475 momento

377 3508 690 3566 consilium
740 3507 1003 3564 hominis
1052 3508 1253 3578 unius,
1307 3514 1363 3564 et
1409 3513 1495 3565 tot
1541 3509 1623 3564 illi
1675 3528 1740 3565 ac
1787 3511 1933 3566 tanti
1967 3527 2036 3566 ex

381 3598 504 3654 heri
538 3598 833 3671 opulentis
866 3601 924 3652 et
953 3596 1118 3668 copia
1149 3613 1346 3653 rerum
1382 3614 1568 3670 usque
1599 3599 1670 3653 ad
1726 3599 1927 3654 luxum
1978 3605 2036 3655 et

381 3687 625 3744 delicias
656 3685 1206 3743 circumfluentibus
1239 3685 1412 3742 hodie
1441 3686 1722 3757 humiles,
1774 3692 2034 3760 egentes,

380 3776 508 3848 vagi
543 3775 774 3848 palmas
814 3775 1198 3848 porrigerent,
1251 3792 1365 3831 non
1415 3775 1795 3832 mendicitate
1845 3777 2036 3848 magis

383 3882 561 3938 quam
623 3865 985 3938 professione
1048 3864 1352 3919 dedecoris
1423 3866 1662 3937 proprii,
1723 3882 1870 3936 quos
1930 3883 2040 3920 sua

382 3955 649 4028 ipsorum
718 3954 988 4010 socordia
1053 3953 1425 4010 debellasset.
1476 3954 1768 4009 Nimirum
1826 3955 2038 4010 ducem

384 4045 674 4101 exercitus
707 4044 912 4101 fortem
948 4042 1186 4113 quidem
1219 4047 1276 4098 et
1303 4042 1484 4098 vitam
1521 4060 1755 4117 quoque
1786 4061 1852 4100 ac
1896 4061 2035 4100 san-

386 4135 622 4206 guinem
684 4150 789 4206 pro
837 4131 1026 4205 gloria
1071 4131 1327 4188 victorias
1375 4132 1589 4206 pacisci
1641 4138 1886 4204 certum,
1936 4133 2038 4188 ard

391 4228 670 4299 praeterea
699 4222 939 4295 vigilem
974 4238 1041 4277 ac
1071 4221 1256 4276 futuri
1289 4222 1599 4294 providum
1634 4239 1761 4279 esse
1791 4226 2040 4295 oportet,

387 4329 740 4386 semperque
763 4312 879 4367 acri
905 4310 1144 4367 solertia
1167 4311 1482 4377 intentum,
1516 4329 1587 4368 ne
1615 4313 1748 4382 quis
1772 4313 2040 4384 inopina-

388 4408 488 4460 tus
507 4403 748 4477 ingruat
766 4417 964 4457 casus.
999 4401 1061 4456 Id
1083 4400 1239 4456 enim
1259 4401 1434 4456 otticii
1458 4401 1651 4457 omnis
1680 4403 2039 4472 praefectura,

387 4493 646 4550 maxime
666 4496 862 4547 autem
892 4489 1187 4557 militaris,
1213 4489 1486 4545 sustinet.
1514 4492 1598 4546 Ad
1624 4492 1751 4562 hoc,
1775 4491 2040 4562 inquam,

378 4581 531 4639 tales
559 4580 628 4637 in
655 4597 891 4637 summo
925 4577 1312 4647 collocantur,
1349 4582 1412 4634 ut
1441 4579 1614 4651 longe
1665 4580 2041 4653 prOSpiciant.

2158 3418 2375 3492 animis
2406 3423 2578 3474 aucta
2605 3425 2694 3474 est
2723 3418 2924 3472 audita
2958 3417 3145 3473 nostri
3177 3416 3475 3472 terrestris
3523 3416 3810 3472 exercitus

2157 3509 2416 3574 clade,ut
2438 3526 2552 3564 non
2587 3509 2888 3564 dubitaret
2918 3507 3095 3578 triplo
3128 3507 3590 3562 numerosiorem
3624 3504 3813 3576 impe-

2152 3599 2359 3654 ratoris
2392 3596 2657 3653 navalem
2706 3597 3045 3662 exercitum,
3098 3595 3412 3652 stationem
3464 3599 3606 3650 tunc
3653 3597 3811 3649 circa

2155 3687 2584 3744 Demetriadem
2609 3685 3197 3754 habentem,incursu
3222 3685 3526 3758 repentino
3545 3681 3805 3756 aggredi.

2151 3777 2487 3848 Inspirabat
2519 3777 2881 3832 alacritatem
2933 3776 2992 3832 in
3045 3777 3235 3832 audax
3285 3773 3599 3830 consilium
3648 3777 3807 3828 certa

2151 3865 2365 3921 fiducia
2411 3866 2534 3938 pari
2571 3866 2803 3921 fortuna
2832 3865 3032 3920 utendi
3064 3865 3362 3920 maritimo
3394 3879 3628 3936 quoque
3657 3879 3803 3935 prae-

2150 3957 2250 4012 lio.
2286 3955 2825 4026 Persuaserantque
2853 3954 2987 4020 sibi,
3021 3955 3069 4009 si
3102 3953 3386 4026 perculsis
3425 3952 3801 4008 incommodo

2153 4047 2412 4102 terrestri
2445 4050 2502 4101 et
2533 4045 2750 4100 recenti
2779 4044 2944 4099 clade
2972 4043 3188 4100 territis
3221 4043 3418 4098 infesti
3459 4040 3801 4114 superveni-

2152 4141 2302 4206 rent,
2335 4134 2526 4206 specie
2552 4134 2681 4206 ipsa
2713 4133 2801 4188 sui
2836 4133 3231 4205 praesentique
3262 4149 3509 4187 occursu
3549 4129 3804 4186 debella-

2154 4231 2339 4292 turos,
2375 4223 2779 4296 potiturosque
2812 4240 2945 4279 mox
2975 4223 3243 4289 navibus,
3279 4225 3445 4293 portu
3479 4218 3807 4293 praesertim

2153 4313 2400 4370 inclusis
2425 4317 2481 4368 et
2505 4329 2606 4383 per
2636 4310 2943 4384 angustias
2975 4311 3266 4384 explicare
3296 4326 3424 4366 sese
3451 4308 3510 4364 in
3545 4307 3811 4364 navalem

2155 4404 2338 4460 aciem
2375 4420 2493 4458 non
2524 4401 2881 4458 valentibus.
2915 4403 2987 4457 Et
3018 4418 3226 4474 parum
3262 4399 3453 4456 abfuit
3499 4397 3638 4470 quin
3688 4395 3815 4470 spei

2156 4498 2454 4564 compotes
2490 4492 2714 4558 tierent,
2759 4495 3177 4561 momentoque
3226 4489 3436 4560 ingens
3485 4484 3813 4559 periculum

2157 4598 2399 4636 summa
2434 4580 2552 4636 illic
2585 4597 2778 4636 rerum
2815 4580 2944 4634 fuit.
2979 4580 3161 4649 Cujus
3210 4594 3343 4632 cum
3394 4580 3549 4632 esset
3598 4575 3812 4646 raptim

380 4678 474 4726 An
520 4671 678 4727 enim
730 4668 1067 4742 speculator
1115 4669 1173 4724 in
1226 4667 1399 4739 culpa
1437 4674 1527 4725 est
1556 4669 1657 4740 qui
1693 4687 1802 4724 non
1839 4669 2042 4741 praevi-
2083 4705 2123 4769 Β
2158 4671 2441 4727 indicium
2470 4669 2760 4742 perlatum
2786 4670 2855 4724 ad
2879 4669 3168 4724 Joannem
3195 4669 3503 4738 despotam
3534 4664 3593 4720 in
3621 4663 3816 4720 locum

387 4762 564 4830 derit,
605 4779 721 4818 non
773 4759 1251 4834 praeiudiacverit
1307 4759 1626 4831 perniciem
1675 4759 2048 4832 ingruentem

389 4853 562 4924 cujus
587 4852 953 4908 observando
990 4848 1269 4922 appulsui
1300 4850 1660 4904 constitutus
1707 4851 1765 4904 in
1815 4850 2053 4922 specula

391 4941 574 4999 tuerit
603 4958 617 4996 :
651 4943 770 4998 dux
800 4940 1112 4997 habebitur
1142 4939 1455 5004 innocens,
1488 4939 1589 5010 qui
1626 4957 1740 4995 non
1783 4940 2053 5011 praescie-

392 5033 494 5102 rit,
548 5048 665 5087 non
720 5030 1061 5104 praecaverit
1099 5028 1368 5095 insidias,
1403 5029 1766 5101 furtivosque
1799 5030 2055 5100 impetus

390 5121 719 5194 sagacitate
748 5136 1193 5193 praeoccupans,
1217 5123 1446 5175 mature
1483 5119 1727 5175 obvians
1758 5121 2054 5189 averterit,

391 5211 549 5282 quod
581 5210 962 5280 potissimum
995 5213 1060 5263 ut
1090 5209 1270 5263 faciat
1305 5207 1364 5262 in
1400 5207 1454 5263 id
1486 5213 1721 5264 evectus
1754 5207 2056 5279 fastigium

389 5299 526 5356 est?
553 5299 681 5355 Non
713 5299 990 5371 profecto.
1026 5297 1268 5354 Minime
1291 5297 1373 5367 id,
1408 5297 1676 5369 inquam;
1713 5316 1816 5355 nec
1847 5301 1918 5354 de
1951 5298 2060 5354 hoc

399 5388 722 5461 quisquam
757 5389 860 5459 qui
889 5387 1082 5460 sapiat
1106 5387 1485 5444 dubitaverit.

474 5481 757 5533 Caeterum
812 5481 877 5531 ut
906 5477 1063 5531 hunc
1094 5475 1643 5547 inopinatissimum
1678 5493 1881 5532 casum
1917 5481 2062 5532 stre-

400 5581 538 5635 nue,
569 5570 636 5622 ut
668 5566 834 5631 solet,
863 5565 924 5620 in
956 5581 1158 5620 omnes
1189 5563 1306 5619 late
1339 5569 1537 5636 partes
1587 5566 1740 5620 fama
1785 5566 2064 5636 vulgavit,

399 5657 596 5717 varios
620 5657 676 5712 in
699 5655 878 5712 variis
903 5670 1114 5728 repens
1148 5653 1393 5709 nuntius
1427 5654 1702 5710 excitavit
1735 5656 2065 5710 animorum

404 5746 844 5805 motus.Multos
867 5744 1027 5818 gravi
1053 5743 1251 5800 dolore
1273 5744 1610 5812 ati'ecit;non
1640 5762 1856 5818 paucos
1881 5761 2070 5817 usque

400 5841 472 5894 ad
508 5842 812 5909 stuporem
844 5833 1124 5907 perculit;
1158 5833 1517 5906 quibusdam
1548 5833 1718 5892 laetus
1750 5835 1984 5904 accidit,
2013 5840 2072 5892 et

2161 4762 2256 4818 cui
2289 4778 2505 4816 nomen
2541 4758 2861 4815 Drimianis
2890 4757 3032 4830 fuga
3063 4756 3448 4829 receptum,in
3481 4767 3819 4826 quanquam

2164 4851 2374 4925 plenus
2444 4849 2630 4905 cladis
2692 4854 2748 4903 et
2808 4850 3029 4920 pudore
3088 4861 3456 4916 n’ltnroreque
3514 4845 3820 4911 confusus,

2165 4940 2436 4996 excitavit
2471 4955 2599 4995 sese
2630 4944 2855 5005 tamen,
2890 4937 3046 4992 haud
3084 4937 3292 4991 molles
3324 4926 3668 4990 admOvente
3717 4932 3824 4988 sti-

2167 5029 2358 5085 mulos
2385 5029 2548 5099 justo
2582 5032 2764 5099 metu,
2797 5043 2868 5082 ne
2902 5027 2949 5083 si
2984 5042 3170 5082 novus
3202 5025 3313 5080 iste
3344 5039 3575 5095 quoque
3622 5037 3822 5077 succe-

2169 5119 2331 5174 deret
2379 5119 2450 5174 ad
2495 5127 2693 5174 votum
2745 5116 3007 5174 hostium
3054 5118 3323 5182 conatus,
3357 5129 3473 5168 non
3507 5111 3699 5168 solum
3733 5127 3827 5168 ac-

2170 5208 2474 5278 ceptojam
2508 5207 2882 5262 incommodo
2925 5205 3119 5262 fatalis
3169 5201 3445 5260 cumulus
3493 5202 3826 5269 adderetur,

2172 5299 2270 5352 sed
2303 5296 2550 5351 ulterius
2585 5313 2817 5366 quoque
2849 5312 3038 5367 usque
3072 5296 3128 5349 in
3163 5291 3602 5364 irreparabilem
3643 5291 3828 5360 impe-

2173 5387 2242 5442 rii
2279 5386 2508 5440 ruinam
2545 5384 2744 5440 damni
2799 5384 3053 5456 pernicis
3105 5383 3425 5440 excederet.
3475 5380 3622 5448 Quid
3671 5379 3830 5435 enim

2172 5475 2370 5531 timeri
2417 5474 2622 5529 mitius
2675 5477 2927 5545 poterat,
2977 5474 3026 5529 si
3075 5472 3307 5537 classis,
3359 5471 3484 5527 sola
3531 5475 3670 5525 tunc
3697 5483 3830 5539 pars

2173 5565 2384 5619 virium
2411 5562 2696 5619 Romanis
2722 5561 2902 5627 salva,
2937 5561 3260 5617 deleretur?
3291 5559 3405 5614 Hac
3436 5557 3834 5613 sollicitudine

2177 5652 2496 5710 instinctus
2527 5668 2595 5707 ex
2625 5651 2841 5719 etfugio
2872 5650 2971 5706 illo
2995 5667 3061 5706 ac
3088 5649 3330 5705 latebris
3362 5647 3557 5719 erupit
3586 5645 3746 5714 suis;
3777 5650 3836 5700 et

2182 5744 2336 5816 quod
2391 5740 2735 5798 Drimianim
2789 5758 2854 5796 ac
2903 5740 3332 5797 Demetriadem
3394 5737 3677 5793 intererat
3726 5735 3839 5790 iter

2183 5833 2344 5890 bidui
2394 5850 2513 5889 una
2571 5836 2739 5887 nocte
2797 5830 3128 5904 pervolans,
3179 5827 3364 5901 raptis
3415 5842 3640 5896 secum,
3690 5839 3837 5897 quas
