  <div class='ocr_page' id='page_1' title='image "/cluster/home/n/w/nwhite01/storage/ocr_20150623/143:no.1/coo.31924054870484/399.png"; bbox 0 0 4080 6404; ppageno 0'>
   <div class='ocr_carea' id='block_1_1' title="bbox 352 487 462 542">
    <p class='ocr_par' dir='ltr' id='par_1_1' title="bbox 352 487 462 542">
     <span class='ocr_line' id='line_1_1' title="bbox 352 487 462 542; baseline 0 -1"><span class='ocrx_word' id='word_1_1' title='bbox 352 487 462 542; x_wconf 89' lang='lat'>783</span> 
     </span>
    </p>
   </div>
   <div class='ocr_carea' id='block_1_2' title="bbox 1670 484 2482 542">
    <p class='ocr_par' dir='ltr' id='par_1_2' title="bbox 1670 484 2482 542">
     <span class='ocr_line' id='line_1_2' title="bbox 1670 484 2482 542; baseline 0.004 -3"><span class='ocrx_word' id='word_1_2' title='bbox 1670 484 1972 539; x_wconf 72' lang='lat' dir='ltr'>GEORGII</span> <span class='ocrx_word' id='word_1_3' title='bbox 2014 485 2482 542; x_wconf 67' lang='lat' dir='ltr'>PACHYMBRB</span> 
     </span>
    </p>
   </div>
   <div class='ocr_carea' id='block_1_3' title="bbox 3677 478 3790 535">
    <p class='ocr_par' dir='ltr' id='par_1_3' title="bbox 3677 478 3790 535">
     <span class='ocr_line' id='line_1_3' title="bbox 3677 478 3790 535; baseline 0.009 -2"><span class='ocrx_word' id='word_1_4' title='bbox 3677 478 3790 535; x_wconf 68' lang='grc'>784</span> 
     </span>
    </p>
   </div>
   <div class='ocr_carea' id='block_1_4' title="bbox 349 602 3792 687">
    <p class='ocr_par' dir='ltr' id='par_1_4' title="bbox 349 602 3792 687">
     <span class='ocr_line' id='line_1_4' title="bbox 349 602 3792 687; baseline -0.001 -22"><span class='ocrx_word' id='word_1_5' title='bbox 349 607 529 687; x_wconf 70' lang='grc' dir='ltr'>τριάδι</span> <span class='ocrx_word' id='word_1_6' title='bbox 561 608 863 687; x_wconf 77' lang='grc' dir='ltr'>ἐφίσταται,</span> <span class='ocrx_word' id='word_1_7' title='bbox 912 606 1001 662; x_wconf 80' lang='grc' dir='ltr'>καὶ</span> <span class='ocrx_word' id='word_1_8' title='bbox 1060 608 1151 663; x_wconf 81' lang='grc' dir='ltr'>τὸν</span> <span class='ocrx_word' id='word_1_9' title='bbox 1209 606 1403 661; x_wconf 84' lang='grc' dir='ltr'>στόλον</span> <span class='ocrx_word' id='word_1_10' title='bbox 1467 605 1519 661; x_wconf 79' lang='grc' dir='ltr'>ἐν</span> <span class='ocrx_word' id='word_1_11' title='bbox 1582 612 1704 682; x_wconf 79' lang='grc' dir='ltr'>χοῷ</span> <span class='ocrx_word' id='word_1_12' title='bbox 1762 605 2015 662; x_wconf 66' lang='grc' dir='ltr'>κινδύνου</span> <span class='ocrx_word' id='word_1_13' title='bbox 2045 616 2097 681; x_wconf 77' lang='grc' dir='ltr'><strong>Α</strong></span> <span class='ocrx_word' id='word_1_14' title='bbox 2131 613 2324 685; x_wconf 67' lang='grc' dir='ltr'>φωνῶν</span> <span class='ocrx_word' id='word_1_15' title='bbox 2381 631 2439 664; x_wconf 86' lang='grc' dir='ltr'>τε</span> <span class='ocrx_word' id='word_1_16' title='bbox 2498 607 2588 663; x_wconf 84' lang='grc' dir='ltr'>καὶ</span> <span class='ocrx_word' id='word_1_17' title='bbox 2628 607 3021 679; x_wconf 80' lang='grc' dir='ltr'>ποτνιώμενος,</span> <span class='ocrx_word' id='word_1_18' title='bbox 3072 608 3161 661; x_wconf 84' lang='grc' dir='ltr'>καὶ</span> <span class='ocrx_word' id='word_1_19' title='bbox 3220 608 3293 668; x_wconf 85' lang='grc' dir='ltr'>ὡς</span> <span class='ocrx_word' id='word_1_20' title='bbox 3339 605 3500 667; x_wconf 75' lang='grc' dir='ltr'>αὐτὸς</span> <span class='ocrx_word' id='word_1_21' title='bbox 3534 606 3561 660; x_wconf 98' lang='lat'>6</span> <span class='ocrx_word' id='word_1_22' title='bbox 3594 602 3792 661; x_wconf 80' lang='grc' dir='ltr'>δεσπό-</span> 
     </span>
    </p>
   </div>
   <div class='ocr_carea' id='block_1_5' title="bbox 356 694 2020 772">
    <p class='ocr_par' dir='ltr' id='par_1_5' title="bbox 356 694 2020 772">
     <span class='ocr_line' id='line_1_5' title="bbox 356 694 2020 772; baseline -0.002 -17"><span class='ocrx_word' id='word_1_23' title='bbox 356 694 787 772; x_wconf 73' lang='grc' dir='ltr'>καταλαμϐάνει.</span> <span class='ocrx_word' id='word_1_24' title='bbox 847 695 987 768; x_wconf 82' lang='grc' dir='ltr'>Ἤδη</span> <span class='ocrx_word' id='word_1_25' title='bbox 1059 698 1159 772; x_wconf 75' lang='grc' dir='ltr'>γάρ</span> <span class='ocrx_word' id='word_1_26' title='bbox 1204 698 1291 751; x_wconf 72' lang='grc' dir='ltr'>καὶ</span> <span class='ocrx_word' id='word_1_27' title='bbox 1348 697 1401 751; x_wconf 70' lang='grc' dir='ltr'>αἱ</span> <span class='ocrx_word' id='word_1_28' title='bbox 1455 702 1561 751; x_wconf 92' lang='grc' dir='ltr'>τῶν</span> <span class='ocrx_word' id='word_1_29' title='bbox 1623 697 1838 771; x_wconf 79' lang='grc' dir='ltr'>ἐχθρῶν</span> <span class='ocrx_word' id='word_1_30' title='bbox 1894 706 2020 768; x_wconf 82' lang='grc' dir='ltr'>νῆες</span> 
     </span>
    </p>
   </div>
   <div class='ocr_carea' id='block_1_6' title="bbox 358 782 2017 866">
    <p class='ocr_par' dir='ltr' id='par_1_6' title="bbox 358 782 2017 866">
     <span class='ocr_line' id='line_1_6' title="bbox 358 782 2017 866; baseline -0.001 -22"><span class='ocrx_word' id='word_1_31' title='bbox 358 788 613 866; x_wconf 63' lang='grc' dir='ltr'>ἐμφανεῖς</span> <span class='ocrx_word' id='word_1_32' title='bbox 645 790 778 856; x_wconf 61' lang='grc' dir='ltr'>⁵ἦσαν</span> <span class='ocrx_word' id='word_1_33' title='bbox 828 782 1239 862; x_wconf 69' lang='grc' dir='ltr'>προσϐαλοῦσαι</span> <span class='ocrx_word' id='word_1_34' title='bbox 1289 788 1351 841; x_wconf 86' lang='grc' dir='ltr'>τὸ</span> <span class='ocrx_word' id='word_1_35' title='bbox 1406 786 1683 857; x_wconf 79' lang='grc' dir='ltr'>τηνικάδε.</span> <span class='ocrx_word' id='word_1_36' title='bbox 1744 794 1828 850; x_wconf 76' lang='grc' dir='ltr'>Ὡς</span> <span class='ocrx_word' id='word_1_37' title='bbox 1887 792 2017 863; x_wconf 71' lang='grc' dir='ltr'>γοῦν</span> 
     </span>
    </p>
   </div>
   <div class='ocr_carea' id='block_1_7' title="bbox 357 872 2022 952">
    <p class='ocr_par' dir='ltr' id='par_1_7' title="bbox 357 872 2022 952">
     <span class='ocr_line' id='line_1_7' title="bbox 357 872 2022 952; baseline 0 -19"><span class='ocrx_word' id='word_1_38' title='bbox 357 878 493 933; x_wconf 78' lang='grc' dir='ltr'>κατὰ</span> <span class='ocrx_word' id='word_1_39' title='bbox 554 897 749 951; x_wconf 84' lang='grc' dir='ltr'>στιχας</span> <span class='ocrx_word' id='word_1_40' title='bbox 808 872 1059 946; x_wconf 78' lang='grc' dir='ltr'>ἔστησαν,</span> <span class='ocrx_word' id='word_1_41' title='bbox 1117 881 1358 930; x_wconf 86' lang='grc' dir='ltr'>κακεῖναι</span> <span class='ocrx_word' id='word_1_42' title='bbox 1414 879 1507 949; x_wconf 75' lang='grc' dir='ltr'>μὲν</span> <span class='ocrx_word' id='word_1_43' title='bbox 1584 879 1695 950; x_wconf 79' lang='grc' dir='ltr'>ἅμα</span> <span class='ocrx_word' id='word_1_44' title='bbox 1745 874 2022 952; x_wconf 78' lang='grc' dir='ltr'>προσέϐα-</span> 
     </span>
    </p>
   </div>
   <div class='ocr_carea' id='block_1_8' title="bbox 355 964 2019 1042">
    <p class='ocr_par' dir='ltr' id='par_1_8' title="bbox 355 964 2019 1042">
     <span class='ocr_line' id='line_1_8' title="bbox 355 964 2019 1042; baseline -0.001 -21"><span class='ocrx_word' id='word_1_45' title='bbox 355 966 476 1036; x_wconf 89' lang='grc' dir='ltr'>λον,</span> <span class='ocrx_word' id='word_1_46' title='bbox 526 969 581 1020; x_wconf 73' lang='grc' dir='ltr'>αἱ</span> <span class='ocrx_word' id='word_1_47' title='bbox 644 964 701 1020; x_wconf 76' lang='grc' dir='ltr'>δὲ</span> <span class='ocrx_word' id='word_1_48' title='bbox 756 971 860 1019; x_wconf 90' lang='grc' dir='ltr'>τῶν</span> <span class='ocrx_word' id='word_1_49' title='bbox 922 966 1215 1038; x_wconf 85' lang='grc' dir='ltr'>Ῥωμαίων</span> <span class='ocrx_word' id='word_1_50' title='bbox 1278 964 1542 1042; x_wconf 80' lang='grc' dir='ltr'>στιχηδὸν</span> <span class='ocrx_word' id='word_1_51' title='bbox 1598 971 1735 1022; x_wconf 72' lang='grc' dir='ltr'>κατὰ</span> <span class='ocrx_word' id='word_1_52' title='bbox 1792 965 2019 1028; x_wconf 77' lang='grc' dir='ltr'>δεκάδας</span> 
     </span>
    </p>
   </div>
   <div class='ocr_carea' id='block_1_9' title="bbox 357 1054 2023 1131">
    <p class='ocr_par' dir='ltr' id='par_1_9' title="bbox 357 1054 2023 1131">
     <span class='ocr_line' id='line_1_9' title="bbox 357 1054 2023 1131; baseline 0.001 -21"><span class='ocrx_word' id='word_1_53' title='bbox 357 1056 613 1129; x_wconf 76' lang='grc' dir='ltr'>ἐπῄεσαν,</span> <span class='ocrx_word' id='word_1_54' title='bbox 662 1056 715 1108; x_wconf 74' lang='grc' dir='ltr'>αἱ</span> <span class='ocrx_word' id='word_1_55' title='bbox 774 1056 867 1127; x_wconf 73' lang='grc' dir='ltr'>μὲν</span> <span class='ocrx_word' id='word_1_56' title='bbox 923 1062 1023 1124; x_wconf 86' lang='grc' dir='ltr'>τῆς</span> <span class='ocrx_word' id='word_1_57' title='bbox 1084 1058 1309 1131; x_wconf 83' lang='grc' dir='ltr'>πρώτης</span> <span class='ocrx_word' id='word_1_58' title='bbox 1366 1054 1591 1117; x_wconf 76' lang='grc' dir='ltr'>δεκάδος</span> <span class='ocrx_word' id='word_1_59' title='bbox 1638 1058 1739 1125; x_wconf 75' lang='grc' dir='ltr'>τήν</span> <span class='ocrx_word' id='word_1_60' title='bbox 1798 1060 2023 1131; x_wconf 84' lang='grc' dir='ltr'>πρώτην</span> 
     </span>
    </p>
   </div>
   <div class='ocr_carea' id='block_1_10' title="bbox 359 1142 2019 1223">
    <p class='ocr_par' dir='ltr' id='par_1_10' title="bbox 359 1142 2019 1223">
     <span class='ocr_line' id='line_1_10' title="bbox 359 1142 2019 1223; baseline 0.002 -24"><span class='ocrx_word' id='word_1_61' title='bbox 359 1142 616 1219; x_wconf 80' lang='grc' dir='ltr'>ἐδέχοντο</span> <span class='ocrx_word' id='word_1_62' title='bbox 654 1142 863 1219; x_wconf 81' lang='grc' dir='ltr'>μάχην,</span> <span class='ocrx_word' id='word_1_63' title='bbox 897 1145 986 1198; x_wconf 77' lang='grc' dir='ltr'>καὶ</span> <span class='ocrx_word' id='word_1_64' title='bbox 1020 1152 1119 1215; x_wconf 77' lang='grc' dir='ltr'>τῆς</span> <span class='ocrx_word' id='word_1_65' title='bbox 1150 1144 1377 1207; x_wconf 76' lang='grc' dir='ltr'>δεκάδος</span> <span class='ocrx_word' id='word_1_66' title='bbox 1410 1150 1442 1215; x_wconf 81' lang='grc' dir='ltr'>ἡ</span> <span class='ocrx_word' id='word_1_67' title='bbox 1476 1148 1669 1222; x_wconf 85' lang='grc' dir='ltr'>πρώτη</span> <span class='ocrx_word' id='word_1_68' title='bbox 1720 1150 2019 1223; x_wconf 83' lang='grc' dir='ltr'>προώρμα,</span> 
     </span>
    </p>
   </div>
   <div class='ocr_carea' id='block_1_11' title="bbox 360 1232 2023 1312">
    <p class='ocr_par' dir='ltr' id='par_1_11' title="bbox 360 1232 2023 1312">
     <span class='ocr_line' id='line_1_11' title="bbox 360 1232 2023 1312; baseline 0.002 -25"><span class='ocrx_word' id='word_1_69' title='bbox 360 1232 498 1287; x_wconf 79' lang='grc' dir='ltr'>ὅπσυ</span> <span class='ocrx_word' id='word_1_70' title='bbox 556 1232 645 1287; x_wconf 87' lang='grc' dir='ltr'>καὶ</span> <span class='ocrx_word' id='word_1_71' title='bbox 706 1234 733 1287; x_wconf 90' lang='lat'>6</span> <span class='ocrx_word' id='word_1_72' title='bbox 796 1232 1253 1309; x_wconf 83' lang='grc' dir='ltr'>Φιλανθροπηνὸς</span> <span class='ocrx_word' id='word_1_73' title='bbox 1312 1236 1752 1312; x_wconf 88' lang='grc' dir='ltr'>πρωτοστράτωρ</span> <span class='ocrx_word' id='word_1_74' title='bbox 1806 1238 1872 1305; x_wconf 78' lang='grc' dir='ltr'>ἦν</span> <span class='ocrx_word' id='word_1_75' title='bbox 1932 1238 2023 1291; x_wconf 84' lang='grc' dir='ltr'>καὶ</span> 
     </span>
    </p>
   </div>
   <div class='ocr_carea' id='block_1_12' title="bbox 358 1321 1553 1399">
    <p class='ocr_par' dir='ltr' id='par_1_12' title="bbox 358 1321 1553 1399">
     <span class='ocr_line' id='line_1_12' title="bbox 358 1321 1553 1399; baseline 0 -22"><span class='ocrx_word' id='word_1_76' title='bbox 358 1323 422 1377; x_wconf 86' lang='grc' dir='ltr'>τὸ</span> <span class='ocrx_word' id='word_1_77' title='bbox 486 1321 769 1397; x_wconf 73' lang='grc' dir='ltr'>βασιλικὸν</span> <span class='ocrx_word' id='word_1_78' title='bbox 830 1324 1163 1399; x_wconf 73' lang='grc' dir='ltr'>ἀνεγηγερτο</span> <span class='ocrx_word' id='word_1_79' title='bbox 1225 1332 1500 1399; x_wconf 83' lang='grc' dir='ltr'>σκῆπτρον</span> <span class='ocrx_word' id='word_1_80' title='bbox 1540 1372 1553 1392; x_wconf 81' lang='lat'>,</span> 
     </span>
    </p>
   </div>
   <div class='ocr_carea' id='block_1_13' title="bbox 361 1408 2025 1490">
    <p class='ocr_par' dir='ltr' id='par_1_13' title="bbox 361 1408 2025 1490">
     <span class='ocr_line' id='line_1_13' title="bbox 361 1408 2025 1490; baseline 0.002 -25"><span class='ocrx_word' id='word_1_81' title='bbox 361 1411 453 1465; x_wconf 84' lang='grc' dir='ltr'>καὶ</span> <span class='ocrx_word' id='word_1_82' title='bbox 485 1408 551 1479; x_wconf 75' lang='grc' dir='ltr'>δὴ</span> <span class='ocrx_word' id='word_1_83' title='bbox 586 1416 957 1483; x_wconf 76' lang='grc' dir='ltr'>συμπεσοῦσαι</span> <span class='ocrx_word' id='word_1_84' title='bbox 1020 1414 1208 1487; x_wconf 85' lang='grc' dir='ltr'>μάχην</span> <span class='ocrx_word' id='word_1_85' title='bbox 1268 1411 1491 1489; x_wconf 72' lang='grc' dir='ltr'>ἤγειραν</span> <span class='ocrx_word' id='word_1_86' title='bbox 1553 1435 1836 1490; x_wconf 81' lang='grc' dir='ltr'>κρατεραν.</span> <span class='ocrx_word' id='word_1_87' title='bbox 1870 1414 2025 1471; x_wconf 86' lang='grc' dir='ltr'>Ἀλκ’</span> 
     </span>
    </p>
   </div>
   <div class='ocr_carea' id='block_1_14' title="bbox 363 1499 2023 1579">
    <p class='ocr_par' dir='ltr' id='par_1_14' title="bbox 363 1499 2023 1579">
     <span class='ocr_line' id='line_1_14' title="bbox 363 1499 2023 1579; baseline 0.003 -26"><span class='ocrx_word' id='word_1_88' title='bbox 363 1499 463 1555; x_wconf 79' lang='grc' dir='ltr'>οὐκ</span> <span class='ocrx_word' id='word_1_89' title='bbox 491 1500 557 1568; x_wconf 81' lang='grc' dir='ltr'>ἦν</span> <span class='ocrx_word' id='word_1_90' title='bbox 616 1500 740 1572; x_wconf 84' lang='grc' dir='ltr'>μίαν</span> <span class='ocrx_word' id='word_1_91' title='bbox 799 1499 1274 1579; x_wconf 76' lang='grc' dir='ltr'>ἐπεισφρησάντων</span> <span class='ocrx_word' id='word_1_92' title='bbox 1334 1502 1565 1558; x_wconf 82' lang='grc' dir='ltr'>πολλῶν</span> <span class='ocrx_word' id='word_1_93' title='bbox 1626 1504 2023 1578; x_wconf 79' lang='grc' dir='ltr'>ἐνεγκεῖν-ὅθεν</span> 
     </span>
    </p>
   </div>
   <div class='ocr_carea' id='block_1_15' title="bbox 361 1588 2025 1671">
    <p class='ocr_par' dir='ltr' id='par_1_15' title="bbox 361 1588 2025 1671">
     <span class='ocr_line' id='line_1_15' title="bbox 361 1588 2025 1671; baseline 0.002 -28"><span class='ocrx_word' id='word_1_94' title='bbox 361 1588 454 1643; x_wconf 76' lang='grc' dir='ltr'>καὶ</span> <span class='ocrx_word' id='word_1_95' title='bbox 520 1594 787 1662; x_wconf 83' lang='grc' dir='ltr'>περιῆσαν</span> <span class='ocrx_word' id='word_1_96' title='bbox 856 1588 1166 1662; x_wconf 69' lang='grc' dir='ltr'>ἐπιθέμενοι</span> <span class='ocrx_word' id='word_1_97' title='bbox 1239 1593 1624 1666; x_wconf 70' lang='grc' dir='ltr'>μαχομένοις,</span> <span class='ocrx_word' id='word_1_98' title='bbox 1700 1594 2025 1671; x_wconf 77' lang='grc' dir='ltr'>σφάττοντες</span> 
     </span>
    </p>
   </div>
   <div class='ocr_carea' id='block_1_16' title="bbox 364 1674 2026 1754">
    <p class='ocr_par' dir='ltr' id='par_1_16' title="bbox 364 1674 2026 1754">
     <span class='ocr_line' id='line_1_16' title="bbox 364 1674 2026 1754; baseline 0.002 -23"><span class='ocrx_word' id='word_1_99' title='bbox 364 1678 772 1751; x_wconf 65' lang='grc' dir='ltr'>ἀντεχομένους</span> <span class='ocrx_word' id='word_1_100' title='bbox 810 1723 822 1746; x_wconf 88' lang='grc'>,</span> <span class='ocrx_word' id='word_1_101' title='bbox 882 1674 1321 1743; x_wconf 73' lang='grc' dir='ltr'>καταϐάλλοντες</span> <span class='ocrx_word' id='word_1_102' title='bbox 1379 1682 1825 1754; x_wconf 82' lang='grc' dir='ltr'>ἀνθισταμένους.</span> <span class='ocrx_word' id='word_1_103' title='bbox 1884 1683 2026 1737; x_wconf 86' lang='grc' dir='ltr'>Τότο</span> 
     </span>
    </p>
   </div>
   <div class='ocr_carea' id='block_1_17' title="bbox 373 1764 2030 1845">
    <p class='ocr_par' dir='ltr' id='par_1_17' title="bbox 373 1764 2030 1845">
     <span class='ocr_line' id='line_1_17' title="bbox 373 1764 2030 1845; baseline 0.004 -26"><span class='ocrx_word' id='word_1_104' title='bbox 373 1767 466 1838; x_wconf 74' lang='grc' dir='ltr'>μὲν</span> <span class='ocrx_word' id='word_1_105' title='bbox 499 1764 705 1821; x_wconf 87' lang='grc' dir='ltr'>πολλοὶ</span> <span class='ocrx_word' id='word_1_106' title='bbox 736 1768 824 1820; x_wconf 77' lang='grc' dir='ltr'>καὶ</span> <span class='ocrx_word' id='word_1_107' title='bbox 888 1768 1163 1845; x_wconf 77' lang='grc' dir='ltr'>μαχαίρας</span> <span class='ocrx_word' id='word_1_108' title='bbox 1221 1768 1374 1845; x_wconf 76' lang='grc' dir='ltr'>ἔργον</span> <span class='ocrx_word' id='word_1_109' title='bbox 1410 1770 1671 1845; x_wconf 76' lang='grc' dir='ltr'>ἐγένοντο,</span> <span class='ocrx_word' id='word_1_110' title='bbox 1732 1770 1943 1827; x_wconf 84' lang='grc' dir='ltr'>πολλοὶ</span> <span class='ocrx_word' id='word_1_111' title='bbox 1973 1769 2030 1826; x_wconf 73' lang='grc' dir='ltr'>δὲ</span> 
     </span>
    </p>
   </div>
   <div class='ocr_carea' id='block_1_18' title="bbox 371 1855 2027 1933">
    <p class='ocr_par' dir='ltr' id='par_1_18' title="bbox 371 1855 2027 1933">
     <span class='ocr_line' id='line_1_18' title="bbox 371 1855 2027 1933; baseline 0.003 -24"><span class='ocrx_word' id='word_1_112' title='bbox 371 1856 461 1910; x_wconf 80' lang='grc' dir='ltr'>καὶ</span> <span class='ocrx_word' id='word_1_113' title='bbox 525 1856 612 1910; x_wconf 71' lang='grc' dir='ltr'>ἐπὶ</span> <span class='ocrx_word' id='word_1_114' title='bbox 666 1860 774 1910; x_wconf 87' lang='grc' dir='ltr'>τῶν</span> <span class='ocrx_word' id='word_1_115' title='bbox 840 1855 1046 1912; x_wconf 85' lang='grc' dir='ltr'>ὑδάτων</span> <span class='ocrx_word' id='word_1_116' title='bbox 1108 1858 1510 1922; x_wconf 75' lang='grc' dir='ltr'>ὀλισθαίνοντες</span> <span class='ocrx_word' id='word_1_117' title='bbox 1581 1859 1976 1933; x_wconf 78' lang='grc' dir='ltr'>ἐναπέθνησκον</span> <span class='ocrx_word' id='word_1_118' title='bbox 2014 1904 2027 1929; x_wconf 88' lang='grc'>,</span> 
     </span>
    </p>
   </div>
   <div class='ocr_carea' id='block_1_19' title="bbox 374 1942 2029 2023">
    <p class='ocr_par' dir='ltr' id='par_1_19' title="bbox 374 1942 2029 2023">
     <span class='ocr_line' id='line_1_19' title="bbox 374 1942 2029 2023; baseline 0.004 -25"><span class='ocrx_word' id='word_1_119' title='bbox 374 1942 541 1999; x_wconf 76' lang='grc' dir='ltr'>ἄλλοι</span> <span class='ocrx_word' id='word_1_120' title='bbox 582 1943 628 2000; x_wconf 83' lang='grc' dir='ltr'>δ’</span> <span class='ocrx_word' id='word_1_121' title='bbox 686 1945 751 2000; x_wconf 79' lang='grc' dir='ltr'>αὖ</span> <span class='ocrx_word' id='word_1_122' title='bbox 798 1948 1130 2022; x_wconf 86' lang='grc' dir='ltr'>τραυμακίαι</span> <span class='ocrx_word' id='word_1_123' title='bbox 1178 1950 1457 2023; x_wconf 79' lang='grc' dir='ltr'>γεγονότες</span> <span class='ocrx_word' id='word_1_124' title='bbox 1508 1951 1584 2013; x_wconf 86' lang='grc' dir='ltr'>εἷς</span> <span class='ocrx_word' id='word_1_125' title='bbox 1640 1950 1799 2012; x_wconf 84' lang='grc' dir='ltr'>τέλος</span> <span class='ocrx_word' id='word_1_126' title='bbox 1856 1951 2029 2005; x_wconf 84' lang='grc' dir='ltr'>ἀντεῖ-</span> 
     </span>
    </p>
   </div>
   <div class='ocr_carea' id='block_1_20' title="bbox 372 2034 2020 2112">
    <p class='ocr_par' dir='ltr' id='par_1_20' title="bbox 372 2034 2020 2112">
     <span class='ocr_line' id='line_1_20' title="bbox 372 2034 2020 2112; baseline 0.003 -24"><span class='ocrx_word' id='word_1_127' title='bbox 372 2054 500 2109; x_wconf 91' lang='grc' dir='ltr'>χον,</span> <span class='ocrx_word' id='word_1_128' title='bbox 534 2034 638 2089; x_wconf 89' lang='grc' dir='ltr'>Τὸν</span> <span class='ocrx_word' id='word_1_129' title='bbox 673 2034 730 2089; x_wconf 73' lang='grc' dir='ltr'>δὲ</span> <span class='ocrx_word' id='word_1_130' title='bbox 758 2057 819 2111; x_wconf 90' lang='grc' dir='ltr'>γε</span> <span class='ocrx_word' id='word_1_131' title='bbox 848 2044 1312 2112; x_wconf 73' lang='grc' dir='ltr'>πρωτοπράτορα</span> <span class='ocrx_word' id='word_1_132' title='bbox 1368 2039 1457 2093; x_wconf 84' lang='grc' dir='ltr'>καὶ</span> <span class='ocrx_word' id='word_1_133' title='bbox 1514 2038 1754 2103; x_wconf 87' lang='grc' dir='ltr'>πολλαῖς</span> <span class='ocrx_word' id='word_1_134' title='bbox 1785 2036 2020 2095; x_wconf 76' lang='grc' dir='ltr'>ἔϐαλλον</span> 
     </span>
    </p>
   </div>
   <div class='ocr_carea' id='block_1_21' title="bbox 364 2124 2027 2204">
    <p class='ocr_par' dir='ltr' id='par_1_21' title="bbox 364 2124 2027 2204">
     <span class='ocr_line' id='line_1_21' title="bbox 364 2124 2027 2204; baseline 0.005 -28"><span class='ocrx_word' id='word_1_135' title='bbox 364 2129 483 2187; x_wconf 89' lang='grc' dir='ltr'>ταῖς</span> <span class='ocrx_word' id='word_1_136' title='bbox 506 2124 671 2196; x_wconf 75' lang='grc' dir='ltr'>ἀκίσι,</span> <span class='ocrx_word' id='word_1_137' title='bbox 727 2127 810 2180; x_wconf 82' lang='grc' dir='ltr'>κνὶ</span> <span class='ocrx_word' id='word_1_138' title='bbox 862 2126 978 2181; x_wconf 81' lang='grc' dir='ltr'>ἐπεὶ</span> <span class='ocrx_word' id='word_1_139' title='bbox 1031 2128 1340 2182; x_wconf 74' lang='grc' dir='ltr'>καθικέσθαι</span> <span class='ocrx_word' id='word_1_140' title='bbox 1400 2130 1499 2184; x_wconf 81' lang='grc' dir='ltr'>οὐκ</span> <span class='ocrx_word' id='word_1_141' title='bbox 1549 2131 1618 2199; x_wconf 73' lang='grc' dir='ltr'>ἦν</span> <span class='ocrx_word' id='word_1_142' title='bbox 1674 2130 2027 2204; x_wconf 79' lang='grc' dir='ltr'>ὡπλισμένου</span> 
     </span>
    </p>
   </div>
   <div class='ocr_carea' id='block_1_22' title="bbox 363 2209 2029 2290">
    <p class='ocr_par' dir='ltr' id='par_1_22' title="bbox 363 2209 2029 2290">
     <span class='ocr_line' id='line_1_22' title="bbox 363 2209 2029 2290; baseline 0.005 -25"><span class='ocrx_word' id='word_1_143' title='bbox 363 2209 650 2282; x_wconf 78' lang='grc' dir='ltr'>πεσόντος,</span> <span class='ocrx_word' id='word_1_144' title='bbox 682 2214 777 2276; x_wconf 77' lang='grc' dir='ltr'>τὰς</span> <span class='ocrx_word' id='word_1_145' title='bbox 829 2215 1107 2290; x_wconf 80' lang='grc' dir='ltr'>μαχαίρας</span> <span class='ocrx_word' id='word_1_146' title='bbox 1163 2211 1532 2289; x_wconf 69' lang='grc' dir='ltr'>ἐμϐάλλοντες</span> <span class='ocrx_word' id='word_1_147' title='bbox 1587 2224 1693 2273; x_wconf 87' lang='grc' dir='ltr'>τῶν</span> <span class='ocrx_word' id='word_1_148' title='bbox 1722 2218 1910 2274; x_wconf 78' lang='grc' dir='ltr'>ὅπλων</span> <span class='ocrx_word' id='word_1_149' title='bbox 1946 2219 2029 2275; x_wconf 75' lang='grc' dir='ltr'>ἐν-</span> 
     </span>
    </p>
   </div>
   <div class='ocr_carea' id='block_1_23' title="bbox 367 2301 2026 2387">
    <p class='ocr_par' dir='ltr' id='par_1_23' title="bbox 367 2301 2026 2387">
     <span class='ocr_line' id='line_1_23' title="bbox 367 2301 2026 2387; baseline 0.005 -32"><span class='ocrx_word' id='word_1_150' title='bbox 367 2302 459 2363; x_wconf 85' lang='grc' dir='ltr'>τὸς</span> <span class='ocrx_word' id='word_1_151' title='bbox 490 2301 769 2371; x_wconf 72' lang='grc' dir='ltr'>ήκίζοντο.</span> <span class='ocrx_word' id='word_1_152' title='bbox 801 2306 977 2359; x_wconf 77' lang='grc' dir='ltr'>Τοῦτο</span> <span class='ocrx_word' id='word_1_153' title='bbox 1024 2310 1143 2367; x_wconf 81' lang='grc' dir='ltr'>ταῖς</span> <span class='ocrx_word' id='word_1_154' title='bbox 1203 2304 1427 2369; x_wconf 81' lang='grc' dir='ltr'>λοιπαῖς</span> <span class='ocrx_word' id='word_1_155' title='bbox 1458 2309 1610 2363; x_wconf 88' lang='grc' dir='ltr'>ναυσὶ</span> <span class='ocrx_word' id='word_1_156' title='bbox 1644 2306 1773 2387; x_wconf 76' lang='grc' dir='ltr'>δίχα</span> <span class='ocrx_word' id='word_1_157' title='bbox 1810 2310 1899 2364; x_wconf 82' lang='grc' dir='ltr'>καὶ</span> <span class='ocrx_word' id='word_1_158' title='bbox 1933 2314 2026 2364; x_wconf 72' lang='grc' dir='ltr'>τοῦ</span> 
     </span>
    </p>
   </div>
   <div class='ocr_carea' id='block_1_24' title="bbox 364 2390 2026 2473">
    <p class='ocr_par' dir='ltr' id='par_1_24' title="bbox 364 2390 2026 2473">
     <span class='ocr_line' id='line_1_24' title="bbox 364 2390 2026 2473; baseline 0.005 -30"><span class='ocrx_word' id='word_1_159' title='bbox 364 2391 482 2444; x_wconf 85' lang='grc' dir='ltr'>κατ’</span> <span class='ocrx_word' id='word_1_160' title='bbox 540 2390 703 2452; x_wconf 82' lang='grc' dir='ltr'>αὐτὰς</span> <span class='ocrx_word' id='word_1_161' title='bbox 778 2390 1033 2447; x_wconf 81' lang='grc' dir='ltr'>κινδύνου</span> <span class='ocrx_word' id='word_1_162' title='bbox 1118 2394 1193 2456; x_wconf 88' lang='grc' dir='ltr'>εἷς</span> <span class='ocrx_word' id='word_1_163' title='bbox 1261 2392 1464 2450; x_wconf 85' lang='grc' dir='ltr'>δειλίαν</span> <span class='ocrx_word' id='word_1_164' title='bbox 1530 2398 1824 2467; x_wconf 76' lang='grc' dir='ltr'>ἀνήκεστον</span> <span class='ocrx_word' id='word_1_165' title='bbox 1871 2419 2026 2473; x_wconf 88' lang='grc' dir='ltr'>περι-</span> 
     </span>
    </p>
   </div>
   <div class='ocr_carea' id='block_1_25' title="bbox 373 2477 2024 2565">
    <p class='ocr_par' dir='ltr' id='par_1_25' title="bbox 373 2477 2024 2565">
     <span class='ocr_line' id='line_1_25' title="bbox 373 2477 2024 2565; baseline 0.006 -33"><span class='ocrx_word' id='word_1_166' title='bbox 373 2477 664 2538; x_wconf 77' lang='grc' dir='ltr'>ίστατο.⁶0</span> <span class='ocrx_word' id='word_1_167' title='bbox 698 2478 755 2535; x_wconf 83' lang='grc' dir='ltr'>δέ</span> <span class='ocrx_word' id='word_1_168' title='bbox 810 2502 873 2556; x_wconf 91' lang='grc' dir='ltr'>γε</span> <span class='ocrx_word' id='word_1_169' title='bbox 905 2479 1173 2553; x_wconf 78' lang='grc' dir='ltr'>δεσπότης</span> <span class='ocrx_word' id='word_1_170' title='bbox 1228 2490 1347 2547; x_wconf 85' lang='grc' dir='ltr'>τοῖς</span> <span class='ocrx_word' id='word_1_171' title='bbox 1403 2486 1678 2561; x_wconf 80' lang='grc' dir='ltr'>αἶ’γιαλοῖς</span> <span class='ocrx_word' id='word_1_172' title='bbox 1736 2487 2024 2565; x_wconf 75' lang='grc' dir='ltr'>ἐφιστάμε-</span> 
     </span>
    </p>
   </div>
   <div class='ocr_carea' id='block_1_26' title="bbox 365 2565 2024 2652">
    <p class='ocr_par' dir='ltr' id='par_1_26' title="bbox 365 2565 2024 2652">
     <span class='ocr_line' id='line_1_26' title="bbox 365 2565 2024 2652; baseline 0.005 -29"><span class='ocrx_word' id='word_1_173' title='bbox 365 2589 458 2632; x_wconf 88' lang='grc' dir='ltr'>νος</span> <span class='ocrx_word' id='word_1_174' title='bbox 518 2565 689 2647; x_wconf 81' lang='grc' dir='ltr'>ὥρεγε</span> <span class='ocrx_word' id='word_1_175' title='bbox 735 2572 925 2646; x_wconf 76' lang='grc' dir='ltr'>χεῖρας</span> <span class='ocrx_word' id='word_1_176' title='bbox 960 2617 975 2643; x_wconf 88' lang='grc'>,</span> <span class='ocrx_word' id='word_1_177' title='bbox 1034 2572 1123 2628; x_wconf 84' lang='grc' dir='ltr'>καὶ</span> <span class='ocrx_word' id='word_1_178' title='bbox 1212 2571 1598 2647; x_wconf 76' lang='grc' dir='ltr'>κατηντιϐόλει</span> <span class='ocrx_word' id='word_1_179' title='bbox 1673 2577 1741 2632; x_wconf 74' lang='grc' dir='ltr'>τὰ</span> <span class='ocrx_word' id='word_1_180' title='bbox 1794 2579 2024 2652; x_wconf 85' lang='grc' dir='ltr'>μέγιστα</span> 
     </span>
    </p>
   </div>
   <div class='ocr_carea' id='block_1_27' title="bbox 1612 1326 2022 1397">
    <p class='ocr_par' dir='ltr' id='par_1_27' title="bbox 1612 1326 2022 1397">
     <span class='ocr_line' id='line_1_27' title="bbox 1612 1326 2022 1397; baseline 0.002 -18"><span class='ocrx_word' id='word_1_181' title='bbox 1612 1327 1685 1387; x_wconf 85' lang='grc' dir='ltr'>ὡς</span> <span class='ocrx_word' id='word_1_182' title='bbox 1746 1326 1975 1397; x_wconf 70' lang='grc' dir='ltr'>σύνηθες</span> <span class='ocrx_word' id='word_1_183' title='bbox 2008 1370 2022 1395; x_wconf 95' lang='grc'>,</span> 
     </span>
    </p>
   </div>
   <div class='ocr_carea' id='block_1_28' title="bbox 374 2785 2028 2864">
    <p class='ocr_par' dir='ltr' id='par_1_28' title="bbox 374 2785 2028 2864">
     <span class='ocr_line' id='line_1_28' title="bbox 374 2785 2028 2864; baseline 0.005 -22"><span class='ocrx_word' id='word_1_184' title='bbox 374 2785 647 2859; x_wconf 81' lang='lat' dir='ltr'>colligere</span> <span class='ocrx_word' id='word_1_185' title='bbox 697 2792 987 2859; x_wconf 87' lang='lat' dir='ltr'>potuerat,</span> <span class='ocrx_word' id='word_1_186' title='bbox 1045 2790 1315 2864; x_wconf 84' lang='lat' dir='ltr'>reliquiis</span> <span class='ocrx_word' id='word_1_187' title='bbox 1369 2794 1658 2850; x_wconf 88' lang='lat' dir='ltr'>exercitus</span> <span class='ocrx_word' id='word_1_188' title='bbox 1709 2796 2028 2863; x_wconf 88' lang='lat' dir='ltr'>terrestris,</span> 
     </span>
    </p>
   </div>
   <div class='ocr_carea' id='block_1_29' title="bbox 365 2877 2026 2953">
    <p class='ocr_par' dir='ltr' id='par_1_29' title="bbox 365 2877 2026 2953">
     <span class='ocr_line' id='line_1_29' title="bbox 365 2877 2026 2953; baseline 0.006 -23"><span class='ocrx_word' id='word_1_189' title='bbox 365 2881 625 2933; x_wconf 83' lang='lat' dir='ltr'>extremo</span> <span class='ocrx_word' id='word_1_190' title='bbox 658 2877 784 2948; x_wconf 87' lang='lat' dir='ltr'>jam</span> <span class='ocrx_word' id='word_1_191' title='bbox 836 2879 1179 2936; x_wconf 85' lang='lat' dir='ltr'>discrimine</span> <span class='ocrx_word' id='word_1_192' title='bbox 1229 2882 1655 2953; x_wconf 76' lang='lat' dir='ltr'>periclitantem</span> <span class='ocrx_word' id='word_1_193' title='bbox 1703 2885 2026 2941; x_wconf 79' lang='lat' dir='ltr'>Romanam</span> 
     </span>
    </p>
   </div>
   <div class='ocr_carea' id='block_1_30' title="bbox 364 2964 2027 3046">
    <p class='ocr_par' dir='ltr' id='par_1_30' title="bbox 364 2964 2027 3046">
     <span class='ocr_line' id='line_1_30' title="bbox 364 2964 2027 3046; baseline 0.005 -27"><span class='ocrx_word' id='word_1_194' title='bbox 364 2964 447 3019; x_wconf 85' lang='lat' dir='ltr'>ibi</span> <span class='ocrx_word' id='word_1_195' title='bbox 482 2967 695 3036; x_wconf 87' lang='lat' dir='ltr'>reperit</span> <span class='ocrx_word' id='word_1_196' title='bbox 724 2964 999 3025; x_wconf 87' lang='lat' dir='ltr'>classem.</span> <span class='ocrx_word' id='word_1_197' title='bbox 1031 2972 1407 3041; x_wconf 89' lang='lat' dir='ltr'>Apparebant</span> <span class='ocrx_word' id='word_1_198' title='bbox 1456 2975 1527 3027; x_wconf 87' lang='lat' dir='ltr'>ab</span> <span class='ocrx_word' id='word_1_199' title='bbox 1578 2974 1697 3029; x_wconf 90' lang='lat' dir='ltr'>alto</span> <span class='ocrx_word' id='word_1_200' title='bbox 1746 2976 2027 3046; x_wconf 67' lang='lat' dir='ltr'>expedita</span> 
     </span>
    </p>
   </div>
   <div class='ocr_carea' id='block_1_31' title="bbox 365 3054 2028 3130">
    <p class='ocr_par' dir='ltr' id='par_1_31' title="bbox 365 3054 2028 3130">
     <span class='ocr_line' id='line_1_31' title="bbox 365 3054 2028 3130; baseline 0.006 -21"><span class='ocrx_word' id='word_1_201' title='bbox 365 3055 436 3109; x_wconf 91' lang='lat' dir='ltr'>ad</span> <span class='ocrx_word' id='word_1_202' title='bbox 494 3054 890 3111; x_wconf 89' lang='lat' dir='ltr'>invadendum</span> <span class='ocrx_word' id='word_1_203' title='bbox 945 3059 1209 3130; x_wconf 66' lang='lat' dir='ltr'>praelium</span> <span class='ocrx_word' id='word_1_204' title='bbox 1263 3061 1505 3119; x_wconf 81' lang='lat' dir='ltr'>hostiles</span> <span class='ocrx_word' id='word_1_205' title='bbox 1537 3080 1712 3119; x_wconf 84' lang='lat' dir='ltr'>naves</span> <span class='ocrx_word' id='word_1_206' title='bbox 1745 3064 2028 3119; x_wconf 79' lang='lat' dir='ltr'>ordinatae.</span> 
     </span>
    </p>
   </div>
   <div class='ocr_carea' id='block_1_32' title="bbox 364 3141 2027 3223">
    <p class='ocr_par' dir='ltr' id='par_1_32' title="bbox 364 3141 2027 3223">
     <span class='ocr_line' id='line_1_32' title="bbox 364 3141 2027 3223; baseline 0.008 -28"><span class='ocrx_word' id='word_1_207' title='bbox 364 3141 899 3201; x_wconf 84' lang='lat' dir='ltr'>seriatim.Stabant</span> <span class='ocrx_word' id='word_1_208' title='bbox 914 3163 980 3202; x_wconf 84' lang='lat' dir='ltr'>ex</span> <span class='ocrx_word' id='word_1_209' title='bbox 996 3149 1237 3205; x_wconf 85' lang='lat' dir='ltr'>adverso</span> <span class='ocrx_word' id='word_1_210' title='bbox 1257 3150 1529 3206; x_wconf 71' lang='lat' dir='ltr'>Romanae</span> <span class='ocrx_word' id='word_1_211' title='bbox 1547 3153 1845 3223; x_wconf 86' lang='lat' dir='ltr'>productis</span> <span class='ocrx_word' id='word_1_212' title='bbox 1862 3153 1914 3207; x_wconf 89' lang='lat' dir='ltr'>in</span> <span class='ocrx_word' id='word_1_213' title='bbox 1934 3154 2027 3208; x_wconf 89' lang='lat' dir='ltr'>de-</span> 
     </span>
    </p>
   </div>
   <div class='ocr_carea' id='block_1_33' title="bbox 366 3232 2023 3312">
    <p class='ocr_par' dir='ltr' id='par_1_33' title="bbox 366 3232 2023 3312">
     <span class='ocr_line' id='line_1_33' title="bbox 366 3232 2023 3312; baseline 0.008 -26"><span class='ocrx_word' id='word_1_214' title='bbox 366 3232 542 3287; x_wconf 89' lang='lat' dir='ltr'>cadas</span> <span class='ocrx_word' id='word_1_215' title='bbox 576 3234 731 3289; x_wconf 77' lang='lat'>388</span> <span class='ocrx_word' id='word_1_216' title='bbox 760 3236 1046 3308; x_wconf 81' lang='lat' dir='ltr'>versibus,</span> <span class='ocrx_word' id='word_1_217' title='bbox 1082 3238 1203 3293; x_wconf 83' lang='lat' dir='ltr'>acie</span> <span class='ocrx_word' id='word_1_218' title='bbox 1236 3254 1339 3311; x_wconf 85' lang='lat' dir='ltr'>per</span> <span class='ocrx_word' id='word_1_219' title='bbox 1389 3241 1739 3312; x_wconf 84' lang='lat' dir='ltr'>multiplices</span> <span class='ocrx_word' id='word_1_220' title='bbox 1788 3242 2023 3299; x_wconf 82' lang='lat' dir='ltr'>ordines</span> 
     </span>
    </p>
   </div>
   <div class='ocr_carea' id='block_1_34' title="bbox 2123 692 3790 772">
    <p class='ocr_par' dir='ltr' id='par_1_34' title="bbox 2123 692 3790 772">
     <span class='ocr_line' id='line_1_34' title="bbox 2123 692 3790 772; baseline -0.002 -21"><span class='ocrx_word' id='word_1_221' title='bbox 2123 719 2221 767; x_wconf 90' lang='grc' dir='ltr'>της</span> <span class='ocrx_word' id='word_1_222' title='bbox 2253 697 2335 769; x_wconf 78' lang='grc' dir='ltr'>εἶή</span> <span class='ocrx_word' id='word_1_223' title='bbox 2396 698 2488 752; x_wconf 85' lang='grc' dir='ltr'>καὶ</span> <span class='ocrx_word' id='word_1_224' title='bbox 2544 692 2913 772; x_wconf 74' lang='grc' dir='ltr'>προσϐοηθεῖν</span> <span class='ocrx_word' id='word_1_225' title='bbox 2964 694 3110 770; x_wconf 84' lang='grc' dir='ltr'>ἔχοι,</span> <span class='ocrx_word' id='word_1_226' title='bbox 3150 695 3241 750; x_wconf 85' lang='grc' dir='ltr'>καὶ</span> <span class='ocrx_word' id='word_1_227' title='bbox 3274 698 3301 750; x_wconf 90' lang='lat'>6</span> <span class='ocrx_word' id='word_1_228' title='bbox 3330 696 3520 771; x_wconf 84' lang='grc' dir='ltr'>καιρὸς</span> <span class='ocrx_word' id='word_1_229' title='bbox 3562 694 3790 749; x_wconf 83' lang='grc' dir='ltr'>ἀνακλι-</span> 
     </span>
    </p>
   </div>
   <div class='ocr_carea' id='block_1_35' title="bbox 2127 782 3795 865">
    <p class='ocr_par' dir='ltr' id='par_1_35' title="bbox 2127 782 3795 865">
     <span class='ocr_line' id='line_1_35' title="bbox 2127 782 3795 865; baseline -0.001 -25"><span class='ocrx_word' id='word_1_230' title='bbox 2127 789 2283 855; x_wconf 76' lang='grc' dir='ltr'>θῆναι</span> <span class='ocrx_word' id='word_1_231' title='bbox 2339 787 2483 864; x_wconf 76' lang='grc' dir='ltr'>σιρίσι</span> <span class='ocrx_word' id='word_1_232' title='bbox 2545 784 2792 865; x_wconf 60' lang='grc' dir='ltr'>σφάλμα,</span> <span class='ocrx_word' id='word_1_233' title='bbox 2851 785 2894 840; x_wconf 72' lang='grc' dir='ltr'>εἰ</span> <span class='ocrx_word' id='word_1_234' title='bbox 2957 785 3123 859; x_wconf 88' lang='grc' dir='ltr'>μόνον</span> <span class='ocrx_word' id='word_1_235' title='bbox 3188 786 3535 861; x_wconf 75' lang='grc' dir='ltr'>προσέχοιεν.</span> <span class='ocrx_word' id='word_1_236' title='bbox 3598 782 3795 861; x_wconf 82' lang='grc' dir='ltr'>Ὠρεγέ</span> 
     </span>
    </p>
   </div>
   <div class='ocr_carea' id='block_1_36' title="bbox 2124 874 3797 952">
    <p class='ocr_par' dir='ltr' id='par_1_36' title="bbox 2124 874 3797 952">
     <span class='ocr_line' id='line_1_36' title="bbox 2124 874 3797 952; baseline -0.002 -20"><span class='ocrx_word' id='word_1_237' title='bbox 2124 898 2181 932; x_wconf 89' lang='grc' dir='ltr'>τε</span> <span class='ocrx_word' id='word_1_238' title='bbox 2212 883 2401 952; x_wconf 80' lang='grc' dir='ltr'>χεῖρας</span> <span class='ocrx_word' id='word_1_239' title='bbox 2434 874 2624 947; x_wconf 78' lang='grc' dir='ltr'>ἔξωθεν</span> <span class='ocrx_word' id='word_1_240' title='bbox 2678 881 2795 937; x_wconf 90' lang='grc' dir='ltr'>τοῖς</span> <span class='ocrx_word' id='word_1_241' title='bbox 2852 874 3023 943; x_wconf 76' lang='grc' dir='ltr'>ἐντὸς,</span> <span class='ocrx_word' id='word_1_242' title='bbox 3073 876 3159 931; x_wconf 88' lang='grc' dir='ltr'>καὶ</span> <span class='ocrx_word' id='word_1_243' title='bbox 3213 876 3522 949; x_wconf 79' lang='grc' dir='ltr'>προθυμίας</span> <span class='ocrx_word' id='word_1_244' title='bbox 3554 880 3797 949; x_wconf 72' lang='grc' dir='ltr'>παρεῖχε</span> 
     </span>
    </p>
   </div>
   <div class='ocr_carea' id='block_1_37' title="bbox 2128 962 3792 1039">
    <p class='ocr_par' dir='ltr' id='par_1_37' title="bbox 2128 962 3792 1039">
     <span class='ocr_line' id='line_1_37' title="bbox 2128 962 3792 1039; baseline 0.001 -20"><span class='ocrx_word' id='word_1_245' title='bbox 2128 962 2403 1038; x_wconf 76' lang='grc' dir='ltr'>σύμϐολα,</span> <span class='ocrx_word' id='word_1_246' title='bbox 2458 968 2539 1039; x_wconf 83' lang='grc' dir='ltr'>[Ρ.</span> <span class='ocrx_word' id='word_1_247' title='bbox 2593 969 2722 1037; x_wconf 80' lang='grc'>224]</span> <span class='ocrx_word' id='word_1_248' title='bbox 2773 966 2847 1027; x_wconf 83' lang='grc' dir='ltr'>ὡς</span> <span class='ocrx_word' id='word_1_249' title='bbox 2901 965 3145 1029; x_wconf 77' lang='grc' dir='ltr'>ἐντεῦθεν</span> <span class='ocrx_word' id='word_1_250' title='bbox 3207 964 3441 1037; x_wconf 80' lang='grc' dir='ltr'>πέμψων</span> <span class='ocrx_word' id='word_1_251' title='bbox 3506 966 3792 1039; x_wconf 72' lang='grc' dir='ltr'>βοήθειαν.</span> 
     </span>
    </p>
   </div>
   <div class='ocr_carea' id='block_1_38' title="bbox 2128 1052 3792 1131">
    <p class='ocr_par' dir='ltr' id='par_1_38' title="bbox 2128 1052 3792 1131">
     <span class='ocr_line' id='line_1_38' title="bbox 2128 1052 3792 1131; baseline -0.002 -20"><span class='ocrx_word' id='word_1_252' title='bbox 2128 1057 2194 1111; x_wconf 82' lang='lat' dir='ltr'>Ol</span> <span class='ocrx_word' id='word_1_253' title='bbox 2228 1053 2283 1109; x_wconf 77' lang='grc' dir='ltr'>δὶ</span> <span class='ocrx_word' id='word_1_254' title='bbox 2314 1056 2403 1110; x_wconf 76' lang='grc' dir='ltr'>καὶ</span> <span class='ocrx_word' id='word_1_255' title='bbox 2436 1058 2582 1129; x_wconf 75' lang='grc' dir='ltr'>παρὰ</span> <span class='ocrx_word' id='word_1_256' title='bbox 2611 1056 2672 1109; x_wconf 85' lang='grc' dir='ltr'>τὸ</span> <span class='ocrx_word' id='word_1_257' title='bbox 2706 1055 2849 1117; x_wconf 72' lang='grc' dir='ltr'>εἷκὸς</span> <span class='ocrx_word' id='word_1_258' title='bbox 2881 1052 3226 1130; x_wconf 71' lang='grc' dir='ltr'>ἠνδρίζοντο,</span> <span class='ocrx_word' id='word_1_259' title='bbox 3260 1056 3349 1108; x_wconf 84' lang='grc' dir='ltr'>καὶ</span> <span class='ocrx_word' id='word_1_260' title='bbox 3395 1052 3549 1125; x_wconf 81' lang='grc' dir='ltr'>δίκην</span> <span class='ocrx_word' id='word_1_261' title='bbox 3586 1053 3792 1131; x_wconf 78' lang='grc' dir='ltr'>ἀγρίων</span> 
     </span>
    </p>
   </div>
   <div class='ocr_carea' id='block_1_39' title="bbox 2131 1142 3800 1222">
    <p class='ocr_par' dir='ltr' id='par_1_39' title="bbox 2131 1142 3800 1222">
     <span class='ocr_line' id='line_1_39' title="bbox 2131 1142 3800 1222; baseline 0.001 -24"><span class='ocrx_word' id='word_1_262' title='bbox 2131 1150 2270 1199; x_wconf 91' lang='grc' dir='ltr'>συῶν</span> <span class='ocrx_word' id='word_1_263' title='bbox 2301 1144 2754 1222; x_wconf 67' lang='grc' dir='ltr'>κατεσφάττοντο.</span> <span class='ocrx_word' id='word_1_264' title='bbox 2806 1146 2867 1201; x_wconf 93' lang='grc' dir='ltr'>Ὁ</span> <span class='ocrx_word' id='word_1_265' title='bbox 2898 1142 2955 1199; x_wconf 75' lang='grc' dir='ltr'>δὲ</span> <span class='ocrx_word' id='word_1_266' title='bbox 3010 1150 3128 1205; x_wconf 87' lang='grc' dir='ltr'>ταῖς</span> <span class='ocrx_word' id='word_1_267' title='bbox 3186 1149 3596 1220; x_wconf 79' lang='grc' dir='ltr'>παρατυχοῦσιν</span> <span class='ocrx_word' id='word_1_268' title='bbox 3629 1144 3800 1200; x_wconf 81' lang='grc' dir='ltr'>ἁλιά-</span> 
     </span>
    </p>
   </div>
   <div class='ocr_carea' id='block_1_40' title="bbox 2129 1228 3796 1309">
    <p class='ocr_par' dir='ltr' id='par_1_40' title="bbox 2129 1228 3796 1309">
     <span class='ocr_line' id='line_1_40' title="bbox 2129 1228 3796 1309; baseline 0 -22"><span class='ocrx_word' id='word_1_269' title='bbox 2129 1255 2209 1287; x_wconf 92' lang='grc' dir='ltr'>σιν</span> <span class='ocrx_word' id='word_1_270' title='bbox 2276 1234 2497 1305; x_wconf 73' lang='grc' dir='ltr'>ἀκμῆτα</span> <span class='ocrx_word' id='word_1_271' title='bbox 2564 1232 2697 1288; x_wconf 86' lang='grc' dir='ltr'>λαὸν</span> <span class='ocrx_word' id='word_1_272' title='bbox 2755 1234 3110 1307; x_wconf 81' lang='grc' dir='ltr'>προσέπεμπε</span> <span class='ocrx_word' id='word_1_273' title='bbox 3166 1240 3255 1288; x_wconf 84' lang='grc' dir='ltr'><strong>καί</strong></span> <span class='ocrx_word' id='word_1_274' title='bbox 3310 1228 3743 1309; x_wconf 75' lang='grc' dir='ltr'>προσεπεϐοήθει</span> <span class='ocrx_word' id='word_1_275' title='bbox 3777 1277 3796 1304; x_wconf 88' lang='grc'>,</span> 
     </span>
    </p>
   </div>
   <div class='ocr_carea' id='block_1_41' title="bbox 2129 1321 3795 1400">
    <p class='ocr_par' dir='ltr' id='par_1_41' title="bbox 2129 1321 3795 1400">
     <span class='ocr_line' id='line_1_41' title="bbox 2129 1321 3795 1400; baseline 0 -23"><span class='ocrx_word' id='word_1_276' title='bbox 2129 1323 2217 1377; x_wconf 78' lang='grc' dir='ltr'>καὶ</span> <span class='ocrx_word' id='word_1_277' title='bbox 2280 1328 2479 1400; x_wconf 78' lang='grc' dir='ltr'>φωναῖς</span> <span class='ocrx_word' id='word_1_278' title='bbox 2536 1324 2626 1377; x_wconf 85' lang='grc' dir='ltr'>καὶ</span> <span class='ocrx_word' id='word_1_279' title='bbox 2699 1326 2948 1398; x_wconf 78' lang='grc' dir='ltr'>σχήμασι</span> <span class='ocrx_word' id='word_1_280' title='bbox 3007 1324 3143 1399; x_wconf 86' lang='grc' dir='ltr'>πρὸς</span> <span class='ocrx_word' id='word_1_281' title='bbox 3203 1321 3407 1396; x_wconf 78' lang='grc' dir='ltr'>ἄμυναν</span> <span class='ocrx_word' id='word_1_282' title='bbox 3468 1321 3795 1399; x_wconf 80' lang='grc' dir='ltr'>παρεκάλει,</span> 
     </span>
    </p>
   </div>
   <div class='ocr_carea' id='block_1_42' title="bbox 2131 1410 3789 1489">
    <p class='ocr_par' dir='ltr' id='par_1_42' title="bbox 2131 1410 3789 1489">
     <span class='ocr_line' id='line_1_42' title="bbox 2131 1410 3789 1489; baseline 0.001 -24"><span class='ocrx_word' id='word_1_283' title='bbox 2131 1411 2289 1489; x_wconf 66' lang='grc' dir='ltr'>ἐφἰἷ)</span> <span class='ocrx_word' id='word_1_284' title='bbox 2347 1414 2422 1484; x_wconf 77' lang='grc' dir='ltr'>μὴ</span> <span class='ocrx_word' id='word_1_285' title='bbox 2485 1410 2714 1487; x_wconf 73' lang='grc' dir='ltr'>σφαλείη</span> <span class='ocrx_word' id='word_1_286' title='bbox 2776 1413 2866 1466; x_wconf 82' lang='grc' dir='ltr'>καὶ</span> <span class='ocrx_word' id='word_1_287' title='bbox 2917 1412 2983 1467; x_wconf 76' lang='grc' dir='ltr'>τά</span> <span class='ocrx_word' id='word_1_288' title='bbox 3038 1411 3166 1469; x_wconf 87' lang='grc' dir='ltr'>ἐκεῖ.</span> <span class='ocrx_word' id='word_1_289' title='bbox 3219 1413 3308 1474; x_wconf 72' lang='grc' dir='ltr'>Ὠς</span> <span class='ocrx_word' id='word_1_290' title='bbox 3370 1410 3416 1467; x_wconf 85' lang='grc' dir='ltr'>δ’</span> <span class='ocrx_word' id='word_1_291' title='bbox 3476 1412 3561 1467; x_wconf 71' lang='grc' dir='ltr'>ἐπὶ</span> <span class='ocrx_word' id='word_1_292' title='bbox 3622 1414 3789 1486; x_wconf 78' lang='grc' dir='ltr'>ξυροῦ</span> 
     </span>
    </p>
   </div>
   <div class='ocr_carea' id='block_1_43' title="bbox 2132 1498 3793 1578">
    <p class='ocr_par' dir='ltr' id='par_1_43' title="bbox 2132 1498 3793 1578">
     <span class='ocr_line' id='line_1_43' title="bbox 2132 1498 3793 1578; baseline 0 -22"><span class='ocrx_word' id='word_1_293' title='bbox 2132 1501 2357 1563; x_wconf 79' lang='grc' dir='ltr'>ἐκείνοις</span> <span class='ocrx_word' id='word_1_294' title='bbox 2390 1502 2417 1555; x_wconf 89' lang='lat'>6</span> <span class='ocrx_word' id='word_1_295' title='bbox 2451 1498 2696 1563; x_wconf 75' lang='grc' dir='ltr'>κίνδυνος</span> <span class='ocrx_word' id='word_1_296' title='bbox 2736 1498 2951 1573; x_wconf 65' lang='grc' dir='ltr'>ἵστατο,</span> <span class='ocrx_word' id='word_1_297' title='bbox 3009 1499 3194 1564; x_wconf 69' lang='grc' dir='ltr'>ἄλλως</span> <span class='ocrx_word' id='word_1_298' title='bbox 3252 1500 3395 1577; x_wconf 81' lang='grc' dir='ltr'>ἔγνω</span> <span class='ocrx_word' id='word_1_299' title='bbox 3453 1502 3793 1578; x_wconf 86' lang='grc' dir='ltr'>παρακαλεῖν</span> 
     </span>
    </p>
   </div>
   <div class='ocr_carea' id='block_1_44' title="bbox 2132 1588 3802 1668">
    <p class='ocr_par' dir='ltr' id='par_1_44' title="bbox 2132 1588 3802 1668">
     <span class='ocr_line' id='line_1_44' title="bbox 2132 1588 3802 1668; baseline 0.001 -23"><span class='ocrx_word' id='word_1_300' title='bbox 2132 1590 2222 1645; x_wconf 82' lang='grc' dir='ltr'>καὶ</span> <span class='ocrx_word' id='word_1_301' title='bbox 2284 1596 2502 1663; x_wconf 82' lang='grc' dir='ltr'>θερμῶς</span> <span class='ocrx_word' id='word_1_302' title='bbox 2541 1589 2799 1646; x_wconf 76' lang='grc' dir='ltr'>ἱκετεύειν</span> <span class='ocrx_word' id='word_1_303' title='bbox 2832 1590 2976 1663; x_wconf 83' lang='grc' dir='ltr'>αὐτῷ</span> <span class='ocrx_word' id='word_1_304' title='bbox 3001 1588 3066 1659; x_wconf 79' lang='grc' dir='ltr'><strong>δὴ</strong></span> <span class='ocrx_word' id='word_1_305' title='bbox 3108 1596 3186 1662; x_wconf 82' lang='grc' dir='ltr'>τῷ</span> <span class='ocrx_word' id='word_1_306' title='bbox 3214 1596 3497 1664; x_wconf 82' lang='grc' dir='ltr'>ταπεινπῷ</span> <span class='ocrx_word' id='word_1_307' title='bbox 3546 1594 3802 1668; x_wconf 75' lang='grc' dir='ltr'>σχήματι</span> 
     </span>
    </p>
   </div>
   <div class='ocr_carea' id='block_1_45' title="bbox 2133 1678 3801 1755">
    <p class='ocr_par' dir='ltr' id='par_1_45' title="bbox 2133 1678 3801 1755">
     <span class='ocr_line' id='line_1_45' title="bbox 2133 1678 3801 1755; baseline 0.001 -22"><span class='ocrx_word' id='word_1_308' title='bbox 2133 1680 2191 1734; x_wconf 85' lang='grc' dir='ltr'>έκ</span> <span class='ocrx_word' id='word_1_309' title='bbox 2234 1680 2338 1755; x_wconf 73' lang='grc' dir='ltr'>γὰρ</span> <span class='ocrx_word' id='word_1_310' title='bbox 2397 1688 2498 1749; x_wconf 77' lang='grc' dir='ltr'>τῆς</span> <span class='ocrx_word' id='word_1_311' title='bbox 2560 1678 2742 1749; x_wconf 79' lang='grc' dir='ltr'>δεινῆς</span> <span class='ocrx_word' id='word_1_312' title='bbox 2802 1679 3129 1749; x_wconf 75' lang='grc' dir='ltr'>ἑκατέρωθεν</span> <span class='ocrx_word' id='word_1_313' title='bbox 3166 1680 3526 1743; x_wconf 84' lang='grc' dir='ltr'>ἀντιστάσεως</span> <span class='ocrx_word' id='word_1_314' title='bbox 3583 1680 3801 1736; x_wconf 80' lang='grc' dir='ltr'>πολλοὶ</span> 
     </span>
    </p>
   </div>
   <div class='ocr_carea' id='block_1_46' title="bbox 2131 1771 3797 1849">
    <p class='ocr_par' dir='ltr' id='par_1_46' title="bbox 2131 1771 3797 1849">
     <span class='ocr_line' id='line_1_46' title="bbox 2131 1771 3797 1849; baseline 0.001 -24"><span class='ocrx_word' id='word_1_315' title='bbox 2131 1776 2242 1825; x_wconf 89' lang='grc' dir='ltr'>τῶν</span> <span class='ocrx_word' id='word_1_316' title='bbox 2296 1773 2604 1827; x_wconf 84' lang='grc' dir='ltr'>πιπτόντων</span> <span class='ocrx_word' id='word_1_317' title='bbox 2658 1774 2740 1845; x_wconf 86' lang='grc' dir='ltr'>[Ρ.</span> <span class='ocrx_word' id='word_1_318' title='bbox 2795 1775 2922 1845; x_wconf 75' lang='grc'>225]</span> <span class='ocrx_word' id='word_1_319' title='bbox 2980 1774 3115 1841; x_wconf 75' lang='grc' dir='ltr'>ἦσαν</span> <span class='ocrx_word' id='word_1_320' title='bbox 3152 1815 3165 1841; x_wconf 92' lang='grc'>,</span> <span class='ocrx_word' id='word_1_321' title='bbox 3226 1772 3317 1825; x_wconf 85' lang='grc' dir='ltr'>καὶ</span> <span class='ocrx_word' id='word_1_322' title='bbox 3376 1771 3619 1827; x_wconf 88' lang='grc' dir='ltr'>θάλασσα</span> <span class='ocrx_word' id='word_1_323' title='bbox 3678 1772 3797 1849; x_wconf 71' lang='grc' dir='ltr'>ῥέεν</span> 
     </span>
    </p>
   </div>
   <div class='ocr_carea' id='block_1_47' title="bbox 2138 1852 3205 1934">
    <p class='ocr_par' dir='ltr' id='par_1_47' title="bbox 2138 1859 2349 1934">
     <span class='ocr_line' id='line_1_47' title="bbox 2138 1859 2349 1934; baseline 0.009 -19"><span class='ocrx_word' id='word_1_324' title='bbox 2138 1859 2349 1934; x_wconf 74' lang='grc' dir='ltr'>α’ἷματι.</span> 
     </span>
    </p>
   </div>
   <div class='ocr_carea' id='block_1_48' title="bbox 2062 1973 3805 2063">
    <p class='ocr_par' dir='ltr' id='par_1_48' title="bbox 2062 1973 3805 2063">
     <span class='ocr_line' id='line_1_48' title="bbox 2062 1973 3805 2063; baseline -0.001 -31"><span class='ocrx_word' id='word_1_325' title='bbox 2062 1973 2109 2037; x_wconf 87' lang='grc' dir='ltr'><strong>Β</strong></span> <span class='ocrx_word' id='word_1_326' title='bbox 2142 1976 2240 2053; x_wconf 86' lang='grc' dir='ltr'>λβ.</span> <span class='ocrx_word' id='word_1_327' title='bbox 2296 1978 2482 2038; x_wconf 80' lang='grc' dir='ltr'>Ὅπως</span> <span class='ocrx_word' id='word_1_328' title='bbox 2514 1977 2676 2063; x_wconf 19' lang='grc' dir='ltr'>,κατά</span> <span class='ocrx_word' id='word_1_329' title='bbox 2730 1974 3006 2062; x_wconf 60' lang='grc' dir='ltr'>θάλασσαν</span> <span class='ocrx_word' id='word_1_330' title='bbox 3032 1976 3097 2063; x_wconf 66' lang='lat'>&quot;6</span> <span class='ocrx_word' id='word_1_331' title='bbox 3149 1973 3597 2063; x_wconf 55' lang='grc' dir='ltr'>πρωτοστράτωρ</span> <span class='ocrx_word' id='word_1_332' title='bbox 3625 1975 3805 2063; x_wconf 48' lang='grc' dir='ltr'>,Φιλ-</span> 
     </span>
    </p>
   </div>
   <div class='ocr_carea' id='block_1_49' title="bbox 2209 2045 3801 2122">
    <p class='ocr_par' dir='ltr' id='par_1_49' title="bbox 2209 2045 3801 2122">
     <span class='ocr_line' id='line_1_49' title="bbox 2209 2045 3801 2122; baseline -0.001 -20"><span class='ocrx_word' id='word_1_333' title='bbox 2209 2049 2567 2121; x_wconf 81' lang='grc' dir='ltr'>ανθρωπηνὸς</span> <span class='ocrx_word' id='word_1_334' title='bbox 2634 2053 2756 2122; x_wconf 73' lang='grc' dir='ltr'>νικᾷ</span> <span class='ocrx_word' id='word_1_335' title='bbox 2837 2048 2965 2109; x_wconf 77' lang='grc' dir='ltr'>τοὺς</span> <span class='ocrx_word' id='word_1_336' title='bbox 3032 2045 3281 2122; x_wconf 57' lang='grc' dir='ltr'>⁹ξταλοὺς</span> <span class='ocrx_word' id='word_1_337' title='bbox 3343 2045 3501 2122; x_wconf 63' lang='grc' dir='ltr'>κατάΔ</span> <span class='ocrx_word' id='word_1_338' title='bbox 3541 2045 3740 2122; x_wconf 79' lang='grc' dir='ltr'>κράτος</span> <span class='ocrx_word' id='word_1_339' title='bbox 3784 2091 3801 2105; x_wconf 89' lang='grc'><strong>.</strong></span> 
     </span>
    </p>
   </div>
   <div class='ocr_carea' id='block_1_50' title="bbox 2209 2116 3805 2196">
    <p class='ocr_par' dir='ltr' id='par_1_50' title="bbox 2209 2116 3805 2196">
     <span class='ocr_line' id='line_1_50' title="bbox 2209 2116 3805 2196; baseline 0 -22"><span class='ocrx_word' id='word_1_340' title='bbox 2209 2116 2597 2196; x_wconf 63' lang='grc' dir='ltr'>συνεργοῦντος</span> <span class='ocrx_word' id='word_1_341' title='bbox 2696 2116 2887 2190; x_wconf 77' lang='grc' dir='ltr'>ἔξωθεν</span> <span class='ocrx_word' id='word_1_342' title='bbox 2982 2118 3072 2173; x_wconf 83' lang='grc' dir='ltr'>καὶ</span> <span class='ocrx_word' id='word_1_343' title='bbox 3166 2124 3263 2174; x_wconf 76' lang='grc' dir='ltr'>τοῦ</span> <span class='ocrx_word' id='word_1_344' title='bbox 3339 2116 3603 2174; x_wconf 78' lang='grc' dir='ltr'>δεσπότου</span> <span class='ocrx_word' id='word_1_345' title='bbox 3670 2119 3805 2174; x_wconf 88' lang='grc' dir='ltr'>Ἰω-</span> 
     </span>
    </p>
   </div>
   <div class='ocr_carea' id='block_1_51' title="bbox 2209 2192 2385 2248">
    <p class='ocr_par' dir='ltr' id='par_1_51' title="bbox 2209 2192 2385 2248">
     <span class='ocr_line' id='line_1_51' title="bbox 2209 2192 2385 2248; baseline 0.006 -1"><span class='ocrx_word' id='word_1_346' title='bbox 2209 2192 2385 2248; x_wconf 60' lang='grc' dir='ltr'>άννουέ</span> 
     </span>
    </p>
   </div>
   <div class='ocr_carea' id='block_1_52' title="bbox 2209 2302 3803 2382">
    <p class='ocr_par' dir='ltr' id='par_1_52' title="bbox 2209 2302 3803 2382">
     <span class='ocr_line' id='line_1_52' title="bbox 2209 2302 3803 2382; baseline -0.003 -18"><span class='ocrx_word' id='word_1_347' title='bbox 2209 2310 2289 2382; x_wconf 86' lang='grc' dir='ltr'>[Ρ.</span> <span class='ocrx_word' id='word_1_348' title='bbox 2323 2310 2450 2381; x_wconf 78' lang='grc'>225]</span> <span class='ocrx_word' id='word_1_349' title='bbox 2496 2305 2635 2377; x_wconf 77' lang='grc' dir='ltr'>’Ἤδη</span> <span class='ocrx_word' id='word_1_350' title='bbox 2692 2303 2749 2361; x_wconf 73' lang='grc' dir='ltr'>δὲ</span> <span class='ocrx_word' id='word_1_351' title='bbox 2804 2308 2960 2377; x_wconf 83' lang='grc' dir='ltr'>καὶ</span> <span class='ocrx_word' id='word_1_352' title='bbox 2996 2310 3455 2382; x_wconf 77' lang='grc' dir='ltr'>πρωτοτακτοῢσα</span> <span class='ocrx_word' id='word_1_353' title='bbox 3511 2302 3803 2361; x_wconf 81' lang='grc' dir='ltr'>κατεδικά-</span> 
     </span>
    </p>
   </div>
   <div class='ocr_carea' id='block_1_53' title="bbox 2140 2394 3803 2473">
    <p class='ocr_par' dir='ltr' id='par_1_53' title="bbox 2140 2394 3803 2473">
     <span class='ocr_line' id='line_1_53' title="bbox 2140 2394 3803 2473; baseline -0.001 -21"><span class='ocrx_word' id='word_1_354' title='bbox 2140 2402 2257 2466; x_wconf 85' lang='grc' dir='ltr'>ζετο</span> <span class='ocrx_word' id='word_1_355' title='bbox 2288 2395 2413 2460; x_wconf 75' lang='grc' dir='ltr'>ναῦς</span> <span class='ocrx_word' id='word_1_356' title='bbox 2457 2396 2548 2451; x_wconf 82' lang='grc' dir='ltr'>καὶ</span> <span class='ocrx_word' id='word_1_357' title='bbox 2606 2394 2714 2466; x_wconf 73' lang='grc' dir='ltr'>ἤδη</span> <span class='ocrx_word' id='word_1_358' title='bbox 2775 2402 2891 2458; x_wconf 91' lang='grc' dir='ltr'>τοῖς</span> <span class='ocrx_word' id='word_1_359' title='bbox 2950 2394 3171 2472; x_wconf 79' lang='grc' dir='ltr'>ἐχθροῖς</span> <span class='ocrx_word' id='word_1_360' title='bbox 3230 2396 3492 2473; x_wconf 77' lang='grc' dir='ltr'>ἀπήγετο,</span> <span class='ocrx_word' id='word_1_361' title='bbox 3554 2394 3803 2466; x_wconf 75' lang='grc' dir='ltr'>ἐνῇκαῖ</span> 
     </span>
    </p>
   </div>
   <div class='ocr_carea' id='block_1_54' title="bbox 2137 2484 3803 2562">
    <p class='ocr_par' dir='ltr' id='par_1_54' title="bbox 2137 2484 3803 2562">
     <span class='ocr_line' id='line_1_54' title="bbox 2137 2484 3803 2562; baseline -0.001 -21"><span class='ocrx_word' id='word_1_362' title='bbox 2137 2487 2164 2541; x_wconf 92' lang='lat'>6</span> <span class='ocrx_word' id='word_1_363' title='bbox 2196 2487 2301 2541; x_wconf 84' lang='grc' dir='ltr'>τῶν</span> <span class='ocrx_word' id='word_1_364' title='bbox 2342 2490 2488 2557; x_wconf 88' lang='grc' dir='ltr'>νηῶν</span> <span class='ocrx_word' id='word_1_365' title='bbox 2551 2484 2780 2562; x_wconf 77' lang='grc' dir='ltr'>ἔξαρχος</span> <span class='ocrx_word' id='word_1_366' title='bbox 2831 2488 2895 2555; x_wconf 68' lang='grc' dir='ltr'>ἦν</span> <span class='ocrx_word' id='word_1_367' title='bbox 2954 2486 3044 2539; x_wconf 79' lang='grc' dir='ltr'>καὶ</span> <span class='ocrx_word' id='word_1_368' title='bbox 3106 2487 3161 2540; x_wconf 74' lang='grc' dir='ltr'>αἱ</span> <span class='ocrx_word' id='word_1_369' title='bbox 3224 2484 3503 2561; x_wconf 83' lang='grc' dir='ltr'>βασιλικαὶ</span> <span class='ocrx_word' id='word_1_370' title='bbox 3556 2488 3803 2558; x_wconf 81' lang='grc' dir='ltr'>σημαῖαι</span> 
     </span>
    </p>
   </div>
   <div class='ocr_carea' id='block_1_55' title="bbox 2138 2571 3808 2651">
    <p class='ocr_par' dir='ltr' id='par_1_55' title="bbox 2138 2571 3808 2651">
     <span class='ocr_line' id='line_1_55' title="bbox 2138 2571 3808 2651; baseline 0.001 -21"><span class='ocrx_word' id='word_1_371' title='bbox 2138 2576 2231 2631; x_wconf 85' lang='grc' dir='ltr'>καὶ</span> <span class='ocrx_word' id='word_1_372' title='bbox 2280 2577 2332 2630; x_wconf 79' lang='grc' dir='ltr'>οἱ</span> <span class='ocrx_word' id='word_1_373' title='bbox 2387 2580 2494 2631; x_wconf 88' lang='grc' dir='ltr'>τῶν</span> <span class='ocrx_word' id='word_1_374' title='bbox 2557 2575 2818 2650; x_wconf 84' lang='grc' dir='ltr'>μαχίμων</span> <span class='ocrx_word' id='word_1_375' title='bbox 2879 2571 3084 2650; x_wconf 85' lang='grc' dir='ltr'>ἀνδρῶν</span> <span class='ocrx_word' id='word_1_376' title='bbox 3144 2574 3460 2651; x_wconf 87' lang='grc' dir='ltr'>πρόκριτοι.</span> <span class='ocrx_word' id='word_1_377' title='bbox 3521 2575 3623 2633; x_wconf 83' lang='grc' dir='ltr'>Καὶ</span> <span class='ocrx_word' id='word_1_378' title='bbox 3671 2574 3808 2631; x_wconf 68' lang='grc' dir='ltr'>τότε</span> 
     </span>
    </p>
   </div>
   <div class='ocr_carea' id='block_1_56' title="bbox 2140 2788 3806 2867">
    <p class='ocr_par' dir='ltr' id='par_1_56' title="bbox 2140 2788 3806 2867">
     <span class='ocr_line' id='line_1_56' title="bbox 2140 2788 3806 2867; baseline 0 -18"><span class='ocrx_word' id='word_1_379' title='bbox 2140 2788 2271 2849; x_wconf 85' lang='lat' dir='ltr'>rent</span> <span class='ocrx_word' id='word_1_380' title='bbox 2301 2794 2491 2849; x_wconf 89' lang='lat' dir='ltr'>adhuc</span> <span class='ocrx_word' id='word_1_381' title='bbox 2522 2793 2738 2850; x_wconf 89' lang='lat' dir='ltr'>animis</span> <span class='ocrx_word' id='word_1_382' title='bbox 2774 2811 2787 2849; x_wconf 93' lang='lat'><strong>:</strong></span> <span class='ocrx_word' id='word_1_383' title='bbox 2822 2809 2893 2849; x_wconf 89' lang='lat' dir='ltr'>en</span> <span class='ocrx_word' id='word_1_384' title='bbox 2926 2794 3130 2850; x_wconf 82' lang='lat' dir='ltr'>adesse</span> <span class='ocrx_word' id='word_1_385' title='bbox 3162 2809 3291 2851; x_wconf 84' lang='lat' dir='ltr'>sese</span> <span class='ocrx_word' id='word_1_386' title='bbox 3332 2794 3636 2867; x_wconf 90' lang='lat' dir='ltr'>despotam</span> <span class='ocrx_word' id='word_1_387' title='bbox 3692 2809 3806 2849; x_wconf 88' lang='lat' dir='ltr'>au-</span> 
     </span>
    </p>
   </div>
   <div class='ocr_carea' id='block_1_57' title="bbox 2136 2882 3804 2956">
    <p class='ocr_par' dir='ltr' id='par_1_57' title="bbox 2136 2882 3804 2956">
     <span class='ocr_line' id='line_1_57' title="bbox 2136 2882 3804 2956; baseline 0.001 -19"><span class='ocrx_word' id='word_1_388' title='bbox 2136 2882 2281 2938; x_wconf 86' lang='lat' dir='ltr'>xilia</span> <span class='ocrx_word' id='word_1_389' title='bbox 2312 2884 2629 2952; x_wconf 85' lang='lat' dir='ltr'>ferentem;</span> <span class='ocrx_word' id='word_1_390' title='bbox 2663 2884 3033 2939; x_wconf 85' lang='lat' dir='ltr'>occasionem</span> <span class='ocrx_word' id='word_1_391' title='bbox 3067 2884 3272 2940; x_wconf 84' lang='lat' dir='ltr'>adesse</span> <span class='ocrx_word' id='word_1_392' title='bbox 3305 2885 3651 2956; x_wconf 67' lang='lat' dir='ltr'>reponenda:</span> <span class='ocrx_word' id='word_1_393' title='bbox 3685 2882 3804 2939; x_wconf 88' lang='lat' dir='ltr'>bo—</span> 
     </span>
    </p>
   </div>
   <div class='ocr_carea' id='block_1_58' title="bbox 2139 2973 3805 3045">
    <p class='ocr_par' dir='ltr' id='par_1_58' title="bbox 2139 2973 3805 3045">
     <span class='ocr_line' id='line_1_58' title="bbox 2139 2973 3805 3045; baseline -0.001 -16"><span class='ocrx_word' id='word_1_394' title='bbox 2139 2974 2329 3029; x_wconf 90' lang='lat' dir='ltr'>stibus</span> <span class='ocrx_word' id='word_1_395' title='bbox 2360 2973 2545 3028; x_wconf 85' lang='lat' dir='ltr'>cladis</span> <span class='ocrx_word' id='word_1_396' title='bbox 2579 2990 2830 3045; x_wconf 69' lang='lat' dir='ltr'>nuperos,</span> <span class='ocrx_word' id='word_1_397' title='bbox 2862 2974 2908 3028; x_wconf 91' lang='lat' dir='ltr'>si</span> <span class='ocrx_word' id='word_1_398' title='bbox 2946 2973 3187 3045; x_wconf 88' lang='lat' dir='ltr'>paulum</span> <span class='ocrx_word' id='word_1_399' title='bbox 3223 2975 3396 3029; x_wconf 88' lang='lat' dir='ltr'>modo</span> <span class='ocrx_word' id='word_1_400' title='bbox 3430 2975 3805 3029; x_wconf 57' lang='lat' dir='ltr'>connitercnc</span> 
     </span>
    </p>
   </div>
   <div class='ocr_carea' id='block_1_59' title="bbox 2136 3063 3803 3135">
    <p class='ocr_par' dir='ltr' id='par_1_59' title="bbox 2136 3063 3803 3135">
     <span class='ocr_line' id='line_1_59' title="bbox 2136 3063 3803 3135; baseline 0.001 -18"><span class='ocrx_word' id='word_1_401' title='bbox 2136 3067 2377 3117; x_wconf 83' lang='lat' dir='ltr'>tur.Hoc</span> <span class='ocrx_word' id='word_1_402' title='bbox 2400 3063 2646 3134; x_wconf 92' lang='lat' dir='ltr'>loquens</span> <span class='ocrx_word' id='word_1_403' title='bbox 2669 3064 2851 3131; x_wconf 88' lang='lat' dir='ltr'>vultu,</span> <span class='ocrx_word' id='word_1_404' title='bbox 2873 3064 3081 3130; x_wconf 89' lang='lat' dir='ltr'>oculis,</span> <span class='ocrx_word' id='word_1_405' title='bbox 3106 3079 3390 3118; x_wconf 91' lang='lat' dir='ltr'>manuum</span> <span class='ocrx_word' id='word_1_406' title='bbox 3418 3064 3803 3135; x_wconf 89' lang='lat' dir='ltr'>protensione</span> 
     </span>
    </p>
   </div>
   <div class='ocr_carea' id='block_1_60' title="bbox 2139 3152 3796 3224">
    <p class='ocr_par' dir='ltr' id='par_1_60' title="bbox 2139 3152 3796 3224">
     <span class='ocr_line' id='line_1_60' title="bbox 2139 3152 3796 3224; baseline -0.001 -18"><span class='ocrx_word' id='word_1_407' title='bbox 2139 3153 2569 3221; x_wconf 84' lang='lat' dir='ltr'>commonebat,</span> <span class='ocrx_word' id='word_1_408' title='bbox 2596 3170 2625 3207; x_wconf 90' lang='lat' dir='ltr'>e</span> <span class='ocrx_word' id='word_1_409' title='bbox 2648 3158 2799 3207; x_wconf 88' lang='lat' dir='ltr'>terra</span> <span class='ocrx_word' id='word_1_410' title='bbox 2822 3153 3057 3207; x_wconf 89' lang='lat' dir='ltr'>intuens</span> <span class='ocrx_word' id='word_1_411' title='bbox 3082 3154 3136 3207; x_wconf 92' lang='lat' dir='ltr'>in</span> <span class='ocrx_word' id='word_1_412' title='bbox 3164 3152 3411 3207; x_wconf 87' lang='lat' dir='ltr'>navibus</span> <span class='ocrx_word' id='word_1_413' title='bbox 3435 3157 3796 3224; x_wconf 73' lang='lat' dir='ltr'>pugnantes,</span> 
     </span>
    </p>
   </div>
   <div class='ocr_carea' id='block_1_61' title="bbox 2136 3242 3795 3314">
    <p class='ocr_par' dir='ltr' id='par_1_61' title="bbox 2136 3242 3795 3314">
     <span class='ocr_line' id='line_1_61' title="bbox 2136 3242 3795 3314; baseline 0.001 -19"><span class='ocrx_word' id='word_1_414' title='bbox 2136 3246 2304 3311; x_wconf 89' lang='lat' dir='ltr'>nutu,</span> <span class='ocrx_word' id='word_1_415' title='bbox 2334 3247 2525 3314; x_wconf 87' lang='lat' dir='ltr'>gestu,</span> <span class='ocrx_word' id='word_1_416' title='bbox 2559 3242 2716 3297; x_wconf 90' lang='lat' dir='ltr'>omni</span> <span class='ocrx_word' id='word_1_417' title='bbox 2749 3247 3027 3314; x_wconf 69' lang='lat' dir='ltr'>praeterea</span> <span class='ocrx_word' id='word_1_418' title='bbox 3059 3242 3485 3313; x_wconf 81' lang='lat' dir='ltr'>signiﬁcatione</span> <span class='ocrx_word' id='word_1_419' title='bbox 3517 3242 3795 3297; x_wconf 88' lang='lat' dir='ltr'>indicans</span> 
     </span>
    </p>
   </div>
   <div class='ocr_carea' id='block_1_62' title="bbox 361 3321 3795 3430">
    <p class='ocr_par' dir='ltr' id='par_1_62' title="bbox 361 3321 3795 3430">
     <span class='ocr_line' id='line_1_62' title="bbox 361 3321 3795 3430; baseline 0.004 -56"><span class='ocrx_word' id='word_1_420' title='bbox 361 3321 688 3393; x_wconf 81' lang='lat' dir='ltr'>profunda;</span> <span class='ocrx_word' id='word_1_421' title='bbox 724 3324 895 3394; x_wconf 90' lang='lat' dir='ltr'>cujus</span> <span class='ocrx_word' id='word_1_422' title='bbox 920 3342 1045 3396; x_wconf 68' lang='lat' dir='ltr'>quas</span> <span class='ocrx_word' id='word_1_423' title='bbox 1080 3327 1240 3381; x_wconf 83' lang='lat' dir='ltr'>frons</span> <span class='ocrx_word' id='word_1_424' title='bbox 1273 3333 1394 3382; x_wconf 86' lang='lat' dir='ltr'>erat</span> <span class='ocrx_word' id='word_1_425' title='bbox 1428 3330 1599 3383; x_wconf 80' lang='lat' dir='ltr'>decus</span> <span class='ocrx_word' id='word_1_426' title='bbox 1635 3331 1824 3399; x_wconf 86' lang='lat' dir='ltr'>prima</span> <span class='ocrx_word' id='word_1_427' title='bbox 1856 3348 2016 3385; x_wconf 91' lang='lat' dir='ltr'>com-</span> <span class='ocrx_word' id='word_1_428' title='bbox 2048 3362 2091 3430; x_wconf 64' lang='grc' dir='ltr'>α</span> <span class='ocrx_word' id='word_1_429' title='bbox 2132 3332 2419 3387; x_wconf 80' lang='lat' dir='ltr'>adducere</span> <span class='ocrx_word' id='word_1_430' title='bbox 2468 3350 2530 3387; x_wconf 86' lang='lat' dir='ltr'>se</span> <span class='ocrx_word' id='word_1_431' title='bbox 2573 3331 2859 3387; x_wconf 86' lang='lat' dir='ltr'>auxilium</span> <span class='ocrx_word' id='word_1_432' title='bbox 2914 3332 3295 3404; x_wconf 63' lang='lat' dir='ltr'>praevalidum</span> <span class='ocrx_word' id='word_1_433' title='bbox 3351 3348 3483 3388; x_wconf 83' lang='lat' dir='ltr'>mox</span> <span class='ocrx_word' id='word_1_434' title='bbox 3534 3348 3795 3403; x_wconf 81' lang='lat' dir='ltr'>moxque</span> 
     </span>
    </p>
   </div>
   <div class='ocr_carea' id='block_1_63' title="bbox 362 3409 2017 3490">
    <p class='ocr_par' dir='ltr' id='par_1_63' title="bbox 362 3409 2017 3490">
     <span class='ocr_line' id='line_1_63' title="bbox 362 3409 2017 3490; baseline 0.007 -28"><span class='ocrx_word' id='word_1_435' title='bbox 362 3409 594 3463; x_wconf 84' lang='lat' dir='ltr'>mittere</span> <span class='ocrx_word' id='word_1_436' title='bbox 618 3410 742 3479; x_wconf 87' lang='lat' dir='ltr'>jam</span> <span class='ocrx_word' id='word_1_437' title='bbox 778 3416 1048 3481; x_wconf 73' lang='lat' dir='ltr'>cmperat,</span> <span class='ocrx_word' id='word_1_438' title='bbox 1079 3414 1375 3484; x_wconf 81' lang='lat' dir='ltr'>excipiens</span> <span class='ocrx_word' id='word_1_439' title='bbox 1421 3418 1676 3488; x_wconf 87' lang='lat' dir='ltr'>primum</span> <span class='ocrx_word' id='word_1_440' title='bbox 1735 3420 2017 3490; x_wconf 86' lang='lat' dir='ltr'>impetum</span> 
     </span>
    </p>
   </div>
   <div class='ocr_carea' id='block_1_64' title="bbox 365 3497 2021 3563">
    <p class='ocr_par' dir='ltr' id='par_1_64' title="bbox 365 3497 2021 3563">
     <span class='ocr_line' id='line_1_64' title="bbox 365 3497 2021 3563; baseline 0.007 -12"><span class='ocrx_word' id='word_1_441' title='bbox 365 3497 722 3553; x_wconf 85' lang='lat' dir='ltr'>irruentium</span> <span class='ocrx_word' id='word_1_442' title='bbox 754 3500 805 3553; x_wconf 88' lang='lat' dir='ltr'>vi</span> <span class='ocrx_word' id='word_1_443' title='bbox 852 3517 1087 3556; x_wconf 89' lang='lat' dir='ltr'>summa</span> <span class='ocrx_word' id='word_1_444' title='bbox 1140 3502 1504 3560; x_wconf 85' lang='lat' dir='ltr'>Latinorum.</span> <span class='ocrx_word' id='word_1_445' title='bbox 1555 3512 1617 3562; x_wconf 92' lang='lat' dir='ltr'>In</span> <span class='ocrx_word' id='word_1_446' title='bbox 1680 3508 1773 3562; x_wconf 89' lang='lat' dir='ltr'>his</span> <span class='ocrx_word' id='word_1_447' title='bbox 1822 3510 2021 3563; x_wconf 90' lang='lat' dir='ltr'>decem</span> 
     </span>
    </p>
   </div>
   <div class='ocr_carea' id='block_1_65' title="bbox 366 3587 2024 3668">
    <p class='ocr_par' dir='ltr' id='par_1_65' title="bbox 366 3587 2024 3668">
     <span class='ocr_line' id='line_1_65' title="bbox 366 3587 2024 3668; baseline 0.008 -27"><span class='ocrx_word' id='word_1_448' title='bbox 366 3587 590 3642; x_wconf 87' lang='lat' dir='ltr'>nostris</span> <span class='ocrx_word' id='word_1_449' title='bbox 624 3588 896 3659; x_wconf 87' lang='lat' dir='ltr'>princeps</span> <span class='ocrx_word' id='word_1_450' title='bbox 921 3596 1045 3645; x_wconf 88' lang='lat' dir='ltr'>erat</span> <span class='ocrx_word' id='word_1_451' title='bbox 1077 3590 1204 3661; x_wconf 89' lang='lat' dir='ltr'>ipsa</span> <span class='ocrx_word' id='word_1_452' title='bbox 1237 3596 1522 3665; x_wconf 63' lang='lat' dir='ltr'>praetoria,</span> <span class='ocrx_word' id='word_1_453' title='bbox 1558 3614 1673 3668; x_wconf 91' lang='lat' dir='ltr'>qua</span> <span class='ocrx_word' id='word_1_454' title='bbox 1705 3599 2024 3654; x_wconf 88' lang='lat' dir='ltr'>vehebatur</span> 
     </span>
    </p>
   </div>
   <div class='ocr_carea' id='block_1_66' title="bbox 364 3676 2024 3760">
    <p class='ocr_par' dir='ltr' id='par_1_66' title="bbox 364 3676 2024 3760">
     <span class='ocr_line' id='line_1_66' title="bbox 364 3676 2024 3760; baseline 0.009 -30"><span class='ocrx_word' id='word_1_455' title='bbox 364 3676 905 3747; x_wconf 88' lang='lat' dir='ltr'>Pbilanthropenus</span> <span class='ocrx_word' id='word_1_456' title='bbox 932 3686 1336 3750; x_wconf 88' lang='lat' dir='ltr'>protostrator,</span> <span class='ocrx_word' id='word_1_457' title='bbox 1358 3686 1511 3741; x_wconf 90' lang='lat' dir='ltr'>unde</span> <span class='ocrx_word' id='word_1_458' title='bbox 1528 3692 1782 3743; x_wconf 90' lang='lat' dir='ltr'>erectum</span> <span class='ocrx_word' id='word_1_459' title='bbox 1810 3691 2024 3760; x_wconf 91' lang='lat' dir='ltr'>promi-</span> 
     </span>
    </p>
   </div>
   <div class='ocr_carea' id='block_1_67' title="bbox 369 3766 2018 3853">
    <p class='ocr_par' dir='ltr' id='par_1_67' title="bbox 369 3766 2018 3853">
     <span class='ocr_line' id='line_1_67' title="bbox 369 3766 2018 3853; baseline 0.009 -31"><span class='ocrx_word' id='word_1_460' title='bbox 369 3766 543 3822; x_wconf 88' lang='lat' dir='ltr'>nebat</span> <span class='ocrx_word' id='word_1_461' title='bbox 576 3768 647 3821; x_wconf 92' lang='lat' dir='ltr'>de</span> <span class='ocrx_word' id='word_1_462' title='bbox 680 3784 842 3822; x_wconf 92' lang='lat' dir='ltr'>more</span> <span class='ocrx_word' id='word_1_463' title='bbox 874 3770 989 3825; x_wconf 88' lang='lat' dir='ltr'>alte</span> <span class='ocrx_word' id='word_1_464' title='bbox 1020 3774 1402 3845; x_wconf 85' lang='lat' dir='ltr'>conspicuum</span> <span class='ocrx_word' id='word_1_465' title='bbox 1439 3783 1730 3849; x_wconf 79' lang='lat' dir='ltr'>sceptrum</span> <span class='ocrx_word' id='word_1_466' title='bbox 1766 3780 2018 3853; x_wconf 89' lang='lat' dir='ltr'>imperii.</span> 
     </span>
    </p>
   </div>
   <div class='ocr_carea' id='block_1_68' title="bbox 371 3854 2019 3935">
    <p class='ocr_par' dir='ltr' id='par_1_68' title="bbox 371 3854 2019 3935">
     <span class='ocr_line' id='line_1_68' title="bbox 371 3854 2019 3935; baseline 0.011 -26"><span class='ocrx_word' id='word_1_467' title='bbox 371 3854 453 3909; x_wconf 81' lang='lat' dir='ltr'>Ea</span> <span class='ocrx_word' id='word_1_468' title='bbox 506 3856 772 3927; x_wconf 82' lang='lat' dir='ltr'>expedito</span> <span class='ocrx_word' id='word_1_469' title='bbox 796 3862 928 3914; x_wconf 87' lang='lat' dir='ltr'>ante</span> <span class='ocrx_word' id='word_1_470' title='bbox 952 3877 1156 3918; x_wconf 89' lang='lat' dir='ltr'>omnes</span> <span class='ocrx_word' id='word_1_471' title='bbox 1180 3881 1461 3935; x_wconf 83' lang='lat' dir='ltr'>procursu</span> <span class='ocrx_word' id='word_1_472' title='bbox 1488 3868 1803 3925; x_wconf 82' lang='lat' dir='ltr'>miscuerat</span> <span class='ocrx_word' id='word_1_473' title='bbox 1826 3888 1886 3925; x_wconf 90' lang='lat' dir='ltr'>se</span> <span class='ocrx_word' id='word_1_474' title='bbox 1916 3872 2019 3926; x_wconf 85' lang='lat' dir='ltr'>ho-</span> 
     </span>
    </p>
   </div>
   <div class='ocr_carea' id='block_1_69' title="bbox 375 3944 2018 4031">
    <p class='ocr_par' dir='ltr' id='par_1_69' title="bbox 375 3944 2018 4031">
     <span class='ocr_line' id='line_1_69' title="bbox 375 3944 2018 4031; baseline 0.01 -32"><span class='ocrx_word' id='word_1_475' title='bbox 375 3944 568 3999; x_wconf 88' lang='lat' dir='ltr'>stibus</span> <span class='ocrx_word' id='word_1_476' title='bbox 601 3950 957 4019; x_wconf 89' lang='lat' dir='ltr'>strenueque</span> <span class='ocrx_word' id='word_1_477' title='bbox 989 3951 1706 4023; x_wconf 86' lang='lat' dir='ltr'>dimicabat,imitantibus</span> <span class='ocrx_word' id='word_1_478' title='bbox 1735 3976 1837 4031; x_wconf 90' lang='lat' dir='ltr'>pro</span> <span class='ocrx_word' id='word_1_479' title='bbox 1868 3962 2018 4016; x_wconf 86' lang='lat' dir='ltr'>virili</span> 
     </span>
    </p>
   </div>
   <div class='ocr_carea' id='block_1_70' title="bbox 372 4036 2021 4106">
    <p class='ocr_par' dir='ltr' id='par_1_70' title="bbox 372 4036 2021 4106">
     <span class='ocr_line' id='line_1_70' title="bbox 372 4036 2021 4106; baseline 0.011 -18"><span class='ocrx_word' id='word_1_480' title='bbox 372 4050 578 4089; x_wconf 91' lang='lat' dir='ltr'>novem</span> <span class='ocrx_word' id='word_1_481' title='bbox 614 4036 857 4093; x_wconf 74' lang='lat' dir='ltr'>caeteris.</span> <span class='ocrx_word' id='word_1_482' title='bbox 894 4042 1110 4095; x_wconf 86' lang='lat' dir='ltr'>Verum</span> <span class='ocrx_word' id='word_1_483' title='bbox 1145 4059 1273 4097; x_wconf 89' lang='lat' dir='ltr'>cum</span> <span class='ocrx_word' id='word_1_484' title='bbox 1309 4044 1364 4098; x_wconf 90' lang='lat' dir='ltr'>in</span> <span class='ocrx_word' id='word_1_485' title='bbox 1415 4063 1592 4101; x_wconf 88' lang='lat' dir='ltr'>unam</span> <span class='ocrx_word' id='word_1_486' title='bbox 1645 4048 1805 4103; x_wconf 88' lang='lat' dir='ltr'>illam</span> <span class='ocrx_word' id='word_1_487' title='bbox 1861 4056 2021 4106; x_wconf 83' lang='lat' dir='ltr'>extra</span> 
     </span>
    </p>
   </div>
   <div class='ocr_carea' id='block_1_71' title="bbox 368 4123 2016 4201">
    <p class='ocr_par' dir='ltr' id='par_1_71' title="bbox 368 4123 2016 4201">
     <span class='ocr_line' id='line_1_71' title="bbox 368 4123 2016 4201; baseline 0.011 -22"><span class='ocrx_word' id='word_1_488' title='bbox 368 4123 634 4179; x_wconf 90' lang='lat' dir='ltr'>ordinem</span> <span class='ocrx_word' id='word_1_489' title='bbox 669 4131 921 4182; x_wconf 88' lang='lat' dir='ltr'>evectam</span> <span class='ocrx_word' id='word_1_490' title='bbox 959 4130 1220 4201; x_wconf 86' lang='lat' dir='ltr'>undique</span> <span class='ocrx_word' id='word_1_491' title='bbox 1254 4133 1441 4190; x_wconf 90' lang='lat' dir='ltr'>Latini</span> <span class='ocrx_word' id='word_1_492' title='bbox 1476 4139 1798 4195; x_wconf 85' lang='lat' dir='ltr'>coorientes</span> <span class='ocrx_word' id='word_1_493' title='bbox 1843 4158 2016 4197; x_wconf 89' lang='lat' dir='ltr'>cona-</span> 
     </span>
    </p>
   </div>
   <div class='ocr_carea' id='block_1_72' title="bbox 365 4211 2016 4301">
    <p class='ocr_par' dir='ltr' id='par_1_72' title="bbox 365 4211 2016 4301">
     <span class='ocr_line' id='line_1_72' title="bbox 365 4211 2016 4301; baseline 0.013 -36"><span class='ocrx_word' id='word_1_494' title='bbox 365 4211 527 4267; x_wconf 86' lang='lat' dir='ltr'>tibus</span> <span class='ocrx_word' id='word_1_495' title='bbox 550 4230 651 4284; x_wconf 84' lang='lat' dir='ltr'>prn</span> <span class='ocrx_word' id='word_1_496' title='bbox 676 4230 737 4268; x_wconf 92' lang='lat' dir='ltr'>se</span> <span class='ocrx_word' id='word_1_497' title='bbox 762 4215 1011 4287; x_wconf 88' lang='lat' dir='ltr'>quisque</span> <span class='ocrx_word' id='word_1_498' title='bbox 1033 4219 1569 4282; x_wconf 87' lang='lat' dir='ltr'>vebementissimis</span> <span class='ocrx_word' id='word_1_499' title='bbox 1602 4229 2016 4301; x_wconf 89' lang='lat' dir='ltr'>irrumperent,</span> 
     </span>
    </p>
   </div>
   <div class='ocr_carea' id='block_1_73' title="bbox 365 4303 2016 4383">
    <p class='ocr_par' dir='ltr' id='par_1_73' title="bbox 365 4303 2016 4383">
     <span class='ocr_line' id='line_1_73' title="bbox 365 4303 2016 4383; baseline 0.012 -28"><span class='ocrx_word' id='word_1_500' title='bbox 365 4318 479 4356; x_wconf 91' lang='lat' dir='ltr'>non</span> <span class='ocrx_word' id='word_1_501' title='bbox 512 4303 795 4357; x_wconf 88' lang='lat' dir='ltr'>sustinuit</span> <span class='ocrx_word' id='word_1_502' title='bbox 838 4305 953 4359; x_wconf 90' lang='lat' dir='ltr'>vim</span> <span class='ocrx_word' id='word_1_503' title='bbox 1006 4313 1261 4363; x_wconf 88' lang='lat' dir='ltr'>atrocem</span> <span class='ocrx_word' id='word_1_504' title='bbox 1313 4313 1381 4367; x_wconf 85' lang='lat' dir='ltr'>ad</span> <span class='ocrx_word' id='word_1_505' title='bbox 1434 4324 1778 4383; x_wconf 80' lang='lat' dir='ltr'>extremum,</span> <span class='ocrx_word' id='word_1_506' title='bbox 1829 4321 2016 4375; x_wconf 88' lang='lat' dir='ltr'>admi-</span> 
     </span>
    </p>
   </div>
   <div class='ocr_carea' id='block_1_74' title="bbox 364 4391 2015 4467">
    <p class='ocr_par' dir='ltr' id='par_1_74' title="bbox 364 4391 2015 4467">
     <span class='ocr_line' id='line_1_74' title="bbox 364 4391 2015 4467; baseline 0.012 -23"><span class='ocrx_word' id='word_1_507' title='bbox 364 4391 645 4463; x_wconf 89' lang='lat' dir='ltr'>misitque</span> <span class='ocrx_word' id='word_1_508' title='bbox 695 4392 965 4460; x_wconf 89' lang='lat' dir='ltr'>victores,</span> <span class='ocrx_word' id='word_1_509' title='bbox 1023 4399 1121 4467; x_wconf 90' lang='lat' dir='ltr'>qui</span> <span class='ocrx_word' id='word_1_510' title='bbox 1174 4398 1413 4457; x_wconf 89' lang='lat' dir='ltr'>eluctati</span> <span class='ocrx_word' id='word_1_511' title='bbox 1446 4410 1836 4464; x_wconf 85' lang='lat' dir='ltr'>constantiam</span> <span class='ocrx_word' id='word_1_512' title='bbox 1876 4412 2015 4466; x_wconf 87' lang='lat' dir='ltr'>resi-</span> 
     </span>
    </p>
   </div>
   <div class='ocr_carea' id='block_1_75' title="bbox 362 4481 2015 4560">
    <p class='ocr_par' dir='ltr' id='par_1_75' title="bbox 362 4481 2015 4560">
     <span class='ocr_line' id='line_1_75' title="bbox 362 4481 2015 4560; baseline 0.013 -25"><span class='ocrx_word' id='word_1_513' title='bbox 362 4481 645 4535; x_wconf 87' lang='lat' dir='ltr'>stentium</span> <span class='ocrx_word' id='word_1_514' title='bbox 701 4482 1020 4540; x_wconf 83' lang='lat' dir='ltr'>fortissime</span> <span class='ocrx_word' id='word_1_515' title='bbox 1052 4492 1783 4560; x_wconf 86' lang='lat' dir='ltr'>nostrorum,trucidantes</span> <span class='ocrx_word' id='word_1_516' title='bbox 1815 4501 2015 4555; x_wconf 83' lang='lat' dir='ltr'>adver-</span> 
     </span>
    </p>
   </div>
   <div class='ocr_carea' id='block_1_76' title="bbox 360 4568 2016 4645">
    <p class='ocr_par' dir='ltr' id='par_1_76' title="bbox 360 4568 2016 4645">
     <span class='ocr_line' id='line_1_76' title="bbox 360 4568 2016 4645; baseline 0.013 -21"><span class='ocrx_word' id='word_1_517' title='bbox 360 4568 828 4639; x_wconf 81' lang='lat' dir='ltr'>sos,dejicientes</span> <span class='ocrx_word' id='word_1_518' title='bbox 862 4571 1484 4641; x_wconf 87' lang='lat' dir='ltr'>obvios,miserabilem</span> <span class='ocrx_word' id='word_1_519' title='bbox 1518 4585 1830 4643; x_wconf 81' lang='lat' dir='ltr'>ediderunt</span> <span class='ocrx_word' id='word_1_520' title='bbox 1859 4593 2016 4645; x_wconf 84' lang='lat' dir='ltr'>stra-</span> 
     </span>
    </p>
   </div>
   <div class='ocr_carea' id='block_1_77' title="bbox 360 4659 2012 4749">
    <p class='ocr_par' dir='ltr' id='par_1_77' title="bbox 360 4659 2012 4749">
     <span class='ocr_line' id='line_1_77' title="bbox 360 4659 2012 4749; baseline 0.013 -36"><span class='ocrx_word' id='word_1_521' title='bbox 360 4673 515 4731; x_wconf 87' lang='lat' dir='ltr'>gem.</span> <span class='ocrx_word' id='word_1_522' title='bbox 547 4659 712 4749; x_wconf 87' lang='lat' dir='ltr'>Tunc</span> <span class='ocrx_word' id='word_1_523' title='bbox 759 4661 975 4717; x_wconf 91' lang='lat' dir='ltr'>multos</span> <span class='ocrx_word' id='word_1_524' title='bbox 1023 4667 1358 4737; x_wconf 88' lang='lat' dir='ltr'>absumpsit</span> <span class='ocrx_word' id='word_1_525' title='bbox 1404 4675 1705 4732; x_wconf 85' lang='lat' dir='ltr'>confossos</span> <span class='ocrx_word' id='word_1_526' title='bbox 1756 4677 2012 4749; x_wconf 86' lang='lat' dir='ltr'>gladius,</span> 
     </span>
    </p>
   </div>
   <div class='ocr_carea' id='block_1_78' title="bbox 2131 3420 3795 3493">
    <p class='ocr_par' dir='ltr' id='par_1_78' title="bbox 2131 3420 3795 3493">
     <span class='ocr_line' id='line_1_78' title="bbox 2131 3420 3795 3493; baseline 0.001 -18"><span class='ocrx_word' id='word_1_527' title='bbox 2131 3421 2500 3478; x_wconf 86' lang='lat' dir='ltr'>adfuturum.</span> <span class='ocrx_word' id='word_1_528' title='bbox 2536 3422 2595 3475; x_wconf 93' lang='lat' dir='ltr'>Id</span> <span class='ocrx_word' id='word_1_529' title='bbox 2630 3422 2922 3477; x_wconf 86' lang='lat' dir='ltr'>enimvero</span> <span class='ocrx_word' id='word_1_530' title='bbox 2972 3421 3291 3493; x_wconf 90' lang='lat' dir='ltr'>plurimum</span> <span class='ocrx_word' id='word_1_531' title='bbox 3340 3420 3540 3478; x_wconf 88' lang='lat' dir='ltr'>valuit.</span> <span class='ocrx_word' id='word_1_532' title='bbox 3593 3420 3795 3477; x_wconf 85' lang='lat' dir='ltr'>Nostri</span> 
     </span>
    </p>
   </div>
   <div class='ocr_carea' id='block_1_79' title="bbox 2133 3509 3794 3583">
    <p class='ocr_par' dir='ltr' id='par_1_79' title="bbox 2133 3509 3794 3583">
     <span class='ocr_line' id='line_1_79' title="bbox 2133 3509 3794 3583; baseline 0.001 -19"><span class='ocrx_word' id='word_1_533' title='bbox 2133 3509 2348 3565; x_wconf 74' lang='lat' dir='ltr'>milites</span> <span class='ocrx_word' id='word_1_534' title='bbox 2397 3529 2429 3565; x_wconf 90' lang='lat' dir='ltr'>a</span> <span class='ocrx_word' id='word_1_535' title='bbox 2480 3516 2614 3565; x_wconf 90' lang='lat' dir='ltr'>nota</span> <span class='ocrx_word' id='word_1_536' title='bbox 2668 3513 2823 3566; x_wconf 76' lang='lat'>834</span> <span class='ocrx_word' id='word_1_537' title='bbox 2868 3513 3011 3567; x_wconf 84' lang='lat' dir='ltr'>facie</span> <span class='ocrx_word' id='word_1_538' title='bbox 3060 3528 3127 3566; x_wconf 90' lang='lat' dir='ltr'>ae</span> <span class='ocrx_word' id='word_1_539' title='bbox 3170 3528 3307 3567; x_wconf 92' lang='lat' dir='ltr'>voce</span> <span class='ocrx_word' id='word_1_540' title='bbox 3338 3512 3505 3566; x_wconf 89' lang='lat' dir='ltr'>novis</span> <span class='ocrx_word' id='word_1_541' title='bbox 3536 3512 3794 3583; x_wconf 86' lang='lat' dir='ltr'>receptis</span> 
     </span>
    </p>
   </div>
   <div class='ocr_carea' id='block_1_80' title="bbox 2131 3598 3795 3671">
    <p class='ocr_par' dir='ltr' id='par_1_80' title="bbox 2131 3598 3795 3671">
     <span class='ocr_line' id='line_1_80' title="bbox 2131 3598 3795 3671; baseline 0.001 -18"><span class='ocrx_word' id='word_1_542' title='bbox 2131 3598 2371 3666; x_wconf 89' lang='lat' dir='ltr'>animis,</span> <span class='ocrx_word' id='word_1_543' title='bbox 2406 3600 2595 3653; x_wconf 91' lang='lat' dir='ltr'>instar</span> <span class='ocrx_word' id='word_1_544' title='bbox 2624 3600 3031 3671; x_wconf 90' lang='lat' dir='ltr'>aprorum,qui</span> <span class='ocrx_word' id='word_1_545' title='bbox 3063 3600 3449 3656; x_wconf 89' lang='lat' dir='ltr'>circumventi</span> <span class='ocrx_word' id='word_1_546' title='bbox 3482 3598 3795 3655; x_wconf 83' lang='lat' dir='ltr'>venabulis</span> 
     </span>
    </p>
   </div>
   <div class='ocr_carea' id='block_1_81' title="bbox 2131 3688 3793 3760">
    <p class='ocr_par' dir='ltr' id='par_1_81' title="bbox 2131 3688 3793 3760">
     <span class='ocr_line' id='line_1_81' title="bbox 2131 3688 3793 3760; baseline 0.002 -20"><span class='ocrx_word' id='word_1_547' title='bbox 2131 3688 2187 3741; x_wconf 91' lang='lat' dir='ltr'>in</span> <span class='ocrx_word' id='word_1_548' title='bbox 2224 3690 2351 3759; x_wconf 85' lang='lat' dir='ltr'>ipsa</span> <span class='ocrx_word' id='word_1_549' title='bbox 2381 3695 2567 3743; x_wconf 89' lang='lat' dir='ltr'>morte</span> <span class='ocrx_word' id='word_1_550' title='bbox 2599 3689 2792 3743; x_wconf 90' lang='lat' dir='ltr'>dirum</span> <span class='ocrx_word' id='word_1_551' title='bbox 2827 3690 3294 3753; x_wconf 85' lang='lat' dir='ltr'>frendent,haud</span> <span class='ocrx_word' id='word_1_552' title='bbox 3332 3691 3573 3760; x_wconf 87' lang='lat' dir='ltr'>impune</span> <span class='ocrx_word' id='word_1_553' title='bbox 3604 3688 3793 3744; x_wconf 88' lang='lat' dir='ltr'>truci-</span> 
     </span>
    </p>
   </div>
   <div class='ocr_carea' id='block_1_82' title="bbox 2130 3777 3793 3850">
    <p class='ocr_par' dir='ltr' id='par_1_82' title="bbox 2130 3777 3793 3850">
     <span class='ocr_line' id='line_1_82' title="bbox 2130 3777 3793 3850; baseline 0.002 -19"><span class='ocrx_word' id='word_1_554' title='bbox 2130 3777 2443 3832; x_wconf 89' lang='lat' dir='ltr'>dabantur.</span> <span class='ocrx_word' id='word_1_555' title='bbox 2482 3778 2718 3833; x_wconf 84' lang='lat' dir='ltr'>Interim</span> <span class='ocrx_word' id='word_1_556' title='bbox 2752 3779 2825 3833; x_wconf 90' lang='lat' dir='ltr'>iis</span> <span class='ocrx_word' id='word_1_557' title='bbox 2858 3778 3123 3834; x_wconf 90' lang='lat' dir='ltr'>subsidio</span> <span class='ocrx_word' id='word_1_558' title='bbox 3156 3780 3421 3850; x_wconf 85' lang='lat' dir='ltr'>despota,</span> <span class='ocrx_word' id='word_1_559' title='bbox 3456 3777 3793 3850; x_wconf 87' lang='lat' dir='ltr'>piscatoriis</span> 
     </span>
    </p>
   </div>
   <div class='ocr_carea' id='block_1_83' title="bbox 2132 3866 3795 3940">
    <p class='ocr_par' dir='ltr' id='par_1_83' title="bbox 2132 3866 3795 3940">
     <span class='ocr_line' id='line_1_83' title="bbox 2132 3866 3795 3940; baseline 0.002 -21"><span class='ocrx_word' id='word_1_560' title='bbox 2132 3866 2275 3921; x_wconf 87' lang='lat' dir='ltr'>forte</span> <span class='ocrx_word' id='word_1_561' title='bbox 2306 3867 2591 3923; x_wconf 84' lang='lat' dir='ltr'>naviculis</span> <span class='ocrx_word' id='word_1_562' title='bbox 2625 3868 2894 3940; x_wconf 85' lang='lat' dir='ltr'>repertis,</span> <span class='ocrx_word' id='word_1_563' title='bbox 2924 3868 3100 3922; x_wconf 75' lang='lat' dir='ltr'>lectos</span> <span class='ocrx_word' id='word_1_564' title='bbox 3132 3866 3481 3923; x_wconf 87' lang='lat' dir='ltr'>bellatorum</span> <span class='ocrx_word' id='word_1_565' title='bbox 3518 3867 3795 3939; x_wconf 86' lang='lat' dir='ltr'>manipu-</span> 
     </span>
    </p>
   </div>
   <div class='ocr_carea' id='block_1_84' title="bbox 2128 3956 3789 4030">
    <p class='ocr_par' dir='ltr' id='par_1_84' title="bbox 2128 3956 3789 4030">
     <span class='ocr_line' id='line_1_84' title="bbox 2128 3956 3789 4030; baseline 0.001 -20"><span class='ocrx_word' id='word_1_566' title='bbox 2128 3956 2216 4011; x_wconf 94' lang='lat' dir='ltr'>los</span> <span class='ocrx_word' id='word_1_567' title='bbox 2244 3959 2625 4025; x_wconf 88' lang='lat' dir='ltr'>submittere;</span> <span class='ocrx_word' id='word_1_568' title='bbox 2660 3957 2900 4012; x_wconf 90' lang='lat' dir='ltr'>vocibus</span> <span class='ocrx_word' id='word_1_569' title='bbox 2946 3958 3167 4030; x_wconf 87' lang='lat' dir='ltr'>pariter</span> <span class='ocrx_word' id='word_1_570' title='bbox 3214 3962 3270 4013; x_wconf 87' lang='lat' dir='ltr'>et</span> <span class='ocrx_word' id='word_1_571' title='bbox 3324 3958 3504 4028; x_wconf 81' lang='lat' dir='ltr'>signis</span> <span class='ocrx_word' id='word_1_572' title='bbox 3554 3957 3789 4030; x_wconf 90' lang='lat' dir='ltr'>procul,</span> 
     </span>
    </p>
   </div>
   <div class='ocr_carea' id='block_1_85' title="bbox 2131 4046 3787 4118">
    <p class='ocr_par' dir='ltr' id='par_1_85' title="bbox 2131 4046 3787 4118">
     <span class='ocr_line' id='line_1_85' title="bbox 2131 4046 3787 4118; baseline 0 -17"><span class='ocrx_word' id='word_1_573' title='bbox 2131 4051 2193 4102; x_wconf 90' lang='lat' dir='ltr'>ut</span> <span class='ocrx_word' id='word_1_574' title='bbox 2226 4046 2787 4118; x_wconf 81' lang='lat' dir='ltr'>ccnperat,animare;</span> <span class='ocrx_word' id='word_1_575' title='bbox 2815 4048 3108 4103; x_wconf 88' lang='lat' dir='ltr'>concitare</span> <span class='ocrx_word' id='word_1_576' title='bbox 3140 4047 3199 4102; x_wconf 93' lang='lat' dir='ltr'>in</span> <span class='ocrx_word' id='word_1_577' title='bbox 3236 4046 3543 4112; x_wconf 73' lang='lat' dir='ltr'>ultionem,</span> <span class='ocrx_word' id='word_1_578' title='bbox 3575 4048 3787 4103; x_wconf 89' lang='lat' dir='ltr'>admo-</span> 
     </span>
    </p>
   </div>
   <div class='ocr_carea' id='block_1_86' title="bbox 2128 4134 3786 4209">
    <p class='ocr_par' dir='ltr' id='par_1_86' title="bbox 2128 4134 3786 4209">
     <span class='ocr_line' id='line_1_86' title="bbox 2128 4134 3786 4209; baseline 0.001 -18"><span class='ocrx_word' id='word_1_579' title='bbox 2128 4152 2265 4192; x_wconf 91' lang='lat' dir='ltr'>nere</span> <span class='ocrx_word' id='word_1_580' title='bbox 2296 4134 2573 4191; x_wconf 90' lang='lat' dir='ltr'>ultimum</span> <span class='ocrx_word' id='word_1_581' title='bbox 2609 4136 2663 4191; x_wconf 92' lang='lat' dir='ltr'>id</span> <span class='ocrx_word' id='word_1_582' title='bbox 2702 4141 2934 4209; x_wconf 88' lang='lat' dir='ltr'>tempus</span> <span class='ocrx_word' id='word_1_583' title='bbox 2986 4138 3105 4193; x_wconf 85' lang='lat' dir='ltr'>tore</span> <span class='ocrx_word' id='word_1_584' title='bbox 3155 4137 3453 4193; x_wconf 64' lang='lat' dir='ltr'>servanda:</span> <span class='ocrx_word' id='word_1_585' title='bbox 3504 4136 3786 4192; x_wconf 76' lang='lat' dir='ltr'>Romanas</span> 
     </span>
    </p>
   </div>
   <div class='ocr_carea' id='block_1_87' title="bbox 2128 4225 3785 4297">
    <p class='ocr_par' dir='ltr' id='par_1_87' title="bbox 2128 4225 3785 4297">
     <span class='ocr_line' id='line_1_87' title="bbox 2128 4225 3785 4297; baseline 0.001 -18"><span class='ocrx_word' id='word_1_586' title='bbox 2128 4226 2232 4295; x_wconf 91' lang='lat' dir='ltr'>rei,</span> <span class='ocrx_word' id='word_1_587' title='bbox 2284 4225 2437 4280; x_wconf 88' lang='lat' dir='ltr'>haud</span> <span class='ocrx_word' id='word_1_588' title='bbox 2489 4225 2665 4279; x_wconf 91' lang='lat' dir='ltr'>dubie</span> <span class='ocrx_word' id='word_1_589' title='bbox 2717 4226 3011 4297; x_wconf 68' lang='lat' dir='ltr'>periturae,</span> <span class='ocrx_word' id='word_1_590' title='bbox 3063 4226 3111 4281; x_wconf 88' lang='lat' dir='ltr'>si</span> <span class='ocrx_word' id='word_1_591' title='bbox 3162 4226 3470 4282; x_wconf 77' lang='lat' dir='ltr'>offensioni</span> <span class='ocrx_word' id='word_1_592' title='bbox 3518 4227 3785 4281; x_wconf 85' lang='lat' dir='ltr'>terrestri</span> 
     </span>
    </p>
   </div>
   <div class='ocr_carea' id='block_1_88' title="bbox 2126 4313 3787 4386">
    <p class='ocr_par' dir='ltr' id='par_1_88' title="bbox 2126 4313 3787 4386">
     <span class='ocr_line' id='line_1_88' title="bbox 2126 4313 3787 4386; baseline 0.002 -19"><span class='ocrx_word' id='word_1_593' title='bbox 2126 4313 2322 4369; x_wconf 89' lang='lat' dir='ltr'>clades</span> <span class='ocrx_word' id='word_1_594' title='bbox 2382 4313 2681 4369; x_wconf 88' lang='lat' dir='ltr'>maritima</span> <span class='ocrx_word' id='word_1_595' title='bbox 2738 4316 3133 4386; x_wconf 88' lang='lat' dir='ltr'>superveniat.</span> <span class='ocrx_word' id='word_1_596' title='bbox 3185 4315 3315 4370; x_wconf 65' lang='lat' dir='ltr'>Haac</span> <span class='ocrx_word' id='word_1_597' title='bbox 3365 4314 3787 4371; x_wconf 87' lang='lat' dir='ltr'>ardentissime</span> 
     </span>
    </p>
   </div>
   <div class='ocr_carea' id='block_1_89' title="bbox 2126 4402 3787 4475">
    <p class='ocr_par' dir='ltr' id='par_1_89' title="bbox 2126 4402 3787 4475">
     <span class='ocr_line' id='line_1_89' title="bbox 2126 4402 3787 4475; baseline 0.002 -18"><span class='ocrx_word' id='word_1_598' title='bbox 2126 4419 2308 4474; x_wconf 85' lang='lat' dir='ltr'>agens</span> <span class='ocrx_word' id='word_1_599' title='bbox 2372 4402 2529 4470; x_wconf 90' lang='lat' dir='ltr'>licet,</span> <span class='ocrx_word' id='word_1_600' title='bbox 2598 4420 2809 4475; x_wconf 90' lang='lat' dir='ltr'>parum</span> <span class='ocrx_word' id='word_1_601' title='bbox 2877 4404 3219 4475; x_wconf 82' lang='lat' dir='ltr'>proﬁciebat</span> <span class='ocrx_word' id='word_1_602' title='bbox 3276 4421 3290 4459; x_wconf 92' lang='lat'><strong>:</strong></span> <span class='ocrx_word' id='word_1_603' title='bbox 3360 4403 3787 4460; x_wconf 83' lang='lat' dir='ltr'>intendebatur</span> 
     </span>
    </p>
   </div>
   <div class='ocr_carea' id='block_1_90' title="bbox 2124 4492 3785 4565">
    <p class='ocr_par' dir='ltr' id='par_1_90' title="bbox 2124 4492 3785 4565">
     <span class='ocr_line' id='line_1_90' title="bbox 2124 4492 3785 4565; baseline 0.002 -19"><span class='ocrx_word' id='word_1_604' title='bbox 2124 4493 2280 4547; x_wconf 92' lang='lat' dir='ltr'>enim</span> <span class='ocrx_word' id='word_1_605' title='bbox 2318 4492 2668 4564; x_wconf 88' lang='lat' dir='ltr'>periculum,</span> <span class='ocrx_word' id='word_1_606' title='bbox 2701 4499 2757 4548; x_wconf 88' lang='lat' dir='ltr'>et</span> <span class='ocrx_word' id='word_1_607' title='bbox 2786 4510 2988 4565; x_wconf 89' lang='lat' dir='ltr'>parum</span> <span class='ocrx_word' id='word_1_608' title='bbox 3023 4511 3055 4549; x_wconf 90' lang='lat' dir='ltr'>a</span> <span class='ocrx_word' id='word_1_609' title='bbox 3104 4492 3471 4549; x_wconf 78' lang='lat' dir='ltr'>conclamata</span> <span class='ocrx_word' id='word_1_610' title='bbox 3520 4493 3785 4564; x_wconf 89' lang='lat' dir='ltr'>pernicie</span> 
     </span>
    </p>
   </div>
   <div class='ocr_carea' id='block_1_91' title="bbox 2126 4582 3785 4656">
    <p class='ocr_par' dir='ltr' id='par_1_91' title="bbox 2126 4582 3785 4656">
     <span class='ocr_line' id='line_1_91' title="bbox 2126 4582 3785 4656; baseline 0.002 -20"><span class='ocrx_word' id='word_1_611' title='bbox 2126 4598 2219 4638; x_wconf 88' lang='lat' dir='ltr'>res</span> <span class='ocrx_word' id='word_1_612' title='bbox 2270 4583 2491 4638; x_wconf 84' lang='lat' dir='ltr'>aberat.</span> <span class='ocrx_word' id='word_1_613' title='bbox 2542 4582 2645 4638; x_wconf 93' lang='lat' dir='ltr'>Ille</span> <span class='ocrx_word' id='word_1_614' title='bbox 2691 4582 3065 4656; x_wconf 80' lang='lat' dir='ltr'>conSpicatus</span> <span class='ocrx_word' id='word_1_615' title='bbox 3105 4583 3297 4655; x_wconf 80' lang='lat' dir='ltr'>magis</span> <span class='ocrx_word' id='word_1_616' title='bbox 3327 4583 3634 4655; x_wconf 90' lang='lat' dir='ltr'>magisque</span> <span class='ocrx_word' id='word_1_617' title='bbox 3669 4584 3785 4640; x_wconf 81' lang='lat' dir='ltr'>Ro-</span> 
     </span>
    </p>
   </div>
   <div class='ocr_carea' id='block_1_92' title="bbox 2125 4672 3786 4743">
    <p class='ocr_par' dir='ltr' id='par_1_92' title="bbox 2125 4672 3786 4743">
     <span class='ocr_line' id='line_1_92' title="bbox 2125 4672 3786 4743; baseline 0.001 -17"><span class='ocrx_word' id='word_1_618' title='bbox 2125 4687 2332 4727; x_wconf 89' lang='lat' dir='ltr'>manos</span> <span class='ocrx_word' id='word_1_619' title='bbox 2359 4673 2582 4739; x_wconf 90' lang='lat' dir='ltr'>cadere,</span> <span class='ocrx_word' id='word_1_620' title='bbox 2617 4672 3018 4743; x_wconf 79' lang='lat' dir='ltr'>congeminari</span> <span class='ocrx_word' id='word_1_621' title='bbox 3049 4672 3258 4739; x_wconf 80' lang='lat' dir='ltr'>caedes,</span> <span class='ocrx_word' id='word_1_622' title='bbox 3302 4672 3629 4728; x_wconf 88' lang='lat' dir='ltr'>coacervari</span> <span class='ocrx_word' id='word_1_623' title='bbox 3680 4689 3786 4728; x_wconf 88' lang='lat' dir='ltr'>ca-</span> 
     </span>
    </p>
   </div>
   <div class='ocr_carea' id='block_1_93' title="bbox 358 4747 3782 4833">
    <p class='ocr_par' dir='ltr' id='par_1_93' title="bbox 358 4747 3782 4833">
     <span class='ocr_line' id='line_1_93' title="bbox 358 4747 3782 4833; baseline 0.007 -30"><span class='ocrx_word' id='word_1_624' title='bbox 358 4749 580 4804; x_wconf 86' lang='lat' dir='ltr'>multos</span> <span class='ocrx_word' id='word_1_625' title='bbox 612 4747 813 4804; x_wconf 81' lang='lat' dir='ltr'>hausit</span> <span class='ocrx_word' id='word_1_626' title='bbox 843 4750 902 4805; x_wconf 87' lang='lat' dir='ltr'>in</span> <span class='ocrx_word' id='word_1_627' title='bbox 937 4770 1149 4823; x_wconf 87' lang='lat' dir='ltr'>aquam</span> <span class='ocrx_word' id='word_1_628' title='bbox 1184 4758 1455 4830; x_wconf 84' lang='lat' dir='ltr'>delapsos</span> <span class='ocrx_word' id='word_1_629' title='bbox 1490 4766 1785 4821; x_wconf 87' lang='lat' dir='ltr'>mare.Alii</span> <span class='ocrx_word' id='word_1_630' title='bbox 1818 4747 2009 4825; x_wconf 65' lang='lat' dir='ltr'>tamen</span> <span class='ocrx_word' id='word_1_631' title='bbox 2045 4751 2089 4815; x_wconf 90' lang='lat' dir='ltr'>D</span> <span class='ocrx_word' id='word_1_632' title='bbox 2120 4761 2332 4816; x_wconf 82' lang='lat' dir='ltr'>davera</span> <span class='ocrx_word' id='word_1_633' title='bbox 2367 4778 2635 4831; x_wconf 75' lang='lat' dir='ltr'>suorum,</span> <span class='ocrx_word' id='word_1_634' title='bbox 2666 4762 3059 4817; x_wconf 78' lang='lat' dir='ltr'>decoloratum</span> <span class='ocrx_word' id='word_1_635' title='bbox 3096 4778 3301 4817; x_wconf 76' lang='lat' dir='ltr'>cruore</span> <span class='ocrx_word' id='word_1_636' title='bbox 3333 4766 3604 4833; x_wconf 76' lang='lat' dir='ltr'>pontum.</span> <span class='ocrx_word' id='word_1_637' title='bbox 3649 4762 3782 4817; x_wconf 83' lang='lat' dir='ltr'>ine-</span> 
     </span>
    </p>
   </div>
   <div class='ocr_carea' id='block_1_94' title="bbox 356 4837 2005 4929">
    <p class='ocr_par' dir='ltr' id='par_1_94' title="bbox 356 4837 2005 4929">
     <span class='ocr_line' id='line_1_94' title="bbox 356 4837 2005 4929; baseline 0.013 -36"><span class='ocrx_word' id='word_1_638' title='bbox 356 4838 571 4905; x_wconf 90' lang='lat' dir='ltr'>adhuc,</span> <span class='ocrx_word' id='word_1_639' title='bbox 608 4837 742 4892; x_wconf 87' lang='lat' dir='ltr'>licet</span> <span class='ocrx_word' id='word_1_640' title='bbox 772 4840 1097 4897; x_wconf 83' lang='lat' dir='ltr'>semineces</span> <span class='ocrx_word' id='word_1_641' title='bbox 1127 4845 1578 4921; x_wconf 88' lang='lat' dir='ltr'>vulneribus,ad</span> <span class='ocrx_word' id='word_1_642' title='bbox 1614 4854 1787 4910; x_wconf 82' lang='lat' dir='ltr'>finem</span> <span class='ocrx_word' id='word_1_643' title='bbox 1818 4874 2005 4929; x_wconf 89' lang='lat' dir='ltr'>usque</span> 
     </span>
    </p>
   </div>
   <div class='ocr_carea' id='block_1_95' title="bbox 353 4928 2008 5014">
    <p class='ocr_par' dir='ltr' id='par_1_95' title="bbox 353 4928 2008 5014">
     <span class='ocr_line' id='line_1_95' title="bbox 353 4928 2008 5014; baseline 0.015 -33"><span class='ocrx_word' id='word_1_644' title='bbox 353 4928 1222 4988; x_wconf 86' lang='lat' dir='ltr'>resistebant.Protostratorem</span> <span class='ocrx_word' id='word_1_645' title='bbox 1258 4936 1451 5007; x_wconf 89' lang='lat' dir='ltr'>ipsum</span> <span class='ocrx_word' id='word_1_646' title='bbox 1483 4942 1685 4999; x_wconf 91' lang='lat' dir='ltr'>multis</span> <span class='ocrx_word' id='word_1_647' title='bbox 1718 4928 2008 5014; x_wconf 88' lang='lat' dir='ltr'>petierunt</span> 
     </span>
    </p>
   </div>
   <div class='ocr_carea' id='block_1_96' title="bbox 351 5017 2001 5105">
    <p class='ocr_par' dir='ltr' id='par_1_96' title="bbox 351 5017 2001 5105">
     <span class='ocr_line' id='line_1_96' title="bbox 351 5017 2001 5105; baseline 0.015 -36"><span class='ocrx_word' id='word_1_648' title='bbox 351 5017 507 5086; x_wconf 89' lang='lat' dir='ltr'>telis,</span> <span class='ocrx_word' id='word_1_649' title='bbox 544 5034 670 5088; x_wconf 84' lang='lat' dir='ltr'>quae</span> <span class='ocrx_word' id='word_1_650' title='bbox 702 5018 982 5088; x_wconf 89' lang='lat' dir='ltr'>quoniam</span> <span class='ocrx_word' id='word_1_651' title='bbox 1020 5024 1274 5092; x_wconf 81' lang='lat' dir='ltr'>perferre</span> <span class='ocrx_word' id='word_1_652' title='bbox 1325 5028 1503 5084; x_wconf 91' lang='lat' dir='ltr'>ictum</span> <span class='ocrx_word' id='word_1_653' title='bbox 1546 5032 1602 5086; x_wconf 90' lang='lat' dir='ltr'>in</span> <span class='ocrx_word' id='word_1_654' title='bbox 1646 5050 1858 5105; x_wconf 91' lang='lat' dir='ltr'>corpus</span> <span class='ocrx_word' id='word_1_655' title='bbox 1904 5055 2001 5093; x_wconf 89' lang='lat' dir='ltr'>ne-</span> 
     </span>
    </p>
   </div>
   <div class='ocr_carea' id='block_1_97' title="bbox 353 5107 2001 5195">
    <p class='ocr_par' dir='ltr' id='par_1_97' title="bbox 353 5107 2001 5195">
     <span class='ocr_line' id='line_1_97' title="bbox 353 5107 2001 5195; baseline 0.015 -38"><span class='ocrx_word' id='word_1_656' title='bbox 353 5107 603 5195; x_wconf 88' lang='lat' dir='ltr'>quibant</span> <span class='ocrx_word' id='word_1_657' title='bbox 627 5107 818 5161; x_wconf 89' lang='lat' dir='ltr'>valida</span> <span class='ocrx_word' id='word_1_658' title='bbox 844 5108 1063 5180; x_wconf 91' lang='lat' dir='ltr'>ubique</span> <span class='ocrx_word' id='word_1_659' title='bbox 1086 5119 1409 5182; x_wconf 83' lang='lat' dir='ltr'>protectum</span> <span class='ocrx_word' id='word_1_660' title='bbox 1437 5128 1755 5192; x_wconf 87' lang='lat' dir='ltr'>armatura,</span> <span class='ocrx_word' id='word_1_661' title='bbox 1788 5124 2001 5195; x_wconf 79' lang='lat' dir='ltr'>gladiis</span> 
     </span>
    </p>
   </div>
   <div class='ocr_carea' id='block_1_98' title="bbox 352 5194 1999 5271">
    <p class='ocr_par' dir='ltr' id='par_1_98' title="bbox 352 5194 1999 5271">
     <span class='ocr_line' id='line_1_98' title="bbox 352 5194 1999 5271; baseline 0.015 -24"><span class='ocrx_word' id='word_1_662' title='bbox 352 5210 451 5264; x_wconf 85' lang='lat' dir='ltr'>per</span> <span class='ocrx_word' id='word_1_663' title='bbox 502 5194 684 5250; x_wconf 90' lang='lat' dir='ltr'>rimas</span> <span class='ocrx_word' id='word_1_664' title='bbox 735 5201 791 5251; x_wconf 92' lang='lat' dir='ltr'>et</span> <span class='ocrx_word' id='word_1_665' title='bbox 842 5200 1267 5258; x_wconf 89' lang='lat' dir='ltr'>commissuras</span> <span class='ocrx_word' id='word_1_666' title='bbox 1320 5223 1620 5266; x_wconf 88' lang='lat' dir='ltr'>armorum</span> <span class='ocrx_word' id='word_1_667' title='bbox 1684 5194 1999 5271; x_wconf 85' lang='lat' dir='ltr'>insinuatis</span> 
     </span>
    </p>
   </div>
   <div class='ocr_carea' id='block_1_99' title="bbox 348 5283 1996 5366">
    <p class='ocr_par' dir='ltr' id='par_1_99' title="bbox 348 5283 1996 5366">
     <span class='ocr_line' id='line_1_99' title="bbox 348 5283 1996 5366; baseline 0.016 -31"><span class='ocrx_word' id='word_1_668' title='bbox 348 5299 497 5337; x_wconf 75' lang='lat' dir='ltr'>saeve</span> <span class='ocrx_word' id='word_1_669' title='bbox 548 5283 711 5339; x_wconf 91' lang='lat' dir='ltr'>illum</span> <span class='ocrx_word' id='word_1_670' title='bbox 758 5288 1252 5348; x_wconf 80' lang='lat' dir='ltr'>excarniﬁcabant</span> <span class='ocrx_word' id='word_1_671' title='bbox 1298 5312 1401 5366; x_wconf 90' lang='lat' dir='ltr'>per</span> <span class='ocrx_word' id='word_1_672' title='bbox 1448 5298 1655 5356; x_wconf 89' lang='lat' dir='ltr'>intima</span> <span class='ocrx_word' id='word_1_673' title='bbox 1688 5304 1996 5360; x_wconf 81' lang='lat' dir='ltr'>fodientes.</span> 
     </span>
    </p>
   </div>
   <div class='ocr_carea' id='block_1_100' title="bbox 344 5371 1998 5449">
    <p class='ocr_par' dir='ltr' id='par_1_100' title="bbox 344 5371 1998 5449">
     <span class='ocr_line' id='line_1_100' title="bbox 344 5371 1998 5449; baseline 0.015 -24"><span class='ocrx_word' id='word_1_674' title='bbox 344 5371 405 5426; x_wconf 89' lang='lat' dir='ltr'>Id</span> <span class='ocrx_word' id='word_1_675' title='bbox 438 5389 571 5428; x_wconf 88' lang='lat' dir='ltr'>vero</span> <span class='ocrx_word' id='word_1_676' title='bbox 602 5374 1077 5431; x_wconf 85' lang='lat' dir='ltr'>animadversum</span> <span class='ocrx_word' id='word_1_677' title='bbox 1129 5381 1199 5435; x_wconf 91' lang='lat' dir='ltr'>ab</span> <span class='ocrx_word' id='word_1_678' title='bbox 1250 5382 1497 5442; x_wconf 85' lang='lat' dir='ltr'>aliarum</span> <span class='ocrx_word' id='word_1_679' title='bbox 1549 5390 1838 5448; x_wconf 89' lang='lat' dir='ltr'>militibus</span> <span class='ocrx_word' id='word_1_680' title='bbox 1891 5411 1998 5449; x_wconf 83' lang='lat' dir='ltr'>na-</span> 
     </span>
    </p>
   </div>
   <div class='ocr_carea' id='block_1_101' title="bbox 342 5459 1993 5537">
    <p class='ocr_par' dir='ltr' id='par_1_101' title="bbox 342 5459 1993 5537">
     <span class='ocr_line' id='line_1_101' title="bbox 342 5459 1993 5537; baseline 0.015 -24"><span class='ocrx_word' id='word_1_681' title='bbox 342 5459 525 5525; x_wconf 90' lang='lat' dir='ltr'>vium,</span> <span class='ocrx_word' id='word_1_682' title='bbox 577 5461 880 5515; x_wconf 88' lang='lat' dir='ltr'>acerrimis</span> <span class='ocrx_word' id='word_1_683' title='bbox 929 5469 986 5516; x_wconf 85' lang='lat' dir='ltr'>et</span> <span class='ocrx_word' id='word_1_684' title='bbox 1037 5464 1299 5534; x_wconf 89' lang='lat' dir='ltr'>ipsarum</span> <span class='ocrx_word' id='word_1_685' title='bbox 1353 5474 1671 5533; x_wconf 87' lang='lat' dir='ltr'>insultibus</span> <span class='ocrx_word' id='word_1_686' title='bbox 1725 5479 1993 5537; x_wconf 88' lang='lat' dir='ltr'>laboran-</span> 
     </span>
    </p>
   </div>
   <div class='ocr_carea' id='block_1_102' title="bbox 340 5547 1993 5625">
    <p class='ocr_par' dir='ltr' id='par_1_102' title="bbox 340 5547 1993 5625">
     <span class='ocr_line' id='line_1_102' title="bbox 340 5547 1993 5625; baseline 0.016 -25"><span class='ocrx_word' id='word_1_687' title='bbox 340 5547 511 5611; x_wconf 89' lang='lat' dir='ltr'>tium,</span> <span class='ocrx_word' id='word_1_688' title='bbox 548 5550 719 5620; x_wconf 88' lang='lat' dir='ltr'>fregit</span> <span class='ocrx_word' id='word_1_689' title='bbox 742 5549 997 5619; x_wconf 89' lang='lat' dir='ltr'>denique</span> <span class='ocrx_word' id='word_1_690' title='bbox 1021 5555 1375 5621; x_wconf 88' lang='lat' dir='ltr'>pertinacem</span> <span class='ocrx_word' id='word_1_691' title='bbox 1409 5563 1467 5617; x_wconf 93' lang='lat' dir='ltr'>in</span> <span class='ocrx_word' id='word_1_692' title='bbox 1491 5564 1545 5618; x_wconf 89' lang='lat' dir='ltr'>id</span> <span class='ocrx_word' id='word_1_693' title='bbox 1573 5566 1684 5622; x_wconf 93' lang='lat' dir='ltr'>loci</span> <span class='ocrx_word' id='word_1_694' title='bbox 1717 5575 1993 5625; x_wconf 86' lang='lat' dir='ltr'>constan-</span> 
     </span>
    </p>
   </div>
   <div class='ocr_carea' id='block_1_103' title="bbox 337 5636 1994 5729">
    <p class='ocr_par' dir='ltr' id='par_1_103' title="bbox 337 5636 1994 5729">
     <span class='ocr_line' id='line_1_103' title="bbox 337 5636 1994 5729; baseline 0.016 -40"><span class='ocrx_word' id='word_1_695' title='bbox 337 5636 667 5705; x_wconf 79' lang='lat' dir='ltr'>tiam,tristi</span> <span class='ocrx_word' id='word_1_696' title='bbox 700 5641 757 5692; x_wconf 92' lang='lat' dir='ltr'>et</span> <span class='ocrx_word' id='word_1_697' title='bbox 787 5638 1208 5697; x_wconf 87' lang='lat' dir='ltr'>immedicabili</span> <span class='ocrx_word' id='word_1_698' title='bbox 1240 5647 1455 5718; x_wconf 80' lang='lat' dir='ltr'>injecta</span> <span class='ocrx_word' id='word_1_699' title='bbox 1488 5671 1555 5708; x_wconf 85' lang='lat' dir='ltr'>ex</span> <span class='ocrx_word' id='word_1_700' title='bbox 1586 5657 1994 5729; x_wconf 85' lang='lat' dir='ltr'>desperatione</span> 
     </span>
    </p>
   </div>
   <div class='ocr_carea' id='block_1_104' title="bbox 337 5724 1992 5817">
    <p class='ocr_par' dir='ltr' id='par_1_104' title="bbox 337 5724 1992 5817">
     <span class='ocr_line' id='line_1_104' title="bbox 337 5724 1992 5817; baseline 0.019 -41"><span class='ocrx_word' id='word_1_701' title='bbox 337 5724 678 5817; x_wconf 82' lang='lat' dir='ltr'>formidine,</span> <span class='ocrx_word' id='word_1_702' title='bbox 706 5728 943 5797; x_wconf 87' lang='lat' dir='ltr'>quando</span> <span class='ocrx_word' id='word_1_703' title='bbox 973 5734 1247 5801; x_wconf 85' lang='lat' dir='ltr'>apparuit</span> <span class='ocrx_word' id='word_1_704' title='bbox 1276 5754 1305 5792; x_wconf 89' lang='lat' dir='ltr'>e</span> <span class='ocrx_word' id='word_1_705' title='bbox 1340 5738 1531 5797; x_wconf 90' lang='lat' dir='ltr'>littore</span> <span class='ocrx_word' id='word_1_706' title='bbox 1580 5724 1823 5817; x_wconf 78' lang='lat' dir='ltr'>despota</span> <span class='ocrx_word' id='word_1_707' title='bbox 1871 5765 1992 5805; x_wconf 85' lang='lat' dir='ltr'>ma-</span> 
     </span>
    </p>
   </div>
   <div class='ocr_carea' id='block_1_105' title="bbox 337 5814 1990 5902">
    <p class='ocr_par' dir='ltr' id='par_1_105' title="bbox 337 5814 1990 5902">
     <span class='ocr_line' id='line_1_105' title="bbox 337 5814 1990 5902; baseline 0.018 -37"><span class='ocrx_word' id='word_1_708' title='bbox 337 5827 453 5867; x_wconf 89' lang='lat' dir='ltr'>nus</span> <span class='ocrx_word' id='word_1_709' title='bbox 483 5814 752 5884; x_wconf 86' lang='lat' dir='ltr'>tendens,</span> <span class='ocrx_word' id='word_1_710' title='bbox 788 5831 855 5871; x_wconf 87' lang='lat' dir='ltr'>ac</span> <span class='ocrx_word' id='word_1_711' title='bbox 884 5817 1139 5888; x_wconf 89' lang='lat' dir='ltr'>supplici</span> <span class='ocrx_word' id='word_1_712' title='bbox 1173 5820 1428 5884; x_wconf 87' lang='lat' dir='ltr'>clamore</span> <span class='ocrx_word' id='word_1_713' title='bbox 1476 5814 1824 5902; x_wconf 71' lang='lat' dir='ltr'>vociferans,</span> <span class='ocrx_word' id='word_1_714' title='bbox 1875 5841 1990 5894; x_wconf 89' lang='lat' dir='ltr'>sta-</span> 
     </span>
    </p>
   </div>
   <div class='ocr_carea' id='block_1_106' title="bbox 2114 4848 3778 4922">
    <p class='ocr_par' dir='ltr' id='par_1_106' title="bbox 2114 4848 3778 4922">
     <span class='ocr_line' id='line_1_106' title="bbox 2114 4848 3778 4922; baseline 0 -18"><span class='ocrx_word' id='word_1_715' title='bbox 2114 4848 2379 4905; x_wconf 90' lang='lat' dir='ltr'>luctabili</span> <span class='ocrx_word' id='word_1_716' title='bbox 2402 4850 2452 4904; x_wconf 88' lang='lat' dir='ltr'>vi</span> <span class='ocrx_word' id='word_1_717' title='bbox 2481 4867 2647 4906; x_wconf 90' lang='lat' dir='ltr'>ruere</span> <span class='ocrx_word' id='word_1_718' title='bbox 2678 4850 2947 4922; x_wconf 88' lang='lat' dir='ltr'>victores,</span> <span class='ocrx_word' id='word_1_719' title='bbox 2982 4850 3222 4906; x_wconf 88' lang='lat' dir='ltr'>aliunde</span> <span class='ocrx_word' id='word_1_720' title='bbox 3244 4851 3370 4921; x_wconf 87' lang='lat' dir='ltr'>jam</span> <span class='ocrx_word' id='word_1_721' title='bbox 3406 4855 3568 4905; x_wconf 76' lang='lat' dir='ltr'>ratus</span> <span class='ocrx_word' id='word_1_722' title='bbox 3603 4850 3778 4906; x_wconf 81' lang='lat' dir='ltr'>auxi-</span> 
     </span>
    </p>
   </div>
   <div class='ocr_carea' id='block_1_107' title="bbox 2114 4940 3781 5013">
    <p class='ocr_par' dir='ltr' id='par_1_107' title="bbox 2114 4940 3781 5013">
     <span class='ocr_line' id='line_1_107' title="bbox 2114 4940 3781 5013; baseline 0.001 -19"><span class='ocrx_word' id='word_1_723' title='bbox 2114 4940 2259 4995; x_wconf 91' lang='lat' dir='ltr'>lium</span> <span class='ocrx_word' id='word_1_724' title='bbox 2293 4943 2692 5011; x_wconf 71' lang='lat' dir='ltr'>quterendum,</span> <span class='ocrx_word' id='word_1_725' title='bbox 2740 4940 2834 4995; x_wconf 86' lang='lat' dir='ltr'>Dei</span> <span class='ocrx_word' id='word_1_726' title='bbox 2879 4957 3045 5013; x_wconf 89' lang='lat' dir='ltr'>opem</span> <span class='ocrx_word' id='word_1_727' title='bbox 3095 4940 3447 5013; x_wconf 88' lang='lat' dir='ltr'>veniamque</span> <span class='ocrx_word' id='word_1_728' title='bbox 3496 4941 3781 4996; x_wconf 84' lang='lat' dir='ltr'>ardenter</span> 
     </span>
    </p>
   </div>
   <div class='ocr_carea' id='block_1_108' title="bbox 2112 5029 3774 5102">
    <p class='ocr_par' dir='ltr' id='par_1_108' title="bbox 2112 5029 3774 5102">
     <span class='ocr_line' id='line_1_108' title="bbox 2112 5029 3774 5102; baseline 0 -19"><span class='ocrx_word' id='word_1_729' title='bbox 2112 5029 2345 5085; x_wconf 89' lang='lat' dir='ltr'>invocat</span> <span class='ocrx_word' id='word_1_730' title='bbox 2375 5047 2549 5101; x_wconf 87' lang='lat' dir='ltr'>quam</span> <span class='ocrx_word' id='word_1_731' title='bbox 2596 5030 3030 5085; x_wconf 86' lang='lat' dir='ltr'>demississime</span> <span class='ocrx_word' id='word_1_732' title='bbox 3074 5029 3280 5085; x_wconf 89' lang='lat' dir='ltr'>habitu</span> <span class='ocrx_word' id='word_1_733' title='bbox 3330 5029 3598 5102; x_wconf 85' lang='lat' dir='ltr'>supplex,</span> <span class='ocrx_word' id='word_1_734' title='bbox 3651 5046 3774 5084; x_wconf 86' lang='lat' dir='ltr'>non</span> 
     </span>
    </p>
   </div>
   <div class='ocr_carea' id='block_1_109' title="bbox 2112 5120 2959 5186">
    <p class='ocr_par' dir='ltr' id='par_1_109' title="bbox 2112 5120 2959 5186">
     <span class='ocr_line' id='line_1_109' title="bbox 2112 5120 2959 5186; baseline 0 -11"><span class='ocrx_word' id='word_1_735' title='bbox 2112 5122 2353 5186; x_wconf 81' lang='lat' dir='ltr'>frustra,</span> <span class='ocrx_word' id='word_1_736' title='bbox 2383 5126 2446 5175; x_wconf 93' lang='lat' dir='ltr'>ut</span> <span class='ocrx_word' id='word_1_737' title='bbox 2480 5138 2610 5175; x_wconf 85' lang='lat' dir='ltr'>mox</span> <span class='ocrx_word' id='word_1_738' title='bbox 2641 5120 2959 5177; x_wconf 88' lang='lat' dir='ltr'>videbitur.</span> 
     </span>
    </p>
   </div>
   <div class='ocr_carea' id='block_1_110' title="bbox 2109 5268 3770 5339">
    <p class='ocr_par' dir='ltr' id='par_1_110' title="bbox 2109 5268 3770 5339">
     <span class='ocr_line' id='line_1_110' title="bbox 2109 5268 3770 5339; baseline 0.001 -18"><span class='ocrx_word' id='word_1_739' title='bbox 2109 5268 2198 5321; x_wconf 81' lang='lat'>32.</span> <span class='ocrx_word' id='word_1_740' title='bbox 2238 5269 2300 5325; x_wconf 74' lang='lat' dir='ltr'>Ut</span> <span class='ocrx_word' id='word_1_741' title='bbox 2326 5268 2472 5323; x_wconf 82' lang='lat' dir='ltr'>mari</span> <span class='ocrx_word' id='word_1_742' title='bbox 2499 5272 2857 5339; x_wconf 77' lang='lat' dir='ltr'>protostralor</span> <span class='ocrx_word' id='word_1_743' title='bbox 2884 5268 3402 5339; x_wconf 77' lang='lat' dir='ltr'>Philanthropenm</span> <span class='ocrx_word' id='word_1_744' title='bbox 3451 5268 3630 5325; x_wconf 77' lang='lat' dir='ltr'>Italos</span> <span class='ocrx_word' id='word_1_745' title='bbox 3678 5268 3770 5324; x_wconf 84' lang='lat' dir='ltr'>vi-</span> 
     </span>
    </p>
   </div>
   <div class='ocr_carea' id='block_1_111' title="bbox 2304 5340 3563 5414">
    <p class='ocr_par' dir='ltr' id='par_1_111' title="bbox 2304 5340 3563 5414">
     <span class='ocr_line' id='line_1_111' title="bbox 2304 5340 3563 5414; baseline 0.002 -19"><span class='ocrx_word' id='word_1_746' title='bbox 2304 5340 2465 5411; x_wconf 74' lang='lat' dir='ltr'>cerit,</span> <span class='ocrx_word' id='word_1_747' title='bbox 2497 5342 2802 5412; x_wconf 81' lang='lat' dir='ltr'>adjuvanle</span> <span class='ocrx_word' id='word_1_748' title='bbox 2831 5359 2864 5396; x_wconf 89' lang='lat' dir='ltr'>a</span> <span class='ocrx_word' id='word_1_749' title='bbox 2895 5351 3043 5397; x_wconf 82' lang='lat' dir='ltr'>terra</span> <span class='ocrx_word' id='word_1_750' title='bbox 3072 5343 3300 5414; x_wconf 80' lang='lat' dir='ltr'>despota</span> <span class='ocrx_word' id='word_1_751' title='bbox 3325 5343 3563 5398; x_wconf 86' lang='lat' dir='ltr'>Joanne.</span> 
     </span>
    </p>
   </div>
   <div class='ocr_carea' id='block_1_112' title="bbox 2176 5483 3772 5556">
    <p class='ocr_par' dir='ltr' id='par_1_112' title="bbox 2176 5483 3772 5556">
     <span class='ocr_line' id='line_1_112' title="bbox 2176 5483 3772 5556; baseline 0.002 -19"><span class='ocrx_word' id='word_1_752' title='bbox 2176 5483 2308 5538; x_wconf 80' lang='lat' dir='ltr'>.lam</span> <span class='ocrx_word' id='word_1_753' title='bbox 2344 5484 2616 5554; x_wconf 75' lang='lat' dir='ltr'>praetoria</span> <span class='ocrx_word' id='word_1_754' title='bbox 2648 5489 2851 5539; x_wconf 89' lang='lat' dir='ltr'>nostra</span> <span class='ocrx_word' id='word_1_755' title='bbox 2886 5490 3220 5556; x_wconf 82' lang='lat' dir='ltr'>expugnata</span> <span class='ocrx_word' id='word_1_756' title='bbox 3270 5486 3323 5539; x_wconf 91' lang='lat' dir='ltr'>vi</span> <span class='ocrx_word' id='word_1_757' title='bbox 3376 5483 3636 5539; x_wconf 88' lang='lat' dir='ltr'>hostium</span> <span class='ocrx_word' id='word_1_758' title='bbox 3697 5485 3772 5540; x_wconf 89' lang='lat' dir='ltr'>ab</span> 
     </span>
    </p>
   </div>
   <div class='ocr_carea' id='block_1_113' title="bbox 2106 5570 3772 5643">
    <p class='ocr_par' dir='ltr' id='par_1_113' title="bbox 2106 5570 3772 5643">
     <span class='ocr_line' id='line_1_113' title="bbox 2106 5570 3772 5643; baseline 0.002 -19"><span class='ocrx_word' id='word_1_759' title='bbox 2106 5570 2253 5643; x_wconf 65' lang='lat' dir='ltr'>ipsis</span> <span class='ocrx_word' id='word_1_760' title='bbox 2304 5573 2729 5643; x_wconf 88' lang='lat' dir='ltr'>abducebatur,</span> <span class='ocrx_word' id='word_1_761' title='bbox 2778 5578 2835 5629; x_wconf 90' lang='lat' dir='ltr'>et</span> <span class='ocrx_word' id='word_1_762' title='bbox 2866 5575 2921 5628; x_wconf 88' lang='lat' dir='ltr'>in</span> <span class='ocrx_word' id='word_1_763' title='bbox 2957 5591 3025 5630; x_wconf 90' lang='lat' dir='ltr'>ea</span> <span class='ocrx_word' id='word_1_764' title='bbox 3056 5574 3342 5630; x_wconf 59' lang='lat' dir='ltr'>universa:</span> <span class='ocrx_word' id='word_1_765' title='bbox 3375 5572 3583 5629; x_wconf 87' lang='lat' dir='ltr'>classis</span> <span class='ocrx_word' id='word_1_766' title='bbox 3619 5590 3772 5643; x_wconf 67' lang='lat' dir='ltr'>prte-</span> 
     </span>
    </p>
   </div>
   <div class='ocr_carea' id='block_1_114' title="bbox 2105 5661 3777 5736">
    <p class='ocr_par' dir='ltr' id='par_1_114' title="bbox 2105 5661 3777 5736">
     <span class='ocr_line' id='line_1_114' title="bbox 2105 5661 3777 5736; baseline 0.002 -21"><span class='ocrx_word' id='word_1_767' title='bbox 2105 5663 2314 5727; x_wconf 89' lang='lat' dir='ltr'>fectus,</span> <span class='ocrx_word' id='word_1_768' title='bbox 2351 5661 2723 5733; x_wconf 86' lang='lat' dir='ltr'>imperatoria</span> <span class='ocrx_word' id='word_1_769' title='bbox 2754 5662 3033 5735; x_wconf 86' lang='lat' dir='ltr'>insignia,</span> <span class='ocrx_word' id='word_1_770' title='bbox 3067 5664 3382 5736; x_wconf 87' lang='lat' dir='ltr'>ipsumque</span> <span class='ocrx_word' id='word_1_771' title='bbox 3412 5663 3556 5718; x_wconf 87' lang='lat' dir='ltr'>adeo</span> <span class='ocrx_word' id='word_1_772' title='bbox 3588 5664 3777 5718; x_wconf 90' lang='lat' dir='ltr'>robur</span> 
     </span>
    </p>
   </div>
   <div class='ocr_carea' id='block_1_115' title="bbox 2103 5751 3771 5823">
    <p class='ocr_par' dir='ltr' id='par_1_115' title="bbox 2103 5751 3771 5823">
     <span class='ocr_line' id='line_1_115' title="bbox 2103 5751 3771 5823; baseline 0.002 -19"><span class='ocrx_word' id='word_1_773' title='bbox 2103 5755 2315 5805; x_wconf 70' lang='lat' dir='ltr'>nostra:</span> <span class='ocrx_word' id='word_1_774' title='bbox 2376 5752 2599 5807; x_wconf 69' lang='lat' dir='ltr'>militiae</span> <span class='ocrx_word' id='word_1_775' title='bbox 2658 5752 2903 5821; x_wconf 87' lang='lat' dir='ltr'>navalis,</span> <span class='ocrx_word' id='word_1_776' title='bbox 2963 5752 3270 5808; x_wconf 89' lang='lat' dir='ltr'>lectissimi</span> <span class='ocrx_word' id='word_1_777' title='bbox 3332 5751 3771 5823; x_wconf 85' lang='lat' dir='ltr'>fortissimique</span> 
     </span>
    </p>
   </div>
   <div class='ocr_carea' id='block_1_116' title="bbox 2102 5838 3758 5912">
    <p class='ocr_par' dir='ltr' id='par_1_116' title="bbox 2102 5838 3758 5912">
     <span class='ocr_line' id='line_1_116' title="bbox 2102 5838 3758 5912; baseline 0.002 -17"><span class='ocrx_word' id='word_1_778' title='bbox 2102 5838 2436 5908; x_wconf 86' lang='lat' dir='ltr'>bellatores,</span> <span class='ocrx_word' id='word_1_779' title='bbox 2469 5842 2728 5912; x_wconf 91' lang='lat' dir='ltr'>quando,</span> <span class='ocrx_word' id='word_1_780' title='bbox 2760 5845 2826 5897; x_wconf 89' lang='lat' dir='ltr'>ut</span> <span class='ocrx_word' id='word_1_781' title='bbox 2857 5842 3080 5899; x_wconf 88' lang='lat' dir='ltr'>dictum</span> <span class='ocrx_word' id='word_1_782' title='bbox 3112 5848 3223 5911; x_wconf 86' lang='lat' dir='ltr'>est,</span> <span class='ocrx_word' id='word_1_783' title='bbox 3256 5857 3465 5898; x_wconf 89' lang='lat' dir='ltr'>novam</span> <span class='ocrx_word' id='word_1_784' title='bbox 3498 5841 3758 5898; x_wconf 86' lang='lat' dir='ltr'>addendi</span> 
     </span>
    </p>
   </div>
  </div>
