4080 6402
348 398 461 453 785

1429 400 1528 453 DE
1565 398 1933 454 MlCHAELE
1973 401 2421 462 PALJEOLOGO
2457 406 2590 459 LIB.
2634 408 2704 459 V.

3662 409 3776 464 786

349 523 444 586 τὰς
501 520 813 597 προθυμίας
871 519 1089 577 ἐκείνων
1150 521 1393 593 ὲπαύξων
1471 519 1652 597 ῥιπτεῖ
1708 522 1843 576 κατὰ
1899 528 2090 598 γῆςΑ
2123 522 2400 601 Ἀχριδῶν
2462 527 2734 604 Κεραμέᾳ,
2795 530 2888 593 θέα
2946 526 3115 592 ὅντως
3170 529 3376 599 ἐλεεινὴ
3412 531 3496 586 ιιαὶ
3531 530 3775 607 δακρύων

350 614 451 682 τήν
511 610 819 686 καλύπιραν
876 618 977 681 τῆς
1034 618 1300 690 κεφαλῆς,
1375 613 1465 665 καὶ
1519 612 1666 666 κόνιν
1736 609 2014 683 πέττεται,

350 704 440 758 καὶ
468 699 726 773 δάκρυσιν
758 701 984 756 ἱκετεύει
1038 700 1158 756 Λίαν
1210 701 1466 763 ἐλεεινῶς
1513 702 1588 774 μὴ
1618 702 2013 777 καταπροέσθαι

353 795 462 848 τῶν
521 786 816 863 συμϐόλων
868 790 1249 866 ἀπαγομένων.
1306 790 1464 848 Οὕτω
1518 790 1585 845 τὰ
1638 789 1821 846 πολλὰ
1849 812 2011 846 κατα-

356 881 651 939 λιτανεύων
689 880 778 935 καὶ
812 875 1003 956 λόγοις
1033 881 1121 936 καὶ
1167 882 1420 956 σχήμασι
1451 881 1540 935 καὶ
1571 886 1648 952 τῷ
1677 886 1773 935 τοῦ
1804 880 2011 954 τρόπου

352 977 618 1041 ταπεινῷ,
663 970 913 1033 πολλούς
960 993 1019 1027 τε
1066 966 1527 1047 προσεπιϐάλλων
1570 978 1684 1034 τοῖς
1715 968 1904 1045 ἔξωθεν
1938 973 2013 1036 ὡς

351 1061 799 1137 ἀναπληροῦσθαι
855 1061 980 1123 τοὺς
1041 1060 1351 1130 λείποντας,
1422 1063 1673 1137 ἀνήγειρέ
1742 1083 1800 1116 τε
1880 1062 2008 1126 τοὺς

354 1153 707 1227 μαχομένους
765 1149 855 1205 καὶ
916 1150 1305 1228 παρεθάρρυνε,
1366 1152 1455 1206 καὶ
1516 1152 1871 1221 ἀναισθήτουν
1916 1152 2006 1207 πί-

349 1262 601 1309 πτοντες,
660 1240 977 1316 καρτερικοί
1034 1261 1174 1302 τινες
1230 1240 1321 1295 καὶ
1382 1240 1528 1315 παρᾶ
1572 1242 1635 1295 τὸ
1667 1238 1786 1295 δέον
1819 1242 2006 1317 φαινό-

352 1352 528 1405 μενοι.
560 1329 662 1386 Καὶ
720 1328 882 1393 τέλος
910 1328 1285 1404 περιγίνονται
1318 1333 1426 1383 τῶν
1489 1328 1670 1404 ἑχρῶν
1723 1329 1814 1385 σὺν
1856 1331 2006 1404 πόνῳ

346 1417 548 1491 πολλῷ
596 1418 687 1473 καὶ
745 1419 976 1494 μόχθῳ¹
1028 1418 1117 1472 καὶ
1172 1415 1239 1485 δὴ
1292 1414 1442 1471 δυοῖν
1474 1416 1508 1487 ἢ
1539 1418 1629 1472 καὶ
1676 1424 1842 1495 τριῶν
1875 1421 2008 1475 ἀπο-

348 1507 629 1584 δρασασῶν
692 1508 748 1562 αἱ
808 1505 1000 1562 λοιπαὶ
1061 1507 1201 1562 κατά
1255 1505 1451 1580 κράτος
1508 1506 1862 1563 ἁλίσκονται·
1914 1510 2004 1565 καὶ

348 1600 402 1654 o't
461 1599 557 1671 μὲν
619 1598 911 1675 σφαγέντες
986 1596 1244 1660 πεσόντες
1318 1596 1394 1658 εἷς
1454 1596 1722 1652 Θάλασσαν
1779 1598 2003 1653 ἀπεπνί-

348 1709 537 1764 γοντο,
593 1686 782 1762 ἰχθύσι
843 1685 1057 1760 μᾶλλον
1117 1688 1152 1757 ἢ
1212 1684 1443 1761 ἀλόχοις
1494 1687 1584 1741 καὶ
1627 1684 1838 1750 τέκνοις
1869 1688 2003 1758 ἦσαν

350 1778 644 1853 φίλτατοι·
678 1778 731 1830 οἱ
781 1773 825 1831 δ’
884 1774 1050 1830 ἄλλοι
1102 1774 1540 1850 συγκλεισθέντες
1595 1779 1815 1853 γαστέρι
1870 1780 1998 1847 νηὸς

2124 614 2266 689 ἀξία,
2298 616 2747 690 περιστέλλονταί
2799 640 2857 673 τε
2916 619 2990 681 ὡς
3049 618 3195 682 eiqu
3244 622 3372 693 παρ’
3423 621 3629 676 ἐκείνου
3658 629 3775 685 τοῖς

2124 704 2408 775 εὑρεθεῖσι,
2466 707 2555 761 καὶ
2614 707 2690 769 ὡς
2748 708 2863 763 οἷόν
2940 730 2998 763 τε
3054 710 3460 783 θεραπεύονται.
3526 712 3667 766 Τότε
3726 709 3770 765 δ’

2124 793 2508 869 ὑπερπαθήσας
2564 797 2653 851 καὶ
2713 799 2740 852 ὁ
2801 795 3068 869 δεσπότης
3122 799 3212 853 καὶ
3270 798 3645 874 περιαλγήσας
3703 804 3773 874 τῇ

2123 890 2396 960 συμφορᾷ,
2455 882 2782 941 δεσπόσυνον
2840 889 3044 963 τρόπον
3111 887 3319 965 φεύγων
3381 888 3505 943 ὅσον
3554 889 3613 944 ἐκ
3669 894 3775 943 τῶν

2120 968 2417 1045 συμϐόλων
2452 975 2478 1028 ὁ
2512 973 2760 1039 δουλείας
2809 975 2959 1039 ἐντὸς
3011 979 3155 1053 παρὰ
3198 980 3390 1052 μικρὸν
3423 976 3770 1041 κινδυνεύσας

2120 1062 2294 1118 ἐλθεῖν
2327 1066 2362 1135 ἢ
2397 1065 2485 1119 καὶ
2518 1065 2689 1130 ἐλθὼν
2741 1069 2804 1121 τό
2855 1089 2917 1143 γε
2973 1067 3137 1144 μέρος
3177 1072 3284 1121 τῶν
3329 1066 3516 1123 ἄλλων
3553 1068 3641 1123 καὶ
3672 1072 3773 1135 τῆς

2119 1151 2356 1222 συνόλης
2388 1152 2691 1227 δυνάμεως,
2724 1153 2981 1228 σύμϐολᾶ
3006 1179 3065 1212 τε
3092 1160 3190 1225 τῆς
3219 1155 3536 1219 δεσποτείας
3564 1157 3767 1227 ἐκεῖνα,

2118 1244 2199 1314 [Ρ.
2250 1245 2376 1316 226]
2430 1245 2527 1298 ὅσα
2576 1243 2629 1299 ἐν
2660 1243 2947 1319 καλύπρτᾳ
3004 1246 3093 1300 καὶ
3155 1244 3471 1319 ὑποδήμασι
3502 1245 3591 1301 καὶ
3622 1245 3765 1321 γεέν

2117 1329 2417 1407 ἑφεστρίσιν
2445 1330 2631 1387 ἵππων
2690 1333 2781 1388 καὶ
2839 1334 3093 1408 χαλινοῖς
3153 1334 3242 1389 καὶ
3280 1339 3349 1408 τῇ
3396 1335 3453 1390 ἐκ
3481 1335 3765 1412 πορφύρας

2119 1421 2424 1497 ὑπογραφῇ,
2486 1422 2817 1490 ἀποτίθεται,
2872 1420 3015 1478 οὕτω
3072 1420 3365 1485 δικαιώσας
3426 1423 3656 1500 ὀφθῆναι
3688 1428 3768 1495 τῷ

2122 1508 2360 1584 βασιλεῖ,
2415 1510 2513 1565 οὐκ
2571 1509 2691 1566 οἶδα
2746 1512 2885 1567 κατά
2943 1511 3122 1582 λύπην
3186 1509 3441 1590 σφετέραν
3475 1513 3509 1583 ἢ
3543 1512 3633 1566 καὶ
3664 1514 3764 1581 τὴν

2113 1596 2318 1653 ἐκείνου
2369 1598 2664 1672 ἐκμείλιξιν
2694 1620 2706 1632 ·
2757 1598 2951 1662 ἄλλοις
3001 1598 3058 1655 δὲ
3111 1606 3318 1663 κοινοῖς
3358 1603 3447 1656 καὶ
3478 1598 3767 1675 καλύπτρᾳ

2114 1686 2165 1757 ἐξ
2196 1686 2354 1762 ἐρίων
2406 1687 2872 1761 καταστολισθεὶς,
2934 1688 3109 1754 οὕτως
3159 1688 3277 1759 ἤϊεν
3335 1689 3410 1751 εἷς
3467 1690 3529 1744 τὸ
3575 1691 3761 1765 πρόσω

2110 1782 2188 1849 τῷ
2249 1776 2465 1852 βασιλεῖ
2533 1777 3093 1852 ἐμφανισθησόμενος.
3152 1780 3253 1834 Καί
3308 1781 3356 1854 γ’
3415 1778 3761 1856 ἐμφανισθεὶς

350 1865 493 1931 ῗδίας
523 1861 741 1921 ἕκαστοι
771 1867 909 1941 πρὸς
957 1868 1057 1934 τὴν
1109 1863 1274 1921 πόλιν
1324 1866 1592 1941 ἀνήγοντο
1625 1864 1880 1935 δείλαιοι,
1908 1891 2079 1955 μι-Β
2109 1868 2173 1921 τὸ
2228 1863 2372 1921 πολὺ
2429 1873 2529 1937 τῆς
2580 1868 2746 1943 ὀργῆς
2821 1869 3120 1923 καταπαύει
3170 1870 3241 1939 τῇ
3294 1873 3403 1923 τῶν
3465 1863 3760 1941 συμϐόλων

347 1956 478 2030 κρᾶν
526 1952 658 2027 ὅσην
707 1954 1052 2031 παραμυθίαν
1106 1953 1193 2009 ἰπὶ
1249 1961 1364 2018 τοῖς
1427 1952 1767 2029 προλαϐοῦσι
1802 1955 2000 2021 δεινοῖς

346 2051 463 2108 τοῖς
519 2044 769 2119 σφαλεῖσι
822 2046 1065 2118 θέμενοι.
1096 2045 1158 2101 Ὁ
1217 2042 1275 2098 δὲ
1330 2042 1597 2116 δεσπότης
1654 2047 1744 2101 καὶ
1803 2047 1857 2101 οἷ
1904 2047 1998 2103 σὺν

345 2133 492 2208 αύτῴ
538 2137 739 2210 γυμνοὶ
786 2139 895 2189 τῶν
948 2134 1198 2189 ἁπάντων
1252 2129 1426 2203 ὄντες,
1474 2130 1882 2211 προσϐαλόντες
1919 2142 2001 2210 τῷ

339 2282 511 2339 victis
542 2282 723 2338 animi
760 2282 1047 2338 rationem
1075 2283 1400 2339 ineundam
1423 2287 1587 2340 ratus
1617 2284 1862 2358 despota
1884 2291 2005 2361 teg-

347 2389 480 2427 men
511 2372 721 2444 capitis
745 2372 801 2427 in
834 2376 1052 2428 terram
1086 2373 1303 2444 abjicit,
1343 2372 1576 2445 pulvere
1608 2392 1666 2430 se
1699 2378 2001 2450 aspergit;

348 2466 407 2518 et
437 2479 553 2535 quo
584 2462 784 2517 habitu
817 2462 1082 2518 numinis
1114 2480 1281 2535 opem
1316 2462 1749 2535 imploravcrat,
1801 2467 1860 2523 in
1911 2485 2002 2523 eo-

347 2554 478 2609 dem
497 2567 877 2624 perseverans
894 2551 1405 2608 vehementissime
1418 2570 1547 2609 cum
1566 2556 2003 2613 miserabilibus

349 2640 627 2712 lacrymis
660 2639 875 2696 milites
923 2642 1149 2709 orabat,
1205 2642 1480 2698 ultimum
1507 2644 1884 2715 prohiberent
1929 2646 2001 2700 ab

349 2731 599 2804 imperio
629 2730 908 2798 dedecus,
933 2732 1197 2803 Augusta
1218 2732 1389 2803 signa
1402 2750 1474 2788 ne
1499 2733 1741 2805 impune
1764 2734 2000 2805 abduci,

349 2838 422 2877 ne
453 2820 803 2893 triumphari
840 2822 911 2876 ab
945 2820 1215 2876 hostibus
1265 2824 1550 2877 sinerent.
1602 2823 1763 2878 Talia
1787 2825 1886 2878 diu
1915 2825 2004 2880 la-

352 2908 753 2965 mentabiliter
782 2910 1174 2981 ingeminans,
1217 2911 1694 2984 demissioneque
1740 2930 1807 2968 ac
1859 2930 2002 2985 sup-

355 2997 491 3069 plici
520 3002 686 3070 gestu
720 2999 1051 3071 obtutuque
1081 3017 1278 3056 vocem
1312 3001 1737 3073 adjuvans,nec
1759 3003 2008 3074 segnius

355 3087 630 3144 continuo
660 3088 1022 3144 submittens
1076 3096 1337 3146 recentes
1375 3090 1809 3157 laborantibus,
1871 3109 1999 3163 quas

2108 1957 2470 2033 ἀπαμφιάσει,
2520 1956 2624 2011 κάκ
2677 1957 2848 2029 μόνης
2904 1965 3004 2027 τῆς
3060 1958 3181 2020 θέας
3227 1955 3383 2030 δόξας
3415 1956 3653 2022 ἐλεεινὸς
3679 1961 3761 2029 τῷ

2108 2046 2214 2120 πρὸ
2243 2050 2340 2101 τοῦ
2371 2046 2694 2120 ὠργισμένῳ
2722 2046 2790 2101 τὰ
2824 2048 3067 2122 μέγιστα.

2110 2288 2459 2361 superstites
2492 2287 2645 2343 intra
2677 2304 2847 2343 naves
2880 2288 3099 2361 quique
3137 2306 3277 2344 suas
3335 2288 3600 2359 diligenti
3658 2304 3763 2343 cu-

2113 2379 2307 2436 stodia
2339 2377 2550 2433 servati
2599 2377 2955 2449 deductique
3004 2377 3061 2432 in
3109 2378 3314 2432 urbem
3367 2395 3474 2432 sua
3526 2376 3767 2431 miseria

2113 2472 2345 2540 gratum
2379 2465 2626 2521 infensis
2659 2466 3060 2537 spectaculum
3094 2465 3769 2537 fuerunt,qualicunque

2114 2557 2327 2613 solatio
2360 2555 2744 2628 prazcedentis
2788 2555 2996 2611 cladis.
3044 2558 3119 2611 At
3165 2556 3411 2627 despota
3455 2572 3590 2609 cum
3642 2555 3766 2609 suis

2112 2647 2347 2720 spoliati
2382 2646 2662 2702 omnibus
2696 2663 2821 2716 quae
2854 2647 3203 2712 habuerant,
3232 2647 3302 2701 ad
3337 2646 3764 2700 Achridensem

2112 2737 2449 2793 Cerameam
2478 2741 2887 2807 pervenerunt,
2924 2735 3242 2791 miserabili
3269 2752 3513 2806 prorsus
3564 2740 3621 2790 et
3676 2735 3765 2788 di-

2113 2842 2228 2897 gna
2260 2824 2533 2896 Iacrymis
2557 2825 2770 2896 specie.
2805 2823 2905 2879 Ille
2939 2825 3125 2880 nudos
3156 2828 3213 2879 et
3242 2822 3507 2878 omnium
3539 2839 3760 2895 egenos

2111 2914 2347 2970 vestivit
2376 2914 2787 2983 recreavitque,
2818 2916 3105 2983 quantum
3139 2928 3243 2984 pro
3275 2912 3549 2983 praesenti
3596 2916 3765 2984 copia

2113 3004 2549 3060 humanissime
2589 3003 2799 3075 potuit.
2831 3003 2977 3057 Hinc
3016 3003 3144 3073 jam
3191 3018 3370 3057 sensu
3420 3002 3764 3074 pudoreque

2113 3091 2456 3150 offensionis
2488 3096 2665 3147 tantae
2696 3108 2762 3147 ac
2792 3096 2912 3145 tam
2940 3090 3179 3147 insolito
3213 3091 3330 3146 ictu
3363 3091 3617 3147 adversae
3651 3091 3767 3147 for-

353 3180 678 3249 opportune
725 3178 1124 3247 subvenirent,
1161 3180 1400 3235 fortium
1450 3180 1711 3236 virorum
1764 3198 1998 3252 manus,
2031 3159 2074 3227 C
2111 3187 2270 3238 tuna;
2304 3183 2521 3237 fractus
2553 3181 2752 3237 animo
2793 3181 3035 3250 deepota
3084 3179 3338 3248 insignia
3384 3181 3559 3236 istius
3607 3179 3767 3235 tituli

352 3268 508 3323 unde
538 3284 824 3324 caesorum
848 3268 1072 3323 damna
1103 3268 1541 3341 supplerentur,
1594 3270 1775 3326 robur
1823 3272 2007 3326 auda-

351 3356 623 3429 ciamque
644 3357 1051 3430 pugnantibus
1074 3358 1321 3414 immisit
1348 3358 1735 3429 excitavitque
1754 3360 2007 3429 animos,

353 3448 559 3518 utjam
593 3436 774 3519 supra
820 3447 969 3503 vires
1020 3447 1484 3516 conniterentur,
1538 3449 2011 3521 projicerentque

354 3554 416 3593 se
444 3537 504 3592 in
536 3536 654 3593 tela
685 3536 924 3592 hostilia
955 3553 1104 3593 caeco
1138 3538 1379 3608 quidam
1419 3538 1857 3609 impetu.Ardor
1886 3542 2009 3593 erat

354 3626 417 3682 in
441 3631 689 3682 mortem
724 3626 1045 3692 ruentium,
1082 3643 1255 3699 quem
1289 3630 1595 3681 amentum
1645 3645 1711 3683 ac
1761 3627 2006 3683 rationis

350 3716 633 3789 impotem
669 3717 912 3772 diceres.
943 3717 1058 3771 Nec
1090 3717 1300 3771 minori
1333 3733 1480 3788 opus
1531 3720 1658 3771 erat
1706 3715 1811 3771 tali
1861 3717 2004 3771 arti-

351 3805 484 3862 culo
512 3807 956 3877 desperatarum
1012 3822 1228 3862 rerum.
1282 3806 1376 3861 Sic
1428 3822 1573 3878 pene
1620 3805 1772 3861 335
1823 3804 2005 3859 victo-

351 3912 444 3952 res
472 3897 646 3966 ajam
680 3894 967 3968 perculsis
999 3898 1259 3967 superati
1306 3895 1545 3951 tandem
1592 3901 1750 3962 sunt,
1791 3896 2005 3950 sudore

351 3984 591 4057 quidem
637 3984 825 4039 multo
871 4000 1192 4056 cruoreque
1238 4001 1251 4039 :
1306 3985 1405 4039 sed
1466 3983 1615 4038 tanti
1665 3985 1844 4038 decus
1897 3983 2010 4039 fuit

352 4089 645 4130 conversae
678 4091 707 4129 e
737 4074 1080 4130 discrimine
1113 4073 1325 4129 ultimo
1357 4073 1601 4146 publica:
1658 4074 1904 4127 fortunae
1946 4073 2005 4128 in

352 4182 698 4222 successum
734 4170 1061 4234 tantum,ut
1094 4166 1324 4221 duabus
1357 4165 1618 4220 tribusve
1648 4169 2007 4219 tantummo-

351 4257 428 4312 do
458 4256 679 4328 elapsis
710 4255 953 4328 reliquaa
1008 4271 1213 4311 omnes
1262 4259 1608 4327 eXpugnatae
1660 4253 2006 4309 Latinorum

354 4362 536 4402 naves
570 4363 603 4401 a
635 4346 917 4401 Romanis
950 4349 1322 4417 caperentur,
1366 4344 1665 4416 plerisque
1714 4352 2009 4398 vectorum

350 4436 538 4509 lapsis
566 4441 671 4492 aut
702 4436 1055 4507 projectisin
1105 4452 1286 4501 mare,
1345 4434 1443 4489 ubi
1507 4434 1791 4505 gaudium
1838 4432 2011 4505 epulo

2117 3272 2331 3344 abjecit
2362 3272 2669 3342 indignum
2703 3269 2775 3325 iis
2808 3286 2933 3326 sese
2983 3274 3285 3342 reputans,
3331 3269 3431 3341 qui
3486 3270 3661 3325 modo
3705 3270 3765 3323 in

2113 3367 2235 3418 tam
2271 3362 2602 3433 propinquo
2636 3360 2939 3415 servitutis
2989 3358 3249 3431 periculo
3281 3359 3511 3429 fuisset,
3561 3375 3594 3413 a
3652 3374 3768 3427 qua

2118 3469 2230 3508 non
2267 3469 2387 3507 suae
2419 3450 2585 3505 illum
2620 3466 2759 3522 opes
2790 3454 2892 3505 aut
2940 3448 3255 3517 virtus,sed
3306 3464 3479 3502 casus
3526 3450 3584 3502 et
3629 3447 3770 3518 fuga

2116 3543 2488 3597 liberassent.
2519 3541 2727 3607 Quare,
2762 3539 2834 3594 iis
2868 3556 2994 3610 quae
3029 3554 3315 3609 usurpare
3344 3537 3506 3608 prius
3531 3540 3656 3591 erat
3687 3552 3771 3591 so-

2112 3632 2254 3687 litus
2281 3632 2339 3685 in
2374 3630 2587 3701 capitis
2608 3629 2883 3701 tegmine,
2918 3629 2977 3683 in
3011 3626 3241 3695 calceis,
3293 3627 3353 3681 in
3405 3625 3664 3697 phaleris
3716 3630 3773 3680 et

2113 3720 2295 3776 frenis
2328 3720 2727 3791 equestribus,
2762 3719 2819 3773 in
2857 3718 3035 3773 rubra
3066 3715 3773 3787 subscriptione,symho-

2111 3809 2165 3864 la
2197 3809 2513 3880 despoticaa
2574 3808 2903 3879 potestatis,
2963 3807 3241 3877 deinceps
3299 3806 3625 3875 abstinens,
3686 3808 3769 3859 sic

2112 3896 2454 3970 imperatori
2492 3914 2554 3951 se
2585 3897 2765 3965 sistit,
2797 3896 2951 3951 haud
2989 3896 3109 3951 scio
3132 3912 3203 3949 an
3250 3893 3439 3966 magis
3496 3895 3769 3949 testando

2112 3987 2348 4061 proprio
2374 3985 2582 4048 dolori,
2615 4003 2685 4040 an
2740 3985 2838 4039 irae
2892 3984 3056 4039 illius
3114 3983 3483 4039 deliniendae.
3535 3984 3604 4037 Et
3659 3983 3769 4037 hoc

2114 4076 2352 4148 quidem
2387 4074 2499 4146 ipsi
2547 4091 2614 4129 ex
2646 4079 2776 4129 voto
2824 4072 3094 4143 contigit.
3156 4072 3377 4127 Videns
3427 4071 3582 4127 enim
3631 4088 3764 4127 eum

2113 4169 2417 4235 Augustus
2450 4164 2507 4218 in
2542 4163 2840 4218 communi
2872 4164 3111 4229 vestitu,
3161 4161 3506 4232 privatoque
3537 4178 3605 4215 ex
3637 4160 3773 4215 lana

2118 4254 2291 4327 pileo,
2317 4253 2571 4308 multum
2608 4253 2679 4307 de
2710 4252 3138 4322 indignatione,
3166 4266 3345 4321 quam
3378 4250 3580 4305 audita
3611 4265 3772 4305 exer-

2120 4345 2273 4400 citus
2303 4344 2499 4399 clades
2533 4344 2589 4398 in
2624 4346 2751 4414 ejus
2784 4345 2938 4399 336
2974 4343 3173 4397 animo
3234 4341 3586 4396 excitaverat
3644 4356 3773 4395 ma-

2120 4434 2366 4501 ximam,
2396 4433 3058 4502 remisit;commovente
3088 4431 3346 4487 vicissim
3396 4430 3512 4485 ista
3561 4428 3775 4484 humili

354 4527 682 4599 saginaque
706 4526 798 4582 sui
832 4527 1159 4581 maximum
1184 4525 1450 4596 piscibus
1492 4524 1802 4594 dederunt,
1827 4539 2018 4594 quan-
2046 4525 2097 4590 Ι)
2128 4523 2324 4595 specie
2352 4523 2814 4579 misericordiam
2846 4523 2905 4577 in
2952 4522 3151 4590 fratre,
3196 4519 3304 4575 viri
3356 4518 3531 4578 tanti.
3578 4517 3777 4573 subita

355 4621 487 4673 tum
520 4615 746 4673 scilicet
785 4615 1069 4671 allaturos
1120 4630 1249 4670 sese
1297 4613 1652 4684 conjugibus
1710 4616 1768 4668 et
1814 4612 2019 4668 liberis

350 4705 708 4778 triumphali
740 4706 987 4761 domum
1020 4704 1212 4760 reditu
1244 4705 1645 4774 speraverant.
1680 4701 1789 4756 Alii
1826 4701 2018 4757 Latini

2131 4613 2510 4669 conversione
2540 4613 2717 4669 sortis
2748 4617 2804 4668 et
2833 4615 2998 4667 tanta
3023 4609 3210 4683 gloria
3238 4609 3471 4680 dejecti.

1992 4852 2129 4945 E’.

358 5005 426 5063 α’.
485 5006 674 5065 Ὅπως
761 4999 957 5073 μεταξὺ
1032 4996 1383 5073 λύπηςμκαὶ
1426 4992 1665 5073 Δἡδονῆς
1726 4993 1942 5070 ἐγένετο
1996 4996 2024 5050 ὁ

615 5064 830 5151 κρατῶν
865 5064 955 5128 δίά
991 5071 1062 5127 τὰ
1110 5064 1393 5144 συμϐάντα
1423 5064 1477 5123 ἐν
1506 5068 1575 5143 τῇ
1607 5064 1776 5124 δύσειξ

360 5189 444 5257 [P.
474 5186 605 5259 230]
639 5181 801 5241 Οὕτω
863 5181 957 5255 μὶν
1017 5176 1108 5235 οὗν
1166 5182 1276 5232 τῶν
1333 5178 1471 5233 κατὰ
1521 5174 1669 5231 δύσιν
1718 5156 2023 5251 ξυμπεσόν-

2131 5014 2264 5064 των⁹
2321 4993 2412 5047 καὶ
2467 4993 2563 5045 τοῦ
2614 4987 2750 5043 κατὰ
2804 4992 2905 5064 γῆν
2962 4981 3283 5063 σφάλματος
3314 4984 3778 5069 ἀντισηκωθέντος

2132 5087 2211 5155 τῷ
2268 5082 2406 5138 κατὰ
2461 5078 2730 5143 θάλασσαν
2788 5075 3152 5150 εύτυχήματι,
3216 5072 3397 5143 λύπης
3447 5074 3474 5130 ὁ
3524 5071 3781 5149 βασιλεὺς

2138 5168 2334 5246 μεταξὺ
2363 5169 2451 5223 καὶ
2484 5165 2691 5236 ἡδονῆς
2719 5166 2809 5234 ἦν.
2851 5166 3040 5238 “Opica
3086 5159 3142 5218 8t
3187 5166 3304 5225 τοῖς
3336 5160 3630 5239 λογισμοῖς
3661 5162 3781 5217 ἐπι-

2007 5310 2114 5404 V.

371 5502 421 5553 1.
459 5498 521 5556 Ut
550 5493 767 5551 medius
800 5491 956 5546 inter
984 5502 1275 5545 maerorem
1304 5492 1356 5542 et
1396 5484 1663 5557 gaudium
1717 5486 2025 5556 imperator

544 5565 720 5641 fuerit
743 5564 810 5619 ob
842 5579 912 5619 ea
954 5577 1073 5633 quae
1108 5562 1169 5615 in
1202 5557 1491 5614 Occidente
1527 5564 1842 5623 evenerant,

442 5676 638 5734 Rebus
672 5673 732 5728 in
761 5671 919 5727 hunc
948 5668 1191 5726 modum
1247 5667 1307 5721 in
1362 5665 1675 5721 Occidente
1720 5663 1922 5735 gestis,
1966 5665 2023 5718 et

374 5764 694 5824 offensione
751 5760 1013 5819 terrestri
1039 5773 1318 5816 successu
1381 5754 1574 5812 navali
1619 5756 2019 5827 compensate,

2137 5494 2272 5535 cum
2307 5475 2535 5531 medius
2567 5470 3091 5544 aliquandiuinter
3137 5469 3363 5525 luctum
3424 5471 3480 5523 et
3523 5467 3787 5524 laetitiam

2133 5566 2304 5640 quasi
2339 5562 2712 5637 pependisset
2745 5558 3325 5633 imperator,tandem
3358 5556 3783 5614 caateraliheris

2130 5658 2440 5715 hominum
2466 5654 2713 5728 judieiis
2736 5653 3044 5722 utriusque
3076 5650 3211 5705 facti
3241 5647 3627 5704 :sstimatione
3647 5665 3781 5720 per-

2132 5749 2340 5819 missa,
2358 5746 2544 5819 magis
2574 5744 2700 5817 ipse
2718 5742 3067 5799 incumbens
3086 5739 3146 5795 in
3170 5736 3625 5810 auspicatiorem
3646 5755 3781 5811 par-
