4080 6388
315 408 423 465 78⁸1

1626 400 1929 460 GEORGII
1966 395 2431 452 PACHYMERE

3657 396 3770 453 788

320 531 534 608 τρέπων
563 533 632 586 τὰ
658 530 972 607 πράγματα,
1029 531 1091 586 τὸ
1153 532 1246 603 μὲν
1303 527 1634 602 δυστύχημα
1680 523 1968 579 κλαπεῖσιν
2000 525 2057 590 Α
2089 520 2223 574 εἶναι
2248 517 2562 582 δεσποτείας
2591 515 2768 593 ὄνομα
2817 519 2992 599 φέρειν
3043 520 3170 583 τοὺς
3201 517 3416 591 ἔξωθεν,
3455 523 3555 576 καὶ
3588 541 3769 598 προσ-

323 622 508 689 ἐτίθει,
554 623 617 676 τὸ
667 619 715 676 δ’
765 622 1056 696 εὐτύχημα
1104 623 1415 697 περιφανῶς
1467 614 1834 689 ἀριστεύσασι,
1884 611 1973 666 καὶ

325 712 388 766 τὸ
439 711 534 784 μὶν
581 708 791 785 χλεύην
853 712 967 763 οἷον
1027 711 1213 782 ἡγεῖτο
1260 711 1356 761 τοῦ
1409 703 1719 760 ἀποστάτου
1750 700 1978 777 ἐργολα-

326 795 556 861 ϐοῦντος
584 799 652 853 τὰ
681 800 827 871 παρά
859 795 1104 869 δύναμιν,
1152 797 1214 850 τὸ
1267 794 1323 850 δὲ
1368 795 1619 866 πολέμου
1649 793 1982 865 κατόρθωμα

326 889 418 944 καὶ
472 889 734 964 τρόπαιον
799 887 1070 961 ἄντικρυς.
1131 889 1292 950 ⁴Ὀθεν
1348 885 1439 939 καὶ
1497 884 1563 938 τὰ
1615 889 1716 950 τῆς
1776 878 1982 950 ἡδονῆς

331 978 499 1046 ἐνίκα,
560 985 692 1046 νῆας
749 977 950 1037 ἐκείνας
1008 977 1324 1036 ἐννοοῦντος
1381 979 1489 1028 τῶν
1549 971 1832 1043 πολεμίων
1892 967 1982 1022 καὶ

331 1065 524 1142 ἄνδρας
576 1065 627 1120 ἐν
689 1066 876 1126 αὐταίς
934 1063 1252 1134 πλείστους,
1311 1064 1405 1125 τὰς
1472 1064 1565 1135 μὲν
1623 1058 1984 1134 καταχθείσας

329 1161 409 1226 τῷ
439 1156 674 1229 νεωρίῳ,
727 1154 856 1215 τοὺς
917 1152 974 1208 δὲ
1027 1159 1147 1215 ταῖς
1198 1155 1436 1228 εἱρκταῖς
1472 1149 1787 1213 ἐκδοθέντας
1817 1147 1984 1216 σιδη-

334 1241 586 1319 ροδέτους
642 1245 733 1298 καὶ
796 1244 932 1317 μόνῃ
993 1245 1086 1314 θέᾳ
1139 1246 1196 1296 τὸ
1272 1243 1387 1297 κατ’
1440 1243 1617 1295 αὐτῶν
1675 1237 1986 1298 δεικνύντας

331 1335 609 1409 τρόπαιον.
645 1332 870 1389 ἘΑύπει
916 1331 974 1387 δέ
1025 1353 1088 1406 γε
1144 1333 1236 1386 τὸν
1301 1330 1531 1405 βασιλέα
1560 1330 1651 1384 καὶ
1683 1330 1710 1382 6
1740 1333 1862 1389 ταῖς
1892 1348 1985 1381 κο-

334 1421 452 1474 πίσι
508 1421 816 1483 κατάκοπος
869 1420 1196 1494 στρατηγὸς,
1255 1419 1330 1479 ὡς
1403 1416 1558 1492 ἐγγὺς
1627 1414 1802 1469 δοκεῖν
1858 1413 1988 1468 εἶναι

337 1507 425 1564 διὰ
453 1510 549 1572 τάς
578 1508 798 1582 πληγὰς
829 1513 926 1562 τοῦ
986 1510 1218 1571 θανάτου
1245 1527 1257 1539 ’
1320 1508 1457 1580 πρὸς
1497 1506 1598 1578 γάρ
1646 1510 1765 1564 ταῖς
1793 1501 1987 1564 ἄλλαις

336 1599 427 1652 καὶ
463 1597 586 1670 μίαν
619 1599 720 1664 τὴν
779 1596 917 1651 κατὰ
969 1601 1174 1673 νεφρῶν
1231 1596 1348 1668 εἶχε
1388 1593 1602 1666 καιρίαν
1662 1592 1990 1646 ἀπειλοῦσαν

338 1687 590 1742 θάνατον.
649 1687 806 1742 ’Όθεν
858 1685 949 1740 καὶ
1005 1685 1213 1759 ἰατροῖς
1267 1682 1624 1756 ἐπιμεληθεὶς
1674 1681 1765 1735 καὶ
1827 1679 1990 1751 μόλις

341 1776 479 1847 πρὸς
509 1777 571 1829 τὸ
603 1775 966 1849 ὑγιεινότερον
997 1773 1192 1836 κλίνας
1247 1775 1309 1828 τὸ
1366 1774 1488 1848 περὶ
1550 1771 1718 1826 αὐτοῦ
1750 1768 1994 1825 δεδοικέ-

2087 607 2390 683 απεδέχθη.
2449 610 2601 663 Ὅθεν
2678 608 2767 663 καὶ
2825 611 3014 679 κοινὴν
3076 607 3264 671 ἄλλως
3321 609 3380 665 ἐκ
3445 612 3768 688 χρυσοσύρ-

2090 719 2260 771 ματος
2304 696 2618 773 καλύπτραν
2675 697 2984 772 ἐνθέμενος,
3037 694 3424 778 μελαμϐαφέσι
3482 696 3546 754 δὲ
3602 699 3765 756 πεδί-

2087 785 2208 850 λοις
2237 786 2326 841 καὶ
2357 791 2474 851 τοῖς
2501 788 2619 851 καθ’
2642 785 2812 842 ’ίππον
2856 787 3176 861 στολισμοῖς
3224 789 3551 864 χρώμενος,
3589 789 3758 863 μόνον

2085 877 2146 932 τὸ
2180 873 2445 947 δεσπότης
2475 875 2772 946 κεκλῆσθαι
2805 877 3158 956 ἀναφαίρετον
3193 878 3332 953 εἶχε,

2094 1019 2158 1093 β’.
2213 1020 2429 1094 ’Ὁπως
2460 1020 2809 1094 σχιζομένων
2867 1025 2975 1075 τῶν
3047 1023 3162 1094 κατ’
3217 1019 3501 1094 ἀνατολὴν
3567 1021 3598 1076 ὁ
3661 1041 3773 1076 πα-

2302 1089 2584 1166 πριάρχης
2616 1089 2705 1147 διὰ
2749 1095 2917 1147 ταῦτα
2957 1098 3074 1155 τοῖς
3104 1092 3216 1148 ἐκεῖ
3243 1089 3540 1165 ἐπιδημεῖ.

2165 1235 2250 1306 [Ρ.
2283 1237 2410 1306 23ίῖ
2468 1234 2548 1290 Τὰ
2621 1235 2799 1308 μέντοι
2846 1241 2948 1304 τῆς
2997 1233 3330 1304 Ἐκκλησίας
3361 1234 3544 1290 ἐνόσει
3607 1255 3772 1309 περι-

2095 1317 2297 1390 φανῶς,
2343 1315 2433 1368 καὶ
2489 1315 2550 1369 τὸ
2607 1314 2820 1391 σχίσμα
2877 1315 2952 1377 εἷς
3016 1316 3151 1390 μέγα
3196 1311 3385 1391 ᾔρετο,
3414 1319 3532 1370 τῶν
3571 1317 3771 1388 Ἀρσε-

2093 1406 2290 1457 νιατῶν
2349 1401 2437 1458 ἐπὶ
2511 1404 2678 1459 πλέον
2749 1404 3211 1478 προστιθεμένων,
3271 1405 3345 1466 ὡς
3408 1407 3490 1477 μὴ
3563 1404 3769 1478 μόνους

2097 1490 2331 1554 ἐκείνους
2391 1492 2443 1547 o'i
2501 1491 2567 1561 δὴ
2623 1499 2704 1566 τῷ
2760 1497 3076 1569 πατριάρχῃ
3135 1493 3394 1568 Ἀρσενίῳ
3437 1493 3770 1570 ἐντυχόντες

2099 1579 2236 1636 εἶδον
2271 1583 2551 1656 σχίζεσθαί
2605 1605 2663 1638 τε
2719 1585 2806 1638 καὶ
2860 1584 3060 1655 ζηλοῦν
3121 1585 3251 1660 ὑπὲρ
3313 1583 3557 1656 ἐκείνου,
3620 1583 3770 1641 ἀλλά

2097 1671 2187 1726 καὶ
2243 1671 2370 1736 τοὺς
2428 1670 2558 1745 μηδ’
2616 1674 2762 1736 ὅλως
2824 1672 3035 1736 ἰδόντας
3093 1673 3594 1751 καθυπαγομένους
3647 1681 3766 1738 τοῖς

2098 1760 2312 1825 ἄλλοις.
2345 1763 2484 1817 Ilo-ce
2514 1760 2572 1817 δὲ
2600 1763 2690 1818 καὶ
2717 1764 2779 1817 τὸ
2811 1764 2934 1839 περὶ
2979 1768 3078 1818 τοῦ
3109 1764 3313 1840 Ἰωσὴφ
3345 1764 3765 1842 φημιζόμενον,

343 1885 434 1919 ναι
461 1864 590 1927 τοὺς
625 1862 875 1927 πολλοὺς
931 1865 1215 1938 ἀφῃρεῖτο.
1270 1862 1424 1920 Ἐπεὶ
1485 1859 1543 1916 δὲ
1593 1861 1684 1916 καὶ
1735 1859 1992 1935 ἀγάλλειν
2025 1891 2070 1955 Β
2103 1855 2176 1916 ὡς
2231 1850 2615 1926 ἀφωρισμένος
2690 1851 2791 1921 εἷίη,
2852 1852 3142 1929 αἰρόμενον
3196 1852 3292 1914 τὰς
3348 1857 3462 1907 τῶν
3526 1850 3764 1908 πολλῶν

347 1950 456 2008 ἔδει
512 1957 702 2008 τοῦτον
760 1953 852 2007 τὸν
914 1952 1139 2028 βασιλέα
1169 1953 1457 2006 ἀντίποινα
1510 1956 1619 2007 τῶν
1677 1949 1863 2004 δεινῶν
1916 1949 1989 2002 ὦν

342 2043 640 2118 ἐκαρτέρει,
692 2041 772 2114 τῷ
829 2046 926 2097 τοῦ
977 2041 1214 2115 μεγάλου
1273 2039 1466 2102 δουκὸς
1519 2044 1656 2111 τιμᾷ
1703 2037 1989 2110 ἀξιώματι.

340 2134 403 2188 Ὀ
465 2133 650 2203 μέντοι
707 2151 771 2205 γε
827 2129 1060 2206 ἀδελφὸς
1117 2134 1216 2184 τοῦ
1270 2133 1597 2202 κρατοῦντος
1649 2128 1676 2181 ὁ
1732 2127 1992 2194 Ἰωάννης

341 2221 442 2289 τὴν
471 2220 641 2274 αἰτίαν
676 2217 996 2288 ἀπαιτηθείς
1045 2220 1173 2294 παρ’
1219 2220 1281 2287 ἣν
1337 2218 1426 2272 καὶ
1455 2219 1523 2272 τὰ
1543 2224 1644 2284 τῆς
1678 2213 1989 2276 δεσποτείας

341 2304 584 2363 ἀπέϐαλε
638 2303 914 2381 σύμϐολα,
965 2309 1052 2362 καὶ
1112 2308 1161 2382 γ’
1219 2308 1533 2380 ἀποκριθεὶς
1579 2307 1647 2360 τὰ
1703 2305 1756 2366 ἐς
1803 2303 1988 2379 χάριν,

339 2399 414 2460 ὡς
471 2397 602 2453 υίῶν
661 2397 865 2453 ἐκείνου
905 2395 1285 2471 ἀνδρωθέντων
1342 2393 1452 2467 ἤδη
1517 2388 1623 2469 μή¹
1662 2396 1721 2450 ἄν
1782 2393 1990 2450 δίκαιον

336 2613 887 2684 tem,infortunium
923 2615 1150 2671 furtivae
1179 2612 1534 2687 grassationi
1579 2612 1866 2682 hostium,
1908 2612 1996 2669 vi-

336 2703 580 2762 ctoriam
610 2704 988 2776 generositati
1012 2704 1254 2760 heroica:
1275 2707 1790 2771 suorum,cunctas
1819 2703 1996 2758 sortis

341 2793 687 2866 iniquitates
718 2793 1060 2849 fortitudine
1092 2793 1398 2865 splendide
1431 2792 1776 2865 praevalente
1800 2791 1995 2865 palam

341 2883 397 2939 vi
431 2886 630 2955 aperta
661 2883 1190 2956 perrumpentium,
1225 2899 1456 2955 aequum
1499 2883 1774 2938 censebat
1805 2882 1995 2953 impu-

343 2970 675 3045 tari.Atque
698 2971 843 3027 illud
879 2973 1117 3043 quidem
1160 2973 1455 3028 contemni
1506 2972 1716 3027 debere
1765 2975 1998 3026 conten-

345 3061 520 3118 debat
551 3060 712 3116 velut
742 3062 1040 3132 quoddam
1068 3060 1332 3131 joculare
1362 3059 1684 3114 ludibrium
1710 3059 1997 3130 foedifragi

346 3149 659 3206 nebulonis
686 3149 814 3206 ausi
848 3151 1071 3221 majora
1104 3150 1224 3204 suis
1250 3150 1491 3215 viribus,
1513 3149 1622 3204 hoc
1653 3149 1847 3221 magni
1874 3148 1999 3204 ﬁeri

2102 1943 2284 2018 ψυχὰς
2322 1940 2565 2003 ἐκτόπως
2625 1940 2903 2014 ἐκύμαινε,
2959 1938 3054 1996 κᾶν
3115 1942 3316 2004 ἐκεῖνος
3378 1942 3565 2018 συχνά
3622 1941 3770 2013 λαμ-

2103 2028 2281 2086 ϐάνων
2333 2031 2478 2105 παρά
2539 2032 2809 2106 βασιλέως
2870 2034 3137 2107 χρήματα
3185 2031 3247 2086 τὸ
3306 2031 3624 2109 φιλόδαρον
3653 2036 3773 2094 τοῖς

2101 2124 2524 2199 προσκειμένοις
2577 2121 2890 2194 ἐπηύξανεν.
2952 2123 3030 2180 Οὐ
3087 2124 3190 2200 γάρ
3247 2125 3314 2192 ἦν
3347 2124 3384 2179 ’ὀ
3431 2125 3679 2194 ζητήσας
3709 2123 3769 2177 οὗ

2099 2212 2366 2289 παρευθὺς
2396 2208 2722 2286 ἐλάμϐανεν,
2782 2213 2857 2275 ὡς
2911 2210 3086 2288 λέγειν
3146 2209 3432 2276 ποΛλὸίκις
3486 2214 3580 2268 τὸν
3619 2213 3774 2289 βασι-

2101 2298 2346 2375 λέα,τοῦ
2404 2301 2675 2375 ἱερατίκοῦ
2741 2299 2980 2375 μανδύου
3035 2301 3127 2356 τὸν
3188 2303 3554 2377 πατριάρχην
3614 2297 3768 2356 κατ’ἐ-

2101 2392 2396 2468 χοντα,ὡς
2443 2389 2602 2453 αὐτὸς
2659 2389 2741 2462 εἷή
2806 2392 2833 2446 ὁ
2889 2392 2984 2454 τὰς
3033 2397 3133 2462 τῆς
3191 2388 3358 2465 Ἑδὶμ
3399 2389 3583 2454 πύλας
3626 2389 3774 2462 αὐτῷ

2107 2613 2220 2670 ista
2265 2612 2554 2670 modestia
2603 2612 2889 2668 Joannem
2949 2612 3310 2683 imperantes
3340 2612 3772 2683 permiserunt.

2108 2705 2256 2775 Ergo
2289 2704 2341 2759 is
2372 2720 2476 2775 pro
2508 2718 2684 2758 aureo
2717 2701 3035 2768 ﬁmbriato,
3086 2717 3263 2774 quem
3297 2703 3478 2774 prius
3507 2705 3768 2771 gestave-

2108 2797 2217 2859 rat,
2244 2793 2546 2864 vulgarem
2579 2791 2900 2863 promiscui
2935 2807 3080 2848 usus
3097 2789 3275 2862 capiti
3300 2792 3533 2863 piieum
3579 2793 3764 2864 impo-

2107 2883 2266 2945 suit;
2307 2880 2491 2953 nigris
2540 2897 2776 2952 quoque
2833 2881 3030 2937 induit
3077 2881 3254 2952 pedes
3289 2881 3534 2949 calceis,
3583 2881 3766 2954 nigris

2107 2988 2288 3043 equos
2318 2971 2584 3043 proprios
2618 2970 2912 3042 ephippiis
2941 2971 3232 3028 instravit.
3265 2969 3530 3027 Vocitari
3570 2975 3766 3026 tamen

2107 3062 2167 3115 in
2202 3065 2500 3131 posterum
2531 3076 2766 3131 quoque
2797 3060 3062 3131 despota,
3089 3063 3156 3114 ut
3183 3063 3344 3128 ante,
3401 3077 3521 3116 non
3573 3059 3764 3129 desiit,

2108 3149 2326 3219 populo
2411 3165 2480 3203 ex
2552 3149 2981 3203 censuetudine
3055 3148 3391 3216 deferente,
3475 3165 3582 3204 nec
3650 3153 3768 3202 Aa-

341 3242 408 3294 ut
437 3239 686 3295 arduum
721 3242 775 3295 et
807 3238 1004 3310 gloriae
1035 3238 1232 3294 solidae
1263 3238 1502 3308 plenum
1527 3237 1990 3309 experimentum
2027 3263 2069 3328 ρ
2109 3237 2972 3310 gustisinvidentibus,merum
2997 3241 3055 3293 et
3077 3254 3138 3294 re
3157 3237 3763 3312 significattevacuum

339 3344 488 3384 verae
520 3327 744 3384 bellicae
776 3327 1033 3395 virtutis,
1057 3328 1152 3383 cui
1183 3328 1370 3382 honos
1403 3327 1598 3398 tropaei
1637 3328 1766 3396 jure
1815 3343 1994 3398 quam

348 3418 570 3490 optimo
603 3417 936 3474 deberetur.
961 3415 1147 3471 Facile
1210 3417 1390 3488 igitur
1445 3416 1715 3471 vincebat
1761 3416 1820 3471 in
1874 3417 2004 3486 ejus

343 3507 540 3564 animo
575 3507 860 3578 gaudium
914 3521 1246 3570 maerorem,
1297 3509 1630 3560 recurrente
1681 3505 2002 3575 praesertim

346 3596 630 3652 memoria
649 3599 734 3649 tot
755 3594 1059 3649 hostilium
1081 3594 1311 3648 navium
1339 3593 1645 3648 navalibus
1669 3594 2000 3649 additarum

349 3685 496 3755 suis,
528 3689 613 3740 tot
638 3683 900 3739 hostium
926 3683 984 3738 in
1024 3683 1094 3738 iis
1127 3688 1436 3754 captorum
1470 3683 1724 3754 indeque
1748 3685 2006 3739 detruso-

353 3790 484 3830 rum
519 3773 574 3828 in
610 3771 930 3840 custodias,
958 3771 1055 3826 ubi
1092 3773 1240 3827 ferro
1283 3771 1460 3826 vincti
1520 3773 1694 3828 tacito
1727 3775 1816 3826 sui
1873 3789 2005 3845 spe-

354 3862 583 3918 ctaculo
599 3867 885 3933 tropaeum
911 3861 1078 3932 quasi
1100 3863 1397 3934 quoddam
1414 3866 1710 3917 exstarent
1731 3862 2007 3918 Romanae

355 3950 675 4006 felicitatis.
734 3949 834 4005 Hic
892 3955 1086 4006 tamen
1144 3967 1215 4006 ne
1275 3951 1447 4022 plane
1498 3968 1681 4022 purus
1741 3955 2004 4022 Augusto

352 4045 509 4095 esset
562 4041 788 4096 fructus
849 4039 1052 4108 animi,
1113 4041 1440 4112 periculum
1526 4041 2006 4113 Philanthrnpeni

351 4131 735 4200 temperabat,
769 4131 918 4184 337
958 4130 1036 4184 ita
1087 4130 1493 4184 decumbentis
1545 4146 1612 4184 ex
1660 4129 2008 4185 vulneribus

349 4220 538 4276 navali
575 4221 769 4293 praelio
803 4219 1058 4292 acceptis
1091 4225 1150 4273 ut
1185 4222 1314 4291 ejus
1345 4221 1472 4274 vitae
1521 4219 1846 4275 timeretur.
1899 4225 2009 4275 Ho-

349 4327 482 4366 rum
516 4315 640 4364 erat
668 4308 983 4366 vulnerum
1037 4326 1221 4364 unum
1285 4309 1607 4380 praesertim
1661 4309 1718 4363 in
1768 4309 2008 4364 renibus

347 4399 607 4472 gravius,
637 4416 706 4454 ex
739 4415 855 4469 quo
891 4403 1225 4454 secuturam
1263 4403 1509 4453 mortem
1556 4397 1818 4469 plerique
1867 4400 2008 4453 omi-

348 4489 664 4546 nabantur.
701 4488 954 4544 Evanuit
987 4493 1184 4542 tamen
1214 4489 1378 4543 triste
1411 4488 2008 4560 augurium.medicis

351 4578 519 4634 enixe
578 4579 645 4633 ad
707 4578 1038 4632 curandum
1093 4594 1312 4648 aegrum
1384 4594 1487 4631 nec
1545 4577 1672 4631 sine
1731 4593 2007 4631 successu

2109 3344 2345 3384 nomen.

2109 3475 2163 3526 2.
2199 3471 2261 3528 Ut
2289 3472 2582 3548 schismate
2607 3489 2710 3548 per
2742 3471 3020 3548 Orientem
3052 3473 3452 3548 invalescante,
3491 3491 3553 3532 eo
3581 3491 3638 3531 se
3663 3490 3764 3548 pa-

2236 3546 2480 3600 triarcha
2505 3545 2807 3601 contulerit
2834 3548 2989 3616 pacis
3022 3545 3399 3604 concilianda:
3427 3545 3633 3619 gratia.

2181 3690 2236 3742 2.
2297 3688 2537 3744 interim
2589 3687 2998 3744 ecclesiasticae
3057 3703 3150 3743 res
3207 3687 3590 3744 manifestius
3641 3688 3762 3757 jam

2113 3793 2290 3848 quam
2324 3783 2388 3831 ut
2410 3781 2608 3849 posset
2636 3777 3004 3832 dissimulari
3039 3777 3476 3848 laborabant,et
3506 3777 3764 3833 schisma

2112 3867 2491 3922 incrementis
2524 3867 2861 3938 ingentibus
2893 3867 3244 3938 augebatur,
3270 3867 3549 3938 plurimis
3600 3882 3662 3921 se
3708 3864 3764 3917 in

2113 3957 2239 4010 dies
2268 3957 2336 4010 ad
2363 3957 2805 4012 Arsenaitarum
2843 3957 3151 4011 factionem
3187 3955 3770 4025 addentibus.Neque

2113 4049 2268 4100 enim
2301 4046 2341 4099 ii
2373 4045 2563 4100 solum
2603 4046 2702 4116 qui
2739 4045 3046 4100 Arsenium
3083 4045 3484 4116 patriarcham
3511 4044 3771 4098 viderant

2114 4136 2284 4205 eique
2315 4137 2686 4199 studuerant,
2705 4135 3049 4189 abscindere
3073 4151 3132 4188 se
3152 4135 3276 4204 jam
3299 4151 3330 4188 a
3353 4131 3765 4190 communione

2115 4224 2584 4278 adversariorum
2619 4225 2748 4293 ejus
2780 4229 2836 4279 et
2869 4241 2970 4295 pro
3003 4224 3191 4295 ipsius
3223 4224 3599 4279 restitutione
3646 4235 3766 4275 cer-

2114 4318 2237 4366 tare
2269 4313 2460 4382 palam
2493 4313 2902 4380 cernebantur,
2933 4315 3034 4368 sed
3063 4317 3119 4367 et
3172 4311 3270 4367 alii
3331 4313 3555 4384 passim
3608 4304 3765 4363 nulla

2115 4401 2277 4456 illius
2310 4402 2593 4473 peculiari
2624 4402 2852 4467 notitia,
2887 4401 3048 4457 nullo
3079 4402 3135 4455 in
3171 4418 3303 4456 eum
3359 4399 3596 4473 proprio
3632 4395 3766 4452 affe-

2114 4497 2207 4544 ctu
2241 4492 2627 4562 praeoccupati
2664 4508 2922 4564 unquam
2961 4496 3354 4557 antea,tamen
3382 4493 3438 4545 in
3462 4506 3559 4544 eas
3583 4483 3761 4559 partis

2114 4580 2336 4634 ambitu
2369 4585 2425 4634 et
2459 4580 2653 4634 studio
2685 4581 3063 4635 sectariorum
3116 4581 3243 4648 eius
3293 4578 3757 4634 attrahebantur.

351 4667 869 4730 contendentibus,
905 4667 985 4720 ita
1019 4670 1083 4719 ut
1114 4638 1271 4719 brevi
1299 4671 1428 4736 post
1460 4671 1723 4736 tei‘npore
1755 4682 1867 4719 non
1895 4667 2002 4719 du—
2039 4638 2081 4700 Π
2117 4669 2301 4739 Vulgo
2329 4671 2383 4722 in
2420 4670 2626 4740 primis
2659 4670 2801 4723 illud
2839 4671 3101 4725 omnium
3155 4638 3308 4724 ἔκιε
3360 4684 3460 4724 ore
3515 4664 3763 4720 celebra-

353 4756 467 4811 biis
497 4756 773 4810 reditura:
799 4754 1156 4810 valetudinis
1190 4754 1420 4809 indiciis
1479 4755 1868 4824 exstantibus,
1899 4756 2000 4825 qui

351 4846 481 4914 ejus
541 4862 719 4900 causa
787 4843 1021 4899 solliciti
1088 4845 1337 4909 fuerant,
1412 4860 1554 4897 cura
1616 4843 1998 4907 solverentur,

353 4937 588 5006 quando
617 4937 936 5007 imperator
966 4927 1207 4988 suarum
1243 4949 1372 4988 esse
1407 4931 1658 5003 partium
1687 4937 1847 4986 ratus
1872 4949 2004 4987 con-

350 5024 526 5080 solari
560 5042 801 5096 passum
835 5030 892 5079 et
927 5023 1321 5096 periclitatum
1359 5039 1464 5077 sua
1503 5039 1678 5076 causa
1707 5021 1882 5076 talem
1914 5023 1997 5076 vi-

345 5115 758 5185 rum,pretium
792 5115 840 5169 ei
875 5104 1270 5169 aerumnarum
1304 5130 1369 5168 ac
1396 5113 1698 5185 plagarum
1737 5113 2002 5184 rependit

342 5203 630 5274 amplum,
660 5205 856 5275 magni
893 5204 1060 5258 ducis
1093 5204 1378 5274 dignitate
1413 5203 1605 5272 ipsum
1636 5202 1996 5257 honorando.

343 5291 542 5346 Frater
569 5297 761 5346 autem
798 5292 1140 5362 imperantis
1172 5291 1589 5357 Joannes,cum
1635 5297 1788 5346 esset
1837 5307 1905 5345 ex
1933 5308 1998 5346 eo

347 5380 658 5450 quaesitum
691 5397 793 5434 cur
824 5381 1080 5450 despotaa
1113 5380 1368 5451 insignia
1402 5382 1794 5452 deposuisset,
1815 5380 2000 5435 obno-

343 5469 435 5523 xie
466 5470 536 5522 ad
571 5471 820 5541 gratiam
858 5471 1179 5539 respondit,
1209 5476 1515 5540 postquam
1536 5472 1658 5541 jam
1677 5469 1776 5524 lilii
1802 5487 1869 5524 ex
1892 5473 2001 5523 Au-

349 5563 520 5627 gusto
555 5559 672 5612 nati
710 5559 767 5610 in
795 5557 948 5611 viros
981 5559 1398 5625 adolevissent,
1435 5559 1585 5614 haud
1607 5576 1837 5630 {equum
1872 5575 2001 5613 esse

350 5645 661 5713 despoticaa
695 5646 999 5716 potestatis
1032 5661 1240 5699 nomen
1301 5647 1360 5699 in
1410 5649 1702 5703 extraneis
1757 5647 1997 5702 haerere.

352 5733 607 5802 Accepta
637 5733 942 5803 responsio
974 5732 1456 5804 est,libenterque
1485 5735 1564 5789 uti
1592 5736 1869 5807 deinceps
1892 5751 2000 5791 sua

2111 4763 2233 4812 tum
2268 4759 2337 4812 de
2366 4759 2646 4828 Joscpho,
2680 4775 2807 4813 esse
2837 4759 3002 4812 illum
3036 4758 3147 4812 sibi
3181 4757 3484 4812 conscium
3537 4765 3757 4808 excom-

2113 4847 2532 4901 municationis
2580 4852 2915 4914 contractae,
2964 4847 3336 4901 vehementer
3386 4839 3760 4917 perturbabat

2113 4936 2525 5007 plerornmque
2541 4935 2866 4990 animos.Et
2883 4937 3265 5006 quantumvis
3291 4935 3396 4990 iste
3421 4930 3672 5002 acceptis
3691 4923 3756 4980 ad

2113 5026 2166 5080 id
2202 5043 2234 5080 a
2266 5025 2529 5096 principe
2561 5025 2827 5095 pecuniis
2869 5024 3030 5095 large
3074 5023 3500 5096 profundendis
3550 5017 3759 5074 exstin-

2113 5131 2288 5185 guere
2320 5115 2621 5180 invidiam,
2655 5115 2898 5184 quaesito
2929 5132 3026 5186 per
3060 5112 3504 5169 beneﬁcentiam
3548 5109 3753 5168 favore,

2112 5206 2441 5267 conaretur,
2477 5203 2534 5256 in
2571 5219 2820 5274 eamque
2871 5203 3304 5273 indulgentiam
3367 5205 3486 5254 tam
3541 5205 3753 5268 pronus

2112 5293 2498 5357 incumberet,
2531 5297 2595 5346 ut
2618 5308 2788 5346 nemo
2821 5293 2892 5347 ab
2923 5309 2988 5348 eo
3020 5291 3253 5363 quidvis
3298 5289 3560 5361 posceret
3613 5279 3748 5352 quin

2112 5381 2310 5435 statim
2345 5387 2981 5451 assequeretur,tamen
3017 5398 3121 5435 nec
3154 5381 3238 5436 sic
3280 5377 3569 5435 efficiebat
3614 5368 3748 5441 quin

2112 5486 2326 5540 magna
2357 5475 2413 5523 et
2445 5470 2631 5524 tristis
2677 5471 2831 5525 circa
2892 5485 3026 5522 eum
3085 5469 3341 5524 solitudo
3401 5463 3742 5520 cerneretur.

2111 5561 2232 5622 Quo
2268 5560 2447 5612 facete
2499 5559 2770 5614 alludens
2821 5560 3158 5629 imperator,
3212 5572 3388 5612 manu
3434 5565 3581 5621 saepe
3625 5559 3745 5617 91⁵6-

2110 5649 2294 5701 henso
2324 5647 2668 5718 patriarchae
2715 5647 3021 5718 praesentis
3074 5647 3274 5719 pallio,
3322 5644 3510 5700 dicere
3549 5634 3745 5692 solitus

2112 5739 2237 5792 erat
2266 5737 2572 5808 aperuisse
2603 5735 2772 5791 illum
2807 5736 2917 5792 sibi
2952 5737 3212 5807 paradisi
3237 5736 3600 5807 januas,qu0
3629 5723 3745 5794 ίρθθ
