4080 6396
343 385 455 441 789

1421 394 1521 448 DE
1556 392 1936 451 MICHAELE
1974 396 2422 456 PALEOLOGO
2456 398 2590 456 LIB.
2631 404 2701 457 V.

3670 409 3780 467 790

344 509 627 606 ἀνοιγνὺσ,
687 513 761 606 ὡς
817 512 912 587 ἅμ’
969 512 1158 606 ἐκείνῳ
1214 514 1304 571 καὶ
1364 514 1524 571 αὐτὸν
1584 514 1848 575 εἰσελθεῖν
1908 522 2083 590 πι-Α
2114 542 2227 586 τος.
2263 522 2435 587 Αὐτὸς
2470 521 2516 579 δ’
2563 526 2695 581 εἶναι
2730 527 2876 603 παρὰ
2903 528 3030 593 τοὺς
3084 528 3292 593 ἄλλους
3334 529 3626 606 δοκιμάσαι
3680 538 3770 592 τὸν

346 599 549 655 στεύειν
608 602 835 658 κατόπιν
872 647 886 673 ,
952 601 1188 677 μηδενὸς
1246 602 1660 678 ἐμποδίζοντος.
1716 606 1854 671 Τοὺς
1915 610 2009 682 μὲν

345 690 437 745 οὗν
498 688 729 763 ἄλλους,
791 690 842 746 ο⁹ί
901 695 1036 747 κατά
1084 691 1250 749 πόλιν
1305 690 1675 771 διατρίϐοντες
1708 697 2004 773 ἠνώχλουν

345 777 532 846 ἀνέδην
592 780 983 855 ἐκτρεπόμενοι
1044 787 1260 855 τοῦτον,
1318 781 1469 839 οὐδὲν
1522 782 1666 858 ἔχων
1702 783 1829 861 δρᾷν
1864 785 2003 843 ἄλλο

345 870 380 940 ἢ
411 871 473 924 τὸ
526 867 695 943 μηδὲν
749 872 1053 947 φροντίζειν
1105 871 1327 927 ἐκείνων
1382 874 1457 936 εἰς
1497 878 1665 947 τιμῆς
1699 874 1861 952 λόγον
1912 876 2003 931 καὶ

342 960 703 1035 προστασίας,
757 958 864 1035 οὐχ
910 962 1058 1022 ὅπως
1090 962 1270 1030 ἠξίου,
1330 961 1476 1018 ἀλλά
1526 962 1613 1017 καὶ
1669 962 1863 1040 ἠλόγει
1922 964 2003 1021 λε-

341 1049 551 1124 γόντων
580 1048 648 1103 τὰ
699 1046 962 1122 μάλιστα.
995 1047 1225 1121 Ἀνδρας
1275 1048 1332 1105 δὲ
1390 1052 1792 1123 πνευματικοὺς
1844 1051 2001 1117 εἷ’δὼς

341 1140 459 1193 κατ’
518 1136 821 1209 Ἀνατολὴν
884 1136 1223 1214 ἐνιδροῦντας
1264 1140 1355 1195 καὶ
1413 1145 1528 1212 Θεῷ
1580 1140 1729 1214 μόνῳ
1780 1146 2000 1216 ζῶντας,

339 1227 553 1283 ἀκούων
612 1229 701 1284 καὶ
751 1229 875 1305 περὶ
907 1227 1123 1284 ἕκείνων
1174 1230 1246 1291 ὡς
1279 1227 1749 1301 σκανδαλίζοιντο,
1779 1226 2002 1288 ἔσπευδε

338 1317 601 1374 κάκείνων
661 1319 757 1380 τὰς
813 1318 1034 1394 γνώμας
1083 1325 1512 1394 προκατασχεῖν,
1558 1318 1743 1384 αὐτοῖς
1789 1316 1999 1395 ὄμμασι

341 1408 550 1472 θεαθεὶς
578 1412 695 1470 τοῖς
728 1406 962 1465 ἐκείνων.
1010 1408 1114 1465 Καὶ
1159 1405 1225 1477 δὴ
1275 1410 1397 1483 περὶ
1456 1408 1667 1464 τούτων
1722 1414 1801 1482 τῷ
1852 1411 2001 1486 βασι-

341 1496 430 1552 λεῖ
488 1495 1050 1573 κοινολογησάμενος,
1100 1497 1203 1553 ὑπὸ
1261 1496 1450 1571 πολλῇ
1510 1501 1577 1572 λῇ
1637 1497 1885 1574 σπατάλῃ
1921 1498 1996 1555 ἐν·

338 1586 649 1648 σκευασθεὶς
681 1583 762 1640 ἐπ’
799 1586 1102 1657 Ἀνατολῆς
1153 1584 1378 1656 ἤλαυνε,
1430 1586 1521 1642 καὶ
1569 1592 1688 1651 τοῖς
1745 1585 1994 1664 ἀνδράσιν

339 1675 580 1747 ἐπιστὰς,
614 1676 689 1730 ὧν
722 1672 789 1745 δὴ
815 1676 906 1731 καὶ
965 1676 1042 1739 εἲς
1086 1677 1153 1731 τὰ
1206 1675 1443 1749 μάΛιστα
1474 1678 1501 1731 ὁ
1555 1678 1860 1751 θαυμαστὸς
1902 1679 1997 1751 ἅμ’

341 1765 536 1839 ἀρετὴν
592 1764 685 1819 καὶ
743 1763 904 1842 λόγον
968 1763 1246 1838 Βλεμίδης
1301 1767 1391 1836 ἦν,
1450 1764 1625 1830 πολὺς
1657 1768 1722 1836 ἦν
1753 1766 1880 1829 τοὺς
1911 1766 1995 1821 ἄν·

2120 615 2534 689 χρησιμεύοντα
2567 636 2579 648 ·
2639 618 2789 689 αὐτῷ
2834 618 2936 693 γὰρ
2989 625 3340 694 προσκεῖσθαι
3398 621 3489 676 καὶ
3547 623 3775 696 βασιλέα

2118 701 2683 781 πληροφορούμενον,
2746 705 2885 762 ὥστε
2946 710 3022 781 μὴ
3082 708 3230 772 ὅπως
3287 706 3600 783 ξυμϐαίνειν
3659 715 3770 768 τισί

2116 790 2336 866 χαλεπά
2410 793 2501 847 καὶ
2561 795 2830 865 ἀνήκεστα
2876 800 3293 871 προσκειμένοις
3353 799 3579 873 ἱκείνῳ,
3625 800 3770 857 ἀλλὰ

2114 880 2204 935 καὶ
2262 880 2498 945 πολλοῖς
2553 880 2746 946 ἄλλοις
2779 887 2858 959 [Ρ.
2893 888 3019 960 232]
3083 886 3137 941 εὖ
3195 886 3465 964 γίγνεσθαι
3525 886 3612 943 διὰ
3666 890 3764 958 τὴν

2113 972 2249 1046 πρὸς
2294 971 2450 1027 αὐτὸν
2509 972 2776 1049 βασιλέως
2826 974 3236 1051 ἀγαθοθέλειαν.
3288 983 3457 1034 Τοῦτο
3508 978 3595 1033 καὶ
3628 979 3766 1054 πρὸς

2112 1059 2317 1124 ἄλλους
2362 1067 2470 1118 τῶν
2530 1070 2911 1138 πνευματικῶν
2973 1063 3182 1141 ἀνδρῶν
3217 1066 3394 1142 ἔλεγε,
3454 1073 3614 1123 τοῦτο
3673 1069 3762 1124 καὶ

2109 1153 2247 1227 πρὸς
2277 1152 2434 1207 αὐτὸν
2468 1152 2811 1226 Βλεμμίδην,
2863 1153 2951 1210 καί
2999 1156 3278 1231 παρεσύλα
3329 1159 3424 1220 τὰς
3485 1159 3577 1212 ἀπ’
3624 1158 3762 1213 ὲκεί-

2108 1263 2215 1295 νων
2277 1241 2483 1304 εὐνοίας
2542 1240 3070 1320 φιλοφρονούμενος.
3127 1249 3220 1317 Τῷ
3274 1244 3329 1301 δὲ
3376 1268 3435 1320 γε
3466 1246 3760 1322 Βλεμμίδῃ

2108 1330 2199 1385 καὶ
2232 1328 2371 1386 ἄλλο
2403 1332 2538 1386 κατά
2568 1333 2768 1387 σκοπὸν
2800 1332 2865 1402 ἦν
2897 1334 2958 1387 τὸ
3007 1336 3191 1389 πεῖθον
3243 1335 3444 1390 ἐκεῖνον
3480 1334 3754 1412 δέχεσθαι.

2109 1417 2334 1489 Ἐπειδὴ
2394 1420 2497 1495 γὰρ
2552 1422 2751 1485 ἐκεῖνος
2807 1420 3107 1500 φιλόσοφον
3170 1421 3366 1494 διαζῶν
3450 1426 3565 1501 βίον
3626 1424 3757 1490 ὅλος

2104 1514 2212 1565 τῶν
2273 1509 2378 1566 ὧδε
2431 1510 2663 1586 ἐξῄρητο
2694 1512 2782 1567 καὶ
2813 1512 3034 1575 ἀπαθῶς
3068 1513 3184 1588 εἶχε
3213 1516 3350 1587 πρὸς
3381 1516 3448 1569 τὰ
3476 1516 3753 1590 γινόμενα,

2108 1597 2232 1656 οὕτε
2275 1603 2381 1655 τινὶ
2415 1606 2746 1677 προσπαθῶν
2808 1598 2930 1657 οὕτε
2992 1604 3101 1675 μὴν
3160 1602 3441 1677 ἐμπαθῶν,
3472 1602 3598 1659 ἀλλ’
3626 1605 3691 1674 ἦν
3726 1606 3755 1660 ὁ

2105 1694 2229 1752 νοῦς
2261 1690 2451 1762 ἐκείνῳ
2500 1690 2573 1752 ὡς
2630 1689 2679 1745 εἷ’
2729 1692 2802 1763 μὴ
2851 1691 3063 1765 σώματι
3125 1690 3270 1755 ὅλως
3331 1689 3637 1767 κατείχετο,
3697 1691 3750 1750 ἓν

2104 1780 2384 1853 ἐλογίζετο
2412 1780 2501 1836 καὶ
2547 1781 2822 1857 Ἀρσὲνιον
2854 1782 2984 1836 εἶναι
3034 1783 3123 1837 καὶ
3175 1784 3399 1860 Ἰωσὴφ,
3435 1782 3496 1837 οὐ
3525 1788 3752 1857 γυμνοῖς

342 1852 486 1960 δΡῨςΛ
520 1854 1021 1960 ὑποπξιοδμίγος·’
1051 1856 1155 1960 Ῑξαὶ
1195 1855 1535 1960 ,σξροσέξτειθε
1577 1854 1765 1960 ,λέγων
1826 1878 1996 1960 ξτροσ·
2028 1896 2071 1960 Β
2103 1852 2286 1933 αὐτοῖς
2341 1852 2631 1945 προσέχων
2662 1875 2778 1932 τοῖς
2808 1873 3175 1947 γιγνομένοις,
3233 1871 3308 1933 ὡς
3354 1852 3448 1925 τὸν
3503 1852 3608 1943 μὶν⁷
3630 1871 3751 1947 κρί-

341 1945 546 1999 κεῖσθαι
622 1944 717 2018 μὲν
799 1945 889 1999 καὶ
965 1944 1125 2008 αὐτὸς
1195 1945 1454 2022 Ἀρσενίῳ
1504 1946 1593 2001 καὶ
1643 1947 1990 2023 πατριάρχην

337 2035 602 2107 ἡγεῖσθαι,
672 2038 776 2088 τῶν
862 2035 976 2089 κατ’
1035 2032 1241 2090 ἐκείνου
1300 2036 1759 2099 συσκευασθέντων
1818 2032 1992 2091 διακε-

334 2129 430 2191 νῆς
492 2120 633 2195 μηδὲ
688 2124 750 2178 τὸ
812 2122 993 2199 βραχὺ
1050 2123 1375 2202 φροντίζων
1438 2122 1589 2198 ὅμως
1646 2122 1692 2180 δ’
1747 2123 1986 2199 ἀνάγκης

335 2206 502 2281 οὔσης
558 2214 659 2282 τήν
717 2209 1048 2281 Ἐκκλησίαν
1103 2214 1513 2286 ποιμαίνεσθαι,
1573 2214 1812 2288 ἀνάγκην
1852 2215 1988 2269 εἶναι

329 2301 451 2357 τινὰ
502 2301 594 2357 τὸν
643 2300 848 2358 ἐκείνου
876 2303 1043 2358 τόπον
1089 2303 1473 2379 ἀποπληροῦν,
1525 2302 1731 2360 ἐκείνου
1767 2306 1841 2379 μὴ
1895 2300 1983 2359 ὅν-

337 2537 473 2606 post
520 2548 680 2602 eum,
738 2532 901 2590 nullo
959 2535 1144 2590 turbae
1200 2535 1489 2590 obstantis
1547 2535 1990 2607 impedimento,

335 2624 506 2680 facile
539 2624 920 2696 ingressurus
964 2625 1281 2681 videretur.
1332 2627 1412 2681 Ac
1454 2642 1554 2681 eos
1601 2624 1836 2696 quidem
1889 2626 1990 2696 qui

338 2711 535 2785 palam
561 2711 617 2767 in
644 2713 789 2768 urbe
809 2713 1093 2769 adversus
1114 2714 1439 2786 Josephum
1462 2714 1861 2770 declamantes
1884 2729 1991 2785 po-

340 2800 550 2873 pulum
582 2801 655 2857 ab
684 2818 751 2858 eo
783 2803 1142 2868 avertebant,
1184 2820 1315 2858 cum
1363 2802 1414 2858 is
1453 2804 1575 2873 jam
1624 2802 1823 2858 omnia
1867 2804 1994 2857 fru-

340 2895 464 2947 stra
485 2895 760 2963 expertus
783 2892 930 2947 nihil
955 2893 1197 2948 haberet
1225 2893 1383 2947 aliud
1415 2893 1569 2964 quod
1603 2896 1820 2964 ageret,
1854 2907 1992 2946 con-

342 2982 602 3036 temnere
645 2981 933 3053 optimum
980 2982 1209 3053 putavit
1237 2982 1670 3055 negligereque,
1704 2980 1865 3036 nulla
1893 2996 1997 3036 eo»-

346 3085 477 3124 rum
523 3069 581 3123 in
625 3070 1041 3127 distributione
1086 3072 1561 3142 prastecturarum
1608 3075 1665 3127 et
1707 3070 1995 3127 honorum

343 3158 567 3215 ratione
588 3160 1340 3233 habenda,rejiciendisque
1359 3160 1994 3233 petitionibustalium,

338 3265 404 3304 ac
430 3249 479 3305 si
514 3265 631 3320 qua
656 3251 802 3306 forte
834 3254 1077 3323 urgente
1108 3252 1462 3306 necessitate
1493 3250 1817 3305 studiosius
1857 3265 1991 3305 cum

337 3354 403 3395 eo
454 3338 760 3411 quidpiam
811 3344 1160 3412 cogerentur
1206 3356 1400 3413 agere,
1449 3341 1695 3395 auribus
1745 3339 1995 3411 superbe

341 3428 695 3495 avertendis,
728 3429 946 3485 duritia
978 3446 1155 3501 quam
1186 3430 1354 3486 facile
1383 3430 1671 3485 sentirent
1701 3430 1758 3484 in
1790 3434 1997 3485 contu-

343 3516 546 3572 maciae
581 3517 844 3590 ipsorum
879 3518 1165 3574 ultionem
1200 3520 1480 3574 affectari.
1514 3519 1799 3574 Caeterum
1838 3518 1995 3573 idem

339 3606 587 3662 audiens
616 3607 772 3663 viros
810 3608 1154 3680 spirituales
1182 3625 1285 3680 per
1309 3608 1605 3664 Orientem
1650 3607 1998 3663 insudantes

343 3695 687 3753 virtutibus.
717 3697 835 3754 Deo
864 3698 1125 3752 viventes
1157 3698 1287 3764 soli,
1321 3697 1512 3768 {etiam
1558 3696 1717 3768 ipsos
1764 3696 1822 3750 in
1872 3712 1998 3751 sese

347 3786 756 3857 scandalizari,
789 3788 1256 3859 praevertendum
1290 3787 1425 3843 inde
1451 3787 1732 3857 ingruens
1772 3784 1997 3840 malum

347 3876 507 3932 omni
540 3876 733 3932 studio
766 3877 1010 3949 putavit,
1046 3876 1403 3948 dignamque
1452 3891 1572 3931 rem
1618 3891 1742 3930 eam
1790 3875 1999 3929 statuit

341 3966 432 4021 cui
480 3982 737 4038 praesens
782 3967 1158 4039 procurandae
1207 3966 1352 4021 nulli
1402 3982 1649 4038 parcens
1678 3981 1862 4034 operas
1894 3981 1996 4019 va-

342 4058 525 4126 caret,
557 4071 662 4128 spe
693 4055 969 4112 videlicet
997 4055 1282 4111 invitante
1316 4057 1433 4111 t‘ore
1465 4059 1530 4109 ut
1559 4054 1715 4126 apud
1746 4070 1844 4109 eos
1890 4070 1995 4109 au-

343 4144 603 4201 ditarum
624 4145 685 4200 in
709 4162 771 4201 se
792 4146 1094 4201 absentem
1130 4145 1609 4201 criminationum
1640 4142 1996 4199 calumniam

344 4239 658 4307 conspectu
692 4235 845 4290 ultro
877 4234 1109 4291 oblatus
1139 4235 1513 4306 blandusque
1552 4250 1748 4289 coram
1803 4248 1995 4287 sermo

345 4324 657 4380 refelleret.
689 4323 947 4380 Consilio
978 4324 1161 4395 igitur
1192 4324 1531 4396 imperatori
1564 4323 1996 4379 communicato

342 4413 729 4485 probatoque,
776 4414 1055 4470 comitatu
1105 4412 1289 4469 multo
1335 4412 1763 4484 splendidoque
1810 4427 1997 4482 usque

343 4504 413 4559 ad
459 4502 666 4558 luxum
711 4507 1022 4574 apparatu,
1070 4504 1127 4557 in
1165 4502 1460 4557 Orientem
1512 4501 1809 4573 profectus
1857 4505 1993 4568 est;

342 4591 547 4664 ibique
569 4608 701 4648 cum
727 4592 874 4647 alios
898 4593 1056 4647 viros
1080 4591 1339 4647 celebres
1362 4596 1644 4663 repertos,
1680 4595 1800 4645 tum
1829 4589 1996 4645 illum

2099 1981 2209 2015 νειν
2266 1956 2610 2029 ἀδικηθέντα,
2660 1960 2751 2013 τὸν
2813 1957 2858 2013 δ’
2915 1955 3238 2034 ἒπιϐήτορον
3282 1964 3448 2015 ταῦτα
3489 1960 3589 2036 γὰρ
3639 1979 3747 2035 χα-

2104 2053 2344 2122 μερποῦς
2374 2069 2519 2111 τινος
2568 2045 2806 2111 διανοίας
2846 2049 2936 2103 καὶ
2995 2047 3165 2121 μηδὲν
3223 2049 3461 2124 ἐχούσης
3500 2054 3607 2104 τῶν
3641 2071 3749 2104 πα-

2101 2139 2307 2215 ρόντων
2338 2137 2504 2193 π)ἑον
2562 2137 2637 2199 είς
2699 2137 2929 2213 θεωρίαν
2986 2140 3201 2214 ἡγεῖτο,
3259 2138 3387 2194 ἀλλ’
3420 2135 3578 2200 εἰδὼς
3617 2143 3752 2195 Θεοῦ

2102 2233 2198 2305 μὲν
2254 2232 2315 2286 τὸ
2373 2231 2620 2293 εὐσταθὲς
2650 2230 2740 2284 καί
2775 2228 3047 2301 ἀκίνητον,
3098 2231 3392 2305 ἀνθρώπων
3442 2227 3499 2284 δὲ
3550 2231 3612 2284 τὸ
3647 2252 3753 2303 μη-

2099 2319 2183 2376 δὲν
2219 2320 2269 2376 ὲν
2318 2317 2508 2394 μηδενὶ
2562 2318 2651 2374 ἐπὶ
2698 2323 2795 2373 τοῦ
2839 2318 3004 2374 αὐτοῦ
3057 2317 3153 2373 κ’ὰν
3211 2317 3391 2395 βραχὺ
3445 2317 3620 2391 μένειν
3676 2320 3757 2392 (εὖ

2102 2553 2164 2592 se
2195 2533 2502 2591 revocabili
2536 2532 2755 2605 injuria
2785 2533 2976 2604 ejecti.
3010 2535 3289 2588 Secutum
3322 2534 3518 2587 autem
3551 2530 3610 2585 in
3640 2529 3760 2587 hoc

2095 2624 2324 2695 judicia
2356 2623 2910 2693 multorum,aptum
2944 2637 3007 2676 se
3036 2622 3109 2677 ad
3142 2621 3200 2675 id
3235 2620 3635 2676 necessarium
3660 2620 3758 2675 Ec-

2103 2714 2291 2770 clesiae
2323 2713 2383 2768 in
2429 2711 2778 2767 necessitate
2825 2714 2992 2765 tanta
3041 2708 3437 2765 exhibendum
3492 2706 3756 2763 ofﬁcium

2104 2802 2498 2869 censentium,
2548 2802 2619 2857 ob
2668 2816 2803 2856 eum
2855 2799 3113 2854 maxime
3159 2797 3248 2853 vel
3274 2795 3637 2853 auctoritatis
3665 2796 3756 2852 vel

2104 2893 2302 2965 gratiae
2325 2890 2520 2946 locum
2544 2906 2718 2962 quem
2743 2890 2897 2961 apud
2921 2889 3339 2959 imperatorem
3375 2886 3689 2953 obtineret,
3722 2901 3757 2942 a

2105 2999 2218 3052 quo
2250 2978 2679 3051 audiretur,qui
2714 2978 2836 3032 suis
2866 2975 3128 3031 consiliis
3159 2975 3431 3041 deferret,
3466 2972 3592 3029 suis
3623 2989 3758 3045 pre-

2106 3071 2274 3127 cibus
2306 3073 2610 3135 annueret,
2637 3070 2811 3139 prout
2841 3069 2998 3121 esset
3026 3063 3276 3119 utilitate
3309 3062 3621 3135 probatum
3646 3079 3756 3134 pu-

2108 3160 2280 3217 blica.
2312 3159 2439 3214 Non
2471 3158 2646 3213 modo
2677 3156 2835 3212 enim
2867 3171 3045 3225 opera
3074 3153 3257 3209 fuisse
3289 3169 3392 3208 sua
3426 3152 3757 3222 mitigatam

2108 3248 2479 3321 imperatoris
2510 3247 2658 3301 iram
2692 3246 2751 3299 in
2784 3242 3017 3299 Arsenii
3049 3243 3328 3310 fautores,
3369 3240 3759 3310 effectumque

2110 3354 2181 3393 ne
2211 3338 2284 3393 iis
2316 3336 2667 3392 ulciscendis
2699 3332 2966 3403 maleque
2996 3329 3316 3386 multandis
3346 3343 3582 3384 summa
3602 3328 3760 3399 prin-

2106 3443 2241 3499 ceps
2276 3424 2536 3497 potentia
2566 3427 2848 3490 uteretur,
2873 3421 2973 3476 sed
3006 3422 3380 3492 procuratum
3415 3416 3591 3472 etiam
3624 3433 3757 3472 cum

2109 3532 2408 3583 successu,
2442 3512 2647 3569 multis
2681 3517 2746 3567 ut
2776 3510 2908 3566 aliis
2935 3511 3082 3565 bene
3127 3512 3304 3574 esset,
3356 3522 3647 3578 prOpensa
3694 3506 3755 3560 in

2106 3622 2168 3662 se
2192 3606 2462 3677 privatim
2486 3601 2857 3674 imperatoris
2875 3597 3277 3655 benevolentia
3299 3599 3356 3650 in
3384 3600 3753 3662 cunctorum,

2107 3695 2300 3767 quoad
2334 3692 2644 3764 potuisset,
2696 3689 2995 3763 egentium
3042 3701 3357 3743 commune
3400 3683 3754 3740 beneﬁcium

2105 3784 2446 3839 derivanda.
2479 3781 2643 3838 Talia
2672 3797 2805 3835 cum
2841 3778 3133 3851 religiosis
3167 3776 3284 3831 illis
3333 3774 3567 3840 ascetis,
3619 3790 3753 3829 cum

2108 3874 2218 3944 ipsi
2264 3872 2620 3936 Blemmidae,
2659 3869 2962 3941 sigillatim
3024 3882 3315 3938 quemque
3375 3863 3752 3931 conveniens,

2106 3962 2267 4019 omni
2299 3978 2366 4017 ea
2396 3959 2680 4026 adhibita,
2712 3974 2889 4029 quam
2924 3956 3178 4012 habebat
3208 3950 3755 4026 plurimam,c0nci-

2106 4051 2440 4107 liandorum
2477 4048 2833 4120 quibuscum
2866 4049 3066 4116 ageret
3096 4043 3266 4098 suavi
3296 4042 3582 4107 efficacia,
3632 4056 3755 4095 me-

2106 4145 2413 4204 morasset,
2470 4137 2646 4192 vertit
2692 4134 2971 4191 nimirum
3016 4133 3074 4187 in
3127 4148 3256 4187 sese
3305 4129 3503 4185 studia
3551 4145 3754 4184 eorum

2105 4232 2467 4300 ati‘ectusque
2489 4225 2707 4297 rapuit,
2740 4226 3086 4296 cooperante
3110 4220 3168 4275 in
3192 4221 3250 4274 id
3274 4220 3472 4291 ipsum
3508 4235 3621 4272 non
3658 4233 3756 4288 pa-

2105 4338 2237 4376 rum
2263 4317 2493 4375 liberali
2524 4314 2854 4386 largitione,
2876 4329 2992 4384 quo
3023 4313 3264 4367 cunctos
3294 4310 3624 4381 opportune
3654 4306 3755 4361 de-

2104 4410 2315 4477 linivit,
2348 4424 2463 4462 non
2495 4405 2787 4460 illibenter
2819 4401 3228 4465 admittentes;
3264 4412 3601 4470 quanquam
3632 4394 3756 4451 haec

2106 4499 2346 4572 quidem
2380 4513 2473 4551 res
2506 4510 2712 4567 parum
2747 4493 2817 4548 ad
2850 4490 3271 4547 emolliendum
3318 4486 3425 4557 ipsi
3477 4484 3752 4540 Blemmi-

2106 4590 2238 4644 dam
2270 4585 2471 4641 valuit.
2506 4584 2697 4654 Longe
2729 4581 2859 4638 alias
2885 4581 3009 4635 viro
3054 4578 3160 4644 illi,
3208 4593 3311 4649 pro
3361 4575 3530 4648 genio
3576 4589 3751 4644 pecu-

344 4682 405 4737 in
440 4681 648 4754 primis
681 4681 1096 4737 admirandum
1134 4680 1415 4751 religione
1437 4697 1503 4736 ac
1525 4680 1790 4735 doctrina
1816 4677 2000 4735 Blem-
2031 4655 2075 4717 υ
2108 4675 2239 4733 liari
2270 4692 2336 4731 ac
2364 4678 2524 4730 secta
2553 4671 2878 4743 disciplinae
2910 4669 3217 4740 cujusdam
3272 4665 3536 4738 propriae,
3585 4663 3751 4719 Jose-

348 4772 592 4841 midam,
628 4777 691 4826 ut
721 4771 845 4828 suis
885 4771 1155 4843 partibus
1204 4771 1574 4842 adjungeret,
1624 4771 1776 4825 339
1830 4768 1996 4825 enixe

348 4879 453 4917 nec
478 4861 650 4933 plane
672 4862 893 4917 frustra
914 4858 1214 4917 laboravit.
1248 4859 1545 4915 Persuasit
1576 4859 1729 4914 enim
1763 4859 1847 4913 eis
1880 4858 1996 4913 fere

348 4952 505 5022 quod
547 4950 797 5021 volebat,
842 4968 974 5006 cum
1034 4950 1254 5005 diceret
1294 4949 1592 5005 studuisse
1640 4965 1705 5003 se
1762 4964 1997 5019 quoque

346 5040 540 5113 ipsum
577 5040 845 5111 Arsenio,
877 5045 933 5096 et
964 5056 1067 5112 pro
1097 5056 1232 5095 vero
1277 5038 1441 5094 illum
1491 5038 1701 5094 habere
1748 5036 1995 5109 patriar-

348 5130 480 5199 cha,
529 5129 984 5203 existimareque
1028 5146 1210 5185 vanas
1255 5128 1459 5200 inique
1499 5131 1749 5184 structas
1794 5131 1998 5182 contra

344 5236 480 5275 eum
513 5219 800 5275 hactenus
832 5225 888 5275 et
916 5218 1235 5276 artiﬁciose
1265 5218 1621 5290 compositas
1668 5215 1995 5273 machima-

342 5308 536 5365 tiones
566 5326 799 5377 omnes,
831 5314 1080 5382 actaque
1112 5310 1228 5365 ista
1273 5312 1487 5365 cuncta
1533 5309 1747 5363 ducere
1784 5323 1884 5378 pro
1919 5306 1994 5361 ir-

278 5442 283 5445 .
345 5399 473 5455 ritis
506 5417 611 5455 nec
638 5400 810 5455 nauci
848 5401 1053 5455 facere.
1077 5401 1184 5455 Sed
1211 5417 1343 5455 cum
1368 5400 1440 5454 iis
1465 5399 1751 5454 obsistere
1783 5397 1991 5468 nequi-

347 5490 684 5555 ret,videret
715 5494 910 5545 autem
943 5490 1288 5546 destitutam
1340 5489 1658 5544 Ecclesiam
1712 5487 1994 5559 gravissi-

349 5578 464 5635 mis
484 5595 615 5635 esse
635 5578 912 5650 periculis
934 5579 1284 5651 expositam,
1313 5579 1381 5634 ad
1408 5595 1535 5634 eam
1567 5576 1992 5633 sublevandam

348 5673 406 5724 et
435 5669 769 5725 certissimo
799 5669 974 5725 exitio
1006 5669 1471 5725 subtrahendam
1505 5666 1994 5738 accessisse,sup-

350 5756 566 5831 plendo
612 5762 913 5830 utcunque
956 5758 1082 5816 laco
1126 5757 1379 5831 pastoris
1420 5758 1563 5828 veri,
1612 5755 1800 5813 aliena
1825 5773 1929 5813 nec
1961 5775 1996 5815 a

2108 4767 2285 4837 phum
2319 4764 2573 4819 rationes
2605 4760 3118 4818 commendarunt.
3170 4758 3363 4812 Inerat
3412 4751 3750 4809 Blemmidaa

2106 4856 2342 4912 animus
2373 4853 2489 4909 alta
2516 4854 2769 4923 quadam
2800 4854 2857 4905 et
2884 4848 3276 4921 aspernatrice
3300 4845 3475 4916 vulgo
3523 4845 3750 4913 specta-

2108 4957 2295 5003 tarum
2322 4962 2513 5002 rerum
2538 4940 2912 5016 philosophia
2934 4938 3243 5005 subnixus,
3267 4938 3563 4993 abstracta
3583 4947 3752 4987 mens

2107 5036 2371 5108 quaedam
2397 5054 2428 5090 a
2449 5032 2820 5089 concretione
2848 5028 3130 5101 corporis,
3154 5031 3210 5082 et
3240 5024 3444 5098 procul
3476 5023 3755 5094 abjuncta

2106 5128 2454 5199 contagione
2484 5123 2799 5180 humilium
2835 5117 3233 5176 curarum.Nil
3262 5129 3615 5187 magnOpere
3647 5111 3765 5166 mi-.

2107 5216 2322 5287 rari;ne
2347 5215 2506 5285 tangi
2535 5212 2771 5284 quidem
2806 5207 3141 5264 tenerrimis
3173 5204 3478 5261 affectibus
3511 5205 3758 5270 natura,

2110 5323 2219 5360 non
2254 5303 2513 5359 indolere
2546 5300 2835 5367 tristibus,
2859 5315 2972 5353 non
3004 5296 3297 5353 exsultare
3323 5294 3494 5357 laetis,
3532 5308 3644 5346 non
3679 5290 3761 5343 ef-

2105 5395 2240 5451 ferri
2256 5390 2763 5466 speciosis,0mnia
2776 5403 3089 5444 unumesse
3106 5403 3170 5442 ac
3184 5385 3423 5458 perinde
3436 5382 3635 5437 haberi
3651 5397 3765 5435 0m-

2107 5486 2267 5540 nium
2288 5499 2513 5550 securo;
2550 5480 2711 5536 nullo
2731 5478 3071 5535 discrimine
3090 5476 3203 5534 odii
3225 5477 3493 5549 gratiaeve
3513 5473 3583 5527 de
3601 5473 3756 5528 340

2104 5574 2393 5647 personis,
2427 5571 2588 5627 nullo
2622 5573 2885 5643 respectu
2934 5568 3292 5641 privatarum
3338 5563 3633 5618 rationum
3683 5562 3755 5617 de

2104 5661 2873 5738 quibuscunquejudicanti
2888 5661 3035 5731 Ergo
3060 5657 3197 5713 huic
3221 5655 3319 5711 tali
3345 5651 3628 5708 Arsenius
3653 5656 3755 5708 aut

2102 5754 2394 5830 Josephus
2411 5752 2649 5811 nomina
2664 5755 2829 5810 erant
2846 5748 3248 5823 mera,quibus
3265 5743 3484 5803 auditis
3499 5740 3757 5799 nihilille
