4080 6384
301 409 408 467 791

1612 413 1917 472 GEORGII
1955 407 2302 466 PACHYME
2309 414 2424 467 RE

3618 407 3732 464 792

300 532 406 609 γάρ
463 534 553 590 καὶ
609 535 952 612 Ἡρακλείτῳ
1008 536 1255 614 εἰρῆσθαι
1305 538 1368 593 τὸ
1426 538 1503 610 μή
1537 534 1622 592 ἐπὶ
1653 539 1752 591 τοῦ
1782 532 1946 589 αὐτοῦ
1979 540 2031 604 Α
2062 532 2097 603 ἢ
2150 532 2250 601 τὴν
2309 532 2425 587 κατ’
2482 530 2805 606 ἀνθρώπους
2860 533 3055 606 τιμὴν,
3113 531 3149 602 ἢ
3182 529 3249 601 δὴ
3284 527 3562 602 δεξιώσεις
3606 527 3727 607 ἔχει

301 621 437 677 εἶναι
496 621 580 687 δὶς
641 624 884 699 βάπτειν,
944 625 1036 682 καὶ
1098 625 1361 701 Κρατύλῳ
1418 623 1631 697 μᾶλλον
1683 625 1759 687 ὡς
1815 619 1956 697 μηδὲ

301 711 462 782 ἅπαξ,
520 717 627 769 τῶν
687 717 1026 790 πραγμάτων
1079 712 1236 786 δίκην
1281 714 1500 791 ἀείρῥου
1557 712 1822 789 ῥεύματος
1850 731 1952 765 πα-

301 803 731 877 ρατρεχόντων),
785 806 861 877 μὴ
914 804 1098 859 καινὸν
1132 803 1270 858 εἶναι
1324 800 1453 877 μηδ’
1485 801 1672 864 ἄλλως
1706 800 1876 872 ξένον,
1909 799 1954 854 εἰ

297 891 389 945 καὶ
450 893 725 966 Ἀρσὲνιος
784 892 1049 949 ἀδικοῖτο,
1101 894 1172 948 Τὸ
1217 895 1320 970 γὰρ
1369 893 1657 970 ἀναγκαῖον
1711 888 1766 946 ἓν
1823 892 1954 945 εἶναι

297 979 387 1034 καὶ
418 980 584 1053 μόνον
610 982 671 1035 τὸ
729 977 968 1050 εὐσεϐὲς,
1023 981 1221 1037 τούτου
1281 980 1339 1036 δὲ
1392 980 1736 1057 τηρουμένου
1794 976 1947 1035 τᾶλλ’

297 1068 626 1145 ἆπερῥίφθαι
683 1070 886 1146 ἀνάγκη
936 1077 1052 1133 τοῖς
1085 1072 1437 1147 αἱρουμένοις
1500 1072 1594 1142 ζῇν
1655 1070 1794 1125 κατᾶ
1826 1070 1954 1144 τρό-

295 1178 420 1215 πον.
483 1160 648 1215 Ταῦτ’
705 1158 805 1236 ἄρα
875 1160 965 1215 καὶ
1019 1161 1225 1235 Ἰωσὴφ
1285 1158 1529 1235 ἐδέχετο,
1582 1159 1763 1214 καίτοι
1816 1157 1952 1232 πρὸς

294 1245 497 1302 ἐκεῖνον
545 1246 718 1310 οὕτως
776 1246 923 1324 ἔχων
980 1250 1055 1312 ὡς
1121 1247 1263 1322 μηδὲ
1314 1256 1413 1319 τῆς
1464 1247 1674 1319 κὲλλης
1724 1246 1950 1318 ἐξελθὼν

294 1340 733 1412 προϋπαντῆσαι,
782 1338 929 1393 ἀλλὰ
979 1336 1121 1411 μηδὲ
1150 1339 1437 1413 προσιόντι
1495 1339 1954 1413 προεξαναστῆναι

300 1425 596 1500 μακρόθεν,
649 1424 781 1499 μηδ’
838 1424 980 1483 ἄλλο
1034 1449 1087 1483 τι
1144 1433 1252 1482 τῶν
1309 1427 1384 1488 εἷς
1418 1428 1655 1491 θωπείαν
1699 1425 1791 1480 καὶ
1824 1446 1952 1497 σμι-

294 1514 660 1590 κροπρέπειαν
710 1515 788 1580 εἷς
833 1519 998 1592 χάριν
1051 1516 1200 1589 αύτῷ
1263 1513 1672 1591 διαπράξασθαι.
1729 1516 1799 1569 Τὸ
1847 1514 1951 1589 γὰρ

296 1604 434 1677 πρὸς
461 1602 785 1682 φιλοσοφίαν
815 1606 1091 1668 ἐπικλινὲς
1139 1605 1225 1660 καὶ
1275 1606 1338 1660 τὸ
1389 1606 1527 1679 πρὸς
1571 1606 1638 1659 τὰ
1696 1602 1812 1674 εἷ’δη
1862 1603 1952 1657 καὶ

302 1691 444 1766 μόνα
486 1696 597 1748 τῶν
651 1696 983 1771 πραγμάτων
1030 1691 1388 1765 ἐπιϐλητικὸν
1440 1693 1764 1767 ἀμείλικτον
1810 1693 1951 1748 ἐκεῖ·

294 1801 393 1836 νον
426 1780 589 1836 ἐτίθει
635 1782 703 1837 τὰ
749 1784 884 1857 πρὸς
936 1782 1099 1855 ὕλην,
1154 1785 1245 1839 καὶ
1294 1785 1355 1839 τὸ
1401 1783 1588 1860 ἐφετὸν
1633 1784 1772 1838 κατὰ
1825 1786 1951 1837 νοῦν

296 1864 444 1944 ἔχων
475 1872 736 1947 παρεώρα
776 1873 837 1926 τὸ
896 1872 1202 1949 ἐφιέμενον.
1260 1874 1417 1929 Ὃθεν
1472 1872 1571 1927 οὐκ
1618 1872 1953 1945 ἀνθρώποις,

297 1957 447 2014 ἀλλὰ
501 1959 815 2036 πράγμασιν
859 1957 1200 2034 ἐπιϐάλλων,
1249 1962 1471 2023 ἐκείνοις
1521 1963 1616 2034 μὲν
1666 1960 1846 2036 ἐτήρει
1892 1960 1956 2014 τὸ

299 2051 480 2122 θαῦμα
533 2049 623 2104 καὶ
659 2048 1157 2126 ὑπερεξεπλήττετο
1196 2051 1288 2106 καὶ
1320 2048 1510 2112 ἄλλως
1555 2054 1720 2123 τιμᾷν
1766 2050 1956 2125 ᾑρεῖτο

297 2285 440 2327 sane
462 2272 533 2326 ad
558 2270 818 2327 favorem
834 2270 1759 2329 invidiamvemovereturﬂnum
1775 2272 1923 2329 inter
1940 2305 1954 2313 -

295 2373 426 2415 esse
439 2360 686 2431 putabat
699 2360 996 2431 sua,justu
1008 2377 1061 2415 m
1073 2362 1366 2433 amplecti,
1379 2367 1682 2417 nocentem
1698 2363 1952 2419 aversari

293 2449 447 2505 Tum
475 2449 545 2505 de
586 2448 782 2504 causis
832 2452 1106 2522 protinus
1152 2449 1300 2523 ipsis
1356 2450 1483 2506 sine
1535 2451 1873 2524 praejudicio
1923 2469 1956 2506 a

290 2536 566 2610 personis
599 2537 777 2593 ducto
809 2538 1094 2594 statuenti
1126 2539 1413 2595 Arsenius
1445 2540 1683 2612 quidem
1734 2540 1955 2613 injuste

295 2628 579 2699 dejectus,
611 2626 909 2700 Josephus
941 2627 1251 2701 illegitime
1299 2628 1570 2686 intrusus
1618 2629 1947 2686 videbatur.

293 2716 474 2773 Trahi
503 2716 659 2772 enim
694 2717 753 2772 in
785 2718 1079 2774 censendo
1107 2718 1397 2790 judicium
1431 2736 1465 2775 a
1494 2718 1777 2787 studio,et
1809 2735 1951 2792 pen-

296 2806 441 2862 dens
458 2805 765 2861 arbitrium
786 2804 984 2862 liberte
1006 2807 1217 2863 mentis
1238 2807 1508 2863 inclinari
1524 2806 1838 2863 momentis
1855 2812 1955 2863 aut

296 2894 566 2966 obsequii
590 2895 826 2952 obnoxii
848 2899 950 2951 aut
972 2901 1438 2968 quaestuosarum
1467 2897 1783 2966 rationum,
1817 2896 1953 2951 vitio

295 2983 627 3056 imputabat
657 2984 869 3040 animae
903 2984 1067 3040 humi
1100 2985 1411 3058 reptantis,
1444 3002 1551 3042 nec
1584 2984 1853 3041 attollere
1891 3003 1955 3041 se

299 3078 446 3146 aptas
469 3089 652 3144 supra
675 3089 935 3129 massam
959 3073 1112 3130 hanc
1133 3075 1304 3130 vilem
1332 3092 1543 3131 crassas
1563 3074 1953 3131 (.oncretionis

294 3161 357 3217 in
390 3161 945 3235 contemplationem
974 3164 1085 3220 sibi
1119 3180 1512 3237 congenerum
1546 3168 1603 3219 et
1633 3180 1694 3220 se
1742 3163 1951 3236 digna-

299 3267 430 3307 rum
466 3250 731 3307 idearum
765 3252 1087 3325 superioris
1134 3254 1397 3326 sphaerae.
1450 3255 1733 3309 Caeterum
1783 3260 1846 3308 ut
1893 3254 1951 3309 in

1985 1922 2034 1987 B

2060 619 2150 676 καὶ
2236 623 2673 695 προϋπαντήσεις
2748 622 2838 677 καὶ
2916 618 3317 698 δουλοπρεπεῖς
3371 620 3728 684 καταστάσεις

2060 710 2151 765 καὶ
2210 707 2340 766 ἄλλ’
2399 709 2553 777 ἅττα,
2587 713 2669 774 οἷς
2729 708 2796 781 δὴ
2833 710 3101 786 χαίρομεν
3135 707 3435 786 ἄνθρωποι.
3477 708 3577 764 Καὶ
3605 715 3730 772 ταῖς

2067 798 2161 872 μὶν
2211 795 2381 872 ἕξεσιν
2437 799 2668 861 ἐκείναις
2729 800 2873 854 οὕτω
2952 797 3019 870 δὴ
3096 804 3407 872 τιμητικῶς
3461 798 3581 876 εἶχε
3634 799 3728 855 καί

2068 887 2498 963 ὑπερεθαύμαζε,
2559 885 2709 963 δῶρα
2765 892 2901 944 Θεοῦ
2955 887 3156 950 ταύτας
3214 886 3550 963 ἡγούμενος·
3604 894 3728 951 τοῖς

2064 974 2111 1031 δ’
2170 975 2385 1051 ἔχουσι,
2414 977 2596 1041 καθὼς
2627 975 2688 1031 ἂν
2743 981 2833 1032 καί
2883 971 3317 1050 κατελάμϐανεν,
3353 976 3522 1052 εἶχεν,
3555 977 3628 1040 ὡς
3662 976 3728 1032 οὗ

2061 1067 2262 1128 παντὸς
2290 1067 2582 1141 γινομένου
2610 1070 2707 1121 τοῦ
2741 1065 3044 1140 γινομένου
3091 1066 3229 1121 κατὰ
3259 1067 3388 1122 Θεὸν
3418 1065 3509 1121 καὶ
3536 1066 3727 1140 ἀξίως,

2064 1154 2192 1212 ἀλλ’
2248 1157 2419 1212 ἐνίοτε
2448 1157 2539 1211 καὶ
2570 1157 2687 1211 κατ’
2717 1155 3028 1230 ἄνθρωπον,
3059 1159 3533 1231 παραχωροῦντος
3565 1159 3727 1212 Θεοῦ.

2064 1250 2182 1317 Τὴν
2225 1252 2354 1325 γοῦν
2403 1246 2660 1317 τοιαύτην
2705 1244 3138 1320 δεισιδαιμονίαν
3186 1245 3268 1301 ἀεί
3322 1247 3446 1300 ποτ’
3490 1246 3734 1322 ἀποτρε-

2061 1338 2301 1411 πόμενος
2356 1334 2522 1408 ἔδειξε
2574 1337 2663 1392 καὶ
2717 1341 2800 1408 τῷ
2857 1336 3063 1414 Ἰωσὴφ
3117 1334 3242 1391 τότε
3294 1336 3395 1405 τὴν
3449 1332 3556 1408 ἕξιν
3591 1382 3608 1403 ,
3663 1334 3729 1391 οὗ

2062 1427 2397 1501 προθέμενος
2427 1425 2584 1480 αὐτὸν
2620 1426 2874 1497 ἀτιμοῦν,
2907 1421 3035 1479 ἀλλ’
3092 1423 3176 1478 ἐπ’
3203 1421 3338 1478 ⁸ίσων
3384 1428 3547 1478 πᾶσιν
3578 1420 3730 1499 ἔχειν

2061 1516 2162 1584 τὴν
2213 1514 2387 1591 κρίσιν
2446 1515 2794 1590 αἱρούμενος.
2832 1515 2916 1587 [Ρ.
2965 1515 3093 1587 233]
3139 1512 3300 1571 Οὕτω
3354 1513 3455 1588 γὰρ
3510 1512 3602 1567 καὶ
3659 1513 3729 1569 τὸ

2065 1604 2369 1682 φιλόσοφον
2401 1606 2718 1683 φιλοσόφως
2747 1602 2996 1678 ἐπλήρου
3027 1607 3105 1675 τῷ
3139 1604 3216 1676 μή
3240 1597 3540 1676 λαμϐάνειν
3559 1601 3734 1679 πρόσ-

2064 1715 2188 1749 ωπα
2243 1694 2321 1757 εἷς
2370 1696 2472 1763 τήν
2524 1693 2783 1764 τοιαύτην
2842 1694 3053 1765 κρίσιν,
3112 1692 3173 1756 ἢν
3231 1692 3323 1747 καὶ
3379 1693 3499 1756 καθ’
3554 1690 3723 1747 αὑτὸν

2062 1785 2300 1859 κέκρικε.
2353 1783 2506 1853 Πλὴν
2551 1784 2801 1844 κάκεῖνος
2831 1780 2989 1844 εἰδὼς
3039 1778 3329 1857 ἅνθρωπος
3388 1779 3462 1835 ὣν
3520 1781 3611 1835 καὶ
3657 1779 3728 1836 τὸ

2063 1873 2244 1948 χρεὼν
2273 1870 2710 1947 λειτουργήσων,
2760 1868 2875 1925 ἐπεὶ
2924 1869 2990 1925 τὰ
3034 1871 3156 1934 καθ’
3203 1868 3363 1924 αὐτὸν
3405 1866 3726 1941 διαθέμενος

2068 1962 2300 2036 χάρταις
2330 1957 2511 2015 ἐδίδου
2556 1962 2620 2015 τὸ
2667 1958 2952 2035 βούλημα,
2980 1957 3141 2013 -τὸ
3191 1955 3238 2013 δ’
3261 1960 3328 2027 ἦν
3384 1958 3501 2013 καθ’
3549 1956 3725 2027 αὐτὴν

2064 2050 2165 2118 τήν
2221 2049 2360 2122 μονὴ
2419 2047 2502 2103 ἀεί
2551 2068 2686 2103 ποτε
2733 2045 3042 2122 διαμένειν,
3107 2043 3275 2122 μηδὲν
3321 2046 3459 2101 κατὰ
3511 2042 3728 2121 μηδένα

2068 2272 2351 2329 nimirum
2385 2275 2513 2345 ejus
2543 2278 2904 2346 exaggerata}
2930 2273 3242 2344 cujusdam
3274 2275 3333 2327 et
3362 2270 3603 2327 modum
3628 2287 3731 2327 su-

2065 2379 2389 2434 pergressas
2418 2364 2716 2436 vulgarem
2754 2362 3140 2435 philosophias
3163 2362 3311 2417 8“
3338 2360 3730 2417 theorematis

2063 2452 2336 2510 irretorto
2387 2454 2576 2510 deﬁxa
2630 2457 2932 2525 suspectu,
2986 2453 3250 2524 adeoque
3304 2468 3372 2506 ex
3416 2449 3728 2507 altissimis

2064 2542 2354 2599 duntaxat
2374 2548 2612 2599 assueta
2635 2543 2965 2598 rationibus
2987 2541 3281 2598 aestimare
3295 2557 3386 2596 res
3401 2540 3726 2610 humanas,

2064 2632 2323 2705 rigidum
2357 2632 2692 2689 sustinebat
2723 2630 2888 2686 illum
2919 2635 2977 2687 et
3006 2629 3405 2686 inﬂexibiliter
3456 2633 3720 2685 erectum

2064 2724 2134 2777 ab
2156 2721 2269 2778 ista
2291 2721 2623 2777 humilitate
2646 2720 2975 2776 officiorum
2999 2719 3330 2776 aulicorum
3354 2717 3720 2789 omninoque

2066 2828 2100 2867 a
2129 2812 2336 2882 quovis
2368 2816 2638 2883 respectu
2672 2811 2949 2877 materiae,
3002 2809 3223 2881 quippe
3271 2807 3375 2881 qui
3423 2807 3722 2863 abstracta

2063 2899 2303 2955 intuens
2352 2900 2509 2971 quod
2558 2899 2885 2972 optandum
2932 2902 3078 2966 erat,
3111 2897 3266 2968 quod
3303 2897 3524 2969 passim
3557 2899 3725 2968 opta-

2064 2990 2241 3045 batur
2270 2989 2612 3061 negligeret.
2644 2988 2809 3043 Unde
2842 3004 2956 3043 non
3000 2986 3345 3043 hominibus
3394 2985 3495 3042 sed
3542 2985 3724 3041 rebus

2063 3077 2348 3147 intentus,
2382 3077 2476 3132 his
2508 3077 2748 3149 quidem
2780 3076 3052 3131 servabat
3099 3072 3574 3140 admirationem,
3624 3071 3723 3127 his

2063 3167 2454 3223 attentissime
2546 3165 2978 3222 considerantis
3060 3161 3521 3236 instupescehat,
3607 3161 3727 3218 alia

2063 3276 2162 3315 eas
2191 3259 2564 3314 veneratione
2596 3257 3038 3331 prosequendas
3070 3260 3338 3311 statuens
3385 3269 3558 3326 quam
3610 3251 3730 3308 ista

301 3338 426 3395 Γίνο
475 3345 801 3413 Proﬂuente
844 3348 964 3398 tam
1017 3348 1465 3399 momentaneus
1522 3346 1611 3398 est
1665 3343 1948 3400 transitus
1984 3343 2027 3411 C
2067 3348 2475 3420 superstitiose
2509 3347 2716 3403 sedula
2745 3345 3085 3402 commercii
3116 3342 3385 3411 humani,
3417 3359 3546 3414 quas
3576 3357 3724 3397 con-

298 3431 745 3488 succedentium
790 3433 1040 3489 invicem
1090 3433 1410 3504 irrequieto
1464 3450 1641 3489 cursu
1696 3434 1953 3504 partium

295 3537 495 3593 equas,
531 3529 593 3576 ut
626 3538 797 3577 nemo
831 3521 922 3577 bis
955 3522 1013 3577 in
1044 3522 1336 3587 eamdem,
1389 3523 1543 3594 quod
1595 3530 1745 3579 recte
1796 3524 1954 3579 dice-

292 3607 397 3663 bat
427 3607 782 3678 Heraclitus,
817 3608 1071 3681 digitum
1106 3609 1449 3665 immersum
1488 3612 1676 3683 possit
1709 3612 1955 3683 tingere,

294 3697 415 3753 imo
451 3715 520 3753 ne
551 3699 732 3754 semel
764 3699 1024 3770 quidem,
1060 3699 1111 3754 si
1146 3699 1377 3773 Cratylo
1427 3701 1704 3771 creditur,
1758 3701 1957 3757 existi-

301 3786 485 3841 manti
511 3788 743 3842 unicam
772 3804 1006 3859 quoque
1030 3788 1369 3844 tiuctionem
1396 3789 1667 3861 pluribus
1696 3791 1955 3847 vicissim

301 3877 659 3947 respondere
691 3877 999 3949 particulis
1028 3895 1259 3952 semper
1290 3880 1538 3936 labentis
1573 3883 1760 3941 undae,
1812 3881 1956 3937 nihil

303 3981 520 4021 novum
552 3970 655 4021 aut
685 3968 1054 4039 inopinatum
1084 3968 1264 4024 videri
1297 3970 1531 4036 debere,
1558 3971 1603 4024 si
1639 3973 1813 4026 rebus
1844 3971 1957 4026 hu-

303 4054 499 4110 manis
522 4054 786 4111 instabili
814 4073 941 4113 sese
962 4057 1246 4129 vertigine
1281 4057 1958 4131 volventibusmullaquc

297 4143 383 4199 vel
408 4145 477 4201 ad
506 4147 673 4202 breve
694 4147 953 4218 spatium
979 4148 1223 4203 immota
1247 4156 1648 4221 permanente,
1677 4150 1957 4205 Arsenius

297 4252 528 4309 quoque
559 4236 682 4292 vice
714 4254 823 4293 sua
854 4255 1065 4309 passus
1096 4243 1253 4293 esset
1278 4237 1581 4309 injuriam.
1631 4239 1801 4294 Porro
1856 4256 1956 4294 ne-

297 4326 620 4381 cessarium
654 4326 712 4381 in
745 4327 869 4383 vita
900 4343 1087 4381 unum
1120 4343 1269 4393 esse,
1313 4334 1509 4383 tenere
1561 4328 1823 4384 officium
1875 4347 1949 4384 re.

296 4412 517 4487 ligiosaz
555 4416 784 4488 Deoque
816 4415 1093 4484 subjecta
1130 4415 1382 4486 mentis;
1416 4419 1474 4471 in
1511 4434 1624 4488 quo
1672 4418 1773 4489 qui
1826 4435 1956 4490 pcr-

298 4510 452 4561 stare
478 4503 630 4559 volet
650 4510 706 4559 et
727 4521 796 4560 ex
826 4505 1165 4577 praescripto
1195 4505 1434 4562 virtutis
1464 4507 1676 4574 vivere,
1708 4506 1957 4577 abjicere

298 4592 458 4649 hunc
489 4597 755 4666 oporteat
788 4611 961 4649 curas
996 4594 1330 4650 mortalium
1362 4601 1703 4662 eventuum,
1746 4603 1803 4651 et
1852 4614 1955 4651 an-

294 4682 408 4739 xiis
442 4683 656 4738 studiis
688 4683 936 4754 sapienti
963 4699 1207 4738 casuum
1233 4686 1664 4740 occurrentium
1691 4685 1951 4753 neglectu
1989 4716 2033 4780 Β

295 4771 477 4829 semel
529 4770 791 4844 defungi.
842 4776 976 4827 Haec
1024 4776 1161 4827 cum‘
1220 4772 1594 4844 peculiariter
1642 4772 1952 4828 familiaria

294 4860 408 4919 sibi
440 4862 719 4935 dogmata
751 4866 873 4917 tum
909 4861 1268 4918 Blemmidas
1297 4862 1557 4933 Josepho
1589 4879 1786 4918 coram
1838 4861 1948 4934 ipsi

295 4951 700 5019 disseruisset,
751 4951 1156 5022 comprobavit
1216 4952 1312 5007 illc
1374 4952 1787 5023 laudavitque;
1848 4969 1952 5008 nec

296 5046 523 5096 mutam
557 5043 630 5097 ab
664 5041 765 5096 illo
796 5046 994 5097 tamen
1029 5042 1450 5097 assentationis
1486 5040 1667 5097 ullius
1718 5057 1951 5113 EXpPeS~

295 5131 372 5186 sit
431 5129 640 5186 vicem.
691 5132 845 5187 Adeo
902 5130 1059 5187 enim
1120 5131 1193 5186 ab
1245 5131 1381 5186 huic
1427 5130 1725 5185 adulando
1769 5131 1955 5186 abfuit

296 5219 678 5287 Blemmidas,
700 5226 763 5275 ut
785 5236 970 5292 neque
992 5221 1061 5275 ad
1089 5239 1149 5277 se
1174 5221 1523 5276 invisentem
1553 5220 1949 5292 patriarcham

297 5307 530 5363 obviam
558 5325 589 5363 e
619 5307 763 5362 cella
796 5308 1025 5379 prodire
1052 5309 1418 5381 dignaretur,
1453 5327 1520 5365 ac
1565 5325 1636 5364 ne
1688 5311 1952 5382 ingresso

298 5397 538 5469 quidem
572 5404 629 5450 et
660 5398 727 5452 ad
766 5398 1066 5451 sedentem
1100 5399 1295 5470 ipsum
1348 5398 1611 5472 pergenti
1662 5415 1731 5453 ex
1779 5399 1952 5454 inter-

297 5485 449 5541 vallo
472 5492 805 5557 assurgeret
828 5492 930 5540 aut
960 5486 1139 5541 ullam
1174 5489 1417 5543 omnino
1450 5488 1747 5544 tralatitia:
1777 5487 1951 5543 istius

304 5573 657 5629 urbanitatis
690 5574 1124 5631 venerationem
1153 5583 1384 5632 curaret
1415 5578 1715 5647 adbibere,
1749 5577 1951 5649 pusilli

302 5679 433 5720 esse
465 5667 643 5733 atque
683 5665 752 5717 ad
799 5663 1137 5719 servitutem
1183 5666 1394 5737 abjecti
1442 5667 1621 5723 animi
1673 5673 1954 5739 reputans

302 5754 374 5811 ad
398 5751 498 5823 huj
512 5752 737 5807 usmodi
764 5767 894 5809 sese
914 5754 1167 5828 aucupia
1195 5755 1395 5829 gratiae
1426 5757 1753 5813 demittere.
1789 5761 1953 5814 Mens

2060 3442 2179 3494 stat
2209 3435 2651 3508 exceptionibus
2683 3437 2752 3491 ad
2787 3434 3132 3491 blanditiam
3163 3431 3531 3504 compositis,
3575 3431 3719 3487 επο-

2060 3532 2211 3582 ctata
2242 3527 2574 3582 renidentis
2603 3522 3254 3592 vultuum,occursibus
3286 3520 3571 3577 officiosis
3601 3535 3715 3576 cis-

2059 3624 2303 3687 teraque
2340 3615 2571 3671 servilis
2639 3613 2909 3685 obsequii
2981 3610 3345 3684 professione
3413 3607 3718 3679 simulata,

2061 3705 2263 3777 quales
2316 3720 2420 3760 nos
2471 3702 2881 3759 illusiunculas
2939 3701 3189 3756 invicem
3239 3702 3605 3755 commutare
3654 3697 3721 3753 in

2062 3793 2487 3851 consuetudine
2514 3793 2643 3848 vita:
2665 3793 2902 3847 urbanae
2926 3789 3196 3846 homines
3230 3789 3577 3860 gaudemus.
3614 3785 3718 3842 Ille

2062 3890 2261 3939 autem
2296 3883 2532 3938 habitus
2564 3882 2802 3954 quidem
2838 3880 2981 3936 istos
3006 3896 3037 3934 a
3060 3878 3431 3935 concretione
3461 3874 3721 3932 materia

2062 3975 2363 4045 sejunctos
2396 3972 2557 4044 (nam
2588 3970 2697 4025 hos
2729 3970 2814 4026 sic
2864 3970 3021 4025 nude
3067 3966 3394 4040 spectabat)
3447 3970 3506 4021 et
3553 3979 3729 4020 vene-

2062 4063 2287 4117 ratione
2314 4061 2782 4133 prosequebatur
2815 4074 3027 4130 magna
3054 4062 3112 4112 et
3142 4072 3321 4127 supra
3351 4055 3593 4109 modum
3627 4054 3730 4109 ad-

2064 4152 2411 4215 mirabatur,
2446 4151 2600 4205 dona
2634 4149 2729 4204 Dei
2764 4148 2896 4203 illos
2928 4151 3230 4219 reputans.
3281 4145 3391 4200 Eos
3442 4159 3614 4216 porro
3658 4142 3720 4197 in

2064 4241 2282 4311 quibus
2314 4245 2715 4306 cernerentur,
2763 4254 2867 4310 pro
2919 4238 3091 4292 modo
3139 4251 3256 4307 quo
3302 4249 3399 4290 eos
3448 4235 3523 4289 ab
3573 4231 3725 4303 ipsis

2065 4329 2466 4385 arbitrabatur
2518 4328 2856 4401 participari
2917 4326 3228 4393 tractabat,
3284 4323 3370 4378 sic
3431 4322 3585 4394 apud
3654 4338 3720 4377 se

2062 4424 2355 4489 statuens,
2387 4435 2501 4473 non
2536 4435 2700 4488 aeque
2730 4434 2955 4483 omnes,
2990 4414 3206 4487 quibus
3255 4413 3536 4479 inessent,
3590 4410 3726 4468 illos

2063 4509 2394 4564 secundum
2418 4512 2601 4564 Deum
2628 4507 2805 4578 digne
2840 4503 3268 4576 possidere,sed
3304 4501 3594 4573 quosdam
3630 4500 3721 4555 in-

2063 4598 2292 4653 terdum
2364 4597 2689 4652 secundum
2753 4594 3075 4659 hominem,
3136 4592 3254 4647 Deo
3322 4590 3725 4662 permittente.

2065 4687 2242 4744 Usum
2276 4703 2445 4759 porro
2473 4687 2651 4739 istum
2706 4700 2881 4738 suum
2933 4688 2991 4738 et
3038 4696 3262 4737 morem
3314 4680 3498 4735 libere
3546 4678 3726 4733 omit-

2062 4775 2225 4831 tendi
2258 4774 2732 4847 superstitionem
2767 4774 2941 4827 istam
2976 4770 3297 4844 quamdam
3333 4783 3723 4840 personarum

2064 4864 2234 4921 anxia
2267 4863 2579 4919 sedulitate
2609 4862 3071 4918 venerandarum
3107 4859 3284 4915 etiam
3316 4862 3460 4912 tunc
3511 4855 3572 4911 in
3621 4854 3727 4911 Jo-

2063 4955 2244 5026 sepbo
2290 4954 2498 5022 tenuit,
2536 4968 2649 5007 non
2682 4966 2814 5006 eum
2850 4950 3144 5021 prmcipue
3175 4951 3585 5013 contemnens,
3618 4944 3722 5001 sed

2061 5043 2459 5114 exceptionem
2496 5058 2529 5096 a
2560 5057 2668 5095 suo
2701 5037 3013 5094 universali
3041 5035 3267 5105 judicio
3299 5038 3358 5089 et
3389 5032 3565 5089 modo
3608 5030 3724 5088 sibi

2062 5133 2296 5205 praeﬁxo
2324 5147 2453 5187 cum
2491 5129 2769 5184 omnibus
2800 5126 3008 5200 agendi
3042 5127 3101 5180 in
3134 5125 3315 5195 hujus
3356 5121 3536 5178 unius
3586 5136 3722 5193 gra-

2059 5224 2202 5278 tiam
2254 5221 2366 5275 sibi
2414 5236 2528 5273 non
2587 5217 2916 5275 faciendam
2977 5230 3248 5270 censens.
3300 5212 3387 5267 Ita
3443 5211 3602 5267 enim
3661 5223 3725 5263 se

2062 5309 2470 5385 philosophice
2501 5308 2747 5379 obsequi
2780 5306 3026 5378 putabat
3076 5303 3419 5377 prescripto
3466 5299 3553 5355 illi
3602 5313 3725 5354 suae

2062 5399 2445 5475 philOSOphim
2462 5398 2694 5471 jubenti
2714 5413 2826 5451 non
2845 5397 2913 5451 ad
2925 5397 3160 5450 mittere
3173 5392 3360 5448 ullum
3384 5392 3722 5461 respectum

2063 5489 2453 5561 Singularium
2491 5501 2875 5559 personarum
2908 5485 2965 5540 in
2991 5484 3218 5555 judicio
3249 5483 3321 5536 de
3352 5478 3725 5547 rebus,nude

2061 5596 2127 5635 ac
2161 5594 2315 5633 mere
2348 5584 2413 5632 ut
2444 5582 2586 5632 sunt
2636 5576 2708 5629 ab
2755 5591 2844 5642 eo,
2897 5578 2963 5628 ut
3019 5574 3243 5628 dictum
3305 5573 3414 5636 est,
3465 5565 3723 5639 spectari

2062 5667 2459 5738 aestimarique
2490 5664 2699 5721 solitis.
2748 5664 3034 5719 Cazterum
3078 5662 3169 5716 vir
3216 5660 3311 5717 hic
3358 5656 3497 5714 talis
3545 5672 3722 5728 repu-

2063 5761 2196 5815 tans
2226 5774 2287 5815 se
2330 5755 2656 5827 hominem,
2705 5757 2764 5811 et
2810 5769 3125 5810 commune
3178 5753 3402 5807 naturis
3451 5746 3718 5804 debitum
