4080 6416
388 398 498 454 793

1459 404 1556 457 DE
1594 403 1969 459 MICHAELE
2005 403 2454 462 PALBOLOGO
2488 407 2624 461 LIB.
2664 407 2735 460 V.

3708 404 3814 460 794

386 521 587 597 τρόπον
657 522 1031 578 ὑποπεσοῦσαν
1092 525 1266 599 ἑτέρᾳ,
1323 522 1415 579 καὶ
1456 525 1591 597 ἅπερ
1624 528 1772 600 εἶχεν
1804 525 1863 580 ἐκ
1891 526 2044 601 βασι·
2074 530 2127 595 Α
2159 526 2341 602 Θρᾴκῃ
2374 528 2670 604 ἀνακωχὴν
2729 529 2998 605 γενέσθαι,
3058 526 3144 597 έηῖ
3201 526 3346 584 πολὺ
3408 524 3814 601 δαπανωμένων

389 610 528 667 λέων
562 610 1053 689 φιλοφρονήματα,
1088 613 1161 675 ὡς
1190 616 1603 687 συμποσοῦσθαι
1652 616 1714 669 τὸ
1770 620 1874 669 πᾶν
1932 618 2041 669 τῶν

386 702 742 775 νομισμάτων
804 702 882 763 εἴς
941 702 1129 757 ἑκατὸν
1192 701 1395 776 λιτρῶν
1455 703 1713 778 ἀριθμὸν,
1766 704 1856 758 καὶ
1911 703 2045 759 αὐτά

383 794 452 864 τῇ
516 794 660 864 μονῇ
713 795 811 845 τοῦ
868 786 1024 851 ὄντος
1077 796 1215 847 Θεοῦ
1264 796 1366 864 (τῷ
1418 794 1521 867 γὰρ
1554 790 1669 847 ὄντι
1716 794 1923 867 κυρίως
1951 794 2039 847 καὶ

383 882 796 955 προσανέκειτο)
871 881 1205 958 ἀναφαίρετοι
1282 880 1677 957 διατηρηθέντα
1749 882 1827 944 εἷς
1888 902 2041 957 περι-

382 969 606 1040 ποίησίν
646 991 705 1025 τε
761 971 850 1024 καὶ
909 971 1008 1038 τὴν
1060 976 1169 1025 τῶν
1201 970 1592 1044 ἐλλειμμάτων
1641 969 2043 1047 ἀποπλήρωσιν

382 1060 541 1116 εἶναι.
598 1059 698 1113 Τὸν
752 1056 808 1113 δὲ
861 1063 1109 1113 τοιοῦτον
1168 1064 1275 1114 τῶν
1334 1060 1793 1135 ἀποτεταγμένων
1826 1061 2036 1135 χάρτην

374 1148 466 1203 καὶ
539 1146 700 1202 αὐτὸν
768 1147 924 1220 ἠξίου
980 1148 1073 1202 τὸν
1133 1148 1482 1223 πατριάρχην
1546 1150 2038 1221 ὑποσημαίνεσθαι,

376 1237 465 1292 καί
494 1258 555 1312 γε
591 1235 817 1310 βασιλέα
857 1236 1147 1313 ἐπικυροῦν
1205 1236 1452 1313 λιπαρῶς
1499 1238 1724 1311 ἀξιῶσαι
1773 1239 1908 1313 πρὸς
1937 1239 2035 1306 τήν

374 1325 540 1381 πόλιν
597 1326 983 1385 έπανεΛθόντα.
1046 1326 1143 1381 Καὶ
1198 1328 1419 1402 γέγονεν
1480 1326 1647 1394 οὕτω,
1704 1325 1800 1381 κᾶν
1832 1329 2036 1382 ἀποθα-

372 1415 563 1479 νόντος
613 1415 843 1486 ἐκείνου,
905 1417 1170 1487 ὀστράκου
1230 1418 1358 1489 φασὶ
1421 1416 1861 1489 μεταπεσόντος,
1918 1417 2035 1471 ἀνε-

374 1500 657 1578 λάμϐανόν
715 1526 774 1559 τε
829 1506 923 1567 τὰς
983 1504 1341 1580 έπικυρώσεις
1396 1506 1485 1560 καὶ
1542 1508 1610 1560 τὰ
1640 1504 2036 1580 διατεταγμένα

375 1592 613 1662 διέλυον,
675 1597 749 1658 ὡς
796 1596 864 1651 τά
924 1597 1017 1668 μὲν
1076 1596 1393 1669 νομίσματα
1448 1601 1515 1670 τῇ
1577 1595 1807 1671 Μεγάλῃ
1834 1597 2037 1668 ταυτηῗ

370 1683 636 1757 ἐκκλησίᾳ
694 1692 1161 1755 προσανατεθῆναι
1224 1685 1300 1748 εἰς
1360 1685 1761 1762 περιποίησιν,
1816 1688 1916 1755 τήν
1976 1685 2033 1742 δὲ

375 1775 546 1846 μονὴν
578 1773 789 1843 έκείνην
849 1773 917 1847 τῇ
949 1778 1046 1828 τοῦ
1078 1774 1353 1844 Γαλησίου
1390 1778 1532 1848 μονῇ
1578 1775 1907 1844 ὑποτεθῆναι
1956 1775 2031 1838 είς

377 1864 658 1952 μετόχιον.
718 1869 777 1921 'O
836 1868 991 1952 γοῦνΔ
1027 1865 1295 1939 ἱεράρχης
1327 1865 1527 1941 Ἰωσὴφ
1557 1868 1625 1938 τῇ
1677 1863 1917 1939 ἀνατολῇ
1950 1865 2033 1943 ἐφ’
2060 1888 2109 1952 Β

372 1952 553 2007 ἱκανὸν
582 1950 867 2029 διατρίψας
900 1950 1222 2030 ὑπέστρεφεν
1254 1952 1330 2014 είς
1364 1952 1677 2022 Βυζάντιον.

366 2095 431 2171 γ’.
464 2096 654 2186 Ὅπως
670 2099 755 2186 τῷ
786 2093 1122 2186 ῌσυλΙγάρων
1160 2094 1385 2186 βασιλεῖ
1414 2095 1805 2186 ΚωνστιξνΙῇνῳ
1858 2099 1893 2167 ἡ
1924 2103 2024 2167 τῆς

619 2165 893 2243 Εὐλ-ογίας
930 2165 1169 2244 Θυγάτηρ
1211 2168 1288 2230 εἷς
1319 2169 1497 2243 γάμον
1534 2165 1772 2239 ἐξεδόθη.

438 2311 523 2383 [Ρ.
556 2312 684 2383 234]
718 2310 816 2365 Καὶ
852 2311 987 2383 μετὰ
1037 2311 1229 2386 μικρὸν
1262 2318 1363 2380 τῆς
1388 2315 1484 2366 τοῦ
1538 2309 1808 2387 βασιλέως
1839 2309 2024 2368 Βουλ-

362 2398 545 2478 γάρων
607 2399 1019 2456 Κωνσταντίνου
1078 2400 1309 2476 συζύγου
1364 2400 1607 2474 Εἰρήνης
1683 2397 2023 2472 μεταλλαξά-

364 2510 485 2560 σης,
518 2489 597 2552 είς
629 2487 862 2552 σπονδὰς
887 2491 915 2545 6
964 2495 1179 2564 κρατῶν
1227 2489 1427 2545 ἐκεῖνον
1489 2488 1662 2554 θέλων
1697 2488 1913 2560 συνᾶξαι
1971 2490 2024 2554 ἐς

365 2578 396 2634 ὃ
450 2584 569 2641 τοῖς
628 2579 768 2634 κατά
821 2579 914 2634 τὸν
971 2581 1149 2654 Αἷμον
1182 2578 1272 2634 καὶ
1304 2578 1439 2655 αὐτῇ
1471 2600 1535 2656 γε
1570 2576 1885 2652 Μακεδονίᾳ
1931 2580 2021 2634 καὶ

370 2816 432 2856 se
462 2798 794 2855 soluturum
837 2798 1055 2866 sciens,
1085 2801 1442 2853 testamento
1500 2797 1734 2853 condito
1782 2798 1853 2852 de
1900 2797 2025 2853 suis

368 2888 544 2945 rebus
571 2887 777 2943 statuit
808 2888 865 2943 in
896 2886 1055 2943 hunc
1089 2888 1346 2942 modum.
1391 2886 1835 2956 Monasterium,
1869 2887 2023 2943 342

372 2976 432 3031 in
478 2993 593 3049 quo
635 2977 881 3049 degebat
907 2981 964 3032 et
996 2992 1366 3048 perseverare
1405 2992 1640 3047 semper
1670 2977 2021 3040 decreverat,

373 3065 457 3123 sic
511 3070 571 3121 ut
619 3070 757 3123 tunc
803 3072 949 3133 erat,
997 3082 1235 3122 manere
1289 3080 1523 3137 semper
1566 3065 1842 3133 liberum,
1877 3066 2023 3121 nulli

374 3172 628 3228 unquam
684 3155 1117 3227 subjiciendum
1170 3154 1356 3221 alteri,
1401 3156 1669 3226 jubebat.
1703 3155 1866 3221 Quod
1917 3171 2023 3210 au-

2148 620 2257 671 τῶν
2313 618 2727 692 στρατευμάτων
2787 624 2905 682 τοῖς
2963 618 3212 693 συνεχέσι
3244 612 3539 688 πολέμοις,
3592 619 3809 691 πέμψας

2151 702 2642 781 διαπρεσϐεύεται,
2713 707 3151 781 ὑπισχνούμενος
3228 706 3303 767 εἷς
3379 703 3550 776 κῆδος
3621 706 3809 779 ἐκείνῳ

2150 793 2335 850 δοῦναι
2394 798 2483 850 καὶ
2512 799 2612 867 τὴν
2663 793 2962 873 ἀδελφιδῆν
3019 794 3209 851 ἑαυτοῦ
3265 795 3478 871 Μαρίαν
3539 797 3637 863 τήν
3698 800 3804 850 τῶν

2149 884 2452 960 θυγατέρων
2484 893 2585 955 τῆς
2620 886 2887 961 Εὐλογίας
2932 884 3206 961 δευτέραν,
3332 883 3395 953 δὴ
3461 886 3688 957 συνῴκει
3744 886 3807 939 τὸ

2146 976 2411 1048 πρότερον
2466 977 2494 1030 ὁ
2551 974 2730 1045 Φιλῆς
2794 973 3039 1045 Ἀλέξιος
3099 973 3194 1028 καὶ
3252 972 3419 1048 μέγας
3463 971 3807 1046 δομέστικος.

2147 1064 2247 1119 Καὶ
2309 1060 2377 1131 δὴ
2428 1068 2534 1118 τῶν
2587 1065 2763 1139 ὅρκων
2814 1059 3135 1139 προϐάντων
3190 1063 3263 1123 ὡς
3322 1058 3803 1135 συλλαμϐάνεσθαι

2145 1150 2360 1213 τούτοις
2427 1153 2516 1207 καὶ
2597 1147 2976 1227 Μεσέμϐρειαν
3052 1150 3141 1206 καὶ
3218 1150 3521 1226 Ἀγχίαλον
3575 1150 3808 1223 (ἐκείνου

2145 1240 2245 1316 γάρ
2282 1241 2447 1305 οὗσας
2498 1247 2790 1316 κατασχεῖν
2848 1236 3096 1317 βασιλέα,
3147 1240 3233 1295 καὶ
3285 1242 3435 1301 αὖθις
3478 1239 3623 1309 ἄξιον
3676 1240 3807 1293 εἶναι

2144 1331 2234 1385 τὸν
2290 1334 2415 1405 πρὶν
2474 1327 2677 1405 ἔχοντα
2735 1326 3032 1403 λαμϐάνειν
3096 1330 3257 1390 αὐτὰς
3312 1328 3400 1383 ἐπὶ
3450 1334 3528 1401 τῷ
3579 1350 3805 1403 γενησο-

2149 1418 2295 1493 μένῳ
2352 1422 2426 1483 ὠς
2485 1426 2689 1495 προῖκα
2736 1418 2917 1490 κήδει)
2950 1421 2977 1474 6
3030 1420 3124 1491 μὲν
3180 1417 3435 1493 βασιλεὺς
3477 1419 3547 1472 τὰ
3581 1420 3674 1490 μὲν
3707 1423 3803 1472 τοῦ

2142 1506 2345 1580 κήδους
2373 1508 2621 1585 ἐπλήρου
2662 1511 2737 1574 ὡς
2786 1509 2907 1565 λίαν
2968 1509 3277 1586 φιλοτίμως
3329 1509 3418 1561 καὶ
3477 1507 3800 1582 βασιλικῶς.

2144 1600 2400 1670 Συνεξήει
2460 1599 2563 1674 γὰρ
2629 1604 2697 1673 τῇ
2760 1599 3256 1677 νυμφευθησομὲνῃ
3318 1596 3479 1657 αὐτὸς
3542 1594 3797 1670 βασιλεὺς

2139 1688 2230 1742 καὶ
2288 1689 2316 1742 6
2366 1688 2735 1765 πατριάρχης,
2794 1689 2893 1743 κάν
2945 1683 3230 1761 Σηλυϐρίᾳ
3259 1685 3566 1761 γενόμενοι,
3624 1683 3798 1739 ἐκεῖσε

2141 1774 2498 1840 δεσποινικῶς
2558 1779 3088 1851 μετασκευασάμενοι
3138 1778 3239 1846 τήν
3298 1775 3373 1837 εἷς
3424 1772 3605 1849 γάμον
3650 1796 3791 1847 πεμ-

2140 1866 2381 1939 πομένην
2443 1872 2521 1940 τῷ
2581 1866 2992 1939 Κωνσταντίνῳ,
3025 1864 3234 1935 ἐκείνην
3273 1865 3367 1937 μὲν
3405 1861 3508 1917 ὑπὸ
3561 1862 3795 1937 πλείστῃ

2140 1953 2439 2033 δορυφορίᾳ
2485 1958 2624 2028 πρὸς
2672 1956 2877 2011 ἐκεῖνον
2928 1954 3195 2024 ἀπέλυον,
3256 1954 3409 2007 αὐτοὶ
3456 1950 3501 2006 δ’
3538 1953 3797 2026 ὑπέστρε‹

2136 2065 2258 2122 φον.
2296 2045 2392 2102 Καὶ
2422 2047 2487 2100 τὰ
2520 2046 2614 2117 μὲν
2664 2050 2761 2100 τοῦ
2808 2042 3012 2114 κήδους
3074 2044 3249 2103 οὕτως
3281 2042 3308 2096 ό
3367 2041 3628 2116 βασιλεὺς
3687 2041 3801 2112 ἐξε-

2136 2132 2381 2207 πλήρου,
2439 2133 2507 2188 τά
2538 2131 2595 2189 δὲ
2624 2134 2749 2208 περὶ
2780 2134 2874 2195 τὰς
2906 2132 3098 2195 πόλεις
3130 2127 3490 2201 ἀνεϐάλλετο,
3541 2136 3662 2192 ταῖς
3700 2134 3794 2204 μὲν

2136 2220 2419 2293 ἀληθείαις
2499 2221 2658 2284 εἰδὼς
2740 2222 2982 2278 ἐντεῦθεν
3062 2218 3611 2296 παραιρεθησομένην
3695 2221 3795 2287 τὴν

2135 2309 2417 2384 Ῥωμαίδα
2471 2312 2541 2366 τά
2585 2311 2865 2386 κράτιστα,
2918 2316 2997 2382 τῷ
3029 2308 3086 2365 δὲ
3145 2308 3538 2381 Κωνσταντίνῳ
3584 2307 3800 2385 προφά-

2136 2421 2246 2462 σεις
2305 2400 2602 2456 ἐπλάττετο
2662 2403 2916 2468 πιθανὰς,
2952 2398 3127 2462 ἄλλας
3181 2420 3239 2453 τε
3293 2399 3383 2453 καὶ
3440 2399 3503 2452 τὸ
3539 2396 3789 2472 μὴἕχε;ν

2134 2488 2325 2552 ένθέως
2356 2488 2565 2561 δοῦναι,
2603 2493 2678 2564 μή
2741 2496 2849 2545 τῶν
2878 2490 3114 2544 ἐποίκων
3164 2485 3617 2562 καταδεχομένων
3679 2488 3785 2541 τῶν

2132 2577 2394 2636 πόλεωνο
2454 2580 2763 2653 Ῥωμανίας
2828 2579 2931 2655 γὰρ
3010 2583 3145 2633 εἶναι
3211 2579 3374 2652 μέρος
3433 2575 3643 2639 ὲκείνας
3700 2575 3795 2631 καὶ

2136 2801 2295 2854 rator
2326 2797 2619 2854 devincire
2651 2797 2763 2853 sibi
2796 2796 3039 2852 ﬁrmiori
3090 2795 3289 2869 aliquo
3336 2793 3594 2865 vinculo,
3622 2797 3679 2849 et
3710 2791 3796 2850 sio

2134 2888 2474 2960 regionibus
2529 2889 2723 2943 Hieme
2773 2886 3079 2959 subjectis,
3111 2886 3196 2940 uti
3228 2884 3401 2940 etiam
3444 2883 3793 2939 Macedonia)

2135 2995 2199 3035 ac
2242 2978 2524 3049 Thraciae,
2557 2994 2757 3050 pacem
2800 2994 2864 3033 ac
2912 2976 3171 3049 quietem
3223 2990 3501 3044 asserere,
3535 2974 3687 3044 quod
3721 2988 3787 3028 eo

2132 3072 2276 3124 tunc
2322 3070 2510 3140 magis
2563 3068 2717 3122 factu
2764 3067 3158 3123 necessarium
3214 3065 3480 3137 putabat,
3519 3061 3659 3134 quia
3704 3066 3792 3117 tot

2133 3156 2426 3214 continuis
2454 3157 2929 3229 expeditionibus
2958 3172 3024 3211 ac
3054 3154 3225 3210 bellis
3256 3170 3471 3225 magna
3492 3153 3619 3223 jam
3652 3168 3791 3224 pars

366 3227 484 3302 tem
545 3245 805 3318 pecuniae
864 3245 1203 3317 possidebat
1233 3243 1542 3317 largitione
1572 3245 2018 3317 imperatorum,
2052 3227 2094 3294 C
2135 3248 2409 3304 Romanas
2445 3227 2665 3303 miiitia:
2699 3247 3016 3318 absumpta
3048 3247 3255 3311 fuerat,
3289 3242 3492 3298 missis
3540 3258 3674 3297 eum
3709 3240 3789 3296 le-

366 3340 604 3392 centum
652 3334 936 3391 librarum
986 3352 1284 3391 summam
1317 3336 1655 3403 conﬁciens,
1691 3336 1799 3391 hoc
1830 3340 2019 3391 totum

366 3428 724 3483 monasterio
785 3427 973 3482 eidem
1034 3426 1149 3482 Deo
1213 3426 1312 3497 qui
1367 3431 1456 3482 est
1502 3444 1667 3482 sacro
1709 3431 1868 3495 (nam
1902 3426 2021 3482 haec

365 3522 493 3573 erat
520 3515 838 3588 peculiaris
868 3518 997 3587 ejus
1031 3516 1243 3571 domus
1303 3517 1683 3587 nuncupatio)
1719 3516 2020 3587 proprium

363 3607 582 3663 servari
636 3610 1104 3678 perpetuumque
1148 3605 1392 3661 attribui
1442 3606 1763 3661 mandabat
1794 3607 1853 3661 in
1886 3606 2018 3662 fun-

362 3695 619 3752 dationis
637 3700 1023 3768 augmentum
1047 3699 1150 3750 aut
1170 3696 1645 3767 supplementum
1665 3694 2020 3751 amissorum

360 3784 448 3841 vel
506 3786 715 3857 quovis
772 3786 944 3840 modo
997 3801 1210 3839 casuve
1263 3783 1684 3840 deﬁcientium.
1721 3784 1796 3841 Iis
1847 3802 2018 3856 porro

358 3874 579 3930 tabulis
630 3890 923 3946 supremae
972 3891 1091 3929 suae
1145 3873 1389 3929 testibus
1430 3873 1766 3941 voluntatis,
1801 3875 2019 3945 quibus

360 3963 477 4019 ista
490 3964 951 4032 commendarat,
977 3962 1349 4018 subscribere
1372 3962 1770 4034 patriarcham
1794 3962 2014 4032 voluit;

359 4052 814 4125 impetravitque
838 4052 910 4107 ab
942 4054 1146 4107 eodem
1170 4058 1235 4107 ut
1255 4068 1388 4107 cum
1424 4069 1692 4108 reversus
1720 4052 1775 4107 in
1810 4052 2015 4108 urbem

360 4152 538 4208 esset,
563 4147 796 4198 curaret
825 4142 1062 4198 easdem
1096 4146 1253 4197 ratas
1303 4140 1504 4197 haberi
1536 4142 1608 4197 ab
1643 4143 2014 4214 imperatore,

359 4237 421 4289 et
441 4231 628 4303 ipsius
658 4231 1003 4287 auctoritate
1024 4232 1095 4285 ad
1120 4236 1398 4302 quantam
1434 4237 1674 4303 possent
1705 4231 2015 4288 maximam

361 4320 703 4376 ﬁrmitatem
760 4320 1046 4375 roborari.
1081 4320 1241 4385 Quod
1295 4325 1352 4375 et
1404 4320 1617 4376 factum
1671 4326 1778 4388 est,
1808 4321 2015 4393 exiguo

359 4409 600 4481 quidem
633 4426 821 4479 operae
854 4409 1063 4481 pretio.
1088 4409 1234 4464 Nam
1269 4410 1596 4465 Blemmida
1627 4411 1840 4466 deinde
1861 4428 2014 4466 mor-

354 4505 482 4568 tuo,
508 4499 738 4555 cunctis
770 4498 888 4554 illis
922 4499 1231 4570 promissis
1254 4504 1311 4553 et
1331 4500 1571 4570 spebus,
1595 4500 1753 4556 velut
1783 4504 2012 4573 tegulae,

2136 3338 2289 3411 gatis
2311 3338 2382 3394 ad
2408 3337 2594 3393 fcedus
2617 3337 2902 3403 invitavit,
2936 3335 3218 3409 pollicens
3238 3334 3392 3390 3-13
3419 3332 3475 3387 in
3501 3346 3785 3403 sponsam

2136 3445 2199 3484 se
2230 3427 2310 3482 illi
2347 3428 2626 3482 daturum
2660 3425 2958 3499 propriam
2991 3421 3523 3497 neptem,Eulogia3
3548 3437 3669 3475 sure
3697 3435 3791 3473 so-

2134 3517 2284 3573 roris
2356 3516 2537 3573 ﬂliam
2614 3516 2873 3572 secundo
2949 3515 3204 3588 genitam
3282 3513 3550 3579 Mariam,
3613 3526 3788 3582 quam

2132 3607 2297 3679 prius
2323 3606 2384 3663 in
2419 3606 2796 3662 matrimonio
2852 3605 3139 3661 habuerat
3168 3604 3365 3659 Philes
3394 3600 3629 3658 Alexius
3663 3617 3787 3655 ma-

2133 3713 2286 3769 gnus
2318 3698 2701 3752 domesticus.
2727 3696 3041 3764 Processit,
3072 3693 3458 3751 Constantino
3490 3694 3789 3746 annuente

2130 3790 2420 3842 tractatus
2468 3802 2653 3857 usque
2688 3786 2758 3840 ad
2792 3785 3237 3842 conventionem
3287 3782 3521 3838 foederis
3571 3778 3783 3835 sanciti

2124 3876 2502 3949 juramentis,
2522 3893 2647 3947 quae
2666 3874 2942 3930 distincte
2959 3873 3520 3945 comprehenderent
3542 3873 3790 3929 Mesem-

2132 3967 2330 4023 bream
2345 3970 2400 4021 et
2413 3964 2777 4032 Anchialum,
2794 3964 2863 4018 ad
2883 3961 3253 4021 Constantini
3280 3963 3482 4033 utique
3506 3963 3786 4023 ditionem

2131 4056 2492 4129 pertinentes
2528 4054 2727 4123 urbes,
2760 4054 2861 4109 sed
2890 4053 3176 4108 hactenus
3223 4058 3540 4123 occupatas
3572 4054 3645 4109 ab
3680 4055 3790 4110 im-

2130 4152 2419 4220 peratore,
2479 4162 2627 4217 quas
2686 4142 2949 4214 utrisque
3006 4147 3133 4197 tum
3179 4142 3371 4197 visum
3417 4147 3507 4197 est
3553 4160 3785 4214 aequum

2130 4253 2256 4293 esse
2306 4237 2460 4292 bona
2508 4234 2620 4290 fide
2670 4232 2834 4289 reddi
2866 4231 3107 4303 antiquo
3144 4230 3467 4303 possessori
3501 4236 3558 4285 et
3586 4231 3783 4304 impu-

2128 4328 2238 4383 tari
2267 4326 2328 4381 in
2361 4330 2586 4398 partem
2634 4322 2786 4379 dotis
2835 4339 2991 4377 novre
3042 4337 3292 4392 sponsae.
3328 4319 3429 4374 His
3476 4318 3612 4375 hinc
3644 4338 3781 4392 pro-

2129 4417 2352 4485 missis,
2386 4416 2547 4471 illinc
2605 4411 2930 4486 stipulatis,
2988 4413 3307 4483 imperator
3366 4410 3780 4466 doductionem

2129 4524 2358 4580 sponsae
2390 4505 2699 4561 ambitiose
2721 4521 2788 4560 ac
2810 4503 2971 4575 regia
2992 4501 3164 4574 plane
3196 4517 3412 4572 pompa
3445 4499 3782 4570 celebravit,

351 4588 505 4659 quod
541 4588 732 4654 aiunt,
763 4587 1112 4659 inter’apsu,
1148 4588 1206 4642 in
1239 4587 1472 4643 irritum
1507 4590 2010 4658 evanescentibus,
2045 4605 2090 4670 ι)
2124 4600 2250 4670 ipse
2303 4595 2769 4668 proficiscentem
2806 4592 3110 4648 mulierem
3143 4606 3273 4645 cum
3312 4589 3645 4662 patriarcha
3676 4606 3777 4645 co-

354 4679 679 4734 rescissum
732 4679 788 4733 id
844 4684 1109 4735 revocata
1161 4679 1605 4736 conﬁrmatione
1662 4686 1718 4736 et
1772 4698 2009 4739 cassum

352 4768 562 4824 eﬁ‘ectu
597 4774 1016 4824 testamentum
1052 4768 1181 4823 fuit.
1216 4773 1300 4825 Ac
1330 4769 1583 4841 pecunia
1614 4770 1855 4842 quidem
1889 4788 2013 4829 ma-

354 4874 485 4931 gnae
533 4859 672 4915 huic
723 4860 981 4916 ecclesia
1030 4860 1088 4914 in
1139 4860 1294 4915 dotis
1342 4861 1670 4917 auctarium
1733 4863 2017 4918 attributa

356 4952 470 5014 est,
506 4948 933 5003 monasterium
958 4965 1116 5016 vero,
1140 4949 1233 5003 cui
1265 4953 1386 5005 tam
1440 4948 1688 5006 sollicite
1736 4950 2014 5008 Blemmi-

353 5035 463 5091 das
480 5042 731 5105 caverat,
749 5037 963 5093 Galesii
988 5038 1325 5094 monasterii
1341 5039 1601 5095 dominio
1616 5039 2014 5111 suppositum,

352 5142 427 5182 ex
449 5143 516 5183 eo
544 5128 794 5199 pendere
827 5129 998 5201 eique
1021 5130 1301 5187 inservire
1316 5131 1559 5202 jussum
1585 5136 1694 5187 est.
1724 5131 2012 5188 Czeterum

346 5216 647 5288 Josephus
702 5235 805 5289 per
862 5218 1020 5275 hunc
1070 5220 1335 5289 modum,
1388 5220 1691 5293 aliquanto
1750 5226 2013 5294 tempore

353 5311 622 5362 moratus
654 5306 713 5361 in
747 5308 996 5377 Oriente,
1030 5308 1599 5382 Constantinopolim
1632 5311 1886 5367 revertit.

347 5446 407 5501 3.
447 5446 511 5503 Ut
566 5450 684 5519 regi
738 5448 1104 5525 Bulgarorjum
1167 5452 1547 5525 Constantino,
1581 5452 1702 5522 ﬁlia
1757 5452 2013 5525 Eulogias

765 5521 954 5577 Maria
984 5520 1043 5576 in
1076 5539 1310 5579 uxorem
1338 5525 1467 5579 data
1498 5520 1596 5581 sit;

428 5660 554 5718 Non
606 5662 796 5718 multo
828 5666 961 5735 post
991 5665 1145 5736 regis
1201 5665 1586 5739 Bulgarorum
1640 5669 2011 5727 Constantini

354 5748 606 5824 conjuge
638 5751 801 5812 Irene
832 5757 1086 5829 mortua,
1118 5756 1365 5815 studens
1394 5756 1576 5816 istum
1603 5774 1801 5831 regem
1831 5760 2010 5835 impe-

2125 4686 2369 4743 mitatus
2399 4683 2719 4757 Selybriam
2754 4699 2958 4752 usque,
2992 4681 3243 4752 indeque
3301 4679 3462 4735 illam
3513 4680 3583 4735 ad
3632 4680 3782 4736 Con-

2126 4776 2453 4833 stantinum
2474 4772 2764 4845 frequenti
2794 4788 2860 4827 ac
2882 4771 3134 4842 superbo
3159 4768 3433 4825 satellitio
3461 4770 3779 4840 perducen~

2124 4869 2259 4923 dam
2322 4883 2557 4933 curans,
2617 4880 2681 4919 ac
2740 4861 2825 4918 sic
2882 4858 3451 4930 ConstantinOpolim
3509 4874 3777 4914 reversus

2124 4962 2367 5013 eatenus
2399 4955 2573 5011 fidem
2604 4956 2907 5025 pactorum
2944 4949 3266 5020 imperator
3302 4946 3589 5019 praestitit.
3630 4946 3778 5004 Nam

2125 5046 2280 5117 quod
2306 5044 2731 5117 promissarum
2751 5039 3033 5096 attinebat
3049 5038 3484 5094 restitutionem
3516 5035 3778 5107 urbium,

2124 5136 2183 5191 in
2206 5152 2272 5191 ea
2295 5152 2409 5190 non
2439 5131 2839 5189 festinandum
2871 5134 3033 5185 ratus
3057 5128 3249 5184 varios
3279 5127 3408 5199 ejus
3440 5126 3774 5181 differendae

2123 5229 2436 5297 prwtextus
2450 5222 2684 5295 quaesivi
2698 5226 2717 5276 t
2730 5236 2928 5276 revera
2941 5217 3263 5291 periculum
3284 5217 3423 5272 dirae
3436 5215 3784 5272 vastationis

2123 5332 2192 5371 ex
2214 5332 2280 5369 ea
2301 5313 2621 5368 imminens
2652 5309 2822 5366 terris
2854 5308 3097 5381 imperio
3130 5306 3414 5378 subjectis
3447 5322 3777 5377 praecaven-

2122 5405 2264 5460 dum
2280 5419 2546 5459 censens.
2570 5401 2855 5456 Caeterum
2873 5398 3107 5454 interim
3124 5396 3578 5455 Constantinum
3598 5396 3783 5450 lacta-

2122 5494 2516 5569 batspeciosis
2540 5492 2879 5549 obtentibus
2909 5487 3650 5558 multiscoloremaliquem
3675 5486 3780 5540 ha-

2120 5586 2419 5654 bentibus,
2437 5599 2689 5656 quorum
2706 5580 2797 5638 hic
2812 5579 3322 5637 verisimilitudine
3337 5578 3617 5632 inductus
3632 5592 3781 5630 non-

2120 5675 2285 5732 nulla
2297 5674 2622 5731 videbatur.
2650 5672 2855 5728 Aiebat
2868 5670 3138 5726 videlicet
3164 5670 3349 5725 istaru
3362 5684 3414 5721 m
3439 5663 3661 5721 incolas
3682 5682 3777 5719 ur-

2118 5766 2285 5825 bium
2328 5779 2601 5823 recusare
2642 5761 2875 5835 Bulgari
2918 5759 3154 5831 subjici,
3195 5772 3329 5814 cum
3368 5755 3482 5828 ipsi
3525 5753 3777 5811 Romani
