4080 6386
394 386 503 443 795

392 511 701 585 Ῥωμαίους
787 516 1007 587 αὐτοὺς,

398 600 591 673 μαίοος
652 606 731 677 [Ρ.
765 607 893 679 235]
925 606 1027 661 ὑπὸ
1057 608 1361 683 Βουλγάρῳ
1388 607 1585 663 τελεῖν.
1632 606 1708 663 Οὐ
1760 606 1866 677 μὴν
1903 601 1947 658 δ’
1998 601 2052 665 ἐς

392 691 551 752 τέλος
610 692 839 769 ἀπέλεγε
886 696 987 763 τήν
1049 694 1195 750 δόσιν
1256 698 1283 750 6
1346 696 1623 771 βασιλεὺς,
1678 693 1823 750 ἀλλά
1878 714 2052 767 προσ-

396 781 600 855 ανήρτα
654 784 838 856 καιρὸν
893 786 985 838 τὸν
1038 792 1137 853 τῆς
1194 786 1541 862 τεκνογονίας
1612 783 1793 853 δῆθεν,
1856 783 1931 843 ὡς
1991 779 2050 836 ἂν

390 868 479 921 καὶ
511 868 862 944 κληρονόμου
892 874 1071 945 τούτῳ
1104 875 1361 948 φανέντος
1415 876 1473 929 ἐκ
1501 876 1689 950 γένους
1739 874 2051 945 Ῥωμαϊκοῦ

392 957 804 1030 εὐπροσωποῖτο
864 963 951 1015 καὶ
1021 966 1047 1031 ἢ
1115 961 1399 1025 ἀπόδοσις.
1451 966 1533 1019 Τά
1591 962 1637 1017 δ’
1685 964 1821 1031 ἦσαν
1873 959 2052 1037 γέλως

392 1044 644 1121 ἄντικρυς
703 1050 791 1103 καὶ
844 1053 1225 1126 ωνειρὸμενον
1286 1051 1483 1126 ψεῦδος
1539 1058 1619 1125 τῷ
1676 1054 1863 1127 χρόνῳ
1924 1073 2054 1124 συγ-

388 1134 749 1209 κρύπτοντος.
786 1139 979 1210 Ὅμως
1038 1137 1095 1193 δέ
1125 1162 1187 1215 γε
1217 1142 1306 1195 καὶ
1358 1139 1501 1195 ἄκων
1560 1143 1586 1195 6
1642 1144 2049 1200 Κωνσταντῖνος

393 1223 622 1295 ὑπέμενε
677 1225 764 1279 καὶ
819 1226 1127 1300 ἐσπένδετο,
1190 1229 1239 1284 εἷ’
1290 1230 1381 1284 καὶ
1443 1233 1469 1300 ἡ
1534 1228 1753 1294 δοθεῖσα
1782 1231 1834 1283 οἱ
1866 1227 1927 1282 οὐ
1958 1248 2049 1281 το-

390 1316 577 1367 σοῦτον
644 1315 846 1388 βοηθὸς
876 1316 1067 1390 ἐκείνῳ
1119 1320 1243 1372 ὅσον
1303 1323 1371 1393 τῇ
1428 1317 1693 1393 Ῥωμαίδι
1752 1317 2049 1391 ἐπέμπετο.

388 1401 537 1457 Ἐπεὶ
596 1400 643 1457 δ’
676 1403 725 1477 ἐξ
759 1404 964 1461 ἐκείνου
1015 1406 1229 1461 παιδίον
1265 1410 1410 1484 έώρα
1438 1409 1530 1464 τὸν
1584 1406 1819 1484 Μιχαὴλ
1864 1407 2049 1481 ἑαυτῇ,

389 1486 535 1545 δεινᾶ
607 1490 825 1564 ἐποίει,
895 1496 984 1549 καὶ
1060 1498 1153 1551 τὸν
1232 1497 1460 1573 σύζυγον
1525 1499 1902 1573 κατηνάγκαζε
1956 1498 2052 1561 τὰς

388 1579 623 1642 σπονδάς
673 1604 735 1658 γε
795 1583 944 1640 λύειν
1004 1586 1093 1640 καὶ
1155 1586 1423 1661 πολεμεῖν
1487 1590 1579 1651 τὰς
1640 1590 1833 1651 πόλεις
1882 1608 2051 1663 προσ-

387 1676 752 1749 απαιτοξὲντα.
816 1675 1109 1731 Κάντεῦθεν
1170 1677 1259 1731 καὶ
1320 1676 1469 1732 δεινά
1526 1678 1624 1733 οὐκ
1679 1676 1845 1753 ὀλίγα
1902 1679 2051 1747 ξονέ-

388 1756 561 1830 ϐαινε,
621 1762 710 1816 καὶ
769 1760 1099 1836 ξυμϐεϐήκει
1152 1764 1209 1819 ἂν
1262 1765 1515 1837 πλεῖστα,
1549 1767 1593 1821 εἰ
1628 1770 1700 1840 μή
1736 1788 1796 1843 γε
1828 1768 1855 1821 ὁ
1890 1768 2050 1843 βασι-

1707 392 2006 448 GEORGII
2047 388 2516 449 ΡΔΟΗΥΜΕΒΒ

1100 520 1173 591 μή
1261 518 1396 572 εἶναι
1483 516 1528 572 δ’
1606 514 1837 590 εὔλογον
1907 516 2129 582 ῬωοΑ
2168 534 2276 588 ρων
2312 556 2327 582 ,
2395 514 2474 579 εἰς
2527 515 2854 591 στρατηγίαν
2907 536 2967 571 τε
3024 516 3237 585 ξυνετὸς
3294 515 3384 570 καὶ
3443 509 3655 591 τρίϐων
3713 520 3828 579 τοῖς

3726 389 3832 447 796

2160 605 2498 679 πράγμασιν,
2549 606 2609 668 ὃς
2656 606 2770 677 ἅμα
2825 604 3105 667 πλείσταις
3167 602 3460 677 δυνάμεσιν
3523 604 3576 678 ἐξ
3630 605 3829 680 ὁμογε-

2161 697 2265 746 νῶν
2313 693 2608 768 Τοχάρων,
2641 693 2735 757 οὒς
2789 694 2946 749 αὐτοὶ
3000 692 3384 769 Μουγουλίους
3432 691 3713 769 λέγουσιν,
3747 692 3826 765 ἐξ-

2158 782 2488 845 αποσταλεὶς
2522 783 2582 837 ἐκ
2629 788 2737 838 τῶν
2765 784 2901 838 κατὰ
2946 785 3041 846 τάς
3076 785 3323 845 Κασπίας
3384 783 3676 859 ἀρχόντων
3734 787 3827 837 τοῦ

2158 871 2390 947 γένους,
2466 872 2555 935 οὓς
2613 870 2847 935 Κάνιδας
2907 873 3301 946 ὀνομάζουσιν,
3364 868 3659 928 εἰσϐάλλει
3712 877 3825 934 τοῖς

2160 962 2258 1015 ἀνὰ
2313 962 2405 1017 τὸν
2468 960 2715 1035 Εὔξεινον
2776 965 3015 1037 βορείοις
3062 962 3284 1031 ἔθνεσιν,
3340 961 3373 1016 ἃ
3418 959 3489 1030 δὴ
3541 963 3608 1017 τὸ
3657 960 3825 1017 πάλαι

2157 1056 2274 1113 τοῖς
2322 1051 2623 1125 Ῥωμαίοις
2682 1053 2925 1123 ὑπήκουε
2960 1097 2973 1123 ,
3036 1060 3135 1121 τῆς
3194 1051 3411 1113 πόλεως
3472 1049 3520 1105 δ’
3582 1049 3827 1122 ἀλούσης

2158 1142 2247 1195 καὶ
2297 1146 2404 1195 τῶν
2468 1140 2802 1216 πραγμάτων
2865 1142 2939 1203 εἷς
2999 1142 3182 1196 στενὸν
3242 1140 3632 1196 καταστάντων
3692 1141 3823 1196 Ῥω-

2163 1226 2371 1300 μαίοις,
2439 1233 2546 1283 τῶν
2624 1228 2824 1301 κυρίων
2900 1227 3323 1306 ἀπολειφθέντα,
3392 1226 3687 1301 αὐτόνομα
3736 1231 3823 1297 ἦν.

2157 1317 2313 1371 Ταῦτ’
2374 1314 2474 1390 ἄρα
2530 1317 2619 1373 καὶ
2697 1317 2903 1372 ἀκονιτὶ
2981 1317 3168 1395 φανεὶς
3244 1312 3680 1391 προσελάμϐανε
3737 1318 3824 1372 καί

2157 1404 2587 1465 κατεδουλοῦτο.
2647 1406 2797 1464 Ἰδὼν
2847 1405 2904 1462 δὲ
2962 1408 3151 1482 χώρας
3206 1406 3487 1477 ἀρετώσας
3544 1407 3639 1461 καὶ
3698 1402 3820 1477 ἔθνη

2160 1495 2234 1557 εἷς
2296 1498 2476 1570 ἀρχὴν
2529 1496 2665 1551 κατά
2712 1503 2847 1569 σφᾶς
2908 1495 3173 1571 αὐτάρκη,
3233 1497 3525 1570 ἀφηνιάζει
3593 1498 3689 1569 μὲν
3716 1501 3818 1551 τῶν

2157 1586 2487 1657 πεμψάντων
2534 1585 2623 1640 καὶ
2673 1586 2848 1659 ἑαυτῷ
2893 1586 2960 1640 τά
3016 1583 3142 1652 ἔθνη
3191 1590 3561 1656 προσκτᾶται.
3620 1586 3708 1647 Ὠς
3768 1583 3821 1640 δὲ

2158 1676 2367 1749 χρόνου
2423 1670 2775 1747 τριϐομένου,
2829 1673 3209 1750 ἐπιμιγνύντες
3243 1672 3426 1750 σφίσιν
3474 1674 3687 1749 οἱπερὶ
3722 1674 3818 1743 τήν

2162 1764 2448 1840 μεσόγαιον
2506 1764 2934 1837 κατῳκημένοι,
2995 1762 3223 1819 Ἀλανοὶ
3283 1762 3475 1838 λέγω,
3551 1766 3638 1834 [Ρ.
3694 1765 3816 1837 236]

386 1848 514 1910 λεὺς
546 1848 715 1921 κῆδος
747 1854 881 1926 πρὸς
940 1855 1031 1909 τὸν
1063 1862 1241 1930 Νογᾶν
1271 1856 1357 1911 ἐπὶ
1409 1857 1552 1929 νόθῳ
1608 1861 1676 1931 τῇ
1722 1856 2045 1934 Εὐφροσύνῃ
2079 1854 2351 1961 ΒΖίκχοι
2426 1853 2515 1909 καὶ
2587 1854 2822 1923 Γότθοι,
2881 1854 3081 1907 Ῥὦσοι
3137 1853 3228 1907 καὶ
3287 1852 3355 1907 τὰ
3418 1856 3819 1925 προσοικοῦντα

426 1938 487 1961 Α(
745 1948 770 1960 υ
911 1943 923 1961 9
996 1950 1016 1960 υ
1157 1945 1169 1961 \
1250 1947 1262 1961 ο
1366 1947 1379 1961 \
1454 1946 1467 1961 9
1548 1946 1558 1961 1
1726 1950 1752 1961 .-
1872 1948 1883 1961 ι
1992 1945 2005 1961 \
2237 1944 2248 1961 I
2415 1941 2438 1961 ᾗ
2484 1946 2493 1961 1
2736 1946 2745 1961 1
2874 1938 2925 1961 Nn
3177 1944 3189 1959 \
3233 1942 3247 1961 ,
3326 1940 3337 1961 1
3605 1941 3661 1961 ΑΙ

384 1938 586 2016 φθάσας
636 1948 867 2011 ποιῆσαι
901 1943 1085 2019 ἀνεῖχε
1114 1945 1208 2007 τὰς
1243 1947 1417 2019 ὁρμὰς
1450 1946 1657 2001 ἐκείνου
1686 1950 1755 2020 τῇ
1787 1948 1922 2021 πρὸς
1953 1945 2046 2000 τὸν

386 2034 569 2103 Νογᾶν
597 2026 837 2100 δεξιώσει
870 2032 960 2087 καὶ
997 2031 1178 2088 διέλυε
1208 2036 1276 2089 τὰ
1318 2035 1687 2110 βουλεύματα,
1736 2036 1809 2097 ὡς
1856 2035 2047 2090 αὐτίκα

388 2118 613 2172 κατόπιν
649 2118 1137 2195 ἐπιδραμουμένων
1165 2125 1269 2179 τῶν
1297 2126 1587 2200 Τοχάρων,
1628 2127 1688 2194 ἣν
1724 2125 1887 2188 αὐτὸς
1918 2123 2042 2199 ἐπίῃ

386 2212 505 2268 τοῖς
536 2208 827 2281 βασιλέως.

389 2308 452 2368 δ’.
485 2312 565 2403 Ta}
779 2320 884 2403 τοῦ.
930 2322 1083 2403 Nova
1129 2318 1218 2403 καὶ
1267 2321 1561 2403 Τρχάρων,
1621 2316 1768 2403 ὅπως
1800 2319 1948 2403 εἶχον
1979 2321 2041 2375 τὸ

494 2338 565 2403 ια
606 2338 727 2389 περι
779 2338 876 2370 του
930 2338 1083 2395 Νογα
1129 2340 1218 2373 και
1267 2338 1425 2395 ’[οχα
1465 2342 1561 2390 ων,
1621 2341 1768 2382 οπως
1800 2338 1948 2395 ειχον
1979 2342 2039 2375 το

454 2403 600 2475 new;
636 2386 733 2442 Καὶ
764 2388 888 2463 περὶ
917 2394 1015 2445 τοῦ
1048 2390 1269 2463 πρώτου
1304 2338 1574 2469 βασιλέως
1602 2394 1692 2448 καὶ
1736 2394 2039 2466 νομοθέτου

464 2477 638 2511 αυτων
649 2501 663 2515 ο

458 2561 518 2624 Ὁ
550 2560 607 2620 δὲ
638 2566 819 2644 Νογᾶς
872 2569 1032 2635 αὐτὸς
1080 2571 1371 2646 κράτιστος
1416 2571 1482 2643 ἦν
1529 2572 1665 2650 ἀνὴρ
1696 2576 1803 2628 τῶν
1844 2574 2034 2649 Τοχά-

381 2792 601 2856 essent,
617 2804 722 2845 nec
741 2804 803 2845 se
816 2789 2037 2864 adhuc,quantumvisconaretur,potuisse

379 2878 518 2933 huic
543 2895 747 2933 eorum
771 2880 1067 2935 'aversioni
1117 2882 1358 2937 mederi.
1393 2886 1463 2937 Ut
1497 2897 1587 2937 res
1621 2883 1723 2937 fiat
1752 2880 2033 2949 suaviter,

376 2968 831 3038 exspectandum
863 2968 1066 3038 videri,
1090 2971 1229 3025 dum
1265 2981 1435 3027 natus
1466 2970 1853 3026 Constantino
1874 2969 2035 3023 ﬁlius

382 3056 529 3110 foret
557 3071 627 3110 ex
657 3073 804 3111 nova
833 3060 1119 3130 conjuge:
1153 3065 1294 3114 tunc
1324 3061 1482 3115 enim
1516 3061 1635 3116 fore
1666 3058 1867 3115 omnia
1898 3073 2036 3129 pro-

383 3143 569 3210 niora,
591 3159 725 3217 rege
745 3149 867 3201 tum
894 3147 1118 3203 scilicet
1135 3149 1289 3204 844
1322 3149 1705 3220 Bulgarorum
1738 3148 2030 3204 haeredem

380 3233 634 3290 habente
666 3236 911 3292 Romani
944 3238 1275 3310 sanguinis,
1309 3241 1400 3294 cui
1435 3247 1805 3294 sacramento
1840 3239 2035 3293 dicere

379 3323 674 3380 Romanos
722 3343 833 3381 non
892 3328 1213 3384 dedeceret.
1251 3330 1377 3384 Haec
1420 3328 1848 3399 allegabantur,
1880 3344 2028 3397 quae,

374 3417 438 3467 ut
457 3430 592 3469 vere
615 3414 950 3487 loquamur,
977 3434 1139 3472 mera
1160 3422 1327 3473 erant
1351 3418 1539 3474 elusio
1570 3423 1628 3473 et
1657 3416 2032 3473 mendacium

374 3502 764 3573 promissione
812 3509 1050 3575 tempus
1096 3506 1427 3562 obducente
1458 3507 1893 3575 inumbratum,
1926 3522 2033 3561 nec

373 3589 546 3661 plane
603 3591 813 3646 fallens
890 3593 1369 3665 Constantinum,
1429 3611 1771 3667 quanquam
1827 3594 1877 3649 is
1934 3610 2034 3649 vo-

372 3677 501 3733 lens
534 3677 743 3735 nolens
773 3679 1150 3738 dissimulare
1182 3685 1522 3754 cogebatur,
1550 3691 1607 3739 et
1632 3685 1805 3740 tacite
1836 3684 2033 3739 dolere

370 3768 571 3822 fucum
619 3768 731 3823 sibi
783 3769 999 3826 factum
1050 3773 1415 3828 obtrudenda
1447 3775 1719 3845 conjuge,
1754 3791 1881 3845 quae
1915 3792 2033 3829 non

374 3862 499 3913 tam
522 3858 635 3929 ipsi
652 3860 742 3930 adj
756 3861 905 3915 utrix
919 3879 1092 3930 quam
1112 3872 1271 3918 terra:
1290 3865 1562 3921 Romanis
1577 3867 1710 3921 data
1722 3871 1894 3922 esset.
1911 3872 2033 3922 Ma-

382 3944 615 4002 riavero
630 3954 941 4019 postquam
960 3951 1339 4008 Constantino
1363 3962 1666 4025 pepererat
1689 3955 2033 4010 Michaelem

381 4032 569 4089 ﬁlium
588 4036 879 4107 omnijam
896 4040 1267 4097 excusatione
1280 4043 1637 4098 cunctationi
1653 4043 2036 4114 demptaipsa

380 4138 612 4193 quoque
661 4126 912 4182 transire
962 4129 1152 4199 palam
1208 4130 1265 4185 in
1315 4131 1420 4185 viri
1469 4148 1680 4187 sensus
1710 4136 1767 4187 et
1806 4132 2035 4202 utrique

375 4212 591 4267 factam
627 4215 903 4283 injuriam
930 4234 1201 4274 accusare
1231 4219 1613 4290 indignanter
1643 4223 1838 4293 coepit,
1860 4222 2034 4276 mari-

375 4304 504 4356 tum
537 4303 775 4358 assidue
806 4305 1133 4363 sollicitans
1155 4309 1224 4362 ad
1246 4310 1594 4380 repetendas
1629 4310 1781 4365 bello
1813 4311 2035 4380 injuste

376 4395 617 4461 negatas
642 4393 843 4448 urbes.
870 4394 1033 4451 Unde
1056 4397 1248 4451 multa
1272 4398 1427 4453 mala
1450 4404 1578 4453 orta
1598 4404 1767 4465 sunt;
1791 4405 1847 4454 et
1870 4398 2035 4469 plura

375 4480 761 4551 gravioraque
798 4482 1175 4552 prodiissent,
1202 4486 1315 4541 nisi
1344 4489 1648 4558 Augustus
1670 4493 1899 4543 mature
1920 4486 2031 4542 sibi

373 4576 843 4639 praeoccupasset
888 4588 1035 4627 novo
1088 4574 1301 4631 foedere
1354 4577 1597 4647 Nogam,
1633 4579 1771 4632 data
1800 4577 1859 4631 in
1891 4594 2034 4632 uxo-

2154 1944 2373 2007 τούτοις
2411 1941 2644 2020 διάφορα
2690 1946 2846 2018 γένη,
2873 1938 2965 2012 ἔθη
3019 1964 3077 1997 τε
3132 1944 3199 1997 τὰ
3229 1940 3455 1997 ἐκείνων
3494 1941 3818 2014 μανθάνουσι

2157 2034 2243 2087 καὶ
2305 2032 2556 2106 γλῶσσαν
2602 2034 2681 2105 τῷ
2732 2028 2836 2087 ἔθει
2892 2026 3376 2105 μεταλαμϐάνουσι
3439 2031 3532 2086 καὶ
3596 2030 3815 2101 στολὴν,

2154 2122 2244 2176 καὶ
2295 2122 2371 2184 εἷς
2426 2124 2756 2196 συμμάχους
2836 2119 3019 2183 αὐτοῖς
3068 2120 3360 2195 γίνονται.
3423 2119 3523 2174 Καὶ
3584 2122 3701 2193 μετ’
3756 2118 3814 2173 οὗ

2154 2211 2299 2267 πολὺ
2362 2211 2436 2274 εἷς
2493 2211 2707 2283 πλῆθος
2766 2212 3001 2287 ἀριθμοῦ
3060 2214 3306 2286 κρεῖττον
3367 2210 3397 2264 6
3432 2208 3681 2274 ἐπελθὼν
3710 2214 3812 2264 τῶν

2153 2301 2422 2376 Τοχάρων
2455 2299 2589 2362 λαὸς
2621 2297 2901 2369 ἀνδίδωσι,
2953 2300 3043 2355 καὶ
3083 2298 3451 2353 ἀνυπόστατοι
3496 2298 3635 2353 ὅπου
3683 2296 3808 2352 ἴοιεν

2150 2391 2391 2467 γίνονται
2439 2396 2560 2451 ταῖς
2607 2388 2916 2462 δυνάμεσιν,
2969 2390 3043 2450 ὡς
3086 2388 3174 2444 καί
3232 2408 3387 2450 τινας
3418 2392 3532 2443 τῶν
3566 2386 3675 2443 ἅνω
3720 2408 3811 2441 κυ-

2151 2482 2282 2557 ρίων
2343 2479 2594 2553 πολέμου
2656 2481 2813 2553 νόμῳ
2871 2480 2953 2533 ἐπ’
3011 2477 3209 2539 αὐτοὺς
3266 2478 3578 2540 ἀποστάτας
3636 2477 3808 2538 ἰόντας

2149 2570 2257 2645 οὐχ
2305 2571 2455 2632 ὅπως
2486 2570 2877 2645 περιγενέσθαι,
2912 2566 3059 2623 ἀλλὰ
3105 2566 3195 2621 καὶ
3247 2564 3531 2645 σφαλῆναι
3562 2567 3629 2622 τά
3652 2564 3807 2621 πλεῖ-

2146 2788 2367 2844 tiorum
2421 2786 2622 2843 tritus.
2670 2786 2725 2841 Is
2774 2802 2909 2841 cum
2971 2784 3204 2857 magnis
3256 2785 3448 2857 copiis
3496 2802 3529 2842 θ
3577 2799 3801 2859 genere,

2147 2878 2318 2948 cujus
2344 2882 2470 2933 erat
2500 2880 2556 2931 et
2584 2876 2731 2947 ipse,
2761 2874 3184 2942 Tocharorum,
3214 2874 3318 2947 qui
3353 2893 3416 2933 se
3450 2875 3567 2948 ipsi
3599 2874 3798 2946 Magu-

2145 2968 2257 3023 lios
2308 2966 2637 3032 nominaut,
2689 2964 2911 3019 missus
2944 2963 3374 3035 aprincipibus
3430 2965 3563 3036 ejus
3621 2959 3801 3036 gentis

2146 3056 2417 3130 (Canidas
2433 3054 2756 3126 appellant)
2770 3052 2925 3108 circa
2946 3059 3144 3124 portas
3161 3053 3410 3124 Caspias
3433 3053 3797 3126 degentibus,

2144 3142 2785 3217 irruperatinboreales
2816 3142 3038 3199 Euxino
3070 3152 3270 3212 gentes
3299 3142 3589 3199 Romanis
3617 3157 3797 3214 quon-

2146 3237 2281 3291 dam
2297 3234 2591 3303 subditas,
2605 3233 2706 3288 sed
2723 3249 2851 3303 quae
2867 3236 3000 3305 post
3014 3236 3247 3303 captam
3265 3250 3300 3288 a
3324 3231 3556 3289 Latinis
3577 3231 3796 3301 urbem,

2146 3330 2205 3382 et
2226 3341 2317 3380 res
2337 3321 2569 3394 imperii
2592 3322 2859 3378 redactas
2872 3322 2930 3377 in
2946 3327 3163 3390 artum,
3182 3325 3517 3378 necessario
3532 3320 3794 3393 neglecta

2147 3417 2296 3473 345
2335 3432 2369 3470 a
2397 3413 2653 3469 dominis
2685 3414 2778 3469 sui
2808 3418 2948 3469 tunc
2971 3413 3129 3484 juris
3160 3416 3353 3469 erant.
3391 3415 3501 3471 Has
3538 3411 3703 3469 facile
3732 3425 3794 3467 ac

2146 3507 2273 3563 sine
2295 3520 2508 3575 magno
2530 3503 2853 3559 certamine
2882 3503 3073 3575 prima
3102 3504 3307 3559 statim
3344 3504 3681 3561 ostensione
3708 3498 3793 3556 sui

2145 3598 2301 3667 cepit
2346 3594 2578 3665 sibique
2635 3592 2906 3663 subjecit.
2945 3594 3011 3647 Et
3060 3593 3539 3650 animadvertens
3597 3592 3792 3647 uberes

2144 3689 2329 3741 terras
2352 3700 2417 3739 ac
2440 3680 2687 3754 populos
2708 3682 2781 3736 ad
2814 3681 3293 3738 constituendum
3327 3699 3434 3755 per
3464 3700 3527 3740 se
3557 3693 3789 3753 regnum

2146 3774 2407 3841 idoneos,
2439 3774 2670 3828 frenum
2718 3771 2977 3827 excussit
3030 3771 3259 3844 imperii
3291 3788 3496 3828 eorum
3526 3789 3560 3827 a
3590 3768 3790 3841 quibus

2145 3867 2272 3918 erat
2316 3862 2559 3927 missus,
2593 3866 2649 3916 et
2690 3878 2781 3917 res
2829 3877 3002 3933 agere
3050 3877 3191 3916 suas
3242 3860 3533 3929 instituit,
3566 3856 3788 3933 pr0prio

2146 3954 2478 4025 principatu
2538 3951 2881 4007 constituto.
2922 3952 3207 4007 Processu
3257 3950 3472 4007 deinde
3524 3946 3790 4020 temporis

2147 4044 2465 4098 miscentes
2497 4058 2559 4097 se
2598 4041 2743 4112 ipsis
2777 4041 2878 4112 qui
2912 4041 3334 4097 mediterranea
3366 4040 3484 4097 illic
3515 4037 3790 4104 incolunt,

2146 4131 2309 4188 Alani
2359 4129 2652 4197 videlicet,
2683 4129 3122 4197 Ziccbi,GotLhi
3179 4135 3235 4187 et
3296 4130 3532 4199 Rhossi,
3581 4126 3787 4201 quique

2144 4221 2429 4277 ﬁnitimas
2451 4219 2609 4275 hisce
2628 4218 2891 4275 habitant
2909 4224 3095 4276 terras
3127 4220 3496 4278 diversorum
3519 4228 3787 4293 generum

2147 4310 2369 4385 populi,
2422 4326 2614 4365 mores
2672 4309 2957 4381 paulatim
3018 4310 3282 4380 ipsorum
3338 4310 3689 4371 didicerunt,
3735 4305 3790 4357 et

2147 4418 2281 4456 cum
2330 4398 2459 4455 vita:
2490 4416 2598 4454 usu
2631 4400 2895 4471 linguam
2955 4399 3132 4455 etiam
3168 4416 3233 4455 ac
3259 4400 3539 4456 vestitum
3597 4406 3785 4452 eorum

2148 4493 2525 4559 usurpantes,
2544 4488 2600 4542 in
2627 4486 3097 4559 militiaequoque
3112 4488 3474 4543 consortium
3489 4501 3623 4541 assu
3636 4478 3788 4550 mpli.

2148 4596 2262 4634 non
2299 4579 2379 4633 ita
2411 4576 2596 4632 multo
2630 4583 2762 4649 post
2794 4578 3079 4633 exercitus
3126 4578 3504 4633 confecerunt
3528 4574 3785 4629 innume-

371 4673 495 4712 rem
529 4658 580 4713 ei
614 4658 734 4713 tilia
765 4677 873 4715 sua
903 4662 1084 4717 notha
1118 4666 1516 4737 Euphrosyne.
1548 4668 1675 4733 Qua
1713 4666 2033 4722 necessitu-
2070 4640 2112 4706 ι)
2146 4666 2381 4734 rabiles,
2415 4685 2664 4739 quarum
2698 4667 3059 4723 conscientia
3091 4684 3320 4739 usuque
3352 4666 3563 4722 virium
3597 4662 3650 4716 in
3686 4673 3781 4730 p0-

376 4746 513 4802 dine
566 4749 873 4806 devinctus
929 4750 1267 4822 imperatori
1324 4755 1513 4827 Nogas
1547 4756 1742 4827 palam
1776 4756 2034 4811 ostendit

374 4834 745 4908 irrupturum
793 4856 852 4893 se
899 4856 1033 4895 cum
1086 4842 1393 4912 Tooharis,
1426 4845 1643 4915 quibus
1676 4850 1940 4915 praeerat,
1972 4845 2033 4900 in

372 4923 762 4996 Bulgarorum
784 4928 950 4999 lines,
971 4932 1172 4986 statim
1203 4936 1381 5002 atque
1398 4932 1820 4989 Constantinus
1844 4935 2031 5006 regio-

377 5028 480 5069 nes
532 5015 836 5072 incursare
894 5018 1193 5076 Romanas
1243 5021 1536 5092 coepisset.
1570 5024 1891 5095 Suspendit
1938 5024 2033 5081 hic

373 5107 569 5158 metus
617 5105 865 5162 consilia
919 5108 1174 5181 Bulgari,
1209 5115 1266 5166 et
1298 5110 1588 5167 malorum
1622 5112 1889 5169 inducias
1920 5114 2032 5171 Ro-

374 5191 569 5247 manis
598 5194 753 5249 fecit.

372 5334 423 5389 4.
459 5335 532 5390 De
560 5337 715 5404 Noga
743 5342 795 5422 et
828 5342 1102 5414 Tooharis,
1150 5345 1571 5422 originibusque
1628 5351 1824 5418 gentis,
1858 5349 2034 5421 deque

668 5420 851 5481 primo
883 5430 1072 5471 eorum
1102 5432 1225 5487 rege
1254 5434 1318 5472 ac
1350 5420 1733 5491 legumlatore.

441 5549 547 5605 Hic
607 5568 782 5622 porro
844 5554 1038 5628 Nogas
1108 5562 1559 5629 potentissimus
1625 5564 2027 5621 Tocharorum

372 5640 544 5735 erat,”
578 5641 799 5735 bellicas
860 5645 1003 5702 artis
1057 5646 1250 5719 longis
1308 5654 1722 5723 experimentis
1779 5654 2027 5711 multam

377 5728 649 5793 peritiam
681 5731 951 5808 adeptus,
984 5753 1097 5794 usu
1128 5754 1328 5797 rerum
1359 5740 1420 5800 in
1451 5742 1799 5803 tractatione
1847 5760 2028 5817 nego-

2144 4755 2389 4813 tentiam
2424 4756 2685 4813 immane
2709 4761 2991 4828 quantam
3016 4756 3414 4814 Tocharorum
3439 4770 3580 4828 gens
3603 4747 3778 4823 prole-

2144 4849 2242 4915 cit,
2276 4847 2421 4903 adeo
2444 4852 2505 4901 ut
2528 4863 2883 4917 quocunque
2913 4863 2974 4902 se
3007 4851 3319 4917 verterent,
3340 4837 3781 4901 ineluctabiliter

2144 4940 2353 4991 cuncta
2384 4940 2841 5007 prosternerent,
2867 4941 2923 4992 et
2954 4953 3089 4992 cum
3121 4953 3149 4992 e
3182 4935 3585 5009 superioribus
3605 4922 3777 4983 domi-

2144 5026 2235 5082 nis
2266 5024 2508 5096 quidam
2542 5026 2613 5080 ad
2650 5025 2915 5097 ipsorum
2961 5026 3344 5083 defectionem
3396 5016 3777 5080 ulciscendam

2140 5131 2358 5185 eosque
2389 5115 2499 5171 sub
2521 5115 2736 5186 juguin
2796 5116 3154 5173 revocandos
3214 5115 3454 5172 bellicas
3484 5112 3541 5165 in
3572 5122 3664 5163 eos
3692 5115 3777 5157 δι’

2142 5204 2467 5276 peditiones
2544 5204 2964 5277 suscepissent,
3027 5223 3142 5261 non
3199 5206 3373 5261 modo
3444 5203 3599 5274 ipsos
3671 5204 3774 5247 n00

2140 5292 2459 5359 vincerent,
2511 5293 2610 5349 sed
2663 5296 2895 5366 magnis
2942 5295 3200 5366 acceptis
3251 5291 3515 5351 cladibus
3547 5287 3603 5341 in
3629 5283 3777 5337 lucro

2143 5387 2428 5453 ponerent
2461 5385 2613 5454 quod
2649 5383 2946 5456 plerisque
2989 5401 3230 5440 suorum
3266 5381 3416 5439 bello
3448 5368 3775 5433 cadentibus

2145 5472 2315 5541 pauci
2349 5473 2577 5529 salvum
2607 5474 2861 5530 reditum
2894 5473 3199 5529 haberent.
3244 5470 3468 5531 Gaudet
3498 5466 3614 5520 hac
3640 5467 3773 5553 βοξε

2139 5561 2259 5616 vita
2291 5562 2544 5635 simplici
2572 5584 2586 5633 ;
2638 5564 2861 5620 haerent
2909 5564 3155 5619 invicem
3192 5566 3395 5619 mutuo
3427 5570 3573 5613 nexu
3605 5541 3773 5604 civilis

2142 5650 2484 5723 cbaritatis;
2517 5653 2831 5711 tolerantes
2862 5659 3001 5711 sunt
3031 5653 3322 5722 laborum,
3348 5651 3403 5706 in
3436 5642 3584 5703 bella
3599 5646 3775 5723 Pw"?

2148 5742 2445 5817 Ρῐίεεὶωἱς
2474 5719 2684 5818 paucis
2728 5744 2800 5803 ad
2832 5743 3053 5802 vietum
3111 5719 3455 5811 cultumque
3506 5719 3772 5798 indigent:
