4080 6434
316 465 429 522 797

1390 476 1489 529 DE
1525 474 1900 531 MICHABLE
1936 473 2385 531 PALEOLOGO
2419 476 2555 530 LIB.
2597 476 2667 531 V.

3632 473 3741 533 798

317 611 418 648 στα
445 590 729 655 πεσόντας.
781 593 935 650 Ἔστι
981 593 1044 648 τὸ
1092 592 1243 658 ἔθνος
1296 592 1567 666 ἁπλότητι
1622 596 1717 669 μὶν
1766 601 1963 672 χαῖρον
1995 597 2170 668 Ατὸν
2213 595 2387 653 *ίππον
2448 597 2825 661 ἐκκεντοῦντας
2883 598 3112 675 ἐκροφᾶν
3175 597 3403 670 αἵματος
3462 597 3507 652 εί
3566 594 3624 652 δέ
3654 619 3735 670 τῳ

315 681 408 737 καὶ
440 680 814 759 φιλαλληλίᾳ,
851 682 941 737 καὶ
992 682 1083 754 ὀξύ
1132 705 1192 738 τε
1237 685 1374 759 πρὸς
1424 685 1707 759 πολὲμους
1752 686 1842 740 καὶ
1872 707 1974 740 πο-

316 771 510 846 νηρὸν,
541 772 629 825 καὶ
662 772 763 840 τήν
810 774 953 840 ζωὴν
1005 772 1283 846 αὕταρκις,
1333 775 1424 829 καὶ
1471 796 1530 849 γε
1567 776 1635 830 τὰ
1686 777 1825 830 κατὰ
1859 775 1974 849 βίον

321 857 683 929 ἂνεπινόητόν
732 882 790 915 τε
839 861 926 915 καὶ
974 862 1416 939 ἀπρομήθευτον.
1477 866 1817 939 Ἐχρήσαντο
1872 866 1977 941 γὰρ

320 950 573 1013 ἀνέκαθεν
628 949 898 1023 νομοθέτῃ
948 949 1010 1005 ού
1067 950 1283 1006 Σόλωνι
1332 954 1368 1022 ἢ
1425 952 1728 1028 Λυκούργῳ
1773 954 1808 1023 ἢ
1841 953 1975 1030 Δρά-

320 1059 476 1093 κοντι
506 1038 681 1112 (οὗτοι
731 1040 833 1114 γὰρ
884 1038 1196 1109 Ἀθηναίοις
1242 1042 1328 1095 καὶ
1381 1039 1835 1114 Λακεδαιμονίοις
1887 1043 1978 1097 καὶ

320 1148 461 1182 τισιν
490 1126 684 1189 ἄλλοις
735 1128 785 1181 οἱ
832 1128 1128 1201 νομοθέται
1182 1130 1345 1207 σοφοὶ
1389 1136 1583 1207 σοφοῖς
1613 1131 1702 1185 καὶ
1736 1137 1980 1193 συνετοῖς

317 1218 388 1272 τὰ
418 1214 471 1279 ἐς
524 1215 683 1291 λόγον
736 1216 964 1291 λόγιοι),
1011 1218 1131 1272 ἀκλ’
1190 1217 1341 1293 ἀνδρὶ
1389 1220 1590 1295 ἀγνῶτι
1632 1220 1722 1275 καὶ
1779 1221 1842 1276 τὸ
1872 1222 1976 1275 πὰν

319 1310 585 1381 πονηρῷ,
642 1309 844 1380 χαλκεῖ
906 1306 1000 1379 μίν
1058 1308 1120 1360 τὸ
1179 1312 1419 1383 πρῶτον.
1483 1309 1595 1365 εἶτα
1644 1307 1702 1364 δὶ
1756 1310 1845 1364 καὶ
1902 1310 1980 1373 εἰς

322 1392 489 1452 Κᾶνιν
549 1392 807 1470 (ἄρχοντά
854 1416 940 1458 τις
998 1393 1167 1468 εἷ’ποι)
1224 1399 1587 1469 καταστάντι,
1667 1400 1725 1461 ὃς
1773 1399 1861 1454 καὶ
1922 1399 1983 1455 ἐκ

320 1482 581 1542 Κασπίων
633 1484 904 1540 πυλώνων
958 1484 1187 1541 ἀνιστῶν
1237 1487 1299 1541 τὸ
1351 1484 1504 1551 ἔθνος
1565 1487 1797 1558 ἐξελθεῖν
1850 1488 1979 1565 θαῤ-

319 1575 515 1651 ῥῆσαν,
578 1574 667 1630 καὶ
727 1576 907 1650 σφίσιν
968 1575 1051 1630 ἀεὶ
1108 1575 1170 1631 τὸ
1228 1582 1380 1647 νικᾷν
1446 1578 1705 1647 ὑπετίθει,
1766 1578 1812 1633 εἰ
1862 1584 1982 1643 τοῖς

323 1662 488 1727 ἰδίοις
547 1666 739 1737 νόμοις
797 1666 1149 1740 προσέχοιεν.
1200 1667 1270 1723 O't
1322 1663 1369 1720 δ’
1416 1666 1552 1735 ἦσαν
1612 1673 1728 1730 τοῖς
1788 1662 1979 1743 ἀϐροῖς

320 1753 642 1829 ἀπέχεσθαι,
684 1758 802 1816 τοῖς
845 1758 1107 1827 τυχοῦσιν
1162 1754 1461 1825 ἀρκεῖσθαι,
1510 1756 1573 1810 τὸ
1622 1755 1978 1833 φιλάλληλον

324 1838 498 1917 ἔχειν,
553 1842 617 1896 τὸ
673 1840 977 1915 αὐτόνομον
1033 1842 1483 1921 ἀποστρέφεσθαι,
1542 1844 1602 1899 τὸ
1660 1847 1979 1902 κοινωνικὸν

2087 688 2176 742 καὶ
2205 687 2601 762 στεγανωτέρας
2661 686 2921 762 προσδέοι
2977 695 3205 763 τροφῆς,
3268 687 3479 762 ἐγκάτῳ
3537 687 3650 749 οἷὸς
3674 688 3736 741 τὸ

2086 777 2223 850 αἱμα
2274 776 2658 853 συγκλείοντας
2715 778 2817 833 ὑπὸ
2867 778 2967 846 τὴν
3027 776 3313 853 ἐφεστρίδα
3358 777 3603 844 τιθέναι,
3663 776 3739 839 ὡς

2088 865 2326 929 ἐντεῦθεν
2379 866 2571 942 μικρὸν
2628 867 2882 921 συσταθὲν
2935 866 2994 920 ἐκ
3048 874 3148 936 τῆς
3204 865 3402 929 ἐκείθεν
3467 864 3741 939 θερμότη-

2084 975 2178 1017 τος
2212 952 2427 1010 δεῖπνον
2457 954 2718 1023 τίθεσθαι,
2770 955 2862 1010 κᾶν
2910 955 2962 1008 τί
3011 976 3115 1009 που
3167 955 3327 1030 ῥάκος
3389 953 3626 1028 ἐντυχὼν
3655 976 3739 1016 τις

2088 1041 2258 1118 εὕροι,
2290 1042 2635 1119 ἐπιρῥάπτειν
2668 1048 2736 1109 τῆ
2771 1043 3080 1118 ἀμπεχόνῃ,
3131 1041 3226 1098 κᾶν
3278 1045 3390 1097 οἷον
3445 1042 3618 1097 ἐκεῖνο
3649 1042 3739 1096 καὶ

2086 1131 2142 1206 ᾖ,
2180 1131 2277 1187 λᾶν
2308 1136 2342 1202 ἡ
2374 1133 2665 1208 ἀμπεχόνη
2706 1135 2780 1206 μὴ
2814 1131 2990 1187 δὲοιτο
3023 1135 3072 1203 (ὁ
3104 1134 3167 1209 γὶ
3200 1134 3420 1200 σκοπὸς,
3446 1133 3520 1194 ὡς
3554 1131 3614 1185 ἂν
3646 1132 3738 1186 καὶ

2089 1219 2212 1275 ἄνευ
2242 1222 2432 1297 χρείας
2475 1226 2635 1277 τοῦτο
2681 1226 2985 1287 ποιοῦντες,
3037 1222 3122 1277 ἐπὶ
3172 1229 3271 1292 τῆς
3319 1220 3507 1295 χρείας
3561 1224 3736 1274 ποιεῖν

2089 1310 2515 1384 ἀναγκαζόμενοι
2553 1313 2627 1384 μὴ
2661 1310 3032 1385 αἰσχύνοιντο,
3070 1317 3188 1374 τοῖς
3241 1310 3500 1371 παλαιοῖς
3552 1309 3619 1363 τὰ
3647 1307 3740 1363 νέα

2086 1397 2736 1475 προσεπεμϐάλλοντες),
2785 1401 2874 1454 καὶ
2923 1399 3094 1463 οὕτως
3145 1398 3338 1461 αὐτοὺς
3395 1400 3488 1473 μὲν
3543 1398 3594 1454 ἐν
3648 1399 3737 1452 ἀν-

2090 1490 2197 1546 ἐσει
2226 1490 2456 1562 παντοίᾳ
2487 1494 2606 1565 ζῇν,
2642 1488 2893 1565 σάριτταν
2926 1491 3017 1545 καὶ
3069 1487 3353 1567 ἐφεστρίδα
3395 1488 3486 1543 καὶ
3533 1482 3739 1561 ἔνδυμα

2088 1578 2177 1634 καὶ
2209 1578 2375 1648 αὐτὴν
2411 1580 2554 1648 ζωὴν
2586 1580 2733 1653 παρά
2773 1583 2881 1633 τῶν
2926 1582 3023 1648 τῆς
3075 1574 3516 1653 γυναικωνίτιδος
3572 1573 3738 1650 ἕχον-

2086 1688 2201 1733 τας,
2249 1668 2442 1731 αὐτοὺς
2499 1666 2556 1723 δὲ
2607 1667 2983 1742 πολεμοῦντας
3041 1669 3109 1722 τὰ
3162 1672 3271 1721 τῶν
3322 1663 3508 1720 ἄλλων
3564 1663 3736 1739 ἔχειν,

2093 1753 2261 1831 μηδὲν
2291 1757 2904 1832 πολυπραγμονοῦντας.
2935 1759 3019 1830 [Ρ.
3077 1758 3204 1827 237]
3258 1758 3444 1812 Ταῦτα
3497 1756 3594 1807 τοῦ
3647 1773 3736 1806 νο-

2092 1846 2322 1919 μοθὲτου
2353 1845 2696 1920 Τζιγκίσκανι
2737 1850 2849 1917 (νῦν
2907 1846 3009 1921 γὰρ
3067 1845 3412 1917 ἀνεμνήσθην
3469 1838 3735 1914 τοῦνομα⁸

327 1932 678 2001 ἀσπάζεσθαι,
728 1930 792 1985 τὸ
840 1928 1009 2003 μηδὲν
1058 1932 1183 2007 περὶ
1259 1934 1381 2008 βίου
1440 1932 1708 2025 σπεύδειν,
1758 1936 1821 1990 τὸ
1871 1934 1977 1991 πά·
2009 1960 2057 2025 Β
2089 1934 2311 2010 Τξιγκὶς
2364 1936 2467 2011 γὰρ
2522 1934 2585 1989 τὸ
2642 1930 2813 2008 ὄνομα
2845 1978 2858 2001 ,
2919 1936 2947 1989 ὁ
3008 1931 3066 1988 δὶ
3124 1940 3282 1995 Κανις
3337 1929 3615 2008 βασιηεὺς)
3670 1928 3737 1984 τὰ

328 2043 448 2087 σαις
476 2024 710 2097 χρῆσθαι
739 2028 991 2100 τροφαῖς,
1044 2021 1216 2095 μηδὲτ
1262 2028 1370 2078 τῶν
1422 2020 1675 2095 βεϐήλων
1725 2020 1975 2101 ἔχοντας,

324 2110 388 2166 τὸ
438 2111 643 2187 γυναιξὶ
700 2117 969 2185 συνοικεῖν
1026 2110 1331 2182 πλείσταις,
1387 2111 1475 2167 καί
1529 2113 1751 2176 ταύταις
1806 2134 1976 2191 προσ-

325 2201 627 2256 ανατιθὲναι
684 2200 777 2255 τὸν
837 2205 946 2255 τῶν
998 2202 1299 2276 ἀναγκαίων
1356 2203 1627 2276 πορισμὸν
1660 2244 1675 2271 ,
1733 2204 1808 2266 ὡς
1866 2204 1979 2276 ἅμα

326 2292 423 2364 μὶν
482 2291 545 2345 τὸ
598 2291 753 2367 γένος
812 2289 1184 2361 πληθύνεσθαι
1259 2294 1374 2365 ἅμα
1449 2290 1494 2346 δ’
1552 2289 1698 2368 ἔχειν
1757 2293 1846 2348 καὶ
1903 2294 1975 2348 ὧν

323 2378 557 2449 δὲοιντο,
611 2380 674 2434 τὸ
724 2377 894 2453 μηδὲν
945 2384 1055 2435 τῶν
1101 2382 1217 2435 καθ’
1268 2380 1560 2435 ὑπόστασιν
1610 2385 1979 2457 προσκτᾶσθαι

321 2470 657 2543 κτημάτων,
729 2464 858 2540 μηδ’
910 2464 1163 2541 ἐμμένειν
1212 2466 1501 2542 κδίσμασιν
1564 2470 1729 2527 οἷ’κων
1762 2518 1777 2543 ,
1834 2471 1981 2528 ἀλλὰ

329 2553 668 2635 μεταϐαίνειν
698 2559 786 2613 καὶ
851 2578 1178 2636 μεταφοιτᾳν
1231 2560 1368 2632 πρὸς
1424 2561 1487 2614 τὸ
1546 2563 1849 2636 χρήσιμον,
1880 2561 1979 2617 κᾶν

325 2649 490 2726 χρεία
518 2653 728 2725 τροφῆς
762 2646 846 2718 εἴη
876 2668 979 2721 τῳ,
1018 2647 1187 2722 ὀϊστῷ
1231 2648 1557 2726 χρωμένους
1611 2652 1778 2728 θηρᾷν
1823 2650 1860 2722 ἢ
1889 2649 1980 2707 καὶ

332 2885 441 2928 nec
488 2869 739 2927 sollicite
786 2874 1113 2942 cengeruut
1144 2874 1245 2926 aut
1273 2871 1593 2928 consulunt
1622 2871 1681 2927 in
1712 2871 1977 2928 futurum

333 2976 502 3015 avara
555 2958 939 3032 providentia.
968 2960 1050 3015 Ad
1088 2960 1241 3016 hanc
1291 2961 1511 3017 scilicet
1557 2961 1831 3017 formavit
1877 2977 1979 3017 eos

338 3048 710 3121 disciplinam
730 3048 964 3121 priscus
981 3049 995 3102 i
1006 3065 1246 3121 pserum
1262 3049 1564 3123 legislator
1589 3050 1828 3122 quidam
1842 3067 1979 3117 ,non

326 3154 481 3195 sane
536 3138 708 3194 Solon
758 3142 859 3194 aut
904 3139 1205 3211 Lycurgus
1260 3144 1362 3196 aut
1417 3145 1638 3195 Dracon
1688 3139 1769 3212 (hi
1822 3140 1980 3195 enim

330 3226 808 3297 Atheniensibus,
839 3228 1317 3299 Lacedaemoniis,
1347 3233 1405 3285 et
1445 3229 1803 3301 quibusdam
1849 3229 1981 3285 aliis

2087 2021 2519 2099 παραγγέλματα
2574 2022 2624 2079 ἐν
2687 2022 2919 2101 ἀσφαλεῖ
2975 2022 3195 2100 ἔχοντες
3253 2023 3515 2093 ἀλήθειάν
3571 2041 3631 2075 τε
3679 2018 3732 2075 ἂν

2086 2111 2280 2187 λόγοις
2309 2113 2532 2167 ἀσκοῦσι
2574 2113 2666 2167 καὶ
2725 2110 3068 2183 δικαιοσύνην
3129 2113 3179 2166 ὲν
3211 2112 3457 2187 πράξεσι,
3512 2111 3576 2165 τὸ
3636 2109 3733 2181 μὲν

2087 2200 2364 2275 ὲλευθεριῃ
2409 2204 2690 2274 προσῆκον
2736 2205 2945 2276 ψυχῆς,
2988 2203 3051 2257 τὸ
3104 2199 3149 2256 δ’
3186 2201 3438 2272 εύθύτητι
3483 2200 3735 2275 γνώμης,

2087 2291 2162 2352 ὡς
2191 2289 2591 2363 ἀνεξαπάτητον
2626 2291 2718 2363 μὲν
2779 2292 2913 2345 εἶναι
2973 2293 3058 2353 οἷς
3115 2290 3174 2345 ἂν
3208 2288 3398 2345 ἀκούοι
3436 2310 3519 2352 τις
3549 2288 3735 2361 ἕτερου

2088 2379 2363 2454 λὲγοντος,
2413 2379 2865 2435 ἀνεπιϐούλευτον
2924 2376 2981 2434 δὲ
3048 2382 3132 2444 οἷς
3194 2378 3422 2455 πράττοι
3478 2377 3537 2431 ἂν
3597 2376 3734 2450 πρὸς

2089 2466 2291 2524 ἱκεῖνον
2349 2464 2552 2543 ἔτερος.
2613 2465 2790 2524 Ἀλλά
2844 2469 3024 2542 Νογᾶν
3088 2469 3182 2541 μὲν
3227 2464 3496 2537 κηδεύσας
3527 2465 3555 2519 ὁ
3591 2465 3741 2540 βασι-

2090 2555 2217 2620 λεὺς
2259 2555 2537 2627 τηνικάδε,
2594 2554 2686 2611 τὸν
2745 2556 2964 2612 ἐκείνων
3026 2558 3290 2633 ἄρχοντα,
3350 2555 3582 2628 πέμπων
3639 2551 3740 2606 ούκ

2089 2645 2224 2701 ἀνίει
2251 2645 2506 2713 πλεῖστα,
2563 2646 2660 2700 ὅσα
2710 2665 2769 2699 τε
2816 2645 2955 2722 πρὸς
3013 2643 3325 2719 ἐνδυμάτων
3387 2649 3588 2720 χρῆσιν
3647 2640 3737 2695 καὶ

2088 2870 2291 2928 lacerae
2357 2872 2728 2942 segmentum
2805 2868 2953 2925 forte
3028 2867 3321 2938 abjectum
3396 2863 3737 2934 occurrerit,

2090 2958 2392 3015 sublatum
2420 2958 2624 3015 statim
2644 2957 2814 3027 vesti,
2838 2973 2955 3029 qua
2984 2956 3220 3029 tegitur,
3245 2951 3739 3017 assuito,etiamsi

2088 3051 2246 3107 bona
2265 3050 2343 3107 sit
2363 3066 2470 3106 nec
2492 3054 2650 3105 sarto
2681 3052 2869 3121 egeat.
2901 3047 3190 3103 Nimirum
3223 3044 3333 3101 hee
3363 3045 3510 3101 citra
3534 3060 3738 3100 neces-

2091 3140 2328 3197 sitatem
2360 3139 2483 3195 ﬁeri
2508 3139 2729 3211 jubens
2757 3139 2816 3193 id
2846 3138 3079 3211 agebat,
3112 3141 3198 3203 ut,
3228 3151 3362 3190 cum
3390 3150 3538 3206 opus
3570 3134 3742 3199 foret,

2091 3229 2386 3285 neminem
2413 3229 2653 3301 puderet
2674 3226 3083 3283 indumentum
3110 3241 3289 3280 manu
3312 3242 3421 3280 sua
3438 3223 3742 3296 proprium

326 3318 622 3389 sapientes
674 3317 1063 3388 sapientibus,
1097 3318 1310 3374 eruditi
1350 3300 1560 3386 doctis,
1592 3320 1663 3375 ad
1695 3320 1980 3376 rationem
2013 3300 2056 3368 Ο
2093 3317 2311 3375 sarcire
2368 3300 2427 3373 et
2480 3315 2900 3372 consarcinatis
2972 3329 3075 3387 per
3129 3318 3527 3370 veteramenta
3579 3312 3743 3368 novis

329 3412 564 3463 exactas
576 3407 893 3463 cendideru
905 3412 967 3462 nt
981 3406 1188 3479 leges),
1204 3409 1304 3463 sed
1322 3408 1529 3464 idiotia
1542 3408 1838 3481 ignobilis,
1853 3409 1985 3465 vilis

331 3495 549 3567 epiﬁcii
570 3495 769 3551 labere
786 3495 987 3565 tritus,
1012 3497 1175 3567 prius
1208 3497 1370 3553 faber
1399 3498 1554 3554 840
1588 3498 1892 3568 ferrarius,
1916 3514 1985 3553 ex

331 3584 578 3640 ofﬁcinis
612 3600 680 3639 ac
712 3584 967 3640 fornacis
1000 3584 1245 3657 fuligine
1296 3587 1356 3641 in
1402 3586 1716 3657 imperium
1762 3587 1983 3658 predu-

332 3678 463 3729 ctus
492 3678 548 3729 et
577 3672 754 3729 Canis
775 3674 1106 3729 declaratus
1141 3690 1154 3728 :
1189 3674 1273 3729 sic
1304 3674 1391 3729 illi
1423 3675 1745 3747 principem
1779 3674 1983 3748 appel—

326 3762 472 3818 lant.
532 3762 638 3817 Hic
704 3767 937 3833 gentem
993 3763 1264 3819 excitavit
1319 3764 1493 3819 istam
1553 3770 1617 3819 ut
1668 3781 1699 3820 e
1757 3764 1983 3836 Caspiis

323 3852 513 3924 portis
544 3851 780 3923 prodire
814 3868 925 3906 non
959 3852 1272 3921 dubitaret,
1298 3853 1556 3925 polliceri
1592 3870 1798 3920 ausus,
1832 3870 1981 3924 que-

323 3957 557 4012 cunque
611 3939 831 3995 bellum
875 3939 1180 4007 inferrent,
1209 3959 1514 4013 nunquam
1547 3942 1789 3998 victoria
1820 3943 1982 3998 frau-

318 4031 568 4100 dandos,
594 4030 643 4085 si
676 4029 907 4101 legibus
954 4048 986 4084 a
1034 4046 1096 4085 se
1129 4031 1449 4102 propositis
1482 4037 1749 4088 accurate
1780 4032 1986 4088 obser-

321 4119 530 4175 vandis
562 4123 847 4174 attentam
881 4118 1251 4191 diligentiam
1276 4120 1704 4193 impenderent.
1737 4127 1982 4178 Summa

321 4208 515 4280 legum
562 4208 685 4263 haec
731 4213 856 4263 erat
888 4225 902 4264 :
940 4208 1188 4266 Delicias
1221 4221 1581 4268 aversantor.
1614 4211 1809 4267 Obviis
1835 4228 1981 4267 con-

317 4300 465 4355 tenti
498 4304 697 4354 sunto.
735 4296 946 4353 Mutua!
980 4299 1278 4356 societatis
1304 4301 1650 4357 cbaritatem
1684 4306 1975 4357 servante.

321 4388 596 4443 Privatim
632 4387 746 4442 sibi
778 4403 880 4458 pre
912 4388 1157 4444 arbitrio
1205 4390 1513 4446 consulere
1544 4391 1786 4447 vitante.
1821 4391 1978 4447 Nihil

318 4478 379 4533 in
412 4476 533 4533 vita
561 4476 830 4545 victuque
881 4475 1243 4546 exquisitum
1293 4478 1621 4534 affectante.
1654 4478 1814 4535 Cibis
1845 4477 1978 4551 qui-

320 4567 672 4638 buscunque
731 4565 857 4621 sine
917 4568 1124 4622 mundi
1201 4567 1563 4625 immundive
1636 4569 1977 4625 discrimine

2089 3412 2294 3465 assuta
2341 3406 2554 3479 pannis
2604 3404 2803 3461 vestiri
2854 3403 3221 3460 centonibus.
3253 3404 3430 3459 Porro
3460 3401 3555 3458 his
3594 3417 3742 3472 prse-

2089 3495 2515 3569 scriptionibus
2532 3495 2808 3567 sperabat
2821 3497 3229 3551 assecuturum
3245 3508 3307 3548 se
3320 3496 3385 3547 ut
3397 3491 3490 3547 sui
3504 3505 3740 3546 summa

2088 3586 2216 3642 vita:
2248 3585 2561 3642 securitate
2594 3584 2945 3650 fruerentur,
2968 3582 3383 3655 expeditosque
3416 3580 3488 3636 ad
3523 3583 3736 3635 nutum

2087 3677 2237 3733 847
2275 3675 2516 3731 haberet
2547 3690 2777 3746 semper
2803 3689 3029 3742 omnes,
3064 3671 3227 3727 nulla
3258 3671 3487 3743 uspiam
3521 3668 3737 3727 sollici-

2088 3764 2294 3820 tudine
2334 3764 2561 3833 afﬁxos,
2592 3763 2811 3835 quippe
2842 3762 3059 3835 quibus
3099 3762 3334 3831 sarissa,
3369 3760 3738 3833 ephippium,

2085 3853 2267 3909 vestis
2293 3858 2351 3908 et
2378 3853 2679 3921 alimenta,
2712 3852 2930 3923 quibus
2980 3852 3115 3907 unis
3160 3851 3429 3923 egebant,
3465 3848 3740 3905 muliebri

2089 3941 2419 3998 ministerio
2446 3945 2661 3997 cuncta
2689 3958 2721 3996 e
2750 3957 3019 4013 gynaecee
3052 3940 3590 4012 suppeditarentur,
3626 3938 3741 4009 ipsi

2087 4029 2167 4086 rei
2230 4029 2450 4086 bellica;
2514 4031 2612 4084 uni
2671 4034 2945 4084 vacarent
3002 4029 3448 4101 speliandisque
3506 4028 3737 4098 alienis,

2088 4119 2232 4175 nihil
2253 4123 2532 4190 praeterea
2562 4117 2778 4189 negotii
2814 4117 3119 4183 habentes,
3149 4122 3253 4173 aut
3282 4117 3514 4173 curiose
3543 4117 3739 4187 inqui-

2085 4214 2282 4265 rentes
2314 4208 2452 4281 quid
2485 4209 2751 4263 futurum
2800 4211 2974 4262 esset.
3010 4206 3243 4262 Talium
3291 4210 3495 4262 auctor
3539 4205 3736 4277 legum

2082 4298 2477 4355 Tzinciscanis
2502 4298 2630 4352 fuit.
2657 4297 2803 4353 Nam
2826 4312 2959 4353 cum
2984 4297 3219 4369 proprie
3242 4295 3481 4351 nomine
3504 4295 3736 4352 Tzincis

2084 4387 2177 4444 hic
2224 4388 2312 4443 vir
2362 4395 2687 4456 vocaretur,
2722 4386 2893 4444 Canis
2942 4385 3316 4449 vocabulum,
3350 4385 3502 4456 quod
3537 4401 3737 4456 regem

2084 4482 2275 4548 sonat,
2306 4479 2434 4550 ejus
2466 4479 2704 4550 privata
2736 4477 3085 4548 adjunctum
3145 4474 3519 4547 appellationi
3562 4476 3734 4529 Tzin-

2081 4568 2332 4624 ciscanis
2360 4584 2572 4624 nomen
2614 4567 2815 4636 efﬁcit,
2842 4583 2999 4622 nunc
3028 4565 3321 4622 memoria:
3355 4564 3734 4621 commodum

318 4662 579 4713 utuntur.
617 4655 835 4712 Uxores
868 4655 1049 4712 simul
1095 4656 1381 4729 plurimas
1430 4658 1724 4728 habento;
1774 4664 1831 4715 et
1878 4659 1972 4715 his
2004 4680 2050 4744 Ι)
2083 4673 2398 4713 occurrens
2434 4673 2447 4711 :
2481 4673 2617 4711 nam
2658 4672 2793 4712 cum
2820 4671 2991 4729 agere
3023 4656 3094 4710 de
3128 4654 3237 4711 hec
3269 4653 3435 4725 coepi,
3469 4654 3731 4709 nendum

318 4763 521 4802 curam
557 4747 956 4818 parandarum
992 4762 1188 4801 rerum
1220 4747 1291 4802 ad
1320 4749 1540 4804 victum
1572 4748 1972 4821 vestitumque

318 4835 555 4892 utilium
590 4836 909 4891 mandante
944 4853 958 4892 :
992 4835 1130 4891 inde
1162 4836 1713 4909 multiplicationem
1759 4840 1971 4911 gentis,

316 4926 582 4981 indidem
662 4925 1130 4981 necessariorum
1190 4927 1615 4984 abundantiam
1671 4934 1970 4985 nacturos.

318 5014 677 5071 Praediorum
741 5031 807 5069 ac
883 5013 994 5070 seli
1073 5016 1478 5085 possessiones
1564 5024 1970 5089 aspernanter.

317 5102 699 5159 Fabricandis
743 5103 1019 5159 domibus
1052 5120 1165 5159 non
1197 5106 1273 5158 im
1288 5111 1586 5162 .nerantor
1618 5107 1841 5179 :gvitam
1869 5108 1971 5163 de-

317 5192 625 5250 sultoriam
661 5191 797 5246 hinc
831 5190 993 5261 illuc,
1027 5209 1382 5267 quocunque
1412 5194 1634 5252 utilitas
1661 5197 1970 5265 vocaverit,

314 5282 554 5339 assidue
586 5281 1040 5354 migrabundam
1072 5283 1407 5341 adamante.
1432 5284 1540 5341 Ubi
1571 5285 1739 5342 cibus
1770 5286 1969 5342 defue-

314 5374 411 5440 rit,
447 5376 548 5428 aut
579 5371 796 5442 sagitta
830 5375 887 5427 et
914 5376 1124 5427 venatu
1171 5379 1437 5445 parante,
1477 5379 1580 5431 aut
1628 5380 1788 5432 secta
1835 5374 1971 5447 equi

311 5479 459 5519 vena
475 5459 827 5533 sanguinem
847 5464 1125 5532 sugunte.
1144 5462 1204 5518 Si
1229 5462 1492 5520 solidiori
1521 5482 1670 5537 opus
1693 5464 1969 5522 alimento

318 5551 417 5623 sit,
449 5550 797 5606 intestinum
823 5549 946 5604 ovis
979 5551 1265 5623 sanguine
1297 5554 1597 5626 oppletum
1622 5555 1731 5610 sub
1763 5554 1967 5627 ephip-

321 5641 482 5714 pium
518 5643 800 5712 ponunte.
836 5638 930 5695 Sic
976 5656 1140 5697 mora
1194 5649 1530 5700 concretum
1562 5648 1619 5699 et
1648 5644 1748 5701 ille
1779 5646 1970 5702 calere

318 5735 551 5787 coctum
583 5728 956 5801 sanguinem,
989 5745 1121 5786 cum
1152 5733 1420 5788 vescendi
1453 5734 1809 5790 desiderium
1844 5737 1967 5791 fue-

319 5819 417 5891 rit,
460 5822 727 5878 verante.
779 5817 1123 5892 Ubicunque
1173 5820 1356 5880 cuivis
1406 5824 1586 5896 panni
1639 5828 1742 5883 aut
1795 5824 1967 5898 pellis

2082 4750 2315 4803 venerat
2344 4748 2403 4801 in
2438 4750 2714 4802 mentem.
2748 4745 3035 4801 Caeterum
3069 4744 3159 4801 his
3190 4746 3317 4815 ejus
3378 4742 3732 4815 praescriptis

2084 4838 2528 4910 acquiescentes
2546 4836 2924 4907 contingebat
2946 4835 3088 4890 istos
3102 4834 3348 4906 pepules
3361 4834 3733 4890 veracitatem

2084 4928 2142 4982 in
2174 4927 2493 4999 loquendo,
2524 4925 2857 4998 aequitatem
2890 4925 2946 4979 in
2977 4926 3200 4997 agendo
3230 4929 3445 4994 tenere,
3488 4939 3736 4996 quorum

2083 5016 2229 5072 illud
2260 5016 2515 5072 libertati
2548 5015 2731 5072 animi
2762 5013 3051 5079 convenit,
3086 5015 3192 5070 hoc
3225 5014 3563 5070 rectitudini
3606 5030 3734 5068 mo-

2085 5124 2215 5162 rum
2260 5106 2406 5162 illud
2456 5122 2662 5162 rursus
2689 5110 2884 5161 tutum
2917 5108 3151 5176 praestat
3183 5104 3521 5160 audientem
3555 5120 3588 5159 a
3618 5104 3732 5158 cir-

2083 5197 2492 5253 cumventiene
2535 5195 2907 5253 fraudulenta
2956 5193 3290 5249 mentientis
3341 5194 3527 5249 socii:
3565 5193 3669 5249 hoc
3700 5210 3734 5250 a

2081 5286 2309 5342 cunctis
2324 5303 2616 5358 quemque
2628 5286 2909 5342 insidiose
2922 5284 3322 5357 grassantium
3337 5283 3486 5339 dolis
3500 5282 3730 5340 liberat.

2081 5377 2269 5448 Hujus
2319 5377 2513 5450 gentis
2562 5376 2879 5448 principem
2914 5380 3055 5431 tunc
3083 5375 3304 5445 Vegam
3355 5375 3467 5430 sibi
3517 5375 3731 5430 fmdere

2080 5467 2459 5523 conciliatum
2490 5467 2805 5538 imperator
2835 5483 2969 5522 cum
3004 5466 3201 5521 missis
3233 5465 3454 5521 atfatim
3488 5466 3728 5520 luxurias

2082 5557 2359 5614 nostratis
2416 5556 2829 5613 instrumentis
2875 5557 2944 5611 ad
2997 5556 3239 5612 delicias
3291 5555 3534 5611 Romani
3584 5571 3728 5610 usus

2077 5648 2374 5715 invitaret,
2418 5647 2733 5702 minimum
2783 5647 3045 5719 profecit,
3092 5647 3248 5718 quod
3298 5646 3370 5702 ad
3416 5644 3724 5700 mollitiem

2079 5739 2315 5811 quidem
2348 5738 2596 5793 vestium
2626 5737 2677 5792 ei
2700 5738 3065 5793 suadendam
3110 5742 3356 5808 spectat.
3397 5735 3542 5791 Nam
3591 5750 3724 5791 cum

2077 5830 2344 5888 ciborum
2365 5828 2418 5886 ei
2439 5828 2714 5902 exquisiti
2744 5833 2955 5902 gustus
2983 5828 3178 5888 eﬁ‘erri
3206 5830 3471 5887 curasset
3497 5826 3721 5885 variam
