4080 6398
330 426 433 481 801

1411 422 1500 473 DE
1539 417 1913 474 MICHAELE
1953 414 2401 471 PALEOLOGO
2434 417 2569 469 LIB.
2611 416 2679 468 V.

3651 425 3758 480 802

334 548 471 601 ἷέναι
532 541 944 620 στρατεύμασι,
1004 536 1280 595 συνέϐαινε
1354 538 1412 594 δὲ
1468 538 1829 616 προσκρούειν
1898 535 1987 590 καὶ
2024 542 2073 606 Α
2104 540 2382 607 περιποιεῖ
2408 540 2526 597 τοῖς
2577 534 2900 608 Ῥωμαίοις,
2953 537 3043 590 τὸν
3107 531 3166 591 δέ
3193 559 3253 613 γε
3284 540 3508 610 Μυτζῆν
3540 540 3629 600 διὰ
3657 551 3756 601 τοῦ

337 631 577 695 πολλοῖς
646 633 760 703 ἅμα
824 630 912 685 καὶ
967 633 1244 705 μεγιστᾶσι
1318 632 1424 682 τῶν
1510 626 1846 700 Βουλγάρων
1904 625 1994 678 καὶ

336 728 605 799 ταραχαῖς
631 721 691 775 οὐ
725 719 1133 794 προσηκούσαις
1166 717 1477 790 ἐμπίπτειν.
1530 718 1695 772 Ταῦτ’
1750 718 1852 788 αρα
1904 715 1991 768 καὶ

338 814 518 884 τούτῳ
596 808 1045 887 διαφθονούμενοι
1122 808 1259 879 πρὸς
1326 808 1417 861 τὸν
1480 811 1879 860 Κωνσταντῖνον
1940 802 1999 858 ἐκ

343 896 562 975 Σὲςιϐων
624 899 675 969 ἐξ
725 899 981 971 ἡμισείας
1022 898 1085 951 τὸ
1134 897 1290 971 γένος
1339 894 1537 970 ἔχοντα
1585 893 1995 949 ἀποκλίνουσιν.

339 995 496 1049 Ὀσιν
550 984 670 1044 οὖν’
700 987 941 1042 ἐνέλιπέν
995 988 1046 1041 οἱ
1096 988 1230 1060 πρὸς
1262 987 1360 1054 τὴν
1406 985 1584 1059 ἀρχὴν
1640 984 1697 1038 ἐκ
1738 984 1998 1057 σφετέρου

342 1081 555 1157 γένους,
619 1075 786 1151 μηδὲν
844 1080 924 1148 τῷ
984 1076 1143 1130 Ἀσὰν
1194 1075 1509 1145 προσήκων,
1542 1074 1643 1141 τὴν
1675 1072 1880 1127 ἐκείνου
1912 1070 1998 1124 ἐκ·

341 1170 510 1246 γόνην
566 1163 748 1223 λαϐὼν
810 1165 887 1229 εἰς
932 1170 1156 1240 γυναῖκα
1204 1168 1300 1219 τοῦ
1354 1165 1607 1219 Ἰωάννου
1657 1164 1999 1236 πέμψαντος,

343 1260 426 1315 ἐπ’
460 1257 589 1313 ἴσων
620 1257 736 1331 εἶχε
760 1256 821 1309 τὸ
852 1256 990 1330 πρὸς
1020 1256 1117 1321 τὴν
1151 1258 1248 1307 τοῦ
1276 1253 1432 1310 Ἀσὰν
1477 1250 1757 1326 βασιλείαν
1787 1250 1997 1305 δίκαιον

345 1350 561 1421 Μυτζῇ·
616 1347 865 1405 κάκεῖνος
903 1345 996 1416 μὶν
1024 1345 1121 1411 τὴν
1159 1342 1433 1416 Τέργονον
1486 1340 1623 1415 εἶχε,
1674 1341 1764 1395 καὶ
1804 1340 1871 1395 τὰ
1899 1346 1997 1409 τῆς

348 1435 627 1514 βασιλείας
675 1433 811 1505 κλέη
845 1433 1130 1509 ἐπεφέρετο
1174 1429 1625 1506 μεγαλοπρεπῶς’
1661 1432 1689 1485 6
1742 1430 1799 1485 δὲ
1848 1432 1998 1485 Μυτ-

346 1533 441 1598 ζῆς
469 1526 536 1581 τὰ
583 1522 773 1596 κύκλῳ
802 1526 1142 1598 περικρατῶν
1191 1530 1325 1575 ποτε
1369 1520 1463 1593 μὲν
1509 1521 1736 1592 ἠρκεῖτο
1786 1520 2001 1580 τούτοις

415 1616 429 1637 ‘
562 1615 589 1668 θ
671 1612 693 1649 ιΙ
1029 1612 1044 1629 \
1148 1613 1159 1628 ι
1249 1608 1276 1628 Ὺ
1426 1631 1438 1640 ⁸
1499 1607 1515 1629 \
1587 1610 1599 1627 Ί
1678 1630 1696 1639 ρ

340 1637 431 1671 και
488 1635 555 1669 κα
597 1617 861 1687 ησδχαζε,
921 1631 1054 1665 ποτε
1112 1607 1139 1664 δ
1214 1612 1365 1671 αυθις
1428 1630 1515 1663 και
1576 1606 1999 1686 αντεφιλονείκει

340 1706 479 1781 πρὸς
538 1706 967 1771 Κωνσταντῖνον,
1010 1700 1068 1753 ’ὸν
1101 1698 1191 1753 καί
1240 1719 1374 1753 ποτε
1419 1695 1633 1752 διώκων
1688 1696 2004 1752 ἀπέκλεισεν

344 1796 420 1856 εἷς
480 1793 826 1865 Σθενίμαχον
885 1790 1157 1863 ἡμέτερον
1218 1785 1297 1843 ὅν.
1358 1787 1461 1844 Καὶ
1522 1787 1565 1840 εἰ
1631 1788 1705 1860 μὴ
1735 1793 1853 1849 ταῖς
1892 1791 1999 1841 τῶν

344 1880 633 1955 Ῥωμαίων
695 1878 984 1951 δυνάμεσιν
1035 1877 1309 1951 ἐχρήσατο
1354 1878 1493 1951 πρὸς
1544 1876 1823 1950 βοήθειαν,
1878 1876 2005 1949 τάχ’

350 1970 410 2025 ἂν
468 1972 558 2026 καὶ
616 1968 784 2031 ἁλοὺς
842 1966 1127 2023 ἀπώλετο.
1191 1963 1347 2023 Ἀλλ’
1407 1968 1442 2033 ἡ
1501 1964 1645 2039 τύχη
1708 1963 1857 2039 ῥέπει
1910 1968 2008 2025 τας

346 2062 705 2135 πλάστιγγας,
760 2058 847 2112 καὶ
909 2054 1248 2128 δυναμωθεῖς
1308 2053 1459 2117 αὖθις
1521 2055 1549 2108 6
1610 2056 2008 2115 Κωνσταντῖνος

342 2152 433 2206 τὸν
492 2154 711 2217 Μυτζῆν
768 2144 954 2201 διώκει
1014 2143 1479 2221 θαρραλεώτερον.
1539 2144 1596 2196 Ὀ
1647 2140 1703 2196 δὲ
1756 2145 1867 2213 ἅμα
1913 2141 2004 2196 τέ⁴

344 2260 497 2301 κνοις
526 2232 857 2293 καταλαϐὼν
913 2235 1013 2304 τήν
1074 2228 1476 2307 Μεσέμϐρειαν,
1526 2231 1727 2287 ἐκεῖθεν
1779 2230 2005 2287 ἱκετεύει

348 2333 430 2405 [Ρ.
462 2331 590 2402 239]
620 2327 713 2382 τὸν
746 2325 974 2402 βασιλέα
1005 2322 1259 2398 δέχεσθαι
1286 2327 1480 2378 τοῦτον
1524 2323 1615 2376 καὶ
1662 2321 1833 2395 λύτρα
1865 2322 2009 2395 λαμ-

349 2414 531 2475 δάνειν
559 2420 660 2487 τήν
686 2416 869 2471 πόλιν.
920 2412 1151 2469 Στέλλει
1200 2417 1331 2488 γοῦν
1382 2413 1409 2466 6
1467 2410 1722 2488 βασιλεὺς
1755 2412 1805 2483 ἐξ
1837 2414 2007 2481 αὐτῆς

348 2511 441 2566 τὸν
472 2504 685 2566 Γλαϐἆν
719 2503 1139 2582 κουροπαλάτην
1191 2504 1281 2558 καὶ
1318 2504 1485 2577 μέγαν
1542 2501 1744 2556 παπίαν
1792 2501 2007 2556 ἐσύστεο

354 2621 471 2676 ρον,
549 2597 641 2653 καὶ
699 2596 761 2658 ’ὁς
844 2594 1040 2656 ἄλλοις
1096 2591 1306 2665 σύναμα
1368 2592 1505 2664 μετὰ
1559 2591 1650 2645 καὶ
1708 2590 2007 2667 αὐτάρκους

352 2692 608 2767 στρατοῦ,
650 2680 975 2743 καταλαϐὼν
1018 2684 1119 2753 τὴν
1174 2676 1578 2757 Μεσέμϐρειαν,
1637 2678 1848 2752 ἐκείνην
1912 2682 2010 2755 μὶν

364 2926 433 2967 ex
462 2923 697 2982 genere,
730 2903 1023 2977 supplevit
1053 2902 1330 2970 afﬁnitas,
1368 2918 1495 2973 quas
1526 2901 1693 2955 illum
1745 2902 1922 2957 ducta
1951 2901 2011 2957 in

369 3013 606 3053 uxorem
628 2998 788 3052 lrene
806 2995 928 3050 filia
952 2994 1243 3049 Theodori
1265 3000 1319 3048 et
1339 2992 1551 3047 Asanis
1590 2994 1780 3061 nepte,
1802 3009 1831 3043 a
1851 2995 2015 3062 patre

366 3086 649 3143 Theodori
681 3086 909 3141 Joanne
936 3086 1202 3155 Augusto
1234 3082 1292 3136 in
1318 3079 1649 3150 Bulgariam
1674 3081 1741 3133 ad
1766 3079 1872 3134 has
1908 3096 2016 3133 nu-

361 3177 515 3248 ptias
544 3175 745 3241 missa,
780 3174 836 3228 in
870 3172 995 3244 pari
1017 3170 1302 3243 jamjuris
1335 3172 1399 3223 ad
1433 3168 1649 3223 Asanis
1684 3168 2015 3223 successio-

362 3282 495 3323 nem
515 3265 699 3338 gradu
721 3280 853 3318 cum
897 3262 1082 3334 Mytze
1114 3259 1439 3315 constituit.
1484 3263 1548 3313 Et
1592 3258 2016 3313 Constantinus

364 3356 605 3428 quidem
640 3354 845 3408 urbem
880 3350 1172 3423 Bulgariaa
1204 3349 1422 3421 regiam
1450 3349 1756 3403 Tenobum
1788 3353 2018 3413 tenens,

362 3443 586 3501 ceteris
630 3442 802 3498 etiam
836 3442 1064 3497 cunctis
1095 3440 1223 3511 ejus
1255 3436 1618 3508 principatus
1650 3443 1894 3491 ornatus
1924 3435 2018 3489 in-

357 3533 659 3607 signibus,
685 3548 786 3604 pro
808 3530 965 3586 haud
985 3527 1164 3584 dubio
1184 3527 1573 3600 Bulgarorum
1607 3542 1741 3598 rege
1771 3542 1902 3581 sese
1926 3542 2021 3596 pa-

362 3623 480 3679 lam
499 3621 811 3693 magniﬁce
831 3620 1149 3675 ferebat.At
1162 3618 1377 3689 Mytzes
1390 3615 1745 3670 circumsitis
1766 3614 2019 3685 regioni-

372 3713 487 3769 bus
508 3709 856 3783 imperitans
880 3709 1173 3762 interdum
1200 3706 1435 3776 quidem
1462 3704 1557 3758 his
1588 3708 1901 3758 contentus
1924 3719 2018 3756 ac-

373 3802 737 3875 quiescebat,
774 3800 1071 3855 interdum
1108 3797 1263 3853 350
1297 3794 1687 3851 contendebat
1709 3810 1840 3848 cum
1874 3793 2020 3847 Con-

375 3892 738 3957 stantino,ac
771 3889 885 3944 fuit
914 3904 1046 3944 cum
1082 3903 1216 3942 eum
1255 3884 1405 3940 bello
1440 3899 1799 3956 persequens
1828 3882 2019 3937 inclu-

369 3983 505 4037 dere
524 3996 651 4036 sese
675 3983 907 4051 cogeret
933 3978 991 4031 in
1030 3991 1222 4031 arcem
1259 3975 1580 4045 quamdam
1620 3977 1882 4027 nostram
1926 3970 2019 4025 cui

366 4067 862 4125 Sthenimachum
889 4081 1100 4121 nomen
1115 4068 1222 4134 est,
1244 4062 1343 4117 ubi
1362 4060 1682 4134 quominus
1715 4064 2023 4131 caperetur

367 4164 423 4215 et
455 4157 688 4231 periret,
718 4160 1044 4228 opportune
1075 4152 1319 4208 allatum
1345 4149 1677 4206 aRomanis
1712 4150 1896 4221 copiis
1918 4166 2020 4203 au-

366 4247 577 4303 xilium
615 4245 938 4319 prohibuit.
970 4244 1078 4299 Sed
1119 4243 1353 4298 fortuna
1403 4240 1617 4296 deinde
1665 4238 1819 4294 vices
1849 4238 2023 4294 alter-

374 4343 550 4392 nante
579 4350 990 4403 successuum,
1020 4342 1225 4389 auctus
1268 4347 1475 4386 rursus
1510 4329 1691 4385 animi
1714 4334 1772 4384 et
1802 4329 2023 4384 viribus

371 4427 800 4484 Constantinus
833 4430 993 4481 tanto
1024 4428 1263 4495 tamque
1298 4420 1491 4476 valido
1520 4420 1739 4490 impetu
1763 4418 2026 4493 incubuit

370 4517 430 4572 in
486 4521 735 4589 Mytzen,
771 4521 837 4570 ut
872 4514 967 4569 his
1006 4513 1200 4585 impar
1247 4509 1574 4566 resistendo
1603 4508 2025 4563 Mesembream

2106 622 2286 697 Α’ίμου
2345 629 2483 697 πεζῇ
2540 622 2657 699 ἄγει
2716 626 2851 699 πρὸς
2916 626 3163 699 βασιλέα.
3196 630 3301 683 Τὸν
3333 628 3389 684 δὲ
3416 633 3507 686 καὶ
3540 630 3758 709 δέχεται

2105 714 2366 792 πρόφρων
2394 714 2483 768 καὶ
2516 720 2823 790 παρηγορεῖ
2870 715 3134 787 εὐμενῶς,
3167 719 3252 770 καὶ
3307 720 3443 791 πρὸς
3494 725 3573 792 τῷ
3624 729 3760 777 Σκα.

2110 804 2331 881 μανδρῳ
2359 807 2733 881 ἀποχρώντως
2766 810 3289 881 προμηθευσάμενος
3328 808 3500 865 ἐκεῖσέ
3531 833 3636 866 που
3670 812 3762 868 σὺν

2105 902 2222 958 τοῖς
2251 898 2459 958 τέκνοις
2489 903 2837 967 κατασκηνοῖ,
2873 901 3142 969 συνθήκας
3169 901 3307 974 πρὸς
3336 900 3496 955 αὐτὸν
3527 903 3766 972 ποιησά-

2112 1007 2270 1057 μενος
2301 984 2437 1040 ὥστε
2467 988 2557 1041 καὶ
2587 989 2678 1042 τὸν
2708 988 3012 1060 πρώτιστον
3042 990 3157 1043 υἱὸν
3192 989 3447 1060 Ἰωάννην
3481 993 3762 1068 συναρμό-

2111 1096 2196 1129 σαι
2229 1080 2296 1150 cf,
2330 1078 2531 1151 Ουγατρ
2544 1076 2576 1133 ί.

2111 1175 2169 1243 ζ’.
2204 1176 2285 1230 Τὰ
2313 1176 2435 1248 περὶ
2486 1176 2549 1229 τὸ
2602 1173 2930 1251 Δυρέμάχιον,
2981 1177 3068 1229 καὶ
3117 1181 3211 1231 τοῦ
3255 1183 3483 1251 σεισμοῦ
3530 1184 3626 1233 τοῦ
3657 1179 3769 1235 ἐκεῖ

2736 1246 3127 1321 ἐνσκήψαντος.

2182 1334 2362 1391 Ἀλλᾶ
2416 1339 2483 1408 τῇ
2548 1336 2641 1409 μὲν
2694 1337 2974 1410 πρωτίστῃ
3026 1342 3134 1392 τῶν
3198 1340 3506 1414 θυγατέρων
3560 1339 3768 1415 Εἰρήνῃ

2110 1424 2253 1480 οὕτω
2308 1425 2565 1498 προύνόει
2612 1431 2720 1480 τῶν
2772 1427 2985 1500 γάμων,
3013 1428 3112 1495 τήν
3158 1425 3215 1482 δέ
3245 1450 3306 1503 γε
3356 1427 3605 1505 δευτέραν
3636 1432 3768 1486 Ἀν-

2110 1536 2201 1569 ναν
2234 1516 2423 1590 ᾑρεῖτο
2454 1518 2687 1589 πέμπειν
2718 1521 2795 1587 τῷ
2843 1518 2947 1588 υἱῷ
2997 1516 3317 1590 Μηλωτίνῳ
3372 1520 3423 1590 (ὁ
3466 1520 3565 1593 γὰρ
3612 1522 3769 1593 ὁμω-

2110 1609 2299 1677 νυμῶν
2326 1610 2406 1678 τῷ
2456 1607 2617 1681 πατρὶ
2672 1608 2764 1660 καὶ
2808 1611 3026 1680 πρῶτος
3068 1612 3147 1679 τῷ
3200 1606 3329 1682 ῥηγὶ
3378 1609 3643 1671 ΙΙαιονίας
3692 1611 3769 1671 εἷς

2112 1696 2374 1770 θυγατέρα
2400 1691 2803 1771 γεγάμϐρευτο)
2855 1696 2930 1758 εἰς
2979 1700 3156 1770 γάμον
3210 1699 3519 1754 συνάπτειν.
3569 1700 3668 1753 Καὶ
3701 1697 3769 1767 δὴ

2111 1791 2220 1840 τῶν
2252 1788 2389 1862 πρὸς
2421 1785 2710 1857 ἀλλήλους
2741 1789 3030 1840 συνθεσιῶν
3082 1786 3298 1842 στέλλει
3336 1789 3431 1860 μὲν
3484 1788 3560 1852 εἷς
3608 1810 3770 1863 πρεσ-

2116 1870 2261 1929 ϐείαν
2306 1877 2397 1930 τὸν
2448 1876 2739 1952 ἱεράρχην,
2800 1877 3165 1948 συνεκπέμπει
3216 1875 3273 1931 δὲ
3319 1878 3404 1931 καὶ
3447 1880 3545 1946 τήν
3600 1881 3770 1952 κόρην

2118 1966 2221 2019 ὑπὸ
2282 1966 2540 2040 θεραπείᾳ
2597 1966 2817 2041 μεγίστῃ
2881 1966 3187 2040 βασιλικῆ.
3253 1967 3348 2023 Καί
3419 1988 3483 2042 γε
3534 1966 3773 2023 καταλα-

2118 2051 2275 2110 ϐοῦσι
2321 2057 2420 2124 τήν
2472 2055 2741 2131 Βάῤῥοιαν
2787 2056 2935 2133 σφίσι
2983 2058 3050 2110 τὰ
3078 2063 3178 2125 τῆς
3234 2054 3444 2127 Βουλῆς
3476 2052 3601 2128 ἔστη
3626 2079 3771 2132 πεμ-

2118 2148 2315 2220 φθῆναι
2344 2146 2481 2220 πρὸς
2520 2147 2611 2199 τὸν
2662 2142 2888 2219 Οὕρεσιν
2943 2146 3209 2223 Στέφανον
3243 2147 3333 2200 τὸν
3381 2145 3777 2224 χαρτοφύλακα

2118 2234 2346 2304 Βέκκον,
2393 2237 2507 2307 ἅμα
2533 2232 2591 2289 δὲ
2621 2233 2713 2288 σὺν
2766 2234 2959 2307 ἐκείνῳ
3005 2237 3097 2289 καὶ
3144 2236 3234 2289 τὸν
3287 2235 3777 2311 Τραϊανουπόλεως

2119 2322 2539 2397 Κουδουμηνήν.
2596 2326 2699 2379 Ἦν
2751 2321 2808 2378 δὲ
2858 2324 2950 2379 καὶ
2981 2324 3115 2399 πρὸς
3166 2332 3266 2395 τῆς
3316 2322 3608 2397 δεσποίνης
3639 2326 3783 2382 ἐντε-

2116 2413 2385 2489 ταγμένον
2458 2415 2537 2487 τῷ
2590 2412 2974 2491 χαρτοφύλακι
3043 2414 3203 2469 αὐτὸν
3259 2414 3625 2489 προαπελθεῖν
3685 2416 3778 2472 καὶ

2118 2504 2385 2579 γνωρίσαι
2444 2505 2510 2559 τὰ
2566 2505 2700 2559 κατὰ
2755 2503 2883 2568 τοὺς
2941 2500 3180 2578 Σέρϐους
3228 2507 3571 2580 τρανότερον,
3623 2505 3778 2569 ὅπως

2124 2595 2219 2667 μὲν
2252 2593 2427 2671 σφίσιν
2456 2591 2595 2648 ἐστὶν
2629 2596 2663 2663 ἡ
2698 2591 2897 2663 δίαιτα,
2928 2592 3079 2656 ὅπως
3126 2593 3184 2648 δὲ
3214 2596 3247 2664 ἡ
3298 2596 3445 2669 τάξις
3486 2603 3586 2665 τῆς
3635 2595 3780 2651 έκείο

2120 2704 2227 2738 νων
2255 2683 2434 2759 ἀρχῆς
2466 2681 2783 2738 διιϐύνεται’
2838 2682 3010 2754 ἐκείνη
3061 2684 3162 2760 γὰρ
3210 2683 3301 2739 καὶ
3359 2684 3618 2759 μεγίστην
3677 2688 3778 2756 τὴν

2127 2920 2259 2957 cum
2296 2903 2649 2975 imperatore
2681 2903 2848 2972 inito,
2882 2919 2998 2974 quo
3032 2903 3185 2958 inter
3216 2903 3377 2973 ipsos
3410 2910 3617 2961 mutuo
3640 2924 3779 2963 con-

2124 2993 2285 3047 venit
2332 2998 2396 3047 ut
2453 2997 2648 3064 Mytzae
2702 2993 3095 3064 primogenito
3143 2992 3357 3047 Joanni
3391 2993 3781 3068 primogenita

2126 3082 2269 3136 item
2301 3081 2678 3154 imperatoris
2709 3080 2827 3135 lilia
2857 3082 3343 3152 desponderetur.

2126 3191 2179 3244 6.
2209 3194 2286 3245 De
2313 3189 2518 3260 [cudere
2548 3188 2897 3261 imperatoris
2938 3205 3063 3261 cum
3095 3187 3297 3253 Serbz’s,
3344 3188 3519 3261 deque
3562 3193 3775 3261 profec-

2307 3259 2454 3316 tione
2483 3262 2820 3332 patriarcha)
2850 3259 2912 3315 in
2941 3259 3192 3315 Serbiam
3221 3276 3288 3315 ea
3317 3260 3383 3315 de
3402 3259 3597 3316 causa.

2200 3351 2293 3406 Sic
2327 3351 2509 3405 Irena:
2557 3352 2809 3405 maxime
2860 3356 3132 3403 natarum
3183 3349 3435 3420 Augusti
3480 3350 3779 3421 provisum

2129 3440 2469 3512 coniugium
2505 3444 2613 3494 est.
2651 3439 2736 3492 Ab
2768 3439 2877 3493 hac
2909 3456 3044 3493 vero
3076 3440 3397 3493 secundam
3431 3441 3658 3495 Annam
3682 3440 3783 3494 de-

2129 3529 2311 3585 crevit
2346 3538 2508 3601 pater
2543 3529 2773 3584 mittere
2806 3529 2874 3582 ad
2920 3527 3130 3581 cralem
3168 3527 3386 3583 Serbiaa
3414 3529 3781 3599 Stephanum

2129 3619 2375 3685 Uresim,
2401 3618 2658 3673 secundo
2680 3617 2807 3687 ejus
2828 3615 2944 3670 filio
2963 3615 3236 3671 Melotino
3261 3620 3575 3687 nupturam
3606 3633 3618 3669 :
3642 3634 3781 3672 nam

2132 3708 2561 3779 primoge‘nitus
2596 3706 2744 3778 patri
2767 3706 3287 3775 cognonomisjam
3333 3722 3569 3761 uxorem
3602 3705 3783 3760 habe-

2131 3798 2230 3851 bat
2261 3796 2416 3867 regis
2454 3796 2766 3851 Pannonia:
2827 3795 3029 3849 filiam.
3089 3795 3233 3851 351
3306 3796 3450 3849 Cum
3495 3794 3676 3866 igitur
3710 3796 3783 3851 de

2131 3886 2406 3941 omnibus
2437 3890 2573 3939 ante
2610 3890 2960 3939 conventum
2993 3888 3168 3951 esset,
3220 3884 3292 3938 ad
3352 3883 3779 3939 exsecutionem

2130 3980 2433 4046 pactorum
2469 3974 2652 4028 mittit
2681 3974 3003 4044 imperator
3051 3972 3309 4043 legatum
3364 3973 3762 4044 patriarcham

2132 4071 2188 4121 et
2218 4081 2350 4120 cum
2383 4081 2449 4119 co
2480 4080 2758 4136 sponsam
2789 4062 3071 4134 virginem
3108 4062 3266 4133 regio
3311 4064 3623 4135 magniﬁce
3675 4064 3785 4119 sti-

2133 4162 2330 4227 patam
2364 4153 2665 4209 comitatu.
2704 4152 2799 4206 llis
2829 4152 3008 4207 simul
3040 4152 3273 4206 cunctis
3307 4151 3407 4206 ubi
3442 4152 3780 4208 Berrhcsam

2134 4253 2541 4318 pervenerunt,
2587 4242 2858 4313 expedire
2890 4241 3288 4295 communiter
3320 4239 3481 4294 visus
3513 4245 3603 4295 est
3630 4258 3779 4311 pra:-

2134 4334 2453 4389 mittendos
2477 4332 2547 4386 ad
2578 4331 2940 4402 Stephanum
2990 4328 3216 4385 Uresim
3271 4329 3783 4401 chartophylacem

2130 4427 2382 4478 Veccum
2416 4428 2473 4477 et
2502 4437 2635 4476 cum
2680 4436 2745 4475 eo
2794 4417 3252 4489 Traianapoleos
3296 4418 3633 4490 episcopum
3666 4418 3781 4473 Cu-

2134 4515 2446 4567 dumenen.
2492 4511 2702 4565 Fuerat
2745 4516 2940 4565 autem
2987 4510 3059 4562 ab
3104 4513 3369 4578 Augusta
3414 4506 3787 4579 peculiariter

368 4622 502 4661 cum
533 4605 737 4661 liberis
768 4602 1134 4675 confugiens,
1166 4600 1303 4656 inde
1346 4597 1554 4669 legatis
1602 4598 1670 4651 ad
1707 4597 2020 4669 imperato~
2057 4595 2099 4658 D
2133 4602 2611 4658 commendatum
2644 4597 3079 4670 chartophylaci
3124 4603 3189 4652 ut
3223 4598 3575 4669 prmcederet
3608 4613 3785 4668 spon-

373 4711 497 4751 rem
529 4693 901 4767 supplicibus
936 4690 1137 4747 missis
1165 4692 1372 4761 pactus
1405 4703 1540 4743 cum
1563 4703 1629 4741 eo
1661 4685 2017 4741 deditionem

378 4785 457 4841 sit
500 4802 633 4840 cum
677 4783 768 4839 sui
813 4788 939 4838 tum
983 4781 1109 4851 ejus
1134 4779 1406 4845 civitatis,
1449 4793 1566 4848 qua
1595 4774 1652 4829 in
1684 4774 1777 4830 sui
1809 4776 2019 4831 servati

367 4874 620 4948 pretium
654 4873 907 4929 offerret.
937 4872 1051 4928 Nec
1076 4868 1363 4925 recusavit
1390 4866 1729 4937 imperator,
1762 4865 1859 4920 sed
1896 4870 2019 4920 sta-

369 4965 477 5022 tim
501 4963 749 5020 Glabam
773 4958 1303 5033 curopalatam,qui
1328 4960 1532 5028 postea
1552 4970 1797 5023 magnus
1817 4955 2020 5025 papias

368 5054 502 5121 fuit,
536 5069 669 5107 cum
704 5051 837 5106 aliis
868 5054 925 5105 et
958 5050 1168 5103 idonea
1214 5062 1392 5100 manu
1446 5043 1696 5097 militum
1749 5041 1930 5097 misit.
1969 5044 2019 5097 Is

368 5143 676 5215 ingressus
699 5139 1118 5196 Mesembream
1143 5137 1271 5206 ejus
1299 5134 1404 5189 rite
1430 5131 1857 5204 possessionem
1889 5132 2024 5186 iniit

371 5230 601 5303 imperii
626 5228 873 5284 Romani
905 5226 1171 5293 nomine;
1212 5228 1338 5278 tum
1358 5222 1605 5294 Mytzem
1636 5237 1734 5292 per
1754 5220 2019 5275 Haemum

368 5320 581 5375 itinere
610 5318 875 5374 terrestri
909 5315 1181 5388 perduxit
1228 5313 1298 5368 ad
1346 5313 1775 5383 imperatorem,
1827 5310 1927 5380 qui
1970 5309 2021 5365 ei

372 5409 821 5485 perhumaniter
850 5410 1088 5476 excepto
1130 5404 1408 5473 omnique
1459 5400 1677 5456 amoris
1725 5400 2019 5470 signiﬁca—

367 5500 529 5556 tione
560 5502 815 5555 recreato
861 5496 1069 5551 uberes
1119 5493 1332 5548 fundos
1380 5491 1535 5562 apud
1598 5490 2021 5545 Scamandrum

368 5590 717 5664 assignavit,
745 5603 995 5659 quorum
1029 5582 1211 5641 annui
1246 5586 1560 5655 proventus
1606 5580 1677 5634 ad
1709 5580 1934 5635 victum
1971 5580 2023 5635 ei

365 5680 713 5751 cultumque
744 5674 1121 5750 splendidum
1155 5673 1390 5728 abunde
1436 5668 1797 5725 sufﬁcerent.
1834 5670 1937 5725 Ubi
1972 5679 2025 5725 et

364 5770 495 5843 ipse
518 5767 796 5839 deinceps
817 5782 953 5822 cum
976 5762 1115 5819 ﬁliis
1146 5761 1478 5819 diversatus
1518 5762 1630 5825 est,
1656 5762 1827 5831 pacto
1860 5760 2025 5832 prius

2130 4708 2279 4761 sam,
2313 4690 2584 4763 priorque
2614 4689 2673 4743 in
2705 4687 2965 4743 Serbiam
3000 4688 3323 4741 adveniens
3355 4687 3680 4757 exploraret
3710 4687 3783 4741 ad

2130 4781 2423 4852 liquidum
2458 4779 2751 4850 quodnam
2788 4777 2845 4831 id
2872 4780 3030 4830 esset
3070 4774 3377 4830 hominum
3410 4790 3620 4845 genus,
3655 4790 3782 4846 quae

2128 4870 2207 4924 ibi
2245 4871 2428 4925 forma
2461 4868 2589 4923 vitae
2619 4866 2958 4937 cultusque,
2990 4881 3114 4935 quae
3148 4864 3299 4919 ratio
3331 4864 3783 4921 consuetudinis

2129 4959 2337 5029 civilis,
2367 4958 2501 5030 quis
2533 4959 2670 5012 ordo
2702 4955 2949 5026 publica;
2980 4954 3081 5023 rei,
3117 4971 3183 5008 ac
3208 4954 3306 5023 jus
3333 4970 3597 5025 ususque
3621 4954 3783 5024 prin-

2130 5048 2377 5120 cipatus.
2406 5048 2551 5102 Nam
2584 5062 2718 5102 cum
2752 5044 2851 5099 illa
2889 5043 3283 5115 proﬁciscenti
3344 5042 3478 5097 tiliae
3531 5059 3787 5114 appara-

2128 5144 2254 5194 tum
2289 5144 2345 5193 et
2375 5154 2650 5209 pompam
2682 5152 2858 5207 quam
2920 5139 3195 5206 potuerat
3237 5134 3495 5189 maxime
3542 5134 3783 5209 regiam,

2130 5234 2187 5283 et
2217 5244 2350 5282 cum
2386 5228 2578 5297 specie
2618 5242 2684 5281 ac
2726 5226 2911 5296 pretio
2958 5224 3027 5277 ad
3082 5222 3605 5295 magnificentiam,
3657 5226 3785 5277 tum

2131 5334 2268 5382 usu,
2313 5323 2369 5371 et
2423 5316 2591 5386 copia
2620 5316 2690 5370 ad
2725 5313 3030 5368 mollitiem
3079 5312 3440 5384 deliciasque
3478 5329 3787 5384 compara-

2130 5410 2271 5461 tam.
2299 5403 2610 5465 ambitiose
2668 5402 3056 5466 attribuisset,
3112 5400 3385 5457 muliebri
3432 5401 3658 5457 scilicet
3686 5417 3789 5455 cu-

2132 5495 2397 5550 riositate
2430 5509 2600 5547 nosse
2632 5491 2837 5547 avebat
2874 5490 3081 5561 ecquid
3139 5491 3304 5562 paria
3352 5490 3493 5560 illis,
3529 5494 3630 5545 aut
3670 5506 3789 5559 qua

2133 5584 2263 5640 istis
2292 5583 2665 5655 proportione
2696 5580 3133 5652 respondentia,
3168 5586 3463 5650 repertura
3496 5583 3652 5634 esset
3681 5596 3790 5634 sua

2133 5674 2274 5730 ﬁlia.
2312 5674 2388 5728 Ea
2432 5673 2503 5726 de
2557 5688 2737 5727 causa
2781 5673 3048 5742 jusserat
3091 5671 3346 5742 priorem
3399 5686 3465 5724 eo
3497 5667 3789 5741 proﬁcisci

2132 5763 2414 5835 Veccum,
2445 5764 2501 5817 et
2529 5760 2643 5817 sibi
2676 5777 2778 5833 per
2805 5758 3046 5815 nuntios
3077 5757 3413 5831 significare
3456 5773 3588 5830 quae
3636 5774 3792 5814 com-
