4080 6404
434 404 541 460 803

1743 396 2048 453 GEORGII
2085 398 2551 454 PACHYMERE
3746 401 3839 460 804

434 525 722 601 θεραπείαν
749 526 819 597 τῇ
874 519 1100 597 θυγατρί
1146 518 1557 595 προητοίμαζεν
1609 516 1693 571 ἐπὶ
1742 514 1918 591 χλιδῇ
1949 538 2083 573 παν·
2114 522 2166 588 Α
2202 520 2276 590 μὴ
2309 519 2399 575 καὶ
2453 520 2513 574 ἐκ
2555 523 2653 574 τοῦ
2701 518 3046 595 παραχρῆμα
3097 517 3339 595 ἐνέδραις
3372 518 3655 596 χαλεπαῖς
3696 544 3837 599 περι-

435 619 557 688 τοίᾳ
592 614 874 691 βασιλικῇ.
934 613 1153 683 Ἐκείνῳ
1207 611 1384 666 τοίνυν
1444 611 1847 684 προαπελθόντι
1888 607 2089 683 γνωρί-

436 729 545 763 σειν
630 707 718 760 καὶ
802 708 1061 773 σημανεῖν
1137 698 1556 774 προσετάσσετο,
1624 698 1750 773 πρὶν
1813 695 1871 751 ἄν
1925 692 2090 769 ἐπιϐῇ

438 792 671 867 Σερϐίας
726 797 753 849 ὁ
810 794 1182 866 πατριάρχης.
1239 791 1305 846 Oi
1360 786 1406 843 δ’
1462 788 1774 849 ἐπιστάντες
1824 788 1887 841 οὐ
1924 787 2087 860 μόνον

434 884 590 940 οὐδὲν
617 890 724 939 τῶν
760 882 834 944 εἷς
885 884 1170 955 Θεραπειαν
1228 876 1369 933 εἶδον
1430 878 1599 932 ἐκεῖσε
1643 877 1733 931 καὶ
1782 878 1964 951 ἀρχῆς
1992 882 2094 944 τῆς

432 975 711 1049 τυχούσης
773 973 948 1041 ἄξιον,
1006 968 1154 1023 ἀλλὰ
1209 969 1300 1023 καὶ
1356 968 1419 1022 τὸ
1477 966 1858 1041 θεραπευτικὸν
1918 967 1979 1020 τὸ
2034 965 2087 1021 ἐν

431 1070 512 1135 [Ρ.
548 1067 676 1135 240]
708 1062 937 1124 ἐκείνοις
971 1057 1188 1134 βλέπων
1238 1059 1265 1112 ὁ
1316 1055 1542 1130 Οὕρεσις
1583 1059 1672 1111 καὶ
1709 1053 1967 1124 οἰκίδιον,
1996 1056 2090 1111 καὶ

430 1152 647 1227 μᾶλλον
701 1154 762 1207 τὸ
811 1156 922 1205 τῶν
967 1146 1334 1223 ἡμιανδρίων,
1376 1147 1429 1201 τί
1480 1145 1539 1201 ἄν
1584 1147 1671 1201 καὶ
1724 1142 1913 1216 εἷήσαν
1940 1146 2089 1200 οὗτοι

429 1242 832 1307 διεπυνθάνετο.
892 1242 981 1302 Ὠς
1043 1237 1088 1294 δ’
1138 1237 1307 1307 ἤκουε
1364 1240 1493 1312 παρ’
1552 1235 1773 1292 ἐκείνων
1806 1237 1888 1290 ὅτι
1944 1234 2093 1306 τάξις

428 1334 574 1389 ἐστὶν
626 1332 758 1400 αὕτη
821 1332 1125 1407 βασίλειος,
1177 1328 1266 1383 καὶ
1299 1329 1374 1390 ὡς
1420 1331 1490 1400 τῇ
1546 1322 1787 1400 βασιλίδι
1825 1324 1901 1387 είς
1934 1336 2090 1399 θερα-

430 1424 582 1480 πείαν
667 1420 1125 1490 ἁκολουθήσαιεν,
1186 1416 1385 1478 ἐκεῖνος
1445 1414 1823 1485 ἀταλαστήσας
1899 1413 2087 1491 φησὶν,

436 1539 462 1566 ‹‹
522 1511 591 1569 A'i
644 1510 722 1583 a'i,
778 1509 833 1565 τί
891 1514 1097 1577 araora;
1156 1507 1247 1561 καὶ
1303 1508 1439 1578 ἡμῖν
1494 1504 1556 1559 οὐ
1611 1506 1852 1574 συνήθης
1884 1502 2019 1571 αὕτη
2052 1504 2087 1571 ἡ

433 1600 637 1657 δίαιτα.
700 1624 728 1653 ››
792 1599 895 1655 Καὶ
952 1598 1043 1652 τὸν
1105 1595 1264 1671 φάναι
1302 1615 1360 1650 τε
1414 1594 1501 1648 καὶ
1564 1594 1677 1665 ἅμα
1722 1593 1819 1661 τὴν
1869 1591 2087 1663 νύμφην

434 1690 697 1747 δείκνύειν
740 1688 978 1762 πενιχρὰ
1030 1690 1298 1763 φοροῦσαν
1347 1684 1438 1738 καὶ
1487 1681 1723 1753 ταλασίᾳ
1778 1680 2086 1755 προσέχου-

434 1802 553 1848 σαν,
604 1779 717 1847 καὶ,
776 1801 804 1829 (ί
837 1776 1017 1844 Οὕτω,
1052 1798 1080 1827 ››
1131 1775 1312 1848 Λέγειν
1362 1778 1513 1847 γειρῖ
1561 1769 1863 1840 δεικνύντα,
1908 1794 1936 1821 ‹‹
1966 1774 2089 1831 ταῖς

2197 608 2437 663 πέσοιεν·
2500 611 2564 665 οὐ
2616 611 2719 683 γάρ
2781 610 2932 684 εἶχον
2992 610 3263 665 πιστεύειν
3316 608 3549 685 ἀνδράσι
3607 614 3681 685 μὴ
3731 614 3836 670 ἐπι.

2197 698 2587 773 στρεφομένοις
2642 698 2910 773 αἰσχύνης
2968 698 3059 753 καὶ
3120 701 3426 773 μέμψεως.
3490 699 3642 762 Τέως
3694 699 3840 776 ᾔεσαν

2196 788 2271 849 εἷς
2299 790 2361 843 τὸ
2392 789 2582 862 πρόσω
2612 791 2801 851 νωθεῖς
2829 809 2971 850 τινες
3020 789 3122 857 τήν
3152 788 3377 863 πορείαν
3428 790 3524 844 καὶ
3554 796 3673 853 τοῖς
3705 791 3841 856 ὅλοις

2198 876 2457 939 ὑπόπτως
2514 875 2754 951 ἔχοντες.
2814 878 2901 938 Ὡς
2969 874 3027 931 δὲ
3080 875 3385 933 κατέλαλον
3445 879 3548 945 τὴν
3610 880 3841 955 Ἀχρίδα,

2193 967 2292 1034 τὴν
2356 967 2452 1039 μὲν
2488 964 2747 1041 βασιλίδα
2800 966 2891 1021 καὶ
2948 967 3012 1021 τὸ
3054 967 3178 1042 περῖ
3235 968 3408 1035 αὐτὴν
3468 966 3735 1024 οἰκετικὸν
3764 974 3841 1025 καὶ

2196 1056 2320 1111 ὅσον
2399 1056 2475 1118 είς
2572 1058 2859 1131 θεραπείαν
2941 1056 3107 1112 αὐτοῦ
3190 1078 3295 1112 που
3383 1054 3839 1125 διαναπαύουσιν,

2197 1144 2395 1201 ἐκεῖνοι
2482 1143 2541 1200 δὲ
2624 1145 3013 1221 προαγγέλους
3096 1146 3235 1217 πρὸς
3315 1144 3554 1222 Οὕρεσιν
3606 1145 3839 1219 πέμπον-

2191 1256 2278 1297 τες
2365 1236 2455 1289 καὶ
2514 1234 2671 1290 αὐτοὶ
2751 1232 3033 1310 σχολαίως
3114 1240 3238 1297 τοῖς
3290 1235 3488 1309 πρόσω
3564 1229 3842 1307 προσέϐαι-

2192 1346 2303 1381 νον.
2338 1326 2423 1394 Τῇ
2476 1324 2715 1399 Πολόγῳ
2770 1321 2828 1378 δὲ
2874 1322 3387 1398 παραγγειλάντων,
3443 1326 3505 1392 ἣν
3569 1321 3635 1393 δὴ
3691 1320 3839 1384 ἄλσος

2193 1417 2327 1468 Θεοῦ
2357 1412 2553 1468 ἐκεῖνοι
2583 1414 2721 1468 κατὰ
2748 1413 3002 1487 γλῶσσαν
3056 1410 3284 1481 εἷ’ποιεν,
3319 1413 3410 1467 καὶ
3464 1410 3577 1483 ἤδη
3605 1412 3694 1467 καὶ
3721 1413 3841 1487 πρὸς

2194 1502 2481 1557 Λιπαίνιον
2542 1500 2755 1570 ῗόντων,
2812 1503 3089 1574 πέμπεται
3154 1502 3248 1574 μὲν
3308 1497 3552 1577 πρέσϐυς
3598 1502 3837 1566 ἐκεῖθενὸ

2192 1592 2280 1646 καὶ
2333 1594 2577 1663 μεσάζων
2640 1589 2885 1659 ἐκείνων,
2936 1594 3210 1667 Γεώργιος
3261 1588 3539 1663 τοῦνομα,
3571 1592 3617 1663 ᾧ
3666 1588 3729 1658 δὴ
3758 1590 3839 1644 καὶ

2194 1678 2367 1755 λόχος
2402 1678 2611 1755 ἀνδρῶν
2649 1678 2958 1755 ἐνεδρεύσας
2988 1680 3391 1756 προσεζημίου.
3423 1680 3529 1741 Τὰς
3563 1678 3609 1734 δ’
3642 1676 3837 1751 ἐνέδρας

2193 1770 2282 1825 καὶ
2314 1770 2508 1845 πρώην
2560 1771 2613 1825 οἱ
2651 1770 2775 1845 περὶ
2821 1770 2913 1825 τὸν
2960 1769 3312 1845 πατριάρχην
3368 1769 3662 1831 ἀκούοντες
3714 1766 3838 1824 ἐδει-

434 1869 673 1945 νύμφαις
720 1869 886 1939 ἡμεῖς
937 1862 1380 1939 προσφερόμεθα.
1433 1883 1459 1916 ι
1520 1862 1691 1919 Ἦσαν
1751 1858 1819 1928 δὴ
1876 1859 1967 1914 καὶ
2022 1858 2089 1912 τὰ
2119 1876 2165 1940 Β
2196 1857 2355 1917 λίων.
2388 1860 2529 1917 Τότε
2558 1856 2617 1914 δὲ
2656 1859 2748 1915 καὶ
2780 1854 3025 1935 ἀκριϐῶς
3058 1858 3111 1921 ἐς
3167 1854 3340 1930 φόϐον
3373 1861 3542 1935 μέγαν
3574 1862 3837 1921 καθίσταν-

432 1959 553 2014 κατ’
606 1955 799 2017 αὐτοὺς
854 1956 917 2009 τὸ
976 1952 1225 2027 παράπαν
1287 1948 1415 2005 λιτά
1469 1971 1527 2005 τε
1582 1951 1672 2004 καὶ
1732 1948 1951 2017 εὐτελῆ,
2011 1949 2085 2009 ὡς

433 2047 643 2120 άποζῇν
705 2047 898 2120 θήραις
945 2044 1034 2098 καὶ
1065 2040 1423 2101 κλέπτοντας.
1463 2040 1550 2101 Ὠς
1583 2043 1711 2114 γοῦν
1750 2036 2081 2113 ὑπέστρεφον

433 2139 487 2193 oi
544 2136 877 2209 πεμφθέντες
926 2132 1015 2186 καὶ
1066 2124 1308 2204 ἀκριϐῶς
1359 2126 1592 2198 ἐδήλουν
1646 2131 1728 2199 τῷ
1768 2125 2085 2201 πατριάρχῃ

436 2228 471 2283 ’ὰ
519 2247 577 2282 τε
636 2222 779 2281 εἶδον
837 2221 927 2279 καὶ
984 2220 1018 2276 ’ἁ
1074 2218 1336 2290 ἤκουσαν,
1384 2217 1682 2274 ἐπέκλασάν
1714 2238 1772 2272 τε
1816 2221 1934 2278 τοῖς
1962 2215 2087 2291 περὶ

437 2315 639 2371 ἐκεῖνον
670 2313 769 2382 τὴν
800 2309 1131 2386 προθυμίαν,
1182 2308 1271 2363 καὶ
1324 2307 1448 2383 περὶ
1497 2308 1709 2369 ἑαυτοῖς
1768 2302 2086 2383 ὡρῥώδουν,

437 2536 707 2612 perisset,
738 2533 1084 2607 priusquam
1135 2529 1467 2603 patriarcha
1516 2545 1649 2585 cum
1682 2544 1830 2586 nova
1868 2544 2087 2601 sponsa

438 2626 703 2684 Serbiam
734 2622 1158 2693 ingrederetur.
1212 2623 1285 2675 At
1330 2619 1553 2675 Veccus
1613 2622 1670 2674 et
1710 2618 2085 2674 Cudumenes

436 2715 537 2771 ubi
567 2728 901 2787 pervenere,
936 2709 1079 2766 adeo
1116 2708 1259 2763 nihil
1295 2709 1373 2763 ibi
1406 2709 1475 2762 ad
1503 2706 1895 2763 ministerium
1924 2722 2086 2762 com-

438 2804 702 2869 modum,
736 2803 804 2856 ad
850 2815 1124 2872 pompam
1159 2796 1448 2869 exquisite
1495 2800 1933 2863 ornamentum,
1988 2797 2090 2850 aut

440 2892 678 2950 omnino
731 2889 821 2946 vel
875 2887 1155 2945 mediocri
1195 2886 1439 2958 dignum
1474 2886 1824 2958 magistratu
1858 2899 2087 2956 repere-

444 2986 606 3049 runt,
637 2985 704 3036 ut
736 2980 928 3052 ipsum
965 2977 1197 3032 illorum
1230 2977 1697 3033 instrumentum
1739 2991 1806 3030 ac
1845 2973 2088 3029 comita-

448 3075 573 3125 tum
607 3070 945 3140 Stephanus
1011 3066 1210 3122 Uresis
1269 3065 1687 3131 admiraretur,
1734 3064 1859 3119 viso
1898 3062 2089 3119 taber-

2194 1969 2303 2016 το,
2367 1948 2443 2021 μὴ
2495 1948 2584 2003 καὶ
2633 1950 2962 2023 νεωτερισθῇ
3014 1971 3067 2005 τι
3122 1948 3273 2025 σφίσι
3326 1953 3440 2004 τῶν
3504 1949 3835 2018 ἀνηκέστων·

2194 2036 2321 2099 τοὺς
2348 2038 2450 2112 γὰρ
2482 2036 2626 2093 οὕτω
2655 2038 2747 2092 καὶ
2774 2043 2893 2099 τοῖς
2943 2036 3110 2099 ῒδίοις
3153 2038 3245 2092 καί
3300 2036 3522 2110 μᾶλλον
3571 2042 3682 2098 τοῖς
3709 2032 3836 2090 ἐνδό-

2197 2126 2307 2196 ξοις
2336 2126 2428 2180 καὶ
2459 2125 2725 2200 ἄρχουσιν
2772 2124 3146 2200 ἐνεδρεύοντας
3197 2123 3387 2201 σχολῇ
3436 2129 3568 2202 γοῦν
3616 2124 3835 2197 ἀποσχέ-

2198 2226 2320 2278 σθαι
2345 2214 2819 2289 τῶνζάλλοτρίων.
2869 2217 3106 2273 Ἤκουον
3136 2212 3195 2270 δὲ
3240 2216 3331 2270 καὶ
3386 2216 3538 2290 παρὰ
3581 2210 3837 2286 Γεωργίου

2194 2303 2262 2358 τὰ
2295 2305 2392 2377 μὲν
2422 2303 2498 2368 εἷς
2546 2300 2830 2381 πρεσϐείαν
2861 2304 3035 2376 πάντη
3083 2309 3165 2377 τῷ
3205 2310 3401 2379 σκοπῷ
3445 2309 3555 2362 τῶν
3594 2300 3839 2378 βασιλέων

2196 2526 2473 2583 familiari
2506 2527 2873 2585 ministerio:
2900 2526 3011 2600 ipsi
3062 2528 3251 2599 empto
3298 2525 3513 2583 itinere
3534 2524 3690 2581 lente
3717 2537 3835 2595 per-

2195 2618 2793 2690 gentes,przemiltunt
2814 2616 3053 2673 nuntios
3078 2617 3149 2673 ad
3175 2615 3433 2687 Uresim,
3460 2615 3560 2689 qui
3581 2612 3834 2671 docerent

2196 2707 2636 2779 praestolaturos
2676 2724 2738 2764 se
2774 2707 3052 2763 mandata
3090 2706 3219 2777 ejus
3267 2709 3325 2761 et
3369 2720 3652 2761 occursus
3683 2701 3750 2757 ab
3776 2714 3833 2754 eo

2199 2799 2517 2855 missorum
2548 2797 2701 2869 apud
2739 2797 3038 2869 Pologum.
3071 2796 3175 2851 Est
3196 2794 3252 2851 id
3278 2794 3393 2851 loci
3419 2811 3631 2850 nomen
3669 2788 3836 2864 patria

2196 2889 2513 2945 Serborum
2548 2885 2754 2958 lingua
2782 2903 3024 2956 sonans,
3057 2890 3122 2941 ut
3148 2885 3334 2953 aiunt,
3378 2901 3588 2943 nemus
3621 2879 3732 2936 Dei.
3766 2877 3836 2933 Ea

2199 2996 2301 3050 spe
2317 2978 2635 3051 Lisznium
2660 2977 3175 3050 progredientibus
3194 2977 3455 3033 occurrit
3473 2993 3506 3031 a
3520 2972 3671 3031 crale
3689 2970 3833 3041 lega-

2201 3070 2305 3137 tio,
2328 3069 2503 3139 cujus
2534 3072 2654 3124 erat
2680 3071 2855 3139 caput
2884 3066 3165 3137 Georgius
3198 3066 3471 3138 quidam,
3506 3060 3832 3133 magistratu

446 3158 676 3226 naculo,
757 3156 1075 3230 praesertim
1137 3158 1332 3211 autem
1400 3154 1626 3211 familia
1687 3153 2089 3225 obsequioque
2122 3172 2164 3239 ρ
2202 3158 2321 3214 illic
2352 3158 2531 3214 simili
2586 3158 2871 3230 praeditus
2916 3158 3045 3228 ejus
3087 3155 3187 3228 qui
3241 3170 3518 3211 mesazon
3552 3150 3701 3224 apud
3745 3160 3837 3203 nos

442 3245 1051 3318 eunuchorum,quasi
1074 3245 1497 3316 obstupescens
1521 3242 1993 3315 inopinatissima
2007 3258 2087 3310 re,

439 3343 726 3411 quareret
756 3337 898 3409 quid
938 3336 1062 3391 haec
1094 3335 1331 3390 tandem
1366 3337 1564 3389 essent
1593 3338 1650 3387 et
1693 3348 1868 3404 quem
1910 3348 2087 3387 usum

439 3429 743 3498 haberent,
778 3443 909 3484 cum
967 3441 1101 3481 vero
1144 3423 1405 3480 audisset
1463 3426 1686 3492 partem
1748 3437 1877 3478 esse
1927 3421 2085 3477 illam

438 3518 805 3590 praemissam
838 3513 1100 3571 satellitii
1143 3530 1208 3568 ac
1240 3510 1620 3583 supellectilis
1640 3511 1850 3583 reginae
1875 3511 2089 3566 adven-

438 3606 647 3676 tantis,
706 3602 1095 3660 indolescenti
1153 3601 1366 3657 similis
1415 3600 1821 3657 exclamaret:
1882 3624 1903 3652 ι
1941 3605 2087 3667 Heu,

440 3695 575 3761 heu,
611 3711 738 3766 qua:
769 3697 826 3748 et
855 3707 1138 3764 quorsum
1166 3690 1279 3746 ista
1300 3690 1327 3745 ?
1356 3690 1473 3746 Nos
1503 3689 1713 3745 harum
1746 3689 2087 3746 deliciarum

440 3799 611 3840 usum
642 3799 754 3837 non
789 3781 1114 3851 habemus;
1150 3802 1178 3829 »
1212 3786 1266 3835 et
1296 3781 1450 3836 352
1474 3780 1593 3835 hanc
1623 3780 1866 3850 loquens
1912 3778 2089 3835 simul

437 3888 654 3928 nurum
687 3871 1023 3927 ostenderet
1050 3869 1395 3942 paupertino
1428 3869 1726 3925 sordidam
1753 3869 1973 3925 vestitu
2025 3885 2091 3924 ac

437 3960 692 4016 laniﬁcio
724 3961 1034 4025 intentam,
1068 3976 1303 4031 unaque
1334 3976 1511 4015 manu
1547 3976 1673 4014 eam
1701 3958 1969 4015 indicans
1991 3976 2089 4015 su-

438 4049 725 4122 bjiceret:
764 4072 785 4098 ·
822 4050 901 4105 En
954 4048 1053 4104 tali
1086 4065 1192 4104 nos
1225 4047 1386 4103 cultu
1439 4064 1625 4103 nurus
1674 4048 2090 4104 consuevimus

437 4138 674 4194 habere.
708 4160 735 4189 »
774 4138 947 4194 Porro
978 4137 1037 4193 in
1086 4142 1290 4194 caetero
1338 4138 1492 4193 circa
1536 4136 1750 4194 cralem
1804 4143 2087 4210 apparatu

438 4227 586 4283 nihil
631 4228 743 4284 nisi
805 4227 1069 4299 vulgare,
1127 4226 1455 4284 obsoletum
1488 4243 1555 4282 ac
1591 4225 1762 4298 plane
1794 4226 2088 4298 plebeium

438 4319 777 4390 apparebat.
812 4316 987 4373 Nulla
1019 4318 1210 4372 victus
1245 4314 1566 4371 mundities
1602 4332 1669 4371 :e
1692 4320 1897 4371 venatu
1920 4315 2091 4372 illau-

434 4410 517 4473 to,
552 4424 619 4462 ac
648 4405 913 4461 tumultu
942 4422 1084 4461 sane
1106 4405 1426 4473 venatorio,
1448 4403 1612 4459 nulla
1641 4404 1835 4476 specie
1866 4409 1968 4461 aut
1995 4423 2094 4461 or-

436 4497 574 4551 dine
601 4493 935 4558 ministerii,
970 4493 1134 4550 nulla
1163 4509 1499 4549 mensarum
1532 4493 1824 4566 elegantia
1874 4495 2088 4567 raptim

436 4583 550 4640 cibi
583 4584 963 4639 vorabantur.
1021 4583 1091 4639 Ut
1129 4598 1266 4655 ergo
1312 4581 1433 4638 haec
1485 4582 1599 4639 sibi
1659 4583 1959 4655 explorata
1989 4585 2089 4657 qui

436 4673 605 4729 missi
665 4673 899 4728 fuerant
955 4671 1167 4729 reversi
1200 4673 1271 4727 ad
1302 4672 1696 4743 patriarcham
1742 4674 2089 4742 retulerunt,

437 4766 620 4834 utque
648 4761 988 4817 distinctius
1013 4766 1328 4816 narrarunt
1349 4777 1481 4832 quas
1505 4761 1836 4829 audierant,
1860 4766 2095 4818 contur-

440 4853 659 4908 barunt
685 4867 753 4907 ca
780 4868 895 4907 non
922 4867 1128 4922 parum
1149 4850 1494 4906 comitatum
1519 4851 1883 4919 universum,
1916 4851 2095 4909 infre-

442 4946 768 5015 geruntque
815 4940 1045 4997 cunctis
1078 4940 1330 5010 animos,
1355 4938 1752 4995 sollicitudine
1784 4940 1997 5011 injecta
2023 4956 2094 4996 ne

436 5030 674 5085 insidiis
698 5030 920 5101 excepti
959 5028 1392 5101 spoliarentur:
1423 5029 1565 5099 quid
1600 5028 1757 5084 enim
1796 5036 2095 5101 exspecta-

440 5124 570 5175 rent
594 5119 799 5174 mitius
831 5136 864 5175 a
892 5118 1165 5175 Barbarie
1196 5118 1340 5173 adeo
1373 5116 1641 5187 incultis,
1696 5134 1845 5189 quos
1897 5118 2096 5177 nullus

441 5225 571 5264 mos
602 5213 704 5264 aut
729 5209 938 5279 pudor,
972 5207 1173 5264 nullus
1207 5211 1511 5268 respectus
1553 5206 1947 5265 humanitatis
1995 5215 2098 5266 aut

441 5296 617 5352 officii
642 5297 989 5353 verecundia
1012 5300 1351 5352 revocatura
1376 5295 1712 5351 viderentur
1736 5298 1809 5353 ab
1828 5298 2097 5356 audendo

445 5387 601 5457 quod
633 5386 842 5441 liberet
900 5385 1175 5457 cunque?
1230 5384 1451 5440 Tristes
1509 5384 1691 5457 igitur
1745 5385 1906 5443 hisce
1937 5388 2097 5444 curis

441 5492 775 5548 segnesque
794 5477 1210 5548 procedebant,
1240 5475 1414 5531 anxia
1436 5476 1739 5532 constricti
1783 5477 2097 5535 formidine

438 5565 836 5638 periculorum
856 5565 916 5619 in
938 5568 1416 5633 monumenta,ut
1433 5565 2100 5639 putabant,singulaim-

437 5654 845 5725 pendentium.
896 5654 955 5707 [n
989 5652 1077 5707 his
1110 5650 1547 5721 suspicionibus
1598 5669 1733 5710 cum
1779 5656 2096 5715 Achridam

435 5743 834 5813 devenissent,
864 5740 1084 5813 regiam
1119 5740 1200 5796 ibi
1231 5738 1596 5811 reliquerunt
1632 5743 1925 5816 virginem
1960 5762 2095 5804 cum

2202 3248 2438 3303 dicitur.
2473 3247 2623 3303 Huic
2638 3263 2705 3301 ex
2728 3245 2963 3302 insidiis
2990 3244 3299 3300 latrocinio
3318 3243 3555 3300 illatum
3575 3242 3837 3297 damnum

2199 3342 2255 3393 et
2285 3343 2420 3393 ante
2441 3336 2627 3393 nostri
2646 3336 2959 3391 audierant
2980 3339 3037 3390 et
3058 3334 3185 3407 ipso
3217 3334 3511 3390 referente
3535 3325 3839 3403 cognorunt

2198 3427 2435 3483 certius.
2486 3427 2670 3497 Atque
2722 3429 2787 3480 ut
2832 3424 3022 3497 primo
3056 3424 3135 3480 rei
3169 3422 3378 3479 auditu
3416 3416 3837 3480 cohorruerant,

2197 3516 2352 3574 858
2384 3515 2465 3571 ita
2515 3514 2648 3571 facti
2701 3516 2940 3587 accepta
2990 3512 3443 3569 confirmatione
3494 3498 3834 3566 maestissimi

2197 3610 2512 3663 senserunt
2542 3621 2658 3676 quo
2690 3602 2953 3660 locorum
2990 3602 3400 3674 malorumque
3442 3594 3834 3658 devenissent:

2198 3695 2339 3768 quid
2373 3695 2531 3751 enim
2589 3711 2703 3750 non
2753 3694 2891 3765 jure
2925 3696 3256 3748 metuerent
3286 3691 3346 3747 in
3390 3694 3553 3748 tanta
3575 3678 3835 3743 barbariae

2198 3785 2471 3841 licentia?
2501 3788 2603 3839 aut
2633 3784 2927 3857 quomodo
2958 3785 3260 3855 sperarent
3283 3782 3614 3853 parcituros
3644 3768 3837 3830 exteris

2196 3892 2261 3930 ac
2289 3878 2725 3947 temperaturos
2744 3872 2945 3929 avidas
2966 3889 3177 3927 manus
3199 3888 3234 3927 a
3254 3887 3402 3943 gaza
3424 3865 3724 3942 peregrina
3750 3872 3836 3947 eos

2199 3964 2299 4036 qui
2324 3981 2395 4020 ne
2416 3943 2449 4020 α
2472 3962 2859 4036 popularibus
2874 3961 3112 4032 quidem
3133 3943 3836 4030 suis,iisdemqueillustri

2200 4054 2547 4126 magistratu
2593 4050 2953 4123 conspicuis,
2994 4050 3364 4106 abstinerent
3400 4046 3649 4121 injurias
3677 4042 3840 4096 extre-

2201 4142 2359 4198 mas?
2383 4146 2669 4199 Caeterum
2699 4144 2771 4197 de
2789 4140 3024 4213 negotio
3045 4139 3175 4212 ipso
3199 4140 3498 4222 ac_fmdere
3521 4130 3836 4222 principum

2201 4233 2455 4288 duorum
2490 4236 2606 4286 tam
2640 4229 3134 4300 inconsequenter
3162 4218 3340 4300 atque
3374 4226 3652 4296 ambigue
3686 4218 3838 4274 Geor-

2201 4319 2335 4391 gius
2385 4318 2493 4373 iste
2544 4318 2772 4373 locutus
2802 4320 2913 4382 est,
2957 4321 3022 4372 ut
3070 4332 3234 4388 spem
3269 4329 3585 4373 successus
3619 4315 3835 4365 omnem

2202 4407 2594 4480 prudentibus
2613 4411 2929 4463 excuteret.
2955 4407 3221 4462 Primum
3245 4405 3516 4462 omnium
3539 4394 3840 4470 deprehen-

2204 4514 2336 4553 sum
2368 4504 2456 4553 est
2486 4513 2737 4553 errorem
2763 4496 3103 4568 imperatori
3138 4495 3405 4551 oblatum
3441 4495 3499 4550 in
3543 4507 3603 4547 re
3630 4487 3754 4559 ipsa
3786 4490 3843 4533 ⁸ο

2204 4586 2540 4642 substantia
2596 4584 3014 4658 negotii,dum
3069 4585 3119 4641 is
3172 4584 3356 4641 tiliam
3406 4577 3759 4651 despondere
3786 4579 3840 4622 se

2204 4691 2372 4730 suam
2402 4675 2656 4731 credidit
2688 4673 2902 4731 minori
2957 4675 3194 4747 quidem
3256 4674 3375 4730 filio
3430 4669 3624 4737 cralis,
3655 4669 3837 4747 verunt

2204 4768 2440 4837 Propter
2470 4767 2742 4822 morbum
2778 4743 3166 4821 incura-bilem
3203 4764 3444 4835 majoris
3471 4754 3677 4817 haeredi
3699 4743 3838 4807 haud

2204 4854 2384 4910 dubio
2425 4859 2481 4910 et
2520 4855 2851 4910 successori
2885 4853 3189 4925 designato
3222 4852 3383 4925 regni
3417 4847 3651 4907 Serbize.
3683 4839 3835 4896 Νυοο

2207 4951 2403 4999 autem
2449 4943 2888 5015 intelligebatur
2932 4959 3001 4998 ex
3049 4941 3281 5014 Georgii
3314 4936 3685 4998 sermonibus
3706 4935 3841 4981 vana

2208 5033 2309 5089 illa
2340 5034 2545 5100 fuisse,
2580 5050 2708 5104 quae
2749 5032 2976 5103 jactata
3006 5032 3241 5087 fuerant
3281 5032 3351 5087 de
3386 5031 3565 5087 fracto
3598 5030 3756 5079 crure
3783 5023 3840 5109 ῑξο

2206 5124 2517 5195 desperata
2545 5121 2880 5178 valetudine
2912 5121 3317 5194 primogeniti,
3351 5118 3450 5192 qui
3485 5115 3662 5171 ﬁliam
3704 5112 3840 5195 τεειεῖ

2213 5212 2532 5268 Pannonias
2564 5212 2625 5267 in
2658 5211 3041 5267 matrimonio
3069 5211 3347 5267 habebat.
3397 5212 3477 5263 De
3520 5196 3736 5260 ceteris
3775 5183 3837 5244 ad

2208 5319 2329 5358 rem
2364 5319 2494 5375 quae
2517 5301 2803 5374 agebatur
2832 5300 3264 5373 spectantibus,
3296 5299 3449 5356 idem
3492 5290 3837 5375 legatusnon

2208 5374 2411 5449 minus
2444 5392 2751 5464 inopinata
2780 5396 2837 5448 et
2859 5392 3152 5463 ambigua
3175 5390 3417 5459 ferebat,
3445 5385 3558 5443 alia
3576 5374 3840 5468 quaedeva

2208 5498 2463 5553 quorum
2500 5462 2661 5536 nulla
2692 5488 2813 5537 erat
2856 5462 3120 5552 unquam
3172 5480 3375 5535 audita
3431 5474 3591 5549 prius
3622 5462 3838 5553 mentis),

2206 5586 2567 5643 proponens,
2612 5571 3016 5641 circuitusque
3047 5569 3213 5626 vafre
3246 5573 3511 5642 captans,
3565 5543 3839 5645 eaquejl"

2207 5639 2425 5733 quibus
2457 5663 2611 5716 certo
2643 5639 2995 5716 convenerat
3041 5663 3236 5716 astuto
3267 5639 3566 5715 involvens
3608 5639 3835 5733 silentio:

2206 5719 2343 5819 ῥυω
2375 5747 2576 5806 omnia
2606 5748 2963 5806 mirantibus
2994 5749 3218 5806 nostris
3276 5744 3457 5805 simul
3483 5719 3836 5799 occurrebant
