4080 6388
343 384 457 439 805

1414 382 1511 435 DE
1548 380 1922 437 MICHAELE
1960 382 2406 443 PALEOLOGO
2444 389 2579 444 LIB.
2621 390 2691 442 V.

3660 387 3769 444 806

338 504 539 581 ἀπῳδά
592 526 653 562 τε
709 502 798 560 καὶ
858 502 1046 566 ἄλλως
1100 506 1290 578 σαθρά.
1346 502 1544 560 ἐκεῖνοι
1613 506 1713 581 γὰρ
1781 506 1870 561 καὶ
1921 507 1995 568 ὡς
2024 513 2077 579 Α⁹
2108 510 2208 581 γᾶς
2264 511 2590 587 γνωρίζουσι
2624 512 2720 585 μὲν
2758 512 2823 567 τὸ
2874 512 3142 588 πραχθὲν,
3178 514 3402 582 ζητοῦσι
3431 509 3488 566 δὲ
3517 510 3643 574 τοὺς
3680 510 3770 567 δε-

340 596 575 673 ὂίρξοντα
633 594 767 667 μετὰ
812 595 903 649 τὸν
959 593 1165 668 πατέρα
1218 593 1295 657 εἷς
1342 592 1512 662 κῆδος
1566 596 1858 669 προσίεντο
1910 597 2001 650 τὸν

344 687 610 755 υἱὸν,τοῦ
641 685 913 757 προτέρου
950 687 1059 737 τῶν
1106 680 1314 736 παίδων
1371 683 1645 762 Στεφάνου
1693 687 1754 739 τὸ
1810 684 2003 747 σκέλος

342 775 677 851 κατεαγότος
730 774 821 828 καὶ
885 774 1000 848 βίον
1063 778 1268 842 ζῶντος
1300 775 1643 849 ἀπράγμονα·
1686 778 1711 830 ὁ
1761 774 1819 830 δὲ
1877 774 2005 830 ἄλλ’

344 866 478 922 ἄττα
508 863 696 936 κύκλῳ
734 858 1209 938 περιϐαλλόμενος
1258 865 1325 917 τὰ
1357 864 1771 940 ὡμολογημένα
1794 864 2005 933 ἐπηλυ-

346 958 567 1031 γάζετο.
603 954 687 1010 Τὰ
716 949 763 1007 δ’
796 951 874 1014 εἷς
905 954 1004 1021 τὴν
1053 950 1176 1007 ὁδὸν
1234 950 1474 1027 δυσχερῆ
1531 975 1589 1008 τε
1644 951 1855 1020 ἄλλως,
1916 953 2004 1008 καὶ

345 1046 421 1108 ὡς
483 1044 648 1106 αὐτὸς
697 1040 903 1096 ἐδείκνυ
963 1042 1296 1115 ζημιωθείς.
1356 1046 1522 1100 Ἠσαν
1580 1041 1626 1098 δ’
1684 1044 1783 1099 ἀνὰ
1845 1044 2009 1119 μέρος

344 1133 436 1190 καὶ
468 1134 521 1187 οἱ
553 1131 677 1205 περὶ
723 1132 815 1185 τὸν
872 1129 1271 1205 χαρτοούλακα
1319 1134 1395 1206 (αἱ
1425 1134 1525 1209 γὰρ
1569 1141 1667 1202 τῆς
1716 1132 2005 1203 δεσποίνης

345 1220 713 1299 παραγγελίαι
745 1219 835 1275 καὶ
867 1221 1115 1290 ἀξιώσεις
1165 1219 1333 1275 δειναὶ
1386 1221 1463 1283 εἴς
1519 1223 1581 1277 τὸ
1639 1228 1812 1277 ποιεῖν
1867 1221 2005 1277 ἐκεί-

345 1336 452 1369 νων
502 1310 833 1390 φροντίζειν,
866 1311 1040 1373 οὕτως
1089 1309 1294 1386 ἰδόντα)
1340 1312 1676 1375 ἐπικλῶντες
1727 1316 1823 1377 τὰς
1868 1334 2005 1387 προ-

345 1401 545 1476 θυμίας
574 1405 656 1473 τῷ
686 1401 1007 1474 πατριάρχη
1038 1401 1131 1454 καὶ
1162 1406 1278 1462 τοῖς
1310 1398 1599 1475 ἄρχουσιν,
1630 1404 1716 1475 [Ρ.
1747 1405 1873 1476 241]
1925 1402 2006 1479 ἐφ’

349 1491 397 1564 ᾧ
452 1491 528 1564 μή
559 1490 728 1546 πλέον
762 1484 1059 1564 προϐῆναι’
1124 1488 1266 1563 μηδὲ
1322 1492 1428 1567 γὰρ
1484 1490 1683 1546 ἀνυστὰ
1738 1493 1826 1546 καὶ
1887 1491 2007 1547 ἐπι-

346 1577 598 1636 κίνδυνα.
659 1578 849 1640 Οὕτως
882 1578 1122 1654 ἐχόντων
1154 1579 1357 1655 γίνεταί
1412 1601 1465 1634 τι
1495 1581 1585 1634 καὶ
1633 1579 1778 1636 ἄλλο
1812 1578 2005 1654 δεινὸν,

350 1670 380 1723 ’ὀ
412 1666 480 1737 δὴ
531 1667 623 1723 καὶ
657 1668 733 1730 εἷς
788 1667 1021 1743 ὑποψίαν
1058 1663 1328 1741 ἐμϐάλλει
1373 1674 1511 1746 σφᾶς
1554 1673 1652 1724 τοῦ
1698 1669 1789 1724 καὶ
1836 1671 2007 1746 πρόσ-

349 1760 437 1813 θεν
496 1757 679 1820 ὶόντας
739 1760 925 1812 παθεῖν
985 1759 1053 1813 τὰ
1105 1757 1379 1833 χείριστα.
1432 1759 1499 1816 Οἳ
1532 1759 1636 1836 γὰρ
1682 1760 1780 1829 τήν
1816 1762 2005 1837 χώραν

2114 595 2409 671 δρακότας,
2470 601 2653 658 Ἀλλά
2706 607 2928 673 ζητοῦσι
2994 603 3227 674 μάταιος
3284 605 3349 671 ἦν
3408 605 3441 671 ἡ
3504 599 3764 672 σπουδή·

2114 688 2237 745 οὔτε
2285 692 2386 766 γὰρ
2437 693 2585 767 εἶχον
2641 698 2827 765 μαθεῖν
2883 697 3012 767 παρ’
3056 692 3270 747 ἐκείνων
3304 692 3431 754 τοὺς
3482 694 3771 767 σφετέρους

2112 776 2502 848 ἐπειλυόντων,
2544 782 2633 835 καὶ
2678 783 2737 836 τὸ
2796 780 3097 856 δραστικῶς
3149 780 3411 852 ἐξετάζειν
3456 781 3545 835 καὶ
3609 782 3769 835 ἀπαιο

2110 874 2221 923 τεῖν
2281 870 2342 924 οὐ
2404 874 2717 946 συνήνεγκε,
2782 874 2857 944 μὴ
2919 870 3008 926 καί
3058 870 3227 925 πλέον
3284 866 3645 943 ἐπισυμϐαίη,
3679 870 3769 923 ἀν-

2115 959 2356 1029 θρώποις
2392 960 2485 1033 μὲν
2514 966 2613 1028 τήν
2650 958 2818 1029 ἰδέαν,
2847 960 3063 1035 θηρίοις
3096 958 3153 1015 δὲ
3180 960 3273 1014 τὸν
3322 961 3524 1032 τρόπον
3553 979 3771 1034 παρεμ-

2112 1047 2409 1104 πεσόντων.
2461 1051 2656 1122 ’Όμως
2698 1054 2816 1110 τοῖς
2859 1050 3079 1104 ἐκείνων
3136 1045 3373 1124 ἄρχουσι
3422 1049 3771 1124 χρησάμενοι

2114 1137 2189 1200 εἷς
2227 1140 2480 1214 βοήθειαν
2531 1139 2699 1213 (μηδὲ
2746 1141 2847 1216 γὰρ
2899 1138 3047 1215 ἔχειν
3105 1139 3255 1202 ὅπως
3304 1140 3395 1194 καὶ
3454 1142 3768 1212 κινηθεῖεν),

2112 1233 2219 1282 τῶν
2261 1230 2587 1301 κρειττόνων
2628 1228 2816 1284 ’ίππων
2872 1226 3247 1285 ἀπολωλότων
3310 1228 3770 1302 ἆντισηκουμενοι

2113 1324 2233 1380 τοῖς
2261 1326 2361 1388 τῆς
2396 1320 2583 1395 χώρας
2628 1319 2727 1373 οὐκ
2772 1318 2853 1373 ἐπ’
2904 1317 3053 1389 ἴσων,
3108 1316 3236 1373 ἀλλ’
3287 1315 3408 1373 οὐδ’
3438 1317 3620 1394 ἐγγὺς,
3676 1338 3770 1390 με-

2112 1410 2450 1465 ταναστεόειν
2499 1410 2576 1472 sic
2627 1407 2915 1465 τοῦπισθεν
2969 1404 3349 1465 ἐϐουλεύοντο.
3403 1409 3507 1465 Καὶ
3554 1406 3620 1477 δὴ
3675 1406 3771 1462 δο-

2115 1499 2279 1571 ξάσης
2309 1506 2409 1568 τῆς
2443 1498 2651 1574 βουλῆς
2685 1501 2887 1573 ἀγαθῆς
2942 1499 3030 1553 καὶ
3095 1496 3456 1567 συνοισοόσης
3506 1496 3673 1553 πλέον
3733 1495 3769 1564 ἢ

2120 1588 2227 1660 μὴν
2287 1587 2631 1664 βλαψούσης,
2664 1586 2914 1664 πρύμναν
2968 1607 3027 1641 τε
3074 1585 3386 1661 κρούονται,
3426 1585 3488 1639 τὸ
3544 1589 3643 1640 τοῦ
3675 1583 3771 1639 λό·

2112 1696 2232 1749 γου,
2291 1675 2379 1731 καὶ
2436 1681 2555 1739 τοῖς
2613 1671 2829 1739 ὄπισθεν
2891 1672 3327 1747 ἐπεκτεινόμενοι
3376 1669 3774 1747 ἔωςἊχρίδας

2115 1761 2301 1835 ᾔεσαν.
2360 1766 2597 1829 Ἐκεῖθεν
2659 1762 2717 1819 δὲ
2774 1764 2986 1836 σύναιμα
3036 1766 3105 1837 τῇ
3169 1759 3411 1838 βασιλίδι
3445 1760 3774 1816 Θεσσαλονί-

351 1848 700 1922 ἐπῳκημένοι
757 1847 894 1903 κατὰ
953 1847 1147 1922 στίχας
1210 1846 1374 1909 ἶόντες
1431 1848 1713 1925 ἐφίσταντο
1761 1852 2007 1923 καθημέ-
2039 1875 2216 1951 Βκης
2248 1848 2553 1921 ἐπιϐάντες,
2599 1851 2767 1924 κῆδος
2800 1852 2974 1907 ἐκεῖνο
3026 1852 3117 1907 καὶ
3167 1853 3439 1921 συνθήκας
3499 1851 3589 1905 καὶ
3648 1871 3774 1904 συν-

357 1959 474 2000 νοις
504 1937 806 2006 πολλάκις,
850 1937 941 1992 καὶ
974 1938 1157 2012 ἑώρων
1192 1937 1265 1999 ὡς
1316 1935 1547 1993 ἄλλοθέν
1599 1959 1704 1993 που
1751 1939 2008 2009 ἥκοντας.

358 2027 508 2105 σφίσι
540 2024 586 2082 δ’
617 2026 683 2095 ἦν
746 2026 949 2088 σκοπὸς
984 2031 1315 2102 παρατηρεῖν
1356 2029 1424 2081 τὰ
1456 2026 1695 2082 ἐκείνωνι
1730 2027 1809 2107 ἐφ’
1858 2031 2008 2105 ᾧπερ

356 2116 450 2173 καὶ
504 2117 697 2179 νυκτὸς
758 2114 1080 2178 ἐπελθόντες
1137 2114 1452 2186 συλήσειαν.
1513 2119 1581 2174 Ὅ
1642 2116 1707 2187 δὴ
1770 2118 1858 2173 καὶ
1895 2121 2010 2192 μετ’

359 2204 549 2282 ὀλίγον
600 2201 864 2279 λαμϐάνει
922 2203 1102 2269 τέλος*
1147 2205 1341 2268 νυκτὸς
1384 2206 1482 2280 γὰρ
1533 2205 1776 2271 ἐπιόντες
1816 2208 2012 2287 ἀψόφῳ

355 2292 489 2352 ποδι
535 2294 666 2359 τοὺς
717 2293 936 2351 ἐκείνων
977 2292 1185 2357 ’ίππους
1232 2295 1460 2362 συλῶσι,
1509 2295 1661 2370 καὶῇ
1701 2294 1885 2352 ποδῶν
1934 2299 2012 2353 εἶ-

354 2404 486 2463 χον,
519 2385 860 2455 ἀφανίζουσιν
894 2385 1114 2448 ἑαυτούς
1190 2385 1253 2439 Οἱ
1302 2382 1347 2439 δ’
1398 2386 1493 2459 ἅμ’
1540 2383 1615 2459 ἕῳ
1660 2387 1750 2442 καὶ
1797 2389 1887 2444 ὑπ’
1914 2388 2013 2444 αὖ-

353 2605 618 2679 pericula
648 2606 873 2662 infeste
919 2604 1248 2661 latrociniis
1303 2605 1431 2673 VitB,
1492 2623 1624 2679 qua:
1671 2622 1846 2677 quam
1892 2622 2010 2661 non

355 2696 486 2754 sine
516 2712 697 2752 causa
725 2694 1233 2765 timerentur,ipse
1250 2694 1479 2767 legatus
1500 2712 1609 2751 sua
1630 2697 1757 2767 ejus
1778 2696 2012 2767 generis

353 2802 561 2842 recens
591 2789 831 2857 accepta
854 2784 1069 2839 damna
1095 2800 1563 2842 commemorans
1589 2784 1818 2857 plenam
1838 2785 2011 2841 facie-

352 2875 458 2930 bat
484 2874 685 2929 ﬁdem.
719 2873 949 2928 Partem
984 2873 1162 2928 etiam
1190 2876 1611 2941 momenti,nec
1641 2889 1767 2927 eam
1804 2873 2007 2943 levem,

359 2964 432 3019 ad
459 2979 670 3019 novum
707 2960 1131 3017 inclinantibus
1164 2961 1479 3017 consilium
1534 2962 1848 3030 addebant,
1881 2978 2012 3034 quae

361 3051 779 3125 chartophylax
808 3067 1002 3107 coram
1041 3059 1345 3123 perspecta
1377 3051 1656 3107 retulerat
1701 3053 1771 3108 de
1824 3053 2009 3108 sordi-

364 3141 477 3197 bus
508 3147 564 3197 et
604 3141 844 3198 miseria
892 3141 1217 3196 domestica
1273 3142 1427 3214 regis
1472 3142 1710 3210 Serbire,
1769 3158 2012 3213 quaeque

360 3230 515 3288 idem
542 3232 653 3287 sibi
679 3231 844 3286 enixe
868 3231 1277 3286 commendata
1298 3231 1523 3287 dicebat
1546 3232 1617 3286 ab
1653 3234 1919 3304 Augusta
1942 3232 2012 3287 de

357 3320 773 3393 prospiciendo
806 3319 1079 3391 dignitati
1110 3336 1176 3374 ac
1225 3320 1551 3376 commodis
1600 3320 1754 3389 ﬁlim,
1809 3337 2010 3393 quam,

365 3410 451 3466 uti
485 3427 547 3466 se
569 3426 662 3465 res
694 3408 1011 3476 habebant,
1047 3408 1421 3465 manifestum
1458 3414 1603 3476 erat,
1636 3411 1679 3465 si
1733 3410 2011 3482 perduce-

363 3503 526 3555 retur
555 3514 671 3570 quo
705 3497 1101 3563 intenderant,
1128 3514 1242 3553 non
1294 3497 1352 3553 in
1402 3514 1649 3570 regnum
1701 3504 1803 3554 aut
1849 3498 2014 3571 regni

352 3604 543 3660 spem,
580 3588 682 3643 sed
717 3587 775 3642 in
810 3586 1151 3642 servitutem
1201 3588 1520 3643 transcribi
1579 3588 2011 3644 tristissimam.

356 3678 486 3733 Haec
508 3675 852 3749 patriarchas
876 3693 942 3731 ac
965 3676 1211 3747 reliquis
1239 3677 1296 3730 in
1327 3693 1393 3731 eo
1412 3677 1693 3732 comitatu
1720 3678 2015 3748 praecipua

357 3766 647 3840 dignitate
680 3765 1016 3837 conspicuis
1046 3783 1278 3821 omnem
1306 3766 2014 3838 infringebantimpetum

352 3856 606 3912 ulterius
638 3853 939 3927 pergendi,
974 3855 1176 3925 utique
1204 3855 1614 3926 reputantibus
1639 3854 1868 3910 nullum
1901 3871 2014 3910 cne-

357 3951 596 4017 ptorum
618 3946 996 4000 commodum
1017 3949 1119 3999 aut
1142 3943 1351 4000 saltem
1374 3944 1738 4000 tolerabilem
1768 3947 2015 4012 exitum,

365 4035 598 4092 nullum
632 4034 822 4106 longae
840 4051 906 4089 ac
932 4033 1237 4089 laboriosae
1260 4034 1362 4088 viae
1384 4034 1639 4089 fructum
1656 4035 2015 4105 sperandum

358 4140 662 4198 apparere.
696 4124 778 4179 Ne
808 4124 991 4196 pactis
1026 4122 1257 4194 quidem
1294 4124 1473 4178 videri
1508 4124 1891 4179 constitutam
1949 4124 2017 4177 fi—

361 4216 520 4282 dem,
546 4216 596 4271 si
630 4213 831 4269 futura
863 4230 893 4269 e
926 4213 1315 4285 praesentibus
1365 4212 1815 4269 aestimarentur.
1868 4212 2016 4279 Quid

354 4304 543 4376 igitur
563 4303 837 4359 attineret
859 4302 916 4357 in
938 4301 1286 4373 ambiguum
1307 4306 1363 4357 et
1385 4302 1642 4374 obliquis
1656 4302 2020 4358 anfractibus

360 4393 675 4450 confusum
710 4392 1013 4464 negotium
1045 4391 1205 4446 velut
1235 4392 1295 4446 in
1319 4408 1537 4447 caecum
1562 4392 2021 4464 perplexumque

356 4481 763 4555 labyrinthum
819 4497 948 4537 sese
980 4480 1161 4536 altius
1209 4484 1266 4534 et
1297 4480 1739 4537 irrevocabilius
1772 4482 2018 4536 immero

356 4576 580 4644 gere,et
610 4588 724 4626 non
746 4572 945 4642 potius
965 4569 1331 4640 deprehensa
1351 4570 1439 4625 vel
1470 4587 1600 4625 sera
1628 4572 1783 4628 354
1816 4572 2020 4626 fraude

2124 1942 2452 2019 αλλάγματα
2498 1944 2626 2018 παρ’
2675 1941 2830 1999 οὐδὲν
2891 1943 3135 2015 θέμενοι,
3187 1941 3324 2015 πρὸς
3385 1937 3613 2016 βασιλέα
3673 1939 3773 1994 ὑπ-

2121 2027 2374 2109 έστρεφον
2385 2076 2397 2091 .

2122 2141 2192 2210 η’.
2241 2140 2326 2196 Τὰ
2364 2141 2501 2194 κατᾶ
2545 2139 2638 2194 τὸν
2691 2137 2836 2215 ῥῖνίγιει¹
2878 2135 3188 2215 Καρουλον,
3237 2135 3328 2190 καὶ
3378 2133 3529 2197 ὅπως
3574 2132 3775 2190 στόλον

2797 2208 3104 2281 ἐξηρτύετο.

2197 2301 2277 2372 [Ρ.
2310 2302 2437 2374 242]
2468 2299 2605 2354 Τότε
2639 2297 2819 2354 τοίνυν
2868 2297 3004 2371 μετὰ
3049 2294 3238 2370 καιρὸν
3287 2293 3378 2349 καὶ
3424 2294 3494 2350 τὰ
3542 2292 3663 2368 περὶ
3713 2293 3779 2349 τὸ

2124 2389 2431 2466 Δυρράχιον
2480 2384 2672 2462 ξυνέϐη
2708 2386 2914 2443 ἐλεεινὰ
2943 2385 3034 2442 καὶ
3065 2383 3257 2461 πλήρη
3310 2380 3581 2459 δακρύων.
3633 2390 3776 2460 Κρο-

2121 2608 2278 2675 runt,
2311 2621 2439 2676 quae
2472 2604 2586 2661 cito
2610 2604 2669 2660 in
2704 2604 2964 2661 dolorem
3005 2606 3258 2663 transiit.
3311 2606 3459 2662 Nam
3516 2622 3631 2661 non
3691 2604 3775 2661 ita

2122 2693 2308 2750 multo
2341 2703 2469 2766 post
2500 2694 2770 2749 nocturni
2795 2700 3166 2767 grassatores
3190 2694 3342 2751 clam
3369 2693 3780 2766 appulsi,pede

2121 2798 2412 2853 suspenso
2443 2800 2680 2839 summa
2710 2801 2851 2840 cura
2885 2786 3172 2857 strepitus
3203 2785 3651 2856 vitandi,equos
3674 2799 3777 2840 no-

2122 2876 2377 2927 strorum
2406 2873 2778 2929 abduxerunt
2824 2882 2879 2929 et
2928 2891 3061 2929 cum
3113 2874 3187 2929 iis
3220 2890 3396 2946 quam
3432 2872 3782 2945 longissime

2122 2962 2417 3033 fugerunt.
2447 2963 2694 3019 Romani
2727 2964 2837 3035 sub
2869 2982 3141 3021 auroram
3177 2964 3330 3020 furto
3372 2964 3570 3035 agnito
3621 2980 3780 3034 qure-

2122 3056 2262 3106 runt
2292 3056 2562 3109 auctores
2592 3053 2750 3120 facti,
2785 3054 2854 3109 de
2880 3054 3066 3109 obviis
3100 3056 3515 3125 percontantes
3563 3052 3775 3124 ecquid

2121 3139 2334 3195 horum
2369 3151 2626 3196 nossent.
2661 3142 2773 3197 Sed
2805 3158 3020 3197 vanum
3055 3140 3276 3197 scilicet
3333 3140 3597 3195 studium
3647 3143 3774 3194 erat

2043 3258 2085 3323 ρ
2125 3228 2322 3284 indicii
2356 3230 2795 3302 testimoniique
2826 3231 3175 3303 corrogandi
3214 3248 3247 3285 a
3275 3229 3531 3285 consciis
3583 3228 3780 3283 furum

2124 3318 2183 3372 in
2217 3335 2357 3372 suos
2390 3318 2652 3390 ipsorum
2676 3318 2988 3391 populares
3018 3320 3347 3390 sociosque,
3400 3333 3653 3390 quorum
3685 3333 3781 3372 ra-

2121 3407 2434 3479 pacitatem
2466 3408 2622 3463 haud
2659 3410 2832 3479 paulo
2867 3406 3157 3462 imitaturi
3190 3406 3467 3462 libentius
3490 3422 3669 3476 quam
3693 3421 3784 3460 ac-

2121 3497 2382 3554 cusaturi
2414 3497 2775 3552 viderentur.
2812 3499 3013 3569 Itaque
3040 3497 3300 3569 prudens
3326 3495 3646 3552 consilium
3672 3494 3785 3549 fuit

2125 3604 2245 3642 rem
2271 3587 2445 3642 istam
2473 3604 2583 3642 non
2622 3587 2871 3642 nimium
2900 3602 3221 3658 urgere,ne
3251 3585 3365 3641 ista
3405 3584 3780 3655 ipsainstan-

2123 3677 2207 3731 tia
2236 3677 2465 3732 irritata
2495 3693 2636 3747 gens
2671 3677 2940 3744 barbara,
2985 3675 3306 3731 belluinam
3352 3675 3640 3729 feritatem
3673 3672 3782 3727 hu-

2126 3782 2301 3820 mana
2331 3765 2528 3820 celans
2545 3765 2758 3837 specie,
2792 3765 2961 3836 pejus
2994 3764 3217 3837 aliquid
3252 3762 3788 3833 funestiusquede-

2126 3854 2632 3926 signaret.'[‘amen
2669 3871 2739 3908 ne
2772 3854 2915 3925 quid
2960 3854 3314 3909 intentatum
3361 3852 3782 3922 relinquerent,

2126 3944 2509 4012 magistratus
2540 3942 2797 3997 locorum
2832 3942 3124 4009 adierunt,
3175 3946 3452 4013 rogantes
3494 3944 3559 3995 ut
3596 3955 3781 4011 equos

2127 4032 2236 4089 sibi
2274 4031 2503 4087 restitui
2534 4035 2830 4097 curarent,
2865 4030 2994 4085 sine
3044 4030 3261 4101 quibus
3308 4029 3655 4084 institutum
3705 4028 3779 4083 ad

2126 4138 2319 4192 regem
2354 4121 2615 4191 ipsorum
2648 4119 2759 4175 iter
2788 4118 3066 4190 perficere
3098 4118 3431 4189 nequirent,
3463 4115 3681 4170 Verum
3709 4114 3783 4171 ab

2128 4211 2218 4267 his
2252 4210 2372 4265 nihi
2408 4208 2565 4265 aliud
2591 4207 2894 4279 impetrari
2930 4207 3119 4279 potuit
3150 4206 3262 4262 nisi
3294 4210 3360 4262 ut
3408 4221 3591 4277 equos
3636 4205 3785 4275 ipsis

2130 4300 2386 4371 regionis
2418 4299 2568 4369 ejus,
2597 4297 2761 4353 nulla
2792 4303 2955 4368 parte
2986 4313 3119 4352 cum
3145 4294 3383 4350 amissis
3414 4292 3784 4364 comparabi-

2128 4387 2236 4454 les,
2268 4388 2564 4443 offerrent.
2598 4388 2732 4451 Quae
2781 4387 3047 4441 videntes
3100 4385 3286 4440 nostri
3338 4385 3411 4439 ad
3465 4380 3783 4438 consilium

2131 4479 2368 4533 tandem
2399 4477 2456 4533 in
2492 4494 2749 4548 proram,
2783 4477 2933 4533 355
2984 4477 3137 4546 quod
3172 4475 3362 4541 aiunt,
3398 4469 3785 4527 incumbendi

2132 4568 2585 4639 reﬂectendique
2616 4574 2769 4622 retro
2804 4566 3031 4622 itineris
3081 4563 3369 4637 compulsi
3412 4566 3571 4619 sunt.
3621 4560 3790 4616 Refe-

360 4660 569 4731 pedem
602 4658 804 4715 statim
830 4659 1066 4727 referre,
1098 4658 1459 4729 tandemque
1508 4658 1738 4730 imperii
1790 4659 2019 4726 honori,
2053 4649 2102 4711 D
2132 4662 2328 4713 rentes
2360 4674 2497 4728 ergo
2529 4658 2733 4727 pedem
2763 4672 2940 4727 quam
2972 4655 3229 4711 maxima
3251 4652 3555 4709 velocitate
3579 4650 3639 4704 in
3663 4654 3789 4705 tan-

359 4748 754 4820 imperalorizs
785 4747 1030 4818 virginis
1067 4745 1653 4818 dignitatisalutique
1685 4748 2023 4804 consulere?

358 4837 523 4894 Talia
544 4837 666 4893 illis
684 4836 1152 4893 deliberantibus
1170 4840 1227 4889 et
1243 4835 1437 4891 adhuc
1453 4838 1759 4892 sententia:
1781 4836 2020 4893 incertis

358 4926 699 4998 supervenit
729 4926 1061 4997 quidpiam,
1087 4941 1201 4996 quo
1235 4926 1605 4996 suspiciones
1629 4926 1687 4981 in
1718 4930 1939 4982 metum
1964 4932 2023 4981 et

363 5016 866 5088 exspectationem
897 5018 1273 5070 verterentur
1293 5020 1513 5071 certam
1537 5032 1713 5088 grave
1736 5016 2019 5087 quiddam

363 5111 422 5161 et
451 5105 682 5161 exitiale
714 5103 994 5177 patiendi,
1030 5103 1080 5159 si
1123 5121 1295 5175 porro
1344 5110 1672 5177 pergerent,
1725 5106 2021 5177 siquidem

363 5194 565 5249 incola:
594 5193 853 5263 regionis
886 5209 989 5262 per
1019 5195 1246 5247 turmas
1275 5194 1618 5249 accedentes
1661 5195 2021 5250 recedentes-

361 5281 603 5353 que,ubi
622 5281 887 5336 cominus
906 5285 1257 5351 aspexerant
1279 5280 1521 5338 minime
1537 5282 1816 5338 familiari
1832 5283 2018 5350 vultu,

359 5387 427 5426 ac
460 5371 544 5426 sic
576 5369 834 5443 speciem
872 5370 1203 5441 prmbentes
1246 5373 1512 5427 euntium
1548 5378 2022 5446 praeoccupatum

356 5459 590 5517 insidiis
624 5460 839 5526 locum,
877 5460 1031 5514 unde
1078 5463 1254 5514 noctu
1305 5467 1686 5534 erumpentes
1732 5463 2021 5534 impetum

358 5550 621 5605 facerent
652 5549 713 5604 in
746 5548 1108 5620 peregrinos,
1155 5565 1409 5620 quorum
1460 5556 1571 5606 iter
1615 5552 2025 5623 explorassent

359 5642 418 5695 et
447 5654 626 5710 quam
658 5636 913 5693 multum
961 5638 1165 5709 predze
1217 5638 1518 5697 traherent
1576 5642 1847 5712 praesenti
1888 5660 2023 5699 con-

364 5731 569 5800 spectu
602 5728 1036 5798 ohservassent,
1070 5727 1448 5786 formidinem
1482 5729 1699 5787 nostris
1750 5732 2021 5790 admove-

2129 4749 2205 4804 tis
2237 4747 2688 4802 difficultatibus
2715 4746 2905 4812 licuit,
2944 4744 3256 4799 Achridam
3311 4758 3373 4797 se
3417 4743 3788 4811 receperunt,

2130 4837 2330 4908 ibique
2361 4841 2723 4906 resumptam
2760 4836 2979 4906 regiam
3002 4833 3286 4905 virginem
3308 4826 3789 4885 Thessalonicam

2130 4926 2513 4991 deducentes,
2545 4925 2684 4980 inde
2714 4923 2936 4980 omissa
2966 4923 3081 4993 iam
3113 4922 3274 4975 omni
3306 4916 3659 4990 cogitatione
3690 4916 3786 4971 in-

2132 5015 2323 5086 dignae
2353 5031 2417 5072 ac
2448 5013 2792 5087 perniciosae
2824 5010 3134 5067 afﬁnitatis
3167 5010 3237 5065 ad
3262 5009 3678 5080 imperatorem
3704 5021 3789 5061 re-

2132 5104 2391 5159 dierunt.

2128 5249 2184 5303 7.
2203 5249 2276 5304 De
2306 5248 2655 5319 Dirrhachz‘o,
2689 5252 2740 5302 et
2771 5246 2839 5304 de
2871 5252 3187 5302 terra'motu
3219 5259 3323 5316 quo
3357 5244 3435 5300 est
3464 5241 3566 5298 illa
3592 5239 3792 5297 civitas

2844 5334 3053 5375 eversa.

2203 5466 2367 5521 Circa
2384 5465 2493 5520 hoc
2524 5468 2756 5536 tempus
2789 5469 2892 5519 aut
2922 5461 3095 5535 paulo
3121 5464 3254 5534 post
3271 5458 3518 5531 contigit
3541 5458 3786 5513 misera-

2131 5555 2271 5611 bilis
2301 5560 2358 5610 et
2388 5554 2651 5611 omnium
2686 5553 2865 5625 digna
2897 5552 3172 5625 lacrymis
3195 5547 3644 5625 Dyrrachiensis
3671 5543 3789 5600 cla-

2131 5644 2420 5712 des,huno
2454 5645 2634 5699 ferme
2666 5642 2724 5697 in
2756 5644 3025 5699 modum.
3057 5645 3257 5697 Mense
3304 5639 3545 5693 ineunte
3577 5633 3788 5690 Martio

2131 5734 2331 5791 sonori
2363 5751 2394 5791 e
2424 5737 2579 5790 terra
2599 5733 2863 5806 fragores
2886 5732 3230 5788 increbuere
3250 5728 3311 5784 in
3331 5727 3649 5797 strepitum
3671 5722 3791 5807 fere
