4080 6386
370 397 473 452 807

1678 386 1977 441 GEORGII
2016 386 2311 440 PACHYM
2320 386 2482 439 ΕΗΒ

3685 376 3804 433 808

362 520 476 575 νίου
505 521 605 595 γὰρ
650 516 935 577 ἐνστάντος
974 514 1146 587 μηνὸς
1197 512 1485 581 ἀσυνήθεις
1544 509 1713 585 ψόφοι
1769 508 1870 575 τὴν
1920 514 2023 583 γῆν
2057 515 2103 578 Α
2137 507 2276 562 κατά
2303 526 2421 561 τινα
2450 504 2627 579 τύχην
2678 502 3044 574 ἐπιπεσούσης
3096 502 3277 574 ἄλλης
3325 496 3803 575 συνελαμϐάνετο.

365 594 654 684 ἐτάρασσον
686 609 954 680 συνεχῶς,
1002 602 1092 663 οὓς
1126 600 1191 671 δὴ
1249 598 1526 676 βοασμοὺς
1572 596 1914 670 κοινολογῶν
1950 594 2025 650 εἷ’-

365 720 459 752 ποι
512 719 616 769 τις,
676 696 763 750 καὶ
806 692 970 763 δῆλοι
1030 693 1165 759 ἦσαν
1197 689 1556 761 σημαίνοντες
1607 686 1756 741 ἐπιὸν
1801 684 2021 760 ἐγγύθεν

367 788 552 842 κακόν.
610 788 752 846 Μιᾶς
806 787 930 858 γοῦν
984 781 1194 853 ἡμέρας
1227 779 1314 832 καὶ
1350 778 1737 852 συνεχέστερον
1773 774 2021 848 ἐπήχουν

369 879 422 931 οἱ
452 876 638 949 κρότοι
671 874 760 927 καὶ
797 878 980 943 μεῖζον
1015 869 1048 938 ἢ
1108 868 1397 942 πρότερονσ
1455 869 1589 922 Τοῖ)
1626 866 1719 937 μὲν
1782 865 1871 917 οὖν
1926 861 2022 934 ἐμ-

366 970 603 1020 πεσοῦσα
662 961 840 1016 δειλία
896 957 997 1030 ἕξω
1041 979 1146 1013 που
1195 961 1468 1012 κατοικεῖν
1514 960 1610 1009 τοῦ
1643 953 1829 1017 ἄστεος
1876 951 2024 1006 ἔπει-

367 1067 475 1124 θεν,
536 1053 610 1113 ὡς
671 1051 715 1105 εί
749 1048 919 1103 πλέον
949 1045 1172 1123 γένηται
1224 1045 1587 1118 ἀλυξείουσιν.
1623 1041 1804 1098 Ἀλλά
1832 1042 1923 1111 νὺξ
1953 1041 2019 1109 ἦν

365 1140 719 1216 ἐπιγινομένη
786 1143 903 1199 τοῖς
964 1140 1253 1211 ἡμερινοῖς
1311 1134 1535 1206 ἐκείνηοις
1594 1127 1873 1206 θορύϐοις,
1928 1130 2020 1185 καὶ

360 1232 584 1302 σεισμὸς
643 1227 901 1300 ἐμπίπτει
977 1226 1144 1301 βαρὺς
1211 1225 1301 1279 καὶ
1359 1228 1465 1278 τῶν
1526 1219 2016 1295 μνημονευομένων

361 1320 581 1392 μείζων.
614 1320 717 1374 Ἦν
751 1315 797 1371 δ’
847 1315 1052 1376 ἐκεῖνος
1086 1313 1147 1368 ού
1179 1312 1409 1386 τρόμος,
1467 1312 1541 1373 ὡς
1601 1308 1661 1364 ἄν
1714 1331 1798 1373 τις
1850 1308 2017 1376 εἷ’ποι,

350 1415 452 1483 γῆς
480 1408 616 1462 κατᾶ
644 1407 706 1461 τὸ
766 1404 992 1479 λέχριον
1046 1403 1402 1474 κινουμένης,
1460 1398 1606 1455 ἀλλά
1664 1399 1801 1454 κατά
1851 1419 2018 1475 σφυγ-

351 1498 490 1568 μοὺς
546 1495 928 1568 ἀνατιναγμὸς,
984 1494 1057 1555 ὡς
1109 1491 1161 1546 ἐν
1222 1492 1413 1566 ἀκαρεῖ
1470 1494 1643 1543 πᾶσαν
1691 1490 1788 1558 τὴν
1848 1486 2012 1543 πόλιν

349 1584 557 1655 ἐκείνην
638 1584 697 1639 ἐκ
772 1582 1041 1655 θεμελίων
1120 1582 1489 1655 ἀνατραπῆναι
1548 1579 1637 1633 καὶ
1699 1583 1874 1633 πεσεῖν
1935 1578 2014 1640 εἷς

345 1672 637 1747 τοῦδαφος.
698 1673 853 1730 Οἶκοι
889 1670 937 1726 δ’
966 1672 1161 1725 ἐκεῖνοι
1213 1670 1301 1724 καὶ
1355 1671 1667 1729 ἀναστάσεις
1698 1668 2013 1739 κτισμάτων

354 1761 496 1836 μηδὲ
550 1763 613 1817 τὸ
671 1760 849 1836 βραχὺ
894 1760 1243 1835 ἀντισχόντες
1292 1755 1594 1813 ἐνεδίδοσαν
1648 1756 1739 1811 καὶ
1780 1758 2008 1810 κατέπι-

348 1873 503 1922 πτον,
537 1845 1147 1923 ἐναπολαμϐανομενων
1175 1848 1321 1907 ἐντὸς
1350 1852 1457 1902 τῶν
1491 1845 1815 1921 ἀνθρώπων,
1842 1843 2007 1917 μηδε-
2035 1874 2081 1939 Β

344 1942 433 2004 νὸς
487 1937 712 2015 ἔχοντος
775 1937 1107 2016 δπηκφύγοι.
1140 1938 1216 1994 Τὸ
1264 1936 1364 2012 γὰρ
1394 1940 1503 1991 τῶν
1534 1932 2000 2007 οἰκοδομημάτων

348 2030 571 2104 συνεχές
599 2034 666 2103 τῇ
700 2028 913 2083 ἐκείνων
949 2032 1095 2105 φυγῇ
1137 2026 1488 2101 προσίστατο,
1538 2026 1628 2079 καὶ
1682 2022 1880 2095 πολλῷ
1934 2025 1999 2091 ἦν

347 2118 475 2195 ῥᾷον
509 2118 659 2179 ἐντὸς
692 2117 879 2171 οἷ’κιῶν
914 2117 948 2186 ἢ
992 2115 1230 2187 ἐξιόντας
1284 2115 1569 2182 σώζεσθαι,
1620 2111 1769 2182 πλὴν
1817 2111 2005 2167 κάκεί-

343 2228 452 2261 νων
482 2210 757 2270 σωθεισῶν
791 2206 850 2259 ἐκ
894 2206 1114 2279 μέρους·
1171 2200 1295 2257 οὐδὲ
1345 2203 1448 2277 γάρ
1479 2203 1545 2271 ἦν
1575 2200 1699 2271 ἥτις
1732 2202 1821 2255 καὶ
1868 2200 2004 2255 κατά

341 2296 404 2350 τὸ
453 2295 703 2370 ἀκέραιον
766 2292 1056 2368 διεγένετο.
1118 2291 1300 2363 Ἀλλη
1354 2292 1456 2367 γὰρ
1518 2291 1599 2345 ἐπ’
1651 2288 1797 2360 ἄλλη
1851 2291 2001 2344 συνέ-

344 2404 531 2455 πιπτε,
575 2382 666 2438 καὶ
698 2384 725 2438 ὁ
757 2382 960 2454 ταύτης
991 2380 1267 2452 πεσούσης
1314 2380 1406 2435 τὸν
1457 2376 1703 2435 κίνδυνον
1757 2375 2003 2455 ἀποδρὰς

349 2600 718 2669 continuum;
741 2598 944 2671 quales
976 2600 1248 2656 boasmos
1268 2599 1387 2655 sive
1421 2599 1630 2654 beatus
1662 2613 1796 2653 cum
1828 2594 2006 2668 vulgo

346 2689 597 2761 loquens
628 2690 761 2761 quis
794 2689 1024 2744 dixerit.
1061 2689 1126 2744 Hi
1163 2689 1439 2743 nimirum
1483 2688 1637 2743 clare
1686 2685 2005 2741 denuntia-

345 2780 491 2835 bant
519 2778 839 2834 imminens
874 2778 1273 2833 malum.Cum
1307 2778 1391 2833 sic
1407 2776 1752 2849 aliquandiu
1780 2775 2007 2831 inferne

345 2867 656 2939 tonuisset,
683 2872 923 2940 repente
954 2868 1048 2923 die
1080 2868 1335 2939 quadam
1360 2868 1593 2922 acutius
1622 2870 1680 2921 et
1702 2864 2005 2921 continen-

338 2958 785 3014 tiusinsonuere
817 2963 1002 3029 empta
1034 2959 1436 3029 tonitrua,quo
1460 2973 1658 3013 eorum
1683 2958 2002 3026 augmento

345 3046 487 3102 moti
520 3047 757 3119 quidam
796 3047 855 3101 in
891 3047 1263 3102 formidinem
1288 3046 1571 3102 acriorem
1596 3045 1767 3101 tectis
1810 3060 2002 3099 exces-

342 3142 567 3205 serunt,
601 3136 921 3191 diversorio
954 3140 1113 3191 extra
1149 3136 1353 3191 urbem
1389 3134 1650 3206 quaesito,
1678 3139 1744 3189 ut
1776 3133 1823 3189 si
1857 3132 1996 3204 quid

2136 598 2235 653 Καὶ
2297 597 2366 664 ἦν
2416 595 2610 667 ἀθρόον
2648 595 2744 666 μὶν
2784 595 2846 648 τὸ
2898 592 3092 665 δεινὸν,
3143 591 3406 668 δυσχερὲς
3453 590 3511 647 δὲ
3562 591 3597 661 ἢ
3652 591 3807 647 ὥστε

2131 686 2252 739 τινὰ
2283 683 2518 761 φυγόντα
2549 684 2831 751 σώζεσθαι.
2869 681 3110 744 Πολλοῖς
3141 681 3198 737 δὲ
3244 681 3334 736 καὶ
3385 678 3511 755 ὄναρ
3563 678 3797 753 ἐπέστη,

2132 775 2184 829 οἳ
2214 775 2301 827 καὶ
2336 772 2463 847 πρὶν
2514 774 2700 844 μαθεῖν
2742 772 2806 825 τὸ
2856 766 3064 843 συμϐὰν
3116 770 3216 825 οὐκ
3267 770 3496 847 ἔφθανον
3544 768 3800 826 ἀπολλύ-

2135 884 2304 936 μενοι.
2339 859 2605 933 Παιδάρια
2638 858 2696 915 δὲ
2741 859 2831 914 καὶ
2888 859 3060 937 βρέφη
3100 856 3229 931 μηδ’
3260 855 3441 934 ἔχοντ’
3473 858 3673 914 είδέναι
3724 860 3795 914 τὸ

2128 949 2377 1026 χαλεπὸν
2433 956 2550 1011 τοῖς
2617 950 2878 1025 ἐρειπίοις
2938 948 3448 1024 συγκατεπνίγοντο.
3516 952 3801 1011 Τοσοῦτος

2128 1038 2173 1095 δ’
2202 1042 2269 1110 ἧν
2303 1040 2331 1093 ’ὀ
2363 1039 2619 1117 ἐξαίφνης
2655 1038 2861 1099 κτύπος
2909 1038 3000 1092 καὶ
3050 1033 3303 1113 θόρυϐος,
3358 1036 3497 1093 ὥστε
3545 1036 3636 1092 καὶ
3684 1044 3795 1107 τῆς

2126 1128 2404 1199 θαλάσσης
2448 1122 2931 1200 ἀναϐρασσομένης
2999 1121 3189 1200 ἔξωθεν
3241 1126 3373 1188 τοὺς
3432 1126 3796 1201 περιγεγονό-

2122 1240 2217 1283 τας
2251 1221 2525 1290 ὑπονοεῖν,
2559 1218 2667 1293 οὐχ
2698 1218 2847 1280 ὅπως
2881 1218 3061 1292 ἀρχὴν
3106 1215 3316 1272 ὠδίνων
3360 1220 3445 1291 [Ρ.
3478 1220 3605 1291 243]
3639 1218 3792 1272 ἐκεῖ-

2120 1331 2207 1379 να,
2241 1308 2387 1364 ἀλλά
2416 1308 2505 1364 καὶ
2535 1308 2704 1377 αὐτὴν
2734 1311 2829 1362 τοῦ
2859 1307 3071 1381 κόσμου
3105 1307 3389 1377 ἐπιστῆναι
3430 1305 3741 1362 συντέλειαν
3762 1325 3778 1341 ·

2119 1403 2200 1471 τῷ
2228 1399 2329 1473 γὰρ
2360 1395 2802 1473 παραθαλασσίαν
2861 1398 2953 1469 μὲν
3003 1397 3103 1465 τὴν
3151 1396 3316 1452 πόλιν
3365 1396 3574 1466 ἐκείνην
3620 1398 3787 1467 εἶναι,

2120 1486 2292 1542 δεινὸν
2327 1485 2384 1542 δὲ
2427 1488 2517 1542 καὶ
2545 1486 2807 1560 τιναγμὸν
2839 1485 3094 1558 ἐμπεσεῖν
3126 1485 3398 1563 ἐξαίφνης,
3457 1486 3623 1540 τόσου
3681 1486 3785 1559 μὶν

2117 1571 2354 1650 θορύϐου
2384 1577 2681 1650 γεγονότος
2728 1576 3052 1649 ἀνθρώπων,
3103 1574 3267 1629 τόσου
3318 1573 3376 1629 δὲ
3417 1574 3627 1629 κτύπου
3659 1573 3786 1629 ἐπι-

2115 1665 2565 1720 καταπιπτόντων
2620 1663 2896 1734 ἀλλήλοις
2923 1668 3031 1718 τῶν
3065 1663 3409 1736 οἰκημάτων,
3468 1666 3520 1717 e't
3580 1660 3783 1734 ἔξωθεν

2115 1753 2421 1827 εὑρεθέντες
2481 1754 2748 1827 μειζόνως
2816 1752 3254 1817 κατασεισθέντες
3309 1754 3403 1815 τὰς
3456 1753 3620 1815 ἀκοὰς
3680 1753 3785 1808 ού-

2113 1840 2198 1897 δέω
2258 1845 2407 1919 εἶχον
2440 1844 2687 1898 ὑπονοεῖν
2736 1839 2921 1917 ἕτερον
2974 1843 3009 1912 ἢ
3068 1844 3163 1897 τοῦ
3212 1844 3426 1916 κόσμου
3456 1843 3656 1905 παντὸς
3691 1841 3778 1913 ἐξ-

2111 1932 2380 2011 αφάνισιν.
2444 1935 2559 1989 Ἐπ’
2619 1933 2720 1987 οὐκ
2766 1929 2956 2005 ὀλίγον
3009 1933 3100 1986 οὗν
3158 1937 3256 1987 τοῦ
3308 1937 3534 2006 σεισμοῦ
3562 1935 3777 2006 κρατή-

2112 2044 2321 2092 σαντος,
2381 2022 2455 2083 ὡς
2487 2020 2654 2095 μηδὲν
2695 2022 2863 2087 ἐστὼς
2908 2020 3420 2099 ἐγκαταλειφθῆναι,
3488 2020 3635 2077 ἀλλὰ
3664 2028 3776 2076 πᾶν

2109 2114 2173 2168 τὸ
2230 2113 2380 2176 ἐντὸς
2438 2118 2755 2169 καταπεσεῖν
2810 2114 2901 2169 καὶ
2957 2112 3085 2177 τοὺς
3144 2112 3462 2186 ἀνθρώπους
3506 2132 3775 2186 συγκατα-

2112 2206 2311 2276 χῶσαι,
2364 2200 2510 2275 παρά
2544 2200 2715 2273 μόνην
2749 2201 2918 2269 αὐτὴν
2947 2203 3047 2269 τήν
3082 2199 3384 2275 ἀκρόπολιν
3440 2198 3641 2273 (ἐκείνη
3668 2199 3775 2274 γὰρ

2111 2290 2201 2345 καὶ
2232 2289 2460 2365 ἀντέσχε
2491 2290 2581 2345 καὶ
2613 2290 2721 2366 ούχ
2774 2293 3017 2361 ὑπήκουε
3061 2295 3141 2361 τῷ
3172 2293 3424 2362 σεισμῷ),
3474 2289 3685 2363 ἡμέρας
3718 2286 3779 2344 δὲ

2113 2378 2370 2454 φανείσης
2423 2380 2808 2455 συντρέχουσιν
2861 2381 2914 2435 οἱ
2967 2378 3239 2456 περίοικοι
3298 2380 3413 2452 ἅμα
3466 2376 3773 2452 μακέλλαις

2116 2596 2365 2653 dissima
2392 2614 2521 2653 sors
2553 2597 3165 2670 plerorumquevideri
3187 2596 3773 2671 potuerit,quosdor-

2116 2686 2387 2754 mientes,
2423 2686 2582 2743 velut
2611 2689 2779 2744 triste
2809 2688 3128 2755 somnium,
3158 2704 3320 2743 mors
3350 2684 3773 2743 invasitzlucri-

2114 2773 2379 2832 fecerunt
2404 2777 2557 2832 enim
2590 2777 2899 2849 angustias
2930 2778 3299 2850 praecessuri,
3332 2776 3382 2832 si
3435 2775 3769 2849 vigilarent,

2113 2864 2300 2921 fatum
2334 2871 2661 2923 extremum
2697 2871 2885 2923 metus
2936 2872 2993 2923 et
3036 2867 3464 2939 desperationis
3510 2865 3772 2921 saevissi-

2114 2970 2242 3009 mos
2278 2955 2567 3024 horrores,
2609 2955 2705 3026 qui
2738 2955 3070 3011 calamitate
3100 2955 3423 3027 improvisa
3454 2955 3601 3011 citra
3630 2970 3771 3009 sen-

2110 3060 2243 3099 sum
2276 3043 2474 3100 hausti
2506 3062 2636 3101 sese
2667 3046 2857 3117 perire
2889 3045 3243 3101 nescierunt.
3278 3047 3418 3109 Quae
3475 3042 3774 3117 praecipua

2110 3133 2357 3189 felicitas
2380 3134 2722 3190 lactentium
2738 3139 2839 3191 aut
2856 3136 3115 3191 nondum
3138 3152 3240 3206 per
3260 3138 3489 3190 aetatem
3517 3133 3766 3188 rationis

340 3226 477 3282 inde
511 3226 802 3282 funestius
835 3225 1413 3297 ingrueret,salutem
1445 3224 1503 3278 in
1537 3228 1665 3279 tuto
1688 3223 1990 3278 haberent.
2026 3240 2068 3307 ρ
2113 3228 2451 3295 compotum
2486 3224 2865 3295 pucrulorum
2902 3224 3031 3280 fuit.
3064 3226 3235 3280 Tales
3256 3224 3411 3280 enim
3441 3223 3614 3278 obriti
3641 3222 3766 3278 suf-

336 3316 518 3372 Nocte
550 3333 719 3388 porro
751 3314 1199 3388 superveniente
1230 3313 1459 3370 diurnis
1502 3312 1847 3383 hujusmedi
1897 3316 1992 3367 tu—

340 3406 628 3462 multibus
658 3409 1026 3460 terraamotus
1062 3402 1267 3458 incidit
1306 3403 1499 3474 gravis
1531 3409 1587 3457 et
1618 3402 1895 3457 omnibus
1926 3402 1996 3457 de

338 3495 556 3566 quibus
583 3499 672 3549 est
695 3493 871 3549 fando
904 3493 1173 3547 auditum
1197 3491 1747 3547 vehementior.Nen
1772 3490 1996 3547 enimis

341 3588 695 3639 erattremor
712 3582 879 3654 quasi
903 3582 1034 3653 quis
1058 3582 1271 3637 dixerit
1292 3587 1456 3637 terra
1479 3581 1539 3636 in
1563 3580 1866 3651 obliquum
1885 3597 1961 3635 nu
1981 3611 1993 3619 -

337 3672 542 3741 tantis,
576 3672 675 3727 sed
712 3670 1044 3742 reciprocus
1064 3670 1804 3742 validissimusimpulsus,
1839 3685 1994 3724 nunc

330 3760 494 3817 velut
525 3760 927 3816 contrahentis
960 3776 1107 3829 sese,
1144 3777 1301 3817 nunc
1331 3761 1551 3832 impetu
1595 3758 1890 3815 contrario
1931 3774 1993 3815 se

335 3848 639 3904 dilatantis
664 3853 719 3905 et
743 3848 1031 3920 ejicientis
1064 3848 1193 3905 soli.
1221 3849 1343 3913 Quo
1367 3865 1434 3903 ex
1460 3852 1683 3905 alterno
1707 3863 1993 3904 succussu

341 3939 582 4011 contigit
610 3938 940 3994 universam
974 3938 1136 3994 illam
1170 3943 1469 3995 momento
1511 3956 1545 3994 a
1592 3937 1994 3994 fundamentis

340 4028 516 4082 everti
552 4029 975 4099 concidereque
1007 4028 1329 4086 civitatem.
1372 4028 1597 4085 Domus
1627 4027 1809 4093 enim,
1844 4043 1990 4098 quas,

344 4114 504 4171 illam
538 4116 887 4183 conflabant,
923 4121 979 4172 et
1026 4116 1125 4172 illa
1157 4118 1463 4188 quantavis
1486 4121 1784 4172 exstructa
1807 4115 1993 4171 firmi-

334 4209 395 4260 tu
408 4205 543 4261 dine
558 4210 1023 4278 exaggerataque
1039 4205 1469 4272 zediﬁcia,haud
1490 4204 1652 4277 paria
1666 4205 1993 4262 resistendo

331 4299 628 4367 prostrata
650 4295 1197 4367 sunt,deprehensis
1224 4296 1385 4351 intus
1415 4294 1758 4350 hominibus
1782 4294 1994 4351 misere

334 4384 655 4456 oppressis,
700 4383 937 4439 nomine
965 4400 1079 4456 quo
1114 4388 1217 4439 aut
1248 4400 1365 4455 qua
1394 4383 1673 4455 effugeret
1716 4384 1989 4440 habente.

337 4473 483 4530 Nam
499 4473 950 4544 erumpentibus
965 4488 993 4527 e
1017 4473 1253 4545 proprio
1268 4472 1565 4528 domicilio
1581 4474 1863 4529 domuum
1886 4491 1991 4528 un-

334 4562 513 4635 dique
534 4561 717 4617 aliaru
735 4580 783 4616 :n
805 4561 1991 4634 ruina:occurrebant,utsperabilior356

336 4652 493 4709 salus
528 4651 635 4707 sub
661 4655 810 4707 tecto
844 4651 1223 4707 manentibus
1255 4669 1428 4724 quam
1456 4653 1886 4725 prodeuntibus
1914 4653 1989 4707 vi-

334 4741 590 4797 deretur.
618 4741 729 4796 Sed
764 4745 819 4796 et
850 4740 897 4795 si
934 4757 1049 4812 qua
1081 4758 1217 4812 pars
1241 4742 1522 4797 domuum
1557 4747 1722 4797 terra:
1745 4742 1989 4799 assulti-

332 4832 447 4888 bus
470 4830 785 4886 ebsisteret
808 4829 996 4901 (nulla
1018 4836 1211 4886 autem
1234 4831 1343 4886 fuit
1365 4833 1579 4888 domus
1603 4849 1726 4902 quae
1746 4849 1861 4888 non
1880 4832 1989 4888 sal-

330 4923 450 4975 tem
484 4936 552 4976 ex
585 4925 747 4992 parte
778 4919 852 4974 iis
884 4919 1336 4993 dejiceretur),si
1368 4920 1991 4992 cujus,inquam,a3di-

332 5009 446 5064 ficii
487 5008 818 5065 membrum
881 5009 1111 5065 firmius
1170 5027 1285 5065 non
1344 5009 1793 5065 labefactaretur
1851 5028 1989 5066 con-

337 5114 516 5154 cussu
552 5104 739 5167 terrae,
773 5116 1026 5171 superne
1058 5104 1253 5155 tamen
1301 5099 1677 5155 obterebatur
1716 5099 1991 5157 altiorum

336 5188 398 5243 in
432 5188 644 5243 vicinia
674 5206 977 5245 murorum
1012 5206 1172 5245 casu.
1206 5189 1333 5244 Alia
1361 5190 1576 5261 quippe
1608 5208 1785 5261 super
1815 5191 1992 5247 aliam

336 5278 599 5333 cadendo
632 5277 1048 5333 cumulabatur
1082 5279 1406 5347 domus,ita
1438 5279 1763 5350 utsiquem
1789 5280 1847 5335 in
1872 5282 1992 5352 pri-

338 5367 833 5423 masuccussione
851 5368 1087 5423 fortuna
1110 5368 1711 5440 servassetquredam,
1738 5387 1851 5425 non
1869 5374 1990 5426 lon-

336 5473 475 5529 gum
512 5456 569 5511 id
603 5455 955 5511 beneficium
988 5457 1312 5513 essetzalia
1342 5458 1496 5513 enim
1520 5459 1995 5530 moxsuperinci-

338 5544 484 5599 deus
519 5546 732 5601 domus
762 5541 1007 5598 exitium
1043 5544 1503 5601 frustraservato
1518 5548 1994 5616 representabat.

337 5634 521 5699 Quam
554 5650 691 5706 ergo
725 5631 990 5688 subitum
1023 5650 1088 5688 ac
1120 5634 1585 5703 vehemens,tam
1619 5635 1998 5695 ineluctabile

340 5719 465 5777 ulla
488 5722 563 5788 vi,
596 5721 719 5778 ulla
749 5721 890 5793 fuga
919 5720 1155 5779 vitabile
1186 5725 1411 5781 malum
1456 5728 1602 5793 erat,
1636 5729 1703 5781 ut
1731 5741 1997 5786 comme-

2022 4613 2070 4678 D

2108 3313 2355 3368 focative
2386 3330 2563 3368 unam
2596 3314 3051 3385 experiebantur
3082 3314 3379 3370 miseriam
3427 3328 3766 3385 corporum,

2102 3400 2261 3456 nullo
2297 3404 2506 3473 praevio
2537 3403 2942 3459 exacerbatam
2974 3420 3190 3475 angore
3222 3404 3580 3458 animorum.
3607 3401 3770 3457 Inter

2102 3491 2227 3548 haec
2248 3509 2381 3548 cum
2406 3494 2477 3547 ad
2517 3494 2773 3549 sonitum
2806 3494 3101 3549 ruentium
3162 3497 3474 3560 tectorum,
3536 3492 3607 3547 ad
3641 3490 3765 3547 ela-

2102 3598 2293 3638 mores
2325 3588 2381 3637 et
2410 3582 2668 3655 gemitus
2701 3583 3080 3655 pereuntium
3110 3582 3423 3638 hominum
3457 3581 3767 3638 accederet

2102 3670 2402 3727 horribilis
2462 3671 2730 3728 fremitus
2793 3672 3027 3728 insolito
3080 3688 3315 3744 quoque
3374 3670 3552 3726 simul
3612 3674 3758 3725 testu

2102 3761 2533 3817 effervescentis
2567 3763 2769 3833 maris,
2825 3761 2925 3834 qui
2986 3762 3178 3817 adhuc
3228 3764 3578 3833 supererant
3633 3759 3757 3816 haec

2101 3854 2221 3905 tam
2237 3850 2522 3906 atrocium
2558 3851 3011 3908 iuitiadolerum
3038 3868 3153 3907 non
3178 3851 3279 3906 uni
3303 3849 3613 3924 quantovis
3634 3848 3754 3905 usi-

2100 3943 2220 3995 tato
2271 3939 2595 3996 infortunio
2657 3958 2853 3996 rerum
2906 3941 3327 4011 humanarum,
3380 3941 3481 3996 sed
3534 3939 3756 3994 ultimas

2101 4030 2596 4085 consummationi
2622 4034 2845 4085 naturze
2860 4046 2926 4085 ac
2942 4029 3142 4085 mundi
3164 4027 3761 4102 universiprzeludere

2101 4118 2416 4190 putabant.
2449 4118 2591 4173 Cum
2627 4118 2782 4174 enim
2827 4119 2898 4174 ad
2933 4135 3095 4175 mare
3143 4118 3573 4174 tumultuosius
3632 4122 3758 4174 tum

2102 4225 2280 4279 quam
2313 4212 2485 4264 antea
2516 4225 2777 4279 unquam
2814 4208 3216 4265 intumescens
3245 4210 3358 4265 sita
3375 4207 3761 4282 Dyrrachien-

2100 4301 2184 4356 sis
2216 4304 2359 4355 urbs
2390 4305 2569 4365 esset,
2594 4317 2849 4372 cumque
2906 4319 2975 4357 ex
3033 4302 3199 4358 urbis
3260 4304 3546 4358 universas
3604 4298 3764 4357 varia

2098 4390 2293 4457 ruina,
2323 4406 2391 4445 ex
2422 4389 2730 4445 collisione
2761 4392 3119 4447 caducarum
3153 4389 3422 4459 molium,
3455 4407 3523 4447 ex
3567 4389 3761 4461 ejula-

2100 4479 2261 4534 tibus
2293 4483 2803 4535 consternatorum
2854 4485 2957 4536 aut
3008 4481 3387 4537 morientium
3438 4484 3759 4536 concentus

2101 4568 2375 4623 horrifice
2402 4567 2617 4624 mistus
2665 4567 3025 4625 immanium
3085 4586 3367 4625 sonorum
3426 4570 3759 4641 fragorem-

2102 4671 2214 4726 que
2246 4672 2437 4711 aerem
2470 4655 2814 4728 compleret,
2851 4657 2953 4729 qui
2979 4662 3140 4713 extra
3182 4657 3607 4730 Dyrrhachium
3658 4656 3760 4713 illa

2104 4750 2273 4802 nocte
2306 4748 2564 4816 fuerunt,
2596 4748 2951 4819 accipientes
2982 4749 3247 4804 attonitis
3271 4748 3516 4805 auribus
3544 4745 3761 4804 tumul-

2101 4835 2511 4894 tuesissimam
2546 4836 2717 4892 istam
2751 4837 3158 4895 confusionem
3210 4855 3419 4895 vocum
3444 4842 3501 4894 ct
3556 4837 3762 4909 strepi-

2100 4928 2269 4980 tuum
2304 4924 2922 4996 horribilissimerum,
2956 4926 3103 4982 nihil
3136 4944 3279 4983 sane
3319 4926 3609 4999 suspicari
3651 4926 3761 4982 mi—

2102 5013 2223 5068 tius
2248 5020 2511 5085 poterant
2532 5030 2710 5084 quam
2731 5015 3041 5071 advenisse
3060 5015 3236 5071 finem
3259 5016 3407 5073 857
3431 5020 3760 5071 extremum

2106 5118 2299 5157 rerum
2333 5101 2731 5159 humanarum
2756 5108 2812 5159 et
2837 5104 3071 5161 fatalem
3105 5105 3233 5161 οωΙί
3257 5122 3323 5161 ac
3345 5110 3511 5161 terrae
3533 5105 3761 5161 destru-

2108 5190 2286 5247 ctioni
2310 5191 2610 5247 diem.Hac
2631 5192 2908 5249 violentia
2933 5209 3037 5265 per
3062 5194 3321 5266 spatium
3343 5194 3626 5266 temporis
3645 5211 3762 5251 non

2106 5280 2385 5353 exiguum
2414 5287 2721 5352 grassatus
2752 5282 2811 5337 in
2865 5283 3010 5339 urbe
3057 5289 3427 5340 terreamotus
3486 5283 3635 5339 nihil
3682 5283 3764 5340 ibi

2099 5373 2220 5443 jam
2251 5371 2309 5425 in
2342 5372 2497 5442 quod
2523 5388 2767 5445 pergere
2784 5373 2986 5429 saevire
3026 5373 3320 5446 reliquum
3341 5375 3590 5443 fecerat;
3618 5392 3763 5448 pra:-

2105 5464 2194 5514 ter
2225 5475 2441 5527 arcem,
2475 5476 2603 5531 quae
2636 5479 2752 5517 una
2784 5461 2969 5518 illaesa
3029 5464 3215 5533 stetit,
3276 5464 3472 5521 omnia
3518 5464 3767 5520 aedilicia

2107 5549 2373 5622 collapsa
2403 5567 2607 5608 omnes
2638 5553 2696 5607 in
2730 5552 2803 5609 iis
2845 5557 3109 5624 repertos
3145 5553 3415 5610 homines
3460 5554 3769 5610 communi

2109 5641 2382 5714 sepulcro
2415 5642 2877 5700 tumulaverant.
2902 5644 3041 5701 Eam
3076 5645 3359 5718 tragicam
3394 5644 3494 5701 ubi
3525 5644 3641 5701 late
3669 5662 3765 5701 os-

2107 5731 2305 5789 tendit
2320 5730 2508 5790 eculis
2526 5732 2781 5806 speciem
2800 5737 2963 5791 ortus
2990 5734 3129 5807 diei,
3153 5751 3281 5808 quae
3304 5740 3424 5793 tam
3449 5734 3638 5791 diram
3652 5733 3769 5791 exi-
