4080 6476
228 5636 253 5647 f

316 540 426 595 809

1401 536 1501 591 DE
1536 531 1912 590 MICHARLE
1947 526 2377 583 PALEOLOGO
2412 528 2547 582 LIB.
2581 530 2655 586 ν.

3637 535 3748 589 810

301 687 362 722 τε
394 665 487 720 καὶ
521 661 805 728 δικέλλαις
847 661 937 719 καὶ
995 682 1156 718 παντι
1213 664 1294 733 τῷ
1345 657 1717 734 προστυχόντι
1755 655 1969 730 ὀργανῳ
2000 655 2057 723 Α
2085 650 2208 723 λος,
2258 644 2490 705 ἔκπαλαι
2541 652 2633 708 τὸν
2684 652 2882 729 Μαφρὲ
2922 653 3459 730 καταγωνισάμενος,
3490 655 3543 713 ἐν
3586 656 3741 735 ἀκμῇ

302 756 446 831 πρὸς
496 752 697 830 ὀρυγήν
756 752 1063 829 χρώμενοι,
1122 751 1215 806 καὶ
1272 749 1672 821 προσπεσόντες
1702 740 1965 821 ὤρυττον,

297 842 394 900 ’ίνα
422 847 551 920 γοῦν
584 840 675 897 καί
720 863 832 898 τισι
863 839 1242 915 ταλαιπώροις
1294 834 1375 894 ἔτι
1429 842 1591 909 ζῶσιν
1628 832 1963 907 ἀπαμύναιεν

302 939 400 991 τοῦ
426 930 703 1006 κινδύνου,
730 932 794 987 τὸ
826 930 885 987 δὲ
913 929 1081 987 πλέον
1137 931 1210 992 ὡς
1257 928 1318 984 ἂν
1370 929 1459 983 καὶ
1491 926 1734 982 πλοῦτον
1768 943 1968 978 παντο-

310 1022 479 1081 δαπὸν
541 1021 941 1100 έκφορήσαντες
1020 1025 1137 1082 τοῖς
1216 1017 1479 1095 ἰρειπίοις
1534 1010 1971 1077 κατασπασθέντα

310 1109 572 1174 λαϐόντες
620 1106 801 1187 ἔχοιεν
831 1130 843 1142 ·
889 1111 1014 1165 τότε
1069 1110 1171 1183 γὰρ
1223 1114 1348 1170 τοῖς
1405 1108 1689 1183 πράγμασι
1739 1107 1846 1159 τῶν
1873 1122 1971 1155 πε-

312 1203 517 1259 σόντων
548 1200 640 1256 καὶ
686 1201 738 1255 oi
785 1199 1130 1275 κληρονόμοι
1172 1194 1623 1272 συγκατεδύοντο,
1655 1192 1743 1248 καὶ
1777 1194 1804 1247 6
1836 1191 1971 1266 λαγ-

312 1294 503 1368 χάνειν
534 1291 630 1353 τὰς
661 1286 891 1360 ἐξούλης
938 1285 1089 1350 δίκας
1141 1287 1367 1348 ἐκείνοις
1418 1284 1517 1340 ούκ
1560 1285 1650 1354 ἦν.
1685 1284 1800 1359 Ἐφ’
1828 1278 1966 1354 ἡμέ-

312 1404 432 1459 ραις
463 1379 555 1435 οὖν
590 1381 727 1435 ἅπαν
775 1379 839 1433 τὸ
883 1378 1111 1453 γεγονὸς
1173 1376 1248 1437 εἷς
1308 1372 1505 1452 ἔδαφος
1534 1372 1965 1446 κατασκάψαντες

306 1472 397 1527 καὶ
458 1473 699 1546 χρυσοῦν
759 1467 1066 1541 ἀμήσαντες
1125 1468 1282 1542 θέρος
1341 1460 1606 1521 Ἀλϐανοί
1662 1484 1721 1518 τε
1775 1462 1863 1516 καὶ
1910 1460 1967 1514 οἱ

304 1561 602 1636 περίοικοι,
635 1557 709 1620 ὡς
748 1554 913 1631 ἄμαις
964 1556 1245 1631 χρώμενοι
1294 1559 1413 1616 ταῖς
1475 1550 1776 1622 δικέλλαις,
1803 1547 1966 1611 τέλος

302 1648 512 1725 ἔρημον
548 1648 734 1726 ἀφιᾶσι
764 1648 864 1717 τήν
898 1666 1030 1701 ποτε
1060 1644 1224 1700 πόλιν
1271 1643 1507 1713 ἐκείνην,
1543 1640 1960 1716 γνωριζομένην

303 1738 557 1813 σημείοις
607 1736 747 1792 τισὶν
800 1733 1099 1811 ἀμυδροῖς,
1152 1735 1204 1788 ἐν
1259 1731 1378 1788 οὖσι
1420 1729 1863 1805 καταλεγομένην
1902 1728 1963 1784 οὐ

300 1835 382 1902 τῷ
412 1828 567 1894 εἶναι,
620 1824 766 1881 ἀλλᾶ
812 1825 962 1898 μόνῳ
1012 1829 1094 1897 τῷ
1147 1824 1529 1896 ὀνομάζεσθαι.
1561 1822 1623 1878 Ὀ
1674 1818 1721 1875 δ’
1750 1818 1964 1889 ἐκεινης

306 1917 596 1995 ἀρχιερεὺς
656 1916 894 1986 Νικήτας
949 1914 1191 1989 εὑρεθεὶς
1247 1914 1492 1974 κάκεῖνος
1547 1914 1626 1982 τῷ
1676 1909 1822 1977 τότε,
1871 1907 1961 1962 καὶ

2083 739 2149 809 ἦν
2209 737 2315 794 τῶν
2372 741 2493 803 καθ’
2550 741 2715 795 αὑτὸν
2789 743 3146 817 πραγμάτων,
3215 745 3305 798 καὶ
3374 749 3508 800 νεῶν
3566 768 3740 823 παρα-

2083 833 2302 890 σκευαῖς
2352 827 2624 883 πλείστων
2673 828 3061 905 ἐμεγαλύνετο,
3123 830 3422 890 ἔκσπονδος
3467 830 3543 889 ὢν
3582 836 3744 910 βασι-

2082 917 2171 973 λεῖ
2198 918 2263 973 τὰ
2318 919 2551 973 πλεῖστα
2610 918 2693 974 ἐπ’
2751 919 2952 984 αἰτίαις
3005 924 3113 975 τῶν
3176 920 3516 979 Βαλδουΐνου
3545 924 3743 982 συναλ-

2081 1004 2398 1083 λαγμάτων,
2431 1009 2507 1071 ὡς
2537 1006 2776 1063 ἐντεῦθεν
2810 1008 2898 1063 ἐπὶ
2941 1012 3010 1083 τῇ
3062 1007 3223 1065 πόλει
3256 1008 3460 1067 οἷέσθαι
3495 1010 3740 1069 δικαιοῦ-

2080 1106 2221 1159 σθαι.
2274 1096 2642 1170 Παρεσκεύαζε
2696 1098 2789 1169 μὲν
2866 1097 2956 1153 καὶ
3018 1098 3081 1153 τὸ
3166 1101 3414 1156 ναυτικὸν
3476 1101 3733 1159 πλεῖστον

2079 1185 2225 1256 ὅσον,
2258 1186 2347 1239 καὶ
2398 1184 2610 1259 σώμασι
2660 1186 2750 1240 καὶ
2798 1184 2996 1249 ὅπλοις
3042 1187 3134 1242 καὶ
3186 1191 3441 1263 χρήμασι
3476 1192 3733 1269 συνεκρό-

2074 1294 2154 1327 τει
2180 1292 2193 1305 ·
2229 1273 2290 1328 οὐ
2326 1272 2489 1347 μόνον
2524 1272 2603 1342 δὲ,
2645 1272 2791 1329 ἀλλὰ
2821 1276 2910 1329 καὶ
2959 1276 3049 1330 τὸν
3082 1276 3305 1332 πάππαν
3340 1278 3733 1356 προσελιπάρει

2076 1364 2163 1417 καὶ
2199 1361 2413 1439 θερμῶς
2471 1361 2647 1418 ἐδέετο
2703 1363 2908 1441 ἐφεῖναί
2964 1366 3016 1419 οἱ
3073 1367 3173 1434 τήν
3224 1368 3359 1421 κατά
3388 1371 3485 1437 τῆς
3515 1368 3733 1435 πόλεως

2074 1450 2442 1527 ἐκστρατείαν,
2473 1453 2547 1516 ὡς
2588 1452 2679 1507 καὶ
2728 1450 2917 1515 ἄλλως
2976 1451 3184 1509 δίκαιον
3226 1454 3283 1511 δν
3322 1462 3501 1528 ζητεῖν
3527 1458 3595 1514 τὰ
3621 1464 3731 1515 τῶν

2073 1539 2280 1596 παίδων
2328 1540 2514 1611 αὐτοῦ,
2549 1541 2629 1619 ἐφ’
2681 1545 2767 1605 οἷς
2811 1543 2962 1621 σφίσι
3011 1550 3364 1623 συμφωνοῦσι
3404 1548 3495 1601 καὶ
3535 1551 3570 1618 ἡ
3605 1550 3731 1605 Έκ-

2071 1630 2274 1701 κλησία
2304 1634 2519 1704 συνῇνει
2577 1631 2667 1686 καὶ
2724 1639 3003 1709 συνεργεῖν
3058 1633 3124 1689 τά
3181 1635 3411 1710 μέγιστα
3442 1636 3730 1712 ὑπισχνεῖ-

2069 1741 2152 1776 το.
2188 1720 2288 1776 Καὶ
2322 1721 2350 1775 6
2385 1721 2479 1792 μὲν
2516 1719 2566 1775 ἐν
2622 1720 2837 1784 τούτοις
2878 1723 2970 1792 ἦν,
3022 1722 3081 1778 ἐκ
3128 1723 3348 1779 πολλοῦ
3379 1746 3727 1800 παρασκευα-

2073 1810 2300 1882 ζόμενος
2337 1826 2349 1841 ⁸
2406 1810 2433 1864 6
2492 1807 2550 1864 δὲ
2609 1810 2867 1885 βασιλεὺς
2928 1810 3181 1887 ἀνέριστα
3234 1814 3303 1868 τὰ
3343 1814 3482 1889 πρὸς
3522 1813 3724 1871 ἐκεῖνον

2072 1896 2446 1974 διαγινώσκων
2505 1900 2597 1954 καὶ
2664 1900 2727 1954 τὸ
2804 1906 2907 1955 πᾶν
2964 1898 3219 1979 ἀδήριτα,
3271 1904 3354 1958 δτι
3422 1903 3514 1959 καὶ
3569 1903 3731 1961 πλεί-

306 1991 610 2086 φυλαχθεῖς
647 2005 766 2077 μὲν,
812 2002 941 2059 ἀλλ’
992 2001 1043 2057 ἐν
1090 1999 1329 2063 πολλοῖς
1362 2005 1469 2054 τῶν
1508 1998 1689 2072 μελῶν
1722 1998 1790 2053 τὰ
1820 1997 1960 2069 σύμ·
1995 2030 2041 2095 Β
2072 2011 2221 2053 σταις
2285 1991 2378 2063 μὶν
2436 1995 2557 2054 ταῖς
2636 1991 2817 2046 ναυσὶν
2897 1991 3208 2069 ἐξηρτύετο,
3269 1992 3470 2068 πολλῷ
3528 1993 3585 2051 δὲ
3635 1995 3727 2052 καὶ

309 2092 453 2151 ϐολα
505 2098 600 2148 τοῦ
638 2091 892 2148 κινδύνου
970 2093 1170 2170 φέρων,
1230 2090 1426 2163 πικράν
1487 2087 1616 2144 ἰδὼν
1677 2086 1956 2162 συμφορὰν

302 2187 397 2241 καὶ
428 2186 487 2255 ἢν
517 2183 697 2253 ἥκιστ’
730 2180 790 2237 ἄν
829 2203 913 2244 τις
966 2180 1056 2237 καὶ
1111 2176 1488 2254 προσεδόκησε
1518 2178 1761 2245 πώποτε,
1791 2176 1960 2229 κατά-

305 2270 478 2350 φλϐος
506 2272 711 2349 φεύγει,
756 2272 909 2348 ἂφεὶς
952 2264 1159 2344 ἔρημον
1212 2268 1319 2342 ούχ
1368 2269 1559 2322 ἑαυτοῦ
1594 2267 1782 2338 μόνον,
1814 2263 1962 2319 ἀλλὰ

299 2364 525 2419 καὶτῶν
569 2361 770 2431 ταύτης
820 2358 1053 2414 ἐποίκων
1105 2359 1195 2412 καὶ
1244 2356 1487 2420 κάλλους
1529 2353 1837 2428 κτισμάτων
1870 2352 1958 2408 καὶ

299 2452 634 2530 πραγμάτων
669 2450 845 2505 αὐτῶν
878 2449 977 2518 τὴν
1012 2445 1383 2524 μητρόπολιν.

301 2565 376 2636 η’.
438 2564 521 2620 Τὰ
578 2560 715 2617 κατὰ
768 2560 858 2613 τὸν
915 2556 1078 2636 ῥῆγα.
1121 2556 1432 2636 Κάρουλον,
1488 2555 1577 2609 καὶ
1633 2551 1781 2615 ὅπως
1833 2552 1960 2606 στό-

957 2578 1065 2634 ηγα
1121 2578 1345 2626 ἈαρουΑ

915 2578 1011 2686 λον
1041 2628 1350 2703 ἐξηρτύετο.

379 2727 463 2799 [Ρ.
494 2724 625 2796 244]
653 2721 790 2777 Τότε
834 2718 1012 2775 τοίνυν
1064 2718 1154 2773 καὶ
1216 2719 1243 2772 6
1455 2712 1696 2777 Πουλίας
1745 2714 1958 2789 Κάρου-

315 2940 472 3013 cepit
500 2940 754 3006 noctem,
778 2936 1204 2992 concurrerunt
1226 2951 1295 2989 ex
1320 2932 1477 3005 agris
1508 2931 1772 3002 undique
1794 2943 1973 3002 quam

319 3028 574 3088 maximo
606 3042 873 3092 numero,
900 3024 1154 3097 sumptis
1185 3022 1246 3078 in
1279 3022 1556 3077 manibus
1587 3019 1886 3093 ligonibus
1917 3024 1975 3075 et

324 3118 537 3176 marris
567 3116 844 3187 omnique
873 3120 1041 3171 terra:
1070 3113 1373 3170 movenda
1393 3116 1531 3184 apto
1553 3112 1971 3178 instrumento,

323 3207 481 3281 quod
513 3207 723 3280 cuique
752 3210 816 3262 tn
850 3220 1086 3260 manum
1122 3201 1409 3275 querenti
1430 3205 1689 3257 venerat.
1711 3201 1857 3256 Cum
1878 3198 1974 3255 his

322 3315 594 3357 acervum
626 3298 794 3354 illum
814 3297 1137 3352 immanem
1160 3293 1599 3365 ruinarum,qui
1625 3291 1811 3364 pridie
1834 3290 1974 3346 urbs

2069 2080 2149 2151 τῷ
2222 2080 2361 2134 κατά
2432 2086 2533 2155 γῆν
2612 2085 2822 2153 πεζικῷ
2898 2078 2988 2136 διὰ
3062 2084 3397 2156 Βρεντησίου
3488 2105 3725 2160 περαιω-

2072 2168 2378 2241 θησόμενος
2437 2168 2511 2230 εἰς
2564 2170 2628 2224 τὸ
2682 2174 2780 2224 τοῦ
2840 2170 3149 2246 Δυρραχίου
3213 2171 3471 2242 ἐπίνειον,
3514 2174 3725 2247 ἐρήμου

2070 2254 2227 2320 ὄντος
2253 2258 2287 2327 ἢ
2319 2259 2405 2312 καὶ
2444 2256 2658 2331 μᾶλλον
2703 2261 2829 2335 παρ’
2884 2258 3095 2315 ἐκεῖνου
3134 2261 3529 2336 κατεχομένου,
3559 2264 3633 2325 εἷς
3662 2265 3725 2320 τὸ

2069 2350 2454 2419 ἀνακτισθῆναι
2506 2350 2878 2425 χρησόμενος,
2937 2352 3012 2413 ὡς
3070 2350 3304 2427 ἐλέγετο,
3358 2350 3583 2417 δυνατὸς
3630 2356 3723 2429 ἦν,

2067 2440 2349 2505 κάντεῦθεν
2407 2438 2587 2495 διττὸν
2670 2442 2943 2515 ᾠκονόμει
3020 2442 3083 2497 τὸ
3142 2444 3471 2518 στράτευμα,
3531 2442 3721 2508 ἄλλως

2068 2527 2205 2608 ἔγνω
2234 2533 2332 2601 τὴν
2383 2532 2521 2604 πρὸς
2578 2529 2779 2586 ἐκεῖνον
2839 2533 3027 2607 μάχην
3085 2535 3587 2611 μεταχειρίσασθαι.
3623 2538 3718 2592 Καὶ

2068 2619 2134 2691 δὴ
2168 2620 2439 2684 πολλάκις
2491 2623 2587 2695 μὶν
2637 2624 2736 2678 οὐκ
2787 2620 2960 2685 ἰδίους
3009 2620 3243 2696 πέμπων
3288 2626 3435 2699 παρὰ
3457 2625 3546 2680 τὸν
3578 2625 3724 2680 πάπ-

2066 2732 2169 2766 παν
2202 2710 2287 2782 (of:
2331 2710 2433 2787 γὰρ
2484 2709 2707 2767 ἐδύνατο
2769 2711 2971 2767 ἐκείνου
3025 2712 3162 2766 κατᾶ
3217 2713 3382 2789 θύρας
3444 2715 3726 2771 ἀπαντῶν-

2084 2926 2204 3071 Sese
2229 2927 2303 3071 lad
2334 2929 2657 2983 extremum
2675 2925 3031 2999 suipastoris
3044 2928 3300 2985 accessio
3314 2927 3550 3002 reliquit
3562 2929 3737 3003 plane

2127 3032 2224 3071 eso
2253 3020 2432 3071 atam.

2127 3020 2432 3073 esolatam.

2240 3161 2292 3213 8.
2328 3160 2400 3216 De
2430 3173 2555 3231 rege
2587 3158 2801 3227 Carolo,
2831 3161 2893 3214 ut
2923 3158 2971 3215 is
3001 3160 3233 3217 classem
3263 3161 3584 3219 armaverit.

2159 3304 2275 3358 Hac
2307 3304 2658 3372 tempestate
2691 3301 2925 3357 fortuna
2951 3302 3106 3374 regis
3137 3302 3359 3374 Apuliae
3392 3302 3601 3372 Caroli,
3635 3303 3738 3376 qui

322 3390 535 3455 fuerat,
558 3387 818 3459 undique
851 3384 1111 3458 aggressi
1148 3386 1341 3440 fodere
1371 3356 1690 3455 coeperunt,
1724 3380 1842 3436 sive
1875 3397 1972 3435 ur-
2004 3356 2049 3423 Ο
2078 3356 2451 3464 jampﬁdem‘
2472 3356 2837 3446 Manffedum
2868 3356 3360 3463 ἀθδθῇένὲιιὶξὶὲ

324 3484 501 3553 gente
526 3478 832 3544 cbaritate,
855 3476 903 3530 si
927 3491 1100 3545 quem
1136 3475 1282 3529 forte
1313 3473 1598 3529 miserum
1631 3470 1824 3526 adhuc
1855 3470 1980 3541 spi-

326 3572 555 3625 rantem
570 3567 724 3622 inter
736 3569 867 3620 ruta
880 3569 938 3620 et
950 3564 1140 3620 caasad
1154 3563 1238 3617 iru
1250 3567 1441 3617 tarum
1456 3559 1982 3617 aediumvindicare

330 3658 404 3715 ab
435 3657 678 3713 interitu
713 3658 975 3727 possent,
1008 3652 1151 3723 sive,
1185 3669 1315 3725 qua:
1344 3651 1600 3707 maxima
1650 3667 1786 3721 pars
1836 3653 1981 3719 erat,

322 3746 613 3803 instinctu
644 3761 829 3801 avarae
861 3741 1225 3815 cupiditatis,
1260 3746 1321 3796 ut
1356 3745 1437 3796 tot
1468 3739 1704 3794 divitias
1734 3738 1815 3794 ibi
1847 3754 1982 3793 cum

326 3834 771 3910 possessoribus
804 3833 1067 3905 sepultas
1098 3847 1205 3888 nec
1233 3831 1416 3886 alium
1444 3831 1565 3900 jam
1596 3828 1878 3884 habentes
1910 3827 1983 3882 le-

330 3925 608 3998 gitimum
660 3923 975 3990 haaredem,
1002 3921 1261 3977 dominis
1292 3936 1425 3976 cum
1458 3917 1658 3974 sobole
1684 3921 1742 3973 et
1770 3933 1986 3988 cogna-

330 4014 494 4071 tione
525 4012 799 4069 universa
830 4010 1048 4083 pariter
1076 4009 1589 4074 occumbentibus,
1610 4005 1672 4062 in
1702 4022 1843 4062 suos
1872 4004 1986 4076 ipsi

334 4121 482 4161 usus
511 4103 830 4172 auferrent,
852 4100 1044 4157 securi
1078 4099 1399 4156 forensium
1431 4100 1711 4153 tricarum
1735 4111 1841 4151 nec
1865 4111 1987 4149 me-

336 4197 572 4250 tuentes
592 4190 974 4247 interdictum
1000 4190 1155 4244 unde
1176 4187 1250 4243 vi.
1277 4187 1379 4243 Hic
1410 4186 1636 4257 aliquot
1665 4186 1890 4241 dierum
1910 4183 1990 4238 la-

331 4284 442 4339 bor
486 4282 617 4351 fuit,
650 4296 765 4352 quo
814 4279 915 4335 illa
939 4278 1229 4335 versando
1276 4277 1714 4347 scrutandoque
1759 4271 1990 4330 evoluta

332 4370 638 4444 congeries
652 4368 780 4425 etin
799 4385 977 4424 unam
1002 4372 1300 4438 utcunque
1311 4370 1604 4437 aequatam
1619 4363 1993 4437 complanata

336 4460 712 4533 superﬁciem
767 4463 876 4514 est.
911 4457 990 4513 Ex
1018 4472 1084 4512 eo
1119 4455 1290 4511 multi
1323 4472 1532 4527 campo
1565 4470 1868 4511 messuere
1898 4469 1993 4509 se-

335 4555 530 4622 getem
556 4563 820 4617 auream,
843 4546 1139 4617 ligonibus
1160 4545 1391 4600 usivice
1421 4543 1684 4614 falcium,
1706 4542 1992 4598 Albanitza

335 4637 647 4709 caaterique
662 4636 883 4692 circum
908 4635 1631 4705 habitantes,demumque
1649 4649 1781 4689 cum
1800 4632 1996 4705 praeda

2087 3483 2250 3554 apice
2294 3480 2595 3536 felicitatis
2643 3485 2789 3535 erat.
2825 3482 2887 3535 In
2920 3480 3129 3553 primis
3182 3486 3463 3553 apparatu
3513 3481 3735 3555 ingenti

2089 3571 2281 3629 navali
2314 3576 2523 3643 potens
2561 3574 2619 3624 et
2661 3569 3069 3625 formidandus
3116 3570 3380 3626 babrtur.
3400 3572 3596 3627 Palam
3628 3589 3737 3628 au-

2088 3666 2204 3717 tem
2224 3677 2287 3716 se
2303 3659 2517 3715 ferebat
2533 3659 2833 3715 infensum
2850 3659 2925 3713 im
2938 3660 3186 3731 peratori
3203 3660 3275 3715 ob
3290 3660 3626 3717 societatem
3642 3661 3739 3716 affi

2092 3750 2571 3806 nitatefirmatam
2592 3765 2719 3820 qua:
2733 3748 2846 3820 ipsi
2861 3765 2993 3803 cum
3012 3748 3296 3804 Balduino
3318 3750 3742 3807 intercedebat.

2091 3839 2196 3896 Cui
2218 3838 2493 3907 velutjus
2517 3836 2921 3893 vindicaturus
2954 3837 3294 3909 pristinum,
3314 3840 3745 3911 expeditionem

2094 3928 2153 3982 in
2178 3927 2382 3981 urbem
2405 3924 2971 3996 Constantinopolim
2989 3927 3333 3997 adornabat,
3360 3945 3659 4002 navesque
3676 3929 3747 3984 ad

2095 4016 2153 4071 id
2178 4019 2233 4071 et
2257 4013 2598 4086 praevalidas
2620 4018 2677 4068 et
2698 4013 2985 4084 plurimas
3015 4019 3071 4070 et
3100 4020 3225 4071 tum
3248 4017 3592 4088 corporibus
3621 4022 3750 4072 tum

2096 4104 2280 4160 armis
2312 4109 2429 4159 turn
2463 4102 2684 4157 caeteris
2716 4102 2963 4157 utilibus
2981 4104 3051 4157 ad
3078 4120 3321 4175 scopum
3348 4106 3525 4161 rebus
3556 4106 3751 4177 copio-

2099 4194 2332 4251 sissime
2382 4192 2705 4247 instructas
2760 4196 3134 4263 compararat
3178 4202 3230 4247 et
3274 4199 3748 4266 congregaverat.

2099 4284 2300 4356 Neque
2331 4282 2424 4337 bis
2455 4284 2767 4336 contentus
2788 4298 2821 4335 a
2842 4281 2995 4352 Papa
3016 4281 3190 4336 etiam
3212 4282 3448 4353 petebat
3468 4288 3525 4338 et
3544 4284 3753 4339 arden-

2098 4374 2260 4429 tibus
2280 4370 2540 4427 instabat
2562 4371 2854 4442 precibus,
2878 4374 2943 4425 ut
2962 4370 3616 4444 Constantinopolitanae
3648 4373 3754 4427 hu-

2095 4462 2363 4535 jusmodi
2412 4460 2803 4533 expeditionis
2852 4465 3056 4516 auctor
3085 4461 3211 4533 ipse
3244 4461 3409 4517 fieret
3439 4478 3622 4533 seque
3653 4462 3751 4517 isti

2104 4551 2338 4623 negotio
2398 4548 2713 4619 praeficeret
2745 4565 2757 4604 :
2795 4548 3039 4621 dignum
3071 4549 3227 4605 enim
3260 4566 3388 4605 esse
3418 4550 3475 4606 id
3509 4549 3754 4619 bellum,

2106 4658 2222 4714 quo
2244 4638 2507 4693 videlicet
2537 4639 2855 4709 repetenda
2886 4638 3142 4693 filiorum
3174 4639 3303 4709 ejus
3332 4644 3490 4696 esset
3510 4640 3757 4696 haeredi-

336 4730 680 4787 recedentes
711 4728 885 4801 plane
916 4728 1211 4784 desertam
1258 4724 1627 4797 reliquerunt
1656 4723 1819 4814 illam
1851 4722 1990 4778 olim
2024 4750 2072 4814 D
2102 4735 2217 4795 tas,
2250 4728 2405 4799 quod
2447 4726 2636 4782 Patris
2684 4727 3020 4783 communis
3069 4728 3307 4784 nomine
3356 4728 3762 4801 auspiciisque

339 4819 570 4887 urbem,
595 4816 697 4874 ubi
723 4818 897 4874 fuerit
921 4816 1109 4889 signis
1132 4832 1288 4869 nunc
1309 4820 1541 4871 tantum
1565 4813 1814 4869 exilibus
1830 4829 1995 4868 mon-

340 4906 720 4975 strantem,in
739 4907 990 4961 urbibus
1008 4908 1375 4959 numeratam
1391 4903 1536 4959 dicis
1552 4908 1780 4958 tantum
1794 4919 1992 4969 causa,

339 5003 400 5055 et
431 4996 670 5054 nomine
724 5003 912 5065 tenus,
945 5012 1079 5051 cum
1114 4994 1289 5051 modo
1320 4994 1462 5051 urbs
1493 5010 1610 5049 non
1640 4995 1738 5050 sit.
1770 4999 1845 5049 At
1872 4994 2000 5064 ejus

340 5086 597 5144 antistes
617 5085 853 5141 Nicetes
883 5101 1040 5140 unus
1072 5086 1436 5157 repertorum
1487 5083 1641 5139 inter
1687 5084 1912 5150 ruinas,
1945 5086 2003 5137 et

348 5179 618 5233 servatus
648 5177 949 5246 superstes
980 5172 1077 5229 ille
1108 5173 1370 5245 quidem,
1404 5180 1677 5230 caeterum
1708 5172 1768 5228 in
1802 5171 2004 5227 multis

341 5262 720 5321 cicatricibus
750 5262 994 5335 reliquis
1018 5278 1087 5317 ex
1110 5261 1299 5334 plagis
1321 5279 1471 5333 quas
1491 5260 1707 5333 illapsu
1730 5278 2005 5317 saxorum

346 5353 777 5426 tignorumque
798 5356 1122 5423 acceperat,
1146 5349 1449 5407 luculenta
1468 5351 1713 5422 vestigia
1728 5350 2010 5406 mirabili-

344 5447 436 5499 ter
449 5440 615 5496 vitati
636 5439 883 5512 periculi
907 5439 1782 5511 circumferens,memoriaipsa
1801 5438 2008 5509 cladis,

350 5547 533 5604 quam
563 5528 785 5585 viderat
814 5533 872 5585 et
903 5534 1169 5584 senserat
1199 5530 1547 5585 atrociorem
1566 5528 1717 5585 858
1737 5528 2013 5598 opinione

352 5619 542 5689 omni,
567 5618 878 5691 perculsus
910 5619 1054 5676 adeo
1078 5622 1250 5674 estut
1270 5618 1464 5674 locum
1485 5619 1817 5690 fugeritnec
1840 5616 2017 5673 susti-

352 5707 561 5765 nuerit
590 5708 862 5765 insistere
889 5707 1158 5780 sepulcro
1189 5724 1307 5764 suae
1339 5707 1899 5779 metropolis,quam
1931 5724 2019 5761 or-

356 5799 567 5855 batam
597 5796 845 5867 civibus,
868 5812 1085 5852 corona
1106 5796 1390 5852 moenium
1412 5802 1470 5851 et
1490 5795 1869 5851 aedificiorum
1902 5795 2019 5852 ele—

350 5886 631 5961 gentium
692 5885 854 5944 omni
911 5891 1145 5957 ornatu,
1175 5886 1389 5957 opibus
1420 5901 1656 5959 quoque
1686 5885 2023 5957 spoliatam,

650 6012 918 6071 ΡΑτιιοι..
966 6010 1079 6071 Gn.
1118 6008 1380 6068 CXLIII.

2109 4823 2443 4893 generetur.
2477 4821 2543 4872 In
2595 4833 2723 4887 qua
2773 4815 2891 4871 illis
2940 4817 3472 4885 consentientibus,
3514 4817 3768 4874 Ecclesia

2109 4923 2345 4980 quoque
2375 4904 2692 4961 consilium
2725 4904 3015 4976 probavit,
3040 4908 3097 4960 et
3121 4910 3566 4977 cooperaturam
3597 4922 3660 4962 se
3692 4906 3765 4961 ad

2111 4999 2384 5055 effectum
2414 5003 2681 5051 votorum
2715 5010 2893 5065 quam
2926 4998 3124 5065 posset
3154 4993 3409 5051 maxime
3468 4994 3758 5067 promisit.

2112 5087 2215 5143 His
2236 5090 2381 5141 tunc
2402 5082 2697 5155 agitandis
2728 5082 3228 5154 conficiendisque
3245 5083 3508 5140 intentus
3522 5084 3767 5141 Carolus

2114 5179 2256 5233 erat.
2284 5178 2607 5246 Imperator
2636 5189 2770 5228 vero
2820 5188 3061 5244 prorsus
3091 5171 3378 5244 imparem
3407 5190 3471 5230 se
3502 5174 3766 5230 sentiens

2117 5265 2216 5319 isti
2249 5262 2599 5319 sustinendo
2628 5260 2800 5328 bello,
2826 5276 2931 5315 nec
2959 5261 3279 5333 quidquam
3313 5261 3595 5318 dubitans
3621 5263 3767 5335 quin

2120 5352 2531 5410 succumberet
2573 5351 2833 5405 Romana
2876 5367 2990 5418 res,
3023 5350 3073 5406 si
3104 5354 3307 5407 contra
3352 5368 3480 5407 eam
3526 5352 3769 5408 Carolus

2123 5445 2359 5499 duceret
2405 5443 2533 5495 tum
2582 5438 2768 5507 illam,
2801 5440 2873 5495 de
2919 5455 3036 5510 qua
3077 5440 3214 5512 dixi,
3247 5440 3769 5498 instructissimam

2124 5531 2394 5598 classem,
2419 5535 2543 5584 tum
2578 5527 2758 5583 simul
2791 5528 3206 5598 fortissimum,
3230 5546 3401 5601 quem
3434 5531 3571 5587 item
3604 5547 3777 5602 para-

2124 5624 2307 5686 verat,
2338 5621 2673 5674 terrestrem
2698 5617 3040 5687 exercitum,
3068 5618 3396 5676 Brundusio
3428 5619 3490 5674 in
3525 5619 3780 5691 Dyrrha-

2128 5708 2246 5765 chii
2296 5706 2498 5763 navale
2539 5706 2669 5775 jam
2711 5723 2963 5762 vacuum
2996 5710 3054 5761 et
3084 5707 3396 5779 occupanti
3446 5706 3780 5778 expositum

2133 5815 2289 5865 mox,
2330 5800 2502 5870 prout
2551 5795 2964 5865 destinaverat,
2999 5797 3152 5854 859
3203 5796 3651 5869 deportandum.
3686 5797 3786 5852 Bi—

2131 5887 2345 5945 tariam
2392 5885 2551 5944 enim
2599 5884 2712 5943 isto
2758 5886 2929 5943 modo
2977 5886 3183 5958 partiri
3214 5885 3412 5958 copias
3444 5884 3687 5944 Carolus
3719 5886 3792 5941 de

3432 6008 3512 6067 26
