4080 6384
444 373 545 427 811

1755 356 2057 412 GEORGII
2100 354 2562 409 PACHYMERAS

3761 358 3853 413 812

442 497 585 569 τος),
637 490 825 554 ἄλλως
878 487 935 545 δὲ
990 483 1495 565 γραμματοφόρους
1547 478 1848 559 κρυφηδὸν,
1893 476 1984 569 καὶ
2031 473 2098 545 δὴ
2133 479 2185 547 Α
2212 473 2337 569 λοις
2369 474 2621 569 ἐπίστευε.
2647 473 3052 569 φίλοις,λεῦοδα
3086 476 3155 569 τὰ
3184 483 3285 569 τμῆς
3326 478 3490 569 πρὸς-
3516 478 3607 569 τὸν
3651 477 3852 538 πᾶππαν

446 564 793 640 καὶσδιταλῶν
848 564 1130 650 ὲπιδόξους
1182 570 1342 635 ὅσους
1388 569 1509 646 ᾔδει
1559 569 1854 647 φιλοῦντας
1882 564 1969 620 καὶ
2002 571 2104 634 τῆς

446 672 657 729 ἐκείνων
694 667 1010 743 συμμορίας
1058 662 1526 739 γινωσκομένους,
1580 654 1688 713 ἔστι
1733 656 1778 711 δ’
1811 656 1983 710 ἐνίοτε
2011 654 2103 709 καὶ

447 761 538 823 οῦς
570 759 824 837 φρερίους
857 755 1011 810 αὐτοὶ
1066 752 1343 825 λέγουσιν,
1401 746 1669 837 άδελιροῦς
1715 744 1897 837 δῆθεν,
1938 744 2100 837 ὑπερ-

445 834 685 927 χόμενος
718 848 805 901 καὶ
858 842 1139 911 θωπεῦων,
1194 838 1365 900 πολὺς
1418 839 1485 907 ἦν
1539 834 1805 891 δυσωπῶν
1846 834 1938 889 τὸν
1968 834 2105 888 Ῥώ-

453 924 560 1013 μης
610 935 869 1011 ἀρχιερέα
915 934 1005 987 καὶ
1053 929 1561 1000 καταποτνιώμενος
1618 927 1694 999 μὴ
1750 924 1957 998 ἐφεῖναι
1990 924 2105 978 Κα-

452 1028 637 1105 ρούλῳ
706 1028 773 1079 τά
836 1022 973 1077 κατὰ
1045 1024 1169 1074 νοῦν
1228 1017 1506 1093 πράττειν,
1571 1013 1710 1089 μηδὲ
1798 1017 2101 1089 συγχωρεῖν

447 1103 800 1190 Χριστιανοῖς
876 1111 963 1166 ἐπὶ
1039 1105 1400 1184 Χριστιανοὺς
1488 1104 1890 1180 στρατεύεσθαι·
1971 1103 2104 1156 εἶναι

441 1206 544 1283 γάρ
574 1204 663 1259 καὶ
699 1201 1028 1275 Ῥωμαίους,
1079 1198 1170 1259 οὓς
1227 1196 1379 1251 αὐτοὶ
1432 1193 1695 1269 Γραικοὺς
1749 1193 2103 1265 ὀνομάζουσι,

444 1300 542 1351 τοῦ
594 1293 758 1348 αὐτοῦ
818 1292 1050 1366 Χριστοῦ
1108 1286 1198 1341 καὶ
1255 1292 1357 1354 τῆς
1418 1284 1587 1352 αὐτῆς
1630 1280 1964 1351 Ἐκκλησίας
1988 1285 2105 1341 τοῖς

446 1383 705 1450 Ἰταλοῖς,
738 1379 884 1455 ἔχειν
933 1376 991 1433 δὲ
1038 1379 1127 1431 καὶ
1179 1375 1338 1430 αὐτὸν
1389 1378 1582 1429 τοῦτον
1627 1372 1834 1445 πατέρα
1872 1391 2105 1442 πνευμα-

445 1474 595 1530 τικὸν
627 1472 717 1526 καὶ
751 1469 1065 1544 λογίζεσθαι
1108 1463 1409 1539 ἀρχιερέων
1461 1459 1589 1516 ὄντα
1638 1460 1731 1515 τὸν
1772 1460 2102 1534 πρώτιστον.

445 1560 590 1631 Ἤδη
626 1558 683 1615 δὲ
711 1558 802 1614 καὶ
834 1554 1154 1632 ὑπισχνεῖτό
1206 1555 1258 1609 οἳ
1306 1554 1374 1607 τὰ
1434 1552 1782 1626 χρηστότερα
1806 1568 1820 1581 ·
1854 1552 1936 1622 [Ρ.
1976 1552 2103 1621 2'15]

444 1651 513 1707 τὰ
542 1648 585 1704 δ’
619 1649 777 1717 ἦντὸ
840 1646 964 1719 μίαν
1024 1640 1260 1719 μάνδραν
1315 1641 1558 1715 γενέσθαι
1617 1640 1718 1707 τὴν
1771 1636 2103 1707 Ἐκκλησίαν

449 1743 608 1809 Θεοῦ,
654 1736 745 1791 καὶ
805 1735 1033 1810 ἀρθῆναι
1110 1733 1172 1786 τὸ
1254 1730 1414 1804 μέσον
1471 1725 1802 1800 σκάνδαλον,
1872 1726 2109 1797 ἀνόνητα

450 1829 815 1904 ἐπεισφρῆσαν
848 1824 906 1878 ἐκ
949 1822 1316 1895 παλαιοτέρου
1364 1825 1481 1880 ταῖς
1530 1815 1886 1888 Ἐκκλησίαις
1916 1838 1928 1851 ο
1966 1814 2108 1890 μηδὲ
2141 1841 2185 1905 Β

448 1918 553 1994 γάρ
606 1918 738 1970 εἶναι
789 1914 982 1970 λοιπὸν
1032 1908 1291 1985 ἐμποδὼν
1341 1912 1437 1964 τοῦ
1484 1912 1652 1962 ταῦτα
1696 1906 1937 1981 γίνεσθαι
1968 1906 2109 1960 ἀπο-

450 2003 876 2073 κατασταθείσης
919 2008 1036 2065 τοῖς
1085 1998 1379 2075 ἐξορίστοις
1436 2004 1538 2067 τῆς
1571 1994 1810 2056 πόλεως.
1845 1994 2026 2051 Ταῦτά
2054 2016 2113 2049 τε

454 2094 714 2171 συχνάκις
774 2091 1055 2165 διεμήνυε,
1118 2089 1209 2143 καὶ
1267 2086 1472 2162 χρυσὸν
1533 2086 1764 2157 πέμπων
1826 2080 2112 2171 Καδδηνα-

454 2169 600 2246 λίοις
646 2181 976 2259 (στρόφιγξιν
1038 2180 1065 2233 ὁ
1117 2176 1330 2247 Ἕλλην
1393 2174 1560 2246 εἶ’πιιι,
1595 2174 1667 2235 ὡς
1720 2176 1885 2247 Οὒρας
1943 2169 2109 2243 οὔσης

449 2278 547 2331 τοῦ
589 2272 785 2330 πάππα
830 2271 967 2325 κατὰ
1012 2269 1115 2337 τὴν
1164 2268 1403 2343 Χριστοῦ
1457 2263 1714 2337 μίμησιν)
1762 2262 1850 2316 καὶ
1900 2264 1980 2323 οἷς
2009 2260 2108 2316 αλ-

447 2497 742 2559 creverat;
793 2496 852 2547 et
895 2491 1019 2561 jam
1070 2486 1303 2542 misisse
1334 2482 1760 2557 Dyrrhachium
1794 2482 2101 2537 dicebatur

449 2586 550 2658 qui
583 2582 772 2640 solum
807 2580 1281 2652 praeoccuparent
1310 2574 1410 2629 ubi
1438 2577 1679 2629 steterat
1717 2570 1821 2626 illa
1870 2571 2098 2641 civitas,

450 2690 632 2746 quam
654 2672 855 2735 etiam,
891 2673 953 2723 ut
974 2666 1290 2730 ferebatur,
1322 2663 1558 2718 reﬁcere
1587 2661 1903 2733 cogitabat.
1931 2660 2100 2730 Cum,

452 2763 720 2834 inquam,
755 2758 877 2813 haec
908 2771 1107 2811 secum
1140 2755 1441 2825 reputaret
1465 2751 1801 2823 imperator,
1829 2748 1947 2805 alia
1974 2765 2101 2805 om-

450 2852 592 2909 nino
626 2848 849 2905 ratione
878 2860 1058 2917 quam
1098 2843 1151 2899 vi
1200 2846 1397 2912 aperta
1428 2841 1793 2896 instantibus
1823 2854 2101 2895 oecuren~

450 2942 591 2998 dum
643 2936 815 2992 malis
863 2932 1111 2989 censuit.
1152 2931 1486 2988 Missitabat
1536 2929 1717 3001 igitur
1768 2928 2106 2999 frequenter

460 3044 662 3102 preces
693 3030 751 3080 et
780 3024 1003 3079 litteras
1036 3020 1333 3094 supplices
1363 3021 1437 3075 ad
1469 3035 1703 3091 papam,
1740 3034 1853 3073 non
1889 3032 1991 3088 per
2024 3016 2106 3073 le-

453 3123 621 3191 gatos
669 3118 772 3170 aut
818 3112 1087 3168 homines
1120 3110 1351 3183 agnitos
1380 3124 1484 3180 pro
1516 3108 1643 3163 suis
1676 3108 1917 3179 (frustra
1946 3107 2103 3161 enim

450 3205 595 3263 tales
643 3203 873 3260 mittere
922 3204 1252 3270 conaretur,
1284 3203 1521 3255 tenente
1569 3195 1867 3251 citeriores
1924 3197 2105 3251 Roma

456 3293 787 3370 provincias
818 3298 875 3348 et
899 3290 1070 3362 quasi
1120 3292 1317 3361 portas
1371 3287 1530 3358 ipsas
1588 3284 1735 3341 aula
1793 3284 2103 3355 pontiﬁcize

457 3385 684 3453 Carolo,
717 3384 870 3439 haud
900 3380 1079 3435 dubie
1100 3377 1470 3451 prohibituro
1502 3392 1573 3431 ne
1603 3373 1968 3446 transirent),
2002 3376 2103 3429 sed

456 3494 560 3548 per
588 3474 735 3530 alios
783 3471 932 3526 ﬁdos
963 3474 1018 3525 et
1050 3485 1165 3523 non
1216 3469 1525 3537 suspectos
1555 3464 1626 3519 oh
1660 3462 2103 3519 dissimulatum

451 3564 722 3621 habitum
745 3557 1167 3623 tabellarios,et
1186 3572 1289 3627 per
1304 3554 1591 3624 quosdam
1620 3552 1796 3608 Italos
1820 3552 2101 3620 illustres,

452 3669 707 3725 quorum
736 3647 849 3704 sibi
883 3645 1204 3701 amicitiam
1238 3646 1542 3715 paraverat
1571 3658 1838 3713 quosque
1860 3658 1893 3696 a
1915 3641 2104 3697 Caroli

452 3740 725 3816 partibus
773 3736 999 3791 alienos
1050 3736 1240 3789 norat.
1274 3731 1555 3787 Utebatur
1597 3737 1655 3787 et
1697 3734 1764 3787 ad
1816 3732 1871 3786 id
1926 3731 2103 3788 inter-

454 3833 596 3887 dum
627 3830 758 3901 ejus
787 3824 1018 3899 generis
1050 3822 1355 3879 hominum
1384 3822 1895 3893 ministerio,quos
1915 3821 2105 3876 Latini

453 3918 684 3977 Frerios
718 3918 947 3983 vocant,
972 3913 1138 3985 quasi
1190 3912 1414 3967 diceres
1462 3911 1692 3976 fratres,
1724 3928 1869 3982 quos
1923 3911 1991 3965 ad
2044 3911 2102 3966 id

453 4008 567 4064 sibi
587 4006 764 4063 ofﬁcii
784 4002 1183 4078 praestandum
1209 4000 1455 4056 artiﬁcio
1478 3999 1898 4055 blanditiarum
1923 4003 2103 4055 attra-

449 4097 634 4149 xerat.
667 4091 886 4146 Herum
916 4090 1246 4145 interventu
1280 4088 1546 4145 omnium
1598 4087 1823 4142 multus
1869 4092 1994 4142 erat
2040 4087 2099 4143 in

447 4181 809 4237 obsecrando
866 4178 1337 4250 obtestandoque
1382 4176 1661 4233 Pontiﬁce
1707 4176 1988 4245 Romano,
2031 4193 2119 4237 ne

447 4271 667 4327 sineret
694 4267 969 4325 Carolum
1021 4267 1265 4339 exsequi
1316 4283 1443 4337 quis
1496 4266 1911 4332 destinaverat,
1962 4283 2103 4322 neve

447 4360 815 4433 permitteret
832 4356 1199 4412 Christianos
1229 4353 1582 4439 Christianis
1605 4354 1821 4410 bellum
1845 4354 2061 4411 inferre
2086 4373 2098 4410 :

446 4465 578 4504 esse
610 4447 766 4502 enim
804 4463 908 4501 nos
932 4462 1169 4516 quoque
1200 4445 1687 4515 Itomanos,quos
1721 4444 1913 4499 Latini
1943 4445 2101 4500 Grae-

446 4554 547 4592 cos
582 4534 967 4608 appellarent,
1000 4533 1101 4588 uni
1136 4533 1446 4604 eidemque
1494 4533 1795 4603 subjectos
1841 4534 2093 4599 Christo,

2212 564 2444 626 ἱκετείας
2500 565 2745 637 καθίστα,
2795 566 2883 621 καὶ
2942 567 2969 620 ὁ
3019 563 3305 641 Κάρουλος
3360 564 3658 628 ἐκωλύετο.
3697 570 3856 635 Αὐτὸς

2214 651 2389 708 δὲκαὶ
2422 653 2588 709 πλέον
2649 656 2677 709 ὁ
2741 653 2995 730 βασιλεὺς
3048 657 3147 725 τήν
3204 656 3343 731 πρὸς
3403 656 3503 725 τήν
3547 657 3852 728 Ἐκκλησίαν

2213 743 2435 817 εἰρήνην
2495 742 2839 815 έπισυνδέων,
2895 745 3022 809 τοὺς
3097 746 3192 818 μὲν
3251 744 3452 801 ἐκεῖθεν
3512 745 3851 822 ἐρχομένους,

2210 832 2299 887 καὶ
2334 833 2550 906 μᾶλλον
2598 834 2642 889 εἰ
2687 841 2785 905 τῆς
2834 832 3165 905 Ἐκκλησίας
3197 834 3408 905 ἐκείνης
3448 837 3572 907 εἶεν,
3604 835 3850 915 φιλοφρὸ-

2211 945 2318 986 νως
2349 924 2627 1000 προσίετο,
2686 926 2761 989 ὡς
2817 926 2907 979 καί
2966 946 3099 981 ποτε
3155 926 3245 980 τὸν
3304 924 3611 999 Κροτώνης
3650 926 3849 984 ἐπίσκο-

2213 1034 2338 1085 πον,
2384 1011 2551 1087 ἄνδρα
2601 1011 2787 1088 λόγιον
2841 1008 2970 1069 ὄντα
3016 1013 3105 1068 καὶ
3140 1012 3555 1089 διγλωσσοῦντα
3584 1018 3699 1072 κατ’
3744 1016 3849 1072 ἐπι-

2215 1104 2429 1174 στήμην
2461 1104 2561 1173 τὴν
2594 1102 2757 1171 Θείαν,
2790 1103 2847 1157 ὃν
2894 1103 2986 1157 καὶ
3039 1108 3119 1175 τῷ
3166 1105 3489 1180 πατριάρχῃ
3522 1106 3748 1179 πέμπων
3773 1108 3849 1161 καὶ

2213 1186 2485 1263 κυϐερνῶν
2525 1194 2659 1265 μετά
2696 1192 2882 1266 καιρὸν
2921 1191 3263 1264 μετημφίαζε
3314 1192 3455 1267 πρὸς
3500 1193 3564 1248 τὸ
3612 1193 3851 1266 Ἐλληνι-

2213 1281 2473 1356 κώτερον,
2506 1281 2592 1335 καὶ
2624 1279 2916 1351 ἐκκλησίαν
2974 1278 3181 1335 διδόναι
3236 1282 3287 1335 o't
3330 1286 3411 1353 τῷ
3445 1281 3598 1357 λόγῳ
3627 1286 3721 1353 τῆς
3751 1282 3851 1339 ἔπι-

2215 1367 2442 1440 δόσεως,
2493 1371 2568 1434 ὡς
2615 1369 2948 1445 σχολάζοντι
2998 1377 3097 1440 τῆς
3152 1370 3463 1446 λαχούσης,
3508 1369 3675 1440 ἤθελὲ
3704 1374 3850 1428 τεκαὶ

2215 1458 2657 1532 ᾠκονόμειοκᾶν
2716 1458 2950 1534 ἐγένετο,
3011 1460 3056 1514 εἰ
3112 1462 3188 1532 μή
3250 1481 3309 1535 γε
3370 1462 3645 1537 φωραθεὶς
3674 1459 3850 1522 ἐκεῖνος

2216 1547 2291 1609 εἷς
2323 1544 2569 1602 δύσνοιαν
2620 1550 2707 1603 καὶ
2767 1554 2876 1603 τῶν
2935 1549 3221 1623 ἡμετέρων
3286 1543 3509 1624 βλάϐην
3538 1549 3602 1604 τὸ
3636 1550 3727 1622 μὲν
3748 1552 3847 1604 καθ’

2213 1635 2494 1707 Ἓλληνας
2547 1636 2852 1693 έστολίσοαι
2900 1638 2990 1692 καὶ
3038 1636 3204 1692 πάλιν
3245 1638 3383 1713 εἶχε,
3431 1639 3532 1707 τὴν
3568 1636 3625 1692 δὲ
3657 1637 3848 1713 βασιλι-

2215 1726 2315 1794 κὴν
2349 1725 2625 1798 εὐμένειαν
2658 1724 3034 1789 ἀπολωλεκὼς
3089 1726 3214 1799 περί
3262 1748 3371 1781 που
3414 1728 3514 1795 τὴν
3558 1726 3846 1799 Ποντοηρά-

2214 1814 2401 1869 κλειαν
2431 1813 2733 1891 ἐξωρίζετο.
2784 1814 2936 1877 Τέως
2988 1813 3034 1869 δ’
3093 1813 3182 1869 οῦν
3234 1818 3303 1889 τῇ
3348 1812 3651 1887 Ἐκκλησία
3677 1816 3767 1871 οὐκ
3792 1817 3847 1885 ἦν

2218 1901 2475 1977 ἐμποδὼν
2524 1905 2661 1960 κατὰ
2707 1910 2809 1959 πᾶν
2863 1903 3054 1977 ἐκείνῳ
3103 1906 3455 1980 ωγχρῇσθαι
3507 1906 3677 1971 οὕτως
3705 1902 3847 1981 ἔχον-

2219 2016 2293 2049 τι.
2327 1993 2570 2055 Ἀλλους
2630 1992 2687 2049 δὲ
2743 1993 2988 2056 πολλοὺς
3040 1993 3329 2058 πλείστους
3363 1996 3620 2072 φρερίους
3652 1993 3846 2069 ἐδέχετο

2220 2104 2309 2137 και
2360 2083 2495 2156 πρὸς
2570 2085 2669 2152 τήν
2748 2082 3037 2154 ἐκκλησίαν
3112 2079 3352 2157 ἔπεμπεν
3417 2086 3721 2160 ἀρχιερεῦσι
3772 2086 3846 2139 καί

2221 2173 2563 2248 πατριάρχῃ,
2619 2170 2678 2227 ἐκ
2735 2179 2836 2241 τῆς
2891 2178 3204 2251 προσφορᾶς
3263 2174 3445 2228 αὐτῶν
3504 2173 3777 2235 κοινωνίας
3804 2172 3846 2227 ἐν

2222 2260 2487 2335 ψαλμοῖς,
2541 2261 2591 2315 έν
2650 2266 2770 2324 ταῖς
2818 2260 2902 2316 ἐπὶ
2937 2260 3259 2318 τῶνάδύτων
3324 2263 3655 2340 εἰσαγωγαῖς
3692 2260 3845 2318 τεκαὶ

2210 2482 2481 2537 mittebat
2508 2484 2579 2537 ad
2606 2483 2956 2551 cardinales,
2993 2500 3120 2554 quae
3145 2500 3251 2540 vox
3286 2486 3498 2542 Latina
3539 2487 3738 2543 Grecae
3765 2503 3841 2541 re-

2210 2572 2461 2643 spondet
2488 2572 2847 2644 signiﬁcanti
2880 2573 3167 2642 cardines,
3192 2575 3442 2632 studens
3473 2575 3583 2631 hac
3612 2581 3726 2632 arte
3754 2592 3843 2647 pa-

2211 2676 2370 2731 pam,
2404 2660 2502 2732 qui
2543 2666 2601 2715 et
2640 2660 2785 2731 ipse,
2821 2663 2975 2732 quod
3026 2662 3097 2717 de
3147 2662 3380 2719 Christo
3429 2665 3663 2733 dicitur,
3694 2662 3841 2737 quasi

2212 2749 2428 2805 ostium
2454 2754 2560 2820 est,
2586 2749 2677 2805 his
2712 2750 2881 2821 quasi
2914 2750 3256 2807 cardinibus
3288 2751 3345 2808 ei
3377 2752 3568 2809 afﬁxis
3599 2753 3654 2809 in
3685 2768 3839 2825 quam

2213 2838 2326 2911 ipsi
2359 2843 2515 2894 esset
2546 2838 2689 2893 utile
2720 2844 2945 2910 partem
2980 2839 3287 2907 invertere,
3316 2843 3473 2913 quod
3508 2860 3618 2898 non
3651 2836 3842 2898 frustra

2213 2926 2478 2995 tentavit,
2534 2927 2847 2999 impetrato
2896 2932 3023 2983 tum
3056 2946 3089 2983 a
3122 2946 3273 3001 papa
3323 2933 3480 3002 quod
3531 2932 3769 3003 petebat,
3796 2933 3842 2984 et

2215 3019 2415 3072 Carolo
2466 3033 2538 3072 ne
2583 3016 2694 3071 sibi
2730 3017 2947 3073 bellum
2980 3017 3221 3073 inferret
3251 3021 3571 3090 prohibito.
3603 3024 3725 3092 Ipse
3752 3035 3840 3073 au-

2215 3112 2333 3162 tem
2367 3106 2599 3161 interim
2634 3106 2954 3177 imperator
2976 3108 3164 3179 magis
3188 3110 3501 3181 magisque
3523 3108 3839 3166 attendebat

2216 3195 2341 3269 paci
2393 3195 2662 3251 Ecclesia:
2695 3197 3071 3267 procuranda;
3121 3197 3459 3270 arctiusque
3491 3197 3835 3271 stringendaa,

2216 3285 2487 3341 homines
2528 3285 2738 3341 ltalieaa
2784 3286 3047 3353 ditionis,
3083 3286 3338 3344 maxime
3390 3291 3440 3345 si
3489 3282 3838 3345 ecclesiastici

2215 3379 2415 3430 essent
2452 3378 2509 3430 et
2555 3376 2742 3431 Latini
2777 3376 2949 3442 ritus,
2984 3377 3127 3431 forte
3156 3377 3663 3450 Constantinopoli
3693 3390 3837 3448 pere-

2215 3464 2517 3536 grinantes
2536 3467 2638 3520 aut
2660 3465 2937 3537 degentes
2971 3464 3522 3523 benevolentissime
3552 3466 3838 3522 admittens

2216 3553 2640 3625 adhibensque.
2676 3555 2736 3609 Id
2772 3555 2926 3626 quod
2969 3556 3277 3612 observare
3307 3557 3477 3613 licuit
3508 3558 3565 3613 in
3596 3555 3838 3628 episcopo

2215 3644 2515 3716 quondam
2575 3644 2855 3711 Cretense,
2889 3642 3011 3699 viro
3047 3642 3257 3701 litteris
3288 3646 3508 3702 diviuis
3540 3642 3838 3718 pererudito

2215 3740 2274 3788 et
2293 3732 2678 3805 linguajuxta
2710 3737 2959 3804 utraque
2983 3734 3222 3805 diserto,
3244 3751 3420 3806 quem
3448 3736 3504 3791 in
3528 3730 3836 3807 patriarchae

2214 3822 2496 3877 comitatu
2530 3820 2878 3876 collocatum
2912 3821 3082 3893 eique
3112 3825 3591 3880 commendatum
3615 3824 3738 3894 post
3756 3815 3839 3873 ali-

2214 3910 2368 3981 quod
2403 3915 2637 3980 tempus
2668 3909 2851 3964 sacris
2900 3910 3083 3965 (ἓνωοί
3138 3910 3289 3967 ritus
3333 3914 3596 3970 vestibus
3646 3906 3833 3969 induit,

2212 3999 2411 4055 volens
2447 4015 2885 4069 procuransque
2910 4004 2973 4055 ut
3002 3999 3250 4056 ecclesia
3277 4002 3375 4060 hic
3404 4003 3455 4057 ei
3486 3993 3837 4074 gubernanda

2214 4105 2316 4159 per
2346 4088 2796 4159 delegationem,
2833 4093 2899 4144 ut
2930 4088 3079 4144 solet
3110 4091 3246 4159 dici,
3276 4092 3639 4157 traderetur;
3687 4088 3834 4153 cujus

2212 4176 2593 4247 delegationis
2651 4194 2830 4249 capax
2888 4184 3035 4249 erat,
3083 4179 3296 4251 quippe
3351 4181 3453 4252 qui
3504 4180 3649 4251 ejus,
3681 4185 3833 4246 quam

2212 4267 2469 4337 primum
2505 4267 2694 4320 fuerat
2724 4266 2996 4337 sortitus,
3016 4284 3156 4322 cura
3185 4274 3242 4324 et
3272 4261 3836 4341 gubernationeliber

2211 4359 2387 4410 esset.
2420 4356 2581 4418 Quod
2614 4355 2886 4411 effectum
2919 4355 3075 4411 haud
3111 4357 3286 4413 dubie
3326 4357 3553 4424 fuisset,
3587 4352 3693 4410 nisi
3737 4346 3831 4404 sub

2210 4443 2332 4499 haec
2367 4444 2466 4499 ille
2498 4444 2899 4515 deprehensus
2934 4445 3124 4500 moliri
3177 4447 3375 4503 nescio
3427 4446 3566 4518 quid
3619 4436 3830 4496 inimico

2210 4531 2408 4588 animo
2456 4532 2515 4587 in
2568 4537 2832 4588 nostrum
2890 4534 3196 4600 damnum,
3245 4536 3301 4590 in
3348 4535 3559 4591 vestitu
3617 4527 3825 4601 quidem

446 4607 632 4681 unum
656 4624 835 4679 unius
867 4622 1131 4678 Ecclesiae
1164 4639 1377 4695 corpus
1401 4639 1531 4677 cum
1560 4622 1721 4678 Italis
1743 4622 2098 4692 conflantes;
2133 4607 2177 4671 Ι)
2208 4626 2402 4677 Graeco
2428 4638 2795 4693 perseverare
2827 4622 3154 4694 permissus
3186 4624 3361 4680 etiam
3393 4628 3592 4696 postea
3621 4616 3822 4675 fuisset.

440 4731 503 4771 se
526 4731 759 4787 quoque
791 4729 1004 4785 papam
1030 4711 1244 4767 habere
1276 4715 1450 4781 atque
1484 4727 1799 4783 agnoscere
1820 4711 2096 4782 spiritua-

436 4804 551 4859 lem
576 4802 1251 4874 Patrem,episcoporum
1280 4801 1545 4857 omnium
1571 4801 1919 4872 principem.
1948 4801 2094 4857 Huic

436 4892 786 4965 professioni
820 4891 1243 4964 promissiones
1274 4890 1330 4943 in
1362 4894 1660 4961 posterum
1722 4889 2091 4960 plausibilia-

438 4998 531 5037 res
589 4982 863 5045 addebat,
920 4980 1202 5033 daturum
1263 4978 1403 5033 seei
1463 4976 1737 5032 videlicet
1794 4978 2091 5034 efﬁcacem

438 5086 675 5140 operam
709 5084 826 5141 quo
867 5067 927 5123 in
978 5084 1165 5123 unum
1218 5066 1366 5123 ovile
1420 5067 1783 5136 redigeretur
1839 5067 2093 5124 Ecclesia

442 5156 565 5225 Dei,
582 5158 888 5213 nationum
913 5156 1255 5212 discrimine
1278 5154 1604 5222 sublato,et
1627 5155 1902 5211 seandalo
1920 5158 2090 5212 dam-

438 5244 567 5300 nosi
623 5244 879 5312 discidii,
921 5262 1036 5317 quo
1093 5245 1319 5299 dudum
1374 5243 1700 5316 perniciose
1756 5248 2090 5303 communis

437 5332 750 5389 concordia
807 5333 1215 5399 dirimebatur,
1260 5335 1330 5389 de
1389 5333 1583 5388 medio
1640 5338 1831 5390 amoto
1882 5353 1894 5389 :
1942 5337 2087 5391 nihil

433 5422 588 5477 enim
613 5420 740 5491 jam
768 5421 1124 5476 obstiturum
1154 5421 1474 5493 quominus
1496 5422 1551 5476 id
1589 5422 1771 5490 ﬁeret,
1798 5424 2089 5479 restitutis

432 5510 490 5565 in
526 5510 775 5583 patriam
825 5510 1130 5580 antiquam
1165 5527 1334 5565 suam
1367 5512 1933 5583 Constantinopolim
1972 5514 2088 5569 illis

434 5600 534 5671 qui
567 5616 635 5656 ex
664 5617 731 5656 ea
762 5600 916 5655 360
950 5599 1175 5654 dudum
1218 5599 1369 5669 pulsi
1403 5618 1506 5672 per
1536 5600 1771 5656 Latinos
1837 5604 2086 5658 fuerant.

429 5688 593 5743 Talia
615 5688 795 5745 simul
818 5686 1070 5744 subinde
1092 5686 1439 5759 inculcabat,
1465 5689 1643 5744 simul
1664 5706 1869 5746 aurum
1896 5695 2087 5748 trans-

2204 4717 2399 4767 tamen
2421 4712 2639 4767 amissa
2671 4712 2878 4767 deinde
2908 4712 3280 4785 imperatoris
3310 4713 3499 4787 gratia
3528 4706 3824 4767 exsulatum

2204 4802 2358 4856 circa
2384 4800 2721 4857 Heracleam
2755 4802 2924 4857 Ponti
2950 4804 3168 4859 missus
3191 4811 3345 4860 esset
3368 4804 3440 4859 ob
3465 4798 3650 4858 nescio
3674 4803 3824 4865 quam

2204 4890 2433 4946 civilem
2466 4907 2730 4946 causam.
2758 4892 2818 4946 In
2843 4908 2959 4962 qua
2983 4892 3110 4963 ipsa
3140 4909 3269 4948 eam
3300 4890 3568 4949 adhibuit
3590 4885 3820 4942 modera-

2203 4979 2449 5047 tionem,
2472 4983 2535 5034 ut
2565 4978 2887 5036 declararet
2910 4998 3025 5037 non
3050 4982 3284 5039 obstare
3316 4999 3378 5038 se
3409 4977 3715 5053 quominus
3740 4981 3812 5029 θοι

2202 5062 2340 5126 licet
2370 5069 2677 5126 exsulante
2707 5088 2814 5127 suo
2840 5072 3036 5142 jussu,
3074 5072 3329 5129 Ecclesia
3360 5074 3427 5127 ad
3462 5066 3821 5152 ᾳιιοάουξιριξθ

2202 5158 2403 5215 utilem
2439 5163 2667 5230 putaret
2700 5164 2982 5215 uteretur.
3013 5160 3176 5218 Alios
3209 5178 3339 5218 vero
3384 5160 3613 5216 Latinos
3660 5147 3819 5241 pleri:

2202 5267 2329 5305 mos
2353 5250 2484 5305 etin
2521 5250 2592 5305 iis
2624 5249 2950 5322 saepissime
2983 5251 3233 5317 Frerios,
3266 5249 3597 5307 humaniter
3624 5231 3818 5303 excepit

2200 5343 2257 5394 et
2278 5339 2336 5393 in
2360 5338 2668 5394 ecclesiam
2699 5338 2885 5406 misit,
2908 5344 2975 5394 ut
2996 5339 3077 5395 ibi
3107 5342 3179 5395 ab
3210 5338 3500 5412 episcopis
3522 5339 3573 5390 et
3595 5324 3815 5402 patriar-

2200 5428 2376 5483 archa
2414 5428 2470 5481 in
2506 5444 2740 5483 omnem
2795 5426 2975 5483 libere
3025 5446 3327 5485 sacrorum
3374 5418 3814 5484 communionem

2200 5516 2675 5586 admitterentur,
2735 5516 3070 5585 oblationis,
3131 5516 3490 5590 psalmodiis,
3542 5509 3811 5597 ίηετεεῆυῗ

2200 5606 2530 5676 adytorum,
2560 5605 2907 5677 stationum,
2942 5606 3408 5680 participationis
3462 5600 3601 5658 861
3652 5590 3808 5647 divini

2199 5695 2392 5767 panis,
2417 5712 2590 5767 quem
2627 5694 2963 5751 antidorum
2989 5705 3214 5766 vocant,
3239 5693 3461 5754 cunctis
3492 5688 3643 5744 hisce
3670 5687 3805 5735 com-
