4080 6392
253 469 364 526 813

1334 471 1432 524 DE
1468 469 1842 524 MICHAELE
1882 467 2329 524 PALBOLOGO
2364 469 2500 525 LIB.
2542 472 2610 525 V.

3573 473 3678 530 8H

254 593 602 663 στάσεσιν,ἐν
650 592 958 667 μεταλήψει
1009 595 1111 648 τοῦ
1169 590 1314 657 θείου
1345 589 1532 668 ἄρτου,
1589 591 1648 646 ὃν
1679 588 1911 646 ἀντίδω-
1943 593 1996 661 Α
2029 592 2197 665 χῆθεν
2257 591 2346 648 καὶ
2406 593 2491 648 ἐπὶ
2557 593 2944 670 μεγαλειότητι
3015 593 3253 666 ἐξουσίας
3318 596 3677 670 τιμώμενον,

255 703 348 760 ρον
390 682 679 757 λέγουσιν,
727 681 789 737 ἐκ
834 683 1048 738 πάντων
1101 680 1290 737 ἄλλων
1343 681 1490 750 πλὴν
1555 680 1912 755 μεταλήψεως

255 771 339 848 (οὗ
382 774 484 848 γάρ
525 769 782 848 ἔχρῃζον)
819 772 920 840 τὴν
972 770 1052 833 εἲς
1104 769 1300 846 ἐγγύας
1345 769 1600 844 κειμένην
1650 773 1758 824 τῶν
1788 770 1912 825 Ἐκ-

251 861 502 930 κλησιῶν
547 860 772 935 εῗρήνην
821 857 1178 933 κατεμπεδῶν
1249 881 1307 914 τε
1355 860 1444 914 καὶ
1502 857 1912 936 προασνραλιζό-

265 966 450 1024 μενος,

255 1113 317 1166 0'.
384 1113 568 1173 Ὃπως
645 1103 898 1185 πρέσϐεις
1057 1108 1321 1186 βασιλευς
1392 1109 1530 1183 πρὸς
1608 1111 1697 1164 τὸν
1769 1108 1913 1186 ῥῆγα

750 1180 1036 1258 Φραγγίας
1057 1178 1419 1236 ’ἀπέστελλεν.

328 1311 408 1383 [Ρ.
459 1309 586 1381 246]
630 1309 884 1381 Ἔπεμπε
932 1305 990 1362 δὲ
1034 1307 1126 1362 καὶ
1180 1303 1376 1380 ἄνδρας
1427 1306 1912 1377 ἐκκλησιαστικοὺς

255 1397 400 1454 πολὺ
431 1398 492 1452 τὸ
523 1397 846 1471 ἀξιοπρεπὲς
875 1394 934 1450 ἔκ
960 1417 1019 1451 τε
1060 1395 1270 1470 τρόπου
1323 1395 1412 1450 καὶ
1445 1395 1710 1474 ὀφφικίων
1745 1391 1908 1471 ἔχον-

252 1507 349 1552 τας
392 1486 528 1563 πρὸς
571 1486 664 1541 τὸν
714 1485 854 1562 ῥῆγα
903 1486 1180 1562 Φραγγίας
1211 1532 1226 1557 ,
1279 1483 1612 1563 αὐτάδελφον
1666 1484 1758 1558 μέν
1813 1490 1910 1541 τοῦ

256 1572 547 1651 Καρούλου
604 1573 666 1628 τὸ
723 1573 880 1648 γένος
942 1570 1092 1641 ὄντα,
1141 1575 1270 1638 τοὺς
1317 1573 1561 1649 τρόπους
1611 1572 1667 1629 δὲ
1712 1573 1910 1644 ἥκιστα

250 1662 630 1738 ἀδελφίζοντα.
663 1663 731 1719 Οἱ
781 1660 826 1716 δ’
882 1664 1017 1731 ἦσαν
1049 1664 1078 1717 6'
1106 1685 1165 1719 τε
1192 1670 1292 1734 τῆς
1340 1661 1672 1734 Ἐκκλησίας
1706 1683 1908 1738 χαρτο-

251 1753 426 1832 φύλαξ
471 1753 500 1806 6
555 1757 756 1813 Βεκκος
802 1751 893 1805 καὶ
945 1751 971 1805 ὁ
1026 1756 1123 1807 τοῦ
1177 1751 1464 1828 βασιλικοῦ
1521 1750 1907 1828 ἀρχιδιάκονος

248 1843 464 1915 κλήρου
497 1840 943 1908 Μελιτηνιώτης.
995 1842 1094 1902 Οἷς
1149 1839 1214 1909 δη
1269 1842 1358 1896 καὶ
1393 1842 1494 1897 οὐκ
1520 1841 1801 1918 ἐκχιοροῦν
1835 1843 1910 1905 εἰς

2018 685 2154 758 πρὸς
2206 681 2263 738 δὲ
2308 684 2399 739 καὶ
2444 683 2576 748 τους
2621 686 2859 761 τρόπους
2909 685 3091 756 εὐθὺν,
3139 686 3234 742 τὸν
3294 684 3542 762 δεύτερον
3585 689 3677 743 καὶ

2017 773 2150 848 χθὲς
2181 774 2256 837 εἰς
2287 773 2430 850 ῥῆγα
2479 774 2865 848 τετιμημένον,
2924 775 3060 848 πρὸς
3112 773 3169 830 δέ
3216 774 3306 830 καὶ
3363 779 3431 850 τῇ
3465 775 3678 849 ἐξουσίᾳ

2017 861 2358 935 λειπόμεπον
2408 865 2496 918 καὶ
2545 862 2602 919 δε
2645 863 2870 920 σκολιὸν
2921 864 3148 930 πείθειν·
3205 863 3475 942 μηδὲγὰρ
3508 868 3676 923 ἀπευ-

2017 950 2264 1016 θύνεσθαί
2312 974 2444 1007 ποτε
2491 955 2552 1008 τὸ
2612 955 2774 1030 ὀρθὸν
2823 955 2959 1029 πρὸς
3003 955 3065 1009 τὸ
3117 952 3364 1025 σκολιὸν,
3398 953 3523 1011 εἶδ’
3557 956 3672 1030 οὗν,

2020 1039 2150 1113 μηδ’
2180 1040 2661 1110 ἀποσκολιοῦσθαι,
2693 1041 2839 1098 ἀλλὰ
2867 1044 2928 1098 τὸ
2981 1042 3201 1099 σκολιὸν
3249 1044 3385 1119 πρὸς
3428 1045 3492 1099 τὸ
3523 1045 3672 1116 εὐθὺ,

2015 1133 2143 1207 παρ’
2199 1131 2228 1185 ’ὁ
2278 1133 2368 1186 καὶ
2489 1133 2836 1208 προσηγορία
2881 1139 2982 1203 τῆς
3043 1135 3342 1201 ποιότητος
3387 1133 3671 1206 εἴληπται.

2014 1221 2086 1274 Ei’
2116 1222 2211 1294 μὲν
2257 1220 2346 1275 οὖν
2408 1221 2610 1291 πείθοι,
2659 1220 2786 1277 ἀλλ’
2830 1219 2922 1276 οὖν
2973 1222 3321 1299 ἐντυγχάνειν
3369 1228 3447 1296 τῷ
3477 1224 3675 1297 πάππα

2020 1311 2152 1386 ὑπὲρ
2207 1312 2479 1386 Γραικῶν,
2523 1308 2774 1388 ἀδελφῶν
2833 1312 2924 1365 καὶ
2980 1313 3159 1366 αὐτῶν
3218 1309 3390 1367 ὄντων
3445 1312 3535 1368 καὶ
3576 1317 3674 1368 τοῦ

2018 1399 2180 1455 αὐτοῦ
2235 1400 2557 1474 ἠξιωμένων
2637 1401 2946 1473 ὀνόματος,
3009 1401 3096 1454 καὶ
3155 1400 3329 1464 οὕτως
3395 1399 3676 1457 ἐκκόπτειν

2015 1489 2300 1565 πειράσθαι
2345 1489 2410 1543 τά
2457 1487 2594 1544 κατᾶ
2639 1493 2747 1543 τῶν
2795 1489 3084 1562 Ῥωμαίων
3132 1493 3228 1544 τοῦ
3280 1487 3518 1567 ἀδελφοὺ
3566 1513 3673 1564 μη-

2015 1579 2326 1651 χανήματα.
2401 1580 2577 1630 Ταῦτα
2650 1579 2746 1630 τοῦ
2809 1573 3080 1650 βασιλέως
3160 1573 3494 1648 ὸναοεμένου
3555 1581 3675 1639 τοῖς

2013 1662 2359 1741 πρεσϐευσιν,
2421 1667 2522 1720 ὑπὸ
2583 1664 2797 1740 μεγάλῃ
2856 1663 3112 1740 θεραπείᾳ
3167 1662 3303 1719 λαοῦ
3349 1686 3408 1720 τε
3447 1665 3535 1719 καὶ
3574 1665 3676 1740 βα-

2013 1755 2240 1811 σιλικῶν
2275 1754 2498 1810 εἷ’κόνων
2522 1754 2612 1810 καὶ
2672 1754 3014 1827 ἐκπωμάτων
3068 1753 3157 1808 καὶ
3209 1754 3431 1830 βαρείας
3464 1751 3674 1824 ἐξόδου.

2013 1847 2086 1907 ὡς
2139 1843 2228 1900 καὶ
2289 1845 2550 1921 φανέντας
2612 1843 2781 1916 μόνον
2829 1841 3120 1912 ἐκκλῆξαέ,
3178 1840 3419 1916 ἐξῄεσαν.
3479 1843 3568 1904 Ὧς
3629 1839 3677 1897 δ’

257 1931 580 2004 βρεντήσιον
631 1927 1083 2000 διαπεραιοῦσθαι
1134 1931 1222 1984 καὶ
1270 1935 1338 2005 γῇ
1371 1930 1695 2006 χρωμένους
1750 1929 1906 2005 βαδί-
1944 1962 1990 2026 Β
2023 1933 2256 1989 Αὐλῶνα
2287 1935 2580 2012 φθάσαντες
2636 1934 2723 1988 καὶ
2769 1932 2898 2002 νηὸς
2941 1925 3223 1994 ἐπιϐάντες
3271 1931 3508 2006 Παχύνῳ
3538 1928 3676 2007 ἄκρᾳ

258 2026 389 2090 ζειν,
419 2020 516 2086 τήν
577 2019 670 2091 μὲν
721 2019 887 2094 μέχρι
935 2018 1024 2073 καὶ
1072 2018 1332 2081 Αὐλῶνος
1380 2018 1503 2075 ὁδὸν
1531 2018 1726 2084 ἵπποις
1757 2041 1914 2096 χρω-

259 2109 453 2181 μένους
503 2106 706 2162 ὁδεύειν
752 2112 1036 2183 παρεῖχεν,
1087 2108 1286 2173 ἐκεῖθεν
1340 2107 1396 2164 δὲ
1443 2111 1572 2180 νηὸς
1617 2106 1906 2174 ἐπιϐάντας

249 2199 338 2252 καὶ
375 2195 643 2252 Θάλασσαν
675 2197 967 2268 τέμνοντας
996 2199 1094 2266 τήν
1137 2197 1188 2259 ἐς
1233 2200 1324 2252 τὸν
1378 2199 1540 2275 ῥῆγα,
1594 2198 1731 2254 ὅπου
1785 2201 1904 2254 ποτ’

254 2287 313 2340 ἃν
357 2285 598 2362 εὑρεθείη
655 2282 895 2361 διάγων,
948 2289 1213 2342 ποιεῖσθαι
1266 2285 1673 2360 διαπεραιωσιν,
1703 2291 1802 2345 Ἦν
1850 2287 1907 2344 δέ

251 2375 304 2430 οἱ
337 2375 366 2428 6
397 2381 498 2443 τῆς
528 2369 817 2447 πρεσϐείας
876 2376 1077 2438 σκοπὸς
1135 2376 1383 2431 κάκεῖνον
1441 2375 1642 2450 δώροις
1688 2378 1776 2432 καὶ
1809 2376 1906 2433 λόο

251 2484 372 2539 γοις
407 2463 484 2527 ὡς
542 2461 767 2517 δυνατὸν
821 2463 1280 2537 ἐκμειλίσσεσθαι,
1338 2465 1428 2520 καὶ
1485 2470 1903 2542 παρασκευάζειν

248 2553 525 2628 εἰρηνικὸν
577 2547 706 2607 ὄντα
753 2557 871 2615 ταῖς
925 2556 1135 2631 φήμαις
1183 2556 1411 2632 γράφειν
1463 2557 1557 2628 μὲν
1626 2556 1717 2610 καὶ
1770 2577 1906 2632 προς

243 2643 338 2698 τὸν
389 2639 626 2719 ἀδελφὸν
680 2643 746 2696 τὰ
796 2641 978 2698 εἶ’κᾶτα
1035 2643 1124 2698 καὶ
1173 2644 1236 2699 τὸ
1287 2645 1485 2718 θράσος
1545 2643 1902 2718 ἐκμαλάττειν

249 2732 339 2790 καὶ
394 2731 492 2793 τὰς
541 2730 717 2807 ὁρμὰς
767 2729 974 2786 ἐκείνου
1024 2732 1259 2808 ἀνέχειν.
1308 2736 1460 2790 Ῥᾶον
1509 2733 1633 2810 γὰρ,
1688 2736 1762 2797 ὡς
1814 2735 1904 2791 καὶ

248 2840 370 2879 τινα
399 2816 625 2895 οἴεσθαι,
655 2825 872 2898 πρῶτον
903 2817 1030 2877 ὄντα
1076 2822 1166 2877 καὶ
1217 2829 1362 2899 ρῆγα
1404 2825 1771 2898 τετιμημένον
1807 2826 1904 2901 ἀρ-

261 3045 756 3103 municationibus
787 3045 1052 3116 (excepta
1080 3042 1314 3098 interim
1366 3042 1494 3098 sola
1539 3043 1909 3116 perceptione

266 3135 417 3193 sacri
441 3135 637 3191 calicis
671 3151 684 3188 :
721 3149 833 3188 non
867 3132 1023 3187 enim
1043 3132 1196 3188 hanc
1228 3131 1308 3187 illi
1339 3133 1907 3205 qumrebant),quam

261 3225 414 3282 serio
449 3227 901 3297 procuraturum
935 3223 1331 3295 spoponderat
1357 3226 1413 3277 ct
1441 3227 1908 3294 perpetraturum

2025 2021 2281 2085 Σικελίας
2311 2021 2643 2097 προσέσχον,
2682 2022 3008 2094 μανθάνουσι
3057 2021 3222 2095 πέραν
3269 2021 3404 2095 πρὸς
3440 2027 3674 2096 Καρχη-

2024 2110 2195 2185 δόνα,
2253 2111 2318 2181 ἥν
2371 2111 2624 2168 Τούνισιν
2685 2110 2970 2185 λέγουσιν,
3034 2107 3333 2164 ἀπελθόντα
3386 2110 3477 2164 τὸν
3536 2110 3678 2186 ῥῆγα

2015 2204 2131 2263 τοῖς
2179 2201 2316 2255 κατὰ
2364 2195 2572 2270 Λιϐύην
2635 2199 2858 2272 Αἰθίοψι
2926 2196 3216 2270 πολεμεῖν.
3284 2197 3390 2253 Καὶ
3462 2196 3529 2267 δὴ
3589 2197 3670 2276 ἐφ’

2017 2292 2250 2366 ἡμέραις
2328 2290 2498 2344 ἐκεῖσε
2571 2287 3058 2364 ναυλοχησάμενοι
3136 2288 3438 2351 ἀπαυτόθεν
3514 2286 3676 2352 εὐθὺς

2015 2379 2317 2442 Τουνίσεως
2374 2377 2636 2449 ἤλαυνον,
2687 2379 2750 2433 τὸ
2814 2375 3098 2432 Σικελικὸν
3168 2377 3674 2450 καταμετρουμενοι

2016 2467 2275 2545 πέλαγος,
2311 2472 2392 2540 [Ρ.
2428 2470 2560 2540 247]
2589 2467 2672 2545 ἐφ’
2713 2466 2806 2521 οὗν
2858 2463 2924 2534 δὴ
2973 2464 3064 2520 καὶ
3111 2465 3354 2540 ναυαγίῳ
3385 2465 3674 2540 χρησάμε-

2015 2580 2100 2613 νοι
2132 2559 2257 2632 παρ’
2290 2554 2481 2632 ὀλίγον
2512 2557 2546 2625 ἦ
2567 2557 2701 2620 λθον
2747 2559 2845 2610 τοῦ
2897 2555 3240 2630 βυθισθῆναι.
3298 2554 3388 2615 Ὠς
3420 2550 3477 2608 δὲ
3511 2552 3675 2627 μόλις

2016 2647 2204 2704 πολλὰ
2228 2647 2488 2712 παθόντες
2521 2641 2834 2713 ὀπέϐαινον,
2864 2648 2944 2715 τῷ
2979 2644 3074 2716 μὲν
3119 2641 3247 2719 ῥηὸὶ
3297 2639 3352 2697 ἐν
3398 2642 3675 2720 ἀρρωστίᾳ

2015 2733 2130 2791 ὄντι
2189 2735 2410 2812 χαλεπῇ
2469 2729 2860 2810 προσελθόντες
2904 2731 2972 2787 τὰ
3030 2731 3287 2808 βασιλικὰ
3341 2729 3669 2808 ἐνεχείριζον

2013 2827 2331 2901 γράμματα,
2359 2826 2420 2894 ὀ
2450 2822 2507 2879 δὲ
2708 2823 2784 2896 μὴ
2835 2817 2968 2876 ἔνων
3003 2821 3033 2875 δ
3059 2841 3112 2875 τι
3163 2819 3254 2874 καὶ
3303 2816 3478 2893 δρῴη,
3509 2823 3670 2874 τοῦτο

2020 3045 2275 3118 denique
2305 3045 2680 3116 obliquorum
2716 3049 2775 3100 et
2805 3062 2838 3100 a
2869 3046 3026 3100 recto
3059 3043 3402 3098 inﬂexorum
3436 3056 3669 3096 morum

2019 3133 2443 3206 homo,quibus
2475 3134 2802 3205 dirigendis
2847 3133 3159 3205 aptissima
3212 3137 3368 3186 esset
3409 3130 3670 3186 amassis

2021 3224 2326 3280 domestici
2361 3224 2612 3296 exempli
2644 3231 2702 3280 et
2721 3223 2839 3278 late
2861 3223 3151 3278 celebrata
3168 3220 3458 3275 rectitudo
3480 3219 3669 3274 sancti

258 3317 580 3386 receperat,
608 3312 996 3368 Ecclesiarum
1033 3328 1231 3383 pacem
1251 3312 1375 3383 jam
1413 3327 1566 3366 nunc
1597 3311 1910 3382 auspicans
1942 3345 1984 3411 ϐ
2022 3314 2149 3384 ejus
2181 3313 2336 3385 regis
2362 3317 2481 3369 tam
2507 3318 2632 3368 arto
2655 3312 2738 3368 illi
2766 3311 3075 3382 sanguinis
3097 3309 3328 3364 vinculo
3352 3309 3670 3379 conjuncti:

255 3410 314 3462 et
345 3405 565 3460 sensim
598 3403 939 3476 usurpando
973 3401 1736 3474 obstaculaqueamoliendo
1767 3419 1908 3475 prte-

262 3511 558 3550 muniens.

294 3638 349 3692 9.
385 3637 446 3694 Ut
476 3633 689 3707 legatos
718 3635 1025 3705 imperator
1051 3633 1123 3689 ad
1152 3649 1337 3706 regem
1365 3634 1613 3690 Francia
1634 3633 1872 3690 miserit.

330 3760 492 3816 Misit
523 3762 720 3814 autem
749 3763 807 3813 et
837 3758 992 3814 viros
1021 3757 1449 3814 ecclesiasticos
1483 3759 1680 3814 multae
1713 3758 1912 3831 digni-

267 3849 431 3916 tatis,
462 3859 590 3904 tum
623 3847 828 3904 merito
860 3846 1142 3903 virtutum
1161 3851 1285 3902 tum
1311 3847 1636 3903 ciliciorum
1662 3845 1917 3903 auctori-

270 3945 389 3996 tate
410 3955 535 4010 quaa
566 3937 864 4010 gerebant,
886 3937 957 3992 ad
978 3952 1171 4009 regem
1191 3937 1464 4005 Franciao,
1488 3937 1676 3994 Caroli
1709 3952 1917 4007 genere

273 4029 538 4095 fratrem,
597 4041 936 4098 quanquam
996 4026 1304 4096 utriusque
1364 4043 1554 4080 mores
1608 4025 1917 4080 minimum

273 4117 428 4173 inter
457 4133 521 4172 se
548 4115 956 4188 germanitatis
987 4117 1389 4187 praeferebant.
1431 4117 1498 4170 Hi
1529 4120 1724 4171 autem
1763 4116 1920 4171 tuere

274 4205 667 4278 chatopbylax
689 4205 948 4261 ecclesia:
983 4205 1198 4260 Veccus
1229 4210 1285 4262 et
1306 4206 1449 4278 regii
1478 4205 1923 4262 archidiaconus

275 4295 414 4352 cleri
445 4294 845 4350 Meliteniotes.
880 4293 982 4349 His
1031 4311 1160 4350 cum
1195 4311 1309 4350 non
1356 4295 1492 4350 licet
1547 4300 1705 4350 recta
1736 4296 1924 4350 Brun-

279 4384 516 4441 dusium
576 4382 844 4454 trajicere
897 4387 1136 4456 propter
1192 4384 1272 4439 ibi
1334 4385 1693 4440 dominantis
1742 4382 1928 4439 Caroli

280 4476 530 4538 metum,
598 4472 993 4544 prescriptum
1057 4477 1121 4528 ut
1176 4473 1268 4527 via
1326 4474 1586 4530 terrestri
1643 4473 1928 4528 Aulonem

281 4562 599 4634 equitando
632 4578 694 4617 se
725 4561 1134 4630 transferrent,
1165 4561 1418 4634 indeque
1444 4579 1588 4618 nave
1609 4578 1933 4618 conscensa

283 4668 388 4724 per
415 4651 597 4706 altum
621 4650 682 4706 in
717 4651 1019 4706 Franciam
1053 4651 1382 4718 tenderent,
1412 4651 1534 4707 illic
1565 4667 1762 4723 regem
1794 4667 1932 4706 con-

2020 3421 2132 3460 non
2167 3404 2320 3458 enim
2356 3407 2582 3459 rectum
2613 3404 2682 3458 ad
2740 3400 2963 3473 obliqui
2996 3414 3266 3455 normam
3320 3397 3673 3471 exigendum

2019 3499 2107 3548 est
2129 3492 2444 3560 (enimvero
2468 3491 2806 3564 depravatio
2829 3490 2953 3545 haec
2975 3489 3360 3562 quidem,non
3391 3486 3673 3542 correctio

2017 3583 2423 3655 esset),verum
2460 3581 2782 3653 obliquitas
2806 3579 3015 3635 detorti
3059 3576 3420 3650 exsequanda
3449 3575 3519 3631 ad
3545 3591 3671 3631 rec-

2016 3675 2168 3740 tum,
2203 3676 2268 3726 ut
2299 3671 2382 3726 sic
2414 3689 2522 3727 sua
2552 3673 2781 3727 constet
2810 3667 3023 3742 regulae
3057 3667 3203 3722 ratio
3233 3683 3297 3722 ac
3327 3664 3412 3720 vis
3444 3665 3672 3737 origine

2020 3759 2278 3815 indicata
2307 3759 2465 3815 vocis
2498 3777 2530 3814 a
2560 3759 2813 3831 regendo
2845 3762 2901 3814 et
2929 3756 3238 3829 dirigendo
3262 3755 3472 3810 ductae.
3507 3754 3669 3820 Quod

2021 3849 2070 3904 si
2103 3849 2452 3920 persuadere
2484 3848 2645 3903 fratri
2679 3864 2794 3902 non
2828 3849 3043 3918 posset,
3069 3848 3223 3901 certe
3275 3847 3473 3916 ageret
3515 3843 3669 3914 apud

2024 3954 2234 4012 papam
2271 3953 2372 4008 pro
2412 3937 2648 4004 Graecis,
2711 3935 2992 3989 fratribus
3049 3937 3107 3987 et
3165 3931 3310 4004 ipsis
3358 3935 3416 3988 et
3471 3933 3676 3987 eodem

2025 4025 2488 4082 Christianorum
2524 4023 2760 4081 nomine
2797 4021 3078 4092 dignatis,
3113 4020 3316 4090 sicque
3365 4023 3680 4075 conaretur

2027 4116 2345 4187 infringere
2377 4114 2574 4170 fratris
2607 4110 3154 4169 machinationesin
3205 4109 3521 4164 Romanos.
3578 4108 3681 4164 His

2030 4208 2102 4262 ab
2135 4207 2488 4277 imperatore
2520 4201 2816 4258 mandatis
2842 4199 3121 4270 acceptis,
3154 4197 3297 4252 dant
3345 4213 3407 4251 so
3439 4198 3495 4250 in
3523 4195 3678 4250 viam

2030 4296 2203 4368 legati
2224 4295 2501 4351 comitatu
2516 4311 2580 4348 ac
2599 4290 2874 4348 satellitio
2903 4287 3101 4360 stipati
3131 4301 3445 4341 numeroso
3469 4286 3686 4357 pariter

2033 4390 2091 4442 et
2118 4383 2509 4456 ornato,regio
2530 4383 2640 4456 ipsi
2658 4380 2816 4437 cultu
2853 4379 3266 4446 instructuque
3297 4373 3684 4447 supellectilis

2037 4473 2380 4546 Splendida},
2399 4471 2909 4546 imperatoriarum
2931 4467 3257 4539 imaginum
3293 4481 3358 4520 ac
3391 4479 3686 4526 vasorum.

2040 4568 2106 4618 ut
2133 4563 2306 4635 longo
2340 4564 2452 4618 ista
2475 4560 2837 4634 portantium
2869 4560 3056 4612 tractu
3073 4559 3397 4626 caateraque
3421 4551 3691 4625 magnifi-

2041 4653 2234 4708 centia
2265 4651 2513 4706 illustris
2547 4665 2771 4721 pompae
2806 4644 3113 4701 miriﬁcam
3150 4641 3517 4715 egredientes
3549 4641 3693 4696 urbe

282 4739 514 4794 venturi
546 4739 885 4810 ubicunque
914 4739 1130 4794 versari
1159 4755 1291 4794 eum
1319 4739 1682 4811 contigisset.
1711 4740 1936 4812 Scopus
1968 4725 2011 4787 D
2045 4741 2310 4796 attonitis
2340 4741 2467 4794 visu
2520 4737 2754 4810 populis
2793 4733 3047 4807 speciem
3096 4729 3356 4785 fecerint.
3406 4729 3692 4784 Aulonem

286 4827 600 4899 legationis
631 4833 756 4883 erat
782 4844 977 4900 regem
1011 4827 1181 4883 donis
1211 4832 1267 4884 et
1296 4828 1485 4884 verbis
1505 4832 1790 4901 quantum
1817 4827 1940 4883 fieri

285 4921 486 4987 posset
515 4916 784 4987 delinire,
817 4917 1137 4990 conarique
1168 4918 1460 4974 adducere
1519 4919 1736 4990 ipsum,
1764 4934 1940 4990 quem

285 5005 446 5061 fama
478 5006 700 5062 ferebat
730 5007 893 5075 pacis
921 5023 1051 5062 esse
1078 5007 1434 5077 studiosum,
1460 5007 1532 5062 ad
1566 5007 1941 5063 suadendum

287 5095 453 5150 fratri
486 5095 724 5167 scriptis
751 5095 966 5152 litteris
999 5112 1071 5152 ne
1105 5095 1631 5168 belloinquietaret
1652 5095 1944 5152 Orientem

292 5185 430 5241 Erat
460 5191 656 5241 autem
687 5185 1008 5243 verisimile
1039 5203 1320 5258 magnum
1343 5189 1577 5259 pondus
1607 5187 1942 5242 habituram

287 5275 698 5331 auctoritatem
745 5277 990 5348 majoris
1049 5283 1188 5332 natu
1246 5277 1536 5350 germani,
1600 5276 1703 5350 qui
1761 5293 1858 5332 rex
1915 5293 1949 5330 a

289 5363 580 5436 principio
604 5365 818 5421 fuisset
843 5366 1321 5439 tantumqueipsi
1353 5367 1611 5438 potentia
1631 5370 1946 5437 praestaret,

289 5454 362 5508 ad
431 5453 555 5510 haec
608 5453 712 5525 qui
774 5454 892 5510 vita
947 5459 1142 5510 rectus
1201 5460 1256 5510 et
1289 5455 1555 5510 moribus
1609 5455 1948 5527 inculpatus

295 5543 632 5609 haberetur,
692 5545 761 5599 ad
823 5545 1242 5600 emolliendum
1296 5545 1561 5600 animum
1611 5551 1669 5601 et
1731 5547 1949 5602 feroces

288 5633 546 5704 impetus
578 5633 896 5690 frenandos
917 5635 1103 5691 Caroli
1138 5635 1386 5690 minoris
1417 5637 1560 5690 natu
1595 5636 1816 5700 fratris,
1850 5636 1951 5707 qui

291 5737 480 5794 nuper
509 5725 743 5778 tantum
786 5723 981 5778 vocari
1031 5739 1131 5778 rex
1178 5724 1472 5795 ccepisset,
1519 5725 1954 5797 angustiusque

297 5826 362 5866 ac
393 5809 607 5883 opibus
628 5811 782 5868 882
814 5811 1070 5868 fraterno
1102 5812 1352 5870 inferius
1396 5829 1644 5886 regnum
1686 5813 1954 5884 haberet,

2051 4831 2323 4903 pervecti,
2359 4829 2458 4884 ubi
2495 4844 2639 4884 nave
2687 4825 2807 4880 illic
2853 4837 3177 4878 conscensa
3220 4817 3559 4890 Pachynum
3607 4818 3697 4872 Si-

2051 4919 2197 4977 cilire
2229 4923 2566 4984 tenuerunt,
2600 4916 2849 4972 audiunt
2893 4918 3335 4980 transgressum
3382 4923 3577 4979 regem
3641 4907 3700 4962 in

2054 5008 2555 5065 adversumlittus
2588 5021 2766 5080 prope
2821 4999 3258 5067 Carthaginem,
3309 5012 3488 5068 quam
3541 5012 3700 5051 nunc

2053 5103 2267 5155 vocant
2294 5097 2618 5165 Tunissim,
2652 5110 2782 5150 cum
2818 5088 3190 5160 Ethiopibus
3221 5085 3473 5140 Africam
3506 5088 3706 5141 tenen-

2055 5189 2214 5244 tibus
2241 5187 2480 5243 bellare.
2513 5189 2658 5258 Ergo
2679 5182 2759 5237 ibi
2791 5177 3000 5236 morati
3031 5175 3236 5248 paucis
3296 5173 3528 5241 diebus,
3591 5174 3707 5232 sol-

2054 5280 2256 5331 ventes
2287 5276 2357 5330 ad
2397 5273 2657 5329 Siculum
2709 5266 3105 5325 emetiendum
3153 5263 3364 5318 fretum
3409 5263 3710 5320 Tuniasim

2057 5381 2284 5430 versus,
2317 5379 2520 5419 navem
2547 5361 2648 5417 illo
2666 5375 2838 5415 cursu
2865 5357 3186 5428 fregerunt,
3213 5356 3270 5407 et
3293 5368 3501 5424 parum
3525 5352 3715 5408 abfuit

2061 5457 2198 5528 quin
2232 5455 2652 5524 mergerentur.
2703 5448 2778 5504 Ut
2833 5449 3028 5501 autem
3086 5443 3181 5497 vix
3238 5441 3476 5497 tandem
3527 5440 3716 5496 multa

2062 5543 2323 5618 perpessi
2358 5541 2806 5605 exscenderunt,
2829 5533 2948 5608 regi
2976 5550 3043 5589 ex
3067 5530 3227 5605 gravi
3262 5529 3464 5588 morbo
3480 5531 3715 5586 decum-

2063 5633 2222 5690 benti
2253 5631 2479 5687 litteras
2508 5626 2883 5702 imperatoris
2906 5619 3439 5679 reddiderunt.Rex
3458 5618 3720 5676 incertus

2065 5725 2206 5797 quid
2240 5727 2456 5797 ageret,
2503 5723 2642 5778 hinc
2698 5718 2939 5792 quidem
3001 5713 3204 5770 morbo
3264 5713 3528 5782 urgente,
3583 5709 3722 5767 inde

2070 5813 2208 5871 belli
2238 5813 2545 5870 districtus
2575 5810 2755 5878 curis,
2783 5801 3203 5878 supersedebat
3223 5797 3593 5872 expeditione
3625 5816 3723 5854 ne-
