4080 6416
464 424 574 479 815

1771 415 2070 477 GEORGII
2110 417 2578 474 ΡΔΟΗΥΜΒΒΒ

3754 423 3847 481 816

471 547 567 621 μὲν
600 544 917 622 ἀρρωστῶν,
948 543 1111 601 τούτο
1143 542 1200 599 δὲ
1237 543 1327 599 καὶ
1378 540 1650 615 πολέμοις
1701 538 2118 618 ἑνασχολούμε-
2147 543 2203 610 Α
2234 538 2390 604 εὐθὺς
2424 537 2879 613 ἑνσκευασοὶμενοι
2922 539 3015 595 τὸν
3066 541 3259 615 νεκρὸν
3306 538 3509 597 ἐκείνου
3552 544 3623 609 ὡς
3650 543 3698 599 ἐν
3725 545 3852 620 πλη.

467 656 582 707 νος,
628 635 832 709 ἀνήρτα
874 654 932 689 τε
985 634 1204 694 τούτοις
1259 632 1325 687 τὰ
1375 630 1667 705 πράγματα
1722 630 1811 685 καὶ
1872 630 2008 703 πρὸς
2062 630 2123 684 τὸ

469 726 891 798 νοσοκομεῖσθαι
923 724 1010 794 ᾖν.
1045 723 1110 778 Οἱ
1162 719 1219 776 δὲ
1270 722 1389 785 καθ’
1436 721 1650 796 ἡμέραν
1703 720 1877 792 θέαμα
1935 719 2121 794 ἑώρων

473 812 706 869 ἐλεεινὸν
764 813 1082 887 Ἀγαρηνῶν
1134 809 1328 883 μεταξυ
1385 808 1475 864 καὶ
1526 810 1792 865 Λατίνων.
1824 808 1963 879 Ἐξω
2020 808 2124 883 γὰρ

473 900 749 971 θαλάσσης
854 899 1375 977 έπιταφρευσάμενοι
1487 896 1687 954 Ἰταλοὶ
1798 896 2125 972 ὀχυρώματι

473 989 719 1064 ἐχρῶντο
778 992 845 1062 τῇ
877 988 1084 1062 τάφρῳ,
1126 987 1187 1042 τὸ
1248 986 1442 1059 μεταξὺ
1490 986 1834 1060 κατέχοντες·
1867 984 2021 1041 Αἰθίο
2071 1006 2123 1047 ες

472 1078 529 1133 δὲ
561 1075 875 1154 Καρχηδόνι
926 1076 1169 1154 φρουρίῳ
1215 1097 1275 1130 τε
1302 1075 1394 1130 καὶ
1453 1074 1781 1151 ὁρμητηρίῳ
1838 1076 2123 1149 χρώμενυι

474 1169 623 1243 εἶχον
663 1168 758 1240 μὲν
807 1166 857 1220 ἐν
904 1166 1137 1242 ἀσφαλεῖ
1187 1166 1475 1235 καθῆσθαι,
1537 1166 1685 1240 εἶχον
1742 1162 1799 1218 δὲ
1863 1165 1949 1218 καὶ
2013 1164 2119 1234 ὅπη

472 1258 723 1332 παρείκοι
752 1255 1097 1333 θαρρούντως
1130 1256 1327 1330 ὁρμᾷν.
1370 1255 1467 1308 Καὶ
1517 1258 1763 1329 συνεχῶς
1812 1254 1928 1307 καθ’
1984 1254 2124 1326 ἠμέ-

467 1367 562 1421 ραν
597 1343 959 1417 διεπολέμουν
992 1344 1128 1416 πρὸς
1177 1342 1486 1415 ἀλλήλους,
1520 1343 1593 1407 ὡς
1624 1342 1910 1405 πλείστους
1943 1343 2122 1418 ἀμφο-

2232 628 2463 705 ροφορίᾳ
2541 628 2893 702 ᾠκειωμένου
2973 634 3111 702 Θεῷ⁹
3181 628 3378 706 μύροις
3433 628 3731 711 ἀλείφοντες
3776 640 3850 693 καὶ

2235 721 2508 798 βράσμασι
2551 716 2801 792 λεϐήτων
2857 720 3159 795 ένέψοντες,
3204 721 3412 795 τιμίοις
3442 722 3641 799 χηλοῖς
3684 725 3849 783 έναπεο

2229 811 2410 875 τίθουν
2441 811 2508 865 τὰ
2561 808 2790 885 λείψανα
2834 811 2907 873 ὡς
2964 815 3033 885 τῇ
3080 808 3302 886 πατρίδι
3360 812 3853 887 ἀνακομίσοντες,οἱ

2231 897 2288 954 δέ
2318 920 2381 974 γε
2430 893 2685 975 πρέσϐεις
2733 904 2934 971 κεναῖς,
2968 898 3271 976 ὃλέγεται,
3319 905 3426 956 τῶν
3489 903 3849 981 ὑπεσχημένων

2232 989 2562 1065 ὑπέστρεφον
2593 994 2713 1053 ταῖς
2773 988 2982 1065 χερσίν.
3048 988 3202 1046 Ἀλλ’
3237 992 3265 1046 ὁ
3301 990 3552 1066 βασιλεὺς
3608 992 3703 1048 οὐκ
3726 995 3853 1068 ἠφίει

2228 1083 2730 1155 προσμηχανᾶσθαι
2783 1080 3043 1155 ἁμαρτὼν
3103 1083 3211 1134 τῶν
3273 1079 3333 1136 ἐκ
3387 1084 3486 1135 τοῦ
3518 1081 3853 1158 ρηγὸς,ἀλλᾶ

2228 1167 2466 1229 πολλοῖς
2501 1168 2704 1243 ἑτέροις
2742 1162 3107 1241 μεσολαϐοῦσι
3140 1168 3278 1241 πρὸς
3308 1170 3528 1225 πάππαν
3648 1170 3743 1246 γὰρ
3772 1177 3853 1227 τοῦ

2229 1255 2518 1331 Καρούλου
2578 1255 2815 1319 ἐπίθεσις
2875 1252 3075 1331 ἔπειθε)
3130 1257 3198 1313 τὰ
3242 1263 3339 1313 τοῦ
3389 1264 3593 1316 σκοποῦ
3648 1258 3851 1317 διανύειν

2230 1344 2281 1417 ἐξ
2316 1348 2547 1409 ἅπαντος
2578 1345 2848 1422 ἐπειρᾶτο.

461 1436 693 1512 τέρωθεν
730 1434 967 1490 πίπτειν.
1017 1431 1298 1490 Ἐπέκειτο
1333 1430 1389 1487 δὲ
1421 1430 1621 1505 λοιμὸς
1670 1430 1924 1505 ἰσχυρὸς,
1962 1430 2123 1501 ἔθνη-

464 1546 590 1579 σκον
621 1521 680 1579 δὲ
728 1522 1109 1598 ἐπασσύτεροι,
1166 1521 1257 1577 καὶ
1316 1523 1343 1576 ὁ
1403 1520 1617 1585 θάπτων
1671 1520 1774 1575 οὐκ
1830 1521 2117 1594 ἦν,πυραὶ
2231 1506 2281 1565 ι’·

463 1611 521 1668 δὶ
576 1611 777 1667 νεκύων
836 1611 897 1667 ού
952 1610 1170 1666 καίοντο
1250 1611 1735 1680 κατατεθνηώτων.
1821 1610 1883 1663 Ἡ
1914 1610 2118 1688 τάφρος

465 1700 513 1757 δ’
561 1700 734 1773 ἐκείνη
799 1699 981 1776 εὐρεῖά
1034 1722 1093 1756 τε
1137 1700 1227 1755 καὶ
1286 1699 1471 1775 ῥαθεὶα
1539 1700 1669 1753 οὖσα
1744 1697 1839 1760 οὓς
1918 1703 2118 1769 ζῶντας

465 1791 650 1868 ἐτήρει
682 1833 696 1859 ,
753 1790 984 1854 τούτους
1038 1791 1128 1845 καὶ
1187 1789 1446 1854 θανόντας
1505 1786 1726 1864 ἐδέχετο
1760 1831 1773 1857 ,
1823 1788 1912 1844 καὶ
1971 1788 2118 1844 οὕτω

464 1881 760 1943 πλείστους
792 1880 928 1936 ὥστε
970 1879 1059 1935 καὶ
1111 1880 1608 1955 ἀναχωματοῢσθαι
1665 1879 1801 1933 κατὰ
1835 1880 1974 1952 μέρη
2007 1900 2119 1934 κιν-

465 1969 699 2026 δυνεύειν
740 1968 1205 2045 ἀγχωμαλοῦσαν.
1260 1968 1401 2023 οὕτω
1452 1968 1647 2043 συχνοὶ
1694 1964 1840 2032 ἔνθεν
1905 1970 2000 2041 μὲν
2038 1973 2118 2041 τῷ

464 2058 720 2133 πολέμῳ,
754 2058 955 2123 ἐκεῖθεν
990 2057 1047 2113 δὲ
1069 2064 1148 2131 τῷ
1180 2057 1365 2132 λοιμῷ
1406 2053 1655 2113 ἔπιπτον.
1698 2059 1879 2132 Ὁρμὴ
1905 2055 1949 2111 δ’
1981 2056 2117 2113 ἐκεί-

463 2170 576 2212 νοις
610 2150 780 2218 ἀνέζει
822 2149 897 2211 ὡς
960 2147 1091 2223 ὑπὲρ
1139 2151 1374 2223 σταυροῦ
1422 2145 1817 2204 κινδυνεύουσι.
1869 2146 2000 2202 Τότε
2030 2147 2117 2202 καὶ

465 2240 493 2294 ὁ
668 2238 781 2292 ἐπεὶ
816 2242 1005 2312 χεῖρον
1036 2238 1150 2312 εἶχε
1180 2238 1268 2292 καὶ
1319 2239 1370 2291 οἱ
1403 2238 1467 2291 τὰ
1515 2244 1615 2307 τῆς
1651 2235 1925 2313 σωτηρίας
1982 2239 2117 2292 απέ-

463 2348 697 2403 γνωστο,
757 2326 882 2383 ὅσον
942 2328 1007 2395 ἦν
1066 2327 1421 2402 χρηματίσας
1482 2325 1733 2395 ἐκείνοις,
1793 2325 1883 2381 καὶ
1942 2323 2118 2397 δείξας

465 2416 639 2492 ῥοπὴν
688 2416 826 2492 πρὸς
886 2415 1107 2490 εἰρήνην
1168 2415 1312 2491 ἔχων
1373 2414 1464 2470 καί
1520 2416 1570 2489 γ’
1621 2414 1666 2470 εἰ
1724 2414 1999 2493 περιέσται
2028 2416 2119 2471 καὶ

463 2508 848 2582 συγκροτήσων
932 2507 1008 2567 εἰς
1076 2502 1301 2578 δύναμιν
1336 2550 1351 2578 ,
1434 2504 1677 2561 ἐκέλευεν
1762 2506 2122 2581 ἀναμένοντας

462 2594 761 2669 ἡσυχάζειν
799 2638 811 2649 .
875 2593 1022 2651 Ἐπεὶ
1087 2590 1131 2647 δ’
1184 2600 1284 2663 τῆς
1344 2590 1609 2662 ἐπιούσης
1689 2592 1885 2665 ἐπέστη
1948 2596 2000 2649 οἱ
2057 2596 2120 2650 τὸ

461 2683 642 2761 χρεὼν
673 2683 765 2739 καὶ
812 2680 975 2755 ἤδηὸ
1164 2680 1437 2753 ἐτελεύτα,
1489 2682 1541 2737 οἱ
1600 2682 1694 2757 μὶν
1725 2682 1860 2762 ἀμφ’
1914 2683 2117 2740 ἐκεῖνον

2343 1508 2529 1569 Ὅπως
2588 1506 2927 1580 ἀκουομένου
2981 1510 3078 1563 τοῦ
3137 1506 3336 1563 στόλου
3407 1510 3475 1563 τὰ
3532 1508 3664 1564 κατά
3714 1507 3853 1565 πόλιν

2656 1581 2685 1634 ὁ
2720 1578 2976 1657 βασιλεὺς
3003 1580 3454 1656 παρεσκευὰζετο.

2299 1701 2376 1760 Ού
2415 1704 2521 1777 μὴν
2557 1700 2615 1758 δὲ
2656 1705 2747 1758 καὶ
2791 1706 2899 1758 τῶν
2962 1704 3044 1759 εἰσ
3087 1705 3432 1780 παρασκευὰς
3461 1704 3851 1783 κατερρᾳθυμη-

2231 1793 2407 1866 μένως
2438 1794 2553 1869 εἶχε
2582 1792 2673 1848 καὶ
2726 1790 3011 1866 ἀμελλῶς,
3066 1794 3140 1856 ὡς
3199 1793 3401 1859 ἐκεῖθεν
3456 1796 3616 1870 μὸνον
3647 1793 3854 1870 προσδο-

2225 1886 2336 1937 κῶν
2399 1882 2777 1958 ἀποχρώυτως
2829 1885 3197 1958 γενήσεσθαι,
3262 1887 3347 1959 [Ρ-
3407 1888 3536 1958 248]
3593 1884 3732 1941 ἀλλὰ
3779 1883 3853 1940 καὶ

2231 1969 2390 2033 αὐτὸς
2420 1972 2493 2034 ὡς
2522 1972 2637 2047 εἶχε
2679 1972 3127 2046 παρεσκευάζετο.
3186 1973 3511 2051 Εἶσαγαγὼν
3570 1979 3696 2051 γοῦν
3740 1973 3851 2048 ἔξω·

2231 2073 2315 2126 οεν
2350 2065 2496 2115 σῖτον
2545 2061 2680 2116 ὥστε
2735 2061 2984 2137 πύργολς
3036 2060 3338 2137 πληρῶσαι
3395 2069 3473 2137 τῷ
3529 2064 3745 2135 πλήθει,
3772 2064 3849 2117 τὸν

2230 2146 2425 2203 λοιπὸν
2456 2154 2575 2211 τοῖς
2606 2147 2860 2214 πολίταις
2908 2156 3171 2227 παρεῖχεν
3226 2150 3305 2214 εἷς
3368 2151 3613 2231 φυλακὴν
3646 2152 3717 2215 ὡς
3740 2150 3855 2205 κατά

2229 2239 2413 2314 καιρὸν
2466 2237 2619 2303 αὖθις
2675 2239 3111 2315 ἀντιπαρέξουσι,
3168 2240 3259 2295 καὶ
3307 2241 3523 2317 χοίρων
3580 2240 3709 2303 ὅλας
3752 2240 3855 2314 ἀγέ-

2230 2326 2350 2400 λας,
2406 2326 2497 2383 καὶ
2557 2327 2757 2391 αὐτοὺς
2807 2327 3094 2406 ἐπεμέριζε
3142 2334 3264 2393 τοῖς
3309 2328 3568 2393 πολίταις
3616 2330 3707 2385 ανὰ
3750 2328 3855 2384 δέκα

2228 2418 2318 2474 καὶ
2349 2416 2515 2472 πλέον
2544 2418 2578 2487 ἢ
2610 2418 2699 2473 καὶ
2731 2416 2989 2474 ἐλλεῖπον
3044 2418 3252 2493 ἑκάστῳ
3302 2417 3489 2482 διδοὺς
3536 2420 3671 2475 ὥστε
3712 2417 3855 2497 σφάτ-

2227 2529 2338 2563 τειν
2398 2506 2489 2562 καὶ
2546 2506 2739 2570 αὐτοὺς
2814 2506 3309 2584 ἀποκερδαίνοντας
3388 2510 3457 2565 τὰ
3521 2509 3757 2574 έντόσθια
3804 2506 3857 2561 τὰ

2229 2598 2434 2672 ταρίχη
2488 2601 2568 2669 τῷ
2625 2602 2797 2671 κοινῷ
2849 2596 3134 2676 φυλάττειν
3173 2641 3187 2668 ,
3246 2597 3397 2655 ὅπλα
3452 2620 3512 2655 τε
3570 2599 3730 2675 μυρία
3777 2594 3853 2650 καὶ

2231 2686 2444 2749 ὀϊστοὺς
2476 2685 2565 2742 καὶ
2597 2685 2794 2763 ὅργανα
2844 2683 3178 2765 πετροϐόλα,
3237 2688 3605 2767 ὁπλοτέχναις
3652 2686 3737 2744 καὶ
3768 2705 3856 2761 μη-

463 2907 781 2981 gotiorum,
809 2904 1076 2960 intentus
1105 2900 1427 2958 valetudini
1459 2901 1612 2956 808
1666 2901 1961 2957 curandis.
2009 2902 2118 2957 Per

467 2999 572 3053 bas
604 3010 799 3051 moras
828 2993 1196 3049 feriebantur
1244 2989 1397 3045 oculi
1446 2989 1708 3062 quotidie
1776 2995 2114 3048 nostrorum

463 3082 801 3159 spectaculo
835 3081 1107 3138 luctuoso
1140 3080 1427 3136 atrocium
1478 3085 1535 3135 ct
1582 3083 1961 3136 cruentorum
2012 3086 2112 3136 La-

461 3175 617 3230 tinos
647 3173 800 3229 inter
828 3173 1245 3243 Agarenosque
1277 3168 1692 3224 certaminum.
1726 3168 2113 3240 Aliquantum

463 3284 498 3323 a
528 3263 723 3320 littore
756 3263 974 3318 fossam
1006 3258 1132 3315 Itali
1189 3259 1422 3331 longam
1471 3260 1781 3328 duxerant,
1843 3263 1901 3314 et
1958 3261 2114 3332 quod

465 3370 597 3412 eam
631 3354 785 3409 inter
814 3368 880 3407 ac
912 3366 1074 3406 mare
1107 3349 1347 3420 patebat
1379 3348 1870 3421 spatiitenebant.
1904 3351 2123 3407 Ethio-

465 3462 571 3518 pes
599 3441 951 3513 Carthagine
984 3456 1087 3511 pro
1121 3454 1251 3494 arce
1281 3438 1371 3493 usi
1406 3439 1477 3493 ad
1508 3439 1942 3511 receptaculum
1971 3446 2118 3513 tuta,

469 3534 599 3605 ejus
630 3531 847 3586 ﬁducia
877 3527 1268 3600 erumpebant
1298 3527 1579 3583 audacius
1607 3528 1667 3583 in
1707 3528 1929 3586 hostes.
1970 3532 2120 3587 Hine

473 3621 832 3694 quotidianae
863 3615 1233 3672 velitationes
1282 3618 1337 3671 et
1377 3632 1587 3688 pugnes
1636 3618 2119 3691 conserebantur,

474 3708 752 3784 plurimis
783 3706 1058 3777 utrinque
1080 3705 1440 3763 cadentibus.
1463 3707 1855 3762 Grassabatur
1884 3708 2119 3765 interim

475 3797 804 3872 perniciosa
828 3795 1029 3867 pestis,
1062 3794 1577 3867 densabanturque
1606 3801 1846 3867 mortes,
1880 3798 2023 3854 adeo
2056 3802 2122 3855 ut

460 3887 775 3945 funeribus
796 3883 1050 3941 Libitina
1081 3886 1328 3955 deesset,
1379 3885 1805 3958 superstitibus
1838 3887 1908 3942 ad
1941 3888 2121 3943 cada-

463 3993 670 4036 verum
686 3975 1052 4048 sepulturam
1072 3992 1185 4030 non
1212 3975 1869 4032 sufﬁcientibus.Unum
1892 3976 2118 4035 scilicet

461 4065 607 4122 illud
634 4066 703 4121 ad
724 4064 1007 4137 tragicam
1025 4063 1337 4119 Iliacorum
1357 4064 1647 4120 malorum
1664 4065 1869 4121 faciem
1894 4066 2114 4135 deerat,

458 4159 615 4230 quod
676 4174 829 4230 pyris
880 4162 1248 4211 mortuorum
1302 4172 1417 4211 non
1462 4157 1758 4228 arderent,
1806 4158 1907 4212 sed
1958 4158 2117 4215 fossa

458 4249 662 4304 eadem
722 4245 824 4302 illa
854 4246 1146 4318 profunda
1175 4249 1232 4301 et
1286 4245 1426 4314 lata,
1460 4262 1586 4317 qua:
1628 4245 1788 4301 vivos
1817 4247 2111 4319 tuebatur,
2292 4244 2407 4301 Nec
2439 4262 2609 4318 porro
2642 4245 2798 4301 idem
2831 4245 2927 4302 his
2957 4246 3268 4304 conatibus
3293 4250 3419 4304 arte
3450 4248 3692 4304 Martem
3716 4256 3854 4299 aver-

456 4338 766 4393 detunctos
798 4335 1079 4401 hauriret,
1110 4338 1273 4390 tanto
1322 4335 1445 4405 jam
1506 4350 1773 4405 numero,
1837 4340 1899 4391 ut
1952 4337 2113 4393 brevi
2222 4334 2383 4389 tendi
2446 4335 2589 4390 adeo
2646 4335 3061 4392 confidendum
3109 4336 3336 4408 putavit
3381 4342 3667 4410 tanquam
3714 4327 3851 4388 haud

453 4427 808 4498 complenda
839 4426 1136 4480 videretur
1166 4429 1221 4480 et
1252 4425 1319 4479 ad
1352 4424 1748 4496 aequalitatem
1788 4426 2113 4483 attollenda
2219 4423 2397 4480 dubie
2423 4441 2764 4480 successum
2796 4428 3063 4497 optatum
3096 4424 3416 4493 habituris,
3451 4432 3519 4483 ut
3558 4425 3851 4498 apparatus

448 4517 642 4587 campi
666 4534 684 4587 ;
708 4520 827 4587 tam
862 4515 921 4569 in
956 4531 1080 4569 eam
1118 4513 1288 4569 multi
1332 4514 1592 4585 quotidie
1642 4515 1858 4587 partim
1909 4517 2108 4572 hostili
2218 4512 2533 4585 negligere,
2566 4513 2846 4569 bellicos:
2881 4514 3058 4571 simul
3083 4515 3239 4570 enim
3262 4513 3720 4587 providendisin
3748 4524 3851 4567 om-

449 4607 583 4661 cresi
617 4607 788 4674 ferro,
823 4606 1035 4678 partim
1066 4605 1159 4660 lue
1186 4605 1463 4677 pestifera
1512 4606 1787 4661 exstincti
1838 4606 2105 4662 devolve-
2138 4607 2184 4671 D
2215 4620 2346 4659 nem
2383 4608 2654 4659 eventum
2689 4620 2815 4673 quae
2845 4605 2917 4659 ad
2948 4604 3061 4659 vim
3102 4605 3419 4661 arcendam
3463 4622 3612 4677 opus
3654 4600 3849 4661 essent,

447 4695 683 4751 bantur.
716 4694 1009 4767 Vigebant
1063 4699 1262 4751 tamen
1305 4695 1518 4750 animis
1570 4694 1827 4767 reliqui;
1881 4699 1938 4751 et
1994 4696 2106 4751 sibi
2219 4692 2554 4763 diligentem
2588 4692 3432 4765 impenditoperam.Primum
3462 4692 3724 4749 omnium
3750 4687 3847 4741 fru-

452 4786 671 4842 conscii
705 4802 808 4858 pro
842 4785 1032 4842 crucis
1063 4784 1250 4857 gloria
1280 4783 1597 4857 periclitari
1628 4802 1779 4851 sese,
1834 4786 2100 4841 ardorem
2211 4788 2473 4838 mentum
2508 4782 2725 4838 invexit
2755 4783 2814 4837 in
2865 4783 3072 4838 urbem
3135 4787 3297 4839 tanta
3355 4783 3549 4856 copia,
3598 4785 3663 4838 ut
3712 4772 3847 4850 quod

448 4875 877 4946 audaciamque
920 4893 955 4931 a
1012 4892 1192 4931 causa
1249 4873 1385 4929 belli
1427 4878 1747 4942 trahentes,
1779 4874 2100 4933 fortissime
2211 4872 2281 4928 ab
2310 4872 2536 4928 horreis
2567 4871 2825 4944 publicis
2866 4876 2925 4927 et
2981 4872 3249 4929 turribus
3307 4873 3562 4945 expletis
3610 4867 3844 4927 multum

449 4965 734 5021 adversus
766 4964 1140 5036 quantamvis
1160 4964 1403 5020 fortuna:
1433 4962 1803 5035 iniquitatem
1836 4964 2100 5021 niteban-
2207 4963 2399 5019 adhuc
2432 4961 3089 5034 supererat,deponeret
3119 4962 3272 5033 apud
3312 4962 3472 5018 cives
3504 4963 3729 5033 signato
3751 4969 3847 5009 nu.

439 5057 560 5107 tur.
594 5056 713 5109 Rex
743 5053 984 5109 interim
1017 5052 1223 5110 morbo
1256 5051 1650 5107 invalescente
1698 5052 1759 5106 in
1816 5068 1950 5109 eum
2002 5070 2096 5110 re-
2206 5069 2390 5121 mero,
2448 5051 2992 5123 repraesentandum
3052 5050 3125 5105 ab
3184 5050 3333 5123 ipsis
3385 5050 3515 5123 pari
3571 5056 3846 5106 mensura,

438 5140 649 5198 dactus
679 5147 898 5198 statum
935 5147 1001 5198 ut
1030 5144 1101 5198 de
1141 5142 1260 5197 vita
1309 5142 1438 5213 ejus
1475 5141 1904 5212 desperaretur,
1955 5142 2095 5199 allo-
2205 5142 2437 5213 quando
2500 5143 2922 5212 repeterentur.
2959 5139 3199 5195 lnduxit
3244 5142 3302 5195 et
3341 5134 3841 5196 numerosissimos

433 5232 608 5284 cutus
642 5233 837 5285 tamen
868 5219 1098 5303 legatos
1131 5234 1240 5302 est,
1270 5246 1545 5303 magnam
1593 5229 1909 5285 oslendens
1960 5248 2091 5302 pro-
2204 5248 2381 5288 suum
2413 5246 2637 5302 greges,
2669 5246 2818 5301 quos
2848 5228 2989 5285 item
3022 5229 3249 5284 civibus
3283 5228 3616 5294 distribuit,
3664 5226 3841 5280 decem

432 5317 779 5388 pensionem
801 5320 879 5375 ad
902 5336 1103 5391 pacem
1129 5319 1710 5393 interimperatorem
1735 5319 2091 5391 fratremque
2202 5321 2416 5392 cuique
2448 5319 2582 5391 plus
2628 5318 2897 5374 minusve
2946 5318 3139 5390 porcis
3190 5316 3539 5390 assignatis.
3590 5315 3703 5372 Hos
3755 5305 3840 5381 qui

431 5409 886 5478 procurandam.
918 5410 1181 5480 Eamque
1212 5410 1684 5466 conciliationem
1727 5425 1831 5480 pro
1863 5409 2089 5466 viribus
2201 5408 2867 5480 accipiebant,occidere
2896 5407 3204 5464 confestim
3238 5407 3631 5479 jubebantur,
3674 5406 3728 5458 et
3760 5399 3839 5452 in-

429 5511 492 5550 se
544 5501 975 5566 promoturum,
1055 5499 1105 5551 si
1173 5499 1293 5553 vita
1358 5501 1713 5570 suppeteret,
1794 5497 2085 5568 promisit,
2200 5500 2416 5556 testina
2446 5498 2686 5568 quidem
2716 5496 2836 5556 sibi
2861 5498 3096 5568 habere,
3130 5496 3407 5553 membra
3458 5495 3648 5553 solida
3687 5488 3841 5548 salita

426 5589 765 5656 exspectare
800 5584 1024 5640 interea
1050 5585 1212 5656 ipsos
1258 5591 1315 5640 et
1365 5587 1666 5657 quiescere
1709 5586 1948 5656 jubens.
2001 5587 2087 5641 Ab
2198 5587 2436 5661 publico
2497 5603 2749 5645 servare.
2802 5591 3161 5643 Immensam
3214 5585 3287 5643 ad
3341 5586 3468 5642 haec
3510 5572 3838 5654 comportari

426 5671 519 5727 his
551 5673 725 5729 dictis
758 5679 993 5745 postera
1051 5674 1101 5729 ei
1153 5674 1277 5729 dies
1328 5691 1606 5745 suprema
1656 5674 1868 5729 illuxit.
1932 5675 2086 5747 Rege

424 5764 682 5829 mortuo,
724 5761 825 5832 qui
877 5762 928 5818 ci
981 5762 1276 5829 astabant,
1336 5762 1596 5819 defuncti
1654 5763 1924 5833 cadaver,
1977 5780 2081 5835 pro

2229 2904 2437 2961 merito
2485 2902 2717 2971 animae,
2776 2920 2954 2975 quam
3004 2909 3116 2961 Deo
3149 2921 3278 2961 esse
3300 2904 3714 2961 charissimam
3742 2918 3851 2974 per-

2226 2991 2647 3048 suasissimum
2677 2993 2993 3061 habebant,
3051 2995 3376 3065 unguentis
3436 2994 3756 3051 delibutum
3807 2994 3853 3045 et

2228 3080 2435 3137 alienis
2469 3082 2826 3138 ferventibus
2856 3082 3152 3139 incoctum
3186 3084 3463 3155 pretiosis
3495 3083 3856 3141 condiderunt

2226 3171 2382 3225 364
2412 3170 2643 3240 loculis,
2675 3173 3041 3228 venerandae
3074 3172 3204 3229 illas
3255 3190 3459 3230 secum
3512 3173 3571 3229 in
3619 3170 3844 3246 patriam

2230 3258 2510 3332 reliquias
2549 3259 2815 3317 relaturi.
2867 3261 3062 3333 Legati
3095 3278 3228 3318 vero
3283 3263 3435 3318 nihil
3486 3262 3599 3319 nisi
3643 3275 3853 3323 vacuas,

2230 3349 2383 3419 quod
2418 3348 2653 3418 dicitur,
2688 3365 2899 3405 manus
2921 3366 2985 3405 ex
3030 3351 3211 3407 tantis
3258 3352 3575 3422 promissis
3627 3352 3851 3422 reporta-

2230 3441 2370 3493 runt
2399 3438 2952 3493 domum.Czeterum
2980 3438 3295 3510 imperator
3320 3456 3426 3513 per
3450 3441 3604 3512 regis
3634 3442 3853 3495 mortem

2228 3544 2333 3600 spe
2366 3528 2682 3584 frustratus
2713 3545 2963 3594 sua,non
2988 3534 3183 3584 tamen
3207 3531 3440 3587 destitit
3461 3530 3574 3587 alia
3595 3530 3663 3586 ad
3696 3525 3856 3583 desti-

2229 3622 2434 3673 natum
2466 3617 2560 3675 via
2591 3618 2867 3691 grassari,
2898 3619 3001 3674 sed
3045 3618 3250 3675 multis
3304 3620 3440 3677 aliis
3472 3620 3628 3694 apud
3669 3630 3854 3691 papam

2228 3708 2720 3765 intercessoribus
2779 3708 3061 3765 adhibitis
3111 3713 3270 3777 (nam
3331 3710 3542 3782 ingens
3591 3727 3624 3766 a
3678 3702 3855 3764 Carolo

2229 3802 2421 3854 metus
2451 3798 2650 3854 omnia
2672 3797 2919 3870 experiri
2952 3799 3255 3871 suadebat)
3286 3799 3608 3874 impetrare
3636 3798 3707 3856 ab
3726 3812 3786 3854 eo
3804 3796 3859 3849 ut

2226 3886 2416 3943 Caroli
2446 3887 2873 3960 expeditionem
2897 3887 3201 3960 impediret
3234 3891 3583 3946 conabatur.

2228 3996 2312 4051 10.
2351 3996 2417 4052 Ut
2445 3996 2519 4051 ad
2543 3998 2757 4066 famam
2794 4002 3050 4052 venturae
3104 3996 3328 4067 infesta
3381 3998 3576 4054 classis
3630 3994 3690 4051 in
3742 3990 3856 4047 urbe

2296 4068 2606 4193 irntperaéor
2632 4071 3038 4140 praeparaverit
3063 4082 3186 4141 quae
3204 4069 3522 4126 necessaria
3534 4068 3859 4141 putabantur

2296 4155 2345 4193 et
2397 4156 2503 4193 uen
2544 4156 2610 4193 aa.

2293 4155 2345 4195 ει
2373 4155 2610 4194 tuendae.

2194 5676 2420 5734 curavit
2448 5692 2753 5732 armorum
2786 5677 2980 5732 omnis
3002 5676 3200 5731 formae
3231 5675 3496 5747 copiam,
3524 5670 3836 5746 jaculorum

2193 5765 2915 5839 praesertim,sagittarum
2944 5782 3010 5822 ac
3037 5763 3292 5821 telorum
3316 5764 3582 5836 cujusvis
3603 5755 3832 5834 generis.
