4080 6398
379 404 487 458 819

1693 411 1993 469 GEORGII
2032 413 2494 469 PACHYMERE

3679 415 3775 471 8‘20

374 523 673 603 κεφάλαιον
727 528 763 596 ἦ
794 530 903 582 τῶν
946 526 1291 599 Ἐκκλησιῶν
1320 525 1520 592 ένωσις
1552 529 1766 585 καὶτοῦ
1791 533 2030 587 παλαιοῦ
2063 537 2116 605 Α
2142 533 2407 589 τοιούτων
2462 535 2752 611 εἰρηνικῶν
2808 533 3055 590 σπονδῶν
3098 536 3162 591 τὸ
3212 532 3508 591 σκάνδαλον
3549 535 3773 607 λύεσθαι,

380 612 687 671 σκανδάλου
740 615 1052 693 ἀναίρεσις.
1130 618 1439 694 Συγκρίνων
1512 620 1613 695 γὰρ
1681 621 1742 674 τὸ
1797 620 1882 674 ἐπὶ
1931 624 2027 675 τοῦ

380 704 557 759 Δοόκα
585 707 841 761 Ἰωάννου
902 706 1201 769 συιοδικῶς
1257 708 1477 783 γεγονὸς
1526 712 1654 785 παρ’
1711 710 1885 765 αἰτίαν
1933 715 2030 765 τοῦ

381 789 739 847 ἀποστέλλειν
769 791 965 848 ἐκεῖθεν
1013 795 1102 849 καὶ
1154 802 1466 871 συμμαχεῖν
1508 802 1623 859 τοῖς
1675 796 1725 851 ἐν
1754 801 1822 871 τῇ
1872 796 2031 852 πόλει

382 881 741 956 ἀποσχέσθαι,
792 883 865 945 ὡς
926 884 1160 957 ἑτοίμων
1191 890 1298 939 τῶν
1356 885 1637 959 ἡμετέρων
1688 882 1855 942 ὅντων
1918 886 2034 942 λει-

380 975 626 1045 τουργεῖν
675 971 847 1026 ἐκεῖσε
902 974 992 1027 καὶ
1051 973 1415 1047 μνημονεύειν
1472 981 1573 1031 τοῦ
1628 978 1825 1030 πάππα
1870 980 2039 1031 ταὺτα

387 1060 837 1134 ὑποσχνουμένου
870 1061 979 1135 (καὶ
1029 1062 1431 1119 ἀπεστέλλοντο
1464 1064 1493 1119 ὅ
1529 1088 1588 1120 τε
1620 1064 1870 1143 Σάρδεων
1919 1071 2039 1123 Ἀν-

386 1146 637 1223 δρονικος
689 1151 778 1204 καὶ
829 1152 857 1205 ὁ
904 1151 1133 1220 Κυζίκου
1186 1154 1476 1230 Γεώργιος,
1525 1155 1614 1209 καὶ
1662 1158 1792 1230 τάχ’
1834 1155 1893 1209 ἂν
1924 1153 2042 1231 ἐγε-

386 1239 575 1314 γόνει,
636 1239 688 1294 οί
756 1240 950 1297 ἐκεῖνοι
1011 1241 1395 1320 κατεδέχοντο)
1450 1279 1518 1289 —-
1590 1247 1888 1321 συγκρίνων
1950 1245 2039 1300 οὖν

386 1327 560 1384 έκεῖνο
609 1331 744 1407 πρὸς
802 1337 988 1403 τοῦτο,
1043 1334 1132 1388 καὶ
1193 1334 1729 1411 ἀναγκαστικώτερον
1782 1336 2041 1410 εὑρίσκων

385 1420 448 1474 τὸ
478 1424 568 1475 νῦν
592 1420 627 1489 ἢ
654 1422 717 1476 τὸ
766 1423 1056 1499 πρότερον,
1090 1426 1202 1497 ὅσῳ
1232 1427 1358 1480 τότε
1392 1428 1486 1499 μὲν
1519 1423 1851 1503 προσλαϐεῖν
1885 1425 2049 1497 ἠπεί-

388 1531 551 1585 γοντο
582 1510 644 1564 τὸ
679 1512 755 1583 μή
782 1514 909 1588 παρ’
959 1515 1148 1577 αὐτοῖς
1183 1515 1263 1583 ὃν,
1318 1520 1405 1570 νῦν
1470 1514 1516 1570 δ’
1564 1512 1864 1571 ἀποϐαλεῖν
1898 1518 1962 1569 τὰ
1993 1516 2044 1571 έν

397 1603 556 1676 χερσὶ
613 1599 1033 1673 κινδυνεύουσι,
1093 1605 1162 1660 τά
1229 1606 1365 1661 αὐτά
1417 1605 1701 1680 προῦτεινε
1754 1608 1844 1662 καὶ
1906 1607 2048 1662 οὕτω

390 1692 509 1749 τοῖς
541 1686 735 1745 πάλαι.
770 1689 929 1761 Μηδὲ
950 1691 1052 1766 γὰρ
1078 1690 1265 1755 ἄλλως
1301 1690 1449 1768 ἔχειν
1477 1696 1680 1749 πείθειν
1712 1696 1803 1749 τὸν
1827 1695 2046 1748 πάππαν

403 1777 741 1853 ὑπερμαχεῖν
801 1778 907 1833 τῶν
968 1786 1237 1856 Γραικῶν,
1289 1782 1338 1837 εἶ
1400 1784 1473 1855 μὴ
1529 1788 1697 1838 ταῦτα
1750 1783 1903 1858 λέγοι
1962 1784 2052 1837 καὶ

2148 620 2238 677 διὰ
2280 621 2337 678 δὲ
2390 631 2492 693 τῆς
2536 630 2635 679 τοῦ
2693 623 2997 680 σκανδάλου
3056 624 3265 688 λύσεως
3311 623 3659 699 ἐπισχεθῆναι
3707 634 3777 700 τῷ

2148 712 2423 787 Καρούλῳ
2453 716 2545 768 τὸν
2578 713 2797 783 στόλον,
2833 711 2921 768 διὰ
2951 710 3006 768 δὲ
3034 718 3132 768 τοῦ
3163 712 3328 769 πάλιν
3362 712 3612 791 ἀσφαλῶς
3660 717 3775 780 τοὺς

2149 802 2458 874 Ῥωμαίους
2505 799 2653 878 ἔχειν
2684 803 2883 875 καὶμὴ
2937 804 3067 877 χθὲς
3117 803 3204 857 καὶ
3252 802 3359 873 πρὸ
3409 802 3596 876 τρίτης
3639 805 3780 880 μόγις

2154 888 2364 953 ἰδόντας
2421 893 2519 961 τήν
2585 890 2821 967 πατρίδα
2874 892 2964 945 καὶ
3020 888 3301 966 δυσχερῶς
3365 892 3780 955 έπανασωθέντας

2153 980 2317 1036 πάλιν
2351 980 2581 1057 ἀφέντας
2637 980 3097 1055 ἐπανακάμπτειν,
3156 983 3292 1057 πρὸς
3348 985 3429 1052 τῷ
3476 981 3563 1034 καὶ
3613 977 3781 1043 ἄλλως

2156 1069 2381 1147 ἐξῆφθαι
2455 1077 2575 1134 τοῖς
2624 1072 2871 1133 πΛείτοις
2920 1068 3189 1127 κίνδυνον.
3246 1072 3427 1126 Ταῦτα
3485 1066 3785 1141 διανοούμε-

2154 1180 2243 1221 νος
2297 1158 2472 1222 πολὺς
2534 1161 2599 1229 ἦν
2651 1161 2741 1216 καὶ
2790 1159 3140 1235 πατριάρχην
3194 1158 3394 1213 πείθων
3442 1156 3531 1211 καὶ
3563 1154 3784 1215 σύνοδον.

2157 1250 2225 1306 Οἱ
2258 1246 2302 1303 δ’
2336 1248 2747 1326 ἀφωσιωμὶνως
2794 1249 2937 1303 οὕτω
2994 1247 3088 1303 καὶ
3138 1245 3477 1309 ἐπιπολαίως
3519 1245 3786 1306 ἀκούοντες

2156 1343 2361 1414 πτερῷ,
2405 1340 2466 1393 τὸ
2523 1342 2619 1393 τοῦ
2674 1336 2869 1413 λόγου,
2927 1339 2994 1392 τὰ
3047 1338 3158 1392 ὦτα
3187 1337 3487 1409 κνωμένοις
3549 1334 3783 1407 ἐῴκεσαν.

2157 1427 2233 1484 Οὐ
2291 1429 2392 1502 γὰρ
2451 1428 2517 1496 ἦν
2577 1427 2764 1481 αὐτοῖς
2804 1426 3119 1495 ἀντιστῆναι
3146 1425 3209 1479 τὸ
3238 1430 3453 1500 πρῶτον
3487 1423 3575 1477 καὶ
3606 1421 3787 1477 ἀπολὲ-

2158 1538 2269 1593 γειν
2315 1516 2525 1583 τέλεον,
2558 1515 2704 1572 ἀλλά
2756 1515 2932 1588 μένειν
2964 1516 3052 1570 καὶ
3098 1516 3251 1576 αὖθις
3284 1514 3335 1568 έν
3384 1516 3451 1586 τῇ
3500 1511 3654 1587 κυρίᾳ
3699 1512 3786 1579 τὴν

2163 1602 2489 1675 Ἐκκλησίαν
2535 1604 2861 1679 ἡγούμενοι.
2914 1608 2995 1675 [Ρ.
3028 1606 3155 1677 250]
3198 1603 3383 1664 καθὼς
3432 1598 3521 1656 καὶ
3572 1600 3787 1675 ἀρχῆθεν

2162 1695 2299 1768 εἶχε,
2356 1694 2446 1748 καὶ
2510 1694 2586 1766 μὴ
2644 1694 2789 1768 παρᾶ
2845 1684 3109 1763 καπήλων
3171 1688 3499 1746 κινδυνεύειν
3538 1687 3790 1764 κρίνεσθαι

2164 1784 2255 1837 καὶ
2286 1781 2591 1858 βαναύσων,
2645 1787 2860 1856 πρῶτον
2924 1783 3019 1853 μὲν
3076 1780 3175 1835 οὐκ
3222 1780 3375 1855 εἶχον
3435 1779 3508 1840 εἷς
3552 1782 3670 1831 νοῦν
3712 1772 3791 1829 οὗ·

399 1866 649 1940 πράττοι’
716 1870 1043 1941 προσίστατο
1091 1871 1193 1946 γὰρ
1242 1871 1303 1925 τὸ
1336 1869 1658 1941 σκάνδαλον,
1715 1872 1896 1927 καὶτὸ
1927 1872 2130 1966 λευ-Β
2164 1875 2273 1934 τῶς
2330 1870 2379 1925 ἐν
2449 1870 2639 1945 ἀκαρεῖ
2696 1869 3018 1939 τελεσθῆναι
3073 1870 3136 1923 τὸ
3202 1867 3348 1943 παρά
3401 1871 3497 1921 τοῦ
3549 1863 3793 1941 βασιλέως

398 1953 528 2016 κοὺς
578 1956 917 2031 Ἀγαρηνους
968 1959 1100 2013 εἶναι
1151 1960 1413 2034 Γραικοὺς
1460 1962 1586 2035 παρ’
1644 1960 1867 2021 ἐκείνοις
1933 1966 2053 2033 μεῖ-

400 2048 489 2113 ζον
540 2040 735 2121 ᾔρετο.
787 2048 941 2101 Ταῦτ’
1000 2049 1103 2123 ἄρα
1156 2050 1244 2104 καὶ
1305 2049 1582 2123 ᾠκονόμει
1643 2048 1734 2105 διὰ
1794 2050 1887 2121 μὲν
1946 2055 2052 2104 τῶν

387 2260 553 2319 liatio
584 2263 976 2320 Ecclesiarum
1009 2269 1067 2321 et
1096 2267 1325 2339 antiqui
1358 2267 1619 2324 scandali
1681 2268 1920 2324 amotio.
1956 2268 2041 2323 Ad

388 2350 499 2406 boc
529 2350 627 2406 ille
658 2353 743 2407 sic
767 2353 1059 2426 agendum
1089 2356 1433 2412 movebatur
1459 2356 1722 2427 exemplo
1745 2374 1773 2412 e
1796 2356 2042 2413 Joannis

389 2443 557 2496 Ducas
609 2442 944 2513 principatu
996 2445 1263 2516 repetito.
1319 2446 1608 2501 Memoria
1658 2447 1875 2518 quippe
1924 2462 2041 2501 non

386 2527 469 2584 ita
508 2534 677 2586 vetus
712 2532 1000 2601 exstabat,
1031 2532 1254 2589 Joanne
1286 2534 1445 2590 Duca
1473 2535 1802 2607 imperante
1832 2535 2041 2607 synodi

387 2633 678 2675 consensu
715 2621 1005 2676 decretam
1039 2622 1405 2695 missamque
1435 2624 1786 2697 legationem
1820 2626 1891 2681 ad
1935 2643 2041 2697 pa-

386 2723 547 2779 pam,
581 2725 700 2780 qua
729 2710 916 2765 nostri
961 2713 1390 2782 profitebantur
1443 2718 1744 2786 separatos
1795 2714 2041 2786 obsequi

386 2797 648 2869 pontiﬁci
682 2798 944 2855 Romano
977 2802 1225 2874 ejusque
1264 2801 1325 2857 in
1376 2820 1542 2859 sacra
1590 2803 1824 2874 liturgia
1874 2820 2039 2858 men-

385 2885 604 2942 tionem
652 2886 762 2943 rite
815 2888 1025 2959 facere,
1075 2891 1123 2945 si
1174 2891 1223 2947 is
1275 2892 1613 2948 societatem
1667 2893 2044 2964 abrumperet

387 2991 522 3030 cum
538 2976 760 3031 Latinis
781 2978 989 3033 urbem
1013 2979 1584 3053 Constantinopolim
1605 2981 1962 3051 tenentibus,
1987 2987 2043 3037 et

385 3080 449 3120 se
478 3063 598 3119 illis
628 3065 846 3121 auxilia
878 3084 993 3123 non
1027 3068 1354 3125 missurum
1388 3070 1777 3143 polliceretur.
1834 3075 1913 3126 Ea
1959 3070 2039 3125 le-

386 3152 622 3224 gatione
668 3154 849 3211 functi
894 3162 1032 3213 sunt
1080 3158 1340 3233 episcopi
1371 3162 1508 3229 duo,
1544 3162 1695 3216 367
1730 3160 2040 3216 Sardensis

384 3243 755 3302 Andronicus
800 3256 853 3303 et
901 3248 1219 3321 Cyzicenus
1269 3252 1572 3324 Georgius.
1626 3253 2041 3323 Fecissentque

388 3332 572 3388 nostri
596 3336 753 3406 quod
788 3338 1133 3406 oll‘erebant,
1166 3340 1217 3395 si
1245 3340 1328 3396 illi
1364 3342 1724 3414 propositam
1756 3340 2043 3397 conditio-

386 3438 520 3478 nem
586 3429 897 3497 acceptare
957 3428 1298 3485 voluissent.
1360 3430 1424 3486 In
1485 3430 1594 3486 hac
1652 3430 2053 3486 recordatione

387 3510 636 3568 celebris
679 3514 814 3569 facti
839 3532 1188 3588 comparans
1211 3517 1533 3591 imperator
1562 3519 1735 3574 ambo
1764 3523 2049 3589 tempora,

387 3600 722 3671 reperiebat
753 3604 943 3676 magis
974 3623 1132 3663 nunc
1182 3608 1581 3664 necessarium
1627 3608 1685 3662 id
1736 3608 2047 3663 consilium

386 3688 595 3756 videri,
628 3691 924 3763 siquidem
955 3699 1113 3763 tunc,
1138 3696 1256 3752 ista
1286 3698 1539 3767 majores
1568 3697 1753 3754 nostri
1787 3697 2046 3769 pacisce-

390 3777 614 3834 bantur
642 3782 713 3835 ad
746 3786 1209 3855 recuperandum
1244 3788 1398 3857 quod
1434 3804 1545 3842 non
1578 3788 1856 3843 tenebant
1883 3804 1894 3841 :
1920 3804 2043 3841 mo-

392 3866 467 3921 do
500 3872 693 3925 autem
727 3871 819 3943 agi
853 3873 923 3928 de
956 3890 1071 3930 non
1104 3874 1426 3931 amittendo
1456 3878 1608 3947 quod
1641 3877 1699 3932 in
1732 3895 1911 3933 manu
1952 3894 2045 3932 es-

393 3960 504 4012 set.
555 3957 712 4015 Solet
770 3965 966 4018 autem
1031 3964 1224 4034 majus
1279 3964 1473 4037 putari
1531 3966 1753 4022 malum
1803 3967 2045 4038 perdere

391 4046 547 4116 quod
573 4048 900 4120 possideas,
937 4068 1115 4123 quam
1139 4071 1253 4109 non
1288 4054 1591 4126 acquirere
1621 4057 1776 4127 quod
1814 4054 1915 4111 tibi
1946 4056 2043 4110 de-

386 4133 576 4191 bitum
612 4136 932 4196 existimes.
966 4141 1022 4195 Si
1054 4159 1193 4214 ergo
1226 4155 1377 4199 recte
1426 4162 1491 4200 ac
1535 4145 1855 4217 prudenter
1901 4150 2041 4199 tunc

387 4224 573 4280 nostri
608 4243 713 4299 pro
747 4245 850 4300 spe
877 4233 1262 4301 recuperandi
1298 4234 1500 4289 urbem
1532 4234 1671 4290 talia
1702 4235 2041 4307 promittere

383 4317 727 4383 potuerunt,
760 4318 969 4388 quidni
995 4336 1102 4375 nos
1132 4322 1366 4376 easdem
1399 4322 1525 4377 sine
1557 4322 1724 4393 justa
1750 4324 2038 4394 vitupera-

382 4400 544 4458 tione
577 4403 955 4475 paciscamur
982 4406 1041 4462 in
1070 4409 1343 4478 praasenti
1372 4416 1534 4466 metu
1568 4412 1832 4483 ejusdem
1875 4412 2038 4468 urbis

385 4489 757 4561 amittendae;
812 4493 981 4564 cujus
1029 4511 1239 4568 nempe
1279 4497 1575 4567 jacturam
1634 4498 1813 4554 vitare
1870 4499 2041 4555 aliter

384 4594 504 4634 non
536 4582 891 4651 possumus?
922 4583 1295 4641 Manifestum
1330 4592 1523 4643 autem
1559 4604 1687 4644 esse
1717 4606 1832 4645 non
1866 4605 2038 4660 posse

2160 1958 2506 2032 κινούμενον,
2564 1958 2692 2015 ἀλλ’
2751 1960 2823 2020 ὡς
2856 1959 2945 2013 καὶ
2977 1957 3248 2020 πολλάκις
3288 1957 3624 2027 κινησάντων
3658 1954 3796 2029 βασι-

2163 2048 2302 2105 λέων
2358 2046 2545 2103 ἄλλων
2595 2048 2661 2103 τὰ
2724 2049 2843 2123 περὶ
2895 2046 3101 2102 τούτων
3152 2046 3571 2117 ἀνακυπτουσῷν
3619 2041 3787 2097 αἰτιῶν

2152 2267 2592 2323 conditionibus
2649 2265 2991 2322 memoratis
3052 2264 3408 2337 paciscenda
3469 2279 3483 2318 :
3534 2256 3790 2317 seandalo

2151 2373 2323 2429 porro
2384 2360 2599 2421 amoto,
2655 2371 2905 2425 pronum
2966 2354 3179 2408 deinde
3226 2356 3469 2423 speratu
3518 2352 3639 2406 erat
3682 2362 3785 2401 non

2151 2462 2302 2518 tsgre
2331 2445 2777 2516 impetrandum
2808 2450 2873 2499 ut
2920 2442 3210 2515 expeditio
3258 2440 3561 2497 maritima
3606 2433 3794 2501 Caroli,

2151 2552 2278 2607 quas
2303 2535 2626 2606 praesrtim
2650 2533 2987 2601 timebatur,
3008 2532 3143 2587 inde
3170 2527 3704 2603 impediretur.Qua
3733 2540 3791 2579 ex

2152 2640 2211 2681 re
2229 2623 2507 2679 Romanis
2527 2640 2786 2696 praesens
2806 2623 3079 2693 idemque
3094 2619 3394 2691 quantivis
3406 2616 3573 2691 pretii
3587 2616 3790 2671 fructus

2152 2713 2480 2781 exsisteret,
2515 2729 2725 2783 nempe
2758 2717 2821 2767 ut
2852 2711 3231 2766 ﬁrmarentur
3257 2708 3319 2764 in
3352 2725 3557 2765 secura
3587 2717 3792 2777 posses-

2152 2802 2316 2857 sione
2348 2818 2535 2874 nuper
2580 2806 2743 2857 tanto
2795 2799 2887 2855 vix
2934 2798 3134 2855 labore
3183 2802 3535 2870 recuperata
3586 2790 3787 2868 patrita,

2151 2908 2264 2947 neu
2315 2894 2684 2962 cogerentur,
2736 2889 2892 2961 quod
2945 2886 3350 2943 miserrimum
3386 2886 3651 2955 idemque
3682 2896 3785 2937 non

2149 2979 2385 3035 vitabile
2417 2980 2585 3036 aliter
2615 2983 2790 3048 esset,
2823 2995 3001 3050 quam
3036 2978 3108 3032 ab
3142 2976 3266 3031 beri
3298 2979 3403 3031 aut
3434 2973 3643 3029 nudius
3683 2970 3785 3024 fere

2151 3069 2361 3123 tertius
2395 3069 2645 3124 revisere
2676 3066 2992 3140 coepissent
3012 3082 3081 3121 ex
3102 3071 3221 3120 tam
3246 3064 3549 3120 diuturam
3571 3065 3790 3128 tamque

2154 3158 2284 3213 dira
2333 3157 2616 3214 servitute
2665 3173 2899 3214 summa
2943 3155 3001 3210 vi
3052 3158 3345 3225 receptam
3399 3148 3787 3208 dulcissimam

2158 3246 2431 3319 patriam,
2466 3246 2793 3317 relinquere
2824 3246 3037 3301 iterum
3071 3248 3127 3299 et
3158 3242 3217 3298 in
3252 3242 3575 3315 longinqua
3605 3233 3791 3293 exsilia

2157 3337 2366 3392 redire.
2399 3336 2564 3392 Talia
2599 3336 2915 3408 imperator
2962 3333 3199 3390 assidue
3250 3348 3455 3388 secum
3504 3331 3787 3400 reputans,

2156 3431 2213 3482 et
2235 3427 2391 3498 apud
2417 3425 2737 3481 familiares
2760 3425 3058 3481 disserens
3082 3440 3214 3478 cum
3238 3420 3525 3477 continua
3546 3413 3796 3473 inculca-

2154 3517 2312 3572 tione
2341 3516 2585 3589 periculi
2618 3515 2861 3573 extremi
2892 3531 3054 3587 aeque
3083 3513 3237 3569 368
3288 3511 3522 3569 cunctis
3569 3509 3786 3604 impen-

2153 3607 2365 3677 dentis,
2419 3608 2589 3675 cujus
2637 3606 2758 3661 haac
2792 3623 2907 3661 una
2939 3601 3324 3677 praevertendi
3354 3603 3657 3658 offerretur
3685 3601 3791 3658 via,

2155 3695 2377 3752 multus
2410 3697 2549 3752 item
2579 3700 2705 3752 erat
2729 3696 2785 3750 in
2816 3694 3119 3750 suadendo
3150 3693 3265 3748 ista
3300 3696 3427 3747 tum
3462 3683 3785 3762 patriarchas

2154 3788 2274 3840 tum
2310 3786 2554 3859 synodo.
2586 3785 2677 3842 Illi
2710 3788 2910 3840 autem
2941 3782 3052 3839 etsi
3085 3782 3273 3837 obiter
3322 3780 3447 3835 haec
3498 3777 3687 3850 potius
3732 3787 3789 3825 ac

2150 3876 2548 3946 perfunctorie
2570 3892 2748 3946 quam
2774 3873 3028 3929 libenter
3050 3870 3505 3941 audiebant,per
3525 3883 3587 3922 se
3604 3868 3787 3958 tamen

2149 3968 2290 4020 tunc
2312 3965 2575 4021 tulerunt
2595 3968 2823 4038 gratam
2848 3979 2976 4019 eam
3003 3960 3112 4016 sibi
3130 3960 3579 4031 jucundamque
3601 3952 3786 4008 inferri

2150 4054 2531 4123 mentionem,
2575 4052 2731 4109 velut
2776 4070 2843 4108 ea
2891 4051 3152 4123 ipsorum
3209 4047 3644 4104 demulceretur
3688 4054 3782 4094 au-

2149 4160 2277 4213 res;
2310 4144 2464 4215 quod
2491 4142 2633 4198 falso
2657 4140 3074 4205 simulabatur,
3108 4137 3281 4209 longe
3314 4135 3387 4192 ab
3420 4130 3648 4191 arcanis
3677 4127 3781 4184 dis-

2149 4249 2395 4303 crepans
2426 4232 2720 4288 sensibus.
2755 4234 2971 4286 Verum
3006 4228 3127 4283 illis
3161 4231 3225 4282 ut
3252 4243 3370 4281 non
3404 4222 3667 4297 placebat
3698 4232 3787 4271 nc-

2146 4321 2484 4393 gotium,ita
2514 4337 2617 4376 nec
2650 4319 3000 4392 suppetebat
3029 4333 3290 4391 praesens
3321 4313 3559 4370 animus
3592 4308 3661 4364 ad
3693 4307 3784 4361 ob-

2146 4411 2425 4466 standum
2461 4426 2653 4466 coram
2687 4409 2744 4464 in
2780 4426 2843 4464 os
2876 4406 3125 4480 principi
3158 4409 3367 4461 contra
3397 4395 3786 4465 nitenti,cujus

2144 4499 2335 4571 gratia
2356 4504 2411 4555 et
2431 4498 2785 4555 verecundia
2806 4496 3055 4553 obnoxie
3082 4491 3388 4551 constricti
3416 4488 3783 4561 acquiescan-

2145 4589 2294 4643 tium
2334 4588 2590 4661 speciem
2640 4586 2998 4660 praebebant.
3044 4584 3357 4654 Utcunque
3406 4580 3527 4636 illis
3575 4578 3782 4632 certum

382 4666 508 4723 ulla
540 4668 764 4726 ratione
795 4672 887 4745 agi
922 4690 1053 4729 cum
1088 4692 1238 4747 papa
1268 4693 1371 4748 spe
1422 4676 1738 4733 inducendi
1788 4694 1921 4733 eum
1966 4677 2036 4732 ad
2069 4662 2115 4727 D
2150 4683 2275 4733 erat
2304 4683 2565 4751 perstare
2610 4678 2885 4748 deinceps
2918 4689 3152 4747 quoque
3177 4671 3234 4727 in
3260 4668 3444 4726 semel
3478 4667 3634 4725 adita
3662 4676 3781 4734 p08-

381 4756 698 4815 favendum
730 4760 969 4831 Graecis,
995 4764 1108 4819 nisi
1138 4766 1329 4837 prima
1358 4765 1417 4821 in
1452 4767 1639 4823 fronte
1670 4766 2033 4822 tractationis

378 4846 589 4904 talium
624 4865 822 4906 rerum
855 4853 1172 4923 promissio
1206 4862 1362 4910 certa
1393 4856 1739 4912 collocetur:
1769 4855 2031 4927 quandiu

378 4936 536 4993 enim
571 4940 906 4998 conciliatio
938 4942 1327 5000 Ecclesiarum
1363 4962 1475 5001 non
1509 4945 1860 5016 ostenditur,
1904 4962 2031 5017 per-

381 5030 499 5082 stat
524 5029 872 5086 scandalum
906 5035 1097 5103 vetus,
1132 5037 1189 5089 et
1219 5034 1622 5091 conventionis
1652 5036 1845 5091 omnis
1877 5035 2029 5091 viam

381 5115 632 5171 obstruit
650 5116 804 5191 lapis
827 5120 1062 5191 quidam
1089 5123 1343 5195 antiquas
1375 5125 2030 5193 oil'ensionis,invetera-

380 5206 557 5274 taque
574 5205 796 5263 Latinis
811 5212 1175 5268 consuetudo
1190 5212 1417 5270 Graecos
1434 5213 1806 5270 existimandi
1820 5230 2029 5270 vocan-

381 5292 561 5365 dique
592 5294 945 5354 Sarracenos
981 5299 1146 5370 alios;
1180 5302 1275 5373 qui
1310 5320 1520 5360 sensus
1554 5304 1744 5375 quoad
1780 5303 1835 5359 in
1870 5303 2030 5375 ipso-

379 5398 512 5437 rum
528 5382 779 5455 viguerit
800 5386 1266 5456 animis,frustra
1288 5397 1555 5463 speretur
1570 5392 1747 5449 ullam
1767 5410 2028 5464 unquam

381 5487 793 5543 processuram
825 5476 1088 5547 cujusvis
1118 5494 1253 5534 cum
1286 5481 1358 5537 iis
1390 5483 1709 5539 concordiae
1760 5482 2028 5538 ineundas

382 5560 892 5630 rationem.Quare
927 5582 1034 5621 suo
1066 5570 1324 5624 serviens
1344 5573 1595 5644 tempori
1617 5572 1857 5630 omnino
1888 5588 2028 5627 con-

384 5649 580 5707 stituit
610 5653 718 5709 boc
747 5656 1103 5711 aeternorum
1150 5656 1530 5717 dissidiorum
1581 5679 1780 5719 semen
1833 5670 1885 5717 et
1930 5678 2027 5716 ne-

385 5740 652 5796 cessariis
684 5740 1109 5802 conciliationis
1142 5746 1383 5803 unicum
1405 5751 1630 5808 obicem
1660 5753 2030 5823 tollere,pace

2143 4766 2407 4823 sessione
2430 4766 2794 4823 auctoritatis
2818 4761 3291 4836 independentis,
3324 4776 3440 4829 qua
3460 4752 3779 4813 Ecclesiam,

2143 4859 2209 4910 ut
2240 4855 2424 4928 prius,
2455 4857 2527 4912 ab
2559 4855 2718 4912 omni
2748 4854 3080 4911 absolutam
3114 4849 3289 4907 alieni
3321 4847 3611 4921 primatus
3652 4836 3778 4895 sub-

2135 4946 2391 5017 jectione
2420 4963 2483 5002 se
2514 4946 2691 5001 ﬁxum
2727 4944 3026 5000 habebant
3057 4941 3334 5006 tuituros,
3360 4954 3431 4993 ne
3463 4939 3777 5006 caupona!n

2141 5033 2446 5091 illiberalis
2507 5035 2683 5091 sortis
2742 5032 3215 5090 homuncionum
3275 5026 3491 5098 subjici
3536 5028 3779 5090 unqnam

2142 5124 2271 5196 ipso
2324 5125 2499 5198 (quod
2564 5122 3085 5193 abominabantur)
3131 5117 3359 5191 judicio
3410 5106 3777 5198 contingeret.

2142 5192 2529 5270 ljissimnlare
2562 5218 2757 5270 autem
2789 5212 2847 5267 in
2882 5211 3014 5267 istis
3047 5208 3235 5265 initiis
3268 5209 3395 5261 tuto
3429 5220 3491 5259 se
3515 5192 3780 5273 putarunt

2141 5320 2335 5376 posse,
2381 5304 2641 5376 primum
2695 5302 2835 5375 quia
2883 5314 3187 5372 nunquam
3235 5295 3382 5368 ipsis
3434 5292 3491 5347 in
3544 5287 3779 5344 mentem

2141 5393 2301 5448 venit
2325 5410 2439 5448 uno
2464 5392 2547 5447 sic
2572 5395 2868 5447 momento
2892 5384 3424 5444 consummandam
3453 5394 3593 5445 rem,
3619 5382 3775 5443 quam

2140 5498 2370 5538 movere
2428 5481 2749 5555 incipiebat
2804 5478 3143 5550 imperator,
3202 5468 3772 5565 verum-eventurum

2141 5588 2298 5626 nunc
2325 5554 2565 5643 quoque
2589 5570 2962 5627 confidebant
2990 5567 3146 5639 quod
3174 5579 3327 5635 saepe
3360 5558 3489 5616 aliis
3519 5554 3656 5612 alias
3680 5554 3774 5643 im:

2141 5634 2511 5732 peratoribus
2540 5661 2697 5718 idem
2751 5656 3048 5732 aggressis
3090 5672 3202 5712 usu
3224 5652 3690 5744 venerat,nernp6
3716 5634 3774 5744 l1.t

2142 5727 2573 5807 disturbaretur
2600 5767 2706 5823 per
2731 5727 2859 5806 sese
2890 5744 3213 5819 negotium,
3247 5746 3456 5814 sponte
3502 5731 3669 5799 natis,
3714 5727 3769 5779 ιιι
