4080 6384
357 365 463 421 823

1671 357 1976 415 GEORGII
2013 355 2477 414 PACHYMERB

3667 358 3765 415 824

366 481 658 561 ἀδελφοῖς,
686 478 722 550 ἢ
759 481 867 555 μὴν
891 478 943 535 ἒν
969 484 1087 544 τοῖς
1114 476 1276 541 ΐδίοις
1306 475 1583 556 ὂφφικίοις
1612 474 1707 533 εἶτ’
1736 498 1828 533 ουν
1872 496 2013 553 προ·
2043 480 2098 547 Α
2130 478 2330 552 ρήνης,
2362 479 2391 534 ’ὀ
2423 476 2490 549 δὴ
2548 480 2640 535 καὶ
2696 480 2897 556 γίνεται
2946 478 3190 556 ὕστερον.
3251 481 3412 535 Ταῦτ’
3470 476 3642 557 ἔλεγε,
3683 481 3769 536 καὶ

362 573 584 648 νομὶοις
645 566 756 635 ὄνθ’
818 569 1067 646 ἑκάτερον
1129 571 1212 642 [Ρ.
1243 571 1371 642 252]
1435 569 1510 641 μὴ
1571 567 1714 622 οὕτω
1745 566 2021 643 διαφόρως

370 665 520 739 ἔχειν
582 661 672 717 καὶ
730 661 1055 737 ἀκηρύκτως
1110 658 1387 730 ἀλλήλοις
1434 659 1873 734 ἀπεχθάνεσθαι⁵
1925 659 2019 733 ἀρ-

372 759 485 809 κεῖν
545 752 648 828 γὰρ
702 747 1032 829 ἀμφοτέροις
1085 749 1213 811 τοὺς
1274 748 1504 824 ἐχθροὺς
1532 754 1627 803 τοῦ
1660 753 1913 823 σταυροῦ,
1946 749 2016 803 ὧν

368 845 432 900 τὸ
462 842 621 903 τέλος
654 840 925 908 ἀπώλεια,
956 840 1046 894 καὶ
1101 840 1377 915 ἀγαπητὸν
1406 838 1783 914 ἀποχρώντως
1830 837 2019 916 φέρον-

368 954 467 995 τας
526 929 697 1004 ὄνομα
756 933 852 984 τοῦ
911 933 1148 1004 Χριστοῦ
1224 927 1363 1005 πρὸς
1428 928 1666 991 ἐκείνους
1730 931 2021 1003 μάχεσθαι,

372 1018 511 1077 ὅπου
567 1019 656 1075 καὶ
708 1019 771 1074 τὸ
827 1024 976 1089 νικᾷν
1028 1017 1306 1073 ἐπαινετὸν
1359 1017 1449 1073 καὶ
1504 1019 1567 1073 τὸ
1628 1015 2025 1093 ἀποτυγχάνειν

372 1111 668 1185 σωτήριον,
728 1102 871 1183 ἔργῳ
926 1108 1025 1177 τὴν
1086 1109 1395 1183 προθυμίαν
1449 1105 1701 1179 δείξασιν.
1734 1106 1892 1165 Οὕτω
1928 1108 2022 1180 μὲν

370 1197 461 1255 οὖν
494 1199 633 1273 πρὸς
663 1194 952 1267 ἀλλήλους
1004 1194 1220 1271 ἔχοντες
1276 1194 1532 1272 βασιλεὺς
1577 1198 1665 1252 καὶ
1699 1195 2024 1272 Γρηγόριος,

368 1290 395 1343 ὁ
432 1288 525 1361 μὶν
558 1286 681 1356 ἤϊεν
714 1286 790 1349 εἷς
821 1286 883 1340 τὸ
940 1285 1130 1359 πρόσω
1181 1287 1283 1355 τὴν
1344 1286 1689 1361 χειροτονίαν
1717 1284 2025 1360 δεξόμενος,

373 1375 629 1453 βασιλεὺς
662 1373 721 1431 δὲ
759 1375 935 1438 πολὺς
993 1376 1058 1445 ἦν
1120 1373 1357 1431 ἐντεῦθεν
1412 1380 1482 1450 τῇ
1540 1374 1752 1449 συνόδῳ
1810 1375 2023 1450 ἐπέχων

366 1465 577 1521 καὶτὸν
629 1465 981 1541 πατριάρχην
1044 1466 1395 1529 θὼπευτικῶς
1450 1465 1829 1540 ὑπερχόμενος
1883 1466 2026 1520 ὑπο-

370 1553 575 1610 κλίνειν
626 1554 714 1609 καὶ
766 1552 946 1608 ἀνύειν
982 1553 1045 1608 τὸ
1089 1551 1527 1627 σπουδαζόμενον
1561 1576 1573 1587 ·
1632 1556 1766 1609 εἶναι
1804 1554 1906 1630 γὰρ
1937 1552 2027 1608 καὶ

375 1640 547 1719 ἄνδρα
576 1649 677 1712 τῆς
734 1641 958 1717 εἰρήνης
1013 1642 1106 1697 τὸν
1161 1642 1381 1697 πάππαν
1441 1644 1532 1698 καὶ
1592 1642 1881 1716 ἐπιθυμίας
1925 1650 2026 1713 τῆς

372 1731 874 1807 κρείττονος.Μετ’
932 1729 992 1785 οὐ
1051 1730 1195 1787 πολὺ
1253 1728 1309 1786 δὲ
1366 1730 1727 1795 καταστάντος
1757 1737 1855 1787 τοῦ
1886 1738 2027 1805 Γρη-

371 1819 565 1896 γορίου
622 1816 875 1894 πρέσϐεις
922 1820 1119 1875 ἐκεῖθεν
1174 1816 1653 1894 καταλαμϐάνουσι
1712 1823 1774 1877 τὸ
1824 1822 2027 1892 Βυζάν-

369 1930 510 1979 τιον,
564 1909 653 1963 καὶ
716 1909 767 1964 οἱ
830 1905 1083 1984 πρέσϐεις
1144 1912 1383 1987 φρέριοι,
1442 1912 1515 1965 ὧν
1575 1912 1649 1975 εἷς
1673 1911 1739 1980 ἦν
1767 1913 2026 1982 Ἰωάννης

368 1998 699 2074 Παράστρων
770 1998 1183 2074 ὠνομασμένος,
1214 1998 1455 2070 πολίτης
1488 2002 1728 2075 ἀρχῆθεν
1761 2002 1849 2056 καὶ
1904 2004 2025 2074 ξυν-

367 2088 486 2150 ετὸς
516 2088 583 2143 τά
616 2086 671 2150 ές
726 2086 983 2163 γλῶσσαν
1039 2088 1314 2160 Ἕλληνα,
1374 2090 1420 2161 ᾦ
1480 2088 1547 2159 δὴ
1596 2093 1687 2145 καὶ
1748 2096 1915 2159 ζῆΛος
1954 2091 2020 2159 ἧν

370 2178 503 2254 ὑπὲρ
535 2184 635 2247 τῆς
666 2183 774 2234 τῶν
834 2180 1183 2251 Ἐκκλησιῶν
1247 2177 1513 2251 ἐνώσεως,
1567 2179 1642 2242 ὡς
1693 2177 1898 2243 ἐκεῖνος
1933 2179 2024 2236 λέ-

365 2288 478 2344 γων
509 2270 767 2343 παρίστα,
826 2268 965 2325 ὥστε
1022 2268 1112 2324 καὶ
1169 2268 1445 2331 πολλάκις
1501 2270 1859 2344 κατεύχεσθαι
1900 2271 2025 2325 ἑαυ-

366 2361 464 2413 τοῦ
494 2356 686 2413 αὐτίκα
745 2357 995 2433 θάνατον,
1045 2357 1113 2429 ἣν
1176 2357 1341 2432 μόνον
1397 2353 1639 2436 προϐαίη
1694 2360 1760 2414 τά
1805 2365 1904 2429 τῆς
1949 2359 2028 2415 εἷ-

371 2581 512 2639 boni
542 2598 612 2639 ex
630 2598 699 2638 ea
729 2580 1133 2638 conciliatione
1155 2580 1622 2637 redundaturum
1645 2581 1704 2637 in
1724 2580 2021 2655 publicam

376 2671 714 2729 felicitatem
772 2672 943 2738 foret,
1002 2674 1414 2743 reputaretque
1474 2688 1579 2727 nec
1635 2672 1871 2742 justum
1923 2686 2031 2727 nec

375 2762 729 2818 conveniens
778 2777 909 2818 esse
964 2760 1111 2817 tales
1170 2778 1237 2817 ac
1295 2765 1489 2817 tantas
1544 2764 1748 2833 gentes
1801 2760 2031 2833 exiguis

374 2851 571 2909 causis
602 2852 661 2908 in
693 2856 941 2908 internas
973 2850 1265 2923 implicari
1305 2852 1662 2923 simultates,
1688 2856 2031 2924 quantoque

372 2940 807 2997 conducibilius
839 2942 1100 2997 futurum
1134 2946 1310 3011 esset,
1345 2957 1711 3014 quaecunque
1764 2942 2030 3013 ipsarum

375 3029 434 3085 in
466 3029 639 3101 culpa
667 3030 1225 3102 deprehenderetur,
1241 3048 1367 3087 eam
1392 3032 1547 3088 bona
1576 3032 1687 3087 fide
1717 3030 2032 3086 emendare

375 3136 442 3174 ac
488 3135 739 3191 purgare
787 3119 1005 3176 crimen
1052 3136 1249 3186 suum,
1299 3120 1651 3192 sublataque
1709 3120 2033 3175 offensione

2124 571 2243 629 ταῖς
2277 567 2561 638 ἀληθείαις
2620 567 2961 640 σπουδαστης
3018 571 3087 639 ἦν
3142 575 3244 633 ταῖς
3295 569 3521 644 εἰρήνης
3577 567 3764 644 θερμό-

2125 677 2308 727 τατος,
2362 658 2499 712 ὥστε
2555 658 2830 720 πολλάκις
2894 660 2984 713 καὶ
3061 653 3438 732 παραϐάλλων
3470 654 3771 733 παρτιᾶρχῃ

2127 766 2185 799 τε
2213 746 2302 800 καὶ
2343 749 2409 819 τῇ
2446 745 2654 820 συνόδῳ
2711 746 3063 821 κατελιπάρει
3120 749 3209 802 καὶ
3265 746 3469 818 ταύτην
3517 746 3771 802 ἐπέσπευ-

2130 832 2207 902 δε,
2268 834 2334 889 τὰ
2393 838 2488 908 μὲν
2543 839 2663 901 καθ’
2718 840 2866 910 ἡμᾶς
2923 837 3233 907 ἐκθειάζων,
3294 837 3424 892 ὥστ’
3483 836 3650 891 ἐνίοτε
3690 837 3773 892 καὶ

2130 924 2218 978 ὅτε
2275 926 2302 979 ὁ
2359 928 2706 1002 πατριάρχης
2765 927 3140 1003 λειτουργοί-η,
3173 927 3334 982 αὐτὸν
3393 925 3773 999 ἀποτιθέμενον

2127 1014 2229 1082 τὴν
2260 1014 2599 1093 καλύπτραν,
2635 1015 2696 1071 οὐ
2732 1018 2839 1090 μὴν
2891 1015 2949 1071 δὲ
2998 1014 3144 1071 ἀλλά
3188 1015 3278 1070 καὶ
3308 1014 3438 1078 τοὺς
3476 1016 3591 1089 μετ’
3622 1014 3775 1070 αὐτοῦ

2132 1100 2608 1178 συλλαμϐάνοντα,
2661 1106 2999 1182 είσέρχεσθαι
3055 1106 3123 1160 τὰ
3166 1103 3353 1171 ἄδυτα,
3396 1105 3488 1160 καὶ
3518 1104 3663 1180 παρά
3687 1105 3772 1160 τὸν

2129 1195 2371 1267 τυχόντα
2430 1195 2690 1272 ἀρχιερέα
2755 1196 3042 1269 ἱστάμενον
3094 1196 3193 1259 τὰς
3244 1194 3508 1268 μυστικὰς
3557 1215 3774 1248 συνανα-

2131 1284 2415 1356 γινώσκειν
2448 1284 2613 1359 εύχάς
2645 1286 2779 1357 μετά
2826 1286 3006 1355 πάσης
3054 1283 3497 1354 ἐνθουσιότητος.
3529 1285 3658 1345 Τοῖς
3692 1284 3777 1356 μὶν

2134 1372 2226 1429 οὖν
2257 1376 2549 1451 ἡμετέροις
2600 1374 2743 1431 οὕτω
2790 1376 3037 1449 κοσμίως
3090 1374 3178 1430 καὶ
3228 1369 3484 1437 εὐλαϐῶς
3526 1372 3777 1451 προσεφέ-

2136 1485 2279 1539 ρετο,
2313 1467 2452 1542 πρὸς
2483 1463 2529 1520 δ’
2562 1464 2805 1528 Ἰταλοὺς
2848 1466 3068 1543 ἀφορῶν
3118 1464 3287 1520 καλὸν
3337 1465 3473 1519 εἶναι
3503 1464 3590 1519 καὶ
3622 1462 3781 1542 ἀσφα-

2138 1554 2231 1618 Λές
2260 1550 2446 1630 ἔλεγεν
2478 1555 2780 1633 ἀφεμένους
2837 1562 2939 1624 τῆς
2994 1551 3316 1630 προσθήκης
3368 1552 3447 1615 εἷς
3490 1550 3778 1608 σκάνδαλον

2136 1644 2472 1718 προειμένης
2529 1651 2647 1709 τοῖς
2705 1642 2967 1722 ἀδελφοῖς
3024 1644 3197 1706 οὕτως
3255 1642 3580 1720 εἰρηνεύειν.
3638 1642 3698 1699 Εἰ
3739 1634 3779 1696 δ’

2141 1732 2255 1804 οὖν,
2301 1735 2391 1790 καὶ
2424 1734 2620 1799 αὐτοὺς
2680 1734 3167 1808 ἀπολογουμένους
3227 1731 3315 1789 ἐπὶ
3375 1736 3445 1807 τῇ
3503 1733 3779 1810 προσθήκῃ

2139 1822 2351 1879 δίκαιον
2414 1821 2689 1899 δέχεσθαι,
2750 1824 2887 1878 ὥστε
2942 1824 3029 1878 καὶ
3078 1821 3206 1884 τοὺς
3268 1824 3366 1895 μὶν
3426 1822 3678 1897 Λέγοντας
3731 1819 3782 1874 ἐκ

2138 1914 2349 1987 Ηατρὸς
2381 1914 2512 1968 Υἱοῦ
2543 1935 2619 1983 τε,
2669 1914 2806 1987 ὑμᾶς
2854 1913 2913 1967 ἐκ
2958 1913 3171 1987 Πατρὸς
3218 1909 3291 1965 δι’
3321 1911 3453 1967 Υἱοῦ
3480 1911 3543 1966 τὸ
3576 1914 3781 1983 Πνεῦμα

2131 2002 2193 2057 τὸ
2256 2004 2410 2079 ἅγιον
2472 2001 2879 2077 ἐκπορεύεσθαι,
2938 1998 3413 2076 παραπληκτίζειν
3473 2000 3567 2056 καὶ
3622 1996 3776 2077 ἄμφω

2133 2092 2209 2155 είς
2285 2096 2420 2147 Θεοῦ
2500 2097 2773 2169 μυστήρια
2824 2093 3303 2166 παρακύπτοντας.
3386 2091 3625 2151 Ἐκεῖνος
3694 2088 3779 2161 μὶν

2133 2182 2283 2236 ταῦτ’
2312 2178 2470 2256 ἔλεγε
2498 2181 2588 2236 καὶ
2636 2180 2938 2249 συσκιάζων
2987 2181 3049 2234 τὸ
3100 2178 3191 2234 ἐπὶ
3238 2184 3321 2252 τῷ
3355 2173 3636 2253 Συμϐόλῳ
3664 2175 3783 2231 τὸλ-

2139 2291 2320 2345 μημα,
2368 2265 2593 2345 πρέσϐις
2644 2266 2717 2326 ὢν
2765 2269 2855 2324 καὶ
2907 2266 3186 2345 προύργου
3238 2267 3460 2342 μᾶλλον
3504 2267 3700 2329 παντὸς
3724 2263 3779 2319 τὸ

2134 2354 2572 2435 πρεσϐευόμενον
2606 2355 2779 2413 θέλων
2812 2357 3018 2413 ἀνύτειν
3046 2377 3059 2391 ·
3116 2358 3169 2412 οἱ
3218 2355 3277 2412 δὲ
3315 2364 3420 2429 τῆς
3468 2352 3781 2425 Ἐκκλησία(

2142 2582 2520 2655 prudensque
2542 2597 2609 2637 ac
2639 2582 2892 2637 disertus
2912 2580 3111 2637 Graeca
3158 2580 3386 2653 lingua.
3418 2580 3525 2637 Hic
3570 2581 3626 2635 et
3666 2592 3780 2633 ver-

2142 2672 2213 2728 bo
2247 2671 2584 2728 afﬁrmabat
2605 2675 2662 2727 et
2692 2671 2861 2727 factis
2910 2687 3026 2743 prae
3056 2687 3118 2727 se
3178 2670 3407 2726 ferebat
3456 2667 3676 2741 ingenti
3724 2680 3777 2721 se

2141 2762 2337 2820 studio
2369 2761 2615 2833 ﬂagrare
2645 2761 3022 2817 conciliandis
3054 2760 3210 2817 inter
3251 2760 3559 2817 discordes
3603 2754 3781 2814 Eccle-

2146 2852 2266 2908 sias
2298 2851 2631 2923 pacis,adeo
2663 2855 2727 2906 ut
2756 2868 2907 2923 saepe
2928 2850 3233 2907 audiretur
3262 2854 3467 2922 Optare
3490 2852 3659 2921 atque
3683 2845 3782 2900 im-

2140 2941 2364 3014 precari
2393 2940 2503 2997 sibi
2537 2945 2783 2997 mortem
2831 2944 3112 3012 tanquam
3160 2938 3308 2995 nihil
3366 2936 3629 2996 consenti
3681 2931 3781 2989 sibi

2140 3036 2367 3088 restare
2416 3029 2671 3103 amplius
2720 3031 2879 3103 quod
2921 3030 2982 3086 in
3040 3029 3161 3084 vita
3212 3034 3479 3101 cuperet,
3530 3026 3579 3083 si
3624 3024 3781 3081 modo

2142 3118 2490 3191 contigisset
2508 3119 2818 3191 procedere
2832 3117 3077 3174 feliciter
3096 3118 3170 3174 ad
3201 3117 3602 3174 desideratum
3624 3114 3783 3169 ﬁnem

376 3207 634 3280 praebere
665 3208 947 3265 fratribus
1005 3226 1229 3282 pacem,
1287 3208 1669 3281 vicissimque
1727 3213 2026 3280 acceptam
2062 3228 2104 3295 ρ
2142 3208 2443 3280 negotium
2475 3208 2631 3280 quod
2666 3212 3016 3264 tractaretur
3045 3207 3245 3280 pacis;
3278 3209 3459 3279 cujus
3480 3210 3536 3262 et
3564 3214 3785 3272 compos

378 3298 607 3353 sincera
639 3303 833 3355 mente
864 3298 1089 3367 colere;
1124 3304 1226 3356 aut
1255 3304 1410 3355 certe
1440 3299 1488 3354 si
1522 3298 2032 3371 postdisquisitio-

382 3403 519 3443 nem
558 3392 855 3445 constaret
883 3387 1031 3444 nihil
1064 3389 1124 3443 in
1157 3389 1375 3443 utravis
1406 3404 1535 3444 esse
1557 3388 1713 3459 quod
1738 3388 1877 3459 jure
1906 3385 2031 3441 cul-

384 3481 644 3549 paretur,
678 3493 1048 3550 perseverare
1078 3477 1396 3547 tranquille
1428 3476 1633 3532 ambas
1664 3476 1723 3531 in
1783 3476 2035 3548 propriis

383 3583 867 3639 unamquamque
918 3566 1130 3622 officiis
1199 3583 1265 3623 ac
1332 3565 1544 3622 ritibus
1604 3582 1714 3621 usu
1770 3564 2034 3637 legitimo

386 3655 797 3724 statutis,nibil
832 3654 999 3711 alteri
1028 3660 1611 3723 succensentem,nec
1633 3653 2032 3724 internecinis,

385 3751 451 3802 ut
478 3746 786 3811 hactenus,
810 3744 1057 3801 invicem
1080 3745 1230 3801 odiis
1257 3745 1850 3816 contentionibusque
1872 3760 2036 3800 com-

386 3835 1081 3908 missasimplacabilium
1101 3841 1158 3893 et
1171 3836 1551 3893 exitiosarum
1569 3837 1801 3908 utrique
1818 3836 2035 3893 discor-

381 3927 610 3984 diarum
645 3926 845 3982 funem
878 3926 1122 3996 ducere;
1164 3927 1435 3983 sufficere
1492 3927 1709 4001 quippe
1761 3927 2032 3999 utrisque

379 4016 579 4073 hostes
610 4015 1085 4088 crucis,quorum
1110 4016 1246 4073 finis
1277 4017 1575 4074 interitus.
1608 4017 1883 4085 Abunde,
1939 4017 2035 4071 in-

376 4123 649 4179 quam,ac
681 4104 867 4163 multo
881 4105 1014 4178 plus
1048 4123 1225 4178 quam
1258 4106 1337 4162 sit
1368 4106 1513 4163 satis
1544 4110 1855 4177 suppetere
1885 4122 2030 4179 gen-

374 4197 527 4252 tium
558 4195 1017 4265 infensarum,in
1050 4195 1269 4267 quibus
1300 4195 1712 4268 oppugnandis
1743 4195 1841 4266 qui
1863 4195 2028 4252 Chri-

375 4285 451 4343 sti
482 4285 721 4343 nomine
749 4289 1067 4341 censentur
1095 4284 1373 4340 virtutem
1423 4302 1592 4340 suam
1624 4283 1894 4340 bellicam
1929 4300 2029 4340 ex-

373 4375 727 4448 perirentur,
758 4374 977 4446 quibus
1008 4372 1179 4429 bellis
1209 4378 1267 4429 et
1320 4373 1554 4429 vincere
1616 4372 1938 4445 gloriosum
1970 4378 2030 4429 et

369 4465 520 4520 vinci
555 4464 815 4519 salutare
835 4467 925 4519 est
955 4466 1194 4535 propter
1222 4462 1520 4535 ingentem
1554 4463 1879 4518 mercedem
1910 4462 2029 4519 illis

371 4555 471 4627 qui
505 4570 681 4611 suum
712 4553 1003 4622 studium,
1056 4569 1232 4625 opera
1270 4553 1446 4609 etiam
1504 4569 1783 4609 successu
1835 4569 2025 4622 cassa,

369 4644 737 4701 ostenderint
765 4659 799 4698 a
828 4642 943 4699 Deo
971 4641 1316 4699 fidelissime
1348 4643 1902 4715 repraesentandam.
1934 4642 2027 4699 Sic

367 4735 616 4791 invicem
646 4733 837 4789 affecti
870 4732 1084 4789 animis
1116 4732 1438 4804 imperator
1475 4736 1534 4788 et
1563 4732 1901 4803 Gregorius,
1932 4731 2024 4789 hic

365 4825 605 4898 quidem
658 4828 848 4897 coepta
886 4822 981 4879 via
1023 4824 1531 4895 progrediebatur,
1590 4823 2020 4878 ordinationem

371 4918 761 4988 percepturus
821 4929 1032 4981 suam;
1067 4911 1166 4968 ille
1197 4916 1392 4968 autem
1419 4910 1645 4968 multus
1674 4918 1797 4967 erat
1819 4912 1877 4966 in
1893 4928 2021 4967 am-

365 5004 582 5060 bienda
602 5003 825 5078 synodo
838 5000 1351 5074 eblandiendoque
1366 5001 1713 5073 patriarchas
1726 5016 2020 5057 consensu

362 5094 423 5149 in
455 5111 523 5150 ea
551 5112 676 5165 quae
699 5092 1237 5166 cogitabat,passim
1271 5108 1743 5149 commemorans
1776 5101 1831 5149 et
1875 5110 2019 5148 cun-

361 5183 474 5239 ctis
505 5183 756 5239 subinde
788 5182 1117 5251 inculcans,
1150 5198 1280 5238 esse
1303 5180 1649 5253 Gregorium
1684 5182 2019 5253 perstudio-

363 5292 497 5334 sum
559 5276 707 5331 371
772 5274 1074 5331 hominem
1134 5274 1316 5346 pacis,
1374 5279 1431 5331 et
1478 5290 1615 5331 vero
1665 5273 2015 5330 instinctum

365 5364 657 5423 desiderio
681 5364 819 5421 boni
848 5363 1068 5436 publici
1090 5380 1156 5419 ac
1190 5364 1526 5435 splendoris
1556 5364 1639 5420 rei
1671 5363 2015 5419 Christianae

359 5455 667 5512 universis.
703 5452 878 5510 Paulo
901 5460 1085 5524 posta
1110 5453 1235 5523 jam
1268 5454 1622 5526 inaugurato
1663 5458 1719 5510 et
1770 5454 1828 5508 in
1880 5456 2014 5509 sede

359 5542 679 5615 apostolica
699 5540 807 5597 rite
819 5539 1141 5596 constituto
1164 5540 1439 5613 Gregorio
1462 5543 1666 5599 eodem
1696 5542 2016 5597 adfuerunt

361 5628 873 5701 Constantinopoli
904 5627 1079 5701 legati
1134 5629 1336 5698 Frerii,
1368 5646 1621 5701 quorum
1681 5648 1841 5687 unus
1888 5637 2015 5686 erat

354 5722 609 5777 Joannes
636 5721 949 5775 Parastron
994 5717 1593 5791 nominatus,origine
1612 5719 1754 5777 civis
1787 5724 2010 5787 noster,

2144 3297 2260 3354 voti
2293 3298 2504 3353 deinde
2534 3299 2723 3353 factus
2744 3301 2852 3353 est.
2906 3297 3037 3353 Haec
3067 3296 3164 3353 ille
3221 3295 3589 3367 loquebatur,
3619 3295 3671 3348 et
3699 3304 3785 3344 re-

2143 3404 2281 3444 vera
2338 3391 2639 3458 promotor
2694 3390 2821 3443 erat
2876 3385 3338 3442 ardentissimus
3396 3378 3784 3457 ecclesiasticae

2145 3478 2484 3544 concordiae,
2511 3478 2656 3532 adeo
2690 3480 2755 3531 ut
2784 3491 2936 3547 saepe
2968 3476 3041 3532 de
3070 3475 3305 3548 negotio
3356 3479 3615 3531 tractans
3657 3480 3777 3524 cum

2146 3567 2480 3640 patriarcha
2502 3572 2560 3623 et
2584 3567 2807 3639 synodo
2858 3566 3057 3621 Patres
3102 3565 3236 3621 illos
3284 3558 3782 3621 vehementissime

2145 3661 2430 3725 oraret,ut
2459 3673 2585 3727 quas
2643 3672 2889 3712 suarum
2947 3659 3143 3710 essent
3194 3656 3487 3726 cujusque
3540 3647 3780 3723 partium

2142 3748 2203 3803 in
2235 3764 2359 3803 rem
2392 3746 2589 3803 studio
2634 3744 2937 3801 communi
2986 3744 3253 3801 conferre
3284 3760 3358 3800 ne
3390 3739 3780 3816 gravarentur,

2142 3853 2237 3895 res
2268 3836 2505 3892 interim
2538 3840 2772 3892 nostras
2804 3834 3003 3906 magni
3053 3832 3298 3905 faciens,
3330 3848 3497 3901 usus,
3530 3829 3778 3899 inquam,

2142 3927 2639 3999 caeremoniasque
2695 3925 2881 3981 nostri
2914 3924 3065 3981 ritus
3113 3924 3430 3981 dilaudans
3473 3925 3530 3978 et
3556 3930 3781 3974 venera-

2141 4019 2300 4076 tione
2328 4018 2520 4090 palam
2554 4032 2916 4089 prosequens
2974 4031 3230 4083 summa,
3274 4014 3355 4070 ita
3385 4017 3451 4068 ut
3497 4005 3774 4066 interdum

2141 4124 2378 4164 sacrum
2436 4105 2685 4162 faciente
2742 4103 3095 4176 patriarcha,
3158 4104 3382 4160 nudato
3441 4101 3569 4173 ipse
3604 4090 3779 4165 capite

2141 4202 2466 4269 ceteraque
2499 4194 2762 4251 adhibita
2790 4192 3222 4265 significatione
3271 4193 3487 4248 infima:
3535 4195 3782 4242 reveren-

2139 4288 2237 4343 tiae
2270 4285 2394 4341 suis
2426 4300 2628 4341 secum
2688 4282 3003 4339 comitibus
3036 4282 3363 4352 assumptis
3393 4275 3782 4350 ingrederetur

2139 4378 2335 4448 adyta,
2390 4378 2448 4430 et
2498 4388 2696 4429 coram
2747 4387 3104 4444 quocunque
3153 4370 3275 4426 illic
3319 4371 3546 4442 reperto
3593 4364 3779 4418 astans

2138 4463 2385 4536 praesule
2418 4462 2694 4532 mysticas
2720 4458 2899 4516 simul
2933 4477 3067 4516 cum
3100 4475 3169 4515 eo
3199 4459 3418 4532 legeret
3438 4467 3634 4529 preces
3653 4459 3775 4536 cum

2137 4532 2298 4610 omni
2331 4553 2552 4608 fervore
2578 4549 2976 4622 religionis.Et
3006 4549 3105 4605 ille
3137 4549 3379 4622 quidem
3430 4558 3569 4617 erga
3598 4532 3770 4594 homi-

2137 4659 2241 4699 nes
2292 4641 2478 4698 nostri
2535 4640 2686 4697 ritus
2740 4641 2819 4695 ita
2862 4638 2957 4711 pie
3009 4639 3334 4710 decoreque
3390 4652 3453 4693 se
3506 4626 3769 4704 gerebat:

2132 4731 2311 4790 Italos
2341 4736 2536 4788 autem
2565 4734 2883 4803 prmsentes
2915 4728 3175 4799 intuens,
3199 4742 3435 4802 aequum
3483 4732 3540 4778 et
3592 4719 3768 4803 tutun}

2132 4823 2326 4879 aiebat
2354 4839 2483 4879 esse
2524 4797 2775 4878 dimisso
2834 4835 2935 4875 eos
2987 4797 3302 4890 amotoque
3352 4806 3662 4872 additionis
3704 4797 3766 4890 ml

2132 4912 2465 4986 symbolum
2499 4910 2779 4967 seandalo
2810 4924 2945 4963 cum
2978 4888 3280 4978 fratribus,
3330 4919 3474 4977 quos
3521 4888 3768 4986 viderent

2130 4982 2351 5072 coram,
2381 5000 2599 5057 Graecis
2631 4997 3102 5065 conciliari;vera
3130 4997 3212 5052 ita
3231 4998 3471 5052 demum
3501 4982 3768 5045 coalitura

2130 5111 2291 5166 pace.
2325 5093 2511 5150 Simul
2542 5096 2739 5147 tamen
2774 5090 3132 5145 admonebat
3190 5092 3445 5153 nostros,
3502 5092 3606 5152 par
3647 5080 3762 5166 688.63

2128 5158 2291 5257 ipsos
2325 5198 2561 5255 quoque
2600 5197 2750 5253 quas
2795 5178 2985 5235 Latini
3033 5178 3353 5250 allegarent
3400 5158 3764 5257 additament‘i

2130 5241 2399 5347 s‘ymbolo
2430 5270 2639 5327 inserti
2672 5267 3080 5325 excusationes
3137 5285 3252 5324 non
3304 5241 3757 5347 aspernatijieil

2130 5331 2325 5435 potius
2356 5366 2423 5418 ut
2453 5362 2694 5417 idoneas
2726 5357 3008 5429 accipere.
3042 5358 3149 5421 Qui
3202 5362 3397 5412 autem
3428 5344 3581 5435 omni
3620 5331 3757 5434 δῖ’

2127 5433 2341 5523 rejecla
2369 5450 2819 5522 compositione,
2850 5447 3071 5503 invicta
3115 5446 3393 5517 utrinque
3442 5433 3759 5523 pertinacia,

2126 5516 2602 5599 in'contentione
2633 5516 2899 5612 perstare
2926 5535 3170 5603 vellent,
3218 5516 3600 5593 vociferantes
3640 5516 3761 5612 hinc

2124 5630 2365 5702 quidem
2388 5647 2459 5687 ex
2474 5610 2650 5686 Patre
2667 5624 3127 5698 Filioque,illinc
3158 5630 3360 5682 autem
3391 5610 3757 5708 ex-Patre

2120 5697 2333 5777 Ii'ilium
2348 5719 2660 5794 procedere
2673 5697 2963 5790 Spiritum
2977 5697 3754 5788 sanctum,nullojurgiorum
