4080 6402
362 392 470 449 825

1448 400 1540 454 DE
1577 399 1946 454 MICHAELE
1985 397 2434 456 PALBOLOGO
2469 401 2603 454 LIB.
2646 400 2715 452 ιν.

3677 399 3785 455 826

358 512 532 571 καλὸν
594 515 690 589 μὲν
747 511 937 592 ἔλεγον
992 518 1092 587 τὴν
1126 516 1349 595 εἰρήνην
1404 518 1561 593 εἶναι,
1621 519 1856 581 καὶπῶς
1911 517 2015 593 γὰρ
2047 529 2100 595 Α
2134 521 2373 593 πόμεθα,
2432 522 2505 583 ὡς
2568 522 2641 594 μὴ
2701 518 2867 576 καλὸν
2930 516 3117 582 ἄλλως
3173 521 3231 575 ὃν
3291 516 3419 594 μηδ’
3450 518 3686 598 ἀσφαλὲς
3716 523 3779 576 τὸ

364 601 466 675 οὕς
497 603 620 677 καῖέ
654 603 869 677 μᾶλλον
902 604 1260 677 Ἐκκλησίαις
1299 609 1597 682 τοιαύταις,
1629 610 1873 686 κεφαλῆς
1920 605 2021 661 λό-

356 715 450 771 γον
487 691 743 769 ἐχούσαις
773 699 892 756 τοῖς
946 697 1031 768 [Ρ.
1062 698 1190 769 253]
1226 695 1575 768 ὁπουδήποτε
1619 702 1716 752 τοῦ
1761 697 2020 770 εἰρηνάρ-

360 803 468 859 χου
526 788 762 858 Χριστοῦ
824 785 1133 857 μαθηταῖς,
1187 785 1334 855 πλὴν
1399 788 1514 859 μετ’
1574 785 1870 865 ἀσφαλείας
1929 784 2018 839 καὶ

359 874 469 950 οὐχ
524 875 600 937 ὡς
647 870 861 950 ἔτυχεν
924 876 1059 932 εἶναι
1100 878 1202 953 γάρ
1234 878 1323 931 τὸν
1378 876 1623 933 κίνδυνον
1692 878 1857 952 μεγαν
1904 880 2020 937 τοῖς

353 969 451 1020 τοῦ
509 964 677 1040 ὀρθοῦ
739 966 991 1021 ὁπωσοῦν
1045 965 1438 1043 ἁμαρτάνουσι.
1501 992 1526 1022 a
1561 969 1666 1024 Καὶ
1713 971 1880 1023 τοῦτο
1913 965 2021 1042 υύχ

353 1058 492 1129 ἡμῖν
551 1052 671 1130 ἄρτι
731 1051 921 1128 ξυνέϐη
975 1064 1315 1134 πεπρᾶχθαι,
1378 1059 1451 1121 ὡς
1507 1060 1598 1113 καὶ
1648 1057 1822 1113 αἲτίαν
1872 1055 2021 1131 ἔχειν

355 1148 452 1200 τοῦ
507 1164 567 1199 τε
619 1149 975 1218 καινοτομεῖν
1035 1146 1068 1200 ἃ
1123 1145 1305 1210 οὐδεὶς
1352 1148 1643 1224 πρότερον,
1690 1146 1907 1202 καὶτοῦ
1944 1145 2017 1218 μὴ

355 1231 532 1297 Θέλειν
587 1229 952 1306 μεταϐάλλειν
1009 1233 1175 1290 πάλιν
1222 1236 1303 1299 εἷς
1353 1234 1381 1291 ὃ
1411 1236 1502 1291 καὶ
1532 1235 1661 1311 πρὶν
1690 1235 1851 1308 ἦμεν·
1891 1232 2019 1289 ἀλλ’

356 1319 547 1396 ἄνδρες
601 1323 837 1398 μεγάλοι
890 1324 992 1393 τήν
1052 1322 1252 1399 ἀρετὴῦ
1309 1326 1399 1380 καὶ
1454 1325 1612 1404 σοφοὶ
1660 1327 1761 1394 τήν
1818 1327 2018 1402 γνῶσιν

353 1412 481 1488 περὶ
546 1412 758 1468 τούτων
836 1411 1183 1485 λαλήσαντες
1246 1412 1635 1492 διηνέχθησαν,
1710 1416 1800 1470 καὶ
1860 1412 2016 1483 δόξαν

355 1499 578 1564 ἐκείνοις
612 1499 920 1574 διέστησαν.
986 1504 1066 1561 Τὸ
1123 1502 1179 1559 δὲ
1237 1506 1329 1560 καὶ
1388 1506 1466 1568 εἷς
1517 1504 1684 1561 πλέον
1742 1507 1845 1575 τήν
1905 1504 2015 1581 ἔριν

354 1590 687 1647 ἑκτείνεσθαι
744 1597 842 1647 τοῦ
904 1592 1128 1668 μετρίου
1180 1592 1292 1649 οὔτ’
1350 1593 1579 1657 ἐκείνοις
1636 1596 1703 1664 ἦν
1761 1594 2015 1665 θελητὸν,

351 1682 441 1736 καὶ
496 1686 615 1744 τοῖς
659 1680 1046 1753 πλεονάζουσιν
1104 1683 1311 1757 ἀμαθὲς
1366 1681 1555 1749 ἄλλως
1608 1685 1697 1739 καὶ
1729 1682 2015 1757 τολμηρὸν

353 1772 380 1826 6
439 1769 807 1846 πλεονασμός.
870 1770 1024 1842 Πλὴν
1077 1774 1138 1828 τὸ
1197 1773 1288 1828 καὶ
1348 1776 1496 1847 ἡμᾶς
1555 1775 1653 1843 τὴν
1695 1776 2013 1848 προσθήκην

354 1862 650 1938 προφέρειν
710 1863 839 1937 ὑμῖν
886 1863 1000 1919 τότ’
1063 1862 1123 1917 ἃν
1182 1865 1371 1940 χώραν
1452 1865 1568 1940 εἶχε
1618 1865 1709 1919 καὶ
1788 1863 2016 1928 δικαίως

352 1947 783 2026 ὀνειδιζοίμεθα,
843 1950 888 2006 εἰ
948 1948 1273 2015 δυσσεϐείας
1335 1953 1477 2026 ὑμᾶς
1531 1952 1567 2022 ἢ
1625 1948 1891 2025 ἀσεϐείας,
1949 1954 2012 2007 τὸ

351 2038 650 2115 χείριστον,
699 2038 788 2096 διά
816 2044 916 2111 τήν
942 2041 1230 2117 πρόσθεσιν
1274 2038 1643 2119 ἐγραφὸμεθα,
1692 2043 1766 2105 ὡς
1798 2042 2012 2115 ὁμοίως

348 2129 438 2182 καὶ
475 2129 635 2201 ἡμῶν
692 2126 1027 2186 ἀσεϐούντων
1062 2128 1153 2186 διὰ
1179 2133 1279 2199 τήν
1331 2133 1651 2208 προσθήκην
1696 2132 1764 2185 τὰ
1817 2129 2007 2204 ὅμοια.

344 2218 495 2274 Ἐπεὶ
546 2216 603 2273 δὲ
650 2219 750 2289 τὴν
804 2218 891 2274 ἐπὶ
934 2224 1015 2294 τῷ
1074 2216 1355 2295 Συμϐόλῳ
1404 2222 1723 2298 προσθήκην
1774 2220 2006 2296 ἀποτρε-

351 2437 487 2507 ﬁne,
520 2453 643 2506 eos,
670 2436 1008 2510 quicunque
1056 2442 1276 2510 essent,
1319 2438 1580 2495 insanire
1630 2438 1850 2512 pariter
1894 2438 2016 2494 aie-

351 2526 474 2598 bat,
497 2530 559 2582 et
583 2525 1010 2583 inverecundos
1043 2531 1403 2584 scrutatores
1437 2528 1849 2600 mysteriorum
1880 2526 2009 2596 Dei,

348 2615 507 2671 ultra
536 2632 717 2687 quam
753 2616 841 2671 fas
871 2620 1029 2672 esset
1057 2616 1328 2672 humana:
1358 2617 1713 2687 inﬁrmitati,
1745 2616 2012 2672 curiosos

347 2704 405 2759 in
442 2705 735 2776 profunda
767 2704 1104 2763 Divinitatis
1135 2706 1455 2762 immittere
1511 2705 1733 2761 oculos.
1767 2706 1883 2761 Hac
1916 2704 2013 2760 ille

353 2794 593 2866 ancipiti
626 2794 834 2850 ambas
867 2794 925 2849 in
959 2799 1155 2867 partes
1186 2795 1472 2863 oratione,
1511 2795 1773 2851 minuere
1804 2795 2011 2851 obum-

353 2884 574 2940 brando
593 2889 905 2956 tegereque
928 2885 1251 2940 conabatur
1277 2883 1554 2939 invidiam
1579 2888 1795 2940 temere
1818 2886 1977 2939 atten
1994 2914 2011 2925 -

355 2976 490 3028 tatze
502 2972 820 3029 additionis
834 2974 902 3029 ad
919 2973 1392 3046 Symbolum,pro
1406 2990 1512 3030 suo
1526 2973 1793 3030 videlicet
1809 2971 2014 3044 legati,

364 3059 469 3117 hoc
499 3064 587 3117 est
609 3062 900 3135 sequestri
947 3063 1407 3136 mediatorisque
1437 3063 1593 3119 inter
1624 3063 1875 3119 invicem
1906 3062 2014 3117 ad—

359 3165 576 3221 versos,
608 3150 800 3207 ofﬁcio
832 3168 897 3207 ac
933 3169 1208 3221 munere;
1253 3155 1311 3208 in
1364 3170 1480 3225 quo
1521 3170 1663 3209 sane
1714 3152 2013 3225 fungendo

2126 609 2351 666 σύνολον
2407 608 2943 686 κατησφαλισμένοις
3000 608 3343 685 ἐπεγχειρεῖν
3375 656 3390 682 ,
3463 609 3560 665 κᾶν
3632 609 3781 673 ἐντὸς
3826 682 3829 685 ν

2126 698 2338 774 λέγοιεν
2396 698 2491 754 τοῦ
2553 699 2736 774 ὀρθοῦ,
2796 703 2901 753 ποῦ
2952 697 3158 754 δίκαιον
3196 701 3331 772 ἡμῖν
3384 699 3682 773 προτείνειν
3714 699 3782 754 τὰ

2126 786 2331 861 ὅμοια;
2390 788 2479 850 Τίς
2533 790 2637 864 γὰρ
2691 790 2852 860 ἡμῶν
2914 786 3188 861 ἐτόλμησε
3245 789 3468 843 πώποτε
3500 786 3674 850 οὕτως
3706 789 3779 850 ὡς

2127 875 2305 952 λὲγεις
2341 878 2475 950 μετά
2528 878 2851 953 προσθήκης
2906 874 3244 950 ὁμολογεῖνε
3305 875 3484 933 Καλὸν
3542 877 3633 930 οὖν
3691 868 3780 931 καὶ

2125 967 2400 1044 συμφέρον
2426 968 2525 1035 τήν
2556 966 2778 1041 εῗρήνην
2832 987 2889 1021 σε
2933 963 3229 1021 σπεύδοντα
3275 970 3384 1020 τῶν
3435 965 3777 1036 Ἐκκλησιῶν

2125 1055 2268 1111 οὕτω
2343 1058 2631 1131 πειρᾶσθαι
2708 1060 2955 1126 συνιστᾷν
3032 1054 3257 1126 ταύτην,
3318 1060 3499 1133 σοφῶς
3562 1054 3780 1111 οἰκονο-

2130 1150 2330 1220 μοῦντα
2368 1147 2495 1220 παρ’
2542 1145 2794 1219 Ἰταλοῖςξ
2822 1147 2922 1214 τήν
2966 1142 3063 1200 τοῦ
3110 1141 3415 1200 σκανδάλου
3475 1144 3777 1222 ἀφαίρεσιν,

2122 1234 2218 1291 κᾶν
2250 1237 2413 1309 ἡμεῖς
2470 1236 2616 1308 ὦμεν
2678 1236 2730 1289 οἱ
2785 1233 3104 1307 αἰτιώμενοι
3154 1238 3247 1289 τοῦ
3306 1232 3636 1302 σκανδάλου,
3694 1231 3775 1288 δι-

2122 1325 2293 1387 καίως
2346 1326 2482 1397 ἡμῖν
2516 1321 2925 1395 ἐπιπλήττοντα
2955 1323 3029 1386 ὡς
3060 1322 3304 1396 ἑτοίμοις
3356 1324 3474 1379 οὗσι
3524 1321 3775 1399 δέχεσθαι

2121 1415 2218 1483 τὴν
2281 1411 2596 1487 ἐπίπληξιν.
2651 1413 2713 1470 Ei
2775 1410 2832 1467 δὲ
2886 1414 3013 1489 παρ’
3072 1412 3297 1475 ἐκείνοις
3351 1413 3414 1469 τὸ
3473 1412 3773 1469 σκάνδαλον

2122 1498 2381 1559 ἔϐλαστεν
2421 1548 2435 1572 ,
2495 1503 2702 1577 ἀνάγκη
2764 1502 3128 1576 πνευματικὸν
3189 1499 3319 1558 ὄντα
3367 1504 3458 1558 καὶ
3510 1497 3777 1577 πρεσϐευ-

2120 1595 2219 1661 τὴν
2250 1600 2349 1664 τῆς
2406 1592 2630 1667 εἷρήνης
2686 1590 2913 1656 ἐκείνοις
2960 1591 3117 1656 ὠθεῖν
3151 1596 3438 1668 πειρᾶσθαι
3466 1593 3530 1647 τὸ
3561 1590 3648 1645 ἐπὶ
3703 1595 3772 1664 τῇ

2120 1681 2447 1755 καινοτομίᾳ
2474 1686 2569 1738 τοῦ
2605 1677 2905 1755 Συμϐόλου
2938 1683 3259 1757 ἁμάρτημα.
3298 1706 3324 1733 ››
3356 1680 3544 1743 Οὕτως
3586 1680 3771 1757 ἔλεγον

2122 1773 2172 1826 οἱ
2211 1779 2311 1841 τῆς
2345 1771 2695 1842 Ἐκκλησίας,
2727 1770 2816 1825 καὶ
2846 1770 3021 1833 οὕτως
3048 1770 3199 1846 εἶχον
3231 1771 3305 1832 ὡς
3338 1767 3492 1825 οὐδὲν
3545 1769 3775 1825 ἀκουσό-

2046 1899 2094 1964 B
2125 1882 2273 1934 μενοι
2307 1861 2597 1936 βασιλέως,
2631 1860 2676 1916 εἰ
2706 1859 3036 1937 προστάσσοι
3071 1859 3121 1915 ὲν
3153 1858 3393 1930 τούτοις,
3420 1859 3509 1914 καὶ
3542 1856 3597 1915 εἷ’
3618 1881 3681 1934 γε
3708 1860 3777 1914 τὰ

2126 1952 2355 2026 μέγιστα
2386 1948 2622 2006 ἀπειλεῖ.

2125 2057 2213 2131 ιβ’.
2244 2060 2433 2120 Ὅπως
2466 2057 2493 2111 6
2530 2054 2792 2134 βασιλεὺς
2828 2056 2954 2134 τοὺς
2986 2063 3086 2134 τῆς
3128 2053 3460 2134 ἶΕκκλησίας
3506 2056 3771 2133 κατηνάγ-

2614 2134 2743 2198 καζε
2771 2128 2860 2183 διὰ
2894 2130 2993 2197 τὴν
3024 2129 3268 2202 εἰρήνην.

2192 2218 2348 2277 Ἀλλ’
2380 2219 2407 2273 6
2442 2216 2698 2295 βασιλεὺς
2730 2218 2867 2289 ἅπαξ
2890 2218 2990 2273 τοῦ
3036 2215 3251 2273 τοιοῦδε
3299 2222 3505 2273 σκοποῦ
3548 2218 3773 2294 γενόμε-

2124 2452 2199 2491 sas
2230 2436 2543 2508 impiaeque
2577 2435 2853 2492 doctrinas
2884 2452 2986 2491 vos
3014 2439 3248 2506 propter
3293 2434 3469 2491 istam
3520 2434 3773 2491 additio-

2124 2542 2255 2581 nem
2276 2527 2891 2582 accusaremus.Tunc
2931 2526 3231 2597 enimjure
3254 2524 3646 2582 causaremini
3666 2542 3776 2581 nos

2123 2615 2397 2686 dogmate
2428 2631 2531 2686 per
2559 2613 2915 2670 additionem
2957 2614 3217 2670 indicato
3247 2614 3564 2685 rejiciendo
3595 2613 3778 2680 istud,

2124 2704 2279 2774 quod
2310 2704 2475 2760 vobis
2507 2702 2652 2759 falso
2682 2703 3166 2777 impingeremus,
3202 2702 3523 2773 impietatis
3555 2702 3776 2757 crimen

2120 2809 2255 2848 vere
2287 2792 2668 2849 consciscere.
2691 2793 2834 2848 Cum
2869 2796 3065 2849 autem
3116 2809 3232 2848 non
3277 2792 3489 2863 dogma
3517 2791 3575 2846 in
3609 2791 3775 2847 addi-

2121 2881 2279 2937 tione
2334 2882 2855 2953 reprehendamus,
2902 2882 3004 2938 sed
3056 2882 3483 2937 contendamus
3542 2884 3774 2936 tantum

2123 2969 2445 3027 universim
2498 2988 2600 3027 nec
2650 2972 2974 3043 probabilis
3006 2988 3112 3026 nec
3140 2971 3330 3026 securi
3369 2969 3617 3042 exempli
3650 2986 3772 3026 rem

2122 3059 2586 3130 esse,immutari
2611 3060 2974 3132 praelicenter
2996 3059 3217 3131 aliquid
3241 3062 3344 3115 aut
3374 3057 3615 3130 adjungi
3638 3057 3777 3113 scri-

2127 3150 2242 3222 ptis
2262 3151 2424 3221 prius
2447 3150 2619 3206 editis
2643 3154 2699 3205 et
2720 3166 2854 3205 cum
2883 3167 3120 3205 summa
3150 3148 3621 3205 consideratione
3652 3152 3779 3204 tum

356 3238 470 3295 ﬁde
489 3239 713 3313 optima
743 3241 1169 3314 diligentiaque
1192 3259 1428 3298 summa
1451 3243 1818 3312 versabatur,
1857 3240 2007 3296 nihil
2036 3256 2079 3323 ρ
2123 3243 2341 3295 aeterna
2390 3239 2671 3295 ﬁrmitate
2721 3239 3024 3307 stabilitis,
3058 3246 3585 3310 quantumcunque
3625 3239 3780 3309 quod

350 3344 468 3384 non
526 3330 853 3401 experiens,
887 3330 1034 3386 nihil
1093 3332 1239 3387 tanti
1290 3333 1538 3399 ducens,
1586 3348 1702 3404 quo
1758 3348 1858 3403 pro
1907 3347 2010 3402 spe

352 3419 710 3489 assequendi
742 3419 1054 3491 legationis
1085 3437 1202 3476 suae
1228 3421 1391 3493 secpi
1414 3420 1665 3477 libenter
1687 3420 1903 3492 pacisci
1923 3437 2011 3476 re-

356 3511 610 3565 cusaret.
644 3508 731 3563 Ad
764 3525 832 3564 ea
862 3525 1037 3581 porro
1096 3509 1367 3565 Ecclesiae
1403 3514 1616 3566 nostrae
1648 3525 1919 3582 proceres
1951 3511 2012 3564 in

355 3595 516 3652 hunc
571 3598 814 3654 modum
848 3599 1279 3671 respondebant
1310 3616 1323 3655 :
1360 3620 1389 3650 ‹‹
1418 3602 1739 3654 Honestam
1771 3614 1913 3654 sane
1943 3614 2012 3655 ac

352 3685 729 3758 expetibilem
781 3703 984 3759 pacem
1034 3703 1185 3756 esse,
1218 3688 1349 3759 quis
1380 3687 1491 3743 hoc
1523 3687 1761 3760 quidem
1796 3690 2013 3760 neget?

350 3778 677 3847 praesertim
710 3776 862 3834 inter
889 3776 1180 3834 Ecclesiae
1203 3778 1347 3833 adeo
1372 3777 1745 3850 conspicuas,
1762 3791 2009 3848 quaeque

349 3863 506 3921 baud
539 3865 717 3922 dubie
746 3866 1007 3939 capitum
1055 3866 1247 3923 instar
1293 3866 1579 3923 baberent
1621 3866 2010 3922 aestimatione

347 3954 779 4026 universorum,
803 3956 906 4030 qui
935 3956 1126 4013 ubivis
1156 3960 1447 4013 terrarum
1482 3957 1723 4029 degunt,
1752 3956 2006 4027 discipu-

341 4043 535 4101 lorum
566 4045 783 4101 Christi
815 4045 1100 4119 principis
1130 4045 1312 4117 pacis.
1343 4044 1560 4101 Verum
1594 4059 1795 4116 pacem
1828 4043 2006 4100 istam

340 4149 545 4190 secure
576 4151 642 4190 ac
671 4139 819 4204 tuto,
852 4152 970 4191 non
1004 4138 1201 4190 autem
1249 4134 1780 4207 quomodocunque
1810 4133 2005 4189 conci-

337 4219 629 4277 liandam.
661 4221 945 4294 Magnum
1003 4222 1163 4278 enim
1214 4220 1559 4294 impendere
1606 4219 1937 4294 periculum
1970 4237 2004 4275 a

341 4315 503 4367 recto
538 4311 596 4367 in
630 4312 918 4368 utramvis
970 4315 1196 4384 partem
1244 4312 1675 4368 aberrantibus.
1711 4310 1875 4377 Quod
1927 4310 1999 4366 ad

340 4397 493 4455 hanc
525 4400 974 4458 conventionem
1007 4401 1225 4456 mutari
1257 4419 1292 4456 a
1321 4399 1493 4457 nobis
1524 4400 1731 4469 vultis,
1764 4416 1880 4455 non
1909 4416 2001 4455 re-

338 4504 479 4544 cens
528 4494 633 4545 aut
680 4506 838 4545 nunc
881 4491 1141 4563 primum
1186 4490 1419 4545 institui
1466 4490 1715 4562 contigit
1745 4506 1779 4545 a
1810 4488 1998 4557 nobis,

337 4577 557 4650 quibus
589 4579 719 4635 ideo
756 4580 893 4650 jure
921 4579 1291 4652 impingatur
1316 4579 1536 4635 crimen
1571 4583 1673 4634 aut
1703 4580 1999 4649 usurpatas

334 4668 544 4724 audaci
596 4669 857 4726 novitate
888 4669 970 4725 rei
1004 4684 1183 4741 quam
1212 4685 1385 4724 nemo
1411 4668 1578 4741 prius
1606 4667 1997 4738 attentaverit,

335 4760 439 4813 aut
470 4755 781 4813 obstinatas
832 4756 1222 4817 recusationis
1253 4774 1318 4813 eo
1348 4757 1632 4813 redeundi
1677 4757 1780 4813 ubi
1828 4760 2003 4812 antea

332 4860 572 4903 eramus
607 4861 620 4901 :
656 4847 759 4903 sed
792 4846 898 4903 viri
932 4846 1130 4920 magni
1162 4845 1402 4916 virtute,
1436 4845 1705 4902 doctrina
1762 4845 2001 4916 sapien~

331 4938 446 5005 tes,
478 4934 593 4992 ista
623 4935 880 4993 multum
914 4937 1069 4992 inter
1100 4951 1163 4993 se
1186 4940 1443 4992 tractata
1472 4935 1909 4992 constituerunt
1938 4937 1998 4991 in

331 5026 1151 5100 huncmodum,etdogmatis
1177 5043 1415 5083 summa
1434 5027 1767 5083 constantia
1790 5031 1994 5083 tenen-

328 5114 391 5169 di
422 5115 504 5171 eis
536 5115 948 5173 auctoritatem
993 5116 1355 5174 indiderunt.
1389 5118 1553 5182 Quod
1604 5120 1801 5173 autem
1855 5116 1993 5171 inde

326 5209 603 5261 secutum
630 5210 809 5272 est,ut
830 5207 1128 5262 contentio
1152 5205 1211 5261 in
1235 5207 1390 5263 rixas
1412 5206 1763 5262 immodicas
1794 5222 1994 5261 erum-

324 5298 510 5367 peret,
536 5310 642 5351 nec
688 5295 803 5367 ipsi
850 5295 1186 5364 voluerunt,
1212 5298 1269 5351 et
1290 5295 1463 5368 culpa
1492 5296 1622 5366 ejus
1652 5294 1847 5351 omnis
1878 5294 1989 5350 im-

323 5383 527 5455 peritis
559 5389 616 5440 et
646 5385 971 5441 audacibus
1003 5384 1160 5441 ultra
1209 5387 1296 5441 t'as
1346 5385 1455 5441 hac
1508 5386 1662 5441 373
1711 5385 1772 5440 in
1825 5388 1988 5457 parte

320 5474 740 5532 excedentibus
771 5475 1119 5547 imputanda
1140 5479 1249 5532 est.
1277 5478 1561 5533 Caeterum
1592 5477 1744 5548 quod
1778 5492 1987 5547 quere-

323 5564 471 5621 mini
496 5563 722 5637 culpari
743 5581 845 5621 vos
865 5583 898 5621 a
919 5565 1091 5622 nobis
1114 5565 1187 5622 ob
1208 5565 1679 5624 additamentum
1704 5564 1981 5638 symboli.

321 5658 466 5709 tunc
497 5653 733 5725 querela
765 5653 886 5710 haec
914 5654 1111 5710 locum
1142 5653 1405 5724 haberet,
1438 5661 1492 5712 et
1526 5655 1691 5726 justo
1719 5654 1779 5710 id
1812 5654 1982 5712 nobis

321 5742 794 5815 exprobraretur,
827 5742 876 5801 si
910 5741 1112 5801 alienae
1144 5747 1270 5815 aut,
1301 5746 1457 5817 quod
1490 5742 1837 5819 pessimum,
1867 5743 1979 5801 fal-

2031 4624 2078 4691 D

2125 3333 2390 3384 mutatur
2420 3334 2526 3385 aut
2560 3329 2799 3385 additur
2828 3330 2983 3385 intra
3015 3330 3158 3385 recti
3187 3329 3334 3385 ﬁnes
3367 3328 3557 3395 sistat,
3592 3343 3779 3400 eoque

2123 3419 2406 3475 duntaxat
2436 3420 2673 3475 nomine
2695 3423 2945 3475 vestram
2978 3418 3150 3475 istam
3180 3418 3539 3474 additionem
3574 3433 3773 3488 repro-

2122 3508 2352 3577 bemus,
2386 3525 2502 3581 quo
2527 3510 2662 3579 jure
2703 3509 2762 3563 in
2815 3509 2920 3564 hoc
2966 3508 3205 3580 quidem
3255 3506 3484 3563 causari
3527 3505 3773 3577 potestis

2118 3597 2286 3669 paria
2334 3615 2442 3654 nos
2486 3597 2547 3653 in
2597 3600 2701 3654 hoc
2750 3614 2961 3670 genere
2994 3612 3251 3670 peccare,
3285 3611 3417 3651 cum
3450 3612 3483 3650 a
3513 3594 3770 3664 nemine,

2119 3688 2276 3758 quod
2309 3687 2551 3758 sciatur,
2584 3693 2855 3743 nostrum
2888 3688 3064 3743 fando
3106 3701 3364 3757 unquam
3397 3684 3475 3741 sit
3503 3684 3771 3739 auditum

2117 3776 2543 3847 professionem
2588 3777 2724 3833 ﬁdei
2756 3794 2891 3833 cum
2928 3776 3046 3833 ulla
3073 3776 3175 3831 tali
3209 3776 3535 3847 adjectione
3567 3773 3771 3829 recita-

2113 3869 2257 3920 tam.
2292 3865 2516 3921 Bonum
2566 3865 2749 3937 igitur
2791 3866 3266 3937 conveniensque
3292 3864 3465 3920 fuerit
3488 3867 3545 3919 te
3576 3862 3769 3918 conci-

2114 3953 2260 4010 liare
2304 3970 2506 4026 pacem
2553 3954 2945 4012 Ecelesiarum
2978 3955 3227 4025 sincero,
3261 3952 3763 4026 quemadmodum

2113 4058 2229 4114 prae
2260 4047 2317 4099 te
2348 4043 2483 4111 fers,
2520 4043 2716 4099 studio
2770 4048 3079 4099 conantem
3111 4059 3237 4099 eam
3270 4041 3651 4114 potissimum
3695 4056 3762 4097 eo

2112 4132 2488 4203 perveniendi
2525 4133 2675 4188 viam
2709 4132 2982 4188 insistere
3014 4150 3140 4204 quae
3167 4130 3499 4186 rectissima
3527 4130 3599 4185 ad
3631 4146 3759 4185 sco-

2112 4238 2252 4294 pum
2284 4222 2467 4278 istum
2492 4226 2604 4293 est,
2631 4238 2842 4294 nempe
2868 4225 2933 4277 ut
2965 4222 3143 4279 Italos
3175 4238 3277 4294 pro
3310 4226 3413 4277 tua
3442 4224 3499 4276 et
3528 4219 3765 4291 sapien-

2109 4312 2193 4367 tia
2222 4316 2279 4367 et
2311 4312 2660 4369 auctoritate
2689 4312 2998 4385 gratiaque
3031 4312 3187 4384 apud
3220 4311 3380 4383 ipsos
3413 4312 3649 4382 satagas
3672 4310 3768 4363 ad-

2110 4402 2322 4457 ducere
2350 4403 2418 4457 ad
2448 4402 2796 4458 scandalum
2830 4402 3248 4469 amovendum,
3272 4399 3531 4473 positum
3564 4397 3768 4469 utique

2109 4493 2181 4547 ab
2212 4492 2381 4565 ipsis,
2415 4497 2716 4565 utcunque
2746 4493 2804 4548 id
2837 4492 3056 4549 factum
3087 4509 3120 4548 a
3151 4491 3322 4549 nobis
3371 4490 3518 4547 falso
3568 4488 3766 4544 crimi-

2110 4585 2342 4637 nentur.
2375 4582 2521 4637 Nam
2551 4581 2601 4637 si
2641 4597 2822 4654 penes
2884 4599 2989 4638 nos
3048 4580 3314 4638 scandali
3374 4578 3587 4651 objecti
3635 4594 3767 4633 vere

2108 4668 2285 4742 culpa
2315 4671 2617 4741 resideret,
2641 4670 2848 4727 merito
2872 4688 2979 4727 nos
3012 4671 3355 4743 objurgares
3390 4673 3447 4725 et
3476 4670 3767 4740 patienter

2110 4759 2630 4830 reprehensionem
2663 4760 3087 4832 exciperemus,
3118 4760 3273 4832 quod
3323 4775 3531 4815 sumus
3579 4754 3766 4828 parati

2107 4849 2297 4905 facere
2328 4849 2559 4921 quoties
2588 4852 2810 4905 erimus
2853 4850 3026 4905 nobis
3070 4849 3286 4905 conscii
3340 4847 3627 4904 meruisse
3675 4861 3766 4901 re-

2108 4939 2416 5011 prehendi.
2451 4940 2511 4995 Si
2542 4956 2674 4995 vero
2734 4938 3081 4995 scandalum
3130 4939 3202 4995 ab
3250 4937 3372 4993 illis
3428 4940 3623 4993 ortum
3674 4940 3765 4991 est

2106 5033 2334 5102 oportet
2363 5033 2442 5097 te,
2476 5046 2606 5085 cum
2640 5027 2968 5102 spiritualis
3017 5027 3100 5083 sis
3148 5034 3207 5083 et
3248 5031 3530 5083 tractator
3578 5028 3760 5099 pacis,

2104 5134 2377 5174 amovere
2405 5119 2479 5174 ab
2508 5119 2630 5174 illis
2660 5119 2859 5174 conari
2889 5117 3110 5174 crimen
3138 5121 3357 5173 temere
3390 5121 3760 5189 praesumpta)

2103 5206 2381 5263 novitatis
2408 5207 2471 5262 in
2504 5206 2917 5263 immulatione
2947 5205 3229 5278 Symboli.
3260 5229 3287 5257 ››
3319 5206 3413 5261 Sic
3443 5205 3763 5277 loqueban-

2100 5299 2197 5350 tur
2226 5295 2495 5352 Ecclesia
2528 5312 2837 5369 proceres;
2886 5299 2943 5350 et
2984 5295 3071 5351 sic
3121 5296 3441 5369 comparati
3472 5299 3658 5363 erant,
3694 5300 3757 5350 ut

2098 5383 2509 5457 imperatorem
2560 5385 2819 5441 audituri
2872 5401 2986 5441 non
3027 5388 3245 5456 essent,
3279 5384 3568 5458 quidquid
3602 5385 3757 5441 circa

2098 5473 2489 5546 bascjuberet,
2514 5474 2747 5530 etiamsi
2762 5474 3119 5547 gravissima
3142 5492 3388 5548 quaeque
3406 5474 3754 5532 minaretur.

2156 5620 2243 5675 12.
2283 5619 2346 5678 Ut
2376 5621 2687 5690 imperator
2712 5620 3102 5679 ecclesiasticos
3131 5622 3339 5677 urserit
3367 5620 3442 5677 ad
3467 5635 3688 5692 pacem.

2164 5745 2321 5804 874
2339 5744 2646 5805 Perstabat
2678 5745 2779 5805 ille
2808 5751 3007 5806 tamen
3040 5746 3192 5804 ﬁxus
3210 5743 3667 5804 irrovocabiliter
3686 5745 3748 5804 in
