4080 6434
314 452 421 508 827

1625 450 1927 506 GEORGII
1967 450 2431 505 PACHYMERE

3646 439 3752 493 828

317 595 434 642 νος,
490 574 589 628 οὐκ
646 569 766 627 οἶδα
821 572 865 627 εί
900 572 1070 636 θὲλων
1122 569 1157 639 ἢ
1190 572 1275 624 καὶ
1311 564 1804 644 προσϐιαζόμενος,
1836 570 1864 623 ’ὀ
1897 566 1962 638 δὴ
1995 575 2054 639 Α
2080 573 2171 624 νῦν
2226 568 2517 645 πράγματα
2576 565 2935 643 συνεκρίνετο.
2970 557 3365 638 Προύϐάλλετο
3402 557 3464 615 δὲ
3512 560 3604 616 καὶ
3657 562 3752 623 τὰς

1429 655 1452 674 ᾗ

314 661 590 725 κάκείνοις
653 662 745 735 μὶν
801 660 1193 736 ὑπεκρύπτετο,
1240 661 1375 731 ἡμῖν
1427 656 1471 712 δ’
1524 658 1818 736 ἐνεφάνιζε,
1876 656 1970 733 φό-

316 748 447 816 ϐους
472 750 836 825 παραπλὲκων
886 751 974 805 καὶ
1022 745 1301 821 πολέμους
1342 748 1431 802 καὶ
1480 747 1831 822 χυθησόμενα
1886 745 1970 801 α’ί-

319 863 486 915 ματα,
522 840 862 915 ἀμεταθέτως
896 840 1013 913 εἶχε
1055 837 1149 892 κ’ὰν
1208 838 1239 891 ἀ
1268 836 1318 890 τί
1356 858 1438 900 τις
1489 834 1657 911 ἔλεγε.
1708 838 1789 910 [Ρ.
1841 840 1965 910 254]

312 932 457 991 Mai:
507 933 639 1004 γοῦν
700 927 991 982 συνιόντων
1024 923 1146 999 περὶ
1177 924 1269 979 τὸν
1327 922 1554 999 βασιλέα
1602 927 1705 977 τοῦ
1763 944 1820 978 τε
1868 946 1967 978 πα·

314 1020 582 1095 τριάρχου
613 1016 837 1072 καὶτῶν
866 1012 1168 1091 ἀρχιερέων
1222 1013 1311 1068 καί
1361 1035 1521 1067 τινων
1578 1012 1635 1068 ἐκ
1680 1017 1777 1067 τοῦ
1826 1011 1966 1084 κλῆ-

313 1130 431 1185 ρου,
492 1102 908 1181 ἐμϐριθέστερον
965 1104 1108 1180 σφίσι
1168 1103 1291 1178 περὶ
1344 1107 1451 1157 τῶν
1503 1103 1880 1177 προκειμένων
1939 1103 1966 1157 ὁ

304 1201 518 1274 κρατῶν
575 1193 875 1269 διελέγετο,
950 1194 1205 1267 συνείρων
1270 1194 1365 1265 μὲν
1424 1193 1513 1247 καὶ
1574 1191 1701 1254 τοὺς
1762 1187 1966 1270 φόϐους

308 1288 578 1357 συνήθως,
640 1285 701 1339 οὗ
766 1286 871 1358 μὴν
937 1283 993 1338 δὲ
1025 1280 1149 1338 ἀλλ’
1209 1280 1334 1337 οὐδὲ
1380 1283 1605 1355 πάμπαν
1671 1279 1964 1359 ἐπισφαλὲς

309 1375 517 1431 ἐδείκνυ
546 1376 608 1429 τὸ
647 1373 1035 1449 γενησόμενον.
1088 1373 1219 1447 Εἶχε
1270 1371 1370 1448 γὰρ
1421 1370 1665 1433 καὶτοὺς
1718 1366 1966 1425 ὑποϐαλ-

309 1465 528 1533 λοντας,
585 1463 716 1525 τοὺς
774 1462 915 1537 ἀμφῖ
946 1464 1037 1517 τὸν
1086 1458 1470 1536 ἀρχιδιάκονον
1533 1460 1677 1536 λέγω
1721 1460 1964 1532 Μελιτη-

301 1554 527 1623 νιώτην,
587 1551 715 1614 τοὺς
773 1551 913 1627 ἀμφὶ
973 1551 1062 1605 τὸν
1096 1548 1658 1625 πρωταποστολάριον
1690 1550 1963 1625 Γεώργιον

300 1644 393 1697 τὸν
426 1641 697 1715 Κυόπριον,
748 1640 837 1694 καὶ
892 1639 1097 1713 τρίτον,
1134 1639 1178 1693 εἰ
1224 1639 1314 1693 καὶ
1359 1640 1433 1711 μή
1498 1637 1671 1702 οὕτως
1719 1642 1791 1700 ὡς
1838 1639 1962 1694 τοῦ-

299 1751 450 1799 τους,
514 1727 639 1783 ἀλλ’
700 1726 789 1781 οὖν
856 1725 1269 1803 ἀφωσιωμένως
1325 1724 1413 1779 καὶ
1473 1724 1836 1792 ἐπιπολαίως,
1871 1726 1964 1780 τὸν

306 1818 521 1895 ῥήτορα
570 1824 668 1887 τῆς
733 1814 1027 1886 ἐκκλησίας
1078 1810 1416 1873 Ὀλόϐωλον.
1472 1814 1573 1871 Καί
1623 1836 1685 1890 γε
1742 1810 1963 1889 λαμϐἀ-

306 1930 411 1964 νων
465 1909 555 1962 καὶ
613 1908 703 1961 ἄπ’
756 1905 973 1961 ἐκείνων
1032 1905 1126 1967 τὰς
1181 1910 1289 1961 τῶν
1346 1907 1601 1981 ἱστοριῶν
1661 1907 1961 1983 συνάρσεις,

309 1992 693 2073 προύϐάλλετο
757 1997 851 2068 μὲν
908 1996 1001 2051 τὸν
1059 1996 1261 2051 Δοῦκαν
1296 1994 1553 2066 Ἰωάννην
1595 1996 1686 2051 καὶ
1741 1979 2044 2070 βασιλὲαΒ

307 2085 554 2150 καὶτοὺς
585 2086 717 2162 ἀμφ’
759 2084 961 2140 ἐκεῖνον
997 2084 1275 2161 ἀρχιερεῖς
1324 2086 1414 2139 καὶ
1464 2085 1551 2139 τὸν
1613 2086 1964 2161 πατριάρχην

309 2180 459 2252 σφῶν
491 2174 782 2244 Μανουὴλ,
815 2174 966 2237 ὅπως
1016 2171 1254 2229 ἐνεδίδου
1304 2173 1641 2238 ἀπελθόντας
1685 2174 1964 2248 ἀρχιερεῖς

307 2262 643 2338 λειτουργεῖν
666 2284 725 2318 τε
781 2262 868 2317 καὶ
904 2263 1292 2335 μνημονεῦειν,
1344 2262 1387 2317 εἷ
1439 2262 1603 2335 μόνον
1657 2263 1684 2317 ὁ
1744 2264 1966 2325 πάππας

301 2360 403 2422 τῆς
436 2353 573 2425 πρὸς
603 2351 731 2417 τοὺς
761 2351 813 2407 ἰν
846 2356 914 2427 τῇ
962 2350 1123 2408 πόλει
1180 2353 1439 2428 βοηθείας
1486 2352 1813 2427 ἀπόσχοιτο.
1867 2352 1963 2406 Καὶ

302 2443 415 2515 ἅμα
480 2443 573 2516 μὲν
627 2443 689 2497 τὸ
760 2439 1022 2497 κωδίκιον
1080 2448 1179 2511 τῆς
1240 2440 1574 2512 Ἐκκλησίας
1650 2440 1727 2504 εἷς
1784 2441 1965 2496 πίστιν

302 2533 725 2608 προεκομίζετο,
787 2532 902 2606 ἅμα
961 2529 1019 2587 δὲ
1072 2531 1163 2586 καὶ
1220 2536 1298 2603 τῷ
1332 2530 1548 2607 βασιλεῖ
1604 2532 1664 2586 τὸ
1711 2530 1835 2586 τότε
1876 2531 1966 2586 καὶ

303 2747 713 2821 prosecutione
763 2747 939 2803 istius
989 2746 1183 2818 ccepti,
1217 2746 1375 2803 haud
1407 2746 1529 2803 scio
1556 2765 1629 2803 an
1661 2746 1862 2803 volens
1894 2764 1969 2803 an

311 2844 596 2906 coactus;
645 2838 803 2909 quod
862 2836 977 2892 illis
1024 2836 1261 2908 quidem
1323 2836 1740 2904 abscondehat,
1801 2836 1969 2893 nobis

312 2930 511 2982 autem
542 2925 861 2993 indicabat,
887 2942 1155 2981 sermone
1176 2926 1450 2998 perplexo
1468 2927 1782 2998 praeferens
1806 2924 1970 2980 solli-

313 3015 636 3072 citudinem
655 3015 889 3071 anxiam
903 3015 1189 3071 bellorum
1207 3016 1679 3088 impendentium
1700 3014 1972 3088 plurimi-

313 3121 425 3176 que
439 3104 746 3175 sanguinis
766 3104 1079 3173 t‘undendi;
1116 3106 1333 3176 quibus
1350 3106 1523 3161 malis
1540 3104 1970 3175 praevertendis,

306 3192 1022 3249 immutabiliterhaerebat
1035 3193 1185 3250 ﬁxus
1200 3193 1256 3248 in
1273 3194 1570 3266 proposito
1586 3192 1803 3265 negotii
1818 3209 1849 3261 q
1862 3194 1969 3249 uod

2077 661 2193 714 κατ’
2225 660 2428 715 ἐκεῖνον
2480 660 2553 721 ὡς
2583 655 2744 727 δῆθεν
2799 660 2946 733 σφῶν
2992 653 3223 731 γραφὰς,
3270 655 3392 713 πῶς
3443 651 3525 722 μὴ
3577 670 3747 720 κατηο

2080 754 2369 823 γοροῦντες
2404 749 2551 812 ὅλως
2608 742 2851 808 ἀσεϐείας
2892 742 3019 805 τοὺς
3073 740 3314 803 Ἰταλοὺς
3355 738 3551 812 ἠξίουν
3614 759 3748 814 παρ-

2079 842 2364 911 αιροῦντας
2418 841 2517 908 τήν
2577 838 2898 912 προσθήκην
2972 836 3070 888 τοῦ
3124 825 3455 904 Συμϐόλου,
3521 828 3579 883 ἐν
3636 834 3752 891 ταῖς

2079 926 2301 991 λοιπαῖς
2328 933 2561 1007 γραφαῖς
2592 926 2934 1002 ἀνάγραπτον
2988 917 3590 1007 ἔχοντας,γσυνδιιὲνᾲαι
3632 923 3749 982 τοῖς

2076 1005 2475 1094 πεφρασμένοις
2548 1015 3051 1090 ἀναγινώσκοντας.
3138 1006 3434 1083 Προῧτεινι
3524 1005 3584 1062 δὲ
3662 1007 3750 1061 καὶ

2077 1105 2159 1182 ἐφ’
2188 1104 2336 1168 ὅσοις
2392 1110 2500 1160 τῶν
2536 1105 2802 1181 μεγίστων
2864 1101 3177 1177 μυστηρίων
3229 1097 3289 1154 οὐ
3343 1094 3748 1152 διαπὲλλοντα

2076 1194 2297 1267 Γραικοὶ
2338 1199 2614 1249 κοινωνεῖν
2648 1190 2884 1255 Ἰταλοῖς
2943 1187 3057 1245 οὐδ’
3118 1189 3460 1255 ὁπωστιοῦν,
3494 1188 3582 1260 [Ρ.
3621 1187 3746 1257 255]

2078 1282 2339 1339 ἀλλὰκαὶ
2370 1285 2468 1354 τήν
2500 1283 2718 1339 ἐκείνων
2769 1282 2904 1356 πρὸς
2957 1278 3087 1341 τοὺς
3136 1276 3451 1353 ἡμετέρους
3508 1270 3743 1349 μετάϐα-

2076 1395 2157 1428 σιν
2193 1372 2388 1445 ὁμοίαν
2442 1374 2575 1428 εἶναι
2611 1372 2655 1426 εί
2698 1369 2951 1448 γλῶσσαν
2982 1366 3245 1443 γλώσσης
3292 1360 3565 1439 ἤμειϐον,
3619 1362 3743 1421 Ἐλ-

2076 1460 2311 1533 ληνικήν
2356 1469 2457 1531 τῆς
2506 1461 2761 1539 σφετέρας
2796 1503 2810 1517 .
2861 1458 2988 1513 Τίνα
3039 1454 3084 1512 δ’
3136 1452 3252 1531 ἔχει
3300 1453 3657 1510 ἆντικανοίαν
3710 1454 3742 1521 ἠ

2075 1550 2158 1606 ἐπ’
2210 1550 2504 1622 ἐκκλησίας
2564 1552 2807 1629 ἀναφορα
2834 1553 2932 1604 τοῦ
2976 1547 3270 1620 ὀνόματος,
3331 1544 3479 1599 ὅπου
3538 1564 3601 1618 γε
3657 1542 3743 1597 καί

2080 1641 2155 1714 μὴ
2216 1640 2440 1704 πάππας
2517 1636 2676 1703 ὄντας
2750 1638 2875 1701 τοὺς
2947 1635 3154 1699 ἄλλους
3213 1633 3424 1710 ἀνάγκη
3498 1630 3743 1709 μετέχειν

2072 1726 2293 1784 τοιᾶσδε
2339 1736 2439 1799 τῆς
2489 1727 2777 1791 κοινωνίας
2828 1732 2944 1789 τοῖς
2995 1722 3457 1796 ἐκκλησιάζουσιν
3492 1741 3737 1776 συνιστα-

2078 1816 2294 1891 μένους,
2336 1817 2786 1893 λειτουργοῦντος
2814 1814 2909 1871 τοῧ
2954 1816 3145 1891 ἱερέως
3171 1814 3261 1868 καὶ
3291 1813 3396 1881 τήν
3432 1818 3535 1881 τῆς
3583 1809 3743 1887 Τριά-

2075 1905 2168 1970 δος
2199 1909 2361 1984 χάριν
2415 1913 2544 1963 πᾶσι
2593 1904 2840 1969 διδόντος
2881 1908 3117 1974 κοινῶςς
3166 1899 3443 1980 Ἀδελφὸν
3475 1898 3534 1956 δὲ
3559 1896 3742 1955 καλεῖν

2072 1998 2162 2052 καὶ
2212 2002 2428 2072 πρῶτον
2485 1997 2689 2052 ἐκεῖνον
2746 1995 2912 2070 μείων
2970 1993 3139 2065 αἰτία,
3198 1987 3343 2048 ὅπου
3392 1991 3485 2046 καὶ
3542 1989 3743 2062 πατέρα

2072 2086 2163 2143 τὸν
2198 2081 2451 2163 Ἀϐραὰμ
2493 2084 2673 2141 ἐκάλει
2728 2087 2756 2140 ὁ
2806 2085 2859 2140 ἐν
2916 2088 2985 2159 τῇ
3045 2081 3215 2159 φλογὶ
3249 2078 3551 2149 πλούσιος,
3583 2077 3740 2134 τόσον

2074 2176 2296 2251 ἂπέχων
2356 2176 2486 2238 τοὺς
2539 2176 2779 2250 τρόπους
2841 2170 2965 2228 ὅσον
3025 2170 3114 2227 καὶ
3170 2171 3233 2226 τὸ
3294 2170 3465 2243 μέσον
3527 2167 3740 2223 ἐκείνων

2073 2266 2268 2340 χάσμα
2323 2271 2423 2335 τῆς
2479 2264 2699 2319 ἐκείνωτ
2757 2260 3088 2323 διαστάσεως
3140 2260 3207 2329 ἦν
3267 2257 3578 2336 μαρτύριον
3611 2298 3624 2313 .
3678 2253 3739 2313 Εἰ

2076 2351 2133 2408 δὲ
2165 2350 2412 2426 διδοῖμεν
2441 2352 2530 2409 καὶ
2559 2350 2826 2423 ἔκκλητον
2873 2350 3055 2427 σχολῇ
3113 2370 3234 2405 τινα
3284 2347 3462 2419 τόσην
3511 2348 3737 2420 τέμνον-

2072 2464 2139 2498 τα
2185 2443 2459 2507 θάλασσαν
2518 2448 2625 2497 τῶν
2678 2440 2905 2497 δικαίων
2956 2433 3354 2514 ἀμφισϐητεῖν.
3407 2439 3593 2495 Ταῦτα
3649 2433 3737 2488 καὶ

2070 2536 2297 2588 τοιαῦτα
2326 2537 2424 2588 τοῦ
2458 2532 2729 2609 βασιλέως
2757 2528 3037 2607 λὲγοντος,
3070 2529 3097 2583 ὁ
3145 2528 3510 2605 πατριάρχης
3555 2522 3738 2601 παρὼν

2080 2752 2137 2804 et
2168 2751 2232 2803 ut
2264 2747 2531 2821 proprias
2575 2746 2801 2803 censeri
2852 2746 2923 2802 ab
2972 2743 3139 2817 ipsis,
3174 2742 3278 2814 qui
3322 2758 3486 2798 nunc
3542 2740 3735 2797 eodem

2081 2842 2281 2893 essent
2314 2839 2459 2904 loco,
2494 2837 2704 2893 debere
2735 2835 3147 2900 contendebat,
3180 2833 3239 2888 in
3273 2831 3350 2888 iis
3380 2828 3736 2888 considerari

2073 2926 2295 2998 jubens
2313 2931 2375 2981 ut
2394 2926 2593 2982 Patres
2611 2925 2692 2981 illi
2716 2925 2956 2981 omnino
2987 2920 3733 2991 abstinuerintabarguen-

2083 3015 2175 3070 dis
2210 3015 2372 3071 Italis
2405 3013 2725 3087 impietatis
2756 3018 2858 3070 aut
2886 3013 3175 3069 hazreseos
3204 3018 3444 3083 propter
3492 3005 3731 3065 additio-

2083 3121 2218 3159 ncm
2252 3103 2308 3158 in
2343 3103 2617 3176 Symbolo
2665 3108 3052 3171 attentatam;
3105 3118 3280 3173 quam
3318 3098 3447 3156 tolli
3482 3096 3670 3154 solum
3705 3111 3735 3150 a

2084 3193 2360 3265 Symbolo
2420 3194 2716 3265 petebant,
2776 3192 3155 3265 indulgentes
3206 3195 3271 3246 ut
3322 3190 3383 3246 in
3435 3186 3655 3245 caeteris
3685 3188 3737 3240 et

312 3286 566 3353 cmperat
598 3283 1164 3356 urgendi,quidquid
1198 3288 1403 3339 contra
1432 3283 1625 3356 quivis
1662 3282 1963 3355 allegaret.
1998 3283 2040 3350 C
2079 3282 2395 3339 haberetur
2416 3287 2471 3339 et
2493 3282 2997 3355 quemadmodum
3019 3284 3222 3337 caetera
3245 3278 3562 3351 legeretur.
3583 3279 3734 3330 Com-

305 3370 567 3435 Quadam
601 3369 783 3442 igitur
814 3371 907 3427 die
939 3389 1071 3427 cum
1105 3372 1515 3429 convenissent
1564 3372 1718 3444 apud
1771 3372 1959 3444 impe-

302 3463 555 3515 ratorem
591 3459 944 3530 patriarcha,
980 3460 1275 3516 antistites
1300 3465 1356 3515 et
1386 3478 1453 3516 ex
1484 3459 1635 3516 clero
1695 3460 1959 3531 quidam,

303 3547 629 3604 instantius
652 3548 722 3604 iis
744 3550 1163 3622 efﬁcaciusque
1180 3554 1498 3621 imperator
1519 3551 1590 3606 de
1613 3551 1770 3621 pacis
1792 3566 1963 3621 nego-

301 3638 384 3691 tio
442 3637 743 3708 disseruit,
781 3636 1068 3706 intexens,
1118 3643 1181 3693 ut
1231 3639 1476 3707 solebat,
1530 3638 1781 3695 orationi
1841 3656 1958 3694 suae

303 3726 654 3782 formidines
702 3726 989 3781 atrocium
1048 3726 1351 3793 malorum,
1386 3746 1512 3801 quae
1544 3728 1765 3784 vitandi
1811 3728 1958 3783 ratio

304 3815 428 3871 haec
459 3831 578 3869 una
608 3815 935 3869 oti'errctur.
982 3815 1350 3887 Adjungebat
1381 3817 1525 3873 nihil
1556 3834 1684 3873 esse
1716 3816 1961 3889 periculi

306 3904 369 3958 in
418 3902 794 3959 assentiendo
843 3904 1069 3961 Latinis
1118 3907 1271 3977 quod
1318 3911 1614 3978 cuperent,
1653 3906 1857 3961 multis
1904 3906 1961 3961 id

309 3991 641 4048 rationibus
664 3992 1081 4051 demonstrans
1118 4012 1129 4050 :
1166 3996 1589 4051 habebatcnim
1621 3996 1719 4069 qui
1752 3994 1961 4051 talium

305 4083 355 4137 ei
418 4088 899 4153 argumentorum
956 4085 1185 4157 copiam
1229 4091 1633 4158 suggererent,
1693 4089 1963 4141 auctores

309 4172 609 4227 studiosos
641 4172 769 4242 ejus
801 4173 983 4244 pacis,
1009 4175 1488 4231 arctuidiaconum
1521 4174 1962 4241 Meliteniotem,

310 4261 867 4333 protapostolarium
928 4264 1242 4336 Georgium
1300 4265 1600 4337 Cyprium,
1634 4268 1692 4319 et
1722 4265 1963 4319 tertium

308 4352 672 4423 (quanquam
708 4352 909 4407 minus
940 4354 1233 4424 ardenter,
1258 4355 1357 4409 sed
1388 4355 1502 4410 fere
1525 4354 1673 4410 dicis
1704 4371 1881 4409 causa
1910 4358 1964 4408 et

311 4439 709 4511 superﬁciarie
733 4457 854 4496 rem
878 4442 1172 4512 ejusmodi
1192 4442 1962 4514 amplectentem)rhetorem

309 4528 568 4585 ecclesia:
596 4528 945 4585 Holoboum.
978 4530 1315 4587 Proferebat
1346 4550 1481 4604 ergo
1513 4550 1543 4589 e
1574 4549 1727 4605 penu
1777 4532 1849 4588 ab
1893 4532 1965 4588 iis

312 4617 572 4673 historiae
630 4618 972 4691 deprompta
1040 4622 1337 4677 memoriae
1398 4622 1611 4677 veteris
1677 4622 1964 4694 exempla,
2000 4650 2045 4716 υ

314 4707 569 4763 maxime
601 4706 745 4763 illud
778 4708 1152 4780 imperatoris
1182 4710 1426 4767 Joannis
1458 4711 1627 4767 Ducas
1661 4716 1717 4767 et
1745 4710 1968 4767 antisti-

312 4800 440 4851 tum
474 4796 575 4867 qui
609 4800 750 4852 tunc
773 4802 938 4853 erant
966 4798 1292 4854 simulcum
1309 4799 1639 4870 patriarcha
1657 4800 1961 4867 Manucle;

310 4884 822 4955 utconsenserint,
849 4888 1365 4961 promiserintque,
1403 4889 1605 4944 missis
1633 4890 1811 4945 etiam
1844 4888 1965 4960 epi-

310 4974 505 5044 scopis
548 4974 649 5045 qui
680 4975 738 5029 in
770 4975 892 5031 haec
942 4978 1397 5049 paciscerentur,
1431 4978 1967 5034 communicaturos

314 5079 376 5118 se
403 5061 625 5118 Latinis
657 5064 716 5119 in
749 5082 913 5121 sacra
942 5066 1185 5140 liturgia
1215 5074 1272 5123 et
1304 5085 1463 5139 papae
1514 5067 1875 5124 mentionem
1907 5067 1967 5122 in

315 5167 384 5205 ea
445 5150 722 5218 facturos,
784 5153 833 5209 si
888 5158 1060 5212 modo
1106 5155 1203 5212 ille
1252 5156 1576 5212 abstineret
1621 5158 1691 5212 ab
1751 5156 1967 5213 auxilio

306 5236 591 5309 juvandis
644 5239 860 5297 Latinis
892 5244 991 5313 qui
1026 5246 1231 5299 urbem
1283 5244 1646 5301 obtinebant.
1682 5246 1765 5301 Ad
1800 5246 1969 5317 cujus

317 5326 400 5381 rei
424 5325 598 5381 ﬁdem
623 5328 800 5384 codex
823 5331 1101 5399 ecclesiae,
1127 5334 1185 5389 in
1209 5351 1324 5405 quo
1347 5352 1414 5390 ea
1438 5335 1762 5407 perscripta
1781 5340 1965 5403 erant,

316 5413 584 5487 prolatus
636 5416 693 5472 in
757 5421 1019 5477 medium
1074 5427 1181 5479 est.
1229 5422 1395 5480 Circa
1443 5424 1502 5479 id
1552 5441 1686 5481 vero
1745 5425 1968 5480 factum

314 5504 642 5562 disserebat
701 5507 1040 5581 imperator,
1089 5527 1436 5583 comparans
1494 5516 1715 5570 statum
1771 5530 1967 5570 rerum

314 5593 413 5666 qui
440 5597 581 5651 tunc
614 5601 890 5654 eratcum
917 5601 1065 5658 375
1106 5601 1402 5672 praesenti.
1427 5603 1763 5661 Proferebat
1792 5604 1969 5660 etiam

314 5684 688 5757 praescriptas
720 5691 780 5743 et
808 5688 1202 5762 chirographo
1253 5690 1512 5745 munitas
1557 5692 1628 5747 de
1673 5692 1784 5749 hoc
1833 5710 1972 5749 sen-

315 5770 536 5829 tentias
554 5775 874 5845 praasulum
905 5776 1067 5834 illius
1093 5776 1397 5850 temporis,
1422 5793 1573 5850 quas
1589 5784 1745 5839 ratas
1769 5780 1969 5838 haberi

2080 3372 2437 3428 memorabat
2482 3371 2692 3427 deinde
2741 3370 3018 3427 distincte
3069 3385 3436 3442 persequens
3488 3363 3735 3422 maxima

2080 3477 2326 3532 quaeque
2376 3461 2676 3533 mysteria,
2710 3460 2769 3516 in
2798 3459 3017 3532 quibus
3066 3457 3244 3515 Graeci
3297 3453 3729 3514 communicare

2081 3551 2305 3621 Latinis
2321 3567 2435 3606 non
2459 3550 2799 3606 dubitarent
2821 3553 2922 3605 aut
2942 3548 3030 3606 vel
3050 3548 3371 3603 minimum
3395 3548 3731 3601 cunctaren-

2076 3644 2197 3709 tur,
2219 3639 2513 3712 iidemque
2535 3657 2650 3711 praa
2680 3656 2741 3696 se
2774 3639 2991 3695 ferrent
3021 3635 3436 3693 transitionem
3472 3634 3726 3705 ipsorum

2079 3731 2149 3785 ad
2186 3737 2418 3787 nostros
2467 3730 2617 3785 ritus
2667 3728 2855 3785 simile
2904 3727 3213 3801 quidpiam
3258 3742 3391 3782 esse
3422 3741 3487 3779 ac
3520 3722 3567 3778 si
3600 3718 3727 3792 quis

2078 3819 2340 3892 linguam
2399 3836 2533 3875 cum
2595 3819 2798 3891 lingua
2854 3820 3175 3875 commutet
3219 3820 3276 3873 et
3318 3816 3515 3871 Graece
3571 3809 3725 3883 prius

2075 3908 2309 3965 locutus
2358 3908 2556 3964 [.atino
2605 3908 2883 3980 deinceps
2918 3908 3002 3963 uti
3036 3922 3307 3962 sermone
3355 3901 3545 3969 malit,
3576 3902 3672 3954 aut
3699 3910 3727 3950 ο

2078 4015 2380 4054 converso.
2413 3997 2560 4062 Quid
2614 4014 2787 4070 porro
2836 3996 3011 4052 habet
3059 3994 3390 4051 canonibus
3426 3992 3724 4047 adversum

2078 4086 2328 4158 prolatio
2362 4085 2618 4142 nominis
2651 4092 2819 4159 Papa:
2852 4083 3087 4157 publice
3118 4084 3177 4139 in
3210 4080 3460 4138 ecclesia
3490 4090 3729 4151 pronun-

2077 4177 2205 4232 tiati
2238 4175 2265 4230 ?
2314 4175 2518 4247 utique
2568 4192 2701 4231 cum
2750 4174 2989 4244 multos,
3040 4175 3143 4245 qui
3188 4189 3352 4244 papa:
3405 4185 3520 4225 non
3575 4164 3723 4230 sunt,

2079 4284 2207 4323 mos
2230 4266 2552 4323 obtinuerit
2574 4271 2629 4324 et
2649 4283 2716 4321 ex
2746 4284 2858 4322 usu
2893 4265 3133 4320 inducta
3164 4261 3487 4319 necessitas
3519 4257 3720 4325 imper-

2076 4355 2261 4411 tiendi
2294 4354 2396 4411 tali
2429 4371 2638 4426 genere
2671 4351 3129 4423 communionis,
3160 4348 3510 4407 nominatim
3542 4338 3721 4414 expri-

2080 4446 2293 4502 mendo
2347 4444 2478 4501 illos
2529 4445 2667 4500 dum
2721 4446 3037 4517 praesentes
3070 4442 3125 4497 in
3156 4440 3412 4497 ecclesia:
3446 4432 3719 4492 conventu

2080 4536 2299 4591 adsunt
2360 4534 2692 4591 celebrante
2723 4534 3025 4590 sacerdote
3058 4548 3123 4587 ac
3154 4527 3461 4586 Trinitatis
3491 4520 3721 4597 gratiam

2078 4623 2356 4680 omnlbus
2387 4624 2565 4679 dante
2596 4622 3010 4679 communiter.
3041 4624 3303 4676 Fratrem
3338 4620 3531 4673 autem
3566 4608 3721 4667 illum

2079 4717 2135 4768 et
2169 4713 2426 4784 primum
2476 4728 2681 4768 vocare
2728 4710 2923 4767 minus
2975 4708 3154 4765 habet
3202 4701 3565 4771 offensionis,
3597 4708 3717 4784 cur?

2077 4780 2301 4873 patrem
2322 4801 2615 4857 Abraham
2641 4805 2805 4856 vocet
2838 4799 2895 4854 in
2930 4798 3171 4853 ﬂamma
3202 4795 3385 4865 dives,
3406 4794 3631 4848 tantum
3655 4780 3720 4837 ab

2077 4890 2178 4946 illo
2196 4891 2425 4947 distans
2450 4890 2713 4946 moribus
2738 4893 3023 4959 quantum
3057 4885 3236 4941 chaos
3271 4883 3414 4939 illud
3451 4885 3716 4948 magnum

2077 4980 2231 5037 inter
2252 4980 2413 5051 ipsos
2438 4979 2854 5052 interpositum
2886 4974 3352 5033 demonstrabat.
3377 4971 3433 5027 Si
3456 4970 3639 5024 autem
3670 4964 3718 5013 el

2079 5068 2544 5141 provocationem
2604 5069 2836 5136 demus,
2871 5062 3200 5138 periculum
3262 5060 3485 5117 scilicet
3530 5054 3614 5109 est
3654 5059 3717 5101 ne

2079 5158 2212 5231 quis
2240 5162 2359 5213 tam
2389 5162 2555 5214 vasto
2579 5162 2635 5213 et
2658 5156 2871 5212 infesto
2906 5153 3054 5210 mari
3078 5151 3234 5208 litem
3261 5150 3399 5206 illuc
3422 5145 3714 5203 secuturus

2080 5247 2352 5319 naviget?
2384 5246 2513 5302 Hec
2540 5250 2596 5301 st
2628 5247 2756 5317 ejus
2787 5244 3021 5317 generis
3051 5240 3168 5298 alia
3199 5237 3518 5296 disserente
3548 5231 3714 5319 impe‘

2081 5316 2295 5406 ratore,
2330 5316 2671 5408 patriarcha
2696 5351 2976 5407 praesens,
3010 5331 3110 5387 ubi
3143 5323 3486 5400 aliquandiu
3518 5316 3715 5416 frus“:

2080 5394 2435 5497 exspectavit
2466 5429 2530 5480 ut
2564 5394 3005 5496 chartophylaa,
3029 5420 3123 5476 cui
3149 5423 3216 5474 ut
3241 5394 3469 5475 erudito
3500 5411 3553 5465 et
3581 5404 3631 5497 in
3663 5394 3711 5451 id

2079 5495 2491 5585 argumentum
2514 5518 2712 5585 parato
2727 5495 2967 5580 ﬁdebat,
2982 5527 3084 5582 pro
3104 5506 3325 5565 Latinis
3348 5504 3499 5560 dicta
3520 5495 3713 5585 extem-

2080 5602 2176 5676 p10
2191 5603 2344 5658 376
2379 5602 2691 5677 refelleret,
2707 5601 3046 5673 intelligens
3069 5614 3228 5666 eum,
3256 5611 3328 5653 ne
3350 5589 3497 5666 quod
3513 5590 3708 5677 Ρτίῖωίί

2081 5666 2239 5748 serat
2265 5691 2453 5748 facere
2475 5666 2735 5763 auderet,
2762 5686 3136 5764 imperatoris
3157 5681 3511 5764 contrarium
3527 5666 3705 5764 palam

2082 5796 2323 5837 sensum
2350 5760 2736 5855 studiumque
2755 5760 3221 5836 demonstrantis
3242 5760 3575 5831 verecundia
3590 5764 3707 5812 con-
