4080 6402
312 428 421 482 829

313 548 492 611 ὺιεῖσε
539 550 630 604 καὶ
677 552 744 605 τὰ
790 549 955 606 πιστὰ
1002 553 1177 629 φέρων
1227 556 1305 623 τῷ
1351 549 1734 627 χαρτοφύλακι
1766 551 1839 613 ὡς
1870 549 1967 605 αὖ·
1994 552 2049 618 Α
2084 548 2147 623 ιγ’

309 638 437 693 τίκα
464 636 740 711 ἐλέγξοντι
774 638 833 693 ἐκ
885 646 987 709 τῆς
1045 639 1137 694 ἀπ’
1192 638 1401 694 ἐκεινου
1437 639 1555 715 βίας
1581 640 1671 694 καὶ
1701 638 1971 701 ἀκουσίως

310 728 619 804 ἆφορισμὸν
672 727 978 797 ἐπιτίθησιν
1033 729 1330 802 ἱσταμένῳ,
1381 727 1530 805 ἔφ’ᾧ
1559 730 1676 783 κατ’
1723 729 1966 802 ἀνάγκην

314 815 559 872 εἷ’ποιτὰ
606 817 683 879 είς
741 816 916 891 κρίσιν
978 815 1117 872 ἰδιαν
1176 818 1299 893 περὶ
1357 822 1465 873 τῶν
1526 816 1773 873 Ἰταλῶν.
1829 818 1890 873 Ὁ
1920 814 1963 870 δ’

315 905 589 980 ἐνσχεθεὶς
620 907 1023 983 ἁυφοτὲρωθεν,
1086 904 1229 961 ἔνθεν
1296 908 1389 979 μὲν
1447 912 1528 978 τῷ
1566 902 1966 981 τοῦξβασιλέως

312 991 494 1073 φὸϐῳ,
526 994 726 1059 ἐκεῖθεν
782 992 839 1051 δὲ
880 999 949 1069 τῇ
997 1000 1095 1051 τοῦ
1139 995 1449 1073 ἀφορισμοῦ
1491 990 1764 1065 εὐλαϐείᾳ,
1802 994 1964 1067 μέσος

309 1083 702 1155 ἰναπολειπτὸ,
760 1086 850 1138 καὶ
901 1104 961 1160 γε
1010 1082 1289 1159 ὡμολόγει
1345 1084 1407 1139 τὸ
1466 1084 1656 1153 πάθος,
1707 1084 1779 1145 ὡς
1813 1081 1962 1137 δυοῖν

306 1175 619 1248 κρήμναται
668 1171 980 1250 ἀυφοτέρων
1042 1168 1214 1250 φόϐου
1271 1174 1361 1228 καὶ
1421 1168 1725 1243 εὐλαϐείας,
1758 1173 1847 1227 καὶ
1879 1169 1963 1227 ὅτι

304 1263 372 1317 τὰ
398 1266 496 1316 τοῦ
548 1261 863 1333 πνεύματος
923 1263 1267 1337 προτιμητέα
1414 1261 1479 1316 τὰ
1533 1267 1631 1317 τοῦ
1685 1261 1959 1334 σώματος.

304 1351 444 1407 Τότε
466 1347 692 1425 διαιρῶν
724 1346 911 1424 ἔλεγεν
956 1350 1054 1418 ὡς,
1110 1376 1130 1401 ι
1186 1351 1254 1407 Οἱ
1307 1353 1401 1422 μὲν
1456 1352 1543 1405 ἐπί
1584 1372 1690 1406 τινι
1736 1352 1825 1406 καὶ
1857 1350 1961 1406 εἰσὶ

302 1442 393 1496 καὶ
426 1439 705 1515 λέγονται,
737 1441 790 1494 οἱ
851 1439 908 1495 δὲ
968 1438 1081 1496 οὔτ’
1140 1440 1272 1496 εἰσὶν
1336 1438 1458 1495 οὔτε
1515 1442 1785 1517 λέγονται,
1820 1442 1872 1496 οἳ
1905 1440 1962 1497 δὲ

306 1525 556 1606 λέγονται
590 1529 712 1602 μὲν,
744 1530 847 1584 οὐκ
877 1528 980 1584 εἷ’σὶ
1012 1527 1089 1602 δί,
1124 1530 1174 1584 οἱ
1210 1526 1257 1584 δ’
1306 1528 1568 1585 ἀνάπαλιν
1604 1530 1703 1585 εἷ’σῖ
1742 1533 1858 1604 μὲν,
1894 1532 1958 1586 οὐ

304 1615 555 1693 λέγονται
598 1613 692 1671 δὲ’
754 1615 807 1671 ἐν
857 1617 1075 1681 τούτοις
1125 1618 1345 1672 τακτέον
1405 1618 1495 1671 καὶ
1553 1618 1818 1689 Ἰταλοὺς,
1880 1620 1956 1690 μή

303 1704 636 1780 λεγομένους
675 1705 794 1777 μὲν,
825 1704 949 1760 ἀλλ’
992 1702 1151 1767 ὄντας
1202 1705 1471 1780 ἐνόχουσα
1501 1706 1689 1780 ἱρέσει.
1728 1711 1958 1761 »Τοῦτο

309 1796 402 1849 τὸν
438 1795 531 1868 μὲν
566 1795 918 1870 πατριάρχην
969 1794 1226 1872 ἐθάρρυνε
1272 1795 1465 1863 πλέον,
1502 1795 1719 1871 βασιλεῖ
1749 1793 1805 1850 δὲ
1837 1794 1955 1851 δει-

303 1882 395 1939 νὸν
426 1881 573 1956 ἔδοξε
600 1884 691 1938 καὶ
753 1884 910 1959 βαρύ.
954 1888 1092 1939 Λῦσε
1142 1882 1199 1939 δὲ
1251 1883 1531 1960 λαιψηρὴν
1565 1884 1774 1960 ἀγορὴν
1805 1884 1953 1940 αὐτί-

305 1994 397 2041 κα,
434 1975 508 2046 μὴ
538 1973 651 2035 οἷός
684 1974 729 2026 θ’
764 1974 1070 2045 ὑπενεγκεῖν
1112 1973 1240 2036 τοὺς
1290 1974 1489 2050 λόγους
1513 1994 1524 2006 ·
1561 1971 1954 2046 άνασεσόϐηται
1984 1945 2032 2012 Β

301 2064 404 2137 γὰρ
452 2062 691 2126 ἒντεῦθεν
739 2063 774 2130 ἡ
826 2064 966 2136 θήρα
1014 2067 1095 2134 τῷ
1147 2061 1383 2137 βασιλεῖ,
1414 2062 1503 2117 καὶ
1536 2062 1637 2119 οὐκ
1666 2064 1812 2138 εἶχεν
1843 2060 1873 2118 ὅ
1900 2086 1952 2119 τι

294 2151 388 2205 καὶ
420 2148 584 2221 Λέξει,
617 2151 692 2214 ὡς
724 2151 810 2205 ὑπ’
841 2149 1080 2224 ἀνάγκης
1123 2150 1409 2221 ἀληθεύειν
1445 2149 1757 2215 δοκοῦντος.
1792 2151 1952 2209 Ἀλλ’

295 2238 351 2291 οἱ
384 2236 526 2315 ἀμφὶ
558 2237 650 2292 τὸν
705 2235 1096 2313 ἀρχιδιάκονόν
1154 2260 1212 2293 τε
1267 2239 1357 2293 καὶ
1407 2238 1499 2294 τὸν
1558 2260 1950 2313 πρωταποστο-

293 2323 483 2399 λάριον
544 2323 699 2398 δίκην
756 2330 976 2404 σφηκῶν
1047 2328 1388 2402 ὁρμήσαντες
1446 2326 1669 2383 ἐνοδίων
1724 2327 1947 2405 ἐπεῖχον

296 2414 535 2491 στεῤῥῶς
585 2419 665 2488 τῷ
725 2416 916 2487 Βέκκῳ
975 2416 1049 2477 ὡς
1100 2421 1281 2480 κακῶς
1326 2415 1588 2491 κρίνοντι,
1648 2416 1828 2493 λογίῳ
1858 2419 1947 2474 καὶ

293 2504 462 2559 ταῦτά
489 2525 550 2580 γε
580 2501 693 2560 ὄντι
743 2504 833 2560 καὶ
867 2506 998 2581 ὑπὲρ
1050 2503 1179 2569 τοὺς
1236 2504 1489 2569 πολλοὺς
1530 2504 1780 2562 δοκοῦντι
1812 2529 1946 2585 φρο-

292 2614 428 2650 νειν.

290 2813 524 2886 stringi,
565 2814 806 2870 tandem
855 2813 1075 2870 invitus
1119 2813 1257 2871 licet
1285 2817 1342 2870 in
1376 2815 1773 2872 necessarium
1806 2834 1943 2873 con-

291 2902 493 2957 silium
535 2902 791 2958 trahitur
835 2902 1167 2975 imperandi
1197 2903 1248 2960 ei
1281 2905 1393 2960 sub
1442 2905 1859 2971 anathematis,
1893 2908 1941 2963 si

295 2997 541 3059 recuset,
591 2991 933 3047 incurrendi
982 3009 1173 3063 pcena,
1227 2998 1291 3048 ut
1338 2993 1479 3065 quid
1526 2994 1825 3065 judicaret
1870 2997 1943 3051 de

296 3080 458 3137 Italis
490 3082 791 3153 proferret.
847 3081 964 3137 Hoc
1013 3082 1261 3154 imperio
1316 3085 1686 3155 perturbatus
1718 3085 1941 3142 Veccus

291 3175 400 3237 est,
435 3172 586 3227 inter
633 3170 770 3226 hinc
819 3171 1059 3242 quidem
1104 3171 1261 3227 haud
1322 3171 1573 3227 molliter
1631 3179 1938 3245 urgentem

284 3259 594 3330 praesentis
627 3260 879 3332 Augusti
910 3264 1159 3328 metum,
1192 3260 1327 3315 inde
1369 3266 1565 3316 autem
1597 3268 1802 3317 contra
1833 3263 1940 3319 sti-

282 3348 609 3405 mulantem
663 3348 1069 3405 consciscendi
1125 3350 1521 3406 auathematis
1586 3351 1935 3424 scrupulum

283 3439 512 3494 medius
544 3437 603 3494 in
636 3443 797 3494 arcto
838 3438 1267 3510 deprehensus.
1305 3440 1504 3511 itaque
1536 3439 1719 3511 hujus
1749 3441 1935 3512 ipsius

279 3528 647 3583 confessione
678 3528 966 3599 angustia:
993 3527 1319 3583 orationem
1350 3528 1677 3599 ingressus,
1702 3534 1754 3585 ei
1775 3548 1934 3587 exor-

279 3616 375 3673 dio
406 3617 663 3688 subjecit
710 3634 861 3686 sese,
890 3634 1024 3673 cum
1075 3616 1214 3673 hinc
1242 3634 1275 3672 a
1305 3617 1571 3673 saeculari
1624 3624 1931 3692 potestate,

277 3707 447 3778 cujus
475 3706 565 3763 vis
613 3707 671 3762 in
729 3724 940 3779 corpus
986 3711 1094 3777 est,
1127 3706 1265 3762 inde
1313 3724 1346 3761 a
1391 3706 1664 3778 spiritali,
1696 3725 1823 3779 quas
1870 3710 1931 3765 in

275 3796 535 3853 animam
567 3796 742 3866 valet,
771 3798 830 3853 in
882 3797 1112 3853 diversa
1137 3796 1521 3869 propellatur,
1556 3799 1750 3870 potius
1801 3800 1926 3855 ani-

273 3903 384 3943 mae
408 3887 716 3943 consulere
746 3886 892 3943 velle
927 3904 1107 3959 quam
1148 3886 1399 3959 corpori.
1434 3888 1585 3943 Tum
1620 3904 1765 3945 usus
1797 3906 1930 3961 par-

272 3975 481 4031 titione
529 3975 616 4033 sic
667 3975 817 4031 dixit
848 3993 862 4031 :
897 3999 925 4027 «
959 3976 1209 4040 Quidam
1258 3991 1315 4031 et
1362 3982 1503 4032 sunt
1549 3981 1607 4032 et
1647 3977 1931 4034 dicuntur

273 4062 556 4133 haeretici;
606 4064 877 4121 nonnulli
931 4082 1122 4137 neque
1179 4070 1320 4122 sunt
1374 4083 1564 4138 neque
1618 4068 1925 4137 dicuntur;

275 4151 373 4207 alii
404 4154 687 4209 dicuntur
715 4154 977 4227 quidem,
1010 4155 1111 4211 sed
1145 4171 1259 4211 non
1291 4161 1458 4223 sunt;
1492 4164 1787 4228 postremo
1818 4157 1925 4213 ali-

272 4242 371 4313 qui
402 4242 524 4299 vice
571 4260 739 4299 versa
788 4249 950 4310 sunt,
982 4244 1119 4300 licet
1166 4261 1282 4300 non
1333 4245 1628 4313 dicantur,
1660 4248 1826 4303 tales.
1862 4250 1925 4302 In

274 4329 425 4387 hanc
482 4332 757 4389 ultimam
815 4332 1066 4389 classem
1120 4334 1467 4405 redigendos
1525 4338 1666 4407 puto
1724 4336 1924 4406 Italos,

270 4419 489 4494 quippe
520 4422 623 4494 qui
654 4437 790 4478 cum
822 4421 1110 4478 haereseos
1133 4438 1251 4478 non
1285 4422 1558 4478 dicantur
1590 4424 1696 4495 rei,
1728 4441 1927 4481 revera

268 4514 469 4565 tamen
513 4528 580 4567 eo
634 4511 881 4567 crimine
913 4515 1205 4566 tenentur.
1242 4533 1270 4561 »
1303 4515 1381 4567 Ea
1429 4512 1615 4569 libera
1642 4530 1749 4570 vox
1796 4532 1921 4571 ma-

267 4613 441 4671 gnam
475 4599 692 4671 adjecit
722 4599 1070 4672 patriarchas
1092 4600 1532 4671 conﬁdentiam,
1558 4603 1922 4676 perculitque

1394 432 1484 485 DE
1522 431 1893 487 MICUAELE
1928 426 2373 483 PALROLOGO
2408 426 2543 478 LIB.
2588 426 2654 477 V.

3624 412 3731 467 830

2237 548 2420 609 Ὀπως
2493 546 2520 599 ὁ
2597 547 2858 616 Χοῦμνος
2930 540 3185 616 Ἰωάννης
3262 536 3555 613 κυτηγόρει
3626 539 3728 589 τοῦ

2563 614 2985 693 χαρτοφῦλακος
3017 614 3218 671 Βέκκον
3231 655 3243 667 .

2152 730 2231 799 [P.
2264 728 2391 798 256]
2424 726 2633 798 Ἡμέρα
2692 722 2969 799 παρῆλθεν
3030 720 3229 789 ἐκείνη,
3287 716 3376 772 καὶ
3431 718 3458 770 ὁ
3522 734 3727 789 χάρτο-

2078 813 2244 885 Θόλαξ
2283 817 2362 887 τῷ
2426 814 2642 889 βασιλεῖ
2697 813 3040 887 ἀπηχάνετο,
3100 809 3275 869 αἰτίας
3336 799 3729 880 ἐργολαϐοῦντι

2074 909 2171 959 τοῦ
2208 904 2435 979 βλάψαι.
2497 902 2598 959 Καὶ
2660 902 2728 957 δι’
2783 896 3095 977 ὑπερϐολὴν
3150 900 3320 974 ὀργῆς
3356 897 3447 950 τὸν
3482 898 3727 969 χοῦμνον

2075 994 2525 1067 προστησάμενος
2602 992 2856 1063 Ἰωάννην
2917 992 2991 1053 ὡς
3049 981 3535 1063 παραπρεσϐευτήν
3593 981 3727 1037 ἐκεί-

2072 1108 2166 1142 νου
2216 1084 2513 1148 ὂιώκοντος
2562 1082 2788 1156 ἔκρινεν.
2838 1082 3055 1157 Είσάγει
3102 1101 3162 1135 τε
3205 1080 3303 1146 τὴν
3336 1073 3662 1150 κατηγορίαν
3700 1072 3728 1126 ὁ

2072 1180 2332 1248 Χοῦμνος
2364 1173 2451 1229 ἐπὶ
2482 1170 2732 1244 συνόδου,
2762 1171 2849 1226 καὶ
2884 1172 2912 1225 ὁ
2954 1167 3432 1244 κατηγορούμενος
3462 1165 3562 1231 τὴν
3599 1162 3728 1217 ὑπό-

2074 1266 2216 1320 Θεσιν
2251 1265 2624 1341 παρεγράφετο
2675 1261 2764 1316 καὶ
2806 1262 2906 1330 τήν
2954 1257 3287 1333 κατηγορίαν
3340 1257 3413 1317 ὡς
3445 1253 3721 1341 ὑπερήμε-

2073 1374 2166 1429 ρον
2209 1340 2600 1428 παρεκρούετο,
2647 1348 2981 1425 κατηγορίαν
3030 1348 3205 1423 λέγων
3237 1345 3439 1414 ταύτην
3479 1343 3568 1398 καὶ
3622 1340 3721 1413 μό-

2069 1464 2165 1497 νου
2195 1447 2293 1498 τοῦ
2325 1441 2617 1517 βασιλέως,
2670 1439 2831 1494 αὐτὸν
2894 1435 2939 1492 δ’
2994 1436 3103 1511 οὐχ
3149 1436 3263 1489 οἷόν
3316 1455 3372 1487 τε
3420 1433 3555 1486 εἶναι
3588 1429 3723 1503 μετᾶ

2071 1515 2337 1584 δεσπότου
2384 1528 2680 1603 κρίνεσθαι.
2738 1526 2902 1583 Ταῦτ’
2953 1523 3136 1598 ἔλεγεν
3196 1520 3283 1577 ἐπὶ
3334 1515 3561 1573 συνόδου
3594 1536 3723 1569 στα-

2070 1618 2179 1683 θεὶς
2213 1617 2295 1673 ἐπ’
2341 1617 2506 1673 αὐτοῦ
2552 1620 2649 1671 τοῦ
2694 1615 2865 1669 τόπου
2912 1614 2973 1667 οὗ
3020 1613 3083 1666 τὸ
3123 1609 3387 1685 πρότερον
3418 1604 3718 1673 ἐκαθέζετο,

2065 1705 2163 1761 τοῖ’)
2222 1706 2474 1779 Χεύμνου
2528 1708 2688 1778 μέσον
2745 1701 3041 1776 ἱσταμένου
3109 1698 3199 1753 καὶ
3252 1698 3718 1770 κατηγοροῦντος,

2065 1800 2173 1851 τῶν
2206 1794 2263 1850 δὲ
2293 1793 2675 1872 συγκλητικῶν
2716 1793 3022 1868 ἀρχόντων,
3072 1793 3169 1843 τοῦ
3205 1785 3446 1862 μεγάλου
3480 1780 3716 1860 λογοθέ-

2064 1909 2160 1943 του
2185 1893 2283 1943 τοῦ
2314 1885 2737 1963 Ἀκροπολίτου,
2782 1888 2879 1939 τοῦ
2933 1878 3232 1957 λογοθέτου
3275 1881 3382 1933 τῶν
3431 1874 3715 1930 οἷκεισκῶν

2064 1998 2160 2032 του
2234 1975 2628 2051 Ἰατροπούλου
2686 1975 2777 2029 καὶ
2849 1969 3059 2039 ἄλλων,
3131 1964 3588 2043 συνεδριαζόντων
3646 1965 3716 2035 τῇ

2066 2063 2276 2137 συνόδῳ
2324 2065 2413 2119 καὶ
2462 2062 2730 2118 θελόντων
2778 2061 2979 2135 κρίνειν
3040 2060 3112 2121 ὡς
3173 2058 3231 2113 ἐκ
3287 2055 3590 2130 προσώπου
3620 2055 3716 2105 τοῦ

2066 2153 2338 2230 βασιλέως
2366 2154 2744 2229 πεμφθέντων.
2785 2152 2925 2208 Τότε
2971 2148 3153 2204 τοίνυν
3205 2148 3257 2201 οἳ
3308 2146 3401 2218 μὲν
3436 2145 3715 2217 ἀρχιερεῖς

2059 2248 2406 2319 παρῃτοῦντο
2454 2243 2553 2310 τὴν
2614 2241 2809 2317 κρίσιν,
2876 2240 2951 2312 μή
3008 2232 3153 2312 ἔχειν
3212 2234 3409 2311 κρίνειν
3466 2231 3715 2306 λέγοντες

2057 2331 2330 2405 κληρικὸν
2388 2332 2761 2407 πατριάρχου,
2820 2328 2863 2384 εἰ
2929 2328 3004 2400 μὴ
3063 2325 3225 2387 αὐτὸς
3260 2319 3713 2407 ἐπιτρέψειεν.έο

2059 2419 2117 2476 δὲ
2149 2406 2651 2496 ττοιτριάρχηςουδ⁹
2709 2417 2857 2481 ὅλως
2918 2413 3117 2484 ἐδίδου,
3177 2413 3304 2469 ἀλλ’
3352 2410 3490 2479 ἅπαξ
3534 2406 3709 2481 εὑρὼν

2054 2512 2303 2587 συνεργὸν
2364 2511 2706 2583 ὑπερμαχεῖς
2760 2505 2978 2576 ἤθελεν.
3041 2501 3309 2577 Ἀπραξία
3366 2499 3412 2554 δ’
3468 2498 3705 2587 ἐντεῦθεν

2052 2585 2450 2671 κατηκολοόθει
2508 2596 2597 2652 καί
2652 2593 2867 2668 συνόδῳ
2922 2594 3013 2649 καὶ
3062 2594 3351 2667 ἄρχουσιν,
3407 2588 3481 2648 ὡς
3534 2585 3703 2640 εἷ’πεῖν

2057 2820 2143 2874 13.
2180 2820 2243 2876 Ut
2271 2821 2510 2875 Joannes
2541 2819 2822 2943 Chumm’zls
2854 2815 3195 2870 accusaverit
3222 2807 3706 2881 churlophylacem

2796 2904 2997 2943 eccum.

2796 2904 2997 2943 eccum.

2126 2999 2186 3054 In
2238 2999 2397 3053 hunc
2443 2997 2682 3053 modum
2716 2998 3011 3051 transacta
3059 3008 3125 3047 eo
3174 2989 3266 3045 die
3319 3005 3410 3044 res
3454 2986 3699 3042 inﬁxum

2050 3087 2425 3159 imperatoris
2457 3088 2654 3142 animo
2690 3084 2929 3156 reliquit
2959 3080 3152 3153 gravis
3182 3081 3240 3135 in
3271 3078 3522 3134 Veccum
3556 3075 3703 3131 indi-

2051 3177 2347 3249 gnationis
2369 3177 2663 3245 aculeum,
2679 3192 2794 3246 quo
2819 3173 2916 3228 ille
2940 3170 3283 3228 stimulante
3306 3184 3515 3224 causas
3546 3168 3640 3221 37
3656 3168 3695 3220 7

1970 3300 2012 3367 Ο
2049 3266 2297 3322 nocendi
2329 3282 2595 3336 quaerens
2635 3280 2701 3320 eo
2742 3263 2838 3317 ira:
2870 3258 3237 3317 vehementia
3266 3256 3453 3312 elatus
3492 3260 3600 3325 est,
3636 3258 3701 3310 ut

2236 3355 2265 3367 .7
2411 3355 2423 3366 ο
2717 3356 2726 3367 .
2908 3350 2929 3367 τ
3068 3364 3118 3367 ,_
3179 3347 3440 3367 [τιμή-Α..-
3506 3344 3690 3367 Δε--..

2045 3355 2312 3427 apposito
2375 3355 2428 3410 ei
2496 3356 2840 3409 accusatore
2898 3350 3124 3406 Joanne
3177 3347 3446 3403 Chumno
3502 3344 3695 3399 dicam

2043 3444 2196 3499 male
2254 3443 2425 3499 obitas
2485 3441 2796 3514 legationis
2855 3437 3183 3509 impegerit.
3225 3434 3445 3491 Detulit
3499 3436 3696 3489 autem

2041 3534 2349 3589 Chumnus
2411 3532 2482 3587 ad
2542 3530 2834 3603 synodum
2883 3527 2939 3582 id
2988 3527 3234 3582 crimen.
3274 3527 3488 3580 Contra
3537 3523 3693 3594 quod

2040 3621 2263 3677 Veccns
2294 3620 2684 3693 prmscribens
2714 3616 3053 3688 exceptione
3085 3613 3214 3670 falsi
3247 3614 3424 3669 etiam
3456 3611 3694 3667 delatio-

2039 3727 2173 3765 nem
2205 3711 2396 3781 ipsam
2423 3716 2489 3765 ut
2509 3726 2700 3765 seram
2730 3713 2786 3764 et
2807 3704 3277 3778 intempestivam
3311 3702 3691 3771 rejiciendam

2037 3799 2451 3864 contendebat,
2494 3800 2721 3854 addens
2771 3796 2917 3853 satis
2968 3810 3247 3866 apparere
3293 3809 3406 3848 non
3437 3790 3691 3845 Chnmni

2036 3888 2474 3942 accusationem
2534 3887 2729 3955 istam,
2782 3887 2880 3941 sed
2933 3882 3303 3956 imperatoris
3357 3897 3533 3936 esse:
3575 3879 3690 3935 sibi

2037 3981 2232 4032 autem
2266 3976 2423 4031 haud
2455 3980 2686 4031 tantum
2735 3978 3046 4046 suppetere
3078 3971 3290 4027 virium
3324 3986 3595 4042 opumvc,
3628 3973 3693 4025 ut

2033 4064 2265 4137 litigare
2295 4082 2430 4121 cum
2474 4065 2713 4120 domino
2745 4064 3005 4119 auderet.
3039 4061 3171 4117 Haec
3202 4060 3358 4131 apud
3397 4060 3685 4130 synodum

2033 4152 2267 4211 locutus
2325 4160 2434 4219 est,
2488 4153 2811 4226 persistens
2872 4152 2930 4206 in
2991 4152 3117 4222 ipso
3174 4150 3300 4205 loco
3362 4147 3463 4203 ubi
3520 4148 3686 4219 prius

2033 4246 2283 4313 sedarat,
2316 4244 2605 4311 Chumno,
2639 4243 2739 4315 qui
2780 4242 3115 4307 accusabat,
3150 4239 3210 4293 in
3245 4238 3434 4294 medio
3466 4240 3681 4293 stante.

2032 4334 2359 4391 Intererant
2397 4334 2621 4407 synodo
2666 4333 2737 4388 ab
2788 4331 3139 4403 imperatore
3186 4326 3353 4383 missi
3401 4325 3682 4383 senatorii

2032 4424 2436 4496 magistratus,
2466 4421 2793 4494 Acropolita
2821 4437 3071 4493 magnus
3101 4416 3394 4491 logotheta
3420 4419 3476 4471 et
3506 4415 3682 4471 Iatro-

2030 4512 2202 4585 polus
2252 4511 2548 4585 logotheta
2598 4511 3093 4579 domesticorum,
3142 4507 3360 4579 aliique
3410 4503 3679 4562 nonnulli

2031 4602 2405 4658 considentes
2449 4618 2566 4656 una
2594 4617 2729 4656 cum
2780 4599 3070 4655 Patribus.
3105 4597 3173 4653 Hi
3206 4612 3377 4669 porro
3423 4594 3675 4665 impera—

265 4688 471 4745 eadem
501 4688 941 4759 imperatorem,
974 4688 1077 4760 qui
1107 4705 1223 4744 non
1256 4688 1459 4746 leviter
1489 4665 1921 4764 indignans‘sic
1952 4665 1997 4730 Ι)
2028 4693 2172 4750 toris
2204 4710 2380 4749 causa
2414 4708 2766 4764 magnopere
2798 4691 3156 4755 nitebantur,
3191 4691 3256 4744 ut
3286 4685 3500 4742 delatio
3531 4684 3680 4740 acci-

264 4777 587 4833 obductum
610 4777 874 4835 consiliis
906 4778 1033 4834 suis
1063 4781 1303 4844 ostium,
1336 4784 1688 4836 conventum
1722 4782 1917 4838 subito

262 4867 519 4939 abrupit,
552 4884 688 4923 cum
720 4884 835 4924 non
876 4868 1117 4923 haberet
1161 4868 1216 4922 in
1266 4872 1540 4940 promptu
1574 4870 1716 4941 quid
1749 4888 1914 4943 repo-

262 4962 427 5011 nerct
454 4956 756 5028 in0pinato
800 4956 979 5023 dicto,
1011 4955 1106 5012 cui
1148 4956 1468 5013 necessitas
1495 4957 1623 5027 ipsa
1653 4958 1773 5030 illa,
1798 4977 1917 5031 qua

262 5044 450 5098 fuerat
481 5059 849 5115 expressum,
880 5044 1214 5099 veracitatis
1247 5044 1658 5101 auctoritatem
1701 5048 1912 5118 adjun-

254 5136 437 5203 geret.
488 5132 707 5188 Verum
767 5132 1217 5189 archidiaconus
1268 5138 1325 5189 et
1383 5135 1911 5206 protapostolarius

253 5221 443 5276 instar
474 5220 734 5277 irritator
752 5238 848 5277 um
888 5221 947 5277 in
990 5222 1161 5277 trivio
1193 5223 1517 5277 crabonum
1550 5224 1732 5279 coorti
1761 5226 1909 5281 acri-

252 5314 343 5365 ter
373 5310 431 5365 in
462 5310 717 5367 Veccum
757 5312 816 5367 in
865 5328 931 5367 os
982 5310 1067 5367 illi
1116 5311 1496 5368 vehementer
1546 5312 1910 5372 obsistebant

251 5402 318 5454 ut
350 5398 500 5456 male
546 5398 863 5471 iniqueque
904 5400 1222 5471 judicanti,
1255 5402 1525 5472 quamvis
1571 5408 1780 5459 cetera
1811 5422 1907 5461 sa-

250 5488 421 5561 piens
467 5493 626 5545 esset
674 5493 733 5545 et
782 5493 1063 5560 praestare
1112 5490 1317 5547 multis
1366 5490 1632 5548 doctrina
1681 5494 1906 5551 videre-

254 5580 371 5631 tur.

2026 4787 2265 4854 peretur
2296 4786 2355 4839 et
2377 4782 2673 4853 judicium
2723 4781 2909 4836 fieret.
2942 4779 3157 4834 Verum
3191 4778 3249 4832 id
3280 4773 3536 4847 episcopi
3584 4790 3675 4829 re-

2026 4872 2336 4943 cusabant,
2370 4872 2535 4927 nefas
2566 4886 2696 4927 esse
2727 4870 2989 4925 dicentes
3021 4866 3295 4923 clericum
3333 4862 3673 4936 patriarcha

2018 4961 2276 5032 judicari
2326 4960 2441 5018 nisi
2488 4960 2617 5032 ipso
2648 4959 3039 5032 permittente.
3075 4953 3410 5011 Patriarcha
3439 4969 3575 5007 vero
3614 4952 3675 5007 id

2023 5066 2153 5106 sese
2203 5048 2631 5122 permissurum
2690 5046 2883 5119 palam
2929 5046 3226 5117 negabat:
3261 5047 3469 5097 nactus
3515 5040 3675 5096 enim

2022 5139 2203 5194 semel
2238 5140 2309 5194 ad
2342 5140 2499 5209 quod
2531 5138 2774 5210 optabat
2814 5136 3167 5207 adjutorem,
3200 5149 3333 5188 eum
3368 5129 3528 5186 omni
3561 5130 3673 5186 sibi

2019 5244 2127 5301 ope
2159 5245 2222 5284 ac
2253 5227 2626 5284 contentione
2658 5225 2808 5281 tueri
2842 5225 3197 5281 decreverat.
3222 5222 3326 5277 Hic
3358 5221 3549 5276 nodus
3581 5235 3677 5276 ne-

2018 5318 2172 5391 gotio
2205 5316 2459 5388 injectus
2510 5332 2643 5371 cum
2695 5320 2898 5371 Patres
2953 5313 3177 5387 synodi,
3215 5316 3340 5366 tum
3375 5328 3524 5382 quos
3554 5310 3674 5365 dixi

2018 5407 2423 5479 magistratus,
2458 5406 2697 5477 ignaros
2730 5404 2873 5477 quid
2906 5406 3145 5476 agerent
3174 5401 3428 5457 tenebat.
3448 5400 3521 5455 Ut
3550 5404 3673 5455 tan-

2017 5498 2151 5552 dem
2183 5511 2504 5567 exsurgens
2537 5494 2878 5567 synodoque
2909 5494 3194 5550 excedens
3225 5506 3477 5562 magnus
3507 5488 3671 5559 logo-

2012 5585 2177 5642 theta
2224 5583 2543 5641 diceretur
2577 5582 3011 5656 Chartophylax
3062 5581 3355 5655 synodum
3403 5577 3514 5633 sibi
3566 5576 3671 5631 ob-

2014 5674 2249 5731 noxiam
2281 5690 2425 5731 naso
2457 5689 2574 5745 quo
2604 5671 2730 5728 vult
2768 5673 2975 5742 trahit;
3012 5674 3167 5728 unde
3198 5685 3334 5725 cum
3373 5667 3468 5722 hic
3498 5665 3669 5721 nobis

2010 5778 2129 5821 non
2150 5763 2295 5821 satis
2317 5766 2544 5821 constet
2576 5760 2716 5833 quid
2730 5759 2922 5818 facere
2954 5757 3304 5833 Oporteat,id
3336 5754 3667 5828 quaesituri,
