4080 6430
304 429 403 484 831
1622 421 1925 475 GEORGII
1966 423 2432 479 PACHYMERJE

3649 418 3759 473 832

305 555 403 610 τὸν
437 551 599 627 μὲγαν
635 547 937 623 λογοθὲτην
966 545 1089 603 τότε
1108 544 1553 622 καταφερόμενον
1586 549 1685 611 τῆς
1716 540 1966 614 συνόδου,
1996 546 2050 613 Α
2079 544 2274 600 αὐτίκα
2302 548 2430 612 εὐθὺ
2459 547 2640 603 ἄπεισι
2694 551 2793 603 τοῦ
2850 546 3173 616 καλοῦντος,
3229 545 3321 601 καὶ
3380 542 3520 621 πρὶν
3579 542 3761 620 ἐμφα-

304 628 395 705 Ὠς
426 642 533 696 ἀπὸ
568 640 711 717 ῥινὸς
760 634 909 694 ἕλκει
943 638 971 692 ὁ
1004 633 1351 712 χαρτοσύλαξ
1379 635 1480 703 τὴν
1514 629 1759 704 σύνοδον,
1792 632 1883 686 καὶ
1911 632 1963 687 τί

309 731 568 801 ποιητέον
618 729 721 784 οὐκ
768 726 906 783 οῖδα.
959 725 1142 787 Οὕτως
1191 724 1651 798 ἀποκρουσθέντες
1707 722 1968 797 ὑπέστρε-

312 821 409 899 φόν
458 840 515 874 τε
544 818 682 893 πρὸς
718 814 967 891 βασιλέα,
1001 815 1088 869 καὶ
1141 814 1173 867 ὁί
1221 806 1556 885 συμϐεϐήκει
1590 807 1963 886 ἀπήγγελλον.

310 909 443 984 Ηερὶ
500 908 683 982 μέντοι
738 910 835 960 τοῦ
890 906 1007 959 καθ’
1040 902 1256 958 αὑτὸνὸ
1290 900 1644 979 χαρτοφύλαξ
1696 900 1962 957 ὑποστελ-

311 998 567 1072 λόμενος,
597 996 673 1058 ὡς
708 997 782 1069 μὴ
808 993 998 1064 δοκοίη
1024 992 1385 1068 προσκρούειν
1416 994 1496 1063 τῷ
1530 987 1769 1065 βασιλεῖ,
1796 991 1969 1045 ἀπελ-

315 1089 421 1152 θὼν
476 1081 754 1156 ἠντιϐόλει
811 1085 886 1156 μὴ
948 1082 1312 1153 ἀκαταιτιάτῳ
1370 1079 1606 1153 μηνίειν.
1665 1078 1837 1141 Αύτὸς
1866 1079 1965 1154 γὰρ

311 1177 535 1249 ἕτοιμος
595 1175 730 1230 εἷνάι
803 1172 895 1229 καὶ
957 1170 1210 1251 ὀφφίκιον
1272 1170 1561 1234 ἀποθέσθαι
1635 1168 1727 1223 καὶ
1793 1173 1967 1223 πᾶσαν

309 1267 520 1345 ἀφεῖναι
550 1267 649 1335 τήν
684 1264 823 1339 πρὸς
882 1262 1040 1318 αὐτὸν
1100 1258 1392 1338 πρόσοδον,
1452 1259 1774 1321 κοινωνικὸς
1808 1255 1865 1313 δὲ
1896 1260 1969 1313 εἶ-

308 1378 396 1413 ναι
423 1359 492 1429 τῇ
525 1352 844 1424 Ἐκκλησίᾳ,
894 1352 991 1407 κᾶν
1041 1346 1070 1405 ὅ
1118 1372 1170 1406 τι
1228 1349 1446 1424 πράξοι,
1483 1350 1559 1421 μὴ
1591 1349 1969 1422 παραιτεῖσθαι

308 1448 408 1515 τήν
463 1442 731 1521 βασιλέως
779 1443 942 1518 χάριν
999 1440 1089 1495 καὶ
1144 1444 1331 1507 τοῦτο,
1394 1438 1471 1501 ὡς
1521 1439 1597 1511 μὴ
1632 1436 1841 1512 σχίζειν
1868 1440 1965 1508 τὴν

311 1532 637 1604 Ἐκκλησίαν
691 1530 910 1601 δοκοίη.
959 1529 1026 1585 Ei’
1075 1527 1121 1584 δ’
1170 1527 1283 1597 οὗν,
1336 1526 1482 1583 ἀλλά
1511 1526 1601 1581 καί
1653 1525 1730 1590 εἷς
1759 1525 1966 1602 ἐξορίαν

312 1623 646 1696 πέμπεσθαι,
678 1620 724 1675 εἰ
774 1618 1005 1688 θελητὸν
1067 1621 1155 1692 [Ρ.
1214 1618 1344 1690 257]
1397 1620 1479 1688 τῷ
1533 1616 1846 1691 κρατοῦντι,
1879 1617 1969 1671 καὶ

310 1712 459 1767 τοῦτ’
490 1716 627 1765 εἶναι
657 1707 966 1783 πρόθυμος,
1007 1708 1069 1763 Ὁ
1124 1703 1306 1779 μὲντοι
1338 1724 1401 1779 γε
1435 1702 1689 1780 βασιλεὺς
1739 1705 1838 1772 τὴν
1866 1708 1968 1770 τῆς

318 1801 489 1877 ὀργῆς
544 1797 759 1869 ἀδοξίαν
808 1802 889 1869 τῷ
951 1793 1107 1865 δῆθεν
1170 1795 1305 1869 πρὸς
1376 1792 1537 1848 αὐτὸν
1592 1790 1969 1871 φιλανθρώπῳ

315 1888 685 1965 συγκρύπτων,
718 1887 1006 1959 ἀπέπεμπε
1062 1884 1201 1960 πρὸς
1255 1883 1323 1938 τά
1384 1881 1529 1937 οἷ’κοι
1575 1879 1743 1956 μηδὲν
1772 1882 1963 1939 εἰπών.
1996 1921 2042 1987 Β

312 1980 370 2033 '0
402 1976 572 2033 δὲκαὶ
611 1978 687 2039 εἷς
745 1976 951 2053 ἐξορίαν
1011 1974 1468 2049 κροητοιμάζετο,
1526 1973 1616 2027 καὶ
1670 1972 1738 2027 τοὶ
1793 1974 1965 2029 αὑτοῦ

312 2072 393 2140 τῷ
449 2066 867 2145 σκευοφυλακίῳ
921 2071 1021 2134 τῆς
1069 2060 1367 2133 ἐκκλησίας
1415 2060 1680 2123 ἀνατιθεὶς
1728 2060 1965 2133 ἱματίων

314 2161 588 2233 πενιχρῶν
620 2157 796 2228 ἑαυτῷ
844 2153 1121 2231 προύνόει,
1170 2152 1260 2207 καὶ
1318 2172 1381 2228 γε
1408 2150 1535 2214 τοὺς
1591 2148 1765 2213 ῒδίους
1790 2152 1967 2227 φέρων

316 2246 408 2302 καὶ
440 2246 626 2301 ἑαυτὸν
684 2250 763 2317 τῷ
822 2243 1041 2319 μεγάλῳ
1097 2246 1211 2315 ναῷ
1264 2240 1659 2297 κατεπίστευεν.
1717 2240 1806 2301 Ὠς
1835 2243 1963 2315 γοῦν

320 2335 421 2389 οὐκ
475 2326 671 2389 ἀνύστά
727 2330 900 2388 ὲδὸκει
952 2333 1020 2387 τά
1069 2331 1209 2406 πρὸς
1258 2330 1461 2385 ἐκεῖνον
1509 2334 1587 2402 τῷ
1634 2326 1852 2405 βασιλεῖ
1886 2331 1966 2400 τῷ

316 2428 434 2495 ναῷ
490 2422 893 2500 προσφυγόντα,
952 2421 1171 2495 πέμψας
1217 2416 1503 2493 βασιλικὰς
1562 2414 1840 2480 συλλαϐὰς
1881 2417 1964 2472 ἒν-

321 2510 736 2586 σεσημασμένας
778 2516 857 2583 τῷ
903 2509 1111 2585 ἐρυθρῷ
1159 2510 1275 2583 μεθ’
1324 2510 1538 2580 ἀπάσης
1585 2505 1792 2563 ἐκεῖνον
1835 2527 1964 2580 μετ-

316 2600 563 2657 εκαλεῖτο
617 2602 808 2675 τιμῆς.
870 2597 971 2657 Καὶ
1028 2600 1088 2662 ὅς
1155 2600 1527 2671 καθυπήκουε,
1584 2597 1675 2652 καὶ
1732 2596 1962 2668 ἐξελθὼν

312 2817 453 2875 alibi
483 2817 871 2873 recedimus.»
897 2816 984 2871 Ita
1008 2814 1231 2888 repulsi
1274 2814 1574 2871 redierunt
1603 2815 1674 2871 ad
1709 2815 1966 2886 impera-

311 2911 520 2975 torem,
550 2910 609 2962 et
650 2923 778 2978 qua
825 2905 1194 2977 contigerant
1241 2909 1576 2961 narrarunt.
1612 2908 1684 2959 At
1732 2905 1966 2960 charte-

312 2996 530 3069 phylax
578 2995 733 3067 apud
764 3011 827 3051 se
857 2995 1239 3051 considerans
1287 3009 1403 3065 quo
1451 2997 1610 3049 statu
1650 3010 1742 3048 res
1770 2996 1969 3049 essent

315 3102 462 3156 sua,
488 3084 754 3141 contrahi
805 3083 1003 3140 animo
1036 3082 1245 3155 capit;
1276 3087 1333 3139 et
1365 3100 1435 3139 ne
1464 3086 1681 3138 temere
1726 3081 1966 3138 lacessi-

2070 641 2313 705 νισθῆναι
2344 639 2656 712 κατέχεται,
2706 635 2796 692 καὶ
2845 635 2921 701 εἷς
2973 635 3222 713 φυλακὴν
3262 636 3371 703 τὴν
3401 637 3509 689 τοῦ
3547 634 3759 705 ’Δνεμᾶ

2071 722 2279 800 πύργου
2336 732 2453 789 τοῖς
2513 724 2745 789 Κελτοῖς
2790 724 3214 803 σωματοφύλαξι
3271 722 3522 780 δίδοται.
3557 724 3623 780 Ὀ
3660 722 3757 795 μὲν

2072 811 2122 867 ἐν
2154 814 2370 878 τούτοις
2391 817 2478 885 ἦν.

2076 970 2159 1027 ιδ’·
2219 975 2294 1029 Τὰ
2351 976 2473 1047 περὶ
2535 979 2631 1049 τοῦ
2676 973 2881 1049 *τόμου
2920 972 3010 1049 ⁸δν
3094 971 3386 1049 ἀπέστειλε
3448 972 3596 1049 πρὸς
3654 972 3754 1041 τὴν

2535 1043 2876 1119 Ἐκκλησίαν
2911 1046 2939 1100 ὁ
2984 1043 3260 1121 βασιλεύς.

2142 1172 2203 1229 Ὁ
2236 1169 2293 1226 δὲ
2343 1171 2598 1246 βασιλεὺς
2644 1177 2763 1237 τοῖς
2817 1171 2943 1248 περὶ
2994 1171 3156 1227 αὐτὸν
3203 1167 3429 1247 λογίοις
3460 1167 3753 1245 χρησάμε-

2072 1282 2183 1331 νος,
2211 1261 2286 1315 ὧν
2324 1266 2536 1338 πρῶτοι
2592 1261 2684 1317 καὶ
2741 1262 3025 1337 κράτιστοι
3082 1261 3111 1314 ὁ
3157 1256 3575 1336 ἀρχιδιάκονος
3604 1258 3696 1313 καὶ
3729 1260 3756 1313 ὁ

2072 1349 2633 1426 πρωταποστολάριος
2688 1352 2848 1423 ἦσαν,
2907 1351 3189 1420 συθτίθησι
3245 1347 3431 1423 τόμον
3496 1347 3593 1404 καὶ
3648 1347 3754 1403 ἀπὸ

2075 1438 2349 1518 διαφόρων
2380 1440 2634 1515 ἱστοριῶν
2694 1462 2753 1496 τε
2806 1440 2896 1496 καὶ
2957 1441 3213 1515 χρήσεων
3273 1438 3655 1493 ἀκαταιτίατα
3691 1436 3756 1492 τὰ

2072 1530 2209 1584 κατά
2237 1529 2373 1593 τοὺς
2427 1529 2675 1593 Ἰταλοὺς
2732 1533 2990 1605 παριστᾷ,
3048 1530 3140 1584 καὶ
3196 1529 3431 1603 πέμψας
3489 1526 3636 1603 πρὸς
3663 1526 3753 1582 τὸν

2073 1620 2425 1695 πατριάρχην
2479 1621 2571 1676 τὸν
2629 1620 2931 1677 Ἀκαπνὶου
2989 1618 3295 1695 Ἀρσένιον,
3363 1613 3549 1688 ἄνδρα
3596 1637 3754 1691 γερα-

2075 1709 2166 1785 ρὸν
2206 1708 2300 1782 μὲν
2330 1709 2421 1763 καὶ
2472 1708 2683 1782 τίμιον,
2740 1710 2809 1764 τὰ
2866 1706 2924 1764 δὶ
2979 1728 3043 1783 γε
3098 1708 3215 1763 κατ’
3250 1706 3443 1763 ἐκεῖνα
3473 1705 3543 1761 τά
3572 1707 3752 1781 πράγ-

2079 1818 2221 1871 ματα
2268 1796 2350 1852 ἐπ’
2401 1798 2738 1876 ἀμφοτέραις
2786 1795 3111 1873 χωλεύοντα
3138 1802 3262 1861 ταῖς
3308 1794 3565 1871 ἶγνύαις,
3600 1792 3748 1865 δέξα-

2074 1898 2196 1950 σθαι
2244 1885 2439 1959 μηνύει
2484 1884 2640 1942 τόνδε
2677 1886 2768 1942 τὸν
2820 1885 2993 1960 τόμον
3041 1885 3131 1942 καὶ
3181 1886 3374 1941 κοινὸν
3407 1886 3554 1959 πρὸς
3584 1889 3750 1941 ταῦτα

2071 1973 2164 2030 τὸν
2196 1974 2479 2050 ἀπόλογον
2530 1973 2838 2051 σχεδιάσαι,
2893 1973 3041 2045 πλὴν
3088 1975 3140 2046 ἐξ
3185 1975 3455 2049 ἱστοριῶν
3498 1975 3590 2029 καὶ
3624 1992 3751 2049 γρα-

2074 2067 2247 2140 φικῶν
2284 2067 2562 2139 χρήσεων.
2617 2089 2646 2116 ‹‹
2678 2065 2757 2122 Τὸ
2804 2064 2907 2140 γὰρ
2957 2062 3065 2119 ἀπὸ
3115 2062 3338 2126 κοιλίας
3370 2068 3579 2141 φωνεῖν
3602 2062 3751 2118 ἀσθε-

2074 2153 2162 2214 νὲς
2197 2153 2292 2225 μὶν
2326 2151 2516 2216 ἄλλως
2556 2154 2646 2208 καὶ
2695 2141 2922 2226 μάταιον
2951 2173 2965 2186 ο
3010 2151 3162 2223 πλὴν
3194 2150 3241 2207 δ’
3271 2151 3410 2209 ἀλλ’
3437 2149 3557 2208 οὐδ’
3586 2152 3747 2214 αὐτὸς

2076 2237 2320 2313 δέξομαι.
2354 2242 2653 2304 »Ἐκεῖνος
2699 2243 2794 2315 μὲν
2847 2240 2990 2297 οὕτω
3038 2244 3227 2313 ταῦτα,
3282 2240 3513 2319 θαῤῥῶν
3543 2242 3621 2303 ὡς
3655 2240 3749 2296 οὐκ

2075 2326 2404 2385 ἀποδύσεταί
2432 2351 2516 2393 τις
2566 2330 2703 2400 πρὸς
2761 2332 2827 2385 τὰ
2883 2332 3192 2409 γραφέντα·
3251 2331 3350 2386 τὸν
3402 2329 3509 2406 γὰρ
3549 2350 3749 2406 χαρτο-

2076 2416 2294 2493 φύλακα
2333 2418 2385 2474 ἐν
2438 2417 2772 2498 ἀφυλάκτοις
2820 2419 2989 2495 εἶχεν,
3041 2419 3096 2475 ἐν
3146 2420 3192 2492 ᾧ
3240 2418 3501 2476 σαλεύειν
3536 2420 3657 2495 εἶχε
3681 2422 3745 2475 τὰ

2073 2506 2268 2581 πάντα,
2299 2510 2543 2578 νικήσειν
2576 2508 2637 2564 ἐκ
2685 2506 2870 2585 λόγων
2921 2506 3080 2581 ᾤετο.
3132 2506 3295 2566 Ἀλλ’
3328 2510 3359 2565 ὁ
3385 2510 3744 2585 πατριάρχης

2076 2595 2167 2651 σὺν
2199 2603 2266 2668 τῆ
2302 2595 2513 2671 συνόδῳ
2560 2596 2686 2676 περὶ
2735 2602 2833 2654 τοῦ
2882 2597 3059 2673 τόμου
3104 2595 3576 2674 διασκεψάμενοι,
3606 2598 3744 2671 πέμ-

2118 2814 2205 2868 14.
2238 2814 2313 2870 De
2339 2813 2544 2882 scripto
2573 2813 2715 2885 quod
2751 2812 2907 2870 misit
2936 2813 3007 2869 ad
3036 2813 3347 2871 Ecclesium
3379 2815 3705 2886 imperator.

2148 2904 2217 2957 Al
2234 2902 2898 2975 imperatoreruditione
2915 2919 3059 2960 usus
3075 2903 3391 2960 doctorum
3410 2904 3740 2968 hominum,

2077 3009 2222 3063 quos
2254 2992 2410 3049 circa
2439 3009 2502 3048 se
2533 2998 2803 3049 auctores
2848 2993 2916 3048 ad
2917 2994 3268 3064 jutoresque
3299 2993 3490 3068 hujus
3530 2989 3741 3064 negotii

2078 3079 2352 3147 habebat,
2371 3097 2622 3152 quorum
2651 3080 2829 3153 primi
2849 3081 3369 3155 valentissimique
3390 3087 3563 3138 erant
3586 3080 3742 3155 prius

310 3175 466 3230 visse
496 3176 911 3247 imperatorem
942 3178 1116 3243 atque
1143 3173 1203 3229 in
1236 3174 1365 3244 ejus
1396 3172 1778 3229 offensionem
1812 3172 1965 3227 378
2006 3243 2040 3247 _
2078 3171 2387 3226 memorati
2421 3170 2874 3227 archidiaconus
2913 3174 2971 3227 et
3009 3172 3571 3243 protapostolarius,
3604 3169 3737 3226 scri-

310 3262 465 3319 ultro
522 3243 823 3320 incurrere
871 3262 1188 3332 videretur,
1222 3243 1357 3318 eum
1414 3261 1619 3318 adiens
1673 3265 1840 3334 rogat
1896 3278 1967 3317 ne
1998 3243 2041 3306 C
2081 3263 2248 3331 ptum
2282 3259 2616 3331 composuit
2652 3276 2722 3315 ex
2768 3258 2945 3316 variis
2996 3264 3340 3317 contextum
3391 3260 3661 3318 historiis
3687 3260 3741 3313 et

310 3352 422 3408 sibi
455 3353 755 3409 innocenti
797 3353 1106 3408 irascatur.
1139 3352 1284 3408 Nam
1319 3368 1381 3407 se
1412 3355 1685 3423 paratum
1718 3366 1846 3406 esse
1874 3350 1963 3407 vel

312 3441 385 3497 ad
432 3440 691 3497 ofﬁcium
744 3440 1160 3509 abdicandum,
1190 3439 1772 3510 renuntiandumque
1799 3456 1964 3495 emo-

312 3529 597 3587 lumentis
638 3533 696 3585 et
750 3529 1130 3601 proventibus
1162 3545 1289 3601 qua
1340 3528 1475 3584 inde
1524 3529 1864 3601 perciperet.
1894 3532 1966 3584 Se

314 3620 551 3689 quidem
585 3634 716 3675 esse
747 3620 819 3674 de
868 3618 1008 3674 cleri
1059 3635 1299 3691 corpore
1332 3634 1346 3675 :
1381 3622 1579 3674 tamen
1614 3623 1966 3690 quocunque

314 3713 471 3764 statu
504 3709 602 3778 sit,
633 3725 749 3764 non
786 3724 1057 3764 recusare
1104 3708 1474 3779 imperatoris
1520 3708 1791 3780 gratiam,
1820 3707 1965 3779 quin

314 3796 514 3869 magni
549 3798 735 3853 facere
764 3814 832 3854 ac
854 3798 961 3853 sibi
991 3798 1215 3853 ambire
1246 3798 1436 3869 ipsius
1460 3796 1731 3855 Ecclesia
1764 3814 1964 3863 causa,

312 3902 385 3942 ne
416 3886 684 3942 scindere
733 3886 924 3958 ipsam
956 3886 1141 3945 videri
1185 3891 1403 3959 posset.
1439 3885 1657 3952 Quodsi
1687 3887 1875 3959 gratia
1905 3902 1967 3941 se

312 3974 628 4047 indignum
679 3976 1000 4049 imperator
1047 3993 1158 4034 sua
1209 3977 1484 4047 judicans
1533 3976 1853 4032 amandare
1904 3974 1965 4031 in

316 4064 590 4120 exsilium
621 4064 813 4133 vellet,
840 4066 1018 4122 etiam
1052 4066 1125 4122 ad
1155 4070 1386 4122 tantum
1420 4064 1558 4121 mali
1591 4065 1967 4121 subeundum

316 4169 380 4209 se
429 4158 767 4226 promptum
823 4156 1112 4214 exhibere.
1161 4156 1294 4211 Haec
1350 4155 1674 4228 imperator
1721 4155 1968 4211 audiens

313 4242 463 4299 iram
494 4244 731 4315 penitus
757 4246 952 4302 animo
984 4250 1324 4317 conceptam
1358 4245 1471 4301 sibi
1503 4244 1773 4302 dedecori
1804 4244 1967 4300 futu-

315 4350 465 4403 ram,
500 4332 549 4389 si
596 4335 963 4407 proderetur,
997 4340 1181 4404 ratus,
1216 4335 1414 4391 fucata
1459 4334 1876 4391 benevolentia
1906 4334 1966 4389 in

266 4434 271 4439 '
313 4419 569 4477 Veccum
592 4422 787 4492 specie
806 4422 1131 4489 occultans,
1152 4423 1383 4478 remisit
1402 4423 1703 4479 hominem
1727 4424 1966 4479 domum

313 4508 478 4566 nullo
503 4510 681 4567 verbo
714 4511 935 4568 addito.
970 4516 1044 4567 At
1072 4511 1171 4568 ille
1200 4512 1259 4567 in
1290 4512 1563 4568 exsilium
1613 4529 1675 4569 se
1725 4530 1966 4585 compa-

2076 3347 2458 3418 testimoniis,
2509 3348 2727 3421 quibus
2756 3350 3164 3406 demonstrare
3212 3353 3547 3407 conabatur
3592 3348 3736 3406 879

2076 3436 2301 3493 nullam
2326 3437 2522 3494 inesse
2554 3437 2780 3494 Latinis
2812 3446 3105 3496 hareseos
3136 3438 3353 3497 labem.
3382 3442 3500 3497 Hoc
3531 3435 3736 3495 deferri

2077 3544 2111 3582 a
2158 3544 2221 3582 se
2273 3526 2498 3583 curavit
2546 3527 2619 3582 ad
2660 3527 3055 3599 patriarcham
3108 3545 3293 3585 manu
3346 3528 3582 3587 Arsenii
3635 3523 3735 3581 filii

2077 3618 2344 3691 Acapnii,
2387 3616 2496 3674 viri
2554 3617 2747 3690 gravis
2793 3622 2851 3674 et
2902 3618 3196 3689 honorati,
3233 3620 3338 3675 sed
3391 3620 3547 3676 circa
3592 3617 3732 3673 istas

2078 3708 2507 3764 controversias
2564 3707 2624 3763 in
2683 3712 3017 3779 utramque,
3069 3709 3223 3781 quod
3285 3709 3480 3774 aiunt,
3534 3705 3733 3762 tibiam

2078 3796 2489 3853 claudioantis.
2522 3798 2629 3852 Hic
2660 3797 3006 3869 patriarcha
3037 3796 3315 3853 volumen
3351 3798 3607 3853 reddens
3635 3793 3735 3850 ad-

2079 3885 2230 3941 didit
2258 3886 2563 3942 mandare
2614 3886 3035 3957 imperatorem
3081 3890 3148 3942 ut
3194 3886 3345 3942 illud
3400 3885 3577 3958 legat,
3608 3886 3662 3939 et
3690 3880 3739 3936 si

2077 3975 2218 4046 quid
2259 3975 2471 4032 deinde
2518 3976 2760 4032 haberet
2807 3978 2963 4048 quod
2996 3976 3089 4031 his
3121 3980 3448 4048 opponeret
3497 3975 3570 4030 ad
3623 3987 3733 4028 sua

2077 4066 2381 4121 sententia
2439 4065 2865 4134 defensionem,
2922 4066 3216 4122 contrario
3266 4066 3328 4121 id
3364 4060 3731 4136 apologetico

2078 4154 2295 4226 scripto
2340 4154 2847 4227 complecteretur.
2881 4156 3165 4211 Caeterum
3196 4154 3422 4211 videret
3472 4157 3536 4208 ut
3580 4150 3637 4205 in
3669 4162 3730 4203 eo

2078 4244 2226 4300 nihil
2255 4243 2540 4316 allegaret
2567 4244 2682 4301 nisi
2714 4262 2785 4301 ex
2816 4244 3081 4316 probatis
3119 4248 3178 4302 et
3219 4243 3361 4299 ﬁdei
3392 4259 3511 4299 non
3544 4236 3730 4295 dubia

2075 4333 2342 4389 historiis
2375 4334 2803 4407 sententiisque
2832 4333 3183 4390 idoneorum
3216 4339 3528 4389 auctorum
3556 4346 3569 4385 :
3599 4340 3727 4383 nam

2077 4421 2426 4479 auctoritate
2477 4424 2718 4495 propria
2745 4426 2804 4479 et
2833 4423 3004 4495 quasi
3036 4422 3403 4495 Pythonissa
3452 4421 3637 4475 instar
3663 4429 3725 4470 ex

2074 4517 2277 4568 ventre
2309 4511 2471 4584 loqui
2502 4513 2806 4568 infirmum
2840 4513 2912 4568 ad
2947 4512 3123 4568 ﬁdem
3155 4516 3215 4568 et
3244 4527 3464 4567 vanum
3499 4509 3645 4575 fore;
3678 4504 3731 4557 et

311 4599 500 4655 rabat.
535 4601 604 4655 Et
632 4617 741 4655 sua
772 4600 1048 4657 familiari
1098 4600 1485 4673 supellectile,
1516 4607 1755 4673 excepto
1787 4618 1961 4673 quem
1995 4607 2045 4670 Ι)
2084 4602 2302 4657 diserte
2331 4601 2450 4671 iam
2501 4617 2658 4657 nunc
2708 4600 2971 4673 profiteri
3020 4602 3359 4672 Augustum
3404 4613 3488 4668 se,
3523 4595 3571 4651 si
3600 4589 3727 4664 quid

310 4686 447 4743 inde
485 4687 597 4743 sibi
633 4688 702 4743 ad
740 4692 1086 4758 prasentem
1119 4688 1373 4760 providit
1410 4706 1585 4744 usum
1618 4689 1967 4761 paupertino

309 4776 547 4844 vestitu,
581 4776 639 4832 in
677 4778 977 4849 apothecis
1009 4777 1265 4834 ecclesia
1308 4777 1595 4851 deposita,
1630 4778 1755 4849 ipse
1784 4779 1965 4834 obso-

310 4865 428 4922 leta
455 4870 616 4923 veste
646 4883 781 4922 cum
815 4867 939 4923 suis
970 4866 1133 4939 asylo
1173 4869 1369 4938 magni
1396 4867 1596 4939 templi
1629 4882 1692 4924 se
1722 4868 1969 4924 commi-

312 4956 412 5011 sit.
437 4957 561 5021 Quo
591 4956 913 5029 imperator
942 4961 1263 5028 comperto,
1296 4957 1453 5014 haud
1502 4974 1563 5013 se
1605 4957 1732 5029 jam
1762 4956 1968 5013 videns

310 5045 589 5115 perficere
622 5062 794 5117 posse
825 5062 953 5117 qua
993 5046 1291 5119 cogitabat
1338 5050 1576 5119 propter
1621 5045 1965 5118 religionem

310 5130 425 5188 loci
483 5133 636 5188 sacri
694 5150 809 5205 quo
840 5134 1065 5191 Veccus
1122 5136 1488 5208 confugerat,
1540 5133 1743 5191 missis
1791 5135 1967 5207 regiis

305 5219 524 5277 litteris
556 5222 791 5279 rubrica
840 5224 1201 5296 insignibus,
1234 5225 1396 5280 omni
1428 5240 1563 5280 eum
1612 5223 1853 5280 honoris
1884 5224 1963 5279 si-

310 5309 689 5381 gnificatione
718 5314 790 5368 ad
841 5329 903 5369 se
930 5314 1175 5369 vocavit.
1209 5314 1324 5371 Neo
1354 5313 1453 5370 ille
1499 5313 1812 5379 recusavit,
1861 5314 1963 5369 sed

310 5400 509 5456 statim
535 5401 733 5459 exiens
765 5402 836 5458 ad
879 5406 1186 5459 vocantem
1218 5413 1375 5460 recta
1417 5403 1715 5475 pergebat.
1745 5402 1964 5459 Verum

314 5488 663 5561 priusquam
712 5490 1145 5562 admitteretur,
1175 5494 1640 5565 comprehensus
1688 5496 1779 5549 est
1808 5497 1866 5548 et
1904 5493 1964 5548 in

314 5593 607 5635 carcerem
638 5578 821 5635 turris
865 5583 1105 5636 Anema
1148 5582 1484 5650 conclusus,
1516 5581 1690 5638 Celtis
1744 5580 1967 5638 satelli-

315 5665 476 5723 tibus
506 5668 936 5727 custodiendus
968 5668 1242 5726 traditur.
1268 5671 1339 5727 Et
1376 5669 1471 5726 hic
1509 5670 1749 5742 quidem
1777 5669 1840 5727 in
1872 5669 1966 5728 his

315 5758 460 5809 erat.

2078 4690 2195 4746 tale
2225 4691 2525 4758 offeratur,
2550 4690 2708 4746 haud
2741 4694 3142 4761 accepturum.
3164 4690 3297 4746 Hac
3320 4688 3403 4744 ita
3424 4680 3731 4742 mandabat

2074 4780 2397 4851 imperator
2446 4796 2806 4851 magnopere
2854 4780 3038 4836 fretus
3087 4778 3324 4847 invicta,
3360 4781 3426 4833 ut
3472 4771 3728 4848 putabat,

2077 4867 2372 4924 soliditate
2403 4869 2639 4941 scripti;
2673 4885 2781 4925 nec
2826 4874 3043 4941 putans
3076 4870 3196 4924 fore
3240 4881 3505 4939 unquam
3536 4864 3599 4917 ut
3624 4856 3727 4913 ali-

2077 4956 2218 5029 quid
2241 4957 2641 5029 plausibiliter
2661 4957 2851 5030 excipi
2873 4962 3075 5015 contra
3090 4956 3237 5013 illud
3259 4958 3479 5029 posset,
3497 4947 3722 5014 maxim.

2078 5063 2214 5103 cum
2258 5063 2506 5103 securus
2548 5048 2675 5118 jam
2723 5051 2882 5103 esset
2928 5064 2962 5102 a
3008 5045 3480 5118 chartophylace,
3515 5042 3570 5094 in
3615 5049 3720 5107 quo

2078 5135 2284 5207 utique
2311 5136 2498 5208 partis
2528 5135 2830 5191 contraria
2877 5150 3009 5207 spes
3040 5134 3318 5191 universa
3348 5128 3636 5205 penderet,
3668 5122 3719 5176 et

2077 5242 2111 5281 a
2140 5241 2258 5296 quo
2287 5223 2561 5282 videlicet
2602 5241 2719 5281 uno
2758 5225 2891 5295 jure
2920 5224 3116 5280 timeri
3149 5223 3373 5296 aliquid
3404 5221 3463 5276 in
3494 5218 3600 5273 hoc
3628 5226 3716 5282 ge-

2076 5331 2213 5371 nere
2242 5314 2503 5387 potuisse
2531 5314 2861 5370 videbatur.
2896 5316 3101 5386 Itaque
3148 5314 3261 5370 sibi
3302 5314 3459 5368 certo
3491 5315 3712 5379 persua-

2076 5408 2234 5461 serat
2269 5422 2333 5460 se
2374 5403 2706 5460 rationibus
2757 5407 2815 5459 et
2862 5402 3319 5460 auctoritatibus
3367 5398 3467 5454 illo
3512 5391 3711 5460 scripto

2075 5493 2345 5565 allegatis
2376 5492 2552 5565 plane
2584 5509 2826 5549 causam
2850 5492 3203 5549 evicturum.
3235 5484 3564 5577 Patriarcha
3588 5490 3708 5577 ver?

2076 5562 2321 5640 consilio
2350 5562 2552 5640 habito
2583 5599 2721 5640 cum
2769 5582 2993 5655 synodo
3043 5583 3117 5638 de
3165 5599 3232 5639 eo
3281 5575 3436 5652 quod
3484 5571 3630 5628 circa
3655 5562 3706 5620 id

2075 5670 2360 5743 scriptum
2412 5673 2507 5745 agi
2555 5674 2871 5745 oporteret,
2902 5670 3345 5745 congregandos
3374 5658 3590 5738 putavit
3615 5666 3704 5745 eos

2076 5737 2227 5834 quos
2275 5737 2520 5819 suaru-m
2576 5737 2708 5819 esse
2762 5737 3047 5834 partium.
3081 5737 3391 5819 credebat;
3428 5748 3596 5809 Erant
3645 5737 3699 5797 hi
