4080 6394
378 390 487 447 833

1466 397 1567 453 DE
1602 395 1977 453 MICHAELE
2013 391 2460 452 PALEOLOGO
2495 396 2631 450 LIB.
2672 395 2741 450 V.

3688 396 3798 455 834

377 516 575 587 ψαντες
638 520 873 591 συνῆγον
926 513 1056 579 τοὺς
1128 517 1244 590 μετ’
1299 517 1463 573 αὐτὸν
1522 519 1653 574 εἶναι
1708 515 2028 576 δοκοῦντας.
2061 516 2114 584 Α
2145 512 2273 577 λεὺς
2332 511 2615 589 δεξάμενος
2655 518 2745 573 τὸν
2796 516 3075 594 ἀπόλογον
3134 518 3223 574 καὶ
3281 514 3521 595 ἀκριϐῶς
3566 518 3795 579 διελθὼν

376 604 549 660 Ἦσαν
610 600 704 658 οὖν
755 604 846 658 καὶ
899 604 1025 659 ὅσον
1078 605 1142 661 τὸ
1191 611 1295 676 τῆς
1352 604 1683 677 Ἐκκλησίας
1743 603 2031 680 ἔκκριτοι.

374 695 544 748 Ἦσαν
579 689 637 746 δὲ
665 692 756 746 καὶ
804 692 857 747 οὶ
910 693 1031 768 περὶ
1091 694 1182 749 τὸν
1240 694 1738 769 Τερνικικόπουλον
1800 692 2036 750 Ἰωαννί-

374 801 539 848 κιον,
599 781 927 854 σχιζόμενοι
988 783 1082 855 μὲν
1142 787 1242 837 τοῦ
1292 785 1641 861 πατριάρχου
1698 786 2032 861 περιφανῶς,

376 869 530 943 ὅμως
563 867 622 925 δὲ
649 876 751 939 τῆς
802 872 994 947 χρείας
1020 871 1300 943 καλούσης
1336 875 1419 947 [Ρ.
1449 876 1577 948 258]
1607 875 1675 929 τὰ
1702 881 1801 943 τῆς
1840 893 2033 949 μικρο-

372 957 577 1034 ψυχίας
613 957 823 1029 ἐκείνης
854 960 1042 1035 χώραν
1074 959 1176 1016 οὐκ
1196 960 1369 1036 εἶχον.
1397 962 1502 1017 Σὺν
1525 963 1743 1025 τούτοις
1767 960 2031 1037 δὲξπαρῆν

371 1049 459 1103 καὶ
520 1050 556 1117 ἡ
613 1052 710 1103 τοῦ
767 1048 1038 1123 βασιλέως
1097 1047 1407 1127 αὐταδέλφη
1471 1050 1731 1128 Εὐλογία,
1789 1051 1881 1106 καὶ
1932 1056 2031 1106 πᾶν

372 1139 499 1193 ὅσον
530 1136 598 1207 ἧν
651 1138 768 1211 μετ’
800 1138 986 1201 αὐτοῖς
1014 1139 1067 1194 ἐν
1103 1146 1373 1215 μοναχοῖς
1412 1140 1502 1195 καὶ
1537 1139 1750 1217 λογίοις
1793 1138 2036 1214 ἐξεταζό-

374 1248 557 1301 μενον.
592 1227 690 1288 Οἷς
740 1228 942 1282 σκοπὸν
1000 1231 1079 1293 εἷς
1130 1231 1196 1300 ἧν
1239 1229 1377 1303 πρὸς
1408 1229 1499 1285 τὸν
1528 1229 1699 1304 τόμον
1734 1227 2034 1305 ἀπολογεῖ-

368 1318 606 1386 σθαιτῷ
640 1314 877 1389 βασιλεῖ.
933 1315 1033 1371 Καὶ
1066 1314 1133 1386 δὴ
1168 1318 1560 1392 ἀνεγινώσκετο
1608 1319 1703 1392 μὶν
1764 1319 1793 1373 ὁ
1838 1318 2031 1390 τόμος,

370 1402 545 1467 ἄλλος
578 1401 626 1459 δ’
658 1403 800 1460 ἄλλο
842 1427 894 1460 τι
926 1406 1062 1482 πρὸς
1086 1408 1150 1462 τὸ
1180 1407 1463 1477 παρεστὼς
1506 1414 1624 1471 τοῖς
1651 1407 2034 1483 προκειμένοις

369 1492 671 1570 ἀντέλεγεν.
735 1495 883 1549 Ἐπεὶ
920 1492 977 1549 δὲ
1007 1496 1097 1550 καὶ
1143 1497 1307 1572 χρεία
1336 1497 1403 1567 ἦν
1454 1499 1873 1572 συμφρασθῆναι
1904 1497 2032 1560 τοὺς

372 1581 575 1658 λόγους
630 1581 721 1638 καὶ
776 1584 853 1647 εἰς
901 1582 995 1639 ’ένα
1052 1587 1473 1656 συντεθήσεσθαι
1518 1588 1716 1661 τόμον,
1766 1586 1856 1642 καὶ
1907 1585 2033 1658 ἐζηο

367 1676 515 1727 τεῖτο
577 1672 606 1727 ὁ
664 1672 1090 1746 συνθησόμενος,
1153 1672 1441 1750 ἀνεδέχετο
1512 1676 1606 1749 μὲν
1664 1676 1728 1733 τὸ
1785 1675 1944 1752 ἔργον
2006 1677 2033 1730 ὁ

371 1760 609 1833 Ἰασίτης
668 1757 815 1833 Ἰὼϐ,
870 1764 985 1838 εἶχε
1044 1761 1104 1819 δὲ
1151 1764 1243 1819 καὶ
1304 1762 1509 1828 ἄλλους
1567 1766 1658 1821 καὶ
1695 1764 1908 1841 μᾶλλον
1938 1765 2031 1820 τὸν

372 1850 688 1949 συγγραφέα
711 1854 828 1949 τῶν.
868 1851 1133 1949 τοιούτων
1169 1852 1266 1926 ἐμὲ
1293 1858 1404 1909 τῶν
1437 1854 1658 1911 ἐννοιῶν
1711 1855 2029 1949 συλλήπτ-ο-
2060 1884 2107 1949 Β

374 1960 492 2015 ρας.
548 1939 651 1997 Καὶ
714 1941 828 2013 μετ’
888 1940 949 1996 ού
1002 1939 1148 1997 πολὺ
1202 1943 1229 1997 ὁ
1286 1942 1459 2017 τόμος
1502 1944 1832 2021 ἐξείργαστο,
1864 1945 1923 1999 ’ὀν
1958 1942 2024 2014 δὴ

370 2028 460 2084 καὶ
492 2033 685 2094 κοινῶς
715 2030 1129 2105 ἀναγνωσθέντα
1158 2030 1325 2088 πάλιν
1372 2039 1491 2096 τοῖς
1541 2031 1717 2104 ὅλοις,
1770 2034 1860 2089 καὶ
1902 2033 2025 2088 ὅσον

370 2119 436 2186 ἦν
495 2118 631 2193 πρὸς
685 2118 748 2174 τὸ
808 2118 1218 2197 εύσχημότερον
1288 2122 1757 2196 μεταπλασθέντα,
1812 2123 1886 2184 ὡς
1951 2123 2025 2195 μὴ

372 2203 582 2278 λυποίη
612 2206 870 2284 σκληρῶς
903 2205 957 2265 ἕν
985 2231 1125 2265 τισιν
1169 2206 1312 2286 ἔχων
1363 2214 1454 2267 τὸν
1505 2209 1723 2284 ἄνακτα,
1769 2212 1885 2285 μετ’
1933 2210 2029 2265 αύ-

366 2300 466 2351 τοῢ
500 2294 567 2366 δὴ
596 2301 697 2353 τοῦ
723 2298 1005 2375 Ἀρσενίου
1052 2296 1383 2373 πέμπουσιν.
1432 2303 1488 2359 Ὀ
1543 2302 1729 2374 μέντοι
1776 2322 1840 2377 γε
1874 2302 2029 2378 βασι-

370 2517 679 2575 lectissimi
721 2519 944 2592 quique
991 2536 1057 2575 ac
1105 2520 1213 2577 ﬂos
1262 2520 1555 2578 delibatus
1586 2521 1874 2578 Ecclesiae.
1910 2521 2027 2579 Nec

375 2607 567 2665 abfuit
618 2609 691 2664 ab
740 2626 807 2665 eo
850 2625 1097 2667 numero
1148 2610 1627 2683 Ternicicopolus
1682 2611 2028 2668 Joannicius

375 2713 508 2753 cum
540 2696 689 2769 suis,
722 2701 1023 2771 utcunque
1060 2699 1146 2755 illi
1188 2700 1384 2772 palam
1417 2717 1479 2756 se
1511 2718 1544 2756 a
1572 2700 1909 2773 patriarcha
1938 2717 2027 2757 se-

373 2793 746 2861 paraverunt.
798 2790 1017 2846 Tamen
1068 2807 1227 2847 nunc
1269 2791 1572 2850 communi
1622 2791 1878 2848 utilitate
1922 2808 2026 2848 vo-

372 2882 541 2934 cante
568 2878 833 2935 minutas
877 2878 1011 2934 illas
1044 2879 1398 2936 offensiones
1430 2881 1783 2948 animorum,
1818 2897 2029 2937 causas

376 2968 506 3037 ejus
543 2966 891 3039 simultatis,
924 2970 1294 3041 seponendas
1324 2970 1614 3042 tantisper
1650 2976 2027 3042 putaverunt.

380 3055 524 3111 Cum
546 3055 638 3112 his
659 3057 848 3112 adfuit
870 3061 929 3113 et
951 3074 1118 3114 soror
1137 3057 1511 3131 imperatoris
1535 3058 1796 3132 Eulogia,
1820 3058 2029 3115 simul-

378 3159 489 3215 que
545 3146 831 3218 quidquid
885 3146 946 3202 in
997 3147 1306 3203 monachis
1345 3151 1402 3203 et
1449 3147 1700 3204 aliorum
1754 3148 2030 3205 ordinum

376 3233 567 3290 doctis
596 3233 971 3307 laudatisque
993 3236 1339 3293 hominibus
1360 3237 1642 3293 eximium
1671 3242 1728 3294 et
1756 3242 2030 3309 spectata

381 3321 669 3380 claritatis
701 3324 831 3381 fuit.
864 3324 1019 3381 380
1061 3331 1283 3383 Horum
1317 3343 1472 3382 unus
1520 3331 1647 3383 erat
1693 3328 1951 3399 animus,
1979 3334 2033 3384 et

381 3412 730 3484 conspirans
761 3414 822 3470 in
871 3414 926 3470 id
977 3416 1153 3471 ardor
1200 3416 1601 3487 incumbebat,
1637 3420 1700 3472 ut
1747 3417 2034 3489 scriptum

382 3501 834 3559 concinnaretur
862 3503 1144 3560 volumini
1186 3506 1259 3561 ab
1299 3506 1651 3577 imperatore
1682 3505 1863 3562 misso
1897 3523 2034 3561 con-

380 3592 653 3650 trarium.
676 3593 760 3647 Ad
799 3608 929 3649 eam
974 3610 1097 3649 rem
1129 3593 1323 3650 visum
1360 3599 1757 3667 opportunum
1791 3597 2036 3651 recitare

382 3682 611 3737 cunctis
642 3682 1025 3738 audientibus
1068 3682 1512 3754 imperatoriam
1556 3683 1947 3755 scripturam;
1980 3688 2038 3741 et

383 3774 448 3826 ut
476 3771 872 3843 quodcunque
901 3787 971 3827 ex
1001 3770 1103 3828 illa
1147 3776 1325 3843 caput
1373 3772 1640 3827 auditum
1692 3777 1864 3841 esset,
1897 3790 2034 3830 con-

381 3859 547 3917 tinuo
579 3876 873 3934 quemque
906 3862 1164 3932 proferre
1186 3877 1309 3932 quas
1332 3861 1481 3917 forte
1511 3867 1887 3917 occurrerent
1921 3864 2036 3919 uti-

382 3948 516 4006 liter
567 3951 628 4006 in
677 3950 1037 4007 contrarium
1095 3949 1420 4022 alleganda.
1463 3950 1772 4023 Negotium
1823 3952 2035 4010 deinde

381 4038 694 4112 colligendi
750 4044 958 4095 cuncta
1011 4043 1069 4096 et
1116 4041 1175 4094 in
1217 4056 1402 4095 unum
1453 4040 1684 4095 diversa
1732 4040 2036 4112 digerendi

381 4129 647 4200 suscepit
676 4128 750 4184 ad
801 4128 858 4183 id
905 4127 1168 4185 delectus
1200 4128 1410 4185 Iasites
1438 4128 1581 4197 Job;
1635 4128 1735 4201 qui
1787 4134 1843 4184 et
1889 4130 2036 4187 alios

381 4217 591 4274 habuit
646 4218 944 4288 adjutores
1002 4218 1249 4290 ejusque
1307 4218 1625 4291 participes
1685 4218 1925 4288 laboris,
1974 4219 2034 4276 in

381 4306 590 4377 primis
620 4306 801 4379 hujus
830 4306 1089 4363 historias
1130 4311 1450 4363 auctorem.
1486 4306 1702 4363 Omnes
1733 4306 1793 4362 hi
1824 4308 2038 4366 collata

382 4394 690 4467 diligentia
725 4394 783 4449 in
815 4394 1163 4451 ordinandis
1212 4394 1690 4467 collocandisque
1737 4397 2034 4453 variorum

380 4484 679 4550 sensibus,
710 4483 869 4540 brevi
912 4488 1177 4556 tempore
1204 4483 1480 4540 volumen
1521 4486 1921 4556 confecerunt,
1943 4486 2036 4540 id-

380 4590 492 4645 que
521 4573 925 4645 conscriptum
957 4573 1017 4628 in
1050 4574 1352 4630 communi
1373 4577 1523 4629 cmtu
1548 4574 1777 4630 cunctis
1797 4575 2037 4630 audien-

378 4663 539 4719 tibus
569 4663 863 4736 legerunt,
890 4678 1244 4734 unoquoque
1268 4663 1624 4719 admonente
1654 4664 1702 4719 si
1726 4663 1868 4735 quid
1903 4682 2033 4719 mu-
2070 4649 2115 4714 Ι)

377 4753 626 4809 tandum
658 4757 763 4808 aut
792 4753 1246 4825 temperandum
1278 4758 1564 4823 censeret,
1598 4751 1656 4806 in
1690 4752 1749 4807 id
1783 4754 2035 4810 maxime

382 4842 678 4899 universis
706 4841 969 4909 intentis,
1005 4858 1077 4898 ne
1107 4841 1433 4913 quidquam
1476 4840 1537 4896 in
1570 4857 1636 4897 eo
1666 4841 2032 4914 relinquere-

375 4934 476 4987 tur
502 4932 832 4987 aculeatum
865 4935 967 4986 aut
995 4931 1236 5000 durum,
1270 4946 1386 5002 quo
1423 4929 1749 5002 imperator
1777 4931 2033 4986 oﬂ‘ende-

376 5024 561 5077 retur.
593 5020 860 5092 Denique
890 5036 1041 5092 opus
1090 5019 1399 5076 climatum
1449 5024 1739 5091 quantum
1772 5021 1917 5076 satis
1948 5025 2037 5076 est

373 5109 593 5179 visum,
630 5126 735 5182 per
778 5110 1054 5166 eumdem
1114 5109 1428 5167 Arsenium
1489 5110 1560 5165 ad
1618 5108 2035 5182 imperatorem

375 5199 642 5256 mittunt.
675 5201 731 5256 ls
761 5216 829 5256 eo
870 5203 1106 5270 accepto
1136 5203 1196 5255 et
1224 5202 1447 5255 attente
1499 5198 1649 5254 lecto
1682 5198 1938 5255 multum
1971 5215 2033 5255 se

373 5289 653 5361 Opinione
684 5287 783 5344 illa
815 5288 1032 5345 falsum
1073 5289 1330 5361 agnovit,
1364 5305 1482 5361 qua
1513 5290 1813 5360 negotium
1846 5289 2033 5361 scrip-

374 5378 538 5434 tione
568 5394 678 5434 sua
720 5377 821 5435 illa
860 5377 1151 5434 mittenda
1179 5377 1381 5434 statim
1414 5378 1846 5434 conficiendum
1880 5378 2032 5433 exis-

373 5467 707 5524 timaverat.
733 5468 951 5523 Tamen
985 5466 1143 5522 hunc
1173 5466 1372 5540 ipsum
1406 5470 1756 5539 praesentem
1789 5482 2032 5523 sensum

376 5556 560 5612 animi
590 5556 1012 5625 dissimulavit,
1044 5557 1454 5623 erubescendi,
1488 5555 1537 5612 si
1570 5555 1620 5611 is
1650 5559 2031 5625 enotesceret,

373 5646 789 5702 necessitatem
821 5644 906 5701 sic
944 5647 1406 5717 praevertendum
1452 5649 1693 5718 putans.
1724 5643 2030 5702 Publicam

372 5752 509 5793 vero
538 5734 745 5808 scripti
785 5732 967 5792 oblati
1008 5733 1321 5793 lectionem
1354 5734 1661 5792 differebat
1690 5738 2031 5807 contemptu

2136 601 2252 659 ἐπεὶ
2302 601 2439 678 ἔγνω
2488 604 2687 679 πολλῷ
2738 606 3106 681 λελειμμένος
3132 614 3250 671 τοῖς
3283 607 3490 685 λόγοις,
3523 609 3611 664 καὶ
3644 610 3792 687 εἷ’περ

2136 690 2516 770 ἒμφανισθείη,
2571 694 2744 759 αἴτιος
2774 695 3044 772 αἰσχύνης
3086 697 3258 770 ἐαυτῷ
3288 697 3679 773 γενησόμενος,
3713 706 3794 773 τῷ

2138 779 2317 837 δοκεῖν
2352 784 2452 838 ὑπὸ
2483 788 2929 863 περιφρονήσεως
2962 788 3049 842 καὶ
3080 788 3144 842 οὐ
3188 787 3325 843 κατά
3356 785 3589 846 δειλίαν.
3618 790 3692 852 ὡς
3724 790 3791 858 ἦν

2136 870 2363 942 ἀληθὲς,
2397 872 2705 950 έπεριορᾷν,
2758 875 3112 955 ὑπερηφάνει,
3162 876 3252 933 καὶ
3304 872 3641 934 ἀνεϐάλλετο
3690 880 3791 949 τὴν

2139 982 2466 1037 αναγνωσιν.

2142 1112 2220 1169 ιε’.
2251 1113 2443 1176 Ὅπως
2489 1114 2516 1168 ὁ
2571 1112 2777 1197 Βέκκος
2830 1113 2906 1178 εἷς
2968 1114 3216 1197 φυλακῄν
3276 1117 3584 1196 εἰργμένος,
3642 1121 3797 1197 ὅμως

2621 1187 2944 1262 βιαζόμενος
2978 1187 3309 1247 κατετίθετο.

2209 1316 2397 1380 Οὕτως
2473 1319 2562 1373 οὖν
2641 1318 3053 1397 ἐκκρουσθέντες
3122 1323 3174 1377 οἳ
3231 1325 3355 1401 περὶ
3412 1326 3506 1380 τὸν
3566 1322 3795 1401 βασιλέα

2135 1413 2237 1476 τῆς
2316 1405 2691 1482 έγχειρήσεως
2762 1406 2952 1473 ἄλλως
3033 1408 3270 1488 ἔγνωσαν
3359 1412 3612 1469 ὑπελθεῖν
3700 1418 3792 1471 τὸν

2138 1496 2338 1553 Βέκκον
2418 1496 2470 1551 ἐν
2550 1496 2838 1573 φυλακαῖς.
2916 1502 3173 1576 Τεμὸίχια
3256 1503 3357 1577 γὰρ
3435 1504 3495 1558 ὲκ
3582 1499 3791 1580 βίϐλων

2138 1584 2498 1661 συλλέγοντες
2558 1588 2743 1661 ἱερῶν,
2823 1586 2939 1643 ἐπεὶ
2998 1590 3089 1645 καὶ
3149 1588 3327 1665 λογίῳ
3384 1590 3793 1657 ἀντικαθίσταν-

2135 1695 2199 1729 το
2272 1673 2363 1729 καὶ
2436 1672 2631 1751 λόγοις
2697 1677 2765 1746 ἦν
2824 1677 3033 1753 ἀνάγκη
3107 1678 3330 1750 πείθειν,
3393 1678 3601 1756 λόγους
3658 1687 3788 1757 γοῦν

2137 1762 2331 1839 ἁγίων,
2419 1763 2536 1819 ὅσοι
2621 1766 2710 1819 καὶ
2798 1766 2929 1841 ὑπὲρ
3018 1766 3239 1823 Ἰταλῶν
3329 1766 3551 1825 ἐδόκουν
3639 1773 3791 1843 εἶναι,

2136 1851 2452 1929 προῦτεινον
2515 1853 2705 1927 ἐκείνῳ
2763 1858 2899 1911 κατά
2956 1856 3205 1933 φυλακὴν
3265 1856 3580 1933 καθημένῳ.
3628 1862 3692 1919 Ὁ
3736 1859 3795 1916 δὲ

2140 1937 2435 2015 λαμϐάνων
2495 1942 2584 1997 καὶ
2645 1940 3005 2019 διερχόμενος
3064 1949 3145 2020 [Ρ.
3175 1950 3303 2021 259]
3360 1950 3542 2024 ἡμέρα
3570 1971 3688 2011 πως
3717 1950 3795 2014 εἷς

2140 2030 2365 2105 εἷ’ρήνην
2427 2030 2896 2108 συγκατεκλίνετο.
2960 2036 3062 2091 Καί
3119 2038 3165 2110 γ’
3216 2036 3426 2099 ἁπλοῦς
3460 2036 3531 2092 ὣν
3577 2040 3663 2094 καὶ
3700 2061 3793 2118 φι-

2140 2117 2394 2191 λαλήθης
2456 2121 2532 2183 εἰς
2594 2123 2730 2176 ἅπαν
2788 2127 2866 2195 τῷ
2924 2125 3018 2196 μὲν
3054 2124 3215 2197 ἀπλῷ
3246 2131 3367 2188 ταῖς
3398 2133 3629 2203 γραφαῖς
3660 2117 3795 2183 καθ-

2141 2211 2408 2284 υπήγετο,
2460 2212 2624 2265 ταυτό
2681 2231 2741 2287 γε
2796 2210 3024 2288 πάσχων
3083 2218 3205 2277 τοῖς
3268 2216 3585 2291 ἀποροῦσίν,
3618 2216 3667 2271 εἴ
3702 2239 3795 2292 με·

2138 2298 2304 2376 τρίως
2378 2300 2659 2374 ἀποροῖεν,
2733 2299 3163 2377 ἀπροσδοκήτως
3233 2304 3296 2359 τὸ
3357 2311 3461 2359 πᾶν
3524 2305 3796 2381 οἰομένοις

2136 2522 2416 2595 quodam,
2449 2524 2514 2577 ut
2560 2522 2744 2578 videri
2780 2522 3010 2579 volebat
3042 2541 3057 2580 :
3090 2525 3192 2580 sed
3257 2540 3394 2581 vera
3440 2542 3619 2583 causa
3666 2532 3793 2583 erat

2135 2612 2264 2682 ejus
2292 2627 2463 2667 mora)
2490 2610 2873 2668 convictionis
2907 2617 3121 2683 metus,
3146 2614 3515 2686 superciliosi
3542 2616 3784 2673 obtentu

2138 2699 2361 2756 fastidii
2387 2699 2635 2756 velatus.

2184 2808 2271 2863 15.
2307 2807 2370 2865 Ut
2405 2809 2602 2862 Vaccus
2628 2823 2854 2863 carcere
2880 2807 3148 2875 detentus,
3185 2813 3236 2865 et
3264 2809 3348 2865 ibi
3374 2811 3745 2870 nihilominus

2377 2878 2728 2947 sollicitatus,
2761 2885 3031 2936 attractus
3060 2881 3125 2937 in
3151 2891 3333 2953 partes
3356 2882 3550 2954 fuerit.

2209 2966 2335 3023 Tali
2368 2967 2751 3024 consiliorum
2796 2986 3075 3026 successu
3126 2972 3401 3043 repulsus
3450 2974 3521 3029 ab
3573 2974 3792 3045 optatis

2141 3057 2461 3129 imperator
2490 3063 2548 3113 et
2579 3057 2837 3129 quicum
2870 3075 2936 3115 eo
2967 3060 3323 3127 sentiebant,
3347 3060 3461 3117 alia
3480 3062 3593 3118 sibi
3625 3079 3791 3134 gras-

2140 3147 2395 3201 sandum
2426 3146 2519 3201 via
2549 3149 2907 3215 statuerunt,
2944 3149 3122 3205 Vecco
3154 3148 3282 3220 ipso
3315 3149 3467 3206 intra
3498 3167 3790 3208 carcerem

2143 3236 2445 3291 tentando.
2481 3235 3025 3292 Animadvertentes
3051 3237 3209 3293 enim
3242 3238 3565 3310 hominem,
3598 3240 3790 3312 qualis

2142 3329 2268 3380 erat
2296 3324 2540 3393 Veccus,
2573 3325 2900 3397 sapientem
2950 3343 3017 3382 ac
3066 3328 3304 3382 doctum
3351 3344 3465 3384 non
3516 3328 3631 3386 alia
3668 3346 3795 3386 cer-

2139 3414 2258 3470 tius
2310 3416 2771 3486 expugnandum
2819 3414 3003 3470 videri
3063 3415 3338 3472 machina
3386 3434 3565 3489 quam
3617 3436 3794 3491 argu-

2142 3503 2358 3560 mentis
2398 3508 2454 3559 et
2501 3503 2860 3559 testimoniis
2908 3521 2978 3559 ex
3025 3504 3422 3562 ecclesiastica
3466 3507 3795 3564 eruditione

2142 3593 2363 3666 petitis,
2416 3593 2564 3649 881
2620 3591 2672 3647 ei
2726 3594 2995 3649 custodia
3050 3594 3284 3649 detento
3334 3596 3793 3653 considerandas

2142 3681 2482 3737 obtulerunt
2529 3687 2831 3753 excerptas
2862 3682 2934 3738 ab
2968 3682 3117 3754 ipsis
3149 3700 3451 3739 sacrorum
3504 3683 3791 3742 librorum

2143 3769 2463 3825 sententias
2485 3786 2614 3842 qua
2646 3771 2986 3826 Latinorum
3020 3789 3211 3828 causas
3245 3774 3523 3830 faverent.
3556 3775 3667 3831 Eas
3696 3775 3795 3832 ille

2142 3859 2201 3915 in
2250 3874 2462 3914 manus
2512 3862 2781 3929 sumptas
2830 3864 3049 3915 attente
3097 3861 3404 3934 perlegens
3454 3864 3674 3919 sensim
3724 3866 3795 3921 ad

2144 3964 2348 4019 pacem
2381 3947 2799 4019 inclinabatur,
2835 3950 3067 4005 duabus
3121 3953 3194 4006 ad
3248 3952 3305 4006 id
3338 3953 3391 4007 ei
3422 3953 3801 4027 suffraganti-

2141 4039 2255 4094 bus
2289 4037 2549 4107 dotibus,
2581 4038 2835 4093 candore
2880 4040 3135 4109 quodam
3181 4040 3365 4096 animi
3398 4042 3513 4097 fuci
3548 4044 3800 4116 expertis

2143 4134 2200 4184 et
2231 4128 2434 4183 innato
2476 4143 2673 4183 amore
2704 4127 2986 4183 veritatis.
3020 4130 3277 4193 Quarum
3324 4146 3358 4184 a
3406 4130 3587 4201 priori
3634 4149 3796 4189 asse-

2143 4218 2316 4274 batur
2362 4223 2450 4286 ut,
2496 4233 2632 4272 cum
2680 4215 3032 4288 simpliciter
3074 4228 3145 4272 ac
3192 4218 3341 4273 citra
3388 4220 3795 4289 praejudicium

2142 4305 2611 4379 suspicionemve
2661 4306 2885 4363 fraudis
2931 4308 3002 4363 ad
3051 4307 3457 4379 cognoscenda
3486 4326 3611 4378 quas
3660 4328 3798 4382 pro—

2142 4397 2512 4469 ponebantur
2542 4396 2867 4466 accederet,
2902 4395 3070 4452 facile
3111 4398 3491 4452 induceretur
3520 4398 3801 4455 similitu-

2143 4486 2281 4542 dine
2325 4485 2482 4555 veri,
2534 4503 2749 4558 passus
2796 4486 2951 4543 idem
3004 4488 3160 4560 quod
3213 4486 3587 4542 mediocriter
3630 4487 3798 4543 dubi-

2142 4580 2337 4631 tantes
2384 4575 2596 4645 solent,
2629 4575 2729 4647 qui
2763 4575 2883 4645 levi
2916 4581 3211 4632 momento
3261 4577 3319 4631 in
3371 4581 3594 4647 partem
3626 4577 3802 4633 incli-

2148 4670 2365 4721 nantur
2403 4664 2670 4735 alteram,
2694 4669 2751 4720 et
2799 4665 2900 4721 ubi
2948 4666 3037 4721 vel
3094 4665 3405 4737 paululum
3450 4666 3799 4723 imminutae

2146 4753 2567 4825 conspicantur
2596 4754 2938 4826 ambigendi
2979 4755 3259 4822 rationes,
3288 4754 3507 4826 quibus
3538 4759 3708 4810 antea
3738 4756 3798 4812 in

2146 4860 2436 4915 suspenso
2484 4842 2859 4911 tenebantur,
2892 4843 3173 4899 continuo
3227 4859 3437 4899 causas
3486 4860 3549 4899 se
3595 4848 3800 4901 nactos

2144 4932 2389 4989 idoneas
2440 4932 2552 4988 rati
2606 4930 2998 4988 dubitationis
3048 4932 3428 5003 deponendae,
3478 4935 3678 4989 tenere
3737 4950 3801 4990 se

2146 5038 2268 5078 rem
2314 5022 2505 5094 ipsam
2554 5025 2612 5076 et
2658 5020 2884 5092 liquere
2923 5022 3050 5092 jam
3100 5019 3214 5076 sibi
3270 5021 3572 5092 negotium
3630 5022 3800 5094 prius

2145 5112 2463 5167 obscurum
2495 5109 2856 5167 existimant.
2891 5114 2963 5165 At
2994 5111 3175 5166 altero
3212 5108 3312 5165 illo
3344 5110 3571 5167 sincero
3603 5113 3799 5169 studio

2146 5200 2485 5272 proﬁtendae
2517 5200 2785 5254 veritatis
2812 5198 3147 5270 prohibitus
3168 5199 3464 5255 affirmare
3492 5201 3648 5272 quod
3680 5217 3799 5257 non

2144 5294 2289 5357 erat,
2325 5305 2458 5344 cum
2499 5288 2761 5343 nondum
2806 5303 3045 5343 omnem
3076 5287 3189 5344 sibi
3233 5289 3557 5345 abstersam
3590 5289 3798 5363 caligi-

2144 5394 2280 5433 nem
2314 5377 2581 5441 sentiret,
2613 5376 2772 5431 haud
2823 5393 2965 5433 sane
3014 5376 3295 5434 simulare
3342 5378 3631 5435 sustinuit
3681 5380 3797 5435 sibi

2144 5466 2317 5540 plane
2348 5482 2477 5522 esse
2510 5470 2880 5537 perspectum
2911 5466 2970 5521 id
3003 5467 3157 5537 quod
3191 5483 3473 5539 apparere
3504 5467 3613 5539 ipsi
3644 5468 3797 5525 dun-

2142 5561 2301 5613 taxat
2331 5560 2389 5611 et
2432 5554 2626 5626 prima
2668 5554 2924 5610 blandiri
2971 5557 3168 5628 specie
3217 5560 3475 5627 cmperat
3525 5571 3794 5613 :.-verum

2144 5644 2307 5701 nullo
2338 5644 2606 5699 tardatus
2646 5643 2802 5699 malo
2852 5644 3076 5715 pudore
3107 5646 3361 5716 ingenue
3408 5643 3704 5699 fatebatur
3734 5662 3799 5701 se

2142 5751 2263 5791 non
2303 5732 2494 5791 adhuc
2542 5731 2871 5790 clarissime
2917 5733 3115 5790 videre
3155 5733 3297 5804 quid
3347 5730 3583 5804 penitus
3625 5731 3687 5789 in
3736 5751 3799 5792 re
