4080 6384
419 403 525 461 835
1714 385 2012 445 GEORGII
2052 380 2516 436 mamma
3717 379 3813 438 336

416 526 585 604 ἔχειν.
647 529 743 597 Τῷ
773 524 836 579 αὗ
868 520 1163 595 φιλαλήθει
1196 517 1296 572 οὐκ
1323 514 1506 585 ἠδόξει
1540 512 1833 587 ὁμολογεῖν
1881 503 2067 604 μῇιεῖ-
2098 507 2150 573 Α
2172 496 2559 604 ’ρκόξωςθέχξιιη
2592 497 2667 558 ὡς
2697 498 2761 604 0‘6
2791 495 3054 604 καρυφξίη
3094 495 3469 604 πιστεύοντας,
3518 498 3810 604 καὶὶοθτως

416 580 731 685 ἐξίοιίμῆτέ
765 580 1172 685 μὴνιέντυχεῖῐν,
1209 606 1304 659 Καὶ
1422 580 1586 657 σίττίᾴ
1618 600 1682 655 τὸ
1727 580 1808 675 έφ²
1856 592 2060 664 Ἑλλη-
2172 587 2344 685 “EE-tv
2374 588 2609 685 ἐκείνους
2641 588 2778 685 πρὸς
2932 582 3532 685 εὐμενξσξερρνζ-ὥστε
3556 590 3644 643 καὶ
3697 610 3809 681 σχι-

412 666 967 778 νικάίςνσχολάὲοντι
1158 696 1323 759 θείαις
1366 666 1607 769 ’γραφαῖς
1661 666 1961 778 ἐγγενέσθαι
2012 684 2063 737 οἳ
2172 677 2437 778 ςομένοιῖς
2462 677 2526 778 ⁸ξό
2556 680 2775 774 πρῶτον
2810 674 3093 778 δέχεσθαιζ
3120 678 3203 747 [Ρ.
3247 677 3391 778 2:30],
3431 675 3655 778 Τούτοις
3704 685 3807 778 τοιῖς

416 762 1049 868 ἐμμελετῆσαι.νθέ).ειν
1090 762 1298 858 -μέντοι
1348 762 1435 837 κάξ
1493 762 1628 835 tm;
1686 762 1780 839 τὰς
1835 770 2060 851 βίϐλους
2172 766 2360 841 λόγοις
2394 768 2420 820 ὁ
2471 767 2737 840 ἱεράρχης
2786 763 3026 827 πεισθεὶς
3077 764 3315 839 ἐγχωρεῖ
3344 765 3397 818 οἳ
3430 762 3691 829 ἐκτιθέναι
3716 769 3803 838 τὴν

562 850 859 957 ἀναγνῶθαι
922 850 1341 949 ἐπιμελέστερον
1379 916 1393 944 ,
1455 869 1537 947 ἐφ’
1596 870 1641 941 ᾧ
1698 872 1776 937 τῷ
1829 867 2063 957 νῷὶτῶν
2166 855 2551 957 γνάέμην,νξαξ
2583 854 2846 957 ἐξξτίθξτο
2902 854 3001 957 τὴν
3056 853 3353 957 τξιχίστηξ
3401 853 3652 957 Πρὶνιδὲ
3679 877 3805 957 πξμθ

411 978 629 1051 γ’)χὶρῶν
674 940 989 1045 ’προσέξειη
1020 940 1130 1020 ’καὶ
1187 940 1360 1023 οὕτως
1512 958 1797 1013 πεισθέντα
1847 952 2061 1020 ἀνάγειν
2168 948 2385 1022 φθῆναι,
2431 940 2580 1014 ἔδοξε
2609 948 2718 998 τῶν
2754 943 3054 1019 ἀρχιερέων
3087 942 3510 1015 ἀποπειρᾶσθαι,
3544 946 3617 1009 ὡς
3660 947 3804 1015 μάθοι

448 1032 455 1051 Ι
1485 1047 1494 1051 -
1680 1045 1688 1051 .
1816 1042 1840 1051 ιι
2197 1033 2210 1051 ἱ
2269 1033 2283 1051 ς
2386 1032 2427 1051 '\
2560 1034 2573 1051 9
2657 1033 2667 1051 Ι
2940 1039 2974 1051 τε
3132 1031 3179 1051 ΑΙ
3464 1031 3475 1051 Ι
3631 1035 3643 1051 ο

414 1031 561 1138 iam;
616 1060 695 1115 ἐπ’
730 1031 987 1117 ’ἐκείναιςῖ
1032 1054 1094 1108 τὸ
1156 1050 1356 1127 θάρῥος
1411 1047 1499 1103 καὶ
1556 1045 1767 1121 παγίως
1816 1042 2058 1105 ἵστασθαι
2167 1033 2315 1095 εἰεῖς
2345 1032 2503 1095 τέλος
2549 1033 2858 1109 ἀντίσχοιεν
2938 1031 3325 1107 Συναχθέντων
3386 1031 3567 1088 τοίνυν
3626 1035 3804 1090 ὑπανε-

466 1126 482 1138 ι
1671 1134 1679 1138 .
1791 1133 1803 1138 -
1851 1133 1860 1138 .
1965 1129 1977 1138 .
2277 1124 2288 1138 .
2536 1124 2548 1138 κ
2628 1125 2641 1138 .
2782 1126 2790 1138 .
3015 1127 3041 1136 ..
3286 1122 3297 1138 ,
3538 1124 3551 1138 .
3682 1130 3706 1138 -

520 1153 547 1207 ’ὁ
604 1172 654 1203 τι
702 1147 791 1203 καὶ
849 1144 1054 1212 κλίνοι,
1112 1142 1145 1211 ἢ
1184 1143 1256 1214 μὴ
1290 1140 1573 1202 πεισθέντα
1628 1134 1723 1195 τάς
1754 1133 1928 1192 αἰτίας
1961 1129 2061 1203 ἐμ-
2164 1124 2461 1197 γινώσκετο
2496 1124 2652 1195 μὲνὴ
2691 1126 2886 1197 γνώμη
2946 1127 3045 1177 τοῦ
3102 1122 3473 1197 πατριάρχου,
3524 1124 3801 1192 ήρωτῶντο

406 1247 585 1317 φανεῖς
646 1242 905 1312 παριστᾷν
962 1233 1030 1289 δι’
1092 1233 1155 1292 ἃς
1214 1231 1289 1303 μή
1339 1228 1580 1283 πείθοιτο
1619 1268 1632 1281 .
1682 1224 1835 1276 Ταῦτ’
1882 1220 2053 1295 ἔλεγε,

402 1308 492 1386 καὶ
547 1333 573 1385 6
623 1326 877 1405 βασιλεὺς
931 1324 1225 1388 κατένευεν,
1282 1316 1554 1394 ἐξαγαγών
1585 1335 1642 1368 τε
1673 1320 1772 1382 τῆς
1806 1308 2055 1388 φυλακῆς

401 1422 495 1483 τάξ
531 1400 759 1497 βίϐλους
794 1416 868 1478 Si:
920 1414 1216 1487 ἀνάγνωσιν
1250 1413 1511 1481 παρεῖχεν
1563 1403 1649 1457 ἐπὶ
1680 1400 1913 1477 σγολῆς,
1961 1401 2056 1468 Τῷ

407 1488 588 1585 μέντοι
639 1529 703 1583 γε
732 1506 1050 1580 πατριάρχῃ
1090 1498 1256 1574 μέλον
1282 1498 1347 1566 ἦν
1384 1497 1466 1573 ἐφ’
1519 1492 1726 1565 ἑκάστῳ
1754 1494 1861 1545 τῶν
1919 1488 2054 1563 πρὸς

405 1577 632 1676 βασιλέα
654 1577 1022 1672 ἀποκρίσεων,
1070 1588 1335 1664 μειζόνως
1384 1583 1493 1655 ἤδη
1548 1582 1918 1654 ἐπιτιθέμενον
1964 1577 2053 1632 καί

398 1692 449 1763 γ’
482 1692 705 1764 ἠρεμεῖν
746 1686 820 1759 μή
862 1683 1051 1737 ἐῶντά.

401 1837 487 1898 ις’.
545 1835 730 1891 Ὅπως
804 1831 832 1882 δ
900 1825 1247 1898 πατριάρχης
1295 1838 1681 1898 Αγνωματευων
1756 1814 2049 1889 ἐγγράφως

647 1889 830 1974 ὤμνυε
865 1900 939 1971 μὴ
985 1889 1376 1968 καταδέχεσθαι
1416 1889 1513 1959 τὴν
1550 1889 1794 1965 εἷ’ρήνην.

464 2028 627 2085 Ταῦθ’
665 2026 805 2097 ὀρῶν
841 2024 868 2077 ὁ
905 2022 1145 2096 μοναχὸς
1196 2013 1322 2075 Ἰὼϐ
1355 2017 1614 2084 Ἰασίτης,
1667 2013 1757 2067 καὶ
1788 2010 1909 2084 περὶ
1945 2012 2039 2078 τὴν

390 2117 617 2194 γνώμην
680 2110 1005 2190 ὁρῇωὸήσας
1054 2112 1151 2164 τοῦ
1208 2104 1581 2194 πατριάρχου,
1642 2104 1719 2174 μὴ
1779 2101 2039 2194 καθυφείη

389 2189 489 2273 τῆς
547 2203 840 2263 ἐνστάσεως
893 2199 1158 2265 ἀπειπὼν,
1224 2193 1538 2269 μηχανᾶταί
1590 2214 1641 2246 τι
1674 2195 1919 2245 τοιοῦτον
1954 2189 2041 2244 ἐπὶ

389 2300 471 2366 τῷ
526 2296 625 2361 τὴν
660 2293 889 2366 γνώμην
922 2292 1017 2343 τοῦ
1057 2284 1402 2361 πατριάρχου
1453 2281 1716 2357 στηρίξαι.
1766 2279 2038 2334 Ὑποτίθε-

388 2405 473 2438 ται
533 2382 636 2457 γάρ
670 2380 900 2454 γνώμην
944 2377 1164 2452 γράφειν
1215 2374 1300 2427 καὶ
1354 2370 1585 2443 πέμπειν
1632 2375 1746 2431 τοῖς
1798 2367 2038 2439 ὁπουδή-

387 2456 857 2528 ποτενεύλαϐέσιν
931 2464 1182 2540 ἀνδράσιν
1242 2463 1317 2524 εἷς
1386 2460 1769 2537 πληροφορίαν
1826 2456 1984 2527 δῆθεν
2022 2500 2036 2526 ,

386 2561 741 2636 προστιθέντα
770 2556 860 2611 καὶ
891 2554 1051 2631 ὅρκον
1086 2553 1166 2631 ἐφ’
1193 2553 1237 2623 ᾧ
1274 2552 1347 2624 μὴ
1400 2548 1712 2621 κλονοῖντο,
1745 2544 1872 2602 ἀλλ’
1904 2548 2037 2622 ἀρα-

386 2784 561 2844 esset,
598 2775 960 2847 negabatque
1002 2772 1146 2829 satis
1177 2772 1503 2827 convictam
1537 2770 1646 2825 sibi
1682 2778 1931 2826 mentem
1964 2771 2036 2826 ad

386 2868 665 2924 ultimum
692 2864 1117 2936 expediendum
1150 2862 1220 2917 de
1250 2860 1649 2916 controversia
1680 2864 1845 2914 tanta
1866 2858 2036 2929 judi-

382 2958 563 3013 cium.
596 2956 667 3009 Et
696 2970 935 3008 causam
967 2953 1094 3022 ejus
1138 2949 1532 3005 cunctationis
1576 2964 1644 3002 ex
1692 2964 1759 3003 eo
1809 2953 2035 3019 repeto-

379 3047 503 3113 bat,
536 3044 689 3116 quod
739 3042 1020 3097 hactenus
1051 3038 1433 3095 sacularibus
1483 3037 1805 3109 plurimum
1840 3036 2035 3091 inten—

382 3139 480 3188 tus
516 3131 729 3187 litteris
772 3130 970 3185 minus
1019 3128 1120 3183 otii
1171 3127 1472 3198 studiique
1519 3124 1818 3181 tribuisset
1855 3140 2032 3179 sacra

383 3225 739 3293 scriptorum
791 3219 989 3273 divina
1038 3216 1421 3272 tractantium
1483 3213 1796 3269 eruditioni
1847 3214 2031 3268 medi-

381 3311 598 3366 tanda.
631 3310 821 3375 Quare
864 3322 1075 3377 cupere
1123 3320 1251 3359 sese
1301 3304 1581 3359 attentius
1625 3303 1738 3357 ista
1786 3318 2031 3373 cognos-

380 3416 533 3465 cere,
588 3399 890 3469 librosque
939 3397 1103 3466 ipsos
1152 3392 1448 3464 perlegere
1500 3391 1864 3463 diligentius,
1916 3409 2031 3463 quo

379 3489 510 3561 ipsa
543 3489 669 3559 jam
722 3486 959 3557 penitus
1007 3483 1369 3553 introspecta
1420 3480 1709 3536 sententia
1755 3482 2024 3537 oraculo-
2056 3522 2100 3589 C

629 3582 638 3589 .
781 3579 790 3589 .
1314 3569 1455 3589 κρυ.
1515 3570 1983 3589 ,μυξη-,ουκ

379 3594 513 3632 rum
545 3582 646 3632 aut
678 3579 835 3631 certo
879 3589 945 3627 eo
996 3572 1265 3626 stitueret
1313 3569 1456 3624 nihil
1510 3570 1867 3640 exceptionis
1898 3571 2024 3626 ido-

375 3682 497 3721 nea
537 3679 866 3735 superesse,
900 3677 1015 3732 quo
1056 3660 1253 3713 minus
1286 3658 1459 3730 plane
1508 3659 1826 3713 confideret
1872 3660 2021 3715 irre-

368 3752 619 3809 vocabili
654 3749 1125 3822 amplectendum
1162 3764 1405 3803 assensu
1439 3748 1508 3802 ad
1543 3748 1739 3819 ipsum
1772 3747 1829 3802 in
1864 3751 2019 3819 quod

367 3841 639 3896 inclinari
685 3842 809 3909 jam
860 3841 1131 3907 coeperat,
1163 3844 1265 3890 aut
1296 3838 1344 3891 si
1379 3853 1494 3891 non
1543 3838 2019 3907 persuaderetur,

373 3947 587 3986 causas
616 3928 932 4001 explicaret
979 3928 1052 3982 ob
1083 3943 1225 3996 quas
1266 3925 1529 3981 hareret.
1563 3926 1702 3980 Eam
1736 3926 1842 3980 viri
1892 3944 2017 3981 ora-

368 4020 583 4076 tionem
628 4019 894 4091 probavit
940 4017 1278 4088 imperator,
1312 4022 1369 4071 et
1416 4016 1464 4070 ei
1518 4017 1794 4071 continuo
1825 4033 1855 4070 ο
1886 4034 2016 4072 cus-

368 4110 529 4165 todia
578 4110 789 4164 educto
838 4108 1017 4163 libros
1051 4122 1150 4178 per
1182 4106 1366 4161 otium
1416 4107 1824 4175 expendendos
1875 4123 2017 4173 pra-

364 4201 514 4255 buit.
569 4198 909 4255 Patriarcba
946 4196 1179 4252 interim
1213 4196 1272 4250 in
1306 4196 1421 4251 acri
1473 4201 1599 4249 erat
1643 4196 2019 4251 meditatione

369 4289 615 4358 deﬁxus,
649 4287 981 4357 disquirens
1033 4286 1186 4357 apud
1220 4301 1348 4339 sese
1379 4283 1517 4355 quid
1570 4283 1893 4355 probabilis
1926 4302 2016 4338 re-

366 4379 567 4450 sponsi
620 4380 942 4449 opponeret
990 4373 1357 4446 argumentis
1407 4372 1804 4444 imperatoris.
1838 4390 2011 4444 quem

364 4484 470 4539 pro
503 4470 776 4536 suscepta
808 4464 1002 4536 palam
1034 4480 1214 4517 causa
1265 4478 1421 4516 nunc
1460 4462 1585 4531 jam
1637 4462 2016 4518 vehementer

360 4555 679 4611 instantem
706 4554 909 4625 utique
934 4568 1035 4607 nec
1067 4553 1124 4606 in
1150 4558 1449 4623 posterum
1484 4551 1638 4607 382
1672 4551 2011 4621 quieturum

361 4645 507 4699 satis
539 4642 877 4714 apparebat.

360 4753 445 4806 16.
484 4752 548 4807 Ut
576 4749 916 4820 patriarcha
947 4764 1045 4802 sua
1089 4747 1277 4816 palam
1308 4746 1515 4816 scripto
1545 4745 1701 4801 edita
1732 4748 2015 4802 sententia

546 4822 829 4894 juraverit
855 4837 914 4875 se
944 4822 1001 4872 in
1032 4836 1223 4890 pacem
1253 4834 1358 4874 non
1390 4834 1812 4874 consensurum.

426 4911 491 4966 In
546 4879 616 4967 ea
673 4879 1107 4967 conﬂictantem
1169 4906 1551 4963 meditatione
1613 4906 2011 4976 patriarcham
2044 4879 2090 4946 D

358 4998 741 5071 conspicatus
774 4998 1103 5054 monachus
1149 4996 1336 5053 Jobus
1386 4995 1583 5060 Iasita,
1622 4998 1679 5049 et
1722 5012 1837 5050 non
1885 4997 2012 5051 sine

358 5104 537 5143 causa
567 5089 790 5142 veritus
822 5093 887 5142 ut
917 5105 1023 5159 par
1054 5086 1125 5141 ad
1155 5090 1474 5141 extremam
1511 5085 1658 5140 foret
1685 5084 2011 5140 eluctanda

355 5176 786 5232 contrariarum
828 5179 1123 5232 rationum
1181 5178 1239 5230 et
1287 5173 1659 5229 molitionum
1693 5174 2010 5237 instantia.

357 5264 473 5320 tale
518 5264 825 5336 quidpiam
876 5263 1249 5320 machinatus
1302 5267 1391 5319 est
1438 5263 1508 5318 ad
1563 5263 1915 5318 firmandum
1948 5264 2008 5318 in

350 5353 664 5409 resistendi
699 5354 1028 5408 constantia
1079 5352 1422 5423 patriarcha
1464 5353 1752 5408 animum.
1787 5357 2009 5425 Sugge-

351 5443 429 5496 rit
474 5441 559 5496 illi
600 5439 916 5495 consilium
966 5441 1288 5495 scribenda
1345 5440 1764 5511 mittendaque
1814 5446 2007 5511 pasto-

355 5531 496 5585 ralis
526 5532 593 5587 ad
628 5530 935 5584 universos
984 5544 1136 5581 cura
1168 5544 1288 5583 sua
1320 5529 1588 5585 subditos
1637 5529 1837 5585 ﬁdeles
1885 5529 2007 5600 epi-

357 5618 543 5683 stola,
574 5634 691 5689 qua
719 5620 776 5673 et
809 5615 942 5671 illos
993 5615 1336 5671 admoneret
1383 5617 1523 5687 quid
1575 5618 1896 5674 tenendum
1946 5616 2005 5671 in

353 5705 445 5761 his
476 5711 650 5777 esset,
682 5712 739 5765 et
768 5722 881 5776 quo
911 5703 1212 5760 efficacius
1246 5705 1318 5761 iis
1345 5707 1725 5777 persuaderet
1750 5709 1808 5761 in
1842 5722 2008 5762 com-

2165 1210 2221 1266 δὲ
2253 1211 2305 1266 εἷ’
2328 1234 2388 1287 γε
2415 1213 2504 1266 καὶ
2538 1212 2693 1267 αὐτοὶ
2726 1210 2977 1285 ἐμμένειν
3028 1209 3207 1287 ἔχοιεν
3263 1213 3401 1266 κατὰ
3451 1212 3671 1282 ταύτην.
3716 1215 3800 1267 Καὶ

2163 1300 2494 1376 ὡμολόγουν
2554 1302 2767 1370 αὐτίκα,
2828 1301 2917 1355 καὶ
2974 1302 3072 1369 τὴν
3132 1301 3357 1375 γνώμην
3418 1298 3644 1364 ἕκαστος
3701 1300 3799 1374 ἰδίᾳ

2166 1391 2475 1467 ὑπογραφῇ,
2509 1390 2653 1459 πλὴν
2704 1394 2810 1444 τῶν
2860 1388 3289 1464 προνοεστέρων,
3342 1384 3594 1444 ἐϐεϐαίου
3622 1411 3677 1445 τε
3720 1393 3796 1445 καὶ

2159 1478 2619 1556 κατησφαλίζετο.
2669 1480 2757 1540 Ὠς
2803 1482 2932 1553 γοῦν
2982 1476 3233 1555 ἐπέμφθη
3293 1479 3388 1549 μὲν
3420 1480 3455 1547 ἡ
3487 1478 3702 1553 γνώμη,
3751 1477 3795 1533 ἐν

2161 1568 2419 1646 ἀφύκτοις
2450 1566 2496 1622 δ’
2526 1568 2593 1637 ἦν
2623 1569 2650 1622 6
2682 1568 3033 1642 πατριάρχης
3082 1571 3178 1621 τοῦ
3213 1565 3345 1639 μηδ’
3403 1567 3456 1621 εἷ’
3480 1587 3535 1622 τι
3581 1568 3668 1621 καὶ
3718 1566 3795 1642 γέ-

2157 1678 2307 1711 νοιτο
2345 1654 2711 1729 μεταϐάλλειν
2744 1661 2881 1729 (τοῖς
2911 1657 3013 1730 γάρ
3057 1656 3245 1729 ὅρκοις
3286 1654 3665 1730 συνείληπτο),
3704 1655 3794 1725 δῆ-

2160 1746 2255 1807 λος
2285 1748 2351 1815 ἧν
2380 1748 2470 1800 καὶ
2502 1746 2640 1818 πρὸς
2696 1744 2921 1819 βασιλέα
2952 1744 3123 1820 λέγων
3180 1746 3254 1808 ὡς
3286 1745 3348 1800 οὗ
3392 1747 3638 1815 ποιήσων
3686 1744 3796 1800 οὐδὲ

2080 1878 2125 1941 η
2155 1834 2637 1909 καταπραξάμενος
2692 1837 2789 1901 τὴν
2854 1834 3175 1909 ἐγχείρησιν
3212 1879 3223 1890 .
3274 1835 3331 1887 '0
3390 1835 3576 1907 μέντοι
3618 1855 3675 1908 γε
3717 1836 3796 1903 βα-

2212 1925 2231 1941 κ
2281 1925 2290 1941 ι
2399 1925 2411 1941 ς
2598 1924 2611 1941 ι
2750 1925 2773 1941 ν
2869 1923 2883 1941 ,
2988 1926 3044 1941 ,η
3201 1930 3224 1941 ..
3295 1923 3309 1940 ς
3394 1924 3403 1941 ν
3746 1922 3760 1941 1

2155 1925 2337 1985 σιλεὺς
2388 1924 2658 1999 ἀπογνοὺς
2717 1925 2831 1977 οἷον
2866 1923 3105 1978 ἐντεῦθεν
3157 1930 3260 1992 τῆς
3293 1923 3505 1979 ἐκείνου
3550 1922 3791 1979 κατανεύ-

2155 2034 2288 2074 σεως
2314 2012 2505 2087 (δεινοὶ
2533 2014 2634 2087 γάρ
2665 2014 2717 2068 οἱ
2764 2014 2919 2087 ὅρκοι
2962 2011 3220 2084 κωλύειν)
3272 2011 3325 2066 ἐν
3381 2010 3545 2085 δεινῷ
3603 2014 3693 2085 μὶν
3738 2012 3792 2067 τὸ

2153 2099 2364 2174 συμϐάν
2398 2106 2608 2177 ἡγεῖται
2645 2102 2750 2174 (ἐπ’
2794 2102 2913 2171 ἴσης
2946 2104 3049 2175 γὰρ
3100 2102 3168 2170 ἦν
3221 2101 3374 2173 αὐτῷ
3426 2101 3691 2177 βουλητὸν
3736 2102 3788 2155 τὸ

2148 2187 2419 2266 προϐῆναι
2466 2192 2566 2259 τήν
2617 2195 2809 2263 πρᾶξιν
2860 2190 2937 2252 εἷς
2986 2190 3144 2252 τέλος
3174 2196 3255 2263 τῷ
3301 2193 3443 2263 μετὰ
3469 2192 3565 2245 τοῦ
3610 2211 3787 2265 πατρι-

2150 2282 2327 2355 άρχου
2358 2275 2677 2353 προϐῆναι),
2734 2282 2886 2351 ὅμως
2921 2277 2966 2333 δ’
2998 2279 3395 2351 ἀποκρουσθεὶς
3428 2279 3629 2335 ἐκείνου
3672 2278 3784 2343 τοὺς

2150 2371 2426 2444 ἀρχιερεῖς
2478 2371 2828 2444 προσήρχετο
2887 2364 3323 2445 ἐμϐριθέστερον.
3389 2372 3476 2425 Ἐν
3526 2370 3698 2442 τούτῳ
3738 2366 3787 2423 δὶ

2146 2460 2234 2514 καὶ
2270 2460 2297 2512 6
2330 2460 2530 2520 Βὲκκος
2564 2457 2898 2533 ἐνσχολάσας
2946 2464 3064 2520 ταῖς
3120 2455 3365 2535 βίϐλοις,
3416 2459 3505 2514 καὶ
3564 2462 3782 2533 συνορῶν

2146 2545 2367 2618 πολλὴν
2403 2547 2639 2602 ἐντεῦθεν
2687 2545 2772 2603 ἐπὶ
2823 2546 2891 2624 τῇ
2924 2547 3113 2621 πράξει
3148 2548 3431 2625 βοήθειαν,
3492 2548 3566 2611 ὡς
3626 2544 3779 2624 μηδὲν

2148 2772 2443 2827 mendatis
2473 2771 2890 2841 constantiam,
2917 2773 3255 2843 juramento
3297 2773 3491 2846 palam
3539 2772 3776 2844 interpo-

2147 2860 2259 2916 sito
2307 2862 2626 2933 sponderet
2670 2879 2976 2933 nunquam
3009 2878 3071 2917 se
3102 2864 3476 2919 deﬂuxurum
3527 2880 3561 2919 a
3606 2862 3778 2933 rigore

2145 2950 2325 3005 semel
2362 2951 2488 3005 ﬁxa
2527 2952 2857 3020 sententia,
2891 2957 2993 3006 aut
3024 2967 3089 3007 eo
3137 2953 3587 3018 descensurum,
3610 2967 3776 3022 quan-

2146 3040 2362 3094 tumvis
2413 3056 2447 3093 a
2495 3040 2701 3111 quovis
2750 3040 3101 3111 traheretur,
3140 3049 3262 3096 uta
3293 3042 3515 3113 quibus
3554 3042 3681 3111 jure
3722 3054 3775 3093 se

2145 3144 2405 3199 suosque
2435 3129 2730 3183 abscissos
2775 3129 3059 3185 hactenus
3092 3136 3380 3201 putasset,
3410 3148 3510 3187 eos
3540 3130 3595 3185 in
3627 3143 3772 3183 com-

2143 3218 2483 3272 munionem
2524 3217 2831 3288 acciperet.
2868 3218 2969 3272 His
2998 3218 3128 3273 Jobi
3162 3220 3640 3292 suggestionibus
3684 3231 3771 3271 ac-

2141 3305 2451 3375 quiescens
2495 3306 2827 3376 patriarcha
2876 3307 2925 3363 ei
2978 3308 3277 3363 commisit
3326 3309 3439 3381 ipsi
3492 3306 3769 3379 negotium

2140 3395 2457 3449 formanda
2496 3395 2554 3449 in
2588 3412 2715 3450 eam
2767 3400 3116 3452 sententiam
3168 3398 3475 3453 circularis
3508 3393 3769 3469 epistola.

2138 3483 2262 3546 Qua
2306 3485 2503 3538 statim
2546 3486 2890 3555 composita,
2928 3485 3273 3557 priusquam
3310 3487 3670 3542 emitteretur
3693 3481 3770 3536 vi-

2139 3589 2267 3627 sum
2303 3573 2647 3642 patriarcha
2680 3578 2770 3629 est
2813 3574 3277 3644 experimentum
3311 3576 3656 3646 capiendum
3682 3573 3770 3639 ju-

2136 3661 2271 3715 dicii
2304 3663 2372 3717 de
2404 3662 2498 3717 his
2530 3663 2704 3717 rebus
2735 3662 3170 3734 episcoporum,
3194 3665 3417 3721 utinde
3441 3646 3773 3735 perspicerc‘

2134 3751 2340 3822 ecquid
2371 3751 2455 3805 sic
2487 3752 2725 3805 animati
2759 3758 3128 3823 apparerent,
3153 3757 3219 3806 ut
3241 3759 3396 3811 recte
3418 3752 3622 3810 conﬁdi
3654 3765 3771 3821 pos-

2137 3844 2223 3894 set
2254 3856 2353 3894 eos
2383 3856 2575 3910 usque
2606 3841 2676 3893 ad
2728 3841 2903 3895 finem
2959 3841 3362 3897 inﬂexibiliter
3388 3842 3445 3897 in
3482 3837 3767 3897 recusandi

2133 3928 2467 3983 constantia
2510 3945 2843 3984 mansuros.
2877 3930 3255 4000 Congregatis
3291 3947 3430 4002 ergo
3461 3930 3602 4000 ipsis
3633 3928 3768 3982 lecta

2133 4023 2225 4071 est
2256 4018 2603 4088 prescripta,
2629 4022 2695 4070 ut
2739 4019 2880 4083 dixi,
2907 4036 2939 4073 a
2958 4019 3107 4073 Jobo
3134 4020 3419 4075 monacho
3442 4015 3763 4091 patriarcha

2133 4106 2443 4160 sententia.
2473 4106 2719 4175 Moxque
2745 4107 3085 4178 interrogati
3108 4108 3329 4179 singuli
3360 4113 3499 4164 sunt
3523 4124 3593 4161 an
3626 4105 3763 4158 idem

2133 4200 2191 4249 et
2220 4196 2331 4266 ipsi
2379 4195 2691 4258 sentirent,
2715 4203 2772 4251 et
2812 4215 2953 4252 num
2999 4204 3157 4253 certo
3201 4199 3593 4254 decrevissent
3620 4197 3673 4250 in
3704 4208 3762 4247 eo

2133 4300 2528 4354 perseverare.
2555 4287 2774 4340 Omnes
2806 4287 3004 4341 statim
3032 4294 3437 4353 assenserunt,
3459 4294 3515 4342 et
3542 4288 3763 4342 cuncto-

2134 4390 2265 4427 rum
2292 4378 2503 4443 prater
2532 4374 2994 4443 providentiores
3028 4392 3246 4445 paucos
3268 4377 3520 4448 propriis
3549 4374 3761 4428 ﬁrmata

2132 4462 2669 4532 subscriptionihus
2691 4463 2938 4531 epistola
2967 4464 3150 4519 missa
3173 4478 3639 4537 quoquoversum
3660 4462 3759 4515 est.

2134 4552 2210 4605 Ea
2222 4551 2920 4623 vulgata,constrictoque
2935 4551 3267 4616 patriarcha
3285 4551 3583 4609 insolubili
3604 4562 3758 4610 nexu,

2130 4655 2202 4693 ne
2236 4640 2293 4693 in
2326 4639 2507 4693 ullam
2541 4640 2697 4695 circa
2726 4640 2848 4695 hac
2883 4640 3265 4697 mutationem
3298 4659 3427 4698 sese
3459 4644 3652 4713 posset
3680 4650 3757 4689 re-

2129 4729 2345 4796 laxare,
2374 4730 2591 4800 quippe
2623 4730 2717 4784 cui
2760 4735 2885 4799 jam
2919 4748 3037 4787 non
3069 4736 3226 4787 esset
3256 4732 3545 4803 integrum
3577 4745 3606 4783 a
3636 4740 3756 4781 sen-

2128 4820 2312 4873 tentia
2337 4824 2453 4873 tam
2476 4818 2709 4890 publica
2731 4820 3097 4892 professione
3114 4820 3410 4877 declarata
3431 4814 3755 4881 resilire,ju-

2123 4908 2446 4977 risjurandi
2473 4908 2699 4977 utique,
2719 4908 3001 4979 religione
3023 4909 3313 4976 devincto,
3338 4910 3390 4965 is
3414 4923 3551 4964 sane
3574 4920 3679 4978 pra
3699 4914 3753 4955 se

2125 5000 2239 5052 fere
2249 4999 2346 5051 bat
2362 5013 2425 5051 se
2442 5002 2651 5067 negatu
2661 5013 2724 5050 ru
2737 5014 2790 5050 m
2816 4997 3157 5067 imperatori
3176 4998 3328 5054 383
3345 4997 3496 5069 quod
3514 4992 3752 5066 petebat,

2124 5091 2180 5142 et
2209 5101 2515 5156 nunquam
2542 5101 2968 5141 consensurum
3001 5086 3060 5141 in
3094 5088 3463 5143 concordiam
3492 5078 3753 5139 Ecclesia-

2122 5191 2254 5229 rum
2288 5190 2415 5244 qua
2461 5174 2851 5228 tractabatur.
2876 5176 3066 5240 Quare
3116 5176 3424 5248 desperato
3457 5170 3752 5242 imperator

2122 5279 2368 5319 assensu
2405 5261 2745 5331 patriarcha
2781 5268 3018 5334 propter
3047 5264 3369 5333 juramenti
3400 5256 3746 5319 obstaculum

2122 5350 2524 5415 ineluctabile,
2558 5352 2850 5406 astuahat
2894 5351 3111 5419 animo,
3148 5353 3443 5409 difﬁcilem
3487 5348 3617 5403 inde
3645 5345 3749 5397 fore

2119 5439 2335 5511 negotii
2368 5441 2589 5493 exitum
2625 5440 2962 5509 providens.
2983 5441 3129 5496 Nam
3166 5447 3481 5511 utrumque
3506 5453 3571 5491 ex
3599 5443 3747 5500 aquo

2118 5530 2438 5599 imperator
2477 5528 2738 5598 optabat,
2770 5534 2826 5582 et
2873 5528 3009 5582 iniri
3058 5529 3429 5585 concordiam
3460 5531 3514 5581 et
3544 5524 3597 5578 in
3630 5532 3743 5574 eam

2117 5614 2449 5672 consentire
2499 5616 2919 5685 patriarcham.
2953 5618 3173 5675 Tamen
3207 5618 3341 5673 inde
3389 5613 3652 5685 repulsus
3678 5604 3741 5659 ad

2117 5704 2414 5777 urgendos
2471 5705 2778 5775 episcopos
2827 5706 3234 5764 vehementius
3282 5702 3561 5763 incubuit.
3604 5699 3741 5751 Inter
