4080 6410
348 362 458 419 837

1443 362 1541 416 ΠΒ
1578 359 1950 415 MICHAELE
1987 358 2414 419 PALEOLOGO
2449 365 2585 422 LIB.
2629 367 2696 421 ν.

3663 371 3769 429 838

345 484 514 571 πλὲον
554 482 957 559 τολμησάντων
1003 486 1115 539 τῶν
1164 482 1389 540 Ἰταλῶν
1441 479 1575 546 ἴσως
1621 483 1655 553 ἢ
1694 480 1756 535 τὸ
1806 480 1893 537 ἐπὶ
1923 484 2002 571 τῷ
2030 482 2087 549 Α
2117 481 2252 561 ἀμφ’
2282 482 2441 540 αὐτὸν
2476 484 2681 561 λογίων
2714 483 3035 561 λαμϐάνων.
3079 491 3237 557 Ὃθεν
3286 493 3374 547 καὶ
3418 498 3535 555 τοῖς
3586 495 3774 571 ἀρχιε-

346 570 629 650 Συμϐόλῳ
659 575 995 650 προσθεῖναι,
1025 573 1113 628 καὶ
1143 572 1241 640 τὴν
1292 576 1389 628 τοῦ
1440 574 1751 645 θαυμαστοῦ
1802 569 2007 639 Κορίλ-

344 664 448 721 λου
479 662 622 734 λὲξιν
662 668 926 738 παρῆγεν,
983 663 1134 733 ἡμᾶς
1190 681 1249 715 τε
1304 658 1590 722 κάκείνους
1637 660 1775 714 κατὰ
1818 660 1880 713 τὸ
1911 658 2004 734 ἐγ-

344 757 564 831 χωροῦν
612 747 1079 825 συμϐιϐάζουσαν,
1137 753 1237 820 τὴν
1282 774 1310 802 ‹‹
1343 751 1417 807 Τὸ
1461 750 1512 820 ἐξ
1565 749 1769 827 ἀμφοῖν
1802 750 2007 803 οῦσιω-

347 846 455 908 δῶς
515 846 785 919 ὑπάρχον,
834 843 1108 898 τουτέστιν
1160 841 1219 897 ἐκ
1266 842 1475 916 Πατρὸς
1525 838 1594 895 δι’
1642 842 1814 909 Τὶοῦ,
1853 863 1880 889 ν
1930 840 2007 901 ὡς

348 935 567 990 ἐκείνων
603 933 697 1006 μὲν
731 931 973 1007 ἐχόντων
1016 932 1115 1000 τὴν
1168 930 1246 999 ἐκ,
1295 933 1455 1001 ἡμῶν
1505 928 1561 984 δὲ
1608 931 1708 999 τὴν
1755 927 1864 998 διὰ,
1915 928 2004 982 καὶ

348 1024 550 1101 ἀμφοῖν
592 1022 799 1076 τούτων
852 1021 1056 1075 ἐκεῖνον
1117 1014 1492 1093 συμϐιϐαστήν
1544 1018 1807 1094 γίνεσθαι.
1860 1022 2007 1075 Ταῦ-

343 1133 409 1167 τα
438 1112 529 1167 καὶ
560 1110 747 1166 πολλά
774 1114 882 1165 τῶν
939 1106 1205 1164 τοιούτων
1257 1105 1410 1180 ἰδὼν,
1466 1107 1555 1162 καὶ
1610 1108 1746 1181 πρὸς
1790 1106 2004 1168 τούτοις

342 1201 435 1255 τὸν
470 1199 635 1276 μέγαν
680 1200 933 1272 Μάξιμον
983 1199 1156 1272 εὑρὼν
1216 1201 1613 1273 μαρτυροῦντα,
1668 1196 1719 1251 ἐν
1775 1200 1873 1267 μιᾷ
1897 1200 2003 1250 τῶν

344 1289 649 1345 ἐπιστολῶν
700 1288 838 1362 πρὸς
898 1289 1180 1365 Ῥουφῖνον
1260 1286 1396 1359 μετά
1464 1284 1651 1341 πολλά
1711 1285 1853 1340 οὕτω
1914 1284 2008 1340 λέ-

342 1399 530 1455 γοντα·
566 1402 595 1429 ‹‹
627 1379 715 1449 Ἐξ
762 1378 836 1431 ὧν
885 1376 984 1431 οὐκ
1031 1375 1203 1430 αἰτίαν
1256 1380 1391 1451 σφᾶς
1437 1376 1527 1430 τὸν
1582 1378 1859 1449 Μονογενῆ
1908 1379 2006 1430 τοῦ

343 1468 661 1541 ῐΙνεύματος
692 1463 974 1538 ἀπέδειξαν
1006 1463 1205 1540 λεγειν,
1264 1462 1409 1519 ’ἀλλ’
1457 1463 1551 1519 ’ἱνα
1606 1465 1669 1518 τὸ
1717 1462 1785 1518 δι’
1842 1464 2006 1518 αὐτοῦ

345 1567 597 1633 προϊεναι
624 1553 923 1626 δηλώσωσι
953 1555 1044 1609 καὶ
1088 1554 1255 1628 ταύτῃ
1299 1553 1363 1608 τὺ
1416 1554 1645 1628 συναφὲς
1692 1553 1783 1607 καὶ
1831 1554 2005 1627 ἀπαρ-

345 1646 623 1701 ἀλλακτον
680 1650 782 1713 τῆς
844 1644 1037 1707 οὐσίας
1091 1643 1531 1718 παραστήσωσιν.
1572 1665 1599 1693 ››
1653 1639 1908 1697 ἀδύνατον
1960 1640 2007 1696 δ’

344 1734 612 1791 εἶναικαὶ
664 1738 763 1788 τοῦ
830 1732 1072 1809 μεγάλου
1132 1730 1450 1787 Ἀθανασίου
1502 1732 1909 1803 κατήκουεν,ἐν
1935 1735 2004 1805 τῇ

2111 574 2255 645 ρεῦσι
2291 574 2372 646 [Ρ.
2415 576 2542 646 261]
2603 575 2851 645 πολὺςῆν
2920 576 3215 650 ἐμπίπτων
3267 580 3357 634 καὶ
3439 582 3781 657 καταναγκά-

2115 663 2219 726 ζων
2269 663 2369 730 τὴν
2420 665 2635 739 πρᾶξιν,
2695 663 3130 741 ἐγχρενιζόντων
3199 667 3289 722 καὶ
3374 666 3586 743 μᾶλλον
3662 676 3769 726 τῶν

2112 745 2387 822 πρέσϐεων
2400 796 2412 809 .

2115 912 2196 978 ιζ’.
2258 911 2389 986 Περὶ
2454 916 2560 965 τῶν
2620 913 3047 990 ἀποκρισιαρίων
3125 920 3222 970 τοῦ
3278 918 3598 1043 ⁷βασιλέως,
3678 923 3771 978 καὶ

2392 990 2493 1043 τῆς
2522 988 2620 1039 τοῦ
2662 986 3009 1043 πατριάογου
3041 988 3274 1043 ἀπογωο
3303 1011 3477 1043 .σεως.

2392 990 2493 1053 τῆς
2522 988 2620 1039 τοῦ
2662 986 3009 1061 πατριάρχου
3041 986 3477 1065 ἀποχωρήσεως.

2183 1108 2273 1169 Ὠς
2311 1112 2439 1183 γοῦν
2498 1109 2589 1163 καὶ
2650 1106 2729 1164 ἔτι
2788 1112 3093 1187 ἀνηρτηντο
3145 1114 3213 1168 τά
3270 1120 3368 1169 τοῦ
3425 1117 3773 1191 πράγματος,

2110 1195 2199 1251 καὶ
2232 1197 2298 1265 ἦν
2352 1196 2553 1273 ἀνάγκη
2614 1194 2866 1269 πρέσϐείς
2927 1204 3230 1275 πέμπεσθαι
3279 1203 3362 1278 ἐφ’
3393 1204 3437 1279 ᾧ
3468 1212 3593 1281 παρ’
3646 1206 3779 1261 ἑκεί-

2109 1305 2215 1339 νων
2248 1286 2310 1340 τὸ
2342 1286 2581 1364 ἀσφαλὲς
2633 1288 2901 1364 γενεσθαι,
2954 1292 3027 1353 ὡς
3075 1290 3315 1347 ἐντεῦθεν
3367 1295 3443 1367 μὴ
3503 1294 3778 1350 ὑποπτεύ-

2113 1394 2187 1429 ειν
2242 1376 2335 1429 τόν
2392 1375 2643 1431 κίνδυνον
2704 1378 3061 1454 ὑποταγέντας
3124 1386 3191 1455 τῇ
3260 1387 3369 1437 τῶν
3426 1385 3772 1455 Ἐκκλησιῶν

2111 1464 2389 1539 πρωτίστη
2444 1467 2532 1520 καὶ
2594 1463 2702 1535 ἤδη
2762 1469 3020 1541 γνησίους
3091 1469 3302 1539 ἐκείνης
3353 1473 3775 1545 νομιζομένους,

2111 1550 2426 1628 ἐξελέγοντο
2482 1554 2577 1627 μὲν
2628 1556 2678 1608 οἱ
2728 1551 3000 1631 πρέσϐεις,
3048 1558 3099 1612 οἱ
3155 1556 3202 1613 δ’
3253 1559 3389 1628 ἦσαν
3425 1562 3782 1638 ὁπροπατρι-

2112 1642 2381 1717 αρχεύσας
2439 1644 2713 1717 Γερμανὸς
2781 1646 2869 1699 καὶ
2933 1646 2959 1699 ὁ
3021 1645 3251 1710 Νικαίας
3329 1651 3629 1726 Θεοφάνης,
3686 1651 3779 1705 καὶ

2110 1734 2217 1785 τῶν
2259 1730 2643 1806 συγκλητικῶι
2698 1735 2725 1787 ὁ
2774 1735 2943 1808 μέγας
2997 1733 3301 1810 λογοθὲτης
3351 1739 3781 1811 Ἀκροπολίτης,

341 1832 444 1895 τῆς
474 1821 712 1900 Τριάδος
742 1824 886 1895 τάξει
929 1823 991 1877 τὸ
1047 1826 1264 1895 Πνεῦμα
1312 1822 1670 1896 γινώσκεσθαι
1725 1823 1801 1894 μή
1835 1842 2003 1895 προο-
2036 1821 2141 1911 Βὸ
2198 1823 2619 1895 προκαθήμενος
2676 1828 2774 1877 τοῦ
2841 1825 3153 1898 βεστιαρίου
3214 1828 3537 1897 Πανάρετος,
3596 1828 3686 1884 καὶ
3746 1831 3773 1884 ὁ

346 1912 513 1976 διχῶς
546 1912 574 1967 ὃ
614 1911 674 1967 ἐκ
702 1916 835 1968 Θεοῦ
886 1910 954 1966 δι’
1001 1912 1152 1982 Υἱοῦ,
1204 1909 1351 1965 ἀλλά
1395 1914 1725 1983 ποιητικῶς,
1778 1913 1851 1973 ὡς
1908 1910 2001 1967 λέ-

345 2024 524 2078 γουσι.
582 2001 815 2063 Τούτοις
869 2022 928 2056 τε
978 2001 1069 2056 καὶ
1123 2006 1240 2064 τοῖς
1292 1999 1570 2062 τοιούτοις
1619 2002 2007 2075 συγ-κροτηθεὶς

348 2095 464 2148 οἷον
498 2093 526 2147 ὁ
559 2091 759 2153 Βέκκος
802 2090 884 2168 ἐφ’
935 2090 981 2163 ᾧ
1036 2092 1134 2158 τὴν
1197 2088 1336 2145 ἰδίαν
1390 2092 1710 2166 θεραπεῦσαι
1756 2088 2005 2159 συνείδη-

347 2203 454 2252 σιν,
490 2178 811 2236 ὑπεκλίνετο
842 2181 978 2255 πρὸς
1024 2179 1272 2255 εἰρήνην.
1323 2179 1426 2235 Καὶ
1478 2180 1504 2233 ὁ
1558 2177 1812 2254 βασιλεὺς
1861 2178 2009 2233 πολ-

345 2268 454 2341 λὴν
481 2270 720 2333 ἐντεῦθεν
770 2264 1045 2343 ἐλάμϐανε
1090 2270 1190 2337 τὴν
1244 2267 1445 2345 ῥοπὴν,
1502 2266 1751 2341 πολέμου
1793 2266 1851 2322 δὲ
1878 2268 2005 2322 τοὺς

351 2358 659 2438 ἐφεστῶτας
716 2360 807 2413 καὶ
866 2356 1070 2431 αἵματα
1140 2357 1559 2433 ἐκχυθησόμενα
1612 2353 2009 2430 προϐαλλόμε-

351 2471 463 2522 νος,
495 2448 652 2522 ὅμως
680 2445 738 2504 δὲ
778 2446 829 2503 ἐν
882 2447 1117 2527 ἀσφαλεῖ
1167 2448 1342 2520 μὲνειν
1393 2445 1667 2521 πράξαντα
1712 2448 1859 2522 παρά
1899 2450 2005 2501 τῶν

345 2667 469 2724 hac
482 2667 705 2723 Veccus
721 2666 887 2723 lectis
910 2665 1237 2730 libris,cum
1261 2666 1320 2721 in
1347 2665 1415 2721 iis
1434 2666 1799 2722 observasset
1817 2664 2006 2720 multa

348 2773 475 2829 quas
508 2756 953 2812 conventionem
988 2755 1372 2811 Ecclesiarum
1406 2756 1593 2811 multo
1618 2771 1795 2827 quam
1830 2757 2004 2827 puta-

348 2851 440 2901 rat
492 2845 911 2917 expeditiorem
972 2845 1371 2913 ostenderent,
1414 2845 1631 2916 quippe
1680 2861 1813 2898 cum
1866 2843 2004 2898 inde

355 2937 649 2990 constaret
684 2950 981 2990 summam
1027 2935 1268 2988 demum
1305 2934 1518 3006 peccati
1570 2933 1907 2988 Latinorum
1944 2932 2000 2987 in

358 3023 755 3079 additamento
788 3023 945 3079 verbi
973 3023 1149 3079 unius
1181 3023 1251 3078 ad
1291 3022 1636 3095 Symbolum
1661 3026 2002 3089 consistere,

355 3116 413 3168 et
451 3112 605 3183 quod
655 3113 871 3184 dogma
920 3112 1119 3183 ipsum
1170 3112 1479 3179 attinebat,
1513 3116 1769 3166 exstaret
1818 3111 2003 3166 sancti

352 3201 550 3273 Cyrilli
574 3201 1170 3272 testimonium,quod
1198 3218 1304 3257 nos
1327 3204 1383 3257 et
1403 3200 1535 3256 illos
1556 3201 1617 3256 in
1641 3200 1749 3257 hoc
1769 3201 2003 3271 quidem

352 3290 546 3362 capite
577 3289 947 3355 conciliabat,
982 3289 1128 3345 illud
1171 3290 1454 3345 nimirum
1487 3306 1602 3362 quo
1635 3296 1875 3345 sanctus
1908 3289 2007 3345 ille

353 3379 557 3435 doctor
578 3378 658 3434 ait
676 3378 959 3450 Spiritum
984 3381 1254 3434 sanctum
1280 3377 1750 3434 sulistantialiter
1768 3396 1837 3434 ex
1857 3380 2005 3435 duo-

356 3468 471 3523 bus
500 3466 804 3537 exsistere,
835 3466 946 3523 hoc
976 3471 1065 3523 est
1092 3483 1161 3523 ex
1205 3467 1371 3523 Patre
1404 3484 1506 3539 per
1538 3467 1757 3523 Flium:
1793 3472 1859 3523 ut
1878 3469 2005 3539 jam

348 3560 477 3614 tota
506 3556 905 3613 controversia
929 3556 989 3611 in
1012 3555 1595 3629 praepositiunculam
1619 3557 2006 3629 redigeretur,

358 3661 572 3719 nempe
617 3647 903 3702 ambobus
949 3662 1113 3718 mque
1169 3646 1629 3718 agnoscentibus
1684 3647 1810 3701 Filii
1870 3663 2005 3701 cum

349 3736 522 3792 Patre
551 3736 610 3791 in
643 3735 964 3807 spiratione
995 3736 1381 3803 consortium,
1415 3752 1549 3790 cum
1593 3736 1700 3791 hoc
1732 3735 1856 3790 solo
1887 3736 2005 3790 dis-

351 3825 599 3884 crimine
631 3826 787 3898 quod
824 3825 1008 3881 Laiini
1040 3843 1108 3881 ex
1131 3824 1487 3895 Filio,Grasci
1517 3841 1619 3897 per
1644 3824 1851 3879 Filium
1880 3841 2007 3896 pro-

350 3915 558 3971 cedere
579 3914 863 3987 Spiritum
888 3915 1178 3982 dicerent;
1205 3931 1332 3986 quis
1351 3931 1529 3986 parva
1551 3918 1675 3969 erat
1699 3918 1756 3968 et
1785 3912 2008 3968 nullius

351 4003 634 4060 momenti
668 4003 1020 4068 differentia,
1054 4003 1201 4059 nihil
1244 4002 1564 4074 prohibens
1595 4002 1916 4075 quominus
1948 4002 2007 4057 in

350 4110 590 4149 summa
620 4092 915 4165 dogmatis
958 4093 1291 4148 consentire
1342 4092 1614 4148 Ecclesiae
1647 4092 2006 4147 viderentur.

356 4183 480 4249 llis,
496 4183 765 4255 inquam,
781 4186 840 4237 et
862 4181 2010 4253 multisejusmodiconsideratisVeccus

352 4272 600 4344 insuper
627 4271 851 4327 invenit
899 4271 1057 4327 aliud
1093 4273 1163 4328 ad
1196 4288 1323 4328 eam
1378 4287 1500 4326 rem
1555 4270 1813 4343 palmare
1843 4270 2011 4326 testi-

354 4361 621 4417 monium
654 4361 842 4418 sancti
870 4360 1111 4416 Maximi
1137 4361 1192 4416 in
1219 4360 1467 4433 epistola
1490 4361 1561 4416 ad
1588 4360 1890 4425 Ruﬁnum,
1910 4360 2012 4415 ubi

352 4454 486 4521 post
516 4448 701 4505 multa
733 4450 817 4506 sic
849 4449 1055 4506 scribit
1079 4466 1130 4504 τι
1155 4450 1236 4505 Ex
1257 4450 1476 4523 quibus
1506 4466 1620 4505 non
1654 4450 2010 4522 principium

352 4556 417 4595 se
450 4538 831 4611 Unigenitum
863 4538 1116 4610 Spiritus
1157 4539 1540 4593 ostenderunt
1570 4537 1781 4604 dicere,
1817 4538 1914 4594 sed
1951 4542 2016 4592 ut

352 4644 459 4699 per
486 4628 680 4699 ipsum
717 4629 1029 4700 procedere
1060 4626 1483 4699 significarent,
1508 4632 1566 4683 et
1595 4643 1626 4682 e
1656 4628 1885 4683 ratione
1916 4644 2016 4683 co-

353 4717 674 4774 haesionem
708 4716 1123 4790 inseparabilis
1156 4716 1503 4772 substantia
1523 4717 1966 4772 constituerent.
1986 4741 2008 4769 ι

2117 1911 2282 1985 μὲγας
2315 1908 2710 1985 διερμηνευτής
2745 1911 3149 1988 Βεῤῥοπιώτης.
3180 1912 3248 1971 Ο”ί
3292 1913 3357 1985 δὴ
3390 1915 3480 1971 καὶ
3513 1916 3622 1971 ἀνά
3656 1918 3779 1991 μίαν

2111 2001 2337 2074 τριήρη,
2386 2000 2625 2060 ἐντεῦθεν
2685 2002 2773 2054 Λέν
2828 2003 2879 2055 οἱ
2923 2009 3023 2071 τῆς
3078 2001 3429 2073 Ἑκκλησίας,
3484 2005 3685 2061 ἐκεῖθεν
3719 2006 3777 2063 δὲ

2114 2088 2261 2157 πλὴν
2306 2092 2403 2142 τοῦ
2463 2088 2703 2163 μεγάλου
2764 2088 3060 2165 λογοΟέτου
3111 2094 3162 2146 οἱ
3224 2093 3283 2147 ἐκ
3320 2099 3419 2148 τοῦ
3482 2096 3774 2170 βασιλέως,

2116 2172 2374 2240 λαϐόντες
2404 2177 2693 2251 ἀνήγοντο,
2737 2179 3119 2256 ἐπιφερόμενοι
3178 2182 3267 2235 καὶ
3317 2182 3505 2239 πολλὰ
3558 2191 3667 2240 τῶν
3700 2189 3777 2243 ἱε-

2118 2271 2226 2342 ρῶν
2284 2263 2475 2341 δώρων
2515 2313 2529 2337 ,
2589 2264 2790 2329 στολάς
2852 2267 2997 2342 λέγω
3054 2269 3145 2323 καὶ
3205 2271 3521 2346 κατάχρυσα
3574 2276 3776 2330 εἰκονί-

2119 2376 2299 2429 σματα
2354 2356 2444 2411 καὶ
2508 2356 2731 2421 σύνθετα
2788 2355 3072 2431 πολύτιμα
3132 2364 3472 2434 θυμιάματα,
3525 2366 3663 2440 πρὸς
3722 2365 3781 2421 δὲ

2117 2446 2209 2499 καὶ
2286 2446 2385 2514 τὴν
2454 2452 2554 2514 τῆς
2614 2444 2910 2515 ἐκκλησίας
2977 2445 3203 2519 ἐνδυτήν
3272 2448 3330 2504 ἐκ
3391 2453 3779 2527 χρυσοπάστου

2115 2662 2196 2733 di,
2241 2663 2464 2718 addens
2516 2662 2739 2719 nullam
2791 2681 2919 2721 esse
2960 2682 3201 2723 causam
3245 2670 3365 2724 tam
3424 2672 3772 2729 necessaria:

2114 2754 2531 2826 praecautionis
2560 2754 2919 2824 omittendae,
2940 2772 3070 2811 cum
3098 2757 3251 2827 quod
3277 2759 3346 2813 ad
3376 2764 3777 2830 praevertenda

2114 2847 2280 2898 tanta
2309 2843 2464 2898 mala
2496 2844 2820 2911 petebatur,
2846 2861 3114 2899 securum
3147 2846 3567 2919 innoxiumque
3598 2851 3773 2922 quid-

2114 2931 2251 2986 dam
2284 2935 2440 2986 esset
2461 2931 2688 3001 judicio
2713 2934 3121 3004 praestantium
3157 2934 3587 3007 theologorum,
3612 2945 3670 2994 et
3700 2942 3772 2995 ab

2115 3020 2276 3077 omni
2307 3022 2522 3078 erroris
2566 3026 2666 3076 aut
2714 3021 2897 3094 culpae
2930 3023 3187 3094 periculo
3234 3030 3548 3082 remotum.
3583 3029 3773 3092 Quare

2116 3109 2341 3165 multus
2373 3115 2497 3166 erat
2526 3112 2585 3166 in
2618 3111 2893 3167 instando
2921 3113 3233 3185 episc0pis,
3266 3114 3457 3186 iisque
3488 3118 3647 3171 omni
3681 3136 3773 3174 co-

2120 3204 2255 3255 natu
2289 3201 2675 3273 perurgendis
2722 3203 2789 3256 ad
2833 3202 3133 3274 negotium
3184 3205 3638 3273 conﬁciendum,
3671 3225 3768 3263 cx-

2118 3290 2526 3362 spectantibus
2549 3291 2619 3345 ad
2652 3290 2846 3361 ipsum
2881 3293 2981 3363 qui
3005 3294 3250 3347 aderant
3273 3310 3306 3348 a
3334 3294 3597 3351 Romano
3624 3314 3769 3368 pon-

2116 3380 2271 3435 tiﬁce
2313 3380 2542 3451 legatis,
2576 3383 2633 3435 et
2680 3381 2932 3435 reditum
2964 3381 3361 3438 differentium
3395 3400 3498 3455 spe
3528 3386 3767 3442 tandem

2038 3432 2081 3500 α
2118 3432 2439 3525 iratist“
2456 3432 2942 3539 quod'p—eteba—n—ti.

2189 3559 2275 3613 17.
2308 3559 2381 3613 De
2413 3558 2606 3628 legatis
2635 3557 2984 3629 imperatoris
3013 3562 3063 3613 et
3094 3575 3307 3614 secessu
3334 3560 3694 3631 patriarchas.

2188 3647 2291 3702 Hic
2322 3651 2445 3702 erat
2476 3655 2613 3702 tunc
2641 3651 2834 3703 status
2869 3649 3086 3719 negotii
3119 3650 3447 3720 pendentis.
3482 3651 3604 3715 Quo
3635 3652 3772 3707 arti-

2115 3736 2246 3790 culo
2279 3752 2469 3791 rerum
2495 3738 2615 3806 jam
2652 3742 2950 3792 maturum
2983 3742 3158 3809 atque
3192 3739 3335 3794 adeo
3369 3741 3769 3797 necessarium

2113 3825 2302 3879 visum
2337 3829 2427 3879 est
2474 3824 2698 3896 legatos
2727 3828 2795 3881 ad
2832 3831 3046 3898 Papam
3083 3833 3319 3884 mutuos
3369 3830 3622 3899 mittere,
3658 3846 3773 3902 quo

2114 3913 2388 3969 videlicet
2410 3918 2573 3969 tanto
2596 3914 2863 3970 securius
2887 3917 3201 3971 formidata
3236 3918 3576 3974 Latinorum
3603 3937 3775 3991 expe-

2117 4002 2261 4058 ditio
2312 4003 2790 4074 suspenderetur,
2817 4008 3097 4074 praetextu
3132 4006 3258 4074 jam
3304 4007 3540 4079 dempto
3571 4008 3774 4063 Carolo

2117 4092 2347 4148 Grmcos
2369 4092 2746 4163 oppugnandi
2785 4097 2848 4146 ut
2878 4092 3309 4164 sehismaticos,
3335 4111 3587 4166 quorum
3621 4103 3779 4152 esset

2119 4182 2174 4236 in
2218 4180 2384 4236 Italia
2434 4180 2644 4252 legatio
2695 4180 3019 4236 Romanam
3080 4181 3397 4238 Ecclesiam
3447 4185 3775 4258 principem

2120 4270 2499 4327 ecclesiarum
2532 4269 2999 4342 agnoscentium,
3024 4275 3081 4327 et
3110 4272 3463 4343 obsequium
3498 4276 3777 4345 proﬁten-

2118 4361 2290 4429 tium,
2323 4377 2387 4414 ac
2428 4364 2495 4415 ut
2552 4376 2719 4415 suam
2773 4362 2881 4415 rite
2912 4363 3321 4416 venerantium
3371 4363 3670 4419 dominam
3718 4368 3779 4419 et

2122 4454 2392 4506 matrem.
2428 4447 2607 4504 Electi
2639 4465 2776 4520 ergo
2810 4449 2866 4504 in
2908 4449 3129 4522 legatos
3158 4450 3219 4505 hi
3252 4455 3411 4515 sunt,
3446 4451 3776 4508 Germanus

2123 4538 2218 4609 qui
2243 4538 2573 4608 patriarcha
2597 4538 2805 4607 fuerat,
2831 4542 2886 4593 et
2908 4539 3218 4611 episcopus
3238 4539 3441 4595 Nicaeae
3464 4540 3777 4613 TheOpha-

2123 4644 2249 4693 nes,
2268 4631 2544 4698 praeterea
2566 4642 2633 4681 ex
2655 4628 2965 4682 senatoriis
2993 4644 3245 4700 magnus
3278 4627 3573 4700 logotheta
3607 4635 3779 4686 Acro-

2124 4715 2325 4788 polita,
2359 4732 2573 4787 praeses
2594 4715 2849 4771 vestiarii
2874 4722 3219 4782 Panaretus,
3242 4722 3298 4773 et
3319 4734 3571 4790 magnus
3602 4718 3779 4775 inter-

353 4807 657 4865 Suadebat
688 4788 856 4863 idemi
874 4805 1194 4861 auctoritas
1229 4805 1427 4878 magni
1459 4805 1766 4861 Athanasii
1796 4806 2015 4862 diserte
2046 4788 2090 4851 Ῑ)
2124 4821 2256 4877 pres
2288 4804 2645 4859 Berrbmota.
2669 4804 2773 4859 His
2802 4805 3074 4860 triremes
3124 4807 3196 4860 ab
3246 4788 3603 4877 imperatore
3633 4808 3779 4863 data)

348 4894 709 4954 afﬁrmantis
740 4894 863 4952 ﬁeri
910 4912 1025 4950 non
1070 4910 1241 4966 posse
1270 4899 1337 4950 ut
1367 4895 1424 4950 in
1461 4894 1761 4950 Trinitatis
1810 4895 2014 4951 ordine

347 4984 612 5057 Spiritus
644 4989 1080 5057 agnosceretur,
1106 4984 1261 5039 884
1284 4984 1430 5056 quin
1453 5000 1520 5039 ex
1541 4982 1658 5039 Deo
1682 5000 1784 5055 per
1801 4984 2014 5039 Filium

351 5090 475 5132 non
517 5074 911 5145 progressive,
934 5073 1035 5129 sed
1068 5074 1410 5140 efﬁcienter,
1433 5079 1497 5130 ut
1534 5073 1881 5145 loquuntur,
1915 5089 2018 5128 ex-

351 5164 614 5221 sisteret.
641 5163 740 5219 llis
798 5163 1035 5219 tandem
1086 5167 1145 5218 et
1196 5162 1405 5218 horum
1440 5160 1738 5218 similibus
1796 5165 2017 5218 attente

352 5250 668 5325 perpensis
700 5252 917 5308 Vaccus
965 5250 1126 5307 omni
1169 5251 1297 5323 jam
1347 5255 1614 5323 exempto
1646 5250 2016 5306 conscientiae

352 5339 659 5413 scrupulo,
689 5344 850 5397 totus
899 5342 969 5396 ad
1021 5356 1222 5411 pacem
1279 5340 1699 5413 propendebat.
1735 5341 1870 5404 Quae
1922 5356 2016 5395 res

351 5446 571 5501 magno
620 5430 1003 5486 incitamento
1054 5430 1395 5502 imperatori
1442 5429 1551 5484 fuit
1592 5431 1660 5484 ad
1713 5429 2015 5502 inceptum

352 5520 713 5590 urgendum.
748 5521 895 5593 Ergo
936 5536 1002 5575 eo
1040 5520 1164 5591 jam
1198 5520 1477 5575 ﬁdentius
1508 5518 1638 5575 illas
1670 5518 1782 5574 sibi
1814 5518 2016 5575 solitas

354 5609 706 5665 tormidines
765 5609 1079 5681 allegabat,
1130 5608 1415 5665 bellorum
1452 5608 1741 5676 videlicet,
1765 5607 1825 5663 ni
1876 5624 2015 5663 con-

354 5698 556 5754 cordia
587 5698 857 5767 iniretur,
881 5698 1351 5770 impendentium
1385 5696 1731 5770 cruorisque
1764 5697 2014 5753 funden-

2125 4898 2267 4949 sunt
2297 4895 2424 4948 duae
2453 4911 2464 4947 :
2492 4910 2668 4948 unam
2707 4893 2803 4964 qui
2839 4910 2908 4948 ex
2952 4894 3211 4949 Ecclesia
3240 4900 3407 4950 erant
3432 4895 3611 4951 simul
3642 4914 3779 4953 con-

2124 4983 2500 5047 scenderunt,
2527 4982 2711 5037 altera
2742 4981 2889 5054 regii
2911 4982 3276 5037 vehebantur
3295 4988 3533 5055 excepto
3561 5001 3777 5058 magno

2122 5072 2442 5144 logotheta.
2469 5070 2815 5126 Extulerunt
2845 5075 3041 5126 autem
3094 5087 3292 5127 secum
3339 5072 3526 5128 multa
3557 5078 3613 5129 et
3643 5091 3779 5147 pre-

2125 5163 2275 5217 tiosa
2296 5160 2445 5217 385
2474 5159 2856 5232 supellectilis
2878 5176 3057 5215 sacra:
3086 5160 3259 5230 dona,
3283 5162 3483 5233 stolas,
3509 5164 3778 5235 inquam,

2125 5254 2181 5305 et
2199 5266 2407 5305 aureas
2423 5249 2667 5321 efﬁgies,
2683 5253 2809 5304 tum
2833 5251 3163 5321 composita
3182 5266 3251 5305 ex
3271 5251 3449 5306 variis
3471 5254 3780 5323 speciebus

2126 5342 2454 5395 aromatum
2488 5338 2746 5409 ingentis
2795 5338 2965 5409 pretii
3016 5338 3424 5411 thymiamata.
3455 5342 3536 5396 Ad
3574 5342 3695 5397 haec
3725 5346 3784 5397 et

2126 5427 2366 5497 majoris
2399 5426 2657 5481 ecclesiae
2681 5428 2928 5498 endyten
2953 5429 3071 5483 sive
3101 5433 3349 5499 tapetem
3379 5430 3602 5497 altaris,
3628 5432 3779 5485 rosei

2126 5516 2361 5581 coloris,
2384 5532 2524 5570 auro
2556 5514 2823 5582 illusum,
2854 5516 3174 5573 unionibus
3198 5516 3451 5574 insertis.
3483 5518 3649 5573 Hunc
3676 5518 3783 5573 im~

2124 5606 2619 5680 perator,quando
2642 5609 2731 5660 est
2750 5606 3123 5662 anathemate
3148 5606 3605 5673 solutus,divino
3630 5611 3780 5663 tem-

2125 5694 2220 5768 plo
2262 5698 2615 5765 sacraverat,
2646 5694 2868 5752 donum
2914 5711 3112 5751 revera
3158 5695 3260 5750 tali
3311 5711 3559 5764 persona
3590 5698 3646 5752 et
3675 5696 3781 5751 tali
