4080 6388
448 415 557 472 839

1753 406 2052 464 οεοιιαιι
2088 407 2551 463 ΡΔΟΗῩΜΕΒΒ

3745 413 3840 470 810

450 541 624 612 ὀξείας
681 535 772 594 διὰ
822 538 1143 615 μαργάρων,
1193 534 1257 605 ἣν
1321 534 1348 589 ὁ
1410 530 1666 609 βασιλεὺς
1719 531 2091 607 προσενεγκὼν
2124 530 2365 606 Ατέρας
2424 528 2796 604 ἐπινεμησεως
2849 536 2968 603 τοῦ,
3023 534 3207 608 οςψπβ¹
3262 532 3438 605 ἔτους,
3496 535 3733 612 κατέχων
3760 541 3837 593 καὶ

444 636 525 703 τῷ
557 630 682 703 θείῳ
709 629 923 702 τεμένει
958 625 1132 701 δῶρον
1188 621 1358 685 ὄντως
1409 621 1647 695 ἐπάξιον,
1700 620 2101 696 συγχωρούμε-

445 742 557 790 νος,
590 718 705 774 ἐπεὶ
738 717 837 773 οὐκ
891 714 1109 792 ἔφθασεν
1166 712 1347 789 έτέραν
1407 713 1823 784 εὐτρεπισθῆναι
1880 714 1961 782 τῷ
2007 731 2100 783 με·

445 809 602 886 γάλῳ
632 810 739 864 τῶν
774 804 1095 883 Κορυφαίων
1130 807 1262 875 ναῷ,
1311 798 1658 886 ἀνταλλαγήν
1715 804 1812 855 τοῦ
1870 800 2099 874 γινομέ-

444 920 539 955 νου
572 898 708 973 πρὸς
738 898 799 952 τὸ
859 894 915 950 ὃν
973 897 1087 949 οἷον
1137 890 1492 965 ποιούμενος,
1553 885 1740 944 λαϐὼν
1800 887 2101 944 ἀπέστελλε

442 990 531 1044 καὶ
560 988 747 1056 αὐτὴν.
782 986 848 1043 Οἱ
885 985 977 1057 μὶν
1012 981 1102 1038 οὖν
1138 984 1311 1045 οὕτως
1369 981 1694 1056 ἀναχθέντες
1745 978 2034 1035 ἀπέπλεον’
2071 980 2098 1033 ὁ

443 1078 499 1133 δὲ
532 1075 789 1153 βασιλεὺς
821 1074 936 1129 ἐπεὶ
970 1071 1068 1128 οὒκ
1099 1073 1216 1147 εἶχε
1250 1071 1375 1147 ῥᾷον
1407 1070 1747 1145 ἀποσχέσθαι
1777 1074 1873 1124 τοῦ
1903 1090 2099 1145 πατρι-

439 1168 615 1241 ἀρχου
650 1163 948 1239 (αντείχετο
981 1164 1085 1237 γὰρ
1120 1162 1195 1225 ὡς
1226 1158 1397 1223 λεπάς
1430 1158 1628 1235 πέτρας
1678 1158 1884 1213 ἐκείνου
1925 1155 2013 1212 διά
2040 1178 2100 1213 τε

433 1256 532 1325 τήν
557 1256 647 1310 ἀπ’
681 1254 886 1309 ἐκείνου
919 1252 1270 1327 συγχώρησιν
1289 1250 1377 1303 καὶ
1408 1264 1505 1319 την
1541 1250 1677 1325 πρὸς
1710 1247 1913 1303 ἐκεῖνον
1947 1246 2097 1317 πλην

437 1343 723 1422 ροφορίαν.
773 1342 848 1404 ὡς
884 1342 971 1397 ὑπ’
1002 1340 1152 1412 αὐτῷ
1183 1339 1619 1412 σωθησόμενος),
1672 1339 1940 1409 συνθήκας
1971 1358 2098 1392 ποι-

436 1441 573 1491 εἷται
610 1432 865 1507 μετάτοῦ
898 1431 1243 1506 πανριάρχου
1278 1431 1364 1500 [Ρ.
1393 1431 1521 1501 262]
1563 1429 1638 1501 (οἱ
1667 1428 1767 1503 γὰρ
1820 1427 2095 1501 ἀρχιερεῖς

431 1524 522 1580 καὶ
585 1522 742 1598 μόγις
794 1518 1299 1592 καθυπεκλίθησαν)
1368 1515 1542 1579 οὕτως
1595 1516 1825 1592 ἐχούσας
1858 1560 1873 1587 ,
1933 1516 2092 1571 αὐτὸν

439 1614 532 1687 μὶν
584 1610 867 1683 ἐξελθόντα
914 1613 1011 1664 τοῦ
1068 1606 1465 1684 πατριαρχείου
1499 1606 1551 1661 ἐν
1582 1610 1650 1680 τῇ
1682 1613 1782 1676 τῆς
1830 1600 2092 1681 Ιῐεριϐλέ-

434 1723 574 1757 πτου
632 1702 898 1770 καθῆσθαι
962 1701 1103 1772 μονῇ
1137 1743 1151 1770 ,
1222 1698 1547 1771 σωζομένων
1606 1700 1712 1751 τῶν
1772 1694 2089 1770 προνομίων

433 1789 582 1863 αὐτῷ
610 1790 699 1845 καί
747 1811 809 1865 γε
865 1788 1351 1861 μνημονευομένου
1411 1785 1547 1841 κατά
1602 1786 1668 1840 τά
1720 1785 1785 1840 τὸ
1842 1785 2089 1855 σύνηθες,

2207 621 2274 676 τά
2327 619 2492 675 αὐτοῦ
2546 622 2825 696 προνόμια
2882 621 3232 697 ἀναφαίρετοι.
3292 622 3373 679 Τὰ
3416 619 3474 678 δὲ
3499 623 3836 699 τῆςἘκκλη-

2208 710 2324 771 σίας
2354 704 2431 764 ἔτι
2464 708 2515 765 έν
2548 709 2763 786 γαλήνῃ
2801 712 2939 781 ἦσαν
2995 710 3144 781 πλὴν
3198 712 3307 767 τῶν
3369 718 3471 783 τῆς
3530 712 3835 786 Ἐκκλησίας

2205 797 2546 875 τεταγμένων
2584 799 2661 865 εἷς
2690 800 2986 875 ἄρχοντας.

2209 970 2299 1034 ιη’.
2370 963 2501 1039 Περὶ
2567 972 2668 1035 τῆς
2734 969 2832 1021 τοῦ
2890 962 3172 1041 *βασιλέως
3264 966 3400 1041 πρὸς
3465 964 3591 1031 τοὺς
3650 966 3836 1041 κληρι-

2816 1037 2949 1101 κοῦς
2990 1039 3251 1114 ἀνάγκης.

2276 1161 2536 1224 Ἐκείνοις
2593 1162 2699 1237 γὰρ
2757 1162 2846 1218 καὶ
2909 1162 3029 1219 λίαν
3086 1162 3342 1224 ὑπόπτως
3391 1163 3419 1218 ὁ
3449 1167 3656 1237 κρατῶν
3704 1166 3831 1239 εἶχεν

2205 1249 2278 1311 ὡς
2312 1250 2376 1304 οὐ
2410 1249 2839 1322 συνθησομένοις
2890 1248 3113 1325 ῥᾳδίως,
3167 1249 3258 1304 καὶ
3314 1247 3531 1321 μᾶλλον
3586 1248 3834 1313 πολλάκις

2202 1339 2391 1400 αὐτοῖς
2422 1337 2519 1393 τοῦ
2568 1339 2785 1411 Βέκκου⁹
2834 1336 3226 1415 διαλεγομένου
3278 1338 3371 1393 καὶ
3402 1333 3834 1413 προϐαλλομένου

2200 1428 2267 1483 τὰ
2309 1432 2416 1482 τῶν
2475 1426 2640 1504 ἁγίων
2699 1426 2837 1504 ῥήτά
2896 1429 2973 1501 μή
3019 1428 3369 1500 πειθομένοις
3433 1427 3679 1499 πάμπαν,
3708 1426 3837 1483 ἀλλά

2201 1514 2398 1587 δήλοις
2456 1514 2572 1571 οὖσι
2637 1517 2713 1590 μή
2770 1515 3261 1591 καταδεξομένοις,
3322 1515 3368 1572 εἷ
3427 1513 3701 1589 προῦαίη,
3752 1517 3836 1585 τήν

2197 1610 2389 1682 πρᾷξιν
2444 1610 2602 1665 Ὅθεν
2646 1607 2737 1663 καὶ
2794 1608 2969 1671 αἰτίας
3026 1608 3208 1683 σφίσιν
3238 1606 3266 1663 ὁ
3296 1612 3511 1684 κρατῶν
3570 1604 3835 1662 ἐπλάττετο

2198 1699 2272 1761 ὡς
2301 1697 2437 1772 πρὸς
2466 1698 2627 1753 αὐτὸν
2654 1698 2755 1766 τὴν
2788 1699 2925 1774 πρὸς
2956 1695 3206 1753 δουλείαν
3260 1696 3619 1775 ἀφηνιάζουσι
3660 1697 3741 1751 καὶ
3773 1697 3835 1760 ὡς

2198 1785 2521 1856 ὀνειδίζουσι
2551 1789 2647 1861 μὶν
2699 1788 3043 1864 ἀρχιερεῦσιν
3105 1788 3474 1861 ὑποκλιθεῖσι,
3529 1785 3832 1864 καταρωμέ-

434 1879 781 1935 ἀπελθόντων
813 1876 870 1933 δὲ
897 1883 1006 1931 τῶν
1044 1870 1321 1951 πρέσϐεων
1356 1875 1400 1930 εἷ
1438 1875 1532 1947 μὲν
1581 1877 1616 1945 ἡ
1667 1874 1859 1948 πρᾶξις
1908 1876 2089 1929 ὁπωσ-
2121 1914 2169 1979 Β
2198 1897 2313 1938 νοις
2347 1874 2403 1931 δὲ
2438 1876 2653 1952 βασιλεῖ
2681 1880 2885 1932 τοιαῦτ’
2926 1877 3285 1952 ἀναγκάζοντι
3311 1878 3572 1955 γίνεσθαι.
3629 1874 3832 1951 Ἀμέλει

435 1967 638 2040 δήποτε
692 1964 1081 2034 διακωλυθείη,
1144 1964 1301 2018 αὐτὸν
1354 1964 1444 2018 καὶ
1476 1963 1640 2017 πάλιν
1701 1964 1832 2017 εἶναι
1863 1963 1953 2016 τὸν
1985 1982 2087 2016 πα-

432 2061 708 2135 τριάρχην
741 2057 817 2120 εἷς
848 2057 909 2111 τὸ
940 2059 1334 2131 πατριαρχεῖον
1394 2052 1706 2126 ἀνελθόντα,
1740 2050 1831 2107 καί
1861 2073 1925 2126 γε
1958 2050 2093 2125 μετά

435 2155 543 2206 τῶν
602 2145 904 2223 ἀρχιερέων
967 2145 1262 2216 εἰρηνεύειν
1300 2187 1315 2211 ,
1388 2141 1557 2215 μηδὲν
1600 2146 1708 2197 τῶν
1766 2140 2087 2214 συμϐάντων

437 2238 926 2313 ὑπολογιζόμενον·
984 2234 1029 2289 εἰ
1063 2232 1119 2289 δὲ
1151 2228 1390 2308 προϐαίη
1440 2233 1531 2287 καὶ
1581 2230 1830 2286 εὐοδοῖτο
1889 2229 1964 2292 εἷς
1993 2230 2088 2285 τέ-

436 2326 536 2390 λος
585 2327 646 2382 τὸ
677 2325 961 2401 προτεθὲν,
1011 2322 1171 2378 αὐτὸν
1222 2324 1315 2396 μὲν
1368 2320 1607 2376 ἐντεῦθεν
1657 2320 1892 2395 ἀργῆσαι
1937 2321 2089 2390 πάμ-

433 2439 562 2488 παν,
597 2414 767 2472 ἄλλον
802 2414 859 2468 δὲ
884 2415 996 2469 ἄντ’
1026 2412 1192 2467 αὐτοῦ
1222 2411 1508 2481 ἐπιστῆσαι
1564 2413 1634 2484 τῇ
1682 2410 1982 2481 Ἐκκλησιᾳ
2012 2410 2088 2471 ὡς

434 2508 509 2581 μή
544 2511 763 2581 χωροῦν
811 2503 1013 2558 ἐκεῖνον
1071 2504 1229 2569 εἶναι,
1261 2506 1378 2563 τοῖς
1430 2498 1615 2575 ὅρκοις
1671 2496 2085 2575 προκατειλημ-

433 2600 617 2670 μένον.
651 2599 826 2649 Ταῦτα
871 2593 1007 2668 πρὸς
1058 2587 1346 2661 ἀλλήλους
1404 2587 1739 2663 συνθεμένων
1772 2588 1800 2643 ὁ
1833 2588 1928 2662 μὲν
1977 2608 2083 2643 πα-

426 2686 704 2760 τριάρχης
735 2682 1014 2747 κατελθὼν
1051 2680 1128 2743 εἰς
1166 2681 1266 2749 τήν
1320 2685 1419 2749 τῆς
1475 2673 1853 2751 ΙΙεριϐλέπτου
1913 2678 2086 2751 μονὴν

428 2774 805 2852 προσκαθίζει,
864 2769 1116 2844 ἑνδεκάτῃ
1167 2769 1341 2843 μηνὸς
1400 2763 1900 2843 Ἑκατομϐαιῶνος,
1953 2765 2081 2822 δευ-

428 2987 778 3045 caeremonia
794 2986 1061 3059 dignum.
1078 2987 1396 3057 Receperat
1414 2988 1609 3040 autem
1632 2983 1802 3039 illum
1827 2984 1983 3055 apud
2003 3000 2083 3053 se,

427 3079 626 3137 animo
671 3076 913 3135 curandi
946 3080 1013 3132 ut
1044 3073 1259 3131 similis
1294 3075 1492 3130 formae
1543 3073 1696 3129 alius
1746 3074 1930 3142 ﬁeret,
1960 3090 1994 3129 a
2024 3090 2087 3130 se

428 3185 643 3241 magno
683 3167 1015 3239 principum
1068 3163 1464 3236 apostolorum
1520 3160 1738 3234 templo
1772 3162 2081 3219 dicandus.

427 3256 744 3313 Occasione
779 3270 947 3327 porro
980 3254 1258 3309 invitatus
1297 3253 1401 3308 hac
1433 3251 1933 3324 proﬁciscentium
1964 3257 2083 3308 Ro-

427 3363 586 3403 mam
611 3345 940 3417 legatorum
962 3360 1097 3399 eum
1122 3342 1270 3415 ipsis
1291 3340 2080 3413 tradidit,compensaturum

428 3452 491 3492 se
522 3435 755 3490 abunde
805 3433 1092 3504 recipiens
1137 3430 1425 3502 quidquid
1476 3429 2081 3493 ecclesiae,subtracto

425 3522 538 3577 isto
570 3522 619 3577 ei
653 3521 875 3575 dudum
922 3522 1084 3591 parto
1116 3516 1655 3588 donario,deperire
1676 3516 1990 3573 videretur.
2016 3517 2083 3571 Et

424 3610 511 3665 illi
535 3609 773 3681 quidem
794 3608 853 3662 in
872 3608 1026 3663 hunc
1041 3607 1280 3663 modum
1296 3604 1837 3661 solveruntItaliam
1854 3622 2077 3661 versus.

421 3700 494 3755 At
523 3698 845 3771 imperator
882 3695 1051 3752 avelli
1086 3713 1147 3751 se
1179 3713 1211 3751 a
1243 3694 1572 3767 patriarcha
1603 3695 1761 3751 haud
1795 3695 1963 3752 facile
1995 3698 2078 3751 fe-

422 3788 592 3845 rebat
624 3803 637 3841 :
673 3785 725 3840 ei
756 3785 914 3841 enim
960 3784 1213 3840 haerebat
1245 3790 1310 3840 ut
1341 3784 1501 3857 lepas
1535 3792 1729 3855 petrae,
1762 3784 1850 3841 vel
1901 3802 2078 3841 sensu

422 3875 878 3948 beneﬁcii,quod
902 3874 973 3930 ab
998 3891 1062 3930 eo
1094 3890 1156 3930 se
1180 3875 1552 3931 meminisset
1580 3875 1951 3931 anathemate
1984 3892 2078 3930 so-

424 3966 643 4033 lutum,
674 3964 762 4020 vel
795 3964 1038 4035 antiquo
1070 3981 1182 4019 usu
1206 3968 1347 4020 etex
1377 3980 1443 4020 eo
1466 3971 1606 4020 nata
1625 3965 1843 4020 ﬁducia
1872 3963 2079 4019 salutis

385 4118 387 4121 τ
425 4071 529 4128 per
574 4071 707 4110 eum
759 4054 1165 4125 assequendae.
1207 4056 1395 4119 Quare
1442 4054 1609 4109 illum
1664 4054 2078 4125 quoquomodo

422 4160 726 4216 segregare
758 4161 790 4198 a
830 4160 1011 4199 causa
1059 4143 1395 4199 schismatis
1444 4143 1694 4199 studens
1724 4143 1893 4215 (alios
1925 4144 2079 4198 enim

421 4233 729 4306 episcopos
763 4233 822 4287 in
855 4249 1021 4288 suam
1045 4234 1285 4288 tandem
1307 4234 1663 4288 sententiam
1698 4231 2078 4304 pertraxerat)

424 4323 697 4379 convenit
743 4322 802 4376 in
852 4320 974 4377 haec
1004 4338 1136 4376 cum
1171 4321 1291 4389 illo,
1326 4330 1389 4377 ut
1436 4321 1813 4392 patriarchali
1859 4320 2078 4394 palatio

424 4428 695 4485 egressus
755 4410 1147 4466 diversaretur
1203 4410 1263 4465 in
1323 4410 1639 4483 Periblepti
1698 4410 2075 4481 monasterio,

423 4502 601 4557 salvis
622 4501 674 4556 ei
699 4500 1079 4571 proventibus
1101 4505 1157 4554 et
1179 4499 1399 4556 honoro
1422 4506 1703 4557 consueto
1727 4516 2080 4556 commemo-

424 4589 672 4646 rationis
703 4589 762 4643 in
793 4605 979 4644 sacro.
1006 4588 1169 4651 Quod
1201 4589 1251 4645 si
1285 4607 1413 4661 quae
1441 4607 1531 4646 res
1559 4591 1815 4646 obstaret
1848 4606 1920 4644 ne
1951 4606 2079 4660 pro-

421 4679 554 4735 fecti
586 4683 829 4734 Romam
879 4677 1057 4750 legati
1109 4678 1404 4751 negotium
1448 4681 1819 4745 conﬁcerent,
1862 4680 2076 4734 rediret
2105 4670 2154 4737 D

418 4768 519 4824 ille
549 4768 607 4823 in
643 4766 1065 4840 patriarchales
1095 4768 1249 4823 aedes
1278 4774 1334 4823 et
1356 4785 1473 4824 suae
1496 4772 1559 4823 ut
1584 4769 1749 4840 prius
1771 4767 2075 4840 dignitatis

421 4864 739 4930 usurparet
762 4856 987 4924 munia,
1007 4861 1255 4929 tumque
1274 4857 1334 4913 in
1357 4858 1836 4913 communionem
1861 4857 2075 4929 recipe-

421 4952 510 5003 ret
531 4948 861 5019 episcopos,
884 4945 1033 5003 nihil
1063 4946 1181 5004 illis
1213 4963 1569 5003 succensens
1592 4947 1746 5019 quod
1779 4948 1838 5000 in
1869 4963 2073 5018 pacem

423 5052 557 5091 cum
586 5035 806 5091 Latinis
838 5036 1298 5093 consensissent.
1322 5037 1421 5092 Sin
1464 5041 1652 5109 coepta
1679 5052 1748 5091 ex
1778 5040 1909 5093 voto
1942 5054 2073 5109 per-

424 5129 757 5196 agerentur,
789 5124 901 5180 ﬁxo
954 5124 1083 5197 ipso
1134 5130 1405 5182 manente
1437 5125 1497 5181 in
1529 5125 1841 5197 rejecticne
1888 5126 2073 5198 pacis,

424 5211 641 5284 quippe
687 5211 780 5267 cui
840 5216 1212 5285 acquiescere
1255 5214 1342 5270 fas
1391 5213 1504 5270 sibi
1551 5232 1668 5271 non
1719 5220 1953 5286 putaret
2000 5216 2072 5271 ob

412 5302 847 5372 juramentum,
878 5306 1006 5357 tum
1051 5319 1192 5357 sane
1224 5302 1535 5359 absisteret
1572 5304 1814 5373 honore,
1844 5304 2071 5360 locum-

421 5406 535 5461 que
584 5388 749 5445 alteri
797 5389 1073 5446 Ecclesia:
1104 5390 1226 5446 vice
1271 5392 1424 5447 386
1473 5393 1662 5465 ipsius
1707 5394 2072 5465 praeﬁciendo

419 5479 779 5535 concederet.
833 5478 933 5532 His
982 5476 1138 5533 inter
1184 5480 1345 5550 ipsos
1395 5484 1691 5539 conventis
1741 5484 2075 5554 patriarcha

417 5568 479 5623 in
531 5566 850 5638 Periblepti
907 5568 1334 5624 monasterium
1384 5571 1657 5642 migravit
1707 5573 1801 5627 die
1852 5574 1917 5629 14
1969 5574 2073 5629 Ja-

424 5654 621 5712 nuarii
659 5656 928 5711 secundae
978 5654 1314 5713 indictionis
1366 5660 1505 5714 anni
1548 5661 1711 5727 6782,
1744 5662 1945 5719 fruens
1992 5661 2075 5719 ibi

417 5741 710 5802 reditibus
746 5744 871 5801 suis
901 5744 1117 5801 annuis
1150 5744 1276 5802 sine
1307 5746 1719 5805 diminutione.
1753 5750 1849 5806 Sic
1878 5752 2073 5808 Eccle-

2200 1986 2287 2021 τοι
2343 1966 2432 2020 καὶ
2477 1967 2695 2040 πρῶτον
2749 1972 2883 2045 σφᾶς
2943 1967 3201 2031 θωπείαις
3262 1965 3516 2032 ὑπελθεῖν
3574 1963 3828 2043 ἕγνω,καὶ

2201 2055 2616 2130 προσεκαλεῖτο,
2684 2057 2775 2112 καὶ
2849 2061 3156 2129 τιμητικῶς
3221 2058 3584 2136 προσεφέρετο
3666 2053 3831 2127 κύκλῳ

2198 2145 2415 2208 καθίσας
2472 2146 2563 2201 καὶ
2619 2148 2687 2202 τὰ
2744 2150 2950 2218 συνήθη
3011 2142 3491 2222 προϐαλλόμενος.
3546 2143 3697 2217 Μηδε
3739 2145 3826 2219 γὰρ

2200 2236 2362 2311 χάριν
2395 2233 2571 2293 ἄλλου
2622 2237 3093 2312 πραγματεύεσθαι
3142 2239 3243 2307 τήν
3300 2237 3523 2311 εἷ’ρήνην
3557 2236 3591 2305 ἢ
3620 2233 3827 2290 1068::-

2198 2324 2324 2386 νοὺς
2379 2324 2660 2399 πολέμους
2716 2326 3056 2396 ἀνακοπῆναι
3122 2326 3216 2382 καὶ
3296 2324 3587 2399 Ῥωμαίων
3645 2322 3825 2397 α’ίματα

2196 2417 2626 2489 περιποιηθῆναι
2693 2415 3092 2491 ἐκχυθήσεσθαι
3160 2414 3542 2472 κινδυνεύοντα
3580 2457 3594 2471 .
3658 2412 3826 2468 Μένειν

2197 2499 2254 2557 δὲ
2283 2502 2373 2557 καὶ
2423 2502 2589 2559 πάλιν
2640 2505 2739 2573 τὴν
2802 2504 3134 2576 Ἐκκλησίαν
3188 2504 3647 2578 ἀκαινοτόμητον,
3706 2497 3828 2573 μηδὲ

2193 2596 2290 2646 τοῦ
2354 2593 2621 2668 τυχόντος
2688 2597 2769 2668 [Ρ.
2854 2596 2982 2667 263]
3078 2594 3572 2674 παροφθησομένου
3613 2633 3626 2647 .
3691 2585 3829 2662 Τρισί

2195 2678 2253 2735 δὲ
2336 2680 2654 2758 κεφαλαίοις
2748 2681 2840 2738 καὶ
2936 2677 3125 2757 μόνοις
3198 2684 3261 2738 τὸ
3356 2682 3493 2758 πρὸς
3556 2681 3650 2750 τήν
3734 2680 3824 2733 τῶν

2192 2771 2508 2845 Ῥωμαίων
2617 2769 2948 2844 Ἐκκλησίαν
3051 2771 3429 2848 πραττόμενον
3532 2768 3827 2848 περιστήσε·

2194 2986 2292 3041 sits
2324 2986 2558 3057 quidem
2605 3002 2818 3059 corpus
2849 2988 2909 3043 in
2943 2987 3197 3058 quadam
3245 2985 3669 3060 tranquillitate
3697 2982 3821 3047 erat,

2202 3094 2317 3132 non
2348 3077 2486 3131 item
2520 3075 2620 3148 qui
2652 3077 2703 3132 ei
2738 3081 3040 3148 praeerant.

2304 3185 2390 3239 18.
2428 3186 2491 3243 Ut
2526 3185 2826 3257 imperator
2865 3201 3031 3256 quam
3070 3184 3250 3256 potuit
3279 3181 3735 3243 vehementissime

2767 3257 2999 3313 clericos
3052 3260 3275 3314 urserit.

2266 3345 2382 3400 Iios
2415 3344 2571 3400 enim
2617 3344 2787 3401 valde
2844 3352 3143 3417 suspectos
3202 3347 3461 3403 habebat
3511 3342 3822 3414 imperator,

2192 3434 2349 3489 haud
2385 3434 2553 3490 facile
2584 3451 2937 3492 assensuros
2968 3442 3314 3504 autumans,
3342 3436 3543 3505 utique
3571 3445 3695 3487 cum
3725 3425 3822 3480 dis-

2193 3525 2407 3579 serenti
2459 3523 2804 3596 plerumquo
2856 3526 3010 3596 apud
3051 3543 3150 3582 eos
3183 3530 3393 3595 Vecco,
3427 3529 3483 3580 ct
3510 3513 3822 3578 testimonia

2193 3622 2529 3669 sanclorum
2562 3614 2820 3684 Patrum,
2854 3615 3069 3685 quibus
3116 3616 3312 3671 fuerat
3360 3615 3483 3685 ipse
3526 3608 3817 3666 convictus,

2194 3704 2570 3775 proponenti,
2627 3721 2742 3759 non
2793 3704 3240 3776 acquieverant,
3290 3705 3393 3761 sed
3450 3703 3508 3757 in
3556 3690 3817 3755 sententia

2192 3793 2553 3863 perstabant,
2588 3810 2702 3864 prta
2754 3810 2817 3848 se
2868 3795 3118 3850 ferentes
3170 3810 3285 3849 non
3338 3794 3673 3862 accepturos
3708 3795 3815 3836 om-

2191 3884 2329 3937 nino
2362 3883 2760 3950 concordiam,
2792 3883 2841 3938 si
2872 3888 3221 3941 convenlnm
3253 3884 3326 3940 de
3368 3881 3471 3937 illa
3499 3879 3659 3935 foret.
3689 3869 3815 3926 Hinc

2189 3973 2457 4027 irritatus
2490 3973 2765 4045 princeps
2804 3972 3368 4029 comminiscebatur
3397 3987 3527 4044 quae
3555 3963 3694 4037 ipsis
3721 3960 3811 4054 im-

2190 4062 2453 4133 pingeret
2494 4062 2776 4131 crimina;
2826 4062 2995 4133 quasi
3046 4063 3474 4134 subjectionem
3518 4053 3627 4128 ipsi
3674 4046 3809 4104 debi-

2190 4160 2308 4210 tam
2358 4155 2765 4225 detrectarent,
2809 4155 3349 4227 exprobrarentque
3398 4144 3682 4223 episcopis
3725 4153 3813 4210 ΡΨ

2189 4261 2313 4299 cem
2382 4244 2812 4315 probantibus,
2884 4244 3342 4316 imperatorique
3410 4229 3811 4297 maledicerent,

2188 4335 2342 4404 quod
2375 4350 2475 4389 eos
2516 4334 2574 4387 in
2618 4350 2786 4403 suam
2823 4334 3178 4390 sententiam
3227 4334 3522 4390 traxisset.
3555 4320 3810 4411 Prius

2188 4439 2321 4477 men
2369 4439 2546 4494 quam
2600 4423 2722 4478 haec
2772 4428 3225 4495 persequeretur
3266 4420 3561 4484 infestius,
3604 4404 3812 4495 blandis

2188 4529 2288 4568 eos
2317 4512 2710 4584 experiundos
2742 4511 3122 4570 suasionibus
3152 4513 3399 4584 putavit,
3432 4508 3481 4565 si
3511 4502 3699 4577 posset
3725 4493 3811 4589 df-

2186 4601 2388 4657 linitos
2434 4602 2744 4658 adducere.
2779 4604 3121 4658 Convocatis
3166 4603 3349 4675 igitur
3379 4600 3452 4655 iis
3481 4601 3538 4651 et:
3583 4585 3811 4676 excepi"?

2186 4691 2609 4763 perhonoriﬁca
2671 4692 2903 4748 medius
2961 4668 3274 4749 considehs
3334 4688 3510 4747 solita
3566 4678 3663 4735 illa
3715 4668 3810 4725 sibi

2188 4786 2244 4837 et
2294 4781 2512 4852 saepius
2560 4794 2693 4837 ante
2748 4780 3000 4853 allegata
3043 4780 3412 4847 memOravit,
3445 4789 3559 4831 non
3611 4764 3717 4822 alia
3759 4768 3810 4809 σθ

2187 4870 2406 4926 moveri
2473 4886 2654 4927 causa
2716 4871 2783 4925 ad
2860 4872 3223 4927 tractandam
3287 4881 3491 4943 pacem
3558 4853 3809 4949 proﬁteris

2185 4976 2364 5031 quam
2414 4960 2748 5016 necessaria
2797 4960 3177 5031 precantione
3221 4949 3651 5016 imminentium
3702 4948 3808 5031 ξοδ·

2184 5029 2523 5117 vitabiliter,
2557 5048 2671 5104 nisi
2721 5029 2937 5104 deiilla
2967 5048 3321 5119 conveniret,
3350 5042 3631 5101 bellorum
3675 5029 3809 5082 811'0'

2186 5138 2363 5206 cium,
2397 5142 2452 5193 et
2484 5138 2579 5210 pia
2610 5138 2977 5210 parcimonia
3016 5139 3260 5194 Romani
3309 5124 3634 5203 sanguinis,
3657 5120 3805 5186 quem

2186 5227 2354 5283 aliter
2403 5227 2832 5283 immanissima
2889 5227 3257 5283 fundendum
3315 5211 3805 5304 periculumpfﬂ:

2184 5333 2321 5372 sens
2361 5320 2538 5373 esset.
2571 5316 2654 5372 Ne
2702 5333 2873 5389 porro
2926 5316 3261 5372 dubitarent
3293 5292 3434 5387 quin
3488 5303 3614 5376 I303t
3649 5292 3800 5389 istiiin

2185 5422 2418 5478 quoque
2473 5422 2674 5477 pacem
2735 5423 3018 5461 mansura
3067 5405 3127 5460 in
3178 5410 3335 5461 statu
3385 5392 3646 5473 pristino,
3678 5377 3803 5478 ςιίξξ

2185 5493 2366 5549 ullam
2441 5494 2727 5551 momenti
2803 5494 3047 5565 majoris
3113 5489 3619 5550 immutationem.
3675 5458 3801 5565 ίοτξθξ

2182 5581 2464 5639 Ecclesia.
2497 5584 2668 5640 Cordi
2720 5584 2829 5640 hoc
2876 5559 2988 5640 sibi
3040 5585 3189 5654 fore;
3242 5596 3349 5639 nec
3399 5569 3704 5654 quiquFm
3750 5559 3798 5654 Ψ

2185 5687 2254 5727 ea
2319 5687 2460 5727 cura
2534 5672 2939 5745 neglecturum
3021 5637 3189 5730 sese,
3225 5673 3383 5729 certo
3456 5637 3794 5745 conﬁderef’f'

2186 5759 2402 5817 Tribus
2433 5738 2672 5818 demum
2727 5762 2871 5820 solis
2902 5762 3176 5836 capitulis
3208 5764 3397 5820 totum
3446 5751 3553 5808 hoc
3592 5738 3796 5795 concor-
