4080 6430
275 389 379 448 841

1349 388 1448 439 DE
1484 384 1853 440 MICHAELE
1891 385 2338 447 PALEOLOGO
2375 393 2511 447 LIB.
2553 395 2623 448 V.

3596 394 3705 449 842

274 526 419 582 σθαι,
453 511 708 587 πρωτείῳ
738 509 991 585 ἐκκλήτῳ
1037 508 1125 565 καί
1178 508 1535 584 μνημοσύνῳ,
1586 505 1657 562 ὧν
1707 504 1931 562 ἕκαστον
1960 514 2015 579 Α
2044 510 2168 585 περὶ
2222 514 2430 569 τούτων
2484 509 2595 571 ἔστι
2649 518 2838 593 καιρὸς
2888 516 3121 582 εὐθετεῖν
3177 518 3267 573 καὶ
3324 515 3703 594 πληροφορεῖν

274 602 327 661 εἷ’
351 625 436 666 τις
480 596 721 676 ἀκριϐῶς
772 599 1029 671 σκοποίη,
1076 600 1231 654 κενὸν
1280 598 1409 652 εἶναι
1464 596 1688 670 ἀνάγκη.
1724 622 1752 648 ‹‹
1802 596 1940 651 Πότε

274 694 378 768 γαρ
410 692 497 745 καὶ
536 689 900 765 παρουσιάσας
950 690 977 744 ὁ
1029 688 1253 750 πάππας
1311 686 1626 761 προκαθίσει
1675 692 1783 741 τῶν
1838 685 1936 740 ἀλ-

277 780 390 837 λων
420 803 434 851 ;
469 779 608 834 Πότε
640 776 696 833 δέ
726 799 836 832 τισι
880 778 971 832 καὶ
1022 777 1243 841 ἐπέλθοι
1295 775 1448 844 δίκην
1495 774 1687 850 έχουσι
1735 774 1937 829 θάλασ-

280 892 371 926 σαν
418 869 688 939 τοσαύτην
739 868 1003 937 ταμέσθαι
1063 866 1152 921 καὶ
1200 866 1359 921 τόσον
1420 865 1791 939 ἀναμετρῆσαι
1849 865 1937 918 πέ-

280 961 468 1035 λαγος,
528 958 609 1036 ἐφ’
668 957 711 1029 ᾦ
768 962 877 1011 τῶν
933 958 1310 1030 νομιζομένων
1373 954 1655 1029 πρωτείων
1705 959 1939 1029 τυχεῖν;

282 1051 343 1105 τὸ
404 1047 475 1104 δ”
508 1047 595 1103 ἐπὶ
627 1050 696 1121 τῇ
729 1048 971 1121 ἡμετέρᾳ
1000 1046 1090 1100 καὶ
1151 1047 1290 1120 μόνῃ
1342 1042 1628 1114 ἐκκλησίᾳ,
1678 1044 1769 1098 καὶ
1816 1041 1939 1097 δευ-

280 1139 411 1215 τέρᾳ
439 1137 508 1212 τῇ
554 1137 673 1200 καθ’
724 1137 864 1209 ὑμᾶς
895 1134 983 1190 καὶ
1020 1132 1260 1210 μεγάλῃ,
1301 1133 1393 1188 τὸν
1435 1135 1656 1188 πάππαν
1718 1154 1939 1205 μνημο⁴

282 1229 653 1292 νεύεσθαιτοῦ
697 1225 1048 1301 πατριάρχου
1102 1220 1577 1298 λειτουργοῦντος,
1634 1221 1686 1276 τί
1743 1220 1804 1276 ἂν
1860 1226 1939 1294 τῷ

284 1320 432 1394 ὀρθῷ
490 1314 831 1392 προσσταίη;
906 1315 1099 1375 πόσαις
1166 1312 1510 1385 οἷ’κονομίαις
1580 1312 1630 1365 οἱ
1710 1310 1941 1384 Πατέρες

280 1404 552 1481 πρὸςὸτι
604 1403 851 1479 γενέσθαι
912 1405 1184 1478 συμφέρον
1246 1403 1596 1477 exoticam/1:0;
1652 1400 1742 1455 καὶ
1812 1398 1940 1453 animo

283 1497 342 1554 δὲ
391 1498 453 1552 τὸ
512 1496 602 1550 τὸν
665 1495 793 1548 Θεὸν
863 1488 1109 1567 γενέσθαι
1188 1492 1473 1567 ἄνθρωπον
1548 1491 1638 1545 καὶ
1712 1491 1938 1561 σταυρὸν

289 1589 579 1658 ὑπομεῖναι
639 1582 726 1638 καὶ
788 1582 1013 1637 θάνατον
1073 1578 1508 1651 καταδέξασθαι,
1570 1577 1757 1640 ἄλλως
1815 1576 1942 1632 ὄντα

283 1680 398 1747 Θεῷ
450 1674 689 1750 ἀπρεπῆ,
752 1671 796 1725 εἰ
856 1673 963 1743 μὴν
1024 1670 1113 1724 καὶ
1145 1675 1260 1741 Θεῷ
1293 1669 1718 1742 συνειλημμένῳ
1752 1670 1938 1741 σώμα-

277 1786 356 1833 τι,
389 1762 518 1819 ἀλλ’
558 1762 648 1816 οὗν
708 1762 827 1815 κατ’
881 1758 1201 1832 οἰκονομίαν
1261 1759 1360 1826 τὴν
1418 1757 1676 1811 ἀνωτάτω
1729 1758 1937 1831 γέγονε,

2045 600 2134 654 καὶ
2189 600 2289 656 ἆνά
2349 603 2511 680 μέρος
2553 603 3049 684 πληροφορεῖσθαι·
3101 604 3225 663 οὔτε
3282 609 3389 684 γάρ
3448 610 3585 680 ἡμῖν
3620 606 3705 661 εὖ·

2046 691 2246 765 πρεπὲς
2301 696 2505 748 τοιαῦτ’
2537 695 2770 769 ἀκούειν,
2832 694 2948 761 οὔθ’
3006 698 3133 771 ὑμῖν
3193 698 3431 777 ἀσφαλὲς
3480 699 3707 752 τοιαῦτα

2048 777 2220 852 λέγειν
2266 782 2358 836 καὶ
2405 779 2573 859 φόϐον
2602 781 2900 856 ἐμϐάλλειν
2957 785 3195 847 πολλοῖς
3252 787 3327 851 ὡς
3379 786 3441 841 οὗ
3502 784 3705 856 στησό-

2053 880 2188 941 μεθα
2218 873 2380 943 ἡμεῖς
2424 873 2509 927 ἐπῖ
2541 876 2777 944 τούτοις,
2828 874 2973 930 ἀλλά
3024 871 3474 948 προσϐιασόμεθα
3523 874 3604 953 ἐφ’
3658 876 3704 947 ᾧ

2118 961 2132 983 χ
2186 958 2223 991 ’,Ι
2338 964 2352 979 ς
2458 965 2469 983 ρ
2723 966 2735 982 \
3035 972 3058 983 υ
3135 968 3151 988 ι
3315 974 3337 983 υ

2046 980 2133 1014 και
2193 964 2295 1032 ηθη
2329 962 2615 1020 αλλαττειν
2650 987 2739 1021 και
2790 965 3085 1043 ὁμολογειν
3120 989 3195 1029 ως
3228 966 3425 1023 ἐκεινοι
3457 966 3703 1042 λέγουσι.

2047 1051 2227 1104 Ταῦτα
2286 1048 2662 1130 πληροφορεῖν
2696 1054 2805 1109 ἔστι
2850 1058 3059 1131 καιρὸς,
3116 1057 3208 1111 καὶ
3265 1056 3700 1134 πληροφορήσο-

2051 1158 2168 1210 μεν.
2224 1139 2293 1193 Τὸ
2353 1138 2408 1194 δὲ
2465 1146 2556 1195 νῦν
2606 1142 2695 1197 καὶ
2754 1142 2962 1217 βουλῆς
2990 1151 3091 1214 τῆς
3120 1144 3171 1215 ἐξ
3204 1145 3354 1218 ὑμῶν
3387 1144 3701 1220 χρῄζομεν,

2047 1226 2137 1280 καὶ
2190 1225 2397 1302 λεγέτω
2427 1225 2651 1293 ἕκαστος
2685 1232 2713 1286 ’ὁ
2746 1234 2797 1286 οἱ
2853 1229 3067 1303 δοκοίηο
3126 1234 3291 1305 μόνον
3352 1235 3427 1306 μὴ
3481 1237 3563 1305 τῷ
3617 1232 3704 1287 ol-

2048 1312 2181 1384 κείῳ
2213 1317 2506 1389 στοιχείτω
2563 1316 2834 1390 θελήματι
2890 1317 3229 1394 αὐταρεσκῶν
3264 1316 3542 1394 ἄντικρυς,
3574 1316 3704 1374 ἀλλ’

2048 1400 2502 1472 ἐκκλησιαστικὸς
2557 1405 2631 1459 ὥν
2672 1406 3142 1477 ἐκγλησιαστικῶς
3199 1407 3288 1462 καὶ
3350 1407 3580 1483 λεγέτω.
3633 1406 3705 1462 Td

2046 1490 2149 1565 γάρ
2203 1499 2523 1568 κατεπεῖγον
2554 1491 2611 1549 ἓν
2660 1494 2794 1562 ἐστι,
2826 1494 2888 1549 τὸ
2923 1501 3105 1573 φυγεῖν
3138 1494 3384 1551 κίνδυνον
3418 1496 3706 1570 ἀναγκαῖον

2048 1579 2094 1633 εἷ
2126 1584 2296 1635 ταῦτα
2351 1584 2705 1656 πράττοιμεν.
2752 1585 2951 1641 Ὁπόσν
3009 1582 3067 1639 δὲ
3123 1589 3312 1652 τοῦτο,
3362 1586 3485 1649 καθ’
3542 1584 3703 1639 αὐτὸν

2046 1665 2273 1730 ἕκαστος
2304 1668 2500 1725 ἐννοῶν
2534 1671 2676 1727 οὕτω
2707 1673 3024 1752 προφερέτω
3052 1674 3153 1743 τὴν
3194 1672 3445 1748 γνώμην,
3477 1674 3551 1735 ὡς
3584 1674 3708 1728 ἄνευ

2051 1756 2261 1811 ἐκείνου
2294 1757 2407 1814 οὔθ’
2437 1764 2575 1834 ἡμῖν
2608 1764 2831 1832 κινητέα
2864 1768 3033 1817 ταῦτα
3062 1763 3153 1817 καὶ
3185 1763 3311 1836 ὑμῖν
3343 1764 3406 1818 τὸ
3430 1762 3558 1837 περὶ
3585 1762 3708 1816 τού-

277 1854 365 1907 καῖ
420 1851 526 1907 τῶν
590 1850 665 1923 μὴ
721 1849 1039 1922 πρεπόντων
1101 1853 1218 1920 Θεῴ
1267 1847 1589 1925 σαρκοφόρῳ
1630 1845 1938 1922 γενομένων
1974 1877 2019 1940 Β
2048 1868 2154 1900 των
2191 1843 2335 1911 ὅλως
2370 1856 2592 1905 σκοπεῖν
2639 1851 2982 1923 ἀνόνητον.»
3033 1851 3267 1915 Τούτοις
3311 1851 3401 1907 καὶ
3432 1851 3705 1914 τοιούτοις

277 1948 423 1996 πᾶσα
470 1944 504 2011 ἡ
565 1938 865 2020 οἰκουμένη
928 1936 1208 1995 σέσωσται,
1261 1937 1418 1993 Οὕτω
1478 1939 1673 2011 χρῆμα
1730 1937 1936 2007 θαυμα-

281 2032 403 2085 στὸν
546 2029 853 2099 οἰκονομία.
907 2027 1003 2081 Καί
1062 2028 1111 2099 γ’
1170 2028 1334 2097 ἡμεῖς
1387 2023 1535 2100 εἷ’περ
1571 2024 1939 2096 οἰκονομικῶς

281 2122 372 2175 τὸν
422 2118 801 2193 ἐπηρτημένον
859 2113 1109 2171 κίνδυνον
1162 2116 1449 2191 φύγοιμεν,
1505 2113 1613 2188 οὐχ
1660 2113 1810 2176 ὅπως
1865 2112 1942 2175 εἷς

286 2208 551 2283 ἁμαρτίαν
614 2206 1042 2283 λογισθήσεται,
1098 2205 1244 2259 ἀλλά
1300 2205 1389 2258 καὶ
1448 2200 1940 2279 προσαποδέξονται

286 2301 338 2354 οἱ
392 2300 645 2373 γνώσεως
703 2296 925 2371 ἀρίστης
980 2290 1274 2365 ἐπήϐολοι.
1327 2296 1509 2367 Ὑμεῖς
1565 2290 1644 2360 δὲ,
1676 2290 1804 2347 ἀλλ’
1863 2292 1936 2353 ὡς

285 2389 469 2444 ἀκούω
503 2436 517 2460 ,
576 2386 666 2442 καί
724 2387 1002 2462 ἀρχιερεῖς
1060 2385 1136 2445 εἰς
1194 2388 1355 2438 τοῦτο
1418 2380 1941 2457 συγκατανεύσαντας

284 2478 717 2555 ἀποστρέφεσθε,
784 2476 873 2529 καὶ
948 2475 1048 2543 τήν
1106 2472 1438 2543 Ἐκκλησίαν
1497 2478 1755 2547 πειρᾶσθε
1809 2470 1939 2545 σχί-

290 2574 415 2638 ζειν,
472 2566 562 2622 καὶ
612 2568 771 2638 ἡμῖν,
799 2564 875 2626 ὡς
926 2562 1211 2633 ἤκουσται,
1245 2568 1568 2637 καταρᾶσθε.
1604 2562 1686 2618 Τά
1721 2560 1813 2633 μὲν
1844 2558 1938 2613 οὗν

291 2776 397 2830 ἀίω
429 2791 560 2830 cum
604 2772 864 2829 Ecclesia
910 2772 1174 2827 Romana
1220 2770 1522 2841 negotium
1571 2770 1720 2825 387
1758 2767 1941 2824 conti-

293 2864 441 2933 neri,
469 2861 1173 2934 primatu,appellatione,
1191 2859 1770 2915 commemoratione.
1792 2861 1942 2922 Quo-

297 2969 427 3007 rum
476 2951 961 3022 unumquodque,
1009 2948 1058 3002 si
1109 2948 1241 3019 quis
1292 2952 1445 3003 recte
1494 2947 1843 3015 consideret,
1887 2946 1945 2999 in

298 3058 511 3095 vanum
542 3041 837 3095 abiturum
873 3042 1170 3110 appareat.
1198 3038 1440 3100 Quando
1476 3036 1629 3091 enim
1666 3040 1947 3089 venturus

300 3129 863 3201 Constantinopolim
890 3145 1039 3199 papa
1059 3127 1350 3199 primatus
1372 3127 1541 3181 istius
1561 3126 1652 3180 sui
1672 3142 1737 3180 ac
1756 3124 1946 3197 praesi-

303 3221 510 3276 dentiae
542 3236 796 3290 praesens
832 3219 911 3273 sit
944 3218 1376 3289 possessionem
1408 3215 1720 3271 aditurus?
1766 3216 1944 3279 Quem

293 3319 487 3366 autem
516 3315 789 3381 putarent
811 3326 1045 3363 causam
1078 3309 1164 3361 hic
1184 3308 1473 3362 dicentem
1499 3311 1946 3377 provocaturum

294 3405 562 3465 Romam,
595 3403 651 3454 et
700 3403 862 3453 tanto
911 3396 1213 3451 intervallo
1245 3396 1393 3451 vasti
1445 3396 1648 3466 maris,
1680 3394 1779 3450 lite
1811 3395 1949 3450 illuc

296 3489 599 3561 sequenda
621 3489 719 3554 jus
744 3504 811 3542 ex
835 3485 1241 3557 provocatione
1265 3487 1657 3557 cognoscendi
1680 3501 1951 3539 assensu-

298 3597 427 3634 rum
456 3583 717 3633 Romano
744 3576 1045 3632 Pontifici?
1070 3575 1388 3629 Mumorari
1419 3578 1612 3629 autem
1637 3574 1855 3645 Papam
1888 3574 1949 3628 in

296 3674 497 3725 nostro
528 3667 806 3738 primario
852 3670 909 3721 et
960 3664 1336 3736 patriarchali
1384 3663 1625 3735 templo,
1660 3664 1718 3717 in
1771 3662 1951 3718 altero

300 3760 441 3814 item
479 3758 578 3812 illo
611 3760 800 3811 vestro
828 3772 1061 3826 magno,
1086 3754 1270 3809 sacris
1295 3759 1571 3824 operante
1594 3752 1949 3824 patriarcha,

297 3848 437 3919 quid
496 3846 701 3917 utique
752 3862 783 3900 a
832 3849 987 3899 recto
1038 3843 1376 3898 exorbitans
1429 3842 1609 3897 videri
1657 3842 1955 3913 sapienter

300 3936 735 3993 aestimantibus
792 3933 1008 4006 queat?
1054 3934 1141 3987 An
1200 3932 1342 3987 latet
1387 3932 1705 4003 prudentes
1756 3947 1950 3986 rerum

297 4043 474 4099 quam
494 4023 862 4096 obsequiosis
880 4022 1524 4078 accommodationibus
1548 4020 1956 4076 consueverint

300 4116 500 4171 Patres
526 4114 775 4168 libenter
807 4112 1095 4167 redimere
1119 4110 1386 4183 publicas
1411 4110 1731 4165 utilitates?
1747 4110 1953 4164 Exem-

298 4205 394 4278 plo
446 4204 652 4274 utique
701 4202 889 4273 ipsius
944 4200 1067 4267 Dei,
1116 4217 1231 4255 non
1286 4199 1595 4271 indignum
1648 4199 1956 4269 majestate

299 4310 409 4348 sua
440 4293 547 4347 rati
584 4290 1028 4347 accommodare
1060 4305 1189 4344 sese
1222 4288 1390 4345 nobis
1433 4305 1620 4359 usque
1650 4288 1719 4343 ad
1753 4305 1957 4343 susce-

301 4383 563 4456 ptionem
600 4380 875 4435 humana:
913 4383 1152 4447 naturae,
1177 4382 1235 4433 et
1266 4379 1324 4433 in
1357 4367 1423 4433 eo
1458 4378 1585 4450 ipso
1618 4382 1957 4433 nostrorum

300 4471 482 4529 simili
516 4474 825 4541 assumpto
880 4485 1121 4539 corpore
1175 4466 1607 4539 perpessionem
1660 4469 1852 4523 erucis
1905 4472 1961 4523 et

300 4561 532 4617 mortis.
592 4560 717 4624 Qua
785 4557 1213 4630 benignissima
1277 4572 1564 4629 supremae
1624 4557 1960 4613 Divinitatis

2051 1935 2256 2011 ἑτέροις
2301 1942 2395 1991 τοῦ
2452 1939 2721 2012 βασιλέως
2764 1939 3377 2017 καταδημαγωγοῦντος
3422 1942 3549 2003 τοὺς
3605 1947 3705 2010 τῆς

2053 2023 2382 2095 Ἐκκλησίας
2433 2026 2770 2102 προέχοντας
2804 2074 2817 2099 ,
2879 2029 3071 2084 ἐκεῖνοι
3114 2030 3205 2085 καὶ
3263 2031 3502 2104 ἀπρεπὲς
3557 2030 3706 2106 σφίσι

2051 2117 2381 2188 καταρᾶσθαι
2414 2121 2493 2189 τῷ
2523 2118 2740 2192 βασιλεῖ
2767 2118 2857 2172 καὶ
2890 2116 3078 2181 ἄλλως
3100 2116 3429 2181 κινδυνῶδες
3444 2120 3703 2196 ἡγοῦντο,

2051 2201 2140 2256 καὶ
2190 2202 2413 2276 πάμπαν
2477 2203 2525 2276 ἐξ
2585 2204 2752 2275 αὐτῆς
2798 2205 3159 2279 ἀπηρνοῦντο,
3208 2210 3297 2278 [Ρ.
3329 2209 3459 2281 264]
3517 2206 3607 2261 καί
3647 2228 3709 2284 γε

2052 2296 2185 2367 σφᾶς
2242 2292 2380 2365 πρὸς
2436 2294 2706 2367 τιμωρίας
2762 2294 2997 2367 ἑτοίμως
3058 2292 3347 2363 ἐδίδοσαν,
3382 2294 3427 2350 εί
3485 2294 3708 2366 ἀληθῶς

2049 2377 2397 2455 ἐλέγχοιντο.
2450 2382 2523 2439 Τὸ
2558 2381 2615 2438 δὲ
2653 2384 2792 2458 πρὸς
2847 2383 2978 2446 τοὺς
3029 2386 3308 2460 ἀρχιερεῖς
3363 2382 3709 2462 διαφέρεσθαι

2055 2471 2130 2541 μή
2190 2471 2323 2524 εἶναι
2370 2476 2478 2526 τῶν
2538 2474 2842 2529 ἀπεικότων
2889 2472 3077 2551 ἔλεγον
3114 2492 3128 2507 ·
3184 2472 3562 2549 διισταμένους
3604 2474 3707 2552 γὰρ

2047 2560 2447 2637 ταῖς.πράξεσι
2505 2562 2631 2625 τοὺς
2689 2563 2888 2641 λόγους
2947 2563 3221 2627 ἐναντίους
3268 2570 3541 2631 ποιεῖσθαι
3597 2569 3709 2621 τῶν

2053 2766 2335 2838 plicatum
2369 2770 2577 2826 notitia
2614 2776 2865 2829 constet.
2892 2772 3091 2844 Neque
3120 2773 3274 2830 enim
3311 2773 3453 2830 talia
3482 2774 3570 2830 vel
3603 2791 3709 2832 no-

2054 2857 2145 2912 bis
2193 2858 2395 2914 audire
2427 2860 2701 2916 decorum
2755 2866 2844 2918 est
2894 2862 3045 2918 388
3079 2862 3167 2918 vel
3215 2863 3377 2920 vobis
3431 2880 3708 2922 securum

2056 2945 2235 3017 loqui,
2267 2952 2325 3001 et
2356 2947 2567 3004 falsum
2598 2950 2861 3006 incutere
2893 2950 3109 3023 populo
3144 2952 3571 3023 metum,quasi
3602 2970 3708 3009 nos

2057 3035 2309 3092 ulterius
2340 3055 2518 3109 quam
2554 3039 2942 3110 praeferimus,
2971 3040 3157 3097 simus
3187 3041 3247 3095 in
3280 3040 3391 3097 hoc
3421 3042 3583 3113 pacis
3615 3058 3713 3098 ne-

2058 3126 2215 3197 gotio
2276 3130 2632 3199 processuri,
2666 3133 2722 3184 et
2769 3130 2829 3185 in
2880 3130 3077 3187 animo
3136 3131 3461 3188 habeamus
3518 3149 3712 3190 mores

2061 3218 2236 3272 etiam
2269 3221 2324 3271 et
2356 3219 2504 3273 ritus
2538 3224 2769 3274 nostros
2815 3224 3177 3276 commutare
3207 3237 3343 3277 cum
3393 3221 3616 3278 Latinis
3645 3238 3712 3277 ac

2064 3324 2164 3378 per
2194 3306 2392 3361 omnia
2423 3308 2578 3362 idem
2611 3325 2745 3364 cum
2776 3308 2893 3364 illis
2925 3309 3206 3381 proﬁteri.
3238 3311 3365 3365 Haec
3415 3328 3481 3367 ac
3530 3310 3711 3382 liqui-

2055 3397 2219 3463 dum,
2256 3397 2336 3451 uti
2372 3396 2512 3467 dixi,
2546 3396 2890 3469 explorandi
2932 3416 3089 3454 nunc
3128 3404 3363 3471 tempus
3394 3405 3514 3469 est;
3547 3400 3713 3456 dabi-

2058 3502 2304 3555 musque
2331 3502 2570 3558 operam
2604 3492 2668 3542 ut
2699 3488 2769 3543 de
2799 3488 2872 3543 iis
2896 3487 3069 3559 plane
3092 3493 3338 3545 constet.
3365 3492 3427 3545 In
3452 3506 3710 3561 prasens

2056 3575 2300 3630 consilio
2332 3581 2524 3632 vestro
2565 3593 2841 3649 egemus;
2876 3594 3056 3649 quare
3103 3579 3261 3633 dicat
3300 3579 3712 3650 unusquisque

2058 3664 2213 3735 quod
2241 3665 2290 3719 ei
2326 3664 2634 3720 videbitur.
2668 3667 2920 3722 Tantum
2949 3684 3020 3722 ne
3042 3666 3220 3723 nimis
3249 3668 3555 3740 indulgeat
3586 3684 3715 3739 pro-

2058 3752 2184 3824 prio
2217 3752 2469 3821 effectui,
2494 3754 2604 3809 sibi
2639 3755 2810 3811 unice
2839 3755 3098 3827 placens,
3123 3756 3223 3812 sed
3255 3773 3391 3812 cum
3423 3756 3502 3813 sit
3529 3755 3712 3813 eccle-

2059 3841 2354 3907 siasticus,
2400 3841 2794 3899 ecclesiastica
2849 3844 3154 3916 loquatur;
3189 3847 3345 3917 quod
3395 3846 3554 3902 enim
3605 3864 3713 3903 nos

2060 3935 2249 4002 urget,
2284 3947 2468 3985 unum
2493 3937 2603 3999 est,
2628 3933 2885 4005 effugere
2911 3934 3262 4005 periculum,
3292 3935 3625 3992 inevitabile
3652 3936 3715 3991 ni

2038 4019 2183 4074 haec
2235 4019 2502 4076 facimus.
2537 4022 2835 4086 Quantum
2884 4027 3079 4078 autem
3122 4022 3182 4078 id
3233 4022 3562 4095 periculum
3614 4026 3715 4094 sit,

2063 4111 2312 4182 quisque
2343 4111 2499 4182 apud
2527 4128 2589 4167 se
2616 4111 2881 4183 cogitans
2904 4112 3154 4169 aestimet
3176 4115 3497 4184 prudenter
3526 4116 3716 4187 prius,

2061 4204 2118 4257 et
2148 4201 2232 4255 sic
2282 4200 2424 4272 quid
2476 4217 2626 4271 opus
2678 4202 2827 4257 facto
2876 4202 3103 4273 judicet
3151 4202 3326 4258 dicat.
3364 4203 3531 4260 Certe
3590 4221 3720 4273 nos,

2064 4291 2288 4361 absque
2327 4290 2440 4346 isto
2494 4289 2752 4362 periculo
2801 4292 2965 4358 foret,
2998 4291 3114 4347 ista
3163 4308 3280 4347 non
3331 4308 3721 4350 moveremus.

2068 4380 2276 4435 Inutile
2308 4385 2504 4435 autem
2555 4380 2731 4435 fuerit
2773 4386 3035 4437 vestrum
3068 4381 3408 4453 quempiam
3458 4386 3581 4439 tota
3611 4384 3726 4439 ista

2065 4470 2137 4525 de
2169 4486 2227 4523 re
2257 4469 2644 4537 deliberandi,
2672 4470 2841 4543 quasi
2866 4472 2995 4543 jam
3028 4471 3276 4543 integra,
3303 4471 3596 4543 judicium
3632 4490 3727 4527 su-

2067 4576 2243 4614 mere.
2272 4559 2373 4615 His
2406 4569 2501 4614 aut
2534 4560 2716 4629 hujus
2747 4560 3049 4617 sententia;
3082 4561 3277 4617 verbis
3308 4578 3443 4617 cum
3477 4561 3725 4618 delinire

299 4667 473 4708 carne
502 4650 727 4705 indutae
757 4649 826 4703 ad
863 4652 1095 4703 nostras
1136 4647 1405 4701 miserias
1444 4647 1802 4703 demissione
1832 4647 1958 4702 orbi
1986 4636 2039 4703 Ι)
2069 4649 2383 4721 sategisset
2430 4649 2750 4720 imperator
2801 4650 3202 4722 praecellentes
3233 4651 3293 4706 in
3324 4649 3607 4717 Ecclesia,
3637 4650 3727 4706 illi

301 4741 577 4797 universo
628 4744 824 4809 parata
875 4737 1035 4793 salus
1067 4740 1175 4791 est.
1209 4735 1387 4791 Nobis
1420 4736 1600 4807 igitur
1649 4737 1792 4791 adeo
1843 4753 1956 4792 non

301 4830 693 4902 imputabitur
738 4829 809 4882 ad
861 4827 1119 4898 culpam,
1154 4825 1201 4880 si
1233 4825 1559 4896 periculum
1612 4825 1959 4897 impendens

305 4919 490 4976 simili
532 4918 1074 4976 accommodatione
1119 4914 1718 4981 declinaverimus,ut
1769 4916 1960 4985 potius

301 5027 370 5066 eo
405 5009 642 5065 nomine
675 5007 877 5080 peritis
901 5022 1094 5062 rerum
1123 5009 1179 5059 et
1202 5005 1640 5077 perspicacibus
1668 5020 1963 5061 commen-

303 5100 484 5155 dandi
516 5098 727 5154 simus.
757 5096 872 5152 Vos
918 5112 1050 5151 vero
1101 5094 1279 5150 etiam
1327 5094 1655 5166 episc0pos,
1690 5095 1792 5165 qui
1841 5099 1961 5148 tam

290 5188 478 5261 justis
511 5186 749 5242 adducti
800 5185 997 5241 causis
1050 5184 1356 5239 nobiscum
1390 5184 1670 5253 sentiunt,
1727 5200 1959 5239 aversa—

298 5277 467 5343 mini,
502 5282 565 5331 ut
606 5274 802 5349 audio,
836 5280 893 5329 et
924 5271 1245 5327 Ecclesiam
1301 5272 1597 5327 conamini
1647 5273 1913 5328 scindere
1947 5288 1960 5327 :

300 5368 423 5421 imo
455 5366 648 5435 nobis,
683 5369 748 5419 ut
800 5364 1001 5430 fertur,
1038 5361 1189 5417 male
1233 5363 1578 5433 peccamini.
1616 5363 1715 5417 His
1769 5364 1960 5433 provi-

302 5458 479 5514 dendi
515 5474 672 5512 nunc
703 5461 940 5527 tempus
971 5458 1080 5521 est,
1115 5458 1170 5508 et
1216 5458 1350 5508 ante
1394 5454 1593 5509 omnia
1625 5452 1963 5524 explorandi

300 5548 375 5603 ad
410 5546 707 5618 liquidum
743 5545 880 5616 quid
930 5559 1060 5598 vere
1094 5543 1152 5597 in
1186 5560 1246 5597 re
1280 5544 1376 5609 sit,
1409 5548 1471 5597 ut
1518 5547 1576 5599 et
1622 5543 1786 5597 vobis
1822 5544 1964 5614 quid

303 5653 415 5692 nos
445 5635 718 5702 velimus,
753 5640 810 5690 et
862 5632 1031 5689 nobis
1062 5632 1203 5703 quid
1255 5650 1357 5689 vos
1406 5637 1507 5688 aut
1556 5633 1825 5703 cogitetis
1866 5640 1967 5687 aut

303 5725 792 5798 egeritis,mutuo
816 5727 1186 5797 perspectum
1212 5722 1503 5796 plenaque
1524 5721 1831 5795 sigillatim
1865 5739 1963 5778 ex-

634 5846 896 5905 PATROL.
943 5843 1056 5905 GR.
1101 5842 1356 5903 CXLIII.

2068 4744 2202 4793 ante
2234 4738 2433 4793 omnia
2462 4738 2684 4794 crimen
2715 4738 2939 4795 diluere
2970 4744 3253 4796 curarunt
3284 4756 3402 4812 quo
3435 4746 3607 4796 erant
3635 4740 3728 4795 in-

2069 4827 2325 4884 simulati
2360 4827 2733 4883 maledixisse
2765 4828 3019 4900 principi
3052 4845 3065 4884 :
3100 4828 3158 4883 id
3190 4828 3349 4884 enim
3378 4829 3551 4885 valde
3580 4828 3728 4901 ipsis

2067 4916 2433 4987 indecorum,
2458 4932 2559 4972 nec
2582 4916 2778 4971 minus
2802 4915 3040 4971 aliunde
3062 4915 3461 4988 periculosum
3484 4918 3731 4974 arbitra-

2070 5006 2307 5061 bantur.
2340 5005 2529 5069 Quare
2571 5005 2629 5061 id
2661 5005 2971 5061 confestim
3012 5005 3246 5061 infitiati
3279 5011 3441 5075 sunt,
3475 5009 3532 5061 et
3560 5022 3623 5063 se
3659 5008 3734 5065 ad

2072 5095 2291 5167 quaevis
2323 5095 2635 5151 subeunda
2679 5099 2914 5166 paratos
2955 5093 3248 5167 supplicia
3280 5094 3648 5164 obtulerunt,
3682 5099 3735 5153 si

2070 5201 2203 5242 vere
2233 5185 2303 5239 de
2344 5183 2453 5239 hoc
2498 5184 3008 5239 convincerentur.
3042 5184 3343 5240 Dissidere
3375 5189 3574 5241 autem
3611 5202 3739 5243 sese

2074 5274 2145 5330 ab
2186 5272 2499 5344 episcopis,
2534 5272 2635 5343 qui
2666 5273 3020 5327 contrariam
3070 5272 3325 5343 amplexi
3375 5275 3735 5332 sententiam

2074 5365 2295 5429 essent,
2329 5360 2480 5416 ultro
2513 5366 2652 5416 sunt
2697 5361 2837 5417 fassi
2873 5378 2887 5416 :
2921 5364 3022 5417 sed
3054 5362 3111 5415 id
3145 5379 3259 5417 non
3294 5379 3426 5419 esse
3457 5363 3739 5421 inconve-

2076 5452 2242 5507 niens
2271 5450 2563 5518 dixerunt,
2598 5466 2733 5505 cum
2781 5452 2947 5507 valde
2976 5456 3133 5507 esset
3186 5468 3557 5525 consequens
3600 5470 3739 5509 con-

2076 5540 2290 5596 trarios
2318 5556 2521 5595 eorum
2570 5555 2699 5595 esse
2748 5556 2962 5597 sensus
3013 5548 3071 5597 et
3121 5558 3449 5611 sermones,
3486 5558 3739 5612 quorum

2076 5634 2275 5687 essent
2324 5630 2475 5685 facta
2531 5631 2847 5687 contraria.
2878 5635 3168 5689 Caeterum
3218 5631 3276 5685 in
3333 5630 3444 5686 hoc
3492 5632 3744 5687 dissidio

2078 5723 2343 5777 versatos
2373 5719 2518 5776 citra
2551 5719 3025 5779 maledicentiam
3058 5720 3118 5777 in
3150 5719 3543 5790 adversarios,
3576 5721 3745 5793 quid-

3336 5840 3415 5898 27
