  <div class='ocr_page' id='page_1' title='image "/cluster/home/n/w/nwhite01/storage/ocr_20150623/143:no.1/coo.31924054870484/429.png"; bbox 0 0 4080 6402; ppageno 0'>
   <div class='ocr_carea' id='block_1_1' title="bbox 469 416 578 475">
    <p class='ocr_par' dir='ltr' id='par_1_1' title="bbox 469 416 578 475">
     <span class='ocr_line' id='line_1_1' title="bbox 469 416 578 475; baseline 0 -2"><span class='ocrx_word' id='word_1_1' title='bbox 469 416 578 475; x_wconf 77' lang='grc'><strong>843</strong></span> 
     </span>
    </p>
   </div>
   <div class='ocr_carea' id='block_1_2' title="bbox 1776 406 2585 468">
    <p class='ocr_par' dir='ltr' id='par_1_2' title="bbox 1776 406 2585 468">
     <span class='ocr_line' id='line_1_2' title="bbox 1776 406 2585 468; baseline 0.002 -2"><span class='ocrx_word' id='word_1_2' title='bbox 1776 406 2082 467; x_wconf 76' lang='lat' dir='ltr'><strong>GEORGII</strong></span> <span class='ocrx_word' id='word_1_3' title='bbox 2119 408 2585 468; x_wconf 74' lang='lat' dir='ltr'><strong>PACHYMEBE</strong></span> 
     </span>
    </p>
   </div>
   <div class='ocr_carea' id='block_1_3' title="bbox 3797 417 3895 510">
    <p class='ocr_par' dir='ltr' id='par_1_3' title="bbox 3797 417 3895 510">
     <span class='ocr_line' id='line_1_3' title="bbox 3797 417 3895 510; baseline 0.02 -39"><span class='ocrx_word' id='word_1_4' title='bbox 3797 417 3895 510; x_wconf 51' lang='grc' dir='ltr'><strong>δίς</strong></span> 
     </span>
    </p>
   </div>
   <div class='ocr_carea' id='block_1_4' title="bbox 469 528 3881 615">
    <p class='ocr_par' dir='ltr' id='par_1_4' title="bbox 469 528 3881 615">
     <span class='ocr_line' id='line_1_4' title="bbox 469 528 3881 615; baseline -0.004 -19"><span class='ocrx_word' id='word_1_5' title='bbox 469 539 590 597; x_wconf 98' lang='grc' dir='ltr'>λίαν</span> <span class='ocrx_word' id='word_1_6' title='bbox 624 533 947 601; x_wconf 77' lang='grc' dir='ltr'>ἀκολούθων</span> <span class='ocrx_word' id='word_1_7' title='bbox 1007 533 1164 592; x_wconf 82' lang='grc' dir='ltr'>εῖναι.</span> <span class='ocrx_word' id='word_1_8' title='bbox 1216 532 1374 601; x_wconf 79' lang='grc' dir='ltr'>Πλὴν</span> <span class='ocrx_word' id='word_1_9' title='bbox 1427 532 1489 587; x_wconf 81' lang='grc' dir='ltr'>ού</span> <span class='ocrx_word' id='word_1_10' title='bbox 1538 528 2001 608; x_wconf 78' lang='grc' dir='ltr'>κακολογοῦντας,</span> <span class='ocrx_word' id='word_1_11' title='bbox 2051 529 2127 593; x_wconf 87' lang='grc' dir='ltr'><strong>ὡς</strong></span> <span class='ocrx_word' id='word_1_12' title='bbox 2153 536 2203 603; x_wconf 82' lang='grc' dir='ltr'><strong>Α</strong></span> <span class='ocrx_word' id='word_1_13' title='bbox 2238 528 2540 598; x_wconf 77' lang='grc' dir='ltr'>ἀκινδύνως</span> <span class='ocrx_word' id='word_1_14' title='bbox 2594 536 2686 591; x_wconf 85' lang='grc' dir='ltr'>τὸν</span> <span class='ocrx_word' id='word_1_15' title='bbox 2742 532 2993 592; x_wconf 88' lang='grc' dir='ltr'>κίνδυνον</span> <span class='ocrx_word' id='word_1_16' title='bbox 3024 533 3211 599; x_wconf 80' lang='grc' dir='ltr'>ἄλλως</span> <span class='ocrx_word' id='word_1_17' title='bbox 3243 534 3604 615; x_wconf 73' lang='grc' dir='ltr'>ἐκφύγοιμεν,</span> <span class='ocrx_word' id='word_1_18' title='bbox 3654 538 3881 597; x_wconf 82' lang='grc' dir='ltr'>Ἦσανδ</span> 
     </span>
    </p>
   </div>
   <div class='ocr_carea' id='block_1_5' title="bbox 467 617 2130 703">
    <p class='ocr_par' dir='ltr' id='par_1_5' title="bbox 467 617 2130 703">
     <span class='ocr_line' id='line_1_5' title="bbox 467 617 2130 703; baseline -0.005 -19"><span class='ocrx_word' id='word_1_19' title='bbox 467 625 623 685; x_wconf 79' lang='grc' dir='ltr'>αὐτοί</span> <span class='ocrx_word' id='word_1_20' title='bbox 681 646 833 703; x_wconf 80' lang='grc' dir='ltr'>φασι,</span> <span class='ocrx_word' id='word_1_21' title='bbox 888 623 980 679; x_wconf 86' lang='grc' dir='ltr'><strong>καὶ</strong></span> <span class='ocrx_word' id='word_1_22' title='bbox 1007 624 1108 695; x_wconf 79' lang='grc' dir='ltr'>τὴν</span> <span class='ocrx_word' id='word_1_23' title='bbox 1167 620 1482 678; x_wconf 86' lang='grc' dir='ltr'>κατάνευσιν</span> <span class='ocrx_word' id='word_1_24' title='bbox 1542 617 1902 689; x_wconf 81' lang='grc' dir='ltr'><strong>ὀνειδίζοντας</strong></span> <span class='ocrx_word' id='word_1_25' title='bbox 1960 617 2130 698; x_wconf 76' lang='grc' dir='ltr'>σφίσι.</span> 
     </span>
    </p>
   </div>
   <div class='ocr_carea' id='block_1_6' title="bbox 468 708 2133 791">
    <p class='ocr_par' dir='ltr' id='par_1_6' title="bbox 468 708 2133 791">
     <span class='ocr_line' id='line_1_6' title="bbox 468 708 2133 791; baseline -0.006 -18"><span class='ocrx_word' id='word_1_26' title='bbox 468 715 706 790; x_wconf 83' lang='grc' dir='ltr'>Γνώμης</span> <span class='ocrx_word' id='word_1_27' title='bbox 738 716 843 791; x_wconf 75' lang='grc' dir='ltr'><strong>γαρ</strong></span> <span class='ocrx_word' id='word_1_28' title='bbox 879 710 1019 776; x_wconf 78' lang='grc' dir='ltr'>ἰδίας</span> <span class='ocrx_word' id='word_1_29' title='bbox 1048 710 1272 767; x_wconf 68' lang='grc' dir='ltr'>ἕκαστον</span> <span class='ocrx_word' id='word_1_30' title='bbox 1304 710 1441 766; x_wconf 79' lang='grc' dir='ltr'>εἶναι</span> <span class='ocrx_word' id='word_1_31' title='bbox 1465 708 1676 785; x_wconf 81' lang='grc' dir='ltr'>κύριον,</span> <span class='ocrx_word' id='word_1_32' title='bbox 1708 710 1798 765; x_wconf 85' lang='grc' dir='ltr'><strong>καὶ</strong></span> <span class='ocrx_word' id='word_1_33' title='bbox 1829 709 1858 764; x_wconf 81' lang='grc' dir='ltr'><strong>’ὀ</strong></span> <span class='ocrx_word' id='word_1_34' title='bbox 1890 710 2133 786; x_wconf 78' lang='grc' dir='ltr'>σήμερον</span> 
     </span>
    </p>
   </div>
   <div class='ocr_carea' id='block_1_7' title="bbox 464 797 2133 878">
    <p class='ocr_par' dir='ltr' id='par_1_7' title="bbox 464 797 2133 878">
     <span class='ocr_line' id='line_1_7' title="bbox 464 797 2133 878; baseline -0.007 -15"><span class='ocrx_word' id='word_1_35' title='bbox 464 804 531 862; x_wconf 77' lang='grc' dir='ltr'><strong>οἷ)</strong></span> <span class='ocrx_word' id='word_1_36' title='bbox 564 803 718 861; x_wconf 88' lang='grc' dir='ltr'>δοκεῖ</span> <span class='ocrx_word' id='word_1_37' title='bbox 745 825 874 874; x_wconf 86' lang='grc' dir='ltr'>τινι,</span> <span class='ocrx_word' id='word_1_38' title='bbox 905 799 1097 878; x_wconf 70' lang='grc' dir='ltr'>αὔριον</span> <span class='ocrx_word' id='word_1_39' title='bbox 1130 799 1264 863; x_wconf 71' lang='grc' dir='ltr'>ἴσως</span> <span class='ocrx_word' id='word_1_40' title='bbox 1297 800 1554 877; x_wconf 75' lang='grc' dir='ltr'>στέρξειν,</span> <span class='ocrx_word' id='word_1_41' title='bbox 1597 798 1687 855; x_wconf 88' lang='grc' dir='ltr'><strong>καὶ</strong></span> <span class='ocrx_word' id='word_1_42' title='bbox 1736 799 2037 873; x_wconf 77' lang='grc' dir='ltr'>ἀγαπήσειν</span> <span class='ocrx_word' id='word_1_43' title='bbox 2072 797 2133 852; x_wconf 75' lang='grc' dir='ltr'>οὗ</span> 
     </span>
    </p>
   </div>
   <div class='ocr_carea' id='block_1_8' title="bbox 465 887 2134 970">
    <p class='ocr_par' dir='ltr' id='par_1_8' title="bbox 465 887 2134 970">
     <span class='ocr_line' id='line_1_8' title="bbox 465 887 2134 970; baseline -0.007 -17"><span class='ocrx_word' id='word_1_44' title='bbox 465 891 825 970; x_wconf 77' lang='grc' dir='ltr'>παλίμϐολόν</span> <span class='ocrx_word' id='word_1_45' title='bbox 856 913 978 948; x_wconf 90' lang='grc' dir='ltr'>τινα</span> <span class='ocrx_word' id='word_1_46' title='bbox 1008 887 1137 947; x_wconf 75' lang='grc' dir='ltr'>ὄντα</span> <span class='ocrx_word' id='word_1_47' title='bbox 1158 890 1246 946; x_wconf 78' lang='grc' dir='ltr'><strong>καὶ</strong></span> <span class='ocrx_word' id='word_1_48' title='bbox 1278 891 1417 946; x_wconf 73' lang='grc' dir='ltr'>κατὰ</span> <span class='ocrx_word' id='word_1_49' title='bbox 1435 889 1498 945; x_wconf 84' lang='grc' dir='ltr'>τὸ</span> <span class='ocrx_word' id='word_1_50' title='bbox 1522 889 1693 965; x_wconf 90' lang='grc' dir='ltr'>τυχὸν</span> <span class='ocrx_word' id='word_1_51' title='bbox 1714 888 2134 963; x_wconf 79' lang='grc' dir='ltr'><strong>ἐκτρεπόμενον,</strong></span> 
     </span>
    </p>
   </div>
   <div class='ocr_carea' id='block_1_9' title="bbox 476 976 2132 1060">
    <p class='ocr_par' dir='ltr' id='par_1_9' title="bbox 476 976 2132 1060">
     <span class='ocr_line' id='line_1_9' title="bbox 476 976 2132 1060; baseline -0.007 -18"><span class='ocrx_word' id='word_1_52' title='bbox 476 984 625 1042; x_wconf 80' lang='grc' dir='ltr'>ἀλλὰ</span> <span class='ocrx_word' id='word_1_53' title='bbox 655 976 948 1060; x_wconf 64' lang='grc' dir='ltr'>λογισμοῖς</span> <span class='ocrx_word' id='word_1_54' title='bbox 980 979 1335 1050; x_wconf 76' lang='grc' dir='ltr'>δουλεύοντα,</span> <span class='ocrx_word' id='word_1_55' title='bbox 1375 978 1598 1034; x_wconf 70' lang='grc' dir='ltr'>ἐκείνων</span> <span class='ocrx_word' id='word_1_56' title='bbox 1652 976 2132 1052; x_wconf 86' lang='grc' dir='ltr'>μετακλινομένων</span> 
     </span>
    </p>
   </div>
   <div class='ocr_carea' id='block_1_10' title="bbox 477 1065 2135 1149">
    <p class='ocr_par' dir='ltr' id='par_1_10' title="bbox 477 1065 2135 1149">
     <span class='ocr_line' id='line_1_10' title="bbox 477 1065 2135 1149; baseline -0.006 -18"><span class='ocrx_word' id='word_1_57' title='bbox 477 1076 531 1139; x_wconf 83' lang='grc' dir='ltr'><strong>ές</strong></span> <span class='ocrx_word' id='word_1_58' title='bbox 563 1073 592 1131; x_wconf 80' lang='grc' dir='ltr'>ὃ</span> <span class='ocrx_word' id='word_1_59' title='bbox 638 1096 692 1130; x_wconf 87' lang='grc' dir='ltr'><strong>τι</strong></span> <span class='ocrx_word' id='word_1_60' title='bbox 723 1074 813 1129; x_wconf 89' lang='grc' dir='ltr'><strong>καὶ</strong></span> <span class='ocrx_word' id='word_1_61' title='bbox 847 1070 994 1144; x_wconf 81' lang='grc' dir='ltr'>δόξοι</span> <span class='ocrx_word' id='word_1_62' title='bbox 1029 1071 1305 1149; x_wconf 76' lang='grc' dir='ltr'>συμφέρον</span> <span class='ocrx_word' id='word_1_63' title='bbox 1338 1068 1429 1124; x_wconf 86' lang='grc' dir='ltr'><strong>καὶ</strong></span> <span class='ocrx_word' id='word_1_64' title='bbox 1460 1067 1657 1133; x_wconf 73' lang='grc' dir='ltr'>αὐτοὺς</span> <span class='ocrx_word' id='word_1_65' title='bbox 1704 1065 1983 1144; x_wconf 81' lang='grc' dir='ltr'>πράττειν.</span> <span class='ocrx_word' id='word_1_66' title='bbox 2034 1066 2135 1121; x_wconf 83' lang='grc' dir='ltr'>Καὶ</span> 
     </span>
    </p>
   </div>
   <div class='ocr_carea' id='block_1_11' title="bbox 480 1158 2134 1237">
    <p class='ocr_par' dir='ltr' id='par_1_11' title="bbox 480 1158 2134 1237">
     <span class='ocr_line' id='line_1_11' title="bbox 480 1158 2134 1237; baseline -0.005 -15"><span class='ocrx_word' id='word_1_67' title='bbox 480 1170 643 1222; x_wconf 79' lang='grc' dir='ltr'>τοῦτο</span> <span class='ocrx_word' id='word_1_68' title='bbox 675 1165 903 1221; x_wconf 78' lang='grc' dir='ltr'>εἶναιτὸ</span> <span class='ocrx_word' id='word_1_69' title='bbox 967 1163 1043 1237; x_wconf 80' lang='grc' dir='ltr'>μὴ</span> <span class='ocrx_word' id='word_1_70' title='bbox 1094 1162 1241 1236; x_wconf 84' lang='grc' dir='ltr'>παρᾶ</span> <span class='ocrx_word' id='word_1_71' title='bbox 1288 1159 1615 1233; x_wconf 79' lang='grc' dir='ltr'>συνείδησιν,</span> <span class='ocrx_word' id='word_1_72' title='bbox 1664 1161 1737 1223; x_wconf 84' lang='grc' dir='ltr'>ὡς</span> <span class='ocrx_word' id='word_1_73' title='bbox 1785 1158 2134 1233; x_wconf 71' lang='grc' dir='ltr'>πιστεύομεν.</span> 
     </span>
    </p>
   </div>
   <div class='ocr_carea' id='block_1_12' title="bbox 484 1250 2136 1332">
    <p class='ocr_par' dir='ltr' id='par_1_12' title="bbox 484 1250 2136 1332">
     <span class='ocr_line' id='line_1_12' title="bbox 484 1250 2136 1332; baseline -0.007 -18"><span class='ocrx_word' id='word_1_74' title='bbox 484 1257 564 1314; x_wconf 84' lang='grc' dir='ltr'>Τὸ</span> <span class='ocrx_word' id='word_1_75' title='bbox 596 1255 653 1312; x_wconf 69' lang='grc' dir='ltr'>δὲ</span> <span class='ocrx_word' id='word_1_76' title='bbox 681 1254 806 1332; x_wconf 87' lang='grc' dir='ltr'><strong>περὶ</strong></span> <span class='ocrx_word' id='word_1_77' title='bbox 849 1258 955 1308; x_wconf 82' lang='grc' dir='ltr'><strong>τῶν</strong></span> <span class='ocrx_word' id='word_1_78' title='bbox 989 1251 1365 1329; x_wconf 73' lang='grc' dir='ltr'>προκειμένων</span> <span class='ocrx_word' id='word_1_79' title='bbox 1412 1252 1562 1323; x_wconf 80' lang='grc' dir='ltr'>ἡμᾶς</span> <span class='ocrx_word' id='word_1_80' title='bbox 1613 1250 1935 1325; x_wconf 78' lang='grc' dir='ltr'>ἐρωτᾶσθαι,</span> <span class='ocrx_word' id='word_1_81' title='bbox 1985 1254 2136 1323; x_wconf 78' lang='grc' dir='ltr'>πρῶ-</span> 
     </span>
    </p>
   </div>
   <div class='ocr_carea' id='block_1_13' title="bbox 488 1337 2138 1420">
    <p class='ocr_par' dir='ltr' id='par_1_13' title="bbox 488 1337 2138 1420">
     <span class='ocr_line' id='line_1_13' title="bbox 488 1337 2138 1420; baseline -0.005 -19"><span class='ocrx_word' id='word_1_82' title='bbox 488 1367 578 1402; x_wconf 87' lang='grc' dir='ltr'><strong>τον</strong></span> <span class='ocrx_word' id='word_1_83' title='bbox 637 1346 730 1420; x_wconf 77' lang='grc' dir='ltr'><strong>μὶν</strong></span> <span class='ocrx_word' id='word_1_84' title='bbox 772 1345 846 1406; x_wconf 88' lang='grc' dir='ltr'>ὡς</span> <span class='ocrx_word' id='word_1_85' title='bbox 891 1343 953 1397; x_wconf 76' lang='grc' dir='ltr'>οὐ</span> <span class='ocrx_word' id='word_1_86' title='bbox 989 1341 1147 1415; x_wconf 87' lang='grc' dir='ltr'>μετὸν</span> <span class='ocrx_word' id='word_1_87' title='bbox 1186 1342 1320 1413; x_wconf 80' lang='grc' dir='ltr'>ἡμῖν</span> <span class='ocrx_word' id='word_1_88' title='bbox 1350 1347 1452 1409; x_wconf 78' lang='grc' dir='ltr'><strong>τῆς</strong></span> <span class='ocrx_word' id='word_1_89' title='bbox 1484 1337 1607 1415; x_wconf 83' lang='grc' dir='ltr'>περὶ</span> <span class='ocrx_word' id='word_1_90' title='bbox 1659 1338 1870 1394; x_wconf 70' lang='grc' dir='ltr'>τούτων</span> <span class='ocrx_word' id='word_1_91' title='bbox 1900 1339 2138 1412; x_wconf 70' lang='grc' dir='ltr'>σκέψεως</span> 
     </span>
    </p>
   </div>
   <div class='ocr_carea' id='block_1_14' title="bbox 483 1426 2137 1508">
    <p class='ocr_par' dir='ltr' id='par_1_14' title="bbox 483 1426 2137 1508">
     <span class='ocr_line' id='line_1_14' title="bbox 483 1426 2137 1508; baseline -0.006 -15"><span class='ocrx_word' id='word_1_92' title='bbox 483 1435 545 1492; x_wconf 77' lang='grc' dir='ltr'>ἐκ</span> <span class='ocrx_word' id='word_1_93' title='bbox 597 1434 839 1490; x_wconf 83' lang='grc' dir='ltr'>κανόνων</span> <span class='ocrx_word' id='word_1_94' title='bbox 877 1474 892 1502; x_wconf 89' lang='grc'><strong>,</strong></span> <span class='ocrx_word' id='word_1_95' title='bbox 957 1432 1047 1487; x_wconf 80' lang='grc' dir='ltr'>ὑπ’</span> <span class='ocrx_word' id='word_1_96' title='bbox 1096 1432 1345 1508; x_wconf 86' lang='grc' dir='ltr'>ἀρχιερεῖ</span> <span class='ocrx_word' id='word_1_97' title='bbox 1398 1432 1621 1485; x_wconf 67' lang='grc' dir='ltr'>τελοῦσι</span> <span class='ocrx_word' id='word_1_98' title='bbox 1680 1428 1770 1484; x_wconf 87' lang='grc' dir='ltr'>καὶ</span> <span class='ocrx_word' id='word_1_99' title='bbox 1819 1426 2137 1507; x_wconf 75' lang='grc' dir='ltr'>ὀφείλουσιν</span> 
     </span>
    </p>
   </div>
   <div class='ocr_carea' id='block_1_15' title="bbox 479 1514 2140 1598">
    <p class='ocr_par' dir='ltr' id='par_1_15' title="bbox 479 1514 2140 1598">
     <span class='ocr_line' id='line_1_15' title="bbox 479 1514 2140 1598; baseline -0.005 -18"><span class='ocrx_word' id='word_1_100' title='bbox 479 1520 723 1594; x_wconf 77' lang='grc' dir='ltr'>ἕπεσθαι,</span> <span class='ocrx_word' id='word_1_101' title='bbox 753 1521 807 1578; x_wconf 82' lang='grc' dir='ltr'><strong>τί</strong></span> <span class='ocrx_word' id='word_1_102' title='bbox 838 1522 951 1598; x_wconf 82' lang='grc' dir='ltr'><strong>χρὴ</strong></span> <span class='ocrx_word' id='word_1_103' title='bbox 982 1519 1073 1576; x_wconf 85' lang='grc' dir='ltr'><strong>καὶ</strong></span> <span class='ocrx_word' id='word_1_104' title='bbox 1107 1518 1281 1596; x_wconf 84' lang='grc' dir='ltr'>λέγειν</span> <span class='ocrx_word' id='word_1_105' title='bbox 1311 1540 1325 1591; x_wconf 86' lang='lat'><strong>;</strong></span> <span class='ocrx_word' id='word_1_106' title='bbox 1384 1515 1533 1589; x_wconf 74' lang='grc' dir='ltr'>πλὴν</span> <span class='ocrx_word' id='word_1_107' title='bbox 1589 1515 1718 1573; x_wconf 83' lang='grc' dir='ltr'>ἀλλ’</span> <span class='ocrx_word' id='word_1_108' title='bbox 1746 1514 1970 1580; x_wconf 75' lang='grc' dir='ltr'>ἕκαστος</span> <span class='ocrx_word' id='word_1_109' title='bbox 2026 1515 2140 1589; x_wconf 75' lang='grc' dir='ltr'>ἰδίᾳ</span> 
     </span>
    </p>
   </div>
   <div class='ocr_carea' id='block_1_16' title="bbox 477 1602 2140 1686">
    <p class='ocr_par' dir='ltr' id='par_1_16' title="bbox 477 1602 2140 1686">
     <span class='ocr_line' id='line_1_16' title="bbox 585 1604 2105 1637; baseline -0.008 -2"><span class='ocrx_word' id='word_1_110' title='bbox 585 1615 599 1635; x_wconf 65' lang='grc'><strong>9</strong></span> <span class='ocrx_word' id='word_1_111' title='bbox 698 1611 712 1633; x_wconf 71' lang='grc'><strong><em>’</em></strong></span> <span class='ocrx_word' id='word_1_112' title='bbox 761 1612 775 1629; x_wconf 69' lang='lat'><strong>‘</strong></span> <span class='ocrx_word' id='word_1_113' title='bbox 1034 1610 1045 1629; x_wconf 67' lang='grc' dir='ltr'><strong><em>Ι</em></strong></span> <span class='ocrx_word' id='word_1_114' title='bbox 1317 1608 1332 1627; x_wconf 70' lang='lat'><strong>‘</strong></span> <span class='ocrx_word' id='word_1_115' title='bbox 1393 1605 1419 1629; x_wconf 65' lang='grc' dir='ltr'>ν</span> <span class='ocrx_word' id='word_1_116' title='bbox 1856 1604 1911 1626; x_wconf 51' lang='grc' dir='ltr'><strong>’ἢ</strong></span> <span class='ocrx_word' id='word_1_117' title='bbox 1946 1606 1961 1624; x_wconf 83' lang='lat'><strong><em>\</em></strong></span> <span class='ocrx_word' id='word_1_118' title='bbox 2074 1614 2105 1637; x_wconf 40' lang='grc' dir='ltr'><strong>Β.</strong></span> 
     </span>
     <span class='ocr_line' id='line_1_17' title="bbox 477 1602 2140 1686; baseline -0.005 -16"><span class='ocrx_word' id='word_1_119' title='bbox 477 1616 580 1670; x_wconf 79' lang='grc' dir='ltr'>καθ</span> <span class='ocrx_word' id='word_1_120' title='bbox 653 1633 813 1668; x_wconf 89' lang='grc' dir='ltr'>αυτον</span> <span class='ocrx_word' id='word_1_121' title='bbox 874 1610 1189 1686; x_wconf 79' lang='grc' dir='ltr'>έρωτασθω,</span> <span class='ocrx_word' id='word_1_122' title='bbox 1243 1629 1335 1664; x_wconf 89' lang='grc' dir='ltr'><strong>και</strong></span> <span class='ocrx_word' id='word_1_123' title='bbox 1397 1628 1524 1670; x_wconf 86' lang='grc' dir='ltr'>ισως</span> <span class='ocrx_word' id='word_1_124' title='bbox 1583 1602 1756 1685; x_wconf 74' lang='grc' dir='ltr'>φόϐος</span> <span class='ocrx_word' id='word_1_125' title='bbox 1812 1626 1993 1669; x_wconf 87' lang='grc' dir='ltr'>ουοεις</span> <span class='ocrx_word' id='word_1_126' title='bbox 2040 1628 2140 1677; x_wconf 77' lang='grc' dir='ltr'><strong>της</strong></span> 
     </span>
    </p>
   </div>
   <div class='ocr_carea' id='block_1_17' title="bbox 477 1695 2139 1778">
    <p class='ocr_par' dir='ltr' id='par_1_17' title="bbox 477 1695 2139 1778">
     <span class='ocr_line' id='line_1_18' title="bbox 477 1695 2139 1778; baseline -0.004 -20"><span class='ocrx_word' id='word_1_127' title='bbox 477 1709 577 1773; x_wconf 81' lang='grc' dir='ltr'><strong>σῆς</strong></span> <span class='ocrx_word' id='word_1_128' title='bbox 613 1698 892 1778; x_wconf 76' lang='grc' dir='ltr'>βασιλείας</span> <span class='ocrx_word' id='word_1_129' title='bbox 925 1699 1003 1762; x_wconf 84' lang='grc' dir='ltr'><strong>είς</strong></span> <span class='ocrx_word' id='word_1_130' title='bbox 1054 1696 1263 1774; x_wconf 76' lang='grc' dir='ltr'>βουλὴν</span> <span class='ocrx_word' id='word_1_131' title='bbox 1322 1696 1672 1772; x_wconf 81' lang='grc' dir='ltr'>προτιθείσης</span> <span class='ocrx_word' id='word_1_132' title='bbox 1727 1696 1788 1751; x_wconf 87' lang='grc' dir='ltr'>τὸ</span> <span class='ocrx_word' id='word_1_133' title='bbox 1837 1695 2139 1772; x_wconf 84' lang='grc' dir='ltr'>προκείμε-</span> 
     </span>
    </p>
   </div>
   <div class='ocr_carea' id='block_1_18' title="bbox 478 1783 2136 1866">
    <p class='ocr_par' dir='ltr' id='par_1_18' title="bbox 478 1783 2136 1866">
     <span class='ocr_line' id='line_1_19' title="bbox 478 1783 2136 1866; baseline -0.006 -18"><span class='ocrx_word' id='word_1_134' title='bbox 478 1813 592 1862; x_wconf 86' lang='grc' dir='ltr'>νον,</span> <span class='ocrx_word' id='word_1_135' title='bbox 653 1789 828 1866; x_wconf 88' lang='grc' dir='ltr'>λέγειν</span> <span class='ocrx_word' id='word_1_136' title='bbox 862 1790 924 1845; x_wconf 85' lang='grc' dir='ltr'>τὸ</span> <span class='ocrx_word' id='word_1_137' title='bbox 981 1788 1405 1864; x_wconf 85' lang='grc' dir='ltr'>παριστάμενον.</span> <span class='ocrx_word' id='word_1_138' title='bbox 1455 1788 1595 1843; x_wconf 85' lang='grc' dir='ltr'>Τότε</span> <span class='ocrx_word' id='word_1_139' title='bbox 1636 1784 1813 1840; x_wconf 80' lang='grc' dir='ltr'>τοίνυν</span> <span class='ocrx_word' id='word_1_140' title='bbox 1848 1783 2136 1860; x_wconf 80' lang='grc' dir='ltr'>ἐρωτωμέ-</span> 
     </span>
    </p>
   </div>
   <div class='ocr_carea' id='block_1_19' title="bbox 476 1872 2212 1974">
    <p class='ocr_par' dir='ltr' id='par_1_19' title="bbox 476 1872 2212 1974">
     <span class='ocr_line' id='line_1_20' title="bbox 476 1872 2212 1974; baseline -0.005 -36"><span class='ocrx_word' id='word_1_141' title='bbox 476 1902 583 1938; x_wconf 91' lang='grc' dir='ltr'><strong>νων</strong></span> <span class='ocrx_word' id='word_1_142' title='bbox 645 1881 672 1935; x_wconf 98' lang='lat'><strong>6</strong></span> <span class='ocrx_word' id='word_1_143' title='bbox 722 1881 816 1954; x_wconf 75' lang='grc' dir='ltr'><strong>μέν</strong></span> <span class='ocrx_word' id='word_1_144' title='bbox 849 1878 1083 1954; x_wconf 71' lang='grc' dir='ltr'>ἀπέλεγσ</span> <span class='ocrx_word' id='word_1_145' title='bbox 1126 1878 1219 1933; x_wconf 81' lang='grc' dir='ltr'>καὶ</span> <span class='ocrx_word' id='word_1_146' title='bbox 1268 1876 1335 1932; x_wconf 79' lang='grc' dir='ltr'><strong>τὰ</strong></span> <span class='ocrx_word' id='word_1_147' title='bbox 1382 1875 1526 1950; x_wconf 82' lang='grc' dir='ltr'>τρία·</span> <span class='ocrx_word' id='word_1_148' title='bbox 1587 1872 1727 1949; x_wconf 76' lang='grc' dir='ltr'>μηδὲ</span> <span class='ocrx_word' id='word_1_149' title='bbox 1770 1874 1873 1952; x_wconf 78' lang='grc' dir='ltr'><strong>γὰρ</strong></span> <span class='ocrx_word' id='word_1_150' title='bbox 1922 1872 2131 1929; x_wconf 71' lang='grc' dir='ltr'>τούτων</span> <span class='ocrx_word' id='word_1_151' title='bbox 2164 1909 2212 1974; x_wconf 83' lang='grc' dir='ltr'><strong>Β</strong></span> 
     </span>
    </p>
   </div>
   <div class='ocr_carea' id='block_1_20' title="bbox 475 1963 2135 2039">
    <p class='ocr_par' dir='ltr' id='par_1_20' title="bbox 475 1963 2135 2039">
     <span class='ocr_line' id='line_1_21' title="bbox 475 1963 2135 2039; baseline -0.006 -12"><span class='ocrx_word' id='word_1_152' title='bbox 475 1964 803 2027; x_wconf 76' lang='grc' dir='ltr'>καταλαϐεῖν</span> <span class='ocrx_word' id='word_1_153' title='bbox 838 1967 985 2030; x_wconf 82' lang='grc' dir='ltr'>ὅλως</span> <span class='ocrx_word' id='word_1_154' title='bbox 1012 1968 1113 2037; x_wconf 82' lang='grc' dir='ltr'><strong>τήν</strong></span> <span class='ocrx_word' id='word_1_155' title='bbox 1142 1965 1473 2035; x_wconf 83' lang='grc' dir='ltr'>Ἐκκλησίαν</span> <span class='ocrx_word' id='word_1_156' title='bbox 1507 1964 1587 2019; x_wconf 71' lang='grc' dir='ltr'>ἑνὶ</span> <span class='ocrx_word' id='word_1_157' title='bbox 1636 1963 1994 2039; x_wconf 72' lang='grc' dir='ltr'>χρησαμένην</span> <span class='ocrx_word' id='word_1_158' title='bbox 2044 1963 2135 2018; x_wconf 85' lang='grc' dir='ltr'><strong>καὶ</strong></span> 
     </span>
    </p>
   </div>
   <div class='ocr_carea' id='block_1_21' title="bbox 483 2051 2136 2136">
    <p class='ocr_par' dir='ltr' id='par_1_21' title="bbox 483 2051 2136 2136">
     <span class='ocr_line' id='line_1_22' title="bbox 483 2051 2136 2136; baseline -0.006 -20"><span class='ocrx_word' id='word_1_159' title='bbox 483 2059 657 2136; x_wconf 85' lang='grc' dir='ltr'>μόνω,</span> <span class='ocrx_word' id='word_1_160' title='bbox 708 2061 912 2134; x_wconf 78' lang='grc' dir='ltr'>χρῆναι</span> <span class='ocrx_word' id='word_1_161' title='bbox 946 2054 1004 2112; x_wconf 72' lang='grc' dir='ltr'>δὲ</span> <span class='ocrx_word' id='word_1_162' title='bbox 1035 2051 1312 2130; x_wconf 81' lang='grc' dir='ltr'>διατηρεῖν</span> <span class='ocrx_word' id='word_1_163' title='bbox 1343 2052 1433 2110; x_wconf 84' lang='grc' dir='ltr'>καί</span> <span class='ocrx_word' id='word_1_164' title='bbox 1464 2059 1581 2115; x_wconf 86' lang='grc' dir='ltr'>τοῖς</span> <span class='ocrx_word' id='word_1_165' title='bbox 1616 2053 1715 2126; x_wconf 74' lang='grc' dir='ltr'><strong>ὀψὲ</strong></span> <span class='ocrx_word' id='word_1_166' title='bbox 1744 2053 2136 2128; x_wconf 66' lang='grc' dir='ltr'>γενησομένοις</span> 
     </span>
    </p>
   </div>
   <div class='ocr_carea' id='block_1_22' title="bbox 478 2137 2133 2228">
    <p class='ocr_par' dir='ltr' id='par_1_22' title="bbox 478 2137 2133 2228">
     <span class='ocr_line' id='line_1_23' title="bbox 478 2137 2133 2228; baseline -0.006 -22"><span class='ocrx_word' id='word_1_167' title='bbox 478 2151 509 2206; x_wconf 86' lang='grc' dir='ltr'><strong>’ὁ</strong></span> <span class='ocrx_word' id='word_1_168' title='bbox 540 2147 607 2220; x_wconf 77' lang='grc' dir='ltr'>δὴ</span> <span class='ocrx_word' id='word_1_169' title='bbox 637 2153 787 2228; x_wconf 73' lang='grc' dir='ltr'>σφεῖς</span> <span class='ocrx_word' id='word_1_170' title='bbox 836 2147 898 2202; x_wconf 79' lang='grc' dir='ltr'>ἐκ</span> <span class='ocrx_word' id='word_1_171' title='bbox 941 2150 1050 2202; x_wconf 81' lang='grc' dir='ltr'>τῶν</span> <span class='ocrx_word' id='word_1_172' title='bbox 1099 2145 1381 2220; x_wconf 87' lang='grc' dir='ltr'>προτέρων</span> <span class='ocrx_word' id='word_1_173' title='bbox 1422 2137 1755 2218; x_wconf 72' lang='grc' dir='ltr'>παρέλαϐον.</span> <span class='ocrx_word' id='word_1_174' title='bbox 1807 2140 1870 2198; x_wconf 82' lang='lat' dir='ltr'><strong>Ei</strong></span> <span class='ocrx_word' id='word_1_175' title='bbox 1896 2137 1968 2195; x_wconf 65' lang='lat'><strong>‘6’</strong></span> <span class='ocrx_word' id='word_1_176' title='bbox 2014 2140 2133 2196; x_wconf 82' lang='grc' dir='ltr'>ἐπι-</span> 
     </span>
    </p>
   </div>
   <div class='ocr_carea' id='block_1_23' title="bbox 478 2230 2130 2309">
    <p class='ocr_par' dir='ltr' id='par_1_23' title="bbox 478 2230 2130 2309">
     <span class='ocr_line' id='line_1_24' title="bbox 478 2230 2130 2309; baseline -0.005 -15"><span class='ocrx_word' id='word_1_177' title='bbox 478 2237 676 2295; x_wconf 87' lang='grc' dir='ltr'>σείεται</span> <span class='ocrx_word' id='word_1_178' title='bbox 733 2233 1001 2305; x_wconf 83' lang='grc' dir='ltr'>κίνδυνος,</span> <span class='ocrx_word' id='word_1_179' title='bbox 1059 2233 1257 2297; x_wconf 79' lang='grc' dir='ltr'>αὐτοὺς</span> <span class='ocrx_word' id='word_1_180' title='bbox 1313 2234 1407 2307; x_wconf 73' lang='grc' dir='ltr'><strong>μέν</strong></span> <span class='ocrx_word' id='word_1_181' title='bbox 1472 2233 1547 2306; x_wconf 73' lang='grc' dir='ltr'>μὴ</span> <span class='ocrx_word' id='word_1_182' title='bbox 1597 2231 1776 2308; x_wconf 85' lang='grc' dir='ltr'>χρεὼν</span> <span class='ocrx_word' id='word_1_183' title='bbox 1831 2230 2130 2309; x_wconf 72' lang='grc' dir='ltr'>φροντίζειν</span> 
     </span>
    </p>
   </div>
   <div class='ocr_carea' id='block_1_24' title="bbox 474 2319 2128 2401">
    <p class='ocr_par' dir='ltr' id='par_1_24' title="bbox 474 2319 2128 2401">
     <span class='ocr_line' id='line_1_25' title="bbox 474 2319 2128 2401; baseline -0.006 -16"><span class='ocrx_word' id='word_1_184' title='bbox 474 2328 627 2398; x_wconf 76' lang='grc' dir='ltr'>πλὴν</span> <span class='ocrx_word' id='word_1_185' title='bbox 688 2327 799 2401; x_wconf 78' lang='grc' dir='ltr'>μὴν</span> <span class='ocrx_word' id='word_1_186' title='bbox 853 2322 952 2381; x_wconf 78' lang='grc' dir='ltr'>τοῦ</span> <span class='ocrx_word' id='word_1_187' title='bbox 1009 2320 1285 2400; x_wconf 72' lang='grc' dir='ltr'>εὔχεσθαι,</span> <span class='ocrx_word' id='word_1_188' title='bbox 1344 2322 1435 2377; x_wconf 87' lang='grc' dir='ltr'>τὸν</span> <span class='ocrx_word' id='word_1_189' title='bbox 1496 2319 1554 2376; x_wconf 88' lang='grc' dir='ltr'><strong>δέ</strong></span> <span class='ocrx_word' id='word_1_190' title='bbox 1610 2342 1675 2396; x_wconf 88' lang='grc' dir='ltr'><strong>γε</strong></span> <span class='ocrx_word' id='word_1_191' title='bbox 1715 2324 2019 2395; x_wconf 52' lang='grc' dir='ltr'>κρατοῦντα</span> <span class='ocrx_word' id='word_1_192' title='bbox 2053 2322 2128 2394; x_wconf 79' lang='grc' dir='ltr'>μὴ</span> 
     </span>
    </p>
   </div>
   <div class='ocr_carea' id='block_1_25' title="bbox 2098 2411 2124 2429">
    <p class='ocr_par' dir='ltr' id='par_1_25' title="bbox 2098 2411 2124 2429">
     <span class='ocr_line' id='line_1_26' title="bbox 2098 2411 2124 2429; baseline 0 -7"><span class='ocrx_word' id='word_1_193' title='bbox 2098 2411 2124 2429; x_wconf 66' lang='grc' dir='ltr'><strong>γ</strong></span> 
     </span>
    </p>
   </div>
   <div class='ocr_carea' id='block_1_26' title="bbox 472 2408 2129 2491">
    <p class='ocr_par' dir='ltr' id='par_1_26' title="bbox 472 2408 2129 2491">
     <span class='ocr_line' id='line_1_27' title="bbox 472 2408 2129 2491; baseline -0.005 -18"><span class='ocrx_word' id='word_1_194' title='bbox 472 2416 676 2474; x_wconf 79' lang='grc' dir='ltr'>ἀνιέναι</span> <span class='ocrx_word' id='word_1_195' title='bbox 728 2413 901 2491; x_wconf 78' lang='grc' dir='ltr'>μηδὲν</span> <span class='ocrx_word' id='word_1_196' title='bbox 956 2418 1065 2469; x_wconf 80' lang='grc' dir='ltr'><strong>τῶν</strong></span> <span class='ocrx_word' id='word_1_197' title='bbox 1135 2412 1213 2478; x_wconf 81' lang='grc' dir='ltr'>εἷς</span> <span class='ocrx_word' id='word_1_198' title='bbox 1273 2412 1541 2488; x_wconf 87' lang='grc' dir='ltr'>μέριμναν</span> <span class='ocrx_word' id='word_1_199' title='bbox 1586 2408 1853 2482; x_wconf 71' lang='grc' dir='ltr'>ἡκόντων.</span> <span class='ocrx_word' id='word_1_200' title='bbox 1915 2410 2031 2485; x_wconf 77' lang='grc' dir='ltr'><strong>Ἐφ’</strong></span> <span class='ocrx_word' id='word_1_201' title='bbox 2084 2411 2129 2482; x_wconf 83' lang='grc' dir='ltr'>ᾦ</span> 
     </span>
    </p>
   </div>
   <div class='ocr_carea' id='block_1_27' title="bbox 466 2629 2121 2713">
    <p class='ocr_par' dir='ltr' id='par_1_27' title="bbox 466 2629 2121 2713">
     <span class='ocr_line' id='line_1_28' title="bbox 466 2629 2121 2713; baseline -0.006 -17"><span class='ocrx_word' id='word_1_202' title='bbox 466 2639 610 2713; x_wconf 85' lang='lat' dir='ltr'><strong>quid</strong></span> <span class='ocrx_word' id='word_1_203' title='bbox 641 2636 758 2711; x_wconf 94' lang='lat' dir='ltr'><strong>ipsi</strong></span> <span class='ocrx_word' id='word_1_204' title='bbox 790 2635 935 2693; x_wconf 79' lang='lat' dir='ltr'><strong>falso</strong></span> <span class='ocrx_word' id='word_1_205' title='bbox 966 2635 1450 2708; x_wconf 90' lang='lat' dir='ltr'><strong>quererentur,et</strong></span> <span class='ocrx_word' id='word_1_206' title='bbox 1471 2632 1616 2688; x_wconf 90' lang='lat' dir='ltr'><strong>citra</strong></span> <span class='ocrx_word' id='word_1_207' title='bbox 1646 2629 2121 2703; x_wconf 87' lang='lat' dir='ltr'><strong>exprobationem</strong></span> 
     </span>
    </p>
   </div>
   <div class='ocr_carea' id='block_1_28' title="bbox 468 2719 2128 2793">
    <p class='ocr_par' dir='ltr' id='par_1_28' title="bbox 468 2719 2128 2793">
     <span class='ocr_line' id='line_1_29' title="bbox 468 2719 2128 2793; baseline -0.007 -7"><span class='ocrx_word' id='word_1_208' title='bbox 468 2728 653 2786; x_wconf 90' lang='lat' dir='ltr'><strong>ullam</strong></span> <span class='ocrx_word' id='word_1_209' title='bbox 722 2730 959 2784; x_wconf 67' lang='lat' dir='ltr'><strong>mutatas</strong></span> <span class='ocrx_word' id='word_1_210' title='bbox 1026 2724 1353 2781; x_wconf 58' lang='lat' dir='ltr'><strong>sententia.</strong></span> <span class='ocrx_word' id='word_1_211' title='bbox 1410 2720 1625 2779; x_wconf 86' lang='lat' dir='ltr'><strong>Judicii</strong></span> <span class='ocrx_word' id='word_1_212' title='bbox 1679 2720 1836 2776; x_wconf 90' lang='lat' dir='ltr'><strong>enim</strong></span> <span class='ocrx_word' id='word_1_213' title='bbox 1905 2719 2128 2793; x_wconf 87' lang='lat' dir='ltr'><strong>proprii</strong></span> 
     </span>
    </p>
   </div>
   <div class='ocr_carea' id='block_1_29' title="bbox 468 2809 2127 2893">
    <p class='ocr_par' dir='ltr' id='par_1_29' title="bbox 468 2809 2127 2893">
     <span class='ocr_line' id='line_1_30' title="bbox 468 2809 2127 2893; baseline -0.007 -18"><span class='ocrx_word' id='word_1_214' title='bbox 468 2832 764 2893; x_wconf 89' lang='lat' dir='ltr'><strong>quemque</strong></span> <span class='ocrx_word' id='word_1_215' title='bbox 793 2815 1082 2871; x_wconf 89' lang='lat' dir='ltr'><strong>arbitrum</strong></span> <span class='ocrx_word' id='word_1_216' title='bbox 1122 2829 1281 2881; x_wconf 88' lang='lat' dir='ltr'><strong>esse;</strong></span> <span class='ocrx_word' id='word_1_217' title='bbox 1315 2816 1373 2869; x_wconf 90' lang='lat' dir='ltr'><strong>et</strong></span> <span class='ocrx_word' id='word_1_218' title='bbox 1414 2811 1565 2869; x_wconf 72' lang='lat'><strong>889</strong></span> <span class='ocrx_word' id='word_1_219' title='bbox 1597 2810 1754 2883; x_wconf 90' lang='lat' dir='ltr'><strong>quod</strong></span> <span class='ocrx_word' id='word_1_220' title='bbox 1786 2809 1921 2882; x_wconf 85' lang='lat' dir='ltr'><strong>quis</strong></span> <span class='ocrx_word' id='word_1_221' title='bbox 1953 2809 2127 2865; x_wconf 84' lang='lat' dir='ltr'><strong>hodie</strong></span> 
     </span>
    </p>
   </div>
   <div class='ocr_carea' id='block_1_30' title="bbox 470 2897 2124 2979">
    <p class='ocr_par' dir='ltr' id='par_1_30' title="bbox 470 2897 2124 2979">
     <span class='ocr_line' id='line_1_31' title="bbox 470 2897 2124 2979; baseline -0.007 -13"><span class='ocrx_word' id='word_1_222' title='bbox 470 2925 588 2966; x_wconf 88' lang='lat' dir='ltr'><strong>non</strong></span> <span class='ocrx_word' id='word_1_223' title='bbox 634 2903 988 2979; x_wconf 78' lang='lat' dir='ltr'><strong>probaverit,</strong></span> <span class='ocrx_word' id='word_1_224' title='bbox 1020 2919 1152 2959; x_wconf 89' lang='lat' dir='ltr'><strong>cras</strong></span> <span class='ocrx_word' id='word_1_225' title='bbox 1202 2903 1348 2959; x_wconf 88' lang='lat' dir='ltr'><strong>forte</strong></span> <span class='ocrx_word' id='word_1_226' title='bbox 1379 2901 1646 2973; x_wconf 77' lang='lat' dir='ltr'><strong>praeferet</strong></span> <span class='ocrx_word' id='word_1_227' title='bbox 1690 2903 1869 2970; x_wconf 89' lang='lat' dir='ltr'><strong>atque</strong></span> <span class='ocrx_word' id='word_1_228' title='bbox 1901 2897 2124 2971; x_wconf 87' lang='lat' dir='ltr'><strong>ample-</strong></span> 
     </span>
    </p>
   </div>
   <div class='ocr_carea' id='block_1_31' title="bbox 469 2986 2125 3065">
    <p class='ocr_par' dir='ltr' id='par_1_31' title="bbox 469 2986 2125 3065">
     <span class='ocr_line' id='line_1_32' title="bbox 469 2986 2125 3065; baseline -0.006 -12"><span class='ocrx_word' id='word_1_229' title='bbox 469 3001 683 3065; x_wconf 90' lang='lat' dir='ltr'><strong>ctetur,</strong></span> <span class='ocrx_word' id='word_1_230' title='bbox 713 3011 830 3051; x_wconf 90' lang='lat' dir='ltr'><strong>non</strong></span> <span class='ocrx_word' id='word_1_231' title='bbox 879 2991 1277 3049; x_wconf 80' lang='lat' dir='ltr'><strong>inconstantia</strong></span> <span class='ocrx_word' id='word_1_232' title='bbox 1305 2989 1391 3046; x_wconf 90' lang='lat' dir='ltr'><strong>vel</strong></span> <span class='ocrx_word' id='word_1_233' title='bbox 1441 2989 1686 3045; x_wconf 88' lang='lat' dir='ltr'><strong>fortuita</strong></span> <span class='ocrx_word' id='word_1_234' title='bbox 1731 2986 1964 3045; x_wconf 84' lang='lat' dir='ltr'><strong>levitate</strong></span> <span class='ocrx_word' id='word_1_235' title='bbox 1995 3004 2125 3043; x_wconf 87' lang='lat' dir='ltr'><strong>sese</strong></span> 
     </span>
    </p>
   </div>
   <div class='ocr_carea' id='block_1_32' title="bbox 468 3076 2123 3154">
    <p class='ocr_par' dir='ltr' id='par_1_32' title="bbox 468 3076 2123 3154">
     <span class='ocr_line' id='line_1_33' title="bbox 468 3076 2123 3154; baseline -0.005 -12"><span class='ocrx_word' id='word_1_236' title='bbox 468 3100 733 3154; x_wconf 88' lang='lat' dir='ltr'><strong>versans,</strong></span> <span class='ocrx_word' id='word_1_237' title='bbox 762 3083 865 3140; x_wconf 87' lang='lat' dir='ltr'><strong>sed</strong></span> <span class='ocrx_word' id='word_1_238' title='bbox 898 3086 1199 3137; x_wconf 90' lang='lat' dir='ltr'><strong>momenta</strong></span> <span class='ocrx_word' id='word_1_239' title='bbox 1238 3078 1532 3136; x_wconf 79' lang='lat' dir='ltr'><strong>rationum</strong></span> <span class='ocrx_word' id='word_1_240' title='bbox 1566 3093 1844 3149; x_wconf 90' lang='lat' dir='ltr'><strong>sequens.</strong></span> <span class='ocrx_word' id='word_1_241' title='bbox 1878 3076 2123 3133; x_wconf 83' lang='lat' dir='ltr'><strong>Credere</strong></span> 
     </span>
    </p>
   </div>
   <div class='ocr_carea' id='block_1_33' title="bbox 466 3165 2121 3242">
    <p class='ocr_par' dir='ltr' id='par_1_33' title="bbox 466 3165 2121 3242">
     <span class='ocr_line' id='line_1_34' title="bbox 466 3165 2121 3242; baseline -0.008 -10"><span class='ocrx_word' id='word_1_242' title='bbox 466 3189 598 3232; x_wconf 85' lang='lat' dir='ltr'><strong>sese</strong></span> <span class='ocrx_word' id='word_1_243' title='bbox 625 3172 757 3228; x_wconf 89' lang='lat' dir='ltr'><strong>illos</strong></span> <span class='ocrx_word' id='word_1_244' title='bbox 788 3170 1107 3239; x_wconf 86' lang='lat' dir='ltr'><strong>antistites,</strong></span> <span class='ocrx_word' id='word_1_245' title='bbox 1130 3170 1231 3242; x_wconf 89' lang='lat' dir='ltr'><strong>qui</strong></span> <span class='ocrx_word' id='word_1_246' title='bbox 1253 3166 1607 3225; x_wconf 87' lang='lat' dir='ltr'><strong>sententiam</strong></span> <span class='ocrx_word' id='word_1_247' title='bbox 1642 3168 1996 3236; x_wconf 84' lang='lat' dir='ltr'><strong>mutassent,</strong></span> <span class='ocrx_word' id='word_1_248' title='bbox 2020 3165 2121 3221; x_wconf 87' lang='lat' dir='ltr'><strong>ali-</strong></span> 
     </span>
    </p>
   </div>
   <div class='ocr_carea' id='block_1_34' title="bbox 2239 619 3893 702">
    <p class='ocr_par' dir='ltr' id='par_1_34' title="bbox 2239 619 3893 702">
     <span class='ocr_line' id='line_1_35' title="bbox 2239 619 3893 702; baseline 0.007 -27"><span class='ocrx_word' id='word_1_249' title='bbox 2239 619 2292 676; x_wconf 73' lang='grc' dir='ltr'>ο’ί</span> <span class='ocrx_word' id='word_1_250' title='bbox 2321 622 2413 677; x_wconf 89' lang='grc' dir='ltr'><strong>καὶ</strong></span> <span class='ocrx_word' id='word_1_251' title='bbox 2444 631 2715 702; x_wconf 88' lang='grc' dir='ltr'>πρωτεῖον</span> <span class='ocrx_word' id='word_1_252' title='bbox 2749 625 2913 700; x_wconf 88' lang='grc' dir='ltr'>μόνον</span> <span class='ocrx_word' id='word_1_253' title='bbox 2949 623 3161 682; x_wconf 80' lang='grc' dir='ltr'>ἐδίδουν</span> <span class='ocrx_word' id='word_1_254' title='bbox 3208 627 3296 682; x_wconf 82' lang='grc' dir='ltr'><strong>καὶ</strong></span> <span class='ocrx_word' id='word_1_255' title='bbox 3349 623 3650 697; x_wconf 81' lang='grc' dir='ltr'>ἔκκλητον,</span> <span class='ocrx_word' id='word_1_256' title='bbox 3685 629 3759 690; x_wconf 83' lang='grc' dir='ltr'><strong>ὡς</strong></span> <span class='ocrx_word' id='word_1_257' title='bbox 3805 630 3893 686; x_wconf 79' lang='grc' dir='ltr'><strong>αὖ·</strong></span> 
     </span>
    </p>
   </div>
   <div class='ocr_carea' id='block_1_35' title="bbox 2233 711 3898 794">
    <p class='ocr_par' dir='ltr' id='par_1_35' title="bbox 2233 711 3898 794">
     <span class='ocr_line' id='line_1_36' title="bbox 2233 711 3898 794; baseline 0.005 -28"><span class='ocrx_word' id='word_1_258' title='bbox 2233 716 2343 768; x_wconf 81' lang='grc' dir='ltr'>τῶν</span> <span class='ocrx_word' id='word_1_259' title='bbox 2389 735 2452 788; x_wconf 88' lang='grc' dir='ltr'><strong>γε</strong></span> <span class='ocrx_word' id='word_1_260' title='bbox 2505 716 2595 770; x_wconf 84' lang='grc' dir='ltr'><strong>καὶ</strong></span> <span class='ocrx_word' id='word_1_261' title='bbox 2660 715 2842 789; x_wconf 90' lang='grc' dir='ltr'>μόνων</span> <span class='ocrx_word' id='word_1_262' title='bbox 2913 714 3044 771; x_wconf 71' lang='grc' dir='ltr'>ο“ίων</span> <span class='ocrx_word' id='word_1_263' title='bbox 3100 718 3151 771; x_wconf 81' lang='grc' dir='ltr'>τ’</span> <span class='ocrx_word' id='word_1_264' title='bbox 3205 711 3376 771; x_wconf 88' lang='grc' dir='ltr'>όντων</span> <span class='ocrx_word' id='word_1_265' title='bbox 3442 717 3898 794; x_wconf 74' lang='grc' dir='ltr'>ὑποκριθήσεσθαι</span> 
     </span>
    </p>
   </div>
   <div class='ocr_carea' id='block_1_36' title="bbox 2236 802 3893 881">
    <p class='ocr_par' dir='ltr' id='par_1_36' title="bbox 2236 802 3893 881">
     <span class='ocr_line' id='line_1_37' title="bbox 2236 802 3893 881; baseline 0.004 -24"><span class='ocrx_word' id='word_1_266' title='bbox 2236 804 2327 858; x_wconf 84' lang='grc' dir='ltr'><strong>καὶ</strong></span> <span class='ocrx_word' id='word_1_267' title='bbox 2384 806 2561 880; x_wconf 75' lang='grc' dir='ltr'>σχῆμ’</span> <span class='ocrx_word' id='word_1_268' title='bbox 2614 803 2749 876; x_wconf 73' lang='grc' dir='ltr'>ἕξειν</span> <span class='ocrx_word' id='word_1_269' title='bbox 2808 806 2895 862; x_wconf 84' lang='grc' dir='ltr'><strong>κτὶ</strong></span> <span class='ocrx_word' id='word_1_270' title='bbox 2951 802 3126 879; x_wconf 75' lang='grc' dir='ltr'>ὄνομα</span> <span class='ocrx_word' id='word_1_271' title='bbox 3183 803 3332 876; x_wconf 78' lang='grc' dir='ltr'>πλὴν</span> <span class='ocrx_word' id='word_1_272' title='bbox 3390 810 3494 862; x_wconf 77' lang='grc' dir='ltr'><strong>τοῦ</strong></span> <span class='ocrx_word' id='word_1_273' title='bbox 3553 805 3893 881; x_wconf 75' lang='grc' dir='ltr'>πράττεσθαιο</span> 
     </span>
    </p>
   </div>
   <div class='ocr_carea' id='block_1_37' title="bbox 2243 893 3893 977">
    <p class='ocr_par' dir='ltr' id='par_1_37' title="bbox 2243 893 3893 977">
     <span class='ocr_line' id='line_1_38' title="bbox 2243 893 3893 977; baseline 0.004 -30"><span class='ocrx_word' id='word_1_274' title='bbox 2243 895 2594 966; x_wconf 87' lang='grc' dir='ltr'>μνημόσυνον</span> <span class='ocrx_word' id='word_1_275' title='bbox 2632 893 2688 950; x_wconf 73' lang='grc' dir='ltr'>δὲ</span> <span class='ocrx_word' id='word_1_276' title='bbox 2725 901 2965 969; x_wconf 86' lang='grc' dir='ltr'>μετεῖναι</span> <span class='ocrx_word' id='word_1_277' title='bbox 3013 900 3095 968; x_wconf 73' lang='grc' dir='ltr'>τῷ</span> <span class='ocrx_word' id='word_1_278' title='bbox 3142 895 3339 967; x_wconf 78' lang='grc' dir='ltr'>πᾶππᾳ</span> <span class='ocrx_word' id='word_1_279' title='bbox 3396 893 3663 951; x_wconf 78' lang='grc' dir='ltr'>δοκοῦντι</span> <span class='ocrx_word' id='word_1_280' title='bbox 3721 894 3893 977; x_wconf 75' lang='grc' dir='ltr'>διαφέο</span> 
     </span>
    </p>
   </div>
   <div class='ocr_carea' id='block_1_38' title="bbox 2241 982 3895 1060">
    <p class='ocr_par' dir='ltr' id='par_1_38' title="bbox 2241 982 3895 1060">
     <span class='ocr_line' id='line_1_39' title="bbox 2241 982 3895 1060; baseline 0.004 -23"><span class='ocrx_word' id='word_1_281' title='bbox 2241 995 2447 1059; x_wconf 85' lang='grc' dir='ltr'>ρεσθαι,</span> <span class='ocrx_word' id='word_1_282' title='bbox 2508 984 2597 1039; x_wconf 82' lang='grc' dir='ltr'>ἐπὶ</span> <span class='ocrx_word' id='word_1_283' title='bbox 2652 982 2936 1060; x_wconf 77' lang='grc' dir='ltr'>Συμϐόλῳ</span> <span class='ocrx_word' id='word_1_284' title='bbox 2989 986 3079 1041; x_wconf 85' lang='grc' dir='ltr'><strong>καὶ</strong></span> <span class='ocrx_word' id='word_1_285' title='bbox 3136 990 3304 1040; x_wconf 80' lang='grc' dir='ltr'>ταῦτα</span> <span class='ocrx_word' id='word_1_286' title='bbox 3355 984 3620 1054; x_wconf 85' lang='grc' dir='ltr'>πίστεως,</span> <span class='ocrx_word' id='word_1_287' title='bbox 3685 988 3761 1059; x_wconf 76' lang='grc' dir='ltr'>μὴ</span> <span class='ocrx_word' id='word_1_288' title='bbox 3816 988 3895 1043; x_wconf 87' lang='grc' dir='ltr'><strong>καὶ</strong></span> 
     </span>
    </p>
   </div>
   <div class='ocr_carea' id='block_1_39' title="bbox 2238 1072 3897 1151">
    <p class='ocr_par' dir='ltr' id='par_1_39' title="bbox 2238 1072 3897 1151">
     <span class='ocr_line' id='line_1_40' title="bbox 2238 1072 3897 1151; baseline 0.002 -24"><span class='ocrx_word' id='word_1_289' title='bbox 2238 1075 2345 1127; x_wconf 81' lang='grc' dir='ltr'><strong>τῶν</strong></span> <span class='ocrx_word' id='word_1_290' title='bbox 2396 1072 2514 1128; x_wconf 78' lang='grc' dir='ltr'>Λίαν</span> <span class='ocrx_word' id='word_1_291' title='bbox 2567 1074 2949 1150; x_wconf 84' lang='grc' dir='ltr'>ἀπειρημένων</span> <span class='ocrx_word' id='word_1_292' title='bbox 3100 1076 3162 1131; x_wconf 87' lang='grc' dir='ltr'>Ὁ</span> <span class='ocrx_word' id='word_1_293' title='bbox 3195 1072 3252 1129; x_wconf 76' lang='grc' dir='ltr'>δὲ</span> <span class='ocrx_word' id='word_1_294' title='bbox 3282 1073 3589 1149; x_wconf 78' lang='grc' dir='ltr'>Ξιιριλῖνος</span> <span class='ocrx_word' id='word_1_295' title='bbox 3623 1076 3786 1151; x_wconf 85' lang='grc' dir='ltr'>μέγας</span> <span class='ocrx_word' id='word_1_296' title='bbox 3821 1078 3897 1131; x_wconf 84' lang='grc' dir='ltr'>οἰ-</span> 
     </span>
    </p>
   </div>
   <div class='ocr_carea' id='block_1_40' title="bbox 2239 1162 3893 1241">
    <p class='ocr_par' dir='ltr' id='par_1_40' title="bbox 2239 1162 3893 1241">
     <span class='ocr_line' id='line_1_41' title="bbox 2239 1162 3893 1241; baseline 0.004 -25"><span class='ocrx_word' id='word_1_297' title='bbox 2239 1162 2478 1235; x_wconf 86' lang='grc' dir='ltr'>κονόμος</span> <span class='ocrx_word' id='word_1_298' title='bbox 2531 1164 2603 1218; x_wconf 83' lang='grc' dir='ltr'>ὥν</span> <span class='ocrx_word' id='word_1_299' title='bbox 2635 1169 2714 1237; x_wconf 81' lang='grc' dir='ltr'><strong>τῷ</strong></span> <span class='ocrx_word' id='word_1_300' title='bbox 2743 1165 2887 1235; x_wconf 84' lang='grc' dir='ltr'>τότε,</span> <span class='ocrx_word' id='word_1_301' title='bbox 2918 1168 2997 1237; x_wconf 80' lang='grc' dir='ltr'>τῷ</span> <span class='ocrx_word' id='word_1_302' title='bbox 3053 1167 3204 1240; x_wconf 78' lang='grc' dir='ltr'>γήρα</span> <span class='ocrx_word' id='word_1_303' title='bbox 3231 1185 3291 1219; x_wconf 86' lang='grc' dir='ltr'><strong>τε</strong></span> <span class='ocrx_word' id='word_1_304' title='bbox 3337 1163 3432 1219; x_wconf 84' lang='grc' dir='ltr'><strong>καὶ</strong></span> <span class='ocrx_word' id='word_1_305' title='bbox 3493 1167 3564 1239; x_wconf 82' lang='grc' dir='ltr'><strong>τῇ</strong></span> <span class='ocrx_word' id='word_1_306' title='bbox 3623 1165 3758 1241; x_wconf 89' lang='grc' dir='ltr'>πρὸς</span> <span class='ocrx_word' id='word_1_307' title='bbox 3811 1168 3893 1222; x_wconf 84' lang='grc' dir='ltr'>τὸν</span> 
     </span>
    </p>
   </div>
   <div class='ocr_carea' id='block_1_41' title="bbox 2246 1249 3895 1329">
    <p class='ocr_par' dir='ltr' id='par_1_41' title="bbox 2246 1249 3895 1329">
     <span class='ocr_line' id='line_1_42' title="bbox 2246 1249 3895 1329; baseline 0.003 -25"><span class='ocrx_word' id='word_1_308' title='bbox 2246 1249 2471 1324; x_wconf 82' lang='grc' dir='ltr'>βασιλέα</span> <span class='ocrx_word' id='word_1_309' title='bbox 2499 1252 2756 1324; x_wconf 75' lang='grc' dir='ltr'>συνηθείᾳ</span> <span class='ocrx_word' id='word_1_310' title='bbox 2784 1250 3074 1321; x_wconf 80' lang='grc' dir='ltr'>πιστεύων,</span> <span class='ocrx_word' id='word_1_311' title='bbox 3125 1252 3215 1307; x_wconf 88' lang='grc' dir='ltr'><strong>καὶ</strong></span> <span class='ocrx_word' id='word_1_312' title='bbox 3266 1250 3673 1329; x_wconf 85' lang='grc' dir='ltr'>προσελιπάρει</span> <span class='ocrx_word' id='word_1_313' title='bbox 3704 1254 3895 1319; x_wconf 82' lang='grc' dir='ltr'>σταθεὶς</span> 
     </span>
    </p>
   </div>
   <div class='ocr_carea' id='block_1_42' title="bbox 2240 1337 3890 1417">
    <p class='ocr_par' dir='ltr' id='par_1_42' title="bbox 2240 1337 3890 1417">
     <span class='ocr_line' id='line_1_43' title="bbox 2240 1337 3890 1417; baseline 0.002 -23"><span class='ocrx_word' id='word_1_314' title='bbox 2240 1340 2329 1394; x_wconf 88' lang='grc' dir='ltr'><strong>καί</strong></span> <span class='ocrx_word' id='word_1_315' title='bbox 2382 1362 2443 1417; x_wconf 87' lang='grc' dir='ltr'><strong>γε</strong></span> <span class='ocrx_word' id='word_1_316' title='bbox 2500 1346 2607 1396; x_wconf 81' lang='grc' dir='ltr'>τῶν</span> <span class='ocrx_word' id='word_1_317' title='bbox 2667 1342 2909 1416; x_wconf 82' lang='grc' dir='ltr'>γονάτων</span> <span class='ocrx_word' id='word_1_318' title='bbox 2968 1340 3066 1397; x_wconf 73' lang='grc' dir='ltr'>τοῦ</span> <span class='ocrx_word' id='word_1_319' title='bbox 3127 1339 3403 1417; x_wconf 84' lang='grc' dir='ltr'>βασιλέως</span> <span class='ocrx_word' id='word_1_320' title='bbox 3464 1337 3791 1415; x_wconf 69' lang='grc' dir='ltr'>ἕιπτόμενος,</span> <span class='ocrx_word' id='word_1_321' title='bbox 3825 1346 3890 1417; x_wconf 77' lang='grc' dir='ltr'><strong>μή</strong></span> 
     </span>
    </p>
   </div>
   <div class='ocr_carea' id='block_1_43' title="bbox 2243 1429 3894 1508">
    <p class='ocr_par' dir='ltr' id='par_1_43' title="bbox 2243 1429 3894 1508">
     <span class='ocr_line' id='line_1_44' title="bbox 2243 1429 3894 1508; baseline 0.003 -26"><span class='ocrx_word' id='word_1_322' title='bbox 2243 1433 2421 1499; x_wconf 82' lang='grc' dir='ltr'>ζητῶν</span> <span class='ocrx_word' id='word_1_323' title='bbox 2481 1430 2849 1506; x_wconf 82' lang='grc' dir='ltr'>ἀναχαιτίζειν</span> <span class='ocrx_word' id='word_1_324' title='bbox 2909 1429 3206 1508; x_wconf 83' lang='grc' dir='ltr'>ἆλλότριον</span> <span class='ocrx_word' id='word_1_325' title='bbox 3267 1431 3546 1505; x_wconf 87' lang='grc' dir='ltr'>πόλεμον,</span> <span class='ocrx_word' id='word_1_326' title='bbox 3608 1429 3751 1487; x_wconf 71' lang='grc' dir='ltr'>ἴδιον</span> <span class='ocrx_word' id='word_1_327' title='bbox 3789 1434 3894 1487; x_wconf 77' lang='grc' dir='ltr'>καθ’</span> 
     </span>
    </p>
   </div>
   <div class='ocr_carea' id='block_1_44' title="bbox 2240 1517 3889 1599">
    <p class='ocr_par' dir='ltr' id='par_1_44' title="bbox 2240 1517 3889 1599">
     <span class='ocr_line' id='line_1_45' title="bbox 2240 1517 3889 1599; baseline 0.002 -26"><span class='ocrx_word' id='word_1_328' title='bbox 2240 1520 2388 1591; x_wconf 80' lang='grc' dir='ltr'>ἡμᾶς</span> <span class='ocrx_word' id='word_1_329' title='bbox 2416 1521 2614 1583; x_wconf 83' lang='grc' dir='ltr'>αὐτοὺς</span> <span class='ocrx_word' id='word_1_330' title='bbox 2643 1526 3045 1595; x_wconf 86' lang='grc' dir='ltr'>προσεπινοεῖν·</span> <span class='ocrx_word' id='word_1_331' title='bbox 3086 1517 3228 1595; x_wconf 76' lang='grc' dir='ltr'>μηδὲ</span> <span class='ocrx_word' id='word_1_332' title='bbox 3256 1521 3360 1597; x_wconf 76' lang='grc' dir='ltr'><strong>γὰρ</strong></span> <span class='ocrx_word' id='word_1_333' title='bbox 3409 1520 3740 1599; x_wconf 81' lang='grc' dir='ltr'>είρηνεύσειν</span> <span class='ocrx_word' id='word_1_334' title='bbox 3771 1522 3889 1578; x_wconf 77' lang='grc' dir='ltr'>πάν-</span> 
     </span>
    </p>
   </div>
   <div class='ocr_carea' id='block_1_45' title="bbox 2238 1608 3387 1689">
    <p class='ocr_par' dir='ltr' id='par_1_45' title="bbox 2238 1608 3387 1689">
     <span class='ocr_line' id='line_1_46' title="bbox 2238 1608 3387 1689; baseline 0.003 -26"><span class='ocrx_word' id='word_1_335' title='bbox 2238 1629 2353 1676; x_wconf 86' lang='grc' dir='ltr'>τας,</span> <span class='ocrx_word' id='word_1_336' title='bbox 2384 1608 2481 1665; x_wconf 79' lang='grc' dir='ltr'><strong>κᾶν</strong></span> <span class='ocrx_word' id='word_1_337' title='bbox 2514 1612 2701 1684; x_wconf 80' lang='grc' dir='ltr'>ἡμεῖς,</span> <span class='ocrx_word' id='word_1_338' title='bbox 2734 1610 2922 1689; x_wconf 72' lang='grc' dir='ltr'>φησὶν,</span> <span class='ocrx_word' id='word_1_339' title='bbox 2954 1608 3387 1686; x_wconf 76' lang='grc' dir='ltr'>εἶ’ρηνεύσαιμεν.</span> 
     </span>
    </p>
   </div>
   <div class='ocr_carea' id='block_1_46' title="bbox 2247 1765 3889 1848">
    <p class='ocr_par' dir='ltr' id='par_1_46' title="bbox 2247 1765 3889 1848">
     <span class='ocr_line' id='line_1_47' title="bbox 2247 1765 3889 1848; baseline 0.002 -25"><span class='ocrx_word' id='word_1_340' title='bbox 2247 1777 2330 1833; x_wconf 93' lang='grc' dir='ltr'>ιθ’.</span> <span class='ocrx_word' id='word_1_341' title='bbox 2379 1771 2568 1833; x_wconf 87' lang='grc' dir='ltr'>Ὅπως</span> <span class='ocrx_word' id='word_1_342' title='bbox 2616 1770 2693 1833; x_wconf 79' lang='grc' dir='ltr'>εἷς</span> <span class='ocrx_word' id='word_1_343' title='bbox 2745 1769 2994 1848; x_wconf 70' lang='grc' dir='ltr'>δύσνοιαν</span> <span class='ocrx_word' id='word_1_344' title='bbox 3038 1765 3484 1848; x_wconf 76' lang='grc' dir='ltr'>διαϐαλλόμενοι</span> <span class='ocrx_word' id='word_1_345' title='bbox 3542 1772 3597 1827; x_wconf 78' lang='grc' dir='ltr'>οἱ</span> <span class='ocrx_word' id='word_1_346' title='bbox 3645 1770 3889 1848; x_wconf 79' lang='grc' dir='ltr'>κληρικοὶ</span> 
     </span>
    </p>
   </div>
   <div class='ocr_carea' id='block_1_47' title="bbox 2887 1842 3262 1921">
    <p class='ocr_par' dir='ltr' id='par_1_47' title="bbox 2887 1842 3262 1921">
     <span class='ocr_line' id='line_1_48' title="bbox 2887 1842 3262 1921; baseline 0.005 -23"><span class='ocrx_word' id='word_1_347' title='bbox 2887 1842 3262 1921; x_wconf 78' lang='grc' dir='ltr'>ήνοχ).οὖντο.</span> 
     </span>
    </p>
   </div>
   <div class='ocr_carea' id='block_1_48' title="bbox 2317 1968 3884 2045">
    <p class='ocr_par' dir='ltr' id='par_1_48' title="bbox 2317 1968 3884 2045">
     <span class='ocr_line' id='line_1_49' title="bbox 2317 1968 3884 2045; baseline 0.003 -24"><span class='ocrx_word' id='word_1_348' title='bbox 2317 1968 2397 2039; x_wconf 87' lang='grc' dir='ltr'><strong>[Ρ.</strong></span> <span class='ocrx_word' id='word_1_349' title='bbox 2457 1969 2586 2040; x_wconf 79' lang='lat'><strong>265]</strong></span> <span class='ocrx_word' id='word_1_350' title='bbox 2663 1969 2750 2024; x_wconf 84' lang='lat' dir='ltr'><strong>’Ev</strong></span> <span class='ocrx_word' id='word_1_351' title='bbox 2826 1969 3042 2031; x_wconf 81' lang='grc' dir='ltr'>τούτοις</span> <span class='ocrx_word' id='word_1_352' title='bbox 3118 1973 3221 2035; x_wconf 80' lang='grc' dir='ltr'>τῆς</span> <span class='ocrx_word' id='word_1_353' title='bbox 3284 1970 3505 2045; x_wconf 75' lang='grc' dir='ltr'>ἡμέρας</span> <span class='ocrx_word' id='word_1_354' title='bbox 3564 1968 3884 2039; x_wconf 86' lang='grc' dir='ltr'>τελεσθείσης</span> 
     </span>
    </p>
   </div>
   <div class='ocr_carea' id='block_1_49' title="bbox 2245 2055 3882 2135">
    <p class='ocr_par' dir='ltr' id='par_1_49' title="bbox 2245 2055 3882 2135">
     <span class='ocr_line' id='line_1_50' title="bbox 2245 2055 3882 2135; baseline 0.001 -26"><span class='ocrx_word' id='word_1_355' title='bbox 2245 2055 2480 2127; x_wconf 82' lang='grc' dir='ltr'>ἐκείνης,</span> <span class='ocrx_word' id='word_1_356' title='bbox 2535 2056 2780 2133; x_wconf 79' lang='grc' dir='ltr'>ἐπισχὼν</span> <span class='ocrx_word' id='word_1_357' title='bbox 2840 2057 2920 2135; x_wconf 71' lang='grc' dir='ltr'><strong>ἐφ’</strong></span> <span class='ocrx_word' id='word_1_358' title='bbox 2950 2060 3183 2133; x_wconf 83' lang='grc' dir='ltr'>ἡμέραις</span> <span class='ocrx_word' id='word_1_359' title='bbox 3213 2060 3241 2113; x_wconf 88' lang='grc' dir='ltr'>ὁ</span> <span class='ocrx_word' id='word_1_360' title='bbox 3277 2056 3567 2135; x_wconf 79' lang='grc' dir='ltr'>βασιλεὺς,</span> <span class='ocrx_word' id='word_1_361' title='bbox 3600 2058 3688 2115; x_wconf 83' lang='grc' dir='ltr'><strong>καὶ</strong></span> <span class='ocrx_word' id='word_1_362' title='bbox 3720 2061 3882 2132; x_wconf 84' lang='grc' dir='ltr'>μαθὼν</span> 
     </span>
    </p>
   </div>
   <div class='ocr_carea' id='block_1_50' title="bbox 2245 2144 3879 2218">
    <p class='ocr_par' dir='ltr' id='par_1_50' title="bbox 2245 2144 3879 2218">
     <span class='ocr_line' id='line_1_51' title="bbox 2245 2144 3879 2218; baseline 0.003 -21"><span class='ocrx_word' id='word_1_363' title='bbox 2245 2144 2319 2207; x_wconf 82' lang='grc' dir='ltr'><strong>ὡς</strong></span> <span class='ocrx_word' id='word_1_364' title='bbox 2379 2145 2429 2198; x_wconf 90' lang='grc' dir='ltr'><strong>έν</strong></span> <span class='ocrx_word' id='word_1_365' title='bbox 2489 2144 2732 2201; x_wconf 73' lang='grc' dir='ltr'>κλύδωνι</span> <span class='ocrx_word' id='word_1_366' title='bbox 2789 2147 2857 2201; x_wconf 74' lang='grc' dir='ltr'><strong>τὰ</strong></span> <span class='ocrx_word' id='word_1_367' title='bbox 2910 2155 3010 2216; x_wconf 78' lang='grc' dir='ltr'><strong>τῆς</strong></span> <span class='ocrx_word' id='word_1_368' title='bbox 3070 2145 3404 2218; x_wconf 84' lang='grc' dir='ltr'>Ἐκκλησίας</span> <span class='ocrx_word' id='word_1_369' title='bbox 3457 2149 3561 2203; x_wconf 83' lang='grc' dir='ltr'>εἶσὶ</span> <span class='ocrx_word' id='word_1_370' title='bbox 3593 2149 3783 2213; x_wconf 75' lang='grc' dir='ltr'>καὶεῖς</span> <span class='ocrx_word' id='word_1_371' title='bbox 3803 2148 3879 2203; x_wconf 84' lang='grc' dir='ltr'><strong>τὸν</strong></span> 
     </span>
    </p>
   </div>
   <div class='ocr_carea' id='block_1_51' title="bbox 2242 2229 3881 2311">
    <p class='ocr_par' dir='ltr' id='par_1_51' title="bbox 2242 2229 3881 2311">
     <span class='ocr_line' id='line_1_52' title="bbox 2242 2229 3881 2311; baseline 0.003 -25"><span class='ocrx_word' id='word_1_372' title='bbox 2242 2229 2335 2287; x_wconf 74' lang='grc' dir='ltr'>ἕνα</span> <span class='ocrx_word' id='word_1_373' title='bbox 2366 2233 2427 2287; x_wconf 78' lang='grc' dir='ltr'>οὐ</span> <span class='ocrx_word' id='word_1_374' title='bbox 2482 2233 2849 2311; x_wconf 78' lang='grc' dir='ltr'>παραδέχεται</span> <span class='ocrx_word' id='word_1_375' title='bbox 2899 2238 2927 2290; x_wconf 89' lang='grc' dir='ltr'>ὁ</span> <span class='ocrx_word' id='word_1_376' title='bbox 2987 2235 3146 2306; x_wconf 74' lang='grc' dir='ltr'>δῆθεν</span> <span class='ocrx_word' id='word_1_377' title='bbox 3207 2235 3500 2301; x_wconf 81' lang='grc' dir='ltr'>ἀνένδοτος</span> <span class='ocrx_word' id='word_1_378' title='bbox 3541 2238 3633 2294; x_wconf 88' lang='grc' dir='ltr'>τὸν</span> <span class='ocrx_word' id='word_1_379' title='bbox 3678 2236 3881 2293; x_wconf 82' lang='grc' dir='ltr'>ὑποχλι-</span> 
     </span>
    </p>
   </div>
   <div class='ocr_carea' id='block_1_52' title="bbox 2244 2322 3881 2401">
    <p class='ocr_par' dir='ltr' id='par_1_52' title="bbox 2244 2322 3881 2401">
     <span class='ocr_line' id='line_1_53' title="bbox 2244 2322 3881 2401; baseline 0.005 -25"><span class='ocrx_word' id='word_1_380' title='bbox 2244 2323 2418 2392; x_wconf 87' lang='grc' dir='ltr'>Οέντα,</span> <span class='ocrx_word' id='word_1_381' title='bbox 2450 2327 2666 2398; x_wconf 80' lang='grc' dir='ltr'>πρῶτον</span> <span class='ocrx_word' id='word_1_382' title='bbox 2704 2324 2798 2397; x_wconf 72' lang='grc' dir='ltr'>μὲν</span> <span class='ocrx_word' id='word_1_383' title='bbox 2833 2322 3124 2401; x_wconf 82' lang='grc' dir='ltr'>σχεδιάσας</span> <span class='ocrx_word' id='word_1_384' title='bbox 3152 2325 3326 2399; x_wconf 89' lang='grc' dir='ltr'>τόμον</span> <span class='ocrx_word' id='word_1_385' title='bbox 3382 2327 3587 2382; x_wconf 81' lang='grc' dir='ltr'>σκοπὸν</span> <span class='ocrx_word' id='word_1_386' title='bbox 3630 2328 3725 2395; x_wconf 73' lang='grc' dir='ltr'>τὴν</span> <span class='ocrx_word' id='word_1_387' title='bbox 3767 2326 3881 2399; x_wconf 85' lang='grc' dir='ltr'>πρὸς</span> 
     </span>
    </p>
   </div>
   <div class='ocr_carea' id='block_1_53' title="bbox 2245 2408 3879 2494">
    <p class='ocr_par' dir='ltr' id='par_1_53' title="bbox 2245 2408 3879 2494">
     <span class='ocr_line' id='line_1_54' title="bbox 2245 2408 3879 2494; baseline 0.002 -29"><span class='ocrx_word' id='word_1_388' title='bbox 2245 2410 2474 2486; x_wconf 87' lang='grc' dir='ltr'>βασιλέα</span> <span class='ocrx_word' id='word_1_389' title='bbox 2530 2408 2740 2468; x_wconf 70' lang='grc' dir='ltr'>εὔνοιαν</span> <span class='ocrx_word' id='word_1_390' title='bbox 2796 2408 2996 2489; x_wconf 77' lang='grc' dir='ltr'>ἔχοντα</span> <span class='ocrx_word' id='word_1_391' title='bbox 3052 2413 3295 2470; x_wconf 79' lang='grc' dir='ltr'>ἐκέλευεν</span> <span class='ocrx_word' id='word_1_392' title='bbox 3357 2415 3693 2494; x_wconf 83' lang='grc' dir='ltr'>ὑπογράφειν</span> <span class='ocrx_word' id='word_1_393' title='bbox 3731 2461 3745 2486; x_wconf 94' lang='grc'><strong>,</strong></span> <span class='ocrx_word' id='word_1_394' title='bbox 3798 2413 3879 2469; x_wconf 83' lang='grc' dir='ltr'><strong>οὐκ</strong></span> 
     </span>
    </p>
   </div>
   <div class='ocr_carea' id='block_1_54' title="bbox 2238 2632 3873 2708">
    <p class='ocr_par' dir='ltr' id='par_1_54' title="bbox 2238 2632 3873 2708">
     <span class='ocr_line' id='line_1_55' title="bbox 2238 2632 3873 2708; baseline 0.001 -22"><span class='ocrx_word' id='word_1_395' title='bbox 2238 2632 2596 2703; x_wconf 86' lang='lat' dir='ltr'><strong>procederet,</strong></span> <span class='ocrx_word' id='word_1_396' title='bbox 2658 2634 2760 2689; x_wconf 90' lang='lat' dir='ltr'><strong>sed</strong></span> <span class='ocrx_word' id='word_1_397' title='bbox 2819 2633 2930 2689; x_wconf 88' lang='lat' dir='ltr'><strong>sub</strong></span> <span class='ocrx_word' id='word_1_398' title='bbox 2999 2634 3244 2690; x_wconf 90' lang='lat' dir='ltr'><strong>obtentu</strong></span> <span class='ocrx_word' id='word_1_399' title='bbox 3303 2651 3458 2691; x_wconf 92' lang='lat' dir='ltr'><strong>vano</strong></span> <span class='ocrx_word' id='word_1_400' title='bbox 3518 2633 3873 2708; x_wconf 88' lang='lat' dir='ltr'><strong>subjectionis</strong></span> 
     </span>
    </p>
   </div>
   <div class='ocr_carea' id='block_1_55' title="bbox 2236 2721 3869 2797">
    <p class='ocr_par' dir='ltr' id='par_1_55' title="bbox 2236 2721 3869 2797">
     <span class='ocr_line' id='line_1_56' title="bbox 2236 2721 3869 2797; baseline 0.001 -21"><span class='ocrx_word' id='word_1_401' title='bbox 2236 2725 2561 2790; x_wconf 63' lang='lat' dir='ltr'><strong>ostentatae,</strong></span> <span class='ocrx_word' id='word_1_402' title='bbox 2596 2738 2712 2777; x_wconf 90' lang='lat' dir='ltr'><strong>non</strong></span> <span class='ocrx_word' id='word_1_403' title='bbox 2748 2722 3021 2778; x_wconf 68' lang='lat' dir='ltr'><strong>exhibitas</strong></span> <span class='ocrx_word' id='word_1_404' title='bbox 3065 2722 3280 2795; x_wconf 90' lang='lat' dir='ltr'><strong>reipsa,</strong></span> <span class='ocrx_word' id='word_1_405' title='bbox 3316 2725 3613 2797; x_wconf 80' lang='lat' dir='ltr'><strong>integram</strong></span> <span class='ocrx_word' id='word_1_406' title='bbox 3645 2741 3744 2781; x_wconf 90' lang='lat' dir='ltr'><strong>nec</strong></span> <span class='ocrx_word' id='word_1_407' title='bbox 3770 2721 3869 2778; x_wconf 95' lang='lat' dir='ltr'><strong>ullo</strong></span> 
     </span>
    </p>
   </div>
   <div class='ocr_carea' id='block_1_56' title="bbox 2234 2809 3868 2885">
    <p class='ocr_par' dir='ltr' id='par_1_56' title="bbox 2234 2809 3868 2885">
     <span class='ocr_line' id='line_1_57' title="bbox 2234 2809 3868 2885; baseline 0.001 -20"><span class='ocrx_word' id='word_1_408' title='bbox 2234 2809 2629 2883; x_wconf 85' lang='lat' dir='ltr'><strong>interruptam</strong></span> <span class='ocrx_word' id='word_1_409' title='bbox 2684 2828 2796 2867; x_wconf 90' lang='lat' dir='ltr'><strong>usu</strong></span> <span class='ocrx_word' id='word_1_410' title='bbox 2838 2810 3051 2867; x_wconf 79' lang='lat' dir='ltr'><strong>Graecis</strong></span> <span class='ocrx_word' id='word_1_411' title='bbox 3102 2818 3363 2868; x_wconf 79' lang='lat' dir='ltr'><strong>servaret</strong></span> <span class='ocrx_word' id='word_1_412' title='bbox 3407 2814 3567 2885; x_wconf 89' lang='lat' dir='ltr'><strong>juris</strong></span> <span class='ocrx_word' id='word_1_413' title='bbox 3613 2812 3868 2868; x_wconf 84' lang='lat' dir='ltr'><strong>hactenus</strong></span> 
     </span>
    </p>
   </div>
   <div class='ocr_carea' id='block_1_57' title="bbox 2242 2898 3863 2973">
    <p class='ocr_par' dir='ltr' id='par_1_57' title="bbox 2242 2898 3863 2973">
     <span class='ocr_line' id='line_1_58' title="bbox 2242 2898 3863 2973; baseline -0.001 -18"><span class='ocrx_word' id='word_1_414' title='bbox 2242 2900 2505 2971; x_wconf 85' lang='lat' dir='ltr'><strong>usurpati</strong></span> <span class='ocrx_word' id='word_1_415' title='bbox 2540 2901 2997 2971; x_wconf 85' lang='lat' dir='ltr'><strong>possessionem.</strong></span> <span class='ocrx_word' id='word_1_416' title='bbox 3023 2904 3218 2973; x_wconf 84' lang='lat' dir='ltr'><strong>Longe</strong></span> <span class='ocrx_word' id='word_1_417' title='bbox 3249 2902 3325 2957; x_wconf 87' lang='lat' dir='ltr'><strong>ab</strong></span> <span class='ocrx_word' id='word_1_418' title='bbox 3358 2900 3452 2957; x_wconf 87' lang='lat' dir='ltr'><strong>his</strong></span> <span class='ocrx_word' id='word_1_419' title='bbox 3481 2902 3766 2958; x_wconf 89' lang='lat' dir='ltr'><strong>diversum</strong></span> <span class='ocrx_word' id='word_1_420' title='bbox 3793 2898 3863 2955; x_wconf 80' lang='lat' dir='ltr'><strong>vi-</strong></span> 
     </span>
    </p>
   </div>
   <div class='ocr_carea' id='block_1_58' title="bbox 2234 2990 3862 3061">
    <p class='ocr_par' dir='ltr' id='par_1_58' title="bbox 2234 2990 3862 3061">
     <span class='ocr_line' id='line_1_59' title="bbox 2234 2990 3862 3061; baseline -0.001 -17"><span class='ocrx_word' id='word_1_421' title='bbox 2234 2990 2355 3045; x_wconf 92' lang='lat' dir='ltr'><strong>deri</strong></span> <span class='ocrx_word' id='word_1_422' title='bbox 2388 2991 2544 3046; x_wconf 73' lang='lat'><strong>890</strong></span> <span class='ocrx_word' id='word_1_423' title='bbox 2575 2991 2735 3046; x_wconf 87' lang='lat' dir='ltr'><strong>abire</strong></span> <span class='ocrx_word' id='word_1_424' title='bbox 2769 2991 3006 3046; x_wconf 85' lang='lat' dir='ltr'><strong>tertium</strong></span> <span class='ocrx_word' id='word_1_425' title='bbox 3032 2991 3105 3046; x_wconf 93' lang='lat' dir='ltr'><strong>de</strong></span> <span class='ocrx_word' id='word_1_426' title='bbox 3135 2991 3694 3049; x_wconf 87' lang='lat' dir='ltr'><strong>commemoratione</strong></span> <span class='ocrx_word' id='word_1_427' title='bbox 3722 2990 3862 3061; x_wconf 66' lang='lat' dir='ltr'><strong>Papae</strong></span> 
     </span>
    </p>
   </div>
   <div class='ocr_carea' id='block_1_59' title="bbox 2230 3078 3862 3151">
    <p class='ocr_par' dir='ltr' id='par_1_59' title="bbox 2230 3078 3862 3151">
     <span class='ocr_line' id='line_1_60' title="bbox 2230 3078 3862 3151; baseline 0 -18"><span class='ocrx_word' id='word_1_428' title='bbox 2230 3078 2290 3134; x_wconf 90' lang='lat' dir='ltr'><strong>in</strong></span> <span class='ocrx_word' id='word_1_429' title='bbox 2322 3095 2508 3135; x_wconf 88' lang='lat' dir='ltr'><strong>sacro.</strong></span> <span class='ocrx_word' id='word_1_430' title='bbox 2541 3079 2646 3135; x_wconf 92' lang='lat' dir='ltr'><strong>Per</strong></span> <span class='ocrx_word' id='word_1_431' title='bbox 2670 3078 2725 3134; x_wconf 92' lang='lat' dir='ltr'><strong>id</strong></span> <span class='ocrx_word' id='word_1_432' title='bbox 2761 3079 2919 3134; x_wconf 84' lang='lat' dir='ltr'><strong>enim</strong></span> <span class='ocrx_word' id='word_1_433' title='bbox 2952 3079 3151 3134; x_wconf 89' lang='lat' dir='ltr'><strong>induci</strong></span> <span class='ocrx_word' id='word_1_434' title='bbox 3175 3080 3277 3151; x_wconf 88' lang='lat' dir='ltr'><strong>jus</strong></span> <span class='ocrx_word' id='word_1_435' title='bbox 3316 3080 3375 3136; x_wconf 91' lang='lat' dir='ltr'><strong>in</strong></span> <span class='ocrx_word' id='word_1_436' title='bbox 3411 3097 3610 3151; x_wconf 91' lang='lat' dir='ltr'><strong>usum,</strong></span> <span class='ocrx_word' id='word_1_437' title='bbox 3633 3085 3688 3136; x_wconf 91' lang='lat' dir='ltr'><strong>et</strong></span> <span class='ocrx_word' id='word_1_438' title='bbox 3716 3078 3862 3135; x_wconf 79' lang='lat' dir='ltr'><strong>verba</strong></span> 
     </span>
    </p>
   </div>
   <div class='ocr_carea' id='block_1_60' title="bbox 2230 3168 3856 3241">
    <p class='ocr_par' dir='ltr' id='par_1_60' title="bbox 2230 3168 3856 3241">
     <span class='ocr_line' id='line_1_61' title="bbox 2230 3168 3856 3241; baseline -0.001 -18"><span class='ocrx_word' id='word_1_439' title='bbox 2230 3169 2381 3225; x_wconf 83' lang='lat' dir='ltr'><strong>facto</strong></span> <span class='ocrx_word' id='word_1_440' title='bbox 2413 3168 2630 3224; x_wconf 85' lang='lat' dir='ltr'><strong>sanciri</strong></span> <span class='ocrx_word' id='word_1_441' title='bbox 2666 3185 2678 3225; x_wconf 93' lang='lat'>:</span> <span class='ocrx_word' id='word_1_442' title='bbox 2714 3174 2841 3224; x_wconf 90' lang='lat' dir='ltr'><strong>tum</strong></span> <span class='ocrx_word' id='word_1_443' title='bbox 2883 3169 3180 3225; x_wconf 86' lang='lat' dir='ltr'><strong>enimvero</strong></span> <span class='ocrx_word' id='word_1_444' title='bbox 3217 3169 3274 3225; x_wconf 87' lang='lat' dir='ltr'><strong>id</strong></span> <span class='ocrx_word' id='word_1_445' title='bbox 3312 3169 3556 3227; x_wconf 89' lang='lat' dir='ltr'><strong>concedi</strong></span> <span class='ocrx_word' id='word_1_446' title='bbox 3584 3169 3731 3241; x_wconf 91' lang='lat' dir='ltr'><strong>quod</strong></span> <span class='ocrx_word' id='word_1_447' title='bbox 3761 3173 3856 3223; x_wconf 86' lang='lat' dir='ltr'><strong>tam</strong></span> 
     </span>
    </p>
   </div>
   <div class='ocr_carea' id='block_1_61' title="bbox 464 3255 3859 3339">
    <p class='ocr_par' dir='ltr' id='par_1_61' title="bbox 464 3255 3859 3339">
     <span class='ocr_line' id='line_1_62' title="bbox 464 3255 3859 3339; baseline -0.003 -20"><span class='ocrx_word' id='word_1_448' title='bbox 464 3262 605 3337; x_wconf 91' lang='lat' dir='ltr'><strong>quid</strong></span> <span class='ocrx_word' id='word_1_449' title='bbox 639 3261 859 3318; x_wconf 87' lang='lat' dir='ltr'><strong>vidisse</strong></span> <span class='ocrx_word' id='word_1_450' title='bbox 883 3276 998 3333; x_wconf 89' lang='lat' dir='ltr'><strong>quo</strong></span> <span class='ocrx_word' id='word_1_451' title='bbox 1029 3261 1405 3315; x_wconf 88' lang='lat' dir='ltr'><strong>moverentur</strong></span> <span class='ocrx_word' id='word_1_452' title='bbox 1435 3257 1507 3313; x_wconf 92' lang='lat' dir='ltr'><strong>ad</strong></span> <span class='ocrx_word' id='word_1_453' title='bbox 1542 3255 2021 3328; x_wconf 88' lang='lat' dir='ltr'><strong>propendendum</strong></span> <span class='ocrx_word' id='word_1_454' title='bbox 2056 3255 2114 3309; x_wconf 90' lang='lat' dir='ltr'><strong>in</strong></span> <span class='ocrx_word' id='word_1_455' title='bbox 2148 3272 2191 3339; x_wconf 72' lang='grc' dir='ltr'><strong>ρ</strong></span> <span class='ocrx_word' id='word_1_456' title='bbox 2231 3257 2459 3313; x_wconf 86' lang='lat' dir='ltr'><strong>obnixis</strong></span> <span class='ocrx_word' id='word_1_457' title='bbox 2492 3258 2775 3314; x_wconf 88' lang='lat' dir='ltr'><strong>hactenus</strong></span> <span class='ocrx_word' id='word_1_458' title='bbox 2805 3258 3023 3314; x_wconf 91' lang='lat' dir='ltr'><strong>studiis</strong></span> <span class='ocrx_word' id='word_1_459' title='bbox 3053 3263 3398 3315; x_wconf 87' lang='lat' dir='ltr'><strong>recusatum</strong></span> <span class='ocrx_word' id='word_1_460' title='bbox 3427 3277 3461 3315; x_wconf 89' lang='lat' dir='ltr'><strong>a</strong></span> <span class='ocrx_word' id='word_1_461' title='bbox 3490 3258 3703 3316; x_wconf 86' lang='lat' dir='ltr'><strong>nostris</strong></span> <span class='ocrx_word' id='word_1_462' title='bbox 3729 3271 3859 3313; x_wconf 49' lang='lat' dir='ltr'><strong>semu</strong></span> 
     </span>
    </p>
   </div>
   <div class='ocr_carea' id='block_1_62' title="bbox 459 3343 2116 3424">
    <p class='ocr_par' dir='ltr' id='par_1_62' title="bbox 459 3343 2116 3424">
     <span class='ocr_line' id='line_1_63' title="bbox 459 3343 2116 3424; baseline -0.007 -15"><span class='ocrx_word' id='word_1_463' title='bbox 459 3356 689 3424; x_wconf 88' lang='lat' dir='ltr'><strong>partem</strong></span> <span class='ocrx_word' id='word_1_464' title='bbox 722 3350 990 3417; x_wconf 88' lang='lat' dir='ltr'><strong>alteram,</strong></span> <span class='ocrx_word' id='word_1_465' title='bbox 1023 3347 1352 3419; x_wconf 75' lang='lat' dir='ltr'><strong>fecisseque</strong></span> <span class='ocrx_word' id='word_1_466' title='bbox 1394 3345 1454 3400; x_wconf 91' lang='lat' dir='ltr'><strong>in</strong></span> <span class='ocrx_word' id='word_1_467' title='bbox 1505 3361 1573 3401; x_wconf 92' lang='lat' dir='ltr'><strong>eo</strong></span> <span class='ocrx_word' id='word_1_468' title='bbox 1621 3344 1784 3416; x_wconf 88' lang='lat' dir='ltr'><strong>ipsos</strong></span> <span class='ocrx_word' id='word_1_469' title='bbox 1815 3343 1969 3415; x_wconf 85' lang='lat' dir='ltr'><strong>quod</strong></span> <span class='ocrx_word' id='word_1_470' title='bbox 2003 3343 2116 3399; x_wconf 90' lang='lat' dir='ltr'><strong>sibi</strong></span> 
     </span>
    </p>
   </div>
   <div class='ocr_carea' id='block_1_63' title="bbox 460 3431 2115 3514">
    <p class='ocr_par' dir='ltr' id='par_1_63' title="bbox 460 3431 2115 3514">
     <span class='ocr_line' id='line_1_64' title="bbox 460 3431 2115 3514; baseline -0.006 -16"><span class='ocrx_word' id='word_1_471' title='bbox 460 3439 735 3514; x_wconf 83' lang='lat' dir='ltr'><strong>expedire</strong></span> <span class='ocrx_word' id='word_1_472' title='bbox 764 3439 1159 3512; x_wconf 78' lang='lat' dir='ltr'><strong>iudicassent;</strong></span> <span class='ocrx_word' id='word_1_473' title='bbox 1205 3450 1398 3507; x_wconf 84' lang='lat' dir='ltr'><strong>neque</strong></span> <span class='ocrx_word' id='word_1_474' title='bbox 1445 3448 1685 3489; x_wconf 90' lang='lat' dir='ltr'><strong>censere</strong></span> <span class='ocrx_word' id='word_1_475' title='bbox 1714 3433 1830 3488; x_wconf 89' lang='lat' dir='ltr'><strong>ista</strong></span> <span class='ocrx_word' id='word_1_476' title='bbox 1862 3431 1919 3487; x_wconf 91' lang='lat' dir='ltr'><strong>in</strong></span> <span class='ocrx_word' id='word_1_477' title='bbox 1952 3448 2013 3488; x_wconf 89' lang='lat' dir='ltr'><strong>re</strong></span> <span class='ocrx_word' id='word_1_478' title='bbox 2043 3433 2115 3488; x_wconf 92' lang='lat' dir='ltr'><strong>ab</strong></span> 
     </span>
    </p>
   </div>
   <div class='ocr_carea' id='block_1_64' title="bbox 455 3520 2116 3603">
    <p class='ocr_par' dir='ltr' id='par_1_64' title="bbox 455 3520 2116 3603">
     <span class='ocr_line' id='line_1_65' title="bbox 455 3520 2116 3603; baseline -0.006 -16"><span class='ocrx_word' id='word_1_479' title='bbox 455 3530 605 3603; x_wconf 91' lang='lat' dir='ltr'><strong>ipsis</strong></span> <span class='ocrx_word' id='word_1_480' title='bbox 660 3533 867 3584; x_wconf 89' lang='lat' dir='ltr'><strong>contra</strong></span> <span class='ocrx_word' id='word_1_481' title='bbox 920 3523 1344 3582; x_wconf 87' lang='lat' dir='ltr'><strong>conscientiam</strong></span> <span class='ocrx_word' id='word_1_482' title='bbox 1395 3524 1717 3594; x_wconf 90' lang='lat' dir='ltr'><strong>peccatum.</strong></span> <span class='ocrx_word' id='word_1_483' title='bbox 1768 3520 1931 3584; x_wconf 88' lang='lat' dir='ltr'><strong>Quod</strong></span> <span class='ocrx_word' id='word_1_484' title='bbox 1981 3538 2116 3577; x_wconf 89' lang='lat' dir='ltr'><strong>vero</strong></span> 
     </span>
    </p>
   </div>
   <div class='ocr_carea' id='block_1_65' title="bbox 455 3610 2110 3691">
    <p class='ocr_par' dir='ltr' id='par_1_65' title="bbox 455 3610 2110 3691">
     <span class='ocr_line' id='line_1_66' title="bbox 455 3610 2110 3691; baseline -0.007 -16"><span class='ocrx_word' id='word_1_485' title='bbox 455 3620 778 3691; x_wconf 89' lang='lat' dir='ltr'><strong>imperator</strong></span> <span class='ocrx_word' id='word_1_486' title='bbox 805 3616 1068 3687; x_wconf 91' lang='lat' dir='ltr'><strong>ipsorum</strong></span> <span class='ocrx_word' id='word_1_487' title='bbox 1115 3614 1185 3669; x_wconf 91' lang='lat' dir='ltr'><strong>de</strong></span> <span class='ocrx_word' id='word_1_488' title='bbox 1231 3611 1326 3667; x_wconf 90' lang='lat' dir='ltr'><strong>his</strong></span> <span class='ocrx_word' id='word_1_489' title='bbox 1372 3610 1724 3668; x_wconf 89' lang='lat' dir='ltr'><strong>sententiam</strong></span> <span class='ocrx_word' id='word_1_490' title='bbox 1757 3614 2008 3682; x_wconf 84' lang='lat' dir='ltr'><strong>rogaret,</strong></span> <span class='ocrx_word' id='word_1_491' title='bbox 2041 3610 2110 3665; x_wconf 90' lang='lat' dir='ltr'><strong>ad</strong></span> 
     </span>
    </p>
   </div>
   <div class='ocr_carea' id='block_1_66' title="bbox 456 3699 2112 3777">
    <p class='ocr_par' dir='ltr' id='par_1_66' title="bbox 456 3699 2112 3777">
     <span class='ocr_line' id='line_1_67' title="bbox 456 3699 2112 3777; baseline -0.005 -14"><span class='ocrx_word' id='word_1_492' title='bbox 456 3708 515 3763; x_wconf 90' lang='lat' dir='ltr'><strong>id</strong></span> <span class='ocrx_word' id='word_1_493' title='bbox 549 3706 636 3763; x_wconf 89' lang='lat' dir='ltr'><strong>sic</strong></span> <span class='ocrx_word' id='word_1_494' title='bbox 666 3705 1120 3777; x_wconf 89' lang='lat' dir='ltr'><strong>responderunt,</strong></span> <span class='ocrx_word' id='word_1_495' title='bbox 1149 3700 1403 3773; x_wconf 90' lang='lat' dir='ltr'><strong>primum</strong></span> <span class='ocrx_word' id='word_1_496' title='bbox 1437 3699 1550 3756; x_wconf 88' lang='lat' dir='ltr'><strong>sibi</strong></span> <span class='ocrx_word' id='word_1_497' title='bbox 1584 3716 1687 3771; x_wconf 90' lang='lat' dir='ltr'><strong>per</strong></span> <span class='ocrx_word' id='word_1_498' title='bbox 1708 3715 1906 3756; x_wconf 89' lang='lat' dir='ltr'><strong>sacros</strong></span> <span class='ocrx_word' id='word_1_499' title='bbox 1937 3716 2112 3755; x_wconf 90' lang='lat' dir='ltr'><strong>cano-</strong></span> 
     </span>
    </p>
   </div>
   <div class='ocr_carea' id='block_1_67' title="bbox 458 3789 2108 3861">
    <p class='ocr_par' dir='ltr' id='par_1_67' title="bbox 458 3789 2108 3861">
     <span class='ocr_line' id='line_1_68' title="bbox 458 3789 2108 3861; baseline -0.004 -8"><span class='ocrx_word' id='word_1_500' title='bbox 458 3812 564 3854; x_wconf 89' lang='lat' dir='ltr'><strong>nes</strong></span> <span class='ocrx_word' id='word_1_501' title='bbox 593 3812 712 3853; x_wconf 91' lang='lat' dir='ltr'><strong>non</strong></span> <span class='ocrx_word' id='word_1_502' title='bbox 733 3794 908 3851; x_wconf 85' lang='lat' dir='ltr'><strong>licere</strong></span> <span class='ocrx_word' id='word_1_503' title='bbox 928 3792 1251 3849; x_wconf 87' lang='lat' dir='ltr'><strong>deliberare</strong></span> <span class='ocrx_word' id='word_1_504' title='bbox 1271 3792 1343 3847; x_wconf 93' lang='lat' dir='ltr'><strong>de</strong></span> <span class='ocrx_word' id='word_1_505' title='bbox 1363 3789 1605 3855; x_wconf 86' lang='lat' dir='ltr'><strong>talibus,</strong></span> <span class='ocrx_word' id='word_1_506' title='bbox 1629 3790 1732 3861; x_wconf 92' lang='lat' dir='ltr'><strong>qui</strong></span> <span class='ocrx_word' id='word_1_507' title='bbox 1763 3790 2108 3861; x_wconf 70' lang='lat' dir='ltr'><strong>patriarchas</strong></span> 
     </span>
    </p>
   </div>
   <div class='ocr_carea' id='block_1_68' title="bbox 459 3879 2110 3956">
    <p class='ocr_par' dir='ltr' id='par_1_68' title="bbox 459 3879 2110 3956">
     <span class='ocr_line' id='line_1_69' title="bbox 459 3879 2110 3956; baseline -0.005 -13"><span class='ocrx_word' id='word_1_508' title='bbox 459 3887 796 3955; x_wconf 83' lang='lat' dir='ltr'><strong>subessent,</strong></span> <span class='ocrx_word' id='word_1_509' title='bbox 816 3885 1060 3956; x_wconf 87' lang='lat' dir='ltr'><strong>ejusque</strong></span> <span class='ocrx_word' id='word_1_510' title='bbox 1080 3880 1246 3954; x_wconf 90' lang='lat' dir='ltr'><strong>sequi</strong></span> <span class='ocrx_word' id='word_1_511' title='bbox 1269 3879 1564 3951; x_wconf 91' lang='lat' dir='ltr'><strong>judicium</strong></span> <span class='ocrx_word' id='word_1_512' title='bbox 1588 3882 1646 3934; x_wconf 91' lang='lat' dir='ltr'><strong>et</strong></span> <span class='ocrx_word' id='word_1_513' title='bbox 1677 3879 1981 3951; x_wconf 70' lang='lat' dir='ltr'><strong>praeceptis</strong></span> <span class='ocrx_word' id='word_1_514' title='bbox 2010 3880 2110 3935; x_wconf 90' lang='lat' dir='ltr'><strong>ob-</strong></span> 
     </span>
    </p>
   </div>
   <div class='ocr_carea' id='block_1_69' title="bbox 459 3967 2103 4047">
    <p class='ocr_par' dir='ltr' id='par_1_69' title="bbox 459 3967 2103 4047">
     <span class='ocr_line' id='line_1_70' title="bbox 459 3967 2103 4047; baseline -0.005 -15"><span class='ocrx_word' id='word_1_515' title='bbox 459 3981 787 4047; x_wconf 89' lang='lat' dir='ltr'><strong>temperare</strong></span> <span class='ocrx_word' id='word_1_516' title='bbox 815 3974 1115 4030; x_wconf 87' lang='lat' dir='ltr'><strong>deberent.</strong></span> <span class='ocrx_word' id='word_1_517' title='bbox 1149 3971 1334 4035; x_wconf 86' lang='lat' dir='ltr'><strong>Quare</strong></span> <span class='ocrx_word' id='word_1_518' title='bbox 1362 3984 1480 4024; x_wconf 88' lang='lat' dir='ltr'><strong>non</strong></span> <span class='ocrx_word' id='word_1_519' title='bbox 1524 3967 1740 4024; x_wconf 89' lang='lat' dir='ltr'><strong>habere</strong></span> <span class='ocrx_word' id='word_1_520' title='bbox 1769 3985 1832 4024; x_wconf 90' lang='lat' dir='ltr'><strong>se</strong></span> <span class='ocrx_word' id='word_1_521' title='bbox 1859 3969 2011 4039; x_wconf 90' lang='lat' dir='ltr'><strong>quod</strong></span> <span class='ocrx_word' id='word_1_522' title='bbox 2044 3968 2103 4024; x_wconf 88' lang='lat' dir='ltr'><strong>in</strong></span> 
     </span>
    </p>
   </div>
   <div class='ocr_carea' id='block_1_70' title="bbox 457 4056 2103 4129">
    <p class='ocr_par' dir='ltr' id='par_1_70' title="bbox 457 4056 2103 4129">
     <span class='ocr_line' id='line_1_71' title="bbox 457 4056 2103 4129; baseline -0.005 -7"><span class='ocrx_word' id='word_1_523' title='bbox 457 4080 772 4122; x_wconf 90' lang='lat' dir='ltr'><strong>commune</strong></span> <span class='ocrx_word' id='word_1_524' title='bbox 792 4063 1076 4119; x_wconf 88' lang='lat' dir='ltr'><strong>dicerent.</strong></span> <span class='ocrx_word' id='word_1_525' title='bbox 1097 4061 1274 4117; x_wconf 92' lang='lat' dir='ltr'><strong>Posse</strong></span> <span class='ocrx_word' id='word_1_526' title='bbox 1294 4064 1490 4115; x_wconf 90' lang='lat' dir='ltr'><strong>autem</strong></span> <span class='ocrx_word' id='word_1_527' title='bbox 1513 4072 1809 4129; x_wconf 91' lang='lat' dir='ltr'><strong>quemque</strong></span> <span class='ocrx_word' id='word_1_528' title='bbox 1829 4056 2103 4129; x_wconf 87' lang='lat' dir='ltr'><strong>privatim</strong></span> 
     </span>
    </p>
   </div>
   <div class='ocr_carea' id='block_1_71' title="bbox 450 4146 2103 4225">
    <p class='ocr_par' dir='ltr' id='par_1_71' title="bbox 450 4146 2103 4225">
     <span class='ocr_line' id='line_1_72' title="bbox 450 4146 2103 4225; baseline -0.005 -14"><span class='ocrx_word' id='word_1_529' title='bbox 450 4152 816 4225; x_wconf 82' lang='lat' dir='ltr'><strong>interrogari.</strong></span> <span class='ocrx_word' id='word_1_530' title='bbox 844 4150 939 4208; x_wconf 89' lang='lat' dir='ltr'><strong>Sic</strong></span> <span class='ocrx_word' id='word_1_531' title='bbox 963 4150 1121 4207; x_wconf 91' lang='lat' dir='ltr'><strong>enim</strong></span> <span class='ocrx_word' id='word_1_532' title='bbox 1153 4154 1347 4206; x_wconf 85' lang='lat' dir='ltr'><strong>metus</strong></span> <span class='ocrx_word' id='word_1_533' title='bbox 1369 4146 1593 4205; x_wconf 87' lang='lat' dir='ltr'><strong>scilicet</strong></span> <span class='ocrx_word' id='word_1_534' title='bbox 1621 4146 1820 4203; x_wconf 92' lang='lat' dir='ltr'><strong>nullus</strong></span> <span class='ocrx_word' id='word_1_535' title='bbox 1846 4148 2103 4203; x_wconf 85' lang='lat' dir='ltr'><strong>tardabit</strong></span> 
     </span>
    </p>
   </div>
   <div class='ocr_carea' id='block_1_72' title="bbox 448 4237 2097 4317">
    <p class='ocr_par' dir='ltr' id='par_1_72' title="bbox 448 4237 2097 4317">
     <span class='ocr_line' id='line_1_73' title="bbox 448 4237 2097 4317; baseline -0.005 -17"><span class='ocrx_word' id='word_1_536' title='bbox 448 4242 744 4317; x_wconf 83' lang='lat' dir='ltr'><strong>sigillatim</strong></span> <span class='ocrx_word' id='word_1_537' title='bbox 793 4242 1179 4313; x_wconf 85' lang='lat' dir='ltr'><strong>interrogatos</strong></span> <span class='ocrx_word' id='word_1_538' title='bbox 1227 4255 1262 4294; x_wconf 90' lang='lat' dir='ltr'><strong>a</strong></span> <span class='ocrx_word' id='word_1_539' title='bbox 1308 4237 1618 4308; x_wconf 86' lang='lat' dir='ltr'><strong>majestate</strong></span> <span class='ocrx_word' id='word_1_540' title='bbox 1664 4252 1796 4302; x_wconf 89' lang='lat' dir='ltr'><strong>sua,</strong></span> <span class='ocrx_word' id='word_1_541' title='bbox 1827 4251 1920 4302; x_wconf 89' lang='lat' dir='ltr'><strong>ne,</strong></span> <span class='ocrx_word' id='word_1_542' title='bbox 1953 4237 2097 4308; x_wconf 91' lang='lat' dir='ltr'><strong>quid</strong></span> 
     </span>
    </p>
   </div>
   <div class='ocr_carea' id='block_1_73' title="bbox 440 4324 2094 4405">
    <p class='ocr_par' dir='ltr' id='par_1_73' title="bbox 440 4324 2094 4405">
     <span class='ocr_line' id='line_1_74' title="bbox 440 4324 2094 4405; baseline -0.004 -17"><span class='ocrx_word' id='word_1_543' title='bbox 440 4332 591 4405; x_wconf 89' lang='lat' dir='ltr'><strong>ipsis</strong></span> <span class='ocrx_word' id='word_1_544' title='bbox 622 4333 682 4388; x_wconf 89' lang='lat' dir='ltr'><strong>in</strong></span> <span class='ocrx_word' id='word_1_545' title='bbox 728 4334 984 4388; x_wconf 89' lang='lat' dir='ltr'><strong>mentem</strong></span> <span class='ocrx_word' id='word_1_546' title='bbox 1034 4330 1279 4395; x_wconf 90' lang='lat' dir='ltr'><strong>venerit,</strong></span> <span class='ocrx_word' id='word_1_547' title='bbox 1312 4327 1610 4399; x_wconf 86' lang='lat' dir='ltr'><strong>proferant</strong></span> <span class='ocrx_word' id='word_1_548' title='bbox 1653 4341 1831 4397; x_wconf 89' lang='lat' dir='ltr'><strong>super</strong></span> <span class='ocrx_word' id='word_1_549' title='bbox 1860 4324 1935 4381; x_wconf 90' lang='lat' dir='ltr'><strong>iis</strong></span> <span class='ocrx_word' id='word_1_550' title='bbox 1967 4342 2094 4398; x_wconf 79' lang='lat' dir='ltr'><strong>quae</strong></span> 
     </span>
    </p>
   </div>
   <div class='ocr_carea' id='block_1_74' title="bbox 437 4416 2091 4494">
    <p class='ocr_par' dir='ltr' id='par_1_74' title="bbox 437 4416 2091 4494">
     <span class='ocr_line' id='line_1_75' title="bbox 437 4416 2091 4494; baseline -0.006 -15"><span class='ocrx_word' id='word_1_551' title='bbox 437 4424 861 4494; x_wconf 88' lang='lat' dir='ltr'><strong>proponentur.</strong></span> <span class='ocrx_word' id='word_1_552' title='bbox 881 4418 1038 4475; x_wconf 90' lang='lat' dir='ltr'><strong>Fecit</strong></span> <span class='ocrx_word' id='word_1_553' title='bbox 1065 4417 1176 4473; x_wconf 91' lang='lat' dir='ltr'><strong>hoc</strong></span> <span class='ocrx_word' id='word_1_554' title='bbox 1206 4417 1405 4473; x_wconf 88' lang='lat' dir='ltr'><strong>statim</strong></span> <span class='ocrx_word' id='word_1_555' title='bbox 1434 4416 1779 4487; x_wconf 88' lang='lat' dir='ltr'><strong>imperator;</strong></span> <span class='ocrx_word' id='word_1_556' title='bbox 1805 4418 2091 4471; x_wconf 87' lang='lat' dir='ltr'><strong>eteorum</strong></span> 
     </span>
    </p>
   </div>
   <div class='ocr_carea' id='block_1_75' title="bbox 434 4506 2093 4583">
    <p class='ocr_par' dir='ltr' id='par_1_75' title="bbox 434 4506 2093 4583">
     <span class='ocr_line' id='line_1_76' title="bbox 434 4506 2093 4583; baseline -0.004 -16"><span class='ocrx_word' id='word_1_557' title='bbox 434 4528 585 4583; x_wconf 91' lang='lat' dir='ltr'><strong>quos</strong></span> <span class='ocrx_word' id='word_1_558' title='bbox 611 4510 887 4583; x_wconf 86' lang='lat' dir='ltr'><strong>privatim</strong></span> <span class='ocrx_word' id='word_1_559' title='bbox 933 4508 1175 4578; x_wconf 90' lang='lat' dir='ltr'><strong>audivit,</strong></span> <span class='ocrx_word' id='word_1_560' title='bbox 1206 4506 1357 4564; x_wconf 89' lang='lat' dir='ltr'><strong>alius</strong></span> <span class='ocrx_word' id='word_1_561' title='bbox 1404 4507 1520 4563; x_wconf 91' lang='lat' dir='ltr'><strong>tria</strong></span> <span class='ocrx_word' id='word_1_562' title='bbox 1562 4523 1631 4562; x_wconf 80' lang='lat' dir='ltr'><strong>ex</strong></span> <span class='ocrx_word' id='word_1_563' title='bbox 1679 4522 1845 4578; x_wconf 60' lang='lat' dir='ltr'><strong>aequo</strong></span> <span class='ocrx_word' id='word_1_564' title='bbox 1876 4509 2093 4562; x_wconf 86' lang='lat' dir='ltr'><strong>cuncta</strong></span> 
     </span>
    </p>
   </div>
   <div class='ocr_carea' id='block_1_76' title="bbox 429 4594 2091 4673">
    <p class='ocr_par' dir='ltr' id='par_1_76' title="bbox 429 4594 2091 4673">
     <span class='ocr_line' id='line_1_77' title="bbox 429 4594 2091 4673; baseline -0.004 -17"><span class='ocrx_word' id='word_1_565' title='bbox 429 4599 688 4673; x_wconf 89' lang='lat' dir='ltr'><strong>capitula</strong></span> <span class='ocrx_word' id='word_1_566' title='bbox 725 4599 949 4670; x_wconf 90' lang='lat' dir='ltr'><strong>rejecit,</strong></span> <span class='ocrx_word' id='word_1_567' title='bbox 982 4597 1214 4653; x_wconf 90' lang='lat' dir='ltr'><strong>nullum</strong></span> <span class='ocrx_word' id='word_1_568' title='bbox 1246 4611 1448 4653; x_wconf 90' lang='lat' dir='ltr'><strong>eorum</strong></span> <span class='ocrx_word' id='word_1_569' title='bbox 1481 4595 1666 4668; x_wconf 87' lang='lat' dir='ltr'><strong>accipi</strong></span> <span class='ocrx_word' id='word_1_570' title='bbox 1715 4596 1787 4652; x_wconf 88' lang='lat' dir='ltr'><strong>ab</strong></span> <span class='ocrx_word' id='word_1_571' title='bbox 1836 4594 2091 4651; x_wconf 89' lang='lat' dir='ltr'><strong>Ecclesia</strong></span> 
     </span>
    </p>
   </div>
   <div class='ocr_carea' id='block_1_77' title="bbox 2231 3344 3859 3418">
    <p class='ocr_par' dir='ltr' id='par_1_77' title="bbox 2231 3344 3859 3418">
     <span class='ocr_line' id='line_1_78' title="bbox 2231 3344 3859 3418; baseline -0.002 -17"><span class='ocrx_word' id='word_1_572' title='bbox 2231 3363 2334 3418; x_wconf 88' lang='lat' dir='ltr'><strong>per</strong></span> <span class='ocrx_word' id='word_1_573' title='bbox 2359 3351 2471 3417; x_wconf 90' lang='lat' dir='ltr'><strong>est,</strong></span> <span class='ocrx_word' id='word_1_574' title='bbox 2505 3352 2569 3402; x_wconf 90' lang='lat' dir='ltr'><strong>ut</strong></span> <span class='ocrx_word' id='word_1_575' title='bbox 2595 3347 2820 3403; x_wconf 90' lang='lat' dir='ltr'><strong>scilicet</strong></span> <span class='ocrx_word' id='word_1_576' title='bbox 2849 3347 3043 3418; x_wconf 88' lang='lat' dir='ltr'><strong>palam</strong></span> <span class='ocrx_word' id='word_1_577' title='bbox 3094 3347 3152 3402; x_wconf 87' lang='lat' dir='ltr'><strong>in</strong></span> <span class='ocrx_word' id='word_1_578' title='bbox 3200 3355 3471 3405; x_wconf 87' lang='lat' dir='ltr'><strong>nostram</strong></span> <span class='ocrx_word' id='word_1_579' title='bbox 3524 3344 3859 3405; x_wconf 88' lang='lat' dir='ltr'><strong>communio-</strong></span> 
     </span>
    </p>
   </div>
   <div class='ocr_carea' id='block_1_78' title="bbox 2229 3436 3851 3510">
    <p class='ocr_par' dir='ltr' id='par_1_78' title="bbox 2229 3436 3851 3510">
     <span class='ocr_line' id='line_1_79' title="bbox 2229 3436 3851 3510; baseline -0.002 -19"><span class='ocrx_word' id='word_1_580' title='bbox 2229 3453 2359 3492; x_wconf 90' lang='lat' dir='ltr'><strong>nem</strong></span> <span class='ocrx_word' id='word_1_581' title='bbox 2415 3436 2808 3493; x_wconf 89' lang='lat' dir='ltr'><strong>admittantur</strong></span> <span class='ocrx_word' id='word_1_582' title='bbox 2856 3437 2895 3491; x_wconf 89' lang='lat' dir='ltr'><strong>ii</strong></span> <span class='ocrx_word' id='word_1_583' title='bbox 2948 3453 3098 3508; x_wconf 90' lang='lat' dir='ltr'><strong>quos</strong></span> <span class='ocrx_word' id='word_1_584' title='bbox 3138 3443 3380 3494; x_wconf 89' lang='lat' dir='ltr'><strong>constat</strong></span> <span class='ocrx_word' id='word_1_585' title='bbox 3426 3439 3484 3494; x_wconf 91' lang='lat' dir='ltr'><strong>in</strong></span> <span class='ocrx_word' id='word_1_586' title='bbox 3535 3436 3851 3510; x_wconf 88' lang='lat' dir='ltr'><strong>scripturam</strong></span> 
     </span>
    </p>
   </div>
   <div class='ocr_carea' id='block_1_79' title="bbox 2230 3521 3852 3601">
    <p class='ocr_par' dir='ltr' id='par_1_79' title="bbox 2230 3521 3852 3601">
     <span class='ocr_line' id='line_1_80' title="bbox 2230 3521 3852 3601; baseline -0.005 -17"><span class='ocrx_word' id='word_1_587' title='bbox 2230 3527 2551 3600; x_wconf 89' lang='lat' dir='ltr'><strong>publicam,</strong></span> <span class='ocrx_word' id='word_1_588' title='bbox 2578 3532 2635 3584; x_wconf 90' lang='lat' dir='ltr'><strong>et</strong></span> <span class='ocrx_word' id='word_1_589' title='bbox 2672 3544 2800 3585; x_wconf 89' lang='lat' dir='ltr'><strong>eam</strong></span> <span class='ocrx_word' id='word_1_590' title='bbox 2834 3528 3075 3600; x_wconf 89' lang='lat' dir='ltr'><strong>quidem</strong></span> <span class='ocrx_word' id='word_1_591' title='bbox 3125 3529 3319 3600; x_wconf 87' lang='lat' dir='ltr'><strong>ipsam</strong></span> <span class='ocrx_word' id='word_1_592' title='bbox 3351 3546 3470 3601; x_wconf 89' lang='lat' dir='ltr'><strong>qua</strong></span> <span class='ocrx_word' id='word_1_593' title='bbox 3502 3528 3636 3583; x_wconf 89' lang='lat' dir='ltr'><strong>fidei</strong></span> <span class='ocrx_word' id='word_1_594' title='bbox 3680 3521 3852 3596; x_wconf 81' lang='lat' dir='ltr'><strong>regula</strong></span> 
     </span>
    </p>
   </div>
   <div class='ocr_carea' id='block_1_80' title="bbox 2226 3609 3845 3688">
    <p class='ocr_par' dir='ltr' id='par_1_80' title="bbox 2226 3609 3845 3688">
     <span class='ocr_line' id='line_1_81' title="bbox 2226 3609 3845 3688; baseline -0.005 -18"><span class='ocrx_word' id='word_1_595' title='bbox 2226 3616 2498 3685; x_wconf 89' lang='lat' dir='ltr'><strong>traditur,</strong></span> <span class='ocrx_word' id='word_1_596' title='bbox 2541 3633 2753 3688; x_wconf 88' lang='lat' dir='ltr'><strong>nempe</strong></span> <span class='ocrx_word' id='word_1_597' title='bbox 2809 3615 2867 3670; x_wconf 87' lang='lat' dir='ltr'><strong>in</strong></span> <span class='ocrx_word' id='word_1_598' title='bbox 2918 3616 3286 3688; x_wconf 82' lang='lat' dir='ltr'><strong>Symbolum,</strong></span> <span class='ocrx_word' id='word_1_599' title='bbox 3337 3634 3485 3674; x_wconf 90' lang='lat' dir='ltr'><strong>ausu</strong></span> <span class='ocrx_word' id='word_1_600' title='bbox 3528 3609 3845 3672; x_wconf 87' lang='lat' dir='ltr'><strong>intolerabili</strong></span> 
     </span>
    </p>
   </div>
   <div class='ocr_carea' id='block_1_81' title="bbox 2224 3701 3843 3777">
    <p class='ocr_par' dir='ltr' id='par_1_81' title="bbox 2224 3701 3843 3777">
     <span class='ocr_line' id='line_1_82' title="bbox 2224 3701 3843 3777; baseline -0.005 -15"><span class='ocrx_word' id='word_1_601' title='bbox 2224 3723 2518 3777; x_wconf 88' lang='lat' dir='ltr'><strong>peccasse.</strong></span> <span class='ocrx_word' id='word_1_602' title='bbox 2550 3708 2624 3761; x_wconf 90' lang='lat' dir='ltr'><strong>At</strong></span> <span class='ocrx_word' id='word_1_603' title='bbox 2651 3705 2988 3777; x_wconf 88' lang='lat' dir='ltr'><strong>Xiphilinus</strong></span> <span class='ocrx_word' id='word_1_604' title='bbox 3032 3706 3230 3777; x_wconf 89' lang='lat' dir='ltr'><strong>magni</strong></span> <span class='ocrx_word' id='word_1_605' title='bbox 3263 3712 3406 3763; x_wconf 89' lang='lat' dir='ltr'><strong>tunc</strong></span> <span class='ocrx_word' id='word_1_606' title='bbox 3433 3704 3708 3763; x_wconf 73' lang='lat' dir='ltr'><strong>meonetni</strong></span> <span class='ocrx_word' id='word_1_607' title='bbox 3738 3701 3843 3757; x_wconf 81' lang='lat' dir='ltr'><strong>ofﬁ-</strong></span> 
     </span>
    </p>
   </div>
   <div class='ocr_carea' id='block_1_82' title="bbox 2223 3793 3838 3866">
    <p class='ocr_par' dir='ltr' id='par_1_82' title="bbox 2223 3793 3838 3866">
     <span class='ocr_line' id='line_1_83' title="bbox 2223 3793 3838 3866; baseline -0.005 -16"><span class='ocrx_word' id='word_1_608' title='bbox 2223 3796 2378 3851; x_wconf 91' lang='lat' dir='ltr'><strong>cium</strong></span> <span class='ocrx_word' id='word_1_609' title='bbox 2410 3812 2706 3863; x_wconf 80' lang='lat' dir='ltr'><strong>exercens,</strong></span> <span class='ocrx_word' id='word_1_610' title='bbox 2738 3813 2805 3851; x_wconf 90' lang='lat' dir='ltr'><strong>ea</strong></span> <span class='ocrx_word' id='word_1_611' title='bbox 2844 3793 3059 3850; x_wconf 85' lang='lat' dir='ltr'><strong>ﬁducia</strong></span> <span class='ocrx_word' id='word_1_612' title='bbox 3109 3811 3286 3866; x_wconf 89' lang='lat' dir='ltr'><strong>quam</strong></span> <span class='ocrx_word' id='word_1_613' title='bbox 3320 3797 3370 3852; x_wconf 92' lang='lat' dir='ltr'><strong>ei</strong></span> <span class='ocrx_word' id='word_1_614' title='bbox 3412 3794 3741 3852; x_wconf 87' lang='lat' dir='ltr'><strong>auctoritate</strong></span> <span class='ocrx_word' id='word_1_615' title='bbox 3766 3804 3838 3844; x_wconf 87' lang='lat' dir='ltr'><strong>se-</strong></span> 
     </span>
    </p>
   </div>
   <div class='ocr_carea' id='block_1_83' title="bbox 2223 3879 3835 3960">
    <p class='ocr_par' dir='ltr' id='par_1_83' title="bbox 2223 3879 3835 3960">
     <span class='ocr_line' id='line_1_84' title="bbox 2223 3879 3835 3960; baseline -0.006 -20"><span class='ocrx_word' id='word_1_616' title='bbox 2223 3885 2475 3941; x_wconf 90' lang='lat' dir='ltr'><strong>nectutis</strong></span> <span class='ocrx_word' id='word_1_617' title='bbox 2531 3891 2590 3940; x_wconf 91' lang='lat' dir='ltr'><strong>et</strong></span> <span class='ocrx_word' id='word_1_618' title='bbox 2646 3884 2832 3940; x_wconf 89' lang='lat' dir='ltr'><strong>multa</strong></span> <span class='ocrx_word' id='word_1_619' title='bbox 2887 3901 3022 3960; x_wconf 82' lang='lat' dir='ltr'><strong>cum</strong></span> <span class='ocrx_word' id='word_1_620' title='bbox 3090 3885 3447 3957; x_wconf 89' lang='lat' dir='ltr'><strong>imperatore</strong></span> <span class='ocrx_word' id='word_1_621' title='bbox 3504 3879 3835 3939; x_wconf 82' lang='lat' dir='ltr'><strong>familiaritas</strong></span> 
     </span>
    </p>
   </div>
   <div class='ocr_carea' id='block_1_84' title="bbox 2220 3972 3833 4047">
    <p class='ocr_par' dir='ltr' id='par_1_84' title="bbox 2220 3972 3833 4047">
     <span class='ocr_line' id='line_1_85' title="bbox 2220 3972 3833 4047; baseline -0.002 -19"><span class='ocrx_word' id='word_1_622' title='bbox 2220 3974 2420 4042; x_wconf 88' lang='lat' dir='ltr'><strong>dabat,</strong></span> <span class='ocrx_word' id='word_1_623' title='bbox 2444 3989 2579 4030; x_wconf 88' lang='lat' dir='ltr'><strong>eum</strong></span> <span class='ocrx_word' id='word_1_624' title='bbox 2612 3990 2778 4029; x_wconf 91' lang='lat' dir='ltr'><strong>orare</strong></span> <span class='ocrx_word' id='word_1_625' title='bbox 2809 3977 2975 4030; x_wconf 90' lang='lat' dir='ltr'><strong>stans</strong></span> <span class='ocrx_word' id='word_1_626' title='bbox 3005 3990 3345 4047; x_wconf 80' lang='lat' dir='ltr'><strong>aggressus,</strong></span> <span class='ocrx_word' id='word_1_627' title='bbox 3372 3991 3505 4030; x_wconf 81' lang='lat' dir='ltr'><strong>mox</strong></span> <span class='ocrx_word' id='word_1_628' title='bbox 3532 3972 3700 4028; x_wconf 90' lang='lat' dir='ltr'><strong>etiam</strong></span> <span class='ocrx_word' id='word_1_629' title='bbox 3727 3982 3833 4039; x_wconf 86' lang='lat' dir='ltr'><strong>pro-</strong></span> 
     </span>
    </p>
   </div>
   <div class='ocr_carea' id='block_1_85' title="bbox 2218 4057 3831 4136">
    <p class='ocr_par' dir='ltr' id='par_1_85' title="bbox 2218 4057 3831 4136">
     <span class='ocr_line' id='line_1_86' title="bbox 2218 4057 3831 4136; baseline -0.007 -18"><span class='ocrx_word' id='word_1_630' title='bbox 2218 4063 2362 4118; x_wconf 88' lang='lat' dir='ltr'><strong>cidit</strong></span> <span class='ocrx_word' id='word_1_631' title='bbox 2390 4079 2586 4119; x_wconf 87' lang='lat' dir='ltr'><strong>coram</strong></span> <span class='ocrx_word' id='word_1_632' title='bbox 2619 4064 2690 4119; x_wconf 89' lang='lat' dir='ltr'><strong>ad</strong></span> <span class='ocrx_word' id='word_1_633' title='bbox 2725 4063 2924 4136; x_wconf 89' lang='lat' dir='ltr'><strong>pedes,</strong></span> <span class='ocrx_word' id='word_1_634' title='bbox 2946 4069 3003 4118; x_wconf 89' lang='lat' dir='ltr'><strong>et</strong></span> <span class='ocrx_word' id='word_1_635' title='bbox 3024 4080 3217 4135; x_wconf 86' lang='lat' dir='ltr'><strong>genua</strong></span> <span class='ocrx_word' id='word_1_636' title='bbox 3248 4063 3532 4136; x_wconf 90' lang='lat' dir='ltr'><strong>principis</strong></span> <span class='ocrx_word' id='word_1_637' title='bbox 3563 4057 3831 4131; x_wconf 86' lang='lat' dir='ltr'><strong>amplexus</strong></span> 
     </span>
    </p>
   </div>
   <div class='ocr_carea' id='block_1_86' title="bbox 2217 4146 3827 4221">
    <p class='ocr_par' dir='ltr' id='par_1_86' title="bbox 2217 4146 3827 4221">
     <span class='ocr_line' id='line_1_87' title="bbox 2217 4146 3827 4221; baseline -0.007 -14"><span class='ocrx_word' id='word_1_638' title='bbox 2217 4153 2311 4208; x_wconf 89' lang='lat' dir='ltr'><strong>his</strong></span> <span class='ocrx_word' id='word_1_639' title='bbox 2341 4169 2474 4208; x_wconf 90' lang='lat' dir='ltr'><strong>cum</strong></span> <span class='ocrx_word' id='word_1_640' title='bbox 2518 4152 2923 4209; x_wconf 89' lang='lat' dir='ltr'><strong>obtestabatur</strong></span> <span class='ocrx_word' id='word_1_641' title='bbox 2955 4171 2968 4208; x_wconf 87' lang='lat'><strong>:</strong></span> <span class='ocrx_word' id='word_1_642' title='bbox 2997 4176 3024 4203; x_wconf 82' lang='grc' dir='ltr'>ι(</span> <span class='ocrx_word' id='word_1_643' title='bbox 3059 4153 3204 4208; x_wconf 90' lang='lat' dir='ltr'><strong>Vide</strong></span> <span class='ocrx_word' id='word_1_644' title='bbox 3249 4153 3429 4209; x_wconf 88' lang='lat' dir='ltr'><strong>etiam</strong></span> <span class='ocrx_word' id='word_1_645' title='bbox 3461 4156 3633 4221; x_wconf 85' lang='lat' dir='ltr'><strong>atque</strong></span> <span class='ocrx_word' id='word_1_646' title='bbox 3660 4146 3827 4207; x_wconf 89' lang='lat' dir='ltr'><strong>etiam,</strong></span> 
     </span>
    </p>
   </div>
   <div class='ocr_carea' id='block_1_87' title="bbox 2216 4232 3827 4315">
    <p class='ocr_par' dir='ltr' id='par_1_87' title="bbox 2216 4232 3827 4315">
     <span class='ocr_line' id='line_1_88' title="bbox 2216 4232 3827 4315; baseline -0.009 -17"><span class='ocrx_word' id='word_1_647' title='bbox 2216 4243 2473 4313; x_wconf 89' lang='lat' dir='ltr'><strong>domine,</strong></span> <span class='ocrx_word' id='word_1_648' title='bbox 2507 4260 2578 4299; x_wconf 92' lang='lat' dir='ltr'><strong>ne</strong></span> <span class='ocrx_word' id='word_1_649' title='bbox 2607 4248 2877 4315; x_wconf 86' lang='lat' dir='ltr'><strong>satagens</strong></span> <span class='ocrx_word' id='word_1_650' title='bbox 2917 4243 3095 4300; x_wconf 89' lang='lat' dir='ltr'><strong>nimis</strong></span> <span class='ocrx_word' id='word_1_651' title='bbox 3127 4245 3299 4300; x_wconf 79' lang='lat' dir='ltr'><strong>anxie</strong></span> <span class='ocrx_word' id='word_1_652' title='bbox 3346 4247 3599 4299; x_wconf 87' lang='lat' dir='ltr'><strong>avertere</strong></span> <span class='ocrx_word' id='word_1_653' title='bbox 3626 4256 3658 4293; x_wconf 89' lang='lat' dir='ltr'><strong>a</strong></span> <span class='ocrx_word' id='word_1_654' title='bbox 3685 4232 3827 4290; x_wconf 88' lang='lat' dir='ltr'><strong>nobis</strong></span> 
     </span>
    </p>
   </div>
   <div class='ocr_carea' id='block_1_88' title="bbox 2214 4323 3825 4398">
    <p class='ocr_par' dir='ltr' id='par_1_88' title="bbox 2214 4323 3825 4398">
     <span class='ocr_line' id='line_1_89' title="bbox 2214 4323 3825 4398; baseline -0.001 -11"><span class='ocrx_word' id='word_1_655' title='bbox 2214 4338 2518 4388; x_wconf 86' lang='lat' dir='ltr'><strong>externum</strong></span> <span class='ocrx_word' id='word_1_656' title='bbox 2544 4331 2763 4389; x_wconf 92' lang='lat' dir='ltr'><strong>bellum</strong></span> <span class='ocrx_word' id='word_1_657' title='bbox 2787 4333 3068 4389; x_wconf 90' lang='lat' dir='ltr'><strong>intestino</strong></span> <span class='ocrx_word' id='word_1_658' title='bbox 3093 4332 3412 4389; x_wconf 83' lang='lat' dir='ltr'><strong>ditﬁciliori</strong></span> <span class='ocrx_word' id='word_1_659' title='bbox 3436 4348 3541 4387; x_wconf 92' lang='lat' dir='ltr'><strong>nos</strong></span> <span class='ocrx_word' id='word_1_660' title='bbox 3572 4323 3825 4398; x_wconf 59' lang='lat' dir='ltr'><strong>implices.</strong></span> 
     </span>
    </p>
   </div>
   <div class='ocr_carea' id='block_1_89' title="bbox 2212 4413 3820 4494">
    <p class='ocr_par' dir='ltr' id='par_1_89' title="bbox 2212 4413 3820 4494">
     <span class='ocr_line' id='line_1_90' title="bbox 2212 4413 3820 4494; baseline -0.009 -16"><span class='ocrx_word' id='word_1_661' title='bbox 2212 4439 2347 4478; x_wconf 91' lang='lat' dir='ltr'><strong>cum</strong></span> <span class='ocrx_word' id='word_1_662' title='bbox 2370 4438 2555 4493; x_wconf 90' lang='lat' dir='ltr'><strong>eoque</strong></span> <span class='ocrx_word' id='word_1_663' title='bbox 2579 4438 2777 4493; x_wconf 83' lang='lat' dir='ltr'><strong>pacem</strong></span> <span class='ocrx_word' id='word_1_664' title='bbox 2813 4422 3028 4494; x_wconf 85' lang='lat' dir='ltr'><strong>pariter</strong></span> <span class='ocrx_word' id='word_1_665' title='bbox 3049 4429 3382 4494; x_wconf 89' lang='lat' dir='ltr'><strong>utramque,</strong></span> <span class='ocrx_word' id='word_1_666' title='bbox 3404 4413 3820 4478; x_wconf 81' lang='lat' dir='ltr'><strong>ecclesiasticam</strong></span> 
     </span>
    </p>
   </div>
   <div class='ocr_carea' id='block_1_90' title="bbox 2209 4501 3817 4584">
    <p class='ocr_par' dir='ltr' id='par_1_90' title="bbox 2209 4501 3817 4584">
     <span class='ocr_line' id='line_1_91' title="bbox 2209 4501 3817 4584; baseline -0.009 -17"><span class='ocrx_word' id='word_1_667' title='bbox 2209 4517 2265 4567; x_wconf 88' lang='lat' dir='ltr'><strong>ct</strong></span> <span class='ocrx_word' id='word_1_668' title='bbox 2295 4511 2546 4582; x_wconf 89' lang='lat' dir='ltr'><strong>civilem,</strong></span> <span class='ocrx_word' id='word_1_669' title='bbox 2582 4513 2813 4583; x_wconf 87' lang='lat' dir='ltr'><strong>perdas.</strong></span> <span class='ocrx_word' id='word_1_670' title='bbox 2848 4512 3050 4584; x_wconf 82' lang='lat' dir='ltr'><strong>Neque</strong></span> <span class='ocrx_word' id='word_1_671' title='bbox 3086 4513 3243 4568; x_wconf 89' lang='lat' dir='ltr'><strong>enim</strong></span> <span class='ocrx_word' id='word_1_672' title='bbox 3275 4510 3361 4568; x_wconf 89' lang='lat' dir='ltr'><strong>vel</strong></span> <span class='ocrx_word' id='word_1_673' title='bbox 3395 4510 3442 4565; x_wconf 93' lang='lat' dir='ltr'><strong>si</strong></span> <span class='ocrx_word' id='word_1_674' title='bbox 3476 4525 3581 4564; x_wconf 89' lang='lat' dir='ltr'><strong>nos</strong></span> <span class='ocrx_word' id='word_1_675' title='bbox 3609 4505 3664 4559; x_wconf 92' lang='lat' dir='ltr'><strong>in</strong></span> <span class='ocrx_word' id='word_1_676' title='bbox 3694 4501 3817 4584; x_wconf 71' lang='lat' dir='ltr'><strong>haut:</strong></span> 
     </span>
    </p>
   </div>
   <div class='ocr_carea' id='block_1_91' title="bbox 2207 4581 3813 4674">
    <p class='ocr_par' dir='ltr' id='par_1_91' title="bbox 2207 4581 3813 4674">
     <span class='ocr_line' id='line_1_92' title="bbox 2207 4581 3813 4674; baseline -0.012 -16"><span class='ocrx_word' id='word_1_677' title='bbox 2207 4619 2407 4674; x_wconf 89' lang='lat' dir='ltr'><strong>pacem</strong></span> <span class='ocrx_word' id='word_1_678' title='bbox 2453 4602 2926 4671; x_wconf 90' lang='lat' dir='ltr'><strong>convenerimus,</strong></span> <span class='ocrx_word' id='word_1_679' title='bbox 2957 4581 3017 4656; x_wconf 86' lang='lat' dir='ltr'><strong>in</strong></span> <span class='ocrx_word' id='word_1_680' title='bbox 3066 4618 3208 4673; x_wconf 89' lang='lat' dir='ltr'><strong>pace</strong></span> <span class='ocrx_word' id='word_1_681' title='bbox 3255 4601 3340 4657; x_wconf 89' lang='lat' dir='ltr'><strong>illi</strong></span> <span class='ocrx_word' id='word_1_682' title='bbox 3389 4597 3607 4656; x_wconf 88' lang='lat' dir='ltr'><strong>scilicet</strong></span> <span class='ocrx_word' id='word_1_683' title='bbox 3652 4581 3813 4647; x_wconf 87' lang='lat' dir='ltr'><strong>cuncti</strong></span> 
     </span>
    </p>
   </div>
   <div class='ocr_carea' id='block_1_92' title="bbox 428 4668 2625 4764">
    <p class='ocr_par' dir='ltr' id='par_1_92' title="bbox 428 4668 2625 4764">
     <span class='ocr_line' id='line_1_93' title="bbox 428 4668 2625 4764; baseline -0.002 -18"><span class='ocrx_word' id='word_1_684' title='bbox 428 4668 605 4762; x_wconf 66' lang='lat' dir='ltr'><strong>posse</strong></span> <span class='ocrx_word' id='word_1_685' title='bbox 636 4668 1021 4756; x_wconf 81' lang='lat' dir='ltr'><strong>contendens,</strong></span> <span class='ocrx_word' id='word_1_686' title='bbox 1046 4704 1175 4760; x_wconf 85' lang='lat' dir='ltr'><strong>quae</strong></span> <span class='ocrx_word' id='word_1_687' title='bbox 1206 4685 1309 4743; x_wconf 92' lang='lat' dir='ltr'><strong>uni</strong></span> <span class='ocrx_word' id='word_1_688' title='bbox 1341 4702 1618 4758; x_wconf 88' lang='lat' dir='ltr'><strong>supremo</strong></span> <span class='ocrx_word' id='word_1_689' title='bbox 1641 4684 1818 4756; x_wconf 71' lang='lat' dir='ltr'><strong>capiti</strong></span> <span class='ocrx_word' id='word_1_690' title='bbox 1852 4684 2092 4757; x_wconf 87' lang='lat' dir='ltr'><strong>patriar-</strong></span> <span class='ocrx_word' id='word_1_691' title='bbox 2122 4668 2168 4733; x_wconf 80' lang='lat' dir='ltr'>D</span> <span class='ocrx_word' id='word_1_692' title='bbox 2199 4668 2568 4764; x_wconf 78' lang='lat' dir='ltr'><strong>perstahunt.</strong></span> <span class='ocrx_word' id='word_1_693' title='bbox 2597 4713 2625 4741; x_wconf 62' lang='grc' dir='ltr'>κ)</span> 
     </span>
    </p>
   </div>
   <div class='ocr_carea' id='block_1_93' title="bbox 423 4778 2084 4854">
    <p class='ocr_par' dir='ltr' id='par_1_93' title="bbox 423 4778 2084 4854">
     <span class='ocr_line' id='line_1_94' title="bbox 423 4778 2084 4854; baseline -0.004 -17"><span class='ocrx_word' id='word_1_694' title='bbox 423 4780 545 4838; x_wconf 76' lang='lat' dir='ltr'><strong>chos</strong></span> <span class='ocrx_word' id='word_1_695' title='bbox 577 4798 685 4839; x_wconf 87' lang='lat' dir='ltr'><strong>suo</strong></span> <span class='ocrx_word' id='word_1_696' title='bbox 727 4797 932 4854; x_wconf 88' lang='lat' dir='ltr'><strong>parere</strong></span> <span class='ocrx_word' id='word_1_697' title='bbox 960 4778 1269 4837; x_wconf 88' lang='lat' dir='ltr'><strong>didicisset</strong></span> <span class='ocrx_word' id='word_1_698' title='bbox 1301 4794 1315 4840; x_wconf 82' lang='lat'><strong>;</strong></span> <span class='ocrx_word' id='word_1_699' title='bbox 1349 4780 1620 4850; x_wconf 83' lang='lat' dir='ltr'><strong>Oportere</strong></span> <span class='ocrx_word' id='word_1_700' title='bbox 1658 4780 1853 4831; x_wconf 87' lang='lat' dir='ltr'><strong>autem</strong></span> <span class='ocrx_word' id='word_1_701' title='bbox 1888 4779 2084 4831; x_wconf 91' lang='lat' dir='ltr'><strong>tenere</strong></span> 
     </span>
    </p>
   </div>
   <div class='ocr_carea' id='block_1_94' title="bbox 419 4865 2082 4941">
    <p class='ocr_par' dir='ltr' id='par_1_94' title="bbox 419 4865 2082 4941">
     <span class='ocr_line' id='line_1_95' title="bbox 419 4865 2082 4941; baseline -0.004 -13"><span class='ocrx_word' id='word_1_702' title='bbox 419 4874 481 4928; x_wconf 88' lang='lat' dir='ltr'><strong>et</strong></span> <span class='ocrx_word' id='word_1_703' title='bbox 510 4871 914 4929; x_wconf 88' lang='lat' dir='ltr'><strong>transmittere</strong></span> <span class='ocrx_word' id='word_1_704' title='bbox 944 4870 1016 4927; x_wconf 89' lang='lat' dir='ltr'><strong>ad</strong></span> <span class='ocrx_word' id='word_1_705' title='bbox 1050 4873 1336 4941; x_wconf 86' lang='lat' dir='ltr'><strong>posteros,</strong></span> <span class='ocrx_word' id='word_1_706' title='bbox 1368 4866 1523 4940; x_wconf 91' lang='lat' dir='ltr'><strong>quod</strong></span> <span class='ocrx_word' id='word_1_707' title='bbox 1558 4883 1593 4921; x_wconf 87' lang='lat' dir='ltr'><strong>a</strong></span> <span class='ocrx_word' id='word_1_708' title='bbox 1622 4865 1892 4921; x_wconf 88' lang='lat' dir='ltr'><strong>Palribus</strong></span> <span class='ocrx_word' id='word_1_709' title='bbox 1923 4881 2082 4921; x_wconf 88' lang='lat' dir='ltr'><strong>acce-</strong></span> 
     </span>
    </p>
   </div>
   <div class='ocr_carea' id='block_1_95' title="bbox 416 4954 2079 5031">
    <p class='ocr_par' dir='ltr' id='par_1_95' title="bbox 416 4954 2079 5031">
     <span class='ocr_line' id='line_1_96' title="bbox 416 4954 2079 5031; baseline -0.002 -17"><span class='ocrx_word' id='word_1_710' title='bbox 416 4960 669 5031; x_wconf 89' lang='lat' dir='ltr'><strong>pissent.</strong></span> <span class='ocrx_word' id='word_1_711' title='bbox 702 4959 967 5017; x_wconf 89' lang='lat' dir='ltr'><strong>Pericula</strong></span> <span class='ocrx_word' id='word_1_712' title='bbox 999 4975 1172 5031; x_wconf 91' lang='lat' dir='ltr'><strong>porro</strong></span> <span class='ocrx_word' id='word_1_713' title='bbox 1196 4974 1327 5029; x_wconf 65' lang='lat' dir='ltr'><strong>quas</strong></span> <span class='ocrx_word' id='word_1_714' title='bbox 1358 4955 1699 5027; x_wconf 88' lang='lat' dir='ltr'><strong>impendere</strong></span> <span class='ocrx_word' id='word_1_715' title='bbox 1722 4954 2079 5024; x_wconf 88' lang='lat' dir='ltr'><strong>dicerentur,</strong></span> 
     </span>
    </p>
   </div>
   <div class='ocr_carea' id='block_1_96' title="bbox 416 5044 2076 5121">
    <p class='ocr_par' dir='ltr' id='par_1_96' title="bbox 416 5044 2076 5121">
     <span class='ocr_line' id='line_1_97' title="bbox 416 5044 2076 5121; baseline -0.001 -18"><span class='ocrx_word' id='word_1_716' title='bbox 416 5048 509 5105; x_wconf 89' lang='lat' dir='ltr'><strong>sui</strong></span> <span class='ocrx_word' id='word_1_717' title='bbox 540 5049 755 5121; x_wconf 87' lang='lat' dir='ltr'><strong>privati</strong></span> <span class='ocrx_word' id='word_1_718' title='bbox 786 5049 1051 5106; x_wconf 91' lang='lat' dir='ltr'><strong>muneris</strong></span> <span class='ocrx_word' id='word_1_719' title='bbox 1083 5062 1199 5104; x_wconf 90' lang='lat' dir='ltr'><strong>non</strong></span> <span class='ocrx_word' id='word_1_720' title='bbox 1233 5060 1364 5103; x_wconf 90' lang='lat' dir='ltr'><strong>esse</strong></span> <span class='ocrx_word' id='word_1_721' title='bbox 1392 5045 1507 5102; x_wconf 91' lang='lat' dir='ltr'><strong>alio</strong></span> <span class='ocrx_word' id='word_1_722' title='bbox 1529 5044 1704 5101; x_wconf 91' lang='lat' dir='ltr'><strong>modo</strong></span> <span class='ocrx_word' id='word_1_723' title='bbox 1732 5050 2076 5117; x_wconf 82' lang='lat' dir='ltr'><strong>praevertere</strong></span> 
     </span>
    </p>
   </div>
   <div class='ocr_carea' id='block_1_97' title="bbox 414 5134 2073 5210">
    <p class='ocr_par' dir='ltr' id='par_1_97' title="bbox 414 5134 2073 5210">
     <span class='ocr_line' id='line_1_98' title="bbox 414 5134 2073 5210; baseline -0.002 -17"><span class='ocrx_word' id='word_1_724' title='bbox 414 5153 595 5209; x_wconf 90' lang='lat' dir='ltr'><strong>quam</strong></span> <span class='ocrx_word' id='word_1_725' title='bbox 625 5138 994 5196; x_wconf 76' lang='lat' dir='ltr'><strong>orationibus</strong></span> <span class='ocrx_word' id='word_1_726' title='bbox 1037 5153 1138 5210; x_wconf 91' lang='lat' dir='ltr'><strong>pro</strong></span> <span class='ocrx_word' id='word_1_727' title='bbox 1170 5152 1374 5195; x_wconf 89' lang='lat' dir='ltr'><strong>eorum</strong></span> <span class='ocrx_word' id='word_1_728' title='bbox 1416 5134 1760 5191; x_wconf 88' lang='lat' dir='ltr'><strong>amolitione</strong></span> <span class='ocrx_word' id='word_1_729' title='bbox 1793 5139 1908 5189; x_wconf 92' lang='lat' dir='ltr'><strong>Deo</strong></span> <span class='ocrx_word' id='word_1_730' title='bbox 1941 5135 2073 5190; x_wconf 88' lang='lat' dir='ltr'><strong>fun-</strong></span> 
     </span>
    </p>
   </div>
   <div class='ocr_carea' id='block_1_98' title="bbox 414 5223 2071 5300">
    <p class='ocr_par' dir='ltr' id='par_1_98' title="bbox 414 5223 2071 5300">
     <span class='ocr_line' id='line_1_99' title="bbox 414 5223 2071 5300; baseline -0.002 -18"><span class='ocrx_word' id='word_1_731' title='bbox 414 5226 646 5283; x_wconf 89' lang='lat' dir='ltr'><strong>dendis.</strong></span> <span class='ocrx_word' id='word_1_732' title='bbox 666 5227 956 5300; x_wconf 90' lang='lat' dir='ltr'><strong>Principis</strong></span> <span class='ocrx_word' id='word_1_733' title='bbox 976 5245 1112 5284; x_wconf 91' lang='lat' dir='ltr'><strong>vero</strong></span> <span class='ocrx_word' id='word_1_734' title='bbox 1145 5227 1200 5283; x_wconf 92' lang='lat' dir='ltr'><strong>id</strong></span> <span class='ocrx_word' id='word_1_735' title='bbox 1234 5225 1430 5283; x_wconf 88' lang='lat' dir='ltr'><strong>solum</strong></span> <span class='ocrx_word' id='word_1_736' title='bbox 1463 5223 1762 5297; x_wconf 88' lang='lat' dir='ltr'><strong>postulare</strong></span> <span class='ocrx_word' id='word_1_737' title='bbox 1782 5224 2071 5291; x_wconf 83' lang='lat' dir='ltr'><strong>ofﬁcium,</strong></span> 
     </span>
    </p>
   </div>
   <div class='ocr_carea' id='block_1_99' title="bbox 406 5313 2067 5390">
    <p class='ocr_par' dir='ltr' id='par_1_99' title="bbox 406 5313 2067 5390">
     <span class='ocr_line' id='line_1_100' title="bbox 406 5313 2067 5390; baseline -0.001 -19"><span class='ocrx_word' id='word_1_738' title='bbox 406 5320 472 5371; x_wconf 89' lang='lat' dir='ltr'><strong>ut</strong></span> <span class='ocrx_word' id='word_1_739' title='bbox 494 5315 545 5373; x_wconf 88' lang='lat' dir='ltr'><strong>is</strong></span> <span class='ocrx_word' id='word_1_740' title='bbox 562 5316 709 5372; x_wconf 88' lang='lat' dir='ltr'><strong>nihil</strong></span> <span class='ocrx_word' id='word_1_741' title='bbox 734 5316 983 5390; x_wconf 61' lang='lat' dir='ltr'><strong>politiore</strong></span> <span class='ocrx_word' id='word_1_742' title='bbox 1007 5315 1348 5389; x_wconf 60' lang='lat' dir='ltr'><strong>bellicisque</strong></span> <span class='ocrx_word' id='word_1_743' title='bbox 1373 5313 1793 5371; x_wconf 88' lang='lat' dir='ltr'><strong>sollicitudinis</strong></span> <span class='ocrx_word' id='word_1_744' title='bbox 1810 5314 2067 5382; x_wconf 89' lang='lat' dir='ltr'><strong>omittat,</strong></span> 
     </span>
    </p>
   </div>
   <div class='ocr_carea' id='block_1_100' title="bbox 408 5404 2063 5479">
    <p class='ocr_par' dir='ltr' id='par_1_100' title="bbox 408 5404 2063 5479">
     <span class='ocr_line' id='line_1_101' title="bbox 408 5404 2063 5479; baseline -0.002 -16"><span class='ocrx_word' id='word_1_745' title='bbox 408 5423 537 5479; x_wconf 80' lang='lat' dir='ltr'><strong>quas</strong></span> <span class='ocrx_word' id='word_1_746' title='bbox 561 5408 957 5479; x_wconf 69' lang='lat' dir='ltr'><strong>prmeavendis</strong></span> <span class='ocrx_word' id='word_1_747' title='bbox 975 5406 1150 5464; x_wconf 89' lang='lat' dir='ltr'><strong>malis</strong></span> <span class='ocrx_word' id='word_1_748' title='bbox 1169 5413 1227 5464; x_wconf 90' lang='lat' dir='ltr'><strong>et</strong></span> <span class='ocrx_word' id='word_1_749' title='bbox 1243 5405 1576 5479; x_wconf 79' lang='lat' dir='ltr'><strong>reipublicae</strong></span> <span class='ocrx_word' id='word_1_750' title='bbox 1593 5406 1667 5462; x_wconf 88' lang='lat' dir='ltr'><strong>ab</strong></span> <span class='ocrx_word' id='word_1_751' title='bbox 1684 5404 1757 5461; x_wconf 90' lang='lat' dir='ltr'><strong>iis</strong></span> <span class='ocrx_word' id='word_1_752' title='bbox 1780 5405 2063 5461; x_wconf 89' lang='lat' dir='ltr'><strong>incolumi</strong></span> 
     </span>
    </p>
   </div>
   <div class='ocr_carea' id='block_1_101' title="bbox 402 5495 3756 5569">
    <p class='ocr_par' dir='ltr' id='par_1_101' title="bbox 402 5495 3756 5569">
     <span class='ocr_line' id='line_1_102' title="bbox 402 5495 3756 5569; baseline -0.009 -16"><span class='ocrx_word' id='word_1_753' title='bbox 402 5498 702 5554; x_wconf 80' lang='lat' dir='ltr'><strong>servandas</strong></span> <span class='ocrx_word' id='word_1_754' title='bbox 748 5498 1058 5569; x_wconf 80' lang='lat' dir='ltr'><strong>profutura</strong></span> <span class='ocrx_word' id='word_1_755' title='bbox 1102 5497 1389 5552; x_wconf 84' lang='lat' dir='ltr'><strong>videatur.</strong></span> <span class='ocrx_word' id='word_1_756' title='bbox 1434 5498 1613 5552; x_wconf 87' lang='lat' dir='ltr'><strong>Erant</strong></span> <span class='ocrx_word' id='word_1_757' title='bbox 1662 5495 1928 5552; x_wconf 88' lang='lat' dir='ltr'><strong>nonnulli</strong></span> <span class='ocrx_word' id='word_1_758' title='bbox 1958 5496 2060 5567; x_wconf 88' lang='lat' dir='ltr'><strong>qui</strong></span> <span class='ocrx_word' id='word_1_759' title='bbox 2173 5502 2496 5561; x_wconf 88' lang='lat' dir='ltr'><strong>aversatur,</strong></span> <span class='ocrx_word' id='word_1_760' title='bbox 2544 5496 2816 5567; x_wconf 85' lang='lat' dir='ltr'><strong>gliscenti</strong></span> <span class='ocrx_word' id='word_1_761' title='bbox 2865 5495 3099 5551; x_wconf 87' lang='lat' dir='ltr'><strong>obviam</strong></span> <span class='ocrx_word' id='word_1_762' title='bbox 3148 5496 3232 5551; x_wconf 85' lang='lat' dir='ltr'><strong>ire</strong></span> <span class='ocrx_word' id='word_1_763' title='bbox 3278 5495 3428 5548; x_wconf 90' lang='lat' dir='ltr'><strong>malo</strong></span> <span class='ocrx_word' id='word_1_764' title='bbox 3475 5495 3704 5540; x_wconf 79' lang='lat' dir='ltr'><strong>decrevu</strong></span> <span class='ocrx_word' id='word_1_765' title='bbox 3734 5495 3756 5564; x_wconf 37' lang='grc' dir='ltr'>ιλ</span> 
     </span>
    </p>
   </div>
   <div class='ocr_carea' id='block_1_102' title="bbox 397 5556 3780 5660">
    <p class='ocr_par' dir='ltr' id='par_1_102' title="bbox 397 5556 3780 5660">
     <span class='ocr_line' id='line_1_103' title="bbox 397 5556 3780 5660; baseline -0.006 -19"><span class='ocrx_word' id='word_1_766' title='bbox 397 5586 515 5641; x_wconf 82' lang='lat' dir='ltr'><strong>duo</strong></span> <span class='ocrx_word' id='word_1_767' title='bbox 539 5585 732 5656; x_wconf 86' lang='lat' dir='ltr'><strong>priora</strong></span> <span class='ocrx_word' id='word_1_768' title='bbox 753 5585 1307 5660; x_wconf 89' lang='lat' dir='ltr'><strong>capita,primatum</strong></span> <span class='ocrx_word' id='word_1_769' title='bbox 1330 5591 1387 5641; x_wconf 90' lang='lat' dir='ltr'><strong>et</strong></span> <span class='ocrx_word' id='word_1_770' title='bbox 1408 5585 1904 5658; x_wconf 82' lang='lat' dir='ltr'><strong>provocationem,</strong></span> <span class='ocrx_word' id='word_1_771' title='bbox 1929 5586 2057 5640; x_wconf 86' lang='lat' dir='ltr'><strong>sine</strong></span> <span class='ocrx_word' id='word_1_772' title='bbox 2170 5587 2329 5641; x_wconf 88' lang='lat' dir='ltr'><strong>hunc</strong></span> <span class='ocrx_word' id='word_1_773' title='bbox 2370 5586 2635 5640; x_wconf 90' lang='lat' dir='ltr'><strong>modum.</strong></span> <span class='ocrx_word' id='word_1_774' title='bbox 2668 5588 2818 5641; x_wconf 88' lang='lat' dir='ltr'><strong>Ante</strong></span> <span class='ocrx_word' id='word_1_775' title='bbox 2865 5585 3066 5641; x_wconf 88' lang='lat' dir='ltr'><strong>omnia</strong></span> <span class='ocrx_word' id='word_1_776' title='bbox 3121 5584 3404 5655; x_wconf 89' lang='lat' dir='ltr'><strong>scriptum</strong></span> <span class='ocrx_word' id='word_1_777' title='bbox 3453 5556 3780 5659; x_wconf 41' lang='lat' dir='ltr'><strong>concinn&#39;til‘iit</strong></span> 
     </span>
    </p>
   </div>
   <div class='ocr_carea' id='block_1_103' title="bbox 394 5656 3774 5747">
    <p class='ocr_par' dir='ltr' id='par_1_103' title="bbox 394 5656 3774 5747">
     <span class='ocr_line' id='line_1_104' title="bbox 394 5656 3774 5747; baseline -0.006 -14"><span class='ocrx_word' id='word_1_778' title='bbox 394 5687 612 5741; x_wconf 80' lang='lat' dir='ltr'><strong>magno</strong></span> <span class='ocrx_word' id='word_1_779' title='bbox 633 5656 850 5732; x_wconf 82' lang='lat' dir='ltr'><strong>damno</strong></span> <span class='ocrx_word' id='word_1_780' title='bbox 879 5656 1129 5733; x_wconf 79' lang='lat' dir='ltr'><strong>relaxari</strong></span> <span class='ocrx_word' id='word_1_781' title='bbox 1154 5690 1325 5746; x_wconf 88' lang='lat' dir='ltr'><strong>posse</strong></span> <span class='ocrx_word' id='word_1_782' title='bbox 1354 5656 1636 5741; x_wconf 81' lang='lat' dir='ltr'><strong>dicerent,</strong></span> <span class='ocrx_word' id='word_1_783' title='bbox 1662 5676 1883 5747; x_wconf 91' lang='lat' dir='ltr'><strong>quippe</strong></span> <span class='ocrx_word' id='word_1_784' title='bbox 1906 5691 2051 5745; x_wconf 89' lang='lat' dir='ltr'><strong>quo-</strong></span> <span class='ocrx_word' id='word_1_785' title='bbox 2166 5692 2284 5746; x_wconf 92' lang='lat' dir='ltr'><strong>quo</strong></span> <span class='ocrx_word' id='word_1_786' title='bbox 2304 5675 2497 5730; x_wconf 82' lang='lat' dir='ltr'><strong>solum</strong></span> <span class='ocrx_word' id='word_1_787' title='bbox 2520 5674 2577 5730; x_wconf 84' lang='lat' dir='ltr'><strong>id</strong></span> <span class='ocrx_word' id='word_1_788' title='bbox 2601 5690 2774 5746; x_wconf 86' lang='lat' dir='ltr'><strong>agere</strong></span> <span class='ocrx_word' id='word_1_789' title='bbox 2794 5674 3098 5730; x_wconf 87' lang='lat' dir='ltr'><strong>videbatur</strong></span> <span class='ocrx_word' id='word_1_790' title='bbox 3121 5680 3186 5730; x_wconf 90' lang='lat' dir='ltr'><strong>ut</strong></span> <span class='ocrx_word' id='word_1_791' title='bbox 3206 5674 3379 5727; x_wconf 86' lang='lat' dir='ltr'><strong>fidem</strong></span> <span class='ocrx_word' id='word_1_792' title='bbox 3396 5672 3450 5723; x_wconf 87' lang='lat' dir='ltr'><strong>et</strong></span> <span class='ocrx_word' id='word_1_793' title='bbox 3466 5656 3774 5747; x_wconf 40' lang='lat' dir='ltr'><strong>obsecuti“:11</strong></span> 
     </span>
    </p>
   </div>
   <div class='ocr_carea' id='block_1_104' title="bbox 385 5731 3769 5837">
    <p class='ocr_par' dir='ltr' id='par_1_104' title="bbox 385 5731 3769 5837">
     <span class='ocr_line' id='line_1_105' title="bbox 385 5731 3769 5837; baseline -0.006 -19"><span class='ocrx_word' id='word_1_794' title='bbox 385 5776 526 5818; x_wconf 85' lang='lat' dir='ltr'><strong>rum</strong></span> <span class='ocrx_word' id='word_1_795' title='bbox 559 5771 834 5824; x_wconf 88' lang='lat' dir='ltr'><strong>neutrum</strong></span> <span class='ocrx_word' id='word_1_796' title='bbox 866 5767 1023 5824; x_wconf 85' lang='lat' dir='ltr'><strong>ultra</strong></span> <span class='ocrx_word' id='word_1_797' title='bbox 1067 5731 1282 5824; x_wconf 76' lang='lat' dir='ltr'><strong>nomen</strong></span> <span class='ocrx_word' id='word_1_798' title='bbox 1313 5770 1371 5822; x_wconf 91' lang='lat' dir='ltr'><strong>et</strong></span> <span class='ocrx_word' id='word_1_799' title='bbox 1399 5731 1655 5837; x_wconf 84' lang='lat' dir='ltr'><strong>speciem</strong></span> <span class='ocrx_word' id='word_1_800' title='bbox 1678 5731 1789 5821; x_wconf 40' lang='lat' dir='ltr'><strong>‘ad‘</strong></span> <span class='ocrx_word' id='word_1_801' title='bbox 1812 5731 2049 5821; x_wconf 42' lang='lat' dir='ltr'><strong>‘factum</strong></span> <span class='ocrx_word' id='word_1_802' title='bbox 2162 5731 2511 5835; x_wconf 71' lang='lat' dir='ltr'><strong>imperatori</strong></span> <span class='ocrx_word' id='word_1_803' title='bbox 2542 5781 2576 5820; x_wconf 84' lang='lat' dir='ltr'><strong>a</strong></span> <span class='ocrx_word' id='word_1_804' title='bbox 2604 5731 2862 5820; x_wconf 60' lang='lat' dir='ltr'><strong>subditis</strong></span> <span class='ocrx_word' id='word_1_805' title='bbox 2901 5764 3167 5822; x_wconf 88' lang='lat' dir='ltr'><strong>debitum</strong></span> <span class='ocrx_word' id='word_1_806' title='bbox 3209 5760 3321 5819; x_wconf 91' lang='lat' dir='ltr'><strong>sibi</strong></span> <span class='ocrx_word' id='word_1_807' title='bbox 3354 5750 3617 5813; x_wconf 85' lang='lat' dir='ltr'><strong>firmaret.</strong></span> <span class='ocrx_word' id='word_1_808' title='bbox 3647 5731 3769 5795; x_wconf 78' lang='lat' dir='ltr'><strong>SUb&#39;</strong></span> 
     </span>
    </p>
   </div>
   <div class='ocr_carea' id='block_1_105' title="bbox 2231 4781 3783 4868">
    <p class='ocr_par' dir='ltr' id='par_1_105' title="bbox 2231 4781 3783 4868">
     <span class='ocr_line' id='line_1_106' title="bbox 2231 4781 3783 4868; baseline -0.006 -15"><span class='ocrx_word' id='word_1_809' title='bbox 2231 4799 2317 4854; x_wconf 84' lang='grc'><strong>19.</strong></span> <span class='ocrx_word' id='word_1_810' title='bbox 2355 4800 2417 4856; x_wconf 92' lang='lat' dir='ltr'><strong>Ut</strong></span> <span class='ocrx_word' id='word_1_811' title='bbox 2440 4797 2782 4854; x_wconf 81' lang='lat' dir='ltr'><strong>calumniam</strong></span> <span class='ocrx_word' id='word_1_812' title='bbox 2810 4799 2973 4868; x_wconf 75' lang='lat' dir='ltr'><strong>passi</strong></span> <span class='ocrx_word' id='word_1_813' title='bbox 3000 4798 3193 4853; x_wconf 79' lang='lat' dir='ltr'><strong>clerici</strong></span> <span class='ocrx_word' id='word_1_814' title='bbox 3217 4797 3376 4868; x_wconf 74' lang='lat' dir='ltr'><strong>quasi</strong></span> <span class='ocrx_word' id='word_1_815' title='bbox 3401 4806 3598 4868; x_wconf 75' lang='lat' dir='ltr'><strong>parum</strong></span> <span class='ocrx_word' id='word_1_816' title='bbox 3616 4781 3783 4868; x_wconf 62' lang='lat' dir='ltr'><strong>ﬁdem</strong></span> 
     </span>
    </p>
   </div>
   <div class='ocr_carea' id='block_1_106' title="bbox 2325 4864 3694 4943">
    <p class='ocr_par' dir='ltr' id='par_1_106' title="bbox 2325 4864 3694 4943">
     <span class='ocr_line' id='line_1_107' title="bbox 2325 4864 3694 4943; baseline -0.011 -17"><span class='ocrx_word' id='word_1_817' title='bbox 2325 4870 2656 4943; x_wconf 75' lang='lat' dir='ltr'><strong>imperatori</strong></span> <span class='ocrx_word' id='word_1_818' title='bbox 2685 4864 2888 4940; x_wconf 57' lang='lat' dir='ltr'><strong>essent,</strong></span> <span class='ocrx_word' id='word_1_819' title='bbox 2920 4872 3108 4925; x_wconf 73' lang='lat' dir='ltr'><strong>vexati</strong></span> <span class='ocrx_word' id='word_1_820' title='bbox 3135 4884 3195 4925; x_wconf 72' lang='lat' dir='ltr'><strong>eo</strong></span> <span class='ocrx_word' id='word_1_821' title='bbox 3223 4864 3453 4923; x_wconf 53' lang='lat' dir='ltr'><strong>nomine</strong></span> <span class='ocrx_word' id='word_1_822' title='bbox 3478 4864 3694 4936; x_wconf 75' lang='lat' dir='ltr'><strong>fuerint.</strong></span> 
     </span>
    </p>
   </div>
   <div class='ocr_carea' id='block_1_107' title="bbox 2263 4948 3803 5031">
    <p class='ocr_par' dir='ltr' id='par_1_107' title="bbox 2263 4948 3803 5031">
     <span class='ocr_line' id='line_1_108' title="bbox 2263 4948 3803 5031; baseline -0.013 -16"><span class='ocrx_word' id='word_1_823' title='bbox 2263 4962 2324 5015; x_wconf 93' lang='lat' dir='ltr'><strong>In</strong></span> <span class='ocrx_word' id='word_1_824' title='bbox 2358 4960 2452 5016; x_wconf 91' lang='lat' dir='ltr'><strong>his</strong></span> <span class='ocrx_word' id='word_1_825' title='bbox 2483 4958 2584 5015; x_wconf 89' lang='lat' dir='ltr'><strong>illa</strong></span> <span class='ocrx_word' id='word_1_826' title='bbox 2612 4964 2967 5031; x_wconf 89' lang='lat' dir='ltr'><strong>consumpta</strong></span> <span class='ocrx_word' id='word_1_827' title='bbox 3006 4959 3122 5028; x_wconf 87' lang='lat' dir='ltr'><strong>die,</strong></span> <span class='ocrx_word' id='word_1_828' title='bbox 3156 4975 3259 5029; x_wconf 90' lang='lat' dir='ltr'><strong>per</strong></span> <span class='ocrx_word' id='word_1_829' title='bbox 3287 4956 3510 5026; x_wconf 88' lang='lat' dir='ltr'><strong>aliquot</strong></span> <span class='ocrx_word' id='word_1_830' title='bbox 3538 4948 3664 5004; x_wconf 88' lang='lat' dir='ltr'><strong>inde</strong></span> <span class='ocrx_word' id='word_1_831' title='bbox 3691 4953 3803 4996; x_wconf 85' lang='lat' dir='ltr'><strong>con-</strong></span> 
     </span>
    </p>
   </div>
   <div class='ocr_carea' id='block_1_108' title="bbox 2188 5031 3801 5120">
    <p class='ocr_par' dir='ltr' id='par_1_108' title="bbox 2188 5031 3801 5120">
     <span class='ocr_line' id='line_1_109' title="bbox 2188 5031 3801 5120; baseline -0.01 -14"><span class='ocrx_word' id='word_1_832' title='bbox 2188 5054 2421 5106; x_wconf 85' lang='lat' dir='ltr'><strong>secutas</strong></span> <span class='ocrx_word' id='word_1_833' title='bbox 2456 5048 2603 5104; x_wconf 86' lang='lat' dir='ltr'><strong>nihil</strong></span> <span class='ocrx_word' id='word_1_834' title='bbox 2636 5049 2769 5104; x_wconf 90' lang='lat' dir='ltr'><strong>novi</strong></span> <span class='ocrx_word' id='word_1_835' title='bbox 2799 5050 3101 5120; x_wconf 86' lang='lat' dir='ltr'><strong>Augustus</strong></span> <span class='ocrx_word' id='word_1_836' title='bbox 3132 5048 3333 5104; x_wconf 87' lang='lat' dir='ltr'><strong>movit.</strong></span> <span class='ocrx_word' id='word_1_837' title='bbox 3358 5041 3607 5100; x_wconf 90' lang='lat' dir='ltr'><strong>Tandem</strong></span> <span class='ocrx_word' id='word_1_838' title='bbox 3628 5031 3801 5120; x_wconf 12' lang='lat' dir='ltr'><strong>vidrens</strong></span> 
     </span>
    </p>
   </div>
   <div class='ocr_carea' id='block_1_109' title="bbox 2185 5119 3796 5195">
    <p class='ocr_par' dir='ltr' id='par_1_109' title="bbox 2185 5119 3796 5195">
     <span class='ocr_line' id='line_1_110' title="bbox 2185 5119 3796 5195; baseline -0.016 0"><span class='ocrx_word' id='word_1_839' title='bbox 2185 5138 2511 5195; x_wconf 88' lang='lat' dir='ltr'><strong>tumultum</strong></span> <span class='ocrx_word' id='word_1_840' title='bbox 2568 5138 2627 5194; x_wconf 90' lang='lat' dir='ltr'><strong>in</strong></span> <span class='ocrx_word' id='word_1_841' title='bbox 2689 5119 2948 5193; x_wconf 80' lang='lat' dir='ltr'><strong>Ecclesia</strong></span> <span class='ocrx_word' id='word_1_842' title='bbox 2996 5137 3427 5194; x_wconf 87' lang='lat' dir='ltr'><strong>increbrescere</strong></span> <span class='ocrx_word' id='word_1_843' title='bbox 3481 5119 3796 5185; x_wconf 81' lang='lat' dir='ltr'><strong>factionibus</strong></span> 
     </span>
    </p>
   </div>
   <div class='ocr_carea' id='block_1_110' title="bbox 2182 5215 3792 5298">
    <p class='ocr_par' dir='ltr' id='par_1_110' title="bbox 2182 5215 3792 5298">
     <span class='ocr_line' id='line_1_111' title="bbox 2182 5215 3792 5298; baseline -0.012 -13"><span class='ocrx_word' id='word_1_844' title='bbox 2182 5228 2541 5298; x_wconf 88' lang='lat' dir='ltr'><strong>commissis,</strong></span> <span class='ocrx_word' id='word_1_845' title='bbox 2567 5228 2707 5282; x_wconf 89' lang='lat' dir='ltr'><strong>dum</strong></span> <span class='ocrx_word' id='word_1_846' title='bbox 2734 5243 2889 5284; x_wconf 89' lang='lat' dir='ltr'><strong>unus</strong></span> <span class='ocrx_word' id='word_1_847' title='bbox 2922 5225 3105 5283; x_wconf 88' lang='lat' dir='ltr'><strong>alium</strong></span> <span class='ocrx_word' id='word_1_848' title='bbox 3128 5229 3185 5284; x_wconf 88' lang='lat' dir='ltr'><strong>in</strong></span> <span class='ocrx_word' id='word_1_849' title='bbox 3211 5219 3671 5282; x_wconf 86' lang='lat' dir='ltr'><strong>communionem</strong></span> <span class='ocrx_word' id='word_1_850' title='bbox 3699 5215 3792 5261; x_wconf 77' lang='lat' dir='ltr'><strong>non</strong></span> 
     </span>
    </p>
   </div>
   <div class='ocr_carea' id='block_1_111' title="bbox 2179 5303 3786 5390">
    <p class='ocr_par' dir='ltr' id='par_1_111' title="bbox 2179 5303 3786 5390">
     <span class='ocr_line' id='line_1_112' title="bbox 2179 5303 3786 5390; baseline -0.011 -15"><span class='ocrx_word' id='word_1_851' title='bbox 2179 5318 2406 5390; x_wconf 89' lang='lat' dir='ltr'><strong>recipit,</strong></span> <span class='ocrx_word' id='word_1_852' title='bbox 2426 5322 2482 5373; x_wconf 89' lang='lat' dir='ltr'><strong>et</strong></span> <span class='ocrx_word' id='word_1_853' title='bbox 2512 5317 2611 5389; x_wconf 91' lang='lat' dir='ltr'><strong>qui</strong></span> <span class='ocrx_word' id='word_1_854' title='bbox 2640 5318 2792 5372; x_wconf 80' lang='lat' dir='ltr'><strong>ﬁxus</strong></span> <span class='ocrx_word' id='word_1_855' title='bbox 2832 5316 2893 5372; x_wconf 87' lang='lat' dir='ltr'><strong>in</strong></span> <span class='ocrx_word' id='word_1_856' title='bbox 2937 5317 3184 5389; x_wconf 89' lang='lat' dir='ltr'><strong>antiquo</strong></span> <span class='ocrx_word' id='word_1_857' title='bbox 3217 5330 3391 5371; x_wconf 89' lang='lat' dir='ltr'><strong>sensu</strong></span> <span class='ocrx_word' id='word_1_858' title='bbox 3424 5305 3649 5390; x_wconf 69' lang='lat' dir='ltr'><strong>perstat,</strong></span> <span class='ocrx_word' id='word_1_859' title='bbox 3677 5303 3786 5349; x_wconf 77' lang='lat' dir='ltr'><strong>eum</strong></span> 
     </span>
    </p>
   </div>
   <div class='ocr_carea' id='block_1_112' title="bbox 2175 5388 3784 5481">
    <p class='ocr_par' dir='ltr' id='par_1_112' title="bbox 2175 5388 3784 5481">
     <span class='ocr_line' id='line_1_113' title="bbox 2175 5388 3784 5481; baseline -0.015 -17"><span class='ocrx_word' id='word_1_860' title='bbox 2175 5410 2275 5481; x_wconf 90' lang='lat' dir='ltr'><strong>qui</strong></span> <span class='ocrx_word' id='word_1_861' title='bbox 2303 5388 2492 5463; x_wconf 61' lang='lat' dir='ltr'><strong>novis</strong></span> <span class='ocrx_word' id='word_1_862' title='bbox 2534 5388 3053 5479; x_wconf 78' lang='lat' dir='ltr'><strong>prepositionibus</strong></span> <span class='ocrx_word' id='word_1_863' title='bbox 3088 5388 3367 5462; x_wconf 17' lang='lat' dir='ltr'><strong>iassensit</strong></span> <span class='ocrx_word' id='word_1_864' title='bbox 3407 5403 3470 5455; x_wconf 92' lang='lat' dir='ltr'><strong>ut</strong></span> <span class='ocrx_word' id='word_1_865' title='bbox 3515 5388 3784 5481; x_wconf 68' lang='lat' dir='ltr'><strong>profanutn</strong></span> 
     </span>
    </p>
   </div>
   <div class='ocr_carea' id='block_1_113' title="bbox 2173 5474 3782 5567">
    <p class='ocr_par' dir='ltr' id='par_1_113' title="bbox 2173 5474 3782 5567">
     <span class='ocr_line' id='line_1_114' title="bbox 2173 5474 3782 5567; baseline -0.021 -14"><span class='ocrx_word' id='word_1_866' title='bbox 2173 5502 2496 5561; x_wconf 88' lang='lat' dir='ltr'><strong>aversatur,</strong></span> <span class='ocrx_word' id='word_1_867' title='bbox 2544 5496 2816 5567; x_wconf 85' lang='lat' dir='ltr'><strong>gliscenti</strong></span> <span class='ocrx_word' id='word_1_868' title='bbox 2865 5495 3099 5551; x_wconf 87' lang='lat' dir='ltr'><strong>obviam</strong></span> <span class='ocrx_word' id='word_1_869' title='bbox 3148 5496 3232 5551; x_wconf 85' lang='lat' dir='ltr'><strong>ire</strong></span> <span class='ocrx_word' id='word_1_870' title='bbox 3278 5490 3428 5548; x_wconf 90' lang='lat' dir='ltr'><strong>malo</strong></span> <span class='ocrx_word' id='word_1_871' title='bbox 3475 5474 3704 5540; x_wconf 89' lang='lat' dir='ltr'><strong>decrevit</strong></span> <span class='ocrx_word' id='word_1_872' title='bbox 3734 5474 3782 5567; x_wconf 67' lang='lat' dir='ltr'><strong>in</strong></span> 
     </span>
    </p>
   </div>
  </div>
