4080 6462
295 448 403 505 845

1375 446 1466 500 DE
1506 445 1882 502 MICHAELE
1921 399 2368 507 PALJEOLOGO
2404 453 2538 509 LIB.
2581 455 2648 509 V.

3611 454 3723 514 846

294 571 393 630 οἶδ’
452 571 542 627 ἐπὶ
591 569 751 626 ποίαν
812 570 1002 645 χρείαν
1037 567 1186 638 πλὴν
1214 573 1312 625 106
1345 567 1492 642 δόξαι
1523 573 1678 644 σχεῖν
1705 573 1813 624 τῶν
1845 575 1945 640 τῆς
1979 573 2032 640 Α
2063 567 2120 624 δὲ
2174 571 2342 650 μέχρι
2403 571 2716 654 Σηλυϐρίας
2772 577 2863 634 καὶ
2920 577 3252 648 Ῥαιδεστοῦ,
3310 578 3462 642 τινὰς
3514 577 3573 634 δὲ
3626 579 3722 636 καὶ

294 661 624 732 Ἐκκλησίας
655 657 1085 733 ὑποσημαίνσεις,
1137 657 1234 713 κᾶν
1265 661 1318 713 αἱ
1382 661 1662 722 ὑποθέσεις
1725 660 1786 714 τὸ
1837 657 1953 714 διά-

293 773 462 832 φορον
497 751 672 826 εἶχον.
733 747 984 805 Κὰκεῖνοι
1046 747 1350 824 προθύμως
1385 749 1694 824 ὑπέγραφον
1726 749 1788 804 τὸ
1819 750 1956 819 πρὸς

291 845 380 899 τὸν
435 835 694 915 ’Λϐραὰμ
721 842 819 893 106
850 842 1005 907 Θεοῦ,
1039 862 1066 888 ‹‹
1104 839 1169 894 Οἳ
1204 837 1560 913 εὐλογοῦντές
1613 859 1670 892 σε
1719 836 1954 912 εὐλογη-

299 936 474 1009 μένοι,
506 931 596 986 καὶ
629 931 681 985 οἱ
707 927 1091 1004 καταρώμενοί
1123 949 1179 982 σε
1217 931 1633 1003 κεκατήρανται.
1670 953 1696 980 n
1728 930 1955 984 Ἔπειτα

294 1023 512 1098 πέμψας
553 1019 683 1084 τοὺς
732 1016 908 1079 ἰδίους
963 1018 1136 1073 οἰκίαν
1197 1018 1424 1073 ἑκάστου
1464 1016 1846 1096 κατεψηλάφα,
1897 1019 1956 1081 ὃς

291 1116 340 1170 τ’
372 1110 546 1172 αὶίειος
577 1109 636 1172 ὅς
669 1131 728 1164 τε
769 1108 858 1162 καὶ
892 1107 1043 1182 οὐχί.
1100 1107 1196 1160 Καί
1245 1110 1278 1176 ἡ
1325 1109 1616 1184 πρόφασις,
1669 1108 1742 1169 ὡς
1792 1106 1950 1162 αὐτὸν

297 1202 390 1276 μὲν
424 1202 558 1255 εἶναι
614 1199 707 1252 τὸν
754 1196 1101 1271 κατασχόντα
1158 1197 1257 1264 τὴν
1292 1194 1480 1266 πόλιν,
1528 1197 1616 1250 καὶ
1669 1196 1804 1272 πρὸς
1836 1202 1953 1257 τοῖς

297 1288 492 1351 ἄλλοις
525 1288 694 1342 αὐτοῦ
723 1285 814 1340 καὶ
845 1284 1014 1357 μόνου
1061 1285 1150 1339 καὶ
1179 1286 1275 1347 τὰς
1310 1285 1484 1347 οἶκίας
1518 1286 1672 1354 εἶναι,
1733 1285 1951 1360 ἀποχα-

294 1379 531 1456 ρίζεσθαι
593 1375 651 1430 δὲ
705 1375 902 1436 ταύτας
935 1379 1051 1438 τοῖς
1084 1375 1352 1440 εὐνοοῦσι,
1410 1380 1531 1438 τοῖς
1594 1372 1651 1428 δὲ.
1707 1375 1844 1429 κατά
1898 1395 1950 1428 τι

294 1468 656 1546 ἀφηνιάζουσι
711 1465 802 1519 καὶ
859 1465 958 1531 τήν
1020 1465 1181 1538 χάριν
1243 1462 1581 1536 ἀνατρέπειν,
1637 1461 1847 1518 δίκαιον
1905 1460 1951 1517 δ’

294 1559 427 1613 εἶναι
487 1557 577 1611 καὶ
633 1556 702 1609 τὰ
755 1558 862 1607 τῶν
926 1553 1145 1616 ὄπισθεν
1205 1553 1421 1629 χρόνων
1484 1554 1769 1623 ἀναζητεῖν
1819 1551 1949 1613 τοὺς

298 1647 642 1706 ἐνοικοῦντας
712 1643 948 1699 ἐποίκια.
1042 1641 1562 1719 Ἀνεκεφαλαιοῦντο
1616 1641 1952 1717 ¹παραυτίκα

296 1736 501 1809 κόσμιοί
551 1757 609 1789 τε
663 1738 894 1788 παντοῖα
948 1732 1039 1786 καὶ
1068 1731 1275 1787 ἔπιπλα
1299 1733 1388 1786 καὶ
1420 1737 1520 1787 πᾶν
1555 1733 1583 1787 ὃ
1613 1754 1666 1787 τι
1695 1753 1779 1794 τις
1810 1735 1949 1808 εἶχε,

294 1827 384 1882 καὶ
413 1827 476 1880 τὸ
511 1829 694 1898 μεῖζον
724 1823 999 1898 ἐκρίνοντο
1030 1823 1116 1876 καὶ
1153 1822 1228 1884 εἷς
1281 1822 1632 1884 καοοσίωσιν.
1684 1823 1950 1894 Ἡτοιμά-

299 1923 455 1984 ζοντο
487 1912 544 1969 δὲ
591 1913 680 1968 καὶ
726 1910 976 1990 φορτίδες
1024 1916 1120 1965 106
1152 1911 1482 1986 ἐξορίζεσθαι
1536 1910 1663 1976 τοὺς
1691 1909 1800 1981 ἤδη
1852 1933 1949 1966 κα-

295 2003 585 2078 τακρίτους
642 1999 954 2062 δοκοῦντας.
1008 2001 1086 2057 Οὐ
1141 2002 1246 2073 μὴν
1309 1998 1364 2054 δὲ
1400 2001 1489 2054 καὶ
1541 2001 1739 2074 μέχρις
1787 1999 1946 2054 ἐλπι-

299 2098 454 2166 σμῶν
485 2093 551 2146 τὰ
583 2089 729 2146 δεινᾶ
758 2091 915 2159 ἦσαν,
950 2090 1096 2145 ἀλλὰ
1125 2089 1214 2144 καὶ
1248 2092 1408 2165 πείρᾳ
1445 2091 1587 2151 τινὲς
1617 2095 1724 2144 τῶν
1759 2087 1947 2143 δεινῶν

300 2187 580 2255 μετεῖχον,
616 2182 689 2242 ὡς
721 2179 846 2241 τοὺς
884 2180 977 2252 μὲν
1012 2179 1088 2240 εἷς
1120 2183 1364 2250 Λῆμνον,
1396 2179 1525 2241 τοὺς
1549 2176 1595 2232 δ’
1627 2178 1678 2240 ἐς
1715 2183 1948 2254 Σκῦρον,

293 2271 502 2332 ἅΛλους
535 2269 580 2325 δ’
610 2269 662 2332 ἐς
699 2269 816 2326 Κέω
847 2269 938 2324 καὶ
972 2269 1178 2332 ἄλλους
1199 2269 1249 2331 ἐς
1273 2269 1499 2331 Νικαίας
1523 2267 1686 2323 πόλιν
1705 2268 1952 2344 περιορί-

300 2368 504 2431 ζεσθαι,
555 2357 761 2423 ἄλλοτς
813 2357 857 2413 δ’
911 2359 1062 2420 αὖθις
1113 2363 1210 2424 τῆς
1244 2358 1460 2420 πόλεως
1497 2357 1625 2420 τοὺς
1662 2359 1754 2431 μὲν
1790 2357 1955 2413 ἀκου-

295 2451 609 2518 σίως,τοὺς
667 2447 710 2504 δ’
757 2451 978 2511 ἑκόντας
1030 2449 1377 2523 ἐξορίζεσθαι,
1434 2453 1513 2520 [Ρ.
1565 2450 1693 2515 266]
1743 2447 1951 2511 ἄλλους

301 2675 560 2730 scribere
593 2673 674 2729 illi
701 2673 885 2741 jussit
915 2690 1418 2744 unumquemque,
1444 2674 1597 2728 haud
1633 2673 1751 2729 scio
1783 2689 1954 2745 quem

301 2766 374 2820 ad
407 2779 606 2834 usum,
631 2763 743 2817 nisi
770 2763 917 2818 forte
945 2768 1008 2816 ut
1038 2763 1503 2833 subscriptiones
1534 2763 1957 2819 ecclesiastico-

304 2873 327 2910 r
340 2872 434 2909 um
450 2852 810 2925 expressisse
828 2853 1065 2907 tandem
1096 2854 1289 2924 ipsum
1308 2854 1463 2907 fama
1478 2853 1774 2924 vulgante,
1787 2853 1956 2908 multi

303 2947 574 3015 putarent
604 2943 763 3013 ipsos
786 2943 854 2996 ad
881 2942 1080 2996 omnia
1103 2942 1509 3013 assensos,qui
1540 2941 1760 2997 scilicet
1788 2943 1957 3013 igno-

308 3039 506 3086 rarent
544 3030 690 3086 nihil
743 3030 1208 3087 ecclesiasticum
1261 3046 1326 3085 eo
1377 3031 1596 3101 scripto
1647 3031 1953 3086 contineri.

308 3121 474 3175 Prom
488 3125 610 3192 ptos
633 3138 694 3176 se
717 3120 937 3192 passim
959 3121 1029 3174 ad
1056 3121 1151 3174 isti
1175 3120 1670 3175 subscribendum
1695 3119 1958 3175 formula:

306 3210 689 3266 ecclesiastici
743 3209 1104 3281 praebebant,
1156 3209 1375 3281 prolixe
1423 3209 1765 3281 imperatori
1812 3209 1959 3265 bene

2065 659 2213 725 ἐντὸς
2240 669 2335 718 106
2366 665 2504 722 κατὰ
2530 667 2622 722 τὸν
2675 667 2857 742 Φάρον
2910 668 3138 743 λιμένος
3180 671 3719 746 γνωσιμαχήσαντας

2066 750 2358 808 ὑποκλῖναί
2387 777 2445 811 τε
2487 757 2578 811 καὶ
2613 757 2968 836 ὑποστρέψαι.

2061 913 2128 971 κ’.
2163 915 2240 970 Τὸ
2271 917 2407 971 κατὰ
2433 917 2767 997 τὸν-ῥήτορα
2795 921 2894 997 τῆς
2945 917 3240 997 ἐκκλησίας
3290 917 3570 997 διηγημα,
3628 918 3718 974 καὶ

2451 990 2569 1045 ’ποῦ’
2596 990 2942 1068 συγγραφέως
2983 990 3321 1066 σχετλίασις.

2131 1111 2359 1174 Τούτοις
2391 1114 2730 1186 προσκείσθω
2759 1115 2850 1170 καὶ
2895 1115 2959 1170 τὸ
3002 1115 3138 1171 κατὰ
3180 1115 3274 1171 τὸν
3328 1114 3537 1193 ῥήτορα
3592 1111 3717 1185 διήη

2059 1222 2127 1276 γη
2142 1221 2237 1273 μα,
2289 1198 2518 1278 φοϐερὸν
2549 1203 2606 1258 ὃν
2638 1201 2793 1274 ἰδεῖν,
2829 1199 3058 1283 φοϐερὸν
3091 1201 3148 1258 δὲ
3197 1204 3287 1259 καὶ
3318 1209 3532 1271 παθεῖν,
3564 1202 3714 1273 πλὴν

2063 1289 2162 1344 οὐκ
2217 1289 2304 1344 ἐπὶ
2347 1291 2542 1346 τούτου
2572 1297 2671 1346 106
2713 1297 2906 1368 καιροῦ
2953 1295 3198 1369 γεγονὸς,
3233 1290 3382 1348 ἀλλὰ
3425 1291 3716 1369 πρότερον.

2063 1376 2416 1453 Συνάπτομεν
2449 1378 2506 1435 δὲ
2534 1387 2650 1444 τοῖς
2686 1379 2882 1444 δεινοῖς
2926 1382 2994 1438 τὰ
3045 1380 3193 1438 δεινὰ
3223 1381 3301 1444 εἰς
3330 1383 3430 1452 τὴν
3462 1389 3562 1452 τῆς
3592 1381 3718 1438 τότε

2065 1466 2185 1542 βίας
2243 1471 2596 1544 παράστασιν.
2655 1471 2723 1527 Αἳ
2786 1472 2841 1525 αἳ
2896 1469 2978 1525 ὅτι
3022 1470 3113 1526 καὶ
3169 1474 3402 1525 τοσαῦτα
3452 1469 3718 1534 παθόντες

2059 1560 2173 1618 τοῖς
2235 1555 2452 1634 ὕστερον
2511 1557 2733 1623 ἐλθοῦσι
2794 1557 2937 1632 μηδὲ
2991 1564 3226 1638 φανεῖσι,
3263 1561 3338 1632 μή
3399 1556 3603 1633 λέξασι,
3638 1561 3714 1628 μὴ

2057 1647 2310 1719 παθοῦσι,
2374 1649 2538 1719 μόνον
2600 1645 2648 1703 δ’
2704 1649 2929 1721 ἀφανείᾳ
2983 1643 3230 1725 κρυϐεῖσι
3261 1647 3353 1703 καὶ
3390 1652 3488 1703 τοῦ
3541 1645 3715 1722 μηδε-

2064 1738 2189 1808 μιᾶς
2222 1736 2496 1808 ἀξιοῦσθαι
2532 1737 2820 1814 φροντίδος
2854 1737 3038 1813 χάριν,
3098 1738 3323 1808 ἀπηνῶς
3362 1735 3714 1812 ἐκρινόμεθα,

2060 1822 2195 1878 εἷ’πω
2229 1821 2403 1880 δὲκαὶ
2463 1827 2777 1902 κρινόμεθα.
2837 1828 3038 1902 Ὑμεῖς,
3100 1828 3144 1881 ὦ
3209 1827 3381 1898 οὗτοι,
3431 1824 3561 1890 τοὺς
3612 1832 3715 1896 τῆς

1979 1913 2415 2013 ΒἘκκλησίας⁹
2471 1921 2576 1971 ποῦ
2637 1918 2855 1979 στάντες
2915 1916 2949 1986 ἢ
3007 1920 3114 1972 ποῦ
3175 1915 3363 1991 βάντες
3419 1915 3456 1985 ἢ
3511 1915 3564 1971 τί
3620 1915 3712 1971 καὶ

2059 2004 2362 2076 χρήσιμιον
2395 2001 2756 2078 ἐνδειξάμενοι
2791 2025 2805 2075 ;
2839 2004 2966 2060 ἀλλ’
2997 2006 3109 2081 οὐχ
3139 2005 3290 2078 ὑμῖν,
3319 2009 3438 2068 τοῖς
3472 2001 3530 2059 δὲ
3560 2002 3709 2075 δεξα-

2107 2092 2498 2146 ιυ-βιι
2719 2092 3046 2150 ινλλδ
3204 2093 3309 2148 ’ί
3481 2093 3494 2114 ν
3691 2127 3722 2136 -

2064 2113 2242 2165 μ-νο.ς
2316 2115 2589 2167 ,μέμγιῇ
2647 2115 2734 2149 κα.
2771 2116 2844 2167 μα
2927 2115 2982 2150 ον
3047 2115 3099 2150 τι
3157 2115 3286 2149 κακε
3312 2115 3428 2157 νοις
3476 2105 3684 2158 επιτιθε

2065 2182 2248 2254 μένοις
2296 2181 2610 2256 ἐχρώμεθα.
2672 2182 2851 2238 Ἀλλὰ
2879 2185 2945 2238 τὰ
3002 2184 3096 2256 μὲν
3155 2185 3280 2259 περὶ
3322 2184 3533 2239 τούτων
3565 2183 3712 2245 ἅλις.

2061 2275 2198 2344 ἡμῖν
2234 2269 2291 2327 δὲ
2320 2275 2509 2348 καιρὸς
2546 2274 2608 2328 τὸ
2639 2274 2818 2329 καινὸν
2848 2272 3153 2350 διηγεῖσθαι
3189 2271 3460 2349 διήγημα.
3509 2275 3721 2350 Ἡμέρα

2061 2364 2128 2431 ἦν
2157 2361 2208 2415 ἐν
2236 2367 2354 2426 τοῖς
2386 2364 2553 2438 ἱεροῖς
2585 2363 2906 2440 ἀνακτόροις
2941 2365 3224 2437 συνάξεως,
3275 2361 3365 2418 καὶ
3421 2366 3457 2434 ἡ
3511 2363 3722 2434 σύναξις

2063 2449 2202 2526 ἱερά,
2226 2451 2315 2505 καὶ
2348 2449 2471 2506 ὅσον
2504 2450 2554 2506 ἐν
2603 2450 3002 2527 ἱερομονάχοις
3040 2451 3132 2507 καὶ
3179 2449 3369 2517 ἄλλως
3397 2451 3724 2528 ἱερωμένοις

2067 2674 2442 2732 Rhaadestum
2474 2675 2678 2732 exsilio
2719 2676 3027 2748 praeﬁnito,
3063 2676 3364 2733 nonnullis
3407 2676 3555 2734 citra
3585 2693 3723 2749 por-

2069 2770 2191 2820 tum
2225 2766 2325 2841 qui
2368 2766 2440 2821 ad
2489 2765 2736 2821 Pharum
2771 2770 2887 2833 est;
2941 2782 3194 2838 quorum
3247 2765 3417 2823 multi
3465 2765 3621 2822 male
3647 2767 3722 2823 ad

2066 2872 2376 2911 assensum
2410 2855 2602 2925 tracti,
2651 2855 3013 2926 professique
3051 2871 3114 2910 se
3165 2855 3294 2927 paci
3325 2856 3721 2928 acquiescere,

2066 2943 2430 3016 postliminio
2462 2944 2714 3000 revocati
2749 2945 3020 3000 redibant
3049 2944 3316 3000 domum.

2063 3087 2154 3141 20.
2189 3087 2455 3144 Narratio
2483 3088 2749 3158 supplicii
2786 3087 2985 3142 atrocis
3032 3087 3270 3157 irrogati
3315 3088 3544 3157 rhetori,
3577 3094 3628 3144 el
3658 3086 3725 3144 de

2533 3176 2592 3215 eo
2627 3159 2952 3215 lamentatio
2985 3159 3260 3214 historici.

305 3306 634 3372 precantes,
667 3301 864 3356 verbis
900 3301 1013 3355 illis
1047 3300 1149 3355 Dei
1198 3301 1270 3355 ad
1313 3301 1713 3355 Abrahamum
1748 3316 1759 3354 :
1789 3323 1811 3350 α
1847 3300 1956 3366 Qui
1987 3321 2029 3388 ρ
2140 3299 2244 3356 His
2275 3301 2527 3356 addatur
2565 3302 2822 3358 narratio
2854 3303 2927 3357 de
2972 3303 3224 3370 rhetore,
3256 3304 3422 3358 atrox
3450 3302 3720 3374 quaedam

302 3391 707 3446 benedixerint
765 3390 894 3459 tibi,
953 3389 1075 3445 sint
1131 3390 1244 3461 ipsi
1301 3390 1632 3445 benediCti:
1669 3391 1816 3445 391
1855 3391 1956 3461 qui

299 3479 710 3535 maledixerint
755 3479 886 3544 tibi,
920 3479 1315 3534 maledictioni
1367 3479 1733 3549 subjaceant.
1760 3502 1787 3528 »
1825 3480 1958 3534 Post

302 3568 422 3624 haec
455 3567 705 3624 immisit
747 3567 1088 3624 satellitium
1145 3585 1316 3622 suum
1370 3569 1587 3638 passim
1640 3568 1700 3622 in
1751 3569 1957 3624 domos

303 3662 631 3714 scrutatum
665 3661 722 3712 et
753 3662 1174 3713 contrectatam
1198 3658 1397 3713 odiose
1428 3657 1659 3722 intima,
1684 3659 1812 3712 sine
1843 3657 1958 3712 dis-

307 3747 555 3803 crimine
586 3747 917 3803 innocentis
962 3752 1064 3802 aut
1107 3746 1348 3816 culpati.
1385 3745 1710 3817 Allegabat,
1743 3763 1813 3800 ex
1841 3763 1958 3817 quo

303 3837 430 3907 ipse
455 3839 662 3892 urbem
693 3854 761 3892 ex
781 3837 945 3892 hoste
965 3837 1208 3907 ceperit,
1237 3837 1296 3890 in
1319 3853 1494 3890 suum
1527 3836 1830 3907 proprium
1857 3836 1958 3906 jus

302 3927 594 3982 transisse
615 3927 822 3981 domos
844 3926 973 3995 ejus
995 3925 1320 3980 universas.
1341 3925 1561 3979 Harum
1589 3941 1758 3995 porro
1785 3941 1956 3978 usum

303 4016 452 4071 citra
479 4015 735 4088 pretium
761 4015 1065 4087 indulgere
1098 4031 1160 4070 se
1190 4015 1323 4070 fidis
1354 4014 1468 4070 sibi
1495 4031 1506 4068 :
1537 4013 1829 4085 suspectis
1856 4031 1958 4069 au-

304 4110 423 4161 tem
459 4109 517 4160 et
547 4107 802 4176 quadam
831 4105 886 4159 in
919 4121 979 4161 re
1001 4105 1112 4160 sibi
1139 4121 1341 4176 parere
1363 4104 1763 4159 abnuentibus
1786 4105 1960 4159 istam

305 4194 461 4250 nolle
491 4197 741 4267 gratiam
777 4195 985 4261 facere,
1012 4196 1113 4249 sed
1141 4199 1198 4249 et
1229 4210 1298 4248 ex
1329 4194 1418 4248 his
1442 4194 1577 4264 jure
1608 4209 1669 4248 se
1702 4197 1960 4249 utentem

303 4302 414 4340 suo
450 4284 703 4355 pretium
734 4284 1041 4339 locationis
1075 4285 1436 4356 respondens
1475 4299 1764 4338 concessae
1797 4283 1960 4338 habi-

305 4375 513 4429 tationi
559 4377 642 4428 tot
689 4377 842 4428 retro
889 4390 1177 4428 annorum
1232 4377 1515 4444 repetere.
1552 4374 1614 4427 In
1665 4389 1960 4427 summam

307 4479 446 4535 ergo
491 4463 901 4519 conferebatur
935 4463 1179 4533 pecunia
1227 4462 1423 4517 debita
1454 4479 1556 4533 pro
1588 4479 1698 4516 usu
1749 4461 1960 4516 aedium

311 4554 385 4608 ab
417 4553 588 4609 annis
626 4554 752 4622 jam
784 4557 918 4607 ante
950 4552 1179 4619 multis;
1214 4557 1270 4606 et
1302 4551 1430 4621 ejus
1466 4569 1718 4620 praesens
1751 4550 1963 4607 solutio

309 4642 672 4713 exigebatur,
706 4641 885 4713 idque
916 4641 1225 4713 peracerba
1260 4639 1606 4711 pignoribus
1639 4640 1837 4695 statim
1869 4657 1962 4694 ca-

307 4731 425 4802 ptis
457 4736 512 4786 et
542 4747 606 4787 eo
638 4731 875 4786 nomine
919 4730 1116 4785 ablata
1146 4728 1418 4784 familiari
1466 4727 1849 4799 supellectile.
1882 4731 1963 4784 Ita

306 4821 733 4877 corradebatur
763 4820 1050 4892 quidquid
1085 4819 1417 4874 ornamenti
1449 4823 1550 4874 aut
1582 4819 1848 4889 pretiosae
1881 4819 1960 4873 rei

306 4910 470 4966 cives
495 4910 556 4964 in
579 4910 806 4966 aedibus
831 4910 1147 4965 habebant.
1173 4909 1358 4963 Naves
1382 4909 1554 4963 etiam
1585 4908 1960 4979 parabantur,

309 5017 442 5071 quae
463 4999 864 5071 illos,quijam
889 5000 1034 5055 satis
1055 4999 1184 5070 ejus
1208 4997 1473 5053 criminis
1497 4997 1781 5070 comperti
1803 4999 1966 5051 dam-

311 5091 554 5161 natique
602 5089 962 5157 viderentur,
993 5089 1050 5142 in
1101 5088 1264 5143 varia
1313 5087 1518 5143 exsilia
1565 5087 1962 5158 deportarent.

305 5178 424 5234 Nec
447 5179 573 5250 jam
597 5177 657 5232 in
687 5179 868 5234 minis
890 5183 992 5233 aut
1015 5178 1141 5234 sola
1161 5176 1596 5248 exspectatione
1619 5176 1770 5231 mala
1794 5176 1968 5230 haere-

308 5269 473 5336 bant,
497 5269 600 5323 sed
631 5268 691 5322 in
719 5285 978 5340 praesens
1007 5267 1244 5322 illorum
1272 5266 1737 5336 experimentum
1767 5265 1966 5320 miseri

309 5357 732 5425 trahebantur;
785 5374 1034 5429 quorum
1070 5356 1253 5427 aliqui
1305 5355 1364 5409 in
1415 5355 1724 5423 Lemnum,
1760 5353 1856 5409 alii
1906 5353 1964 5408 in

309 5451 578 5518 Scyrum,
615 5447 882 5501 nonnulli
915 5449 974 5502 in
1006 5448 1208 5512 Ceum,
1234 5445 1475 5516 quidam
1505 5445 1756 5516 denique
1785 5444 1843 5499 in
1869 5462 1966 5500 ur-

309 5536 440 5591 bem
475 5535 727 5592 Nicaeam
777 5537 1204 5606 relegabantur.
1255 5534 1369 5590 Alii
1419 5535 1638 5606 passim
1688 5535 1968 5590 extermi-

315 5625 613 5680 nabantur
661 5626 826 5694 urbe,
858 5625 945 5682 vel
989 5625 1145 5697 jussi
1177 5625 1451 5680 excedere
1502 5624 1849 5680 nominatim
1883 5624 1969 5680 vel

307 5721 518 5785 sponte
586 5715 1002 5771 necessitatem
1085 5718 1531 5785 praevertentes,
1586 5715 1968 5786 quibusdam,

309 5805 504 5877 quoad
541 5805 734 5861 adhuc
772 5805 1184 5875 deliberarent,
1218 5819 1407 5874 usque
1451 5805 1522 5860 ad
1555 5803 1883 5876 Selybriam
1915 5808 1973 5859 et

2067 3396 2124 3446 et
2173 3391 2452 3447 terribilis
2501 3393 2678 3448 etiam
2717 3392 3146 3464 spectantibus,
3172 3390 3361 3447 multo
3395 3391 3584 3464 magis
3616 3409 3719 3464 pa-

2063 3481 2617 3552 tienti.Quanquam
2642 3481 2763 3536 hinc
2787 3481 3027 3552 quidem
3055 3498 3147 3536 res
3172 3497 3284 3535 non
3315 3480 3424 3536 hoc
3458 3487 3723 3552 tempore

2063 3569 2330 3642 contigit,
2383 3571 2482 3626 sed
2543 3570 2715 3642 paulo
2775 3574 2930 3625 ante.
2966 3571 3310 3626 Referemus
3355 3574 3550 3626 autem
3611 3569 3724 3627 hoc

2065 3658 2210 3727 loco,
2245 3661 2398 3716 392
2430 3660 2857 3732 conjungentes
2901 3659 3120 3716 similia
3169 3659 3488 3726 similibus,
3521 3659 3724 3729 gravia

2064 3750 2363 3820 gravibus,
2415 3751 2475 3804 in
2533 3751 2833 3821 specimen
2891 3750 3156 3805 exercita:
3216 3753 3358 3804 tunc
3415 3748 3724 3806 violentis.

2065 3838 2217 3893 Heu!
2249 3839 2357 3892 heu
2394 3839 2640 3894 miseros
2673 3841 2800 3894 nos!
2839 3840 2996 3910 quod
3021 3843 3188 3894 tanta
3221 3838 3378 3909 passi
3402 3839 3474 3893 ab
3497 3837 3589 3892 his
3623 3838 3725 3910 qui

2066 3927 2360 3998 posterius
2380 3932 2689 3993 venerunt,
2715 3944 2968 3998 quorum
3002 3926 3061 3980 in
3084 3927 3194 3982 hoc
3217 3931 3338 3984 toto
3365 3927 3595 3998 negotio
3618 3943 3725 3984 nec

2067 4014 2245 4070 facies
2277 4015 2400 4070 visa
2424 4031 2530 4070 nec
2559 4016 2760 4070 audita
2781 4032 2890 4070 vox
2915 4018 3031 4084 est;
3065 4015 3166 4086 qui
3189 4017 3346 4087 quod
3379 4014 3529 4070 nihil
3561 4016 3724 4088 passi

2067 4109 2227 4172 sunt,
2259 4105 2606 4160 obscuritati
2639 4121 2756 4159 suae
2780 4103 3111 4174 vilitatique
3141 4104 3492 4172 debuerunt,
3517 4105 3725 4175 utique

2069 4211 2184 4249 non
2218 4195 2363 4248 tanti
2397 4193 2605 4260 habiti,
2631 4201 2695 4248 ut
2724 4210 2930 4257 curare
2951 4193 3022 4247 de
3049 4192 3194 4263 ipsis
3216 4199 3319 4247 aut
3349 4191 3592 4248 omnino
3622 4209 3723 4249 co-

2068 4283 2254 4354 gitare
2285 4283 2670 4354 dignarentur
2699 4281 2800 4353 qui
2847 4281 2966 4336 haec
3000 4281 3327 4336 movebant.
3362 4282 3447 4336 Ab
3478 4281 3593 4351 his,
3627 4281 3719 4336 in-

2069 4389 2265 4444 quam,
2282 4372 2863 4444 nonjudicabamur;
2883 4374 2938 4426 et
2957 4371 3096 4442 quid
3121 4370 3722 4443 dicojudicabamur?

2051 4473 2226 4517 ‘nunc
2259 4479 2492 4534 quoque
2515 4462 2875 4533 judicamur.
2911 4464 3026 4517 Vos
3061 4460 3350 4532 alloquor,
3384 4477 3416 4516 0
3447 4461 3726 4516 ecclesia-

2071 4552 2226 4619 stici,
2260 4552 2359 4606 ubi
2391 4555 2638 4618 stantes,
2663 4556 2764 4606 aut
2793 4567 2908 4623 quo
2940 4550 3259 4622 progressi,
3293 4554 3396 4605 aut
3426 4551 3564 4622 quid
3596 4567 3724 4605 0m-

2073 4641 2212 4696 nino
2244 4642 2301 4695 in
2338 4657 2712 4697 communem
2743 4640 3058 4696 utilitatem
3109 4639 3370 4710 operati?
3398 4639 3498 4694 sed
3534 4644 3728 4694 vestra

2073 4732 2194 4786 haec
2226 4730 2399 4803 culpa
2429 4747 2543 4785 non
2568 4735 2676 4785 est.
2702 4728 2791 4785 Illi
2815 4733 2955 4784 sunt
2985 4727 3446 4798 reprehendendi
3477 4727 3576 4799 qui
3613 4728 3729 4782 ista.

2073 4824 2456 4891 acceperunt;
2492 4835 2831 4891 quanquam
2882 4822 2973 4872 est
3019 4816 3178 4871 aliud
3221 4817 3415 4886 majus
3464 4817 3619 4887 quod
3656 4816 3729 4872 iis

2073 4925 2548 4964 succenseamus.
2577 4909 2701 4966 Non
2741 4907 2898 4963 enim
2933 4904 3218 4961 tolerasse
3247 4904 3334 4961 vel
3365 4904 3726 4976 approbasse

2075 4996 2331 5051 contenti
2364 4997 2521 5067 quod
2552 4995 2650 5049 alii
2692 4994 2966 5065 agebant,
2999 4993 3058 5046 in
3092 4996 3316 5064 partem
3351 4991 3464 5064 ipsi
3495 4992 3728 5065 injurias

2073 5089 2391 5154 venerunt;
2424 5083 2536 5157 ipsi
2558 5083 2618 5138 in
2642 5099 2747 5138 nos
2768 5081 2969 5138 infesti
2996 5084 3262 5149 ruerunt,
3288 5080 3551 5152 ipsorum
3573 5081 3733 5138 auxi-

2077 5172 2283 5229 liarem
2332 5189 2567 5243 operam
2620 5160 2840 5228 nostris
2887 5171 3338 5242 oppressoribus
3388 5171 3731 5229 navantium

2079 5263 2302 5336 experti
2324 5263 2440 5316 vim
2465 5278 2696 5316 sumus.
2719 5261 2831 5317 Sed
2855 5258 3231 5332 querelarum
3255 5261 3421 5317 satis.
3448 5261 3513 5318 Id
3535 5263 3734 5335 potius

2081 5354 2232 5425 quod
2265 5351 2638 5423 suscepimus
2669 5366 2956 5422 agamus:
2990 5365 3124 5405 nam
3158 5349 3240 5405 rei
3273 5367 3431 5408 novae
3463 5351 3735 5424 inopina-

2079 5448 2268 5513 taeque
2316 5439 2631 5495 referenda.-
2663 5439 2770 5495 hoc
2802 5443 3036 5510 tempus
3082 5437 3390 5511 elegimus.
3421 5440 3560 5497 Dies
3608 5443 3736 5497 erat

2079 5529 2459 5588 ecclesiastici
2493 5533 2816 5585 conventus
2847 5528 2907 5583 in
2941 5544 3108 5584 sacro
3137 5528 3376 5600 palatio.
3401 5533 3464 5585 In
3497 5545 3734 5585 sacrum

2080 5639 2214 5679 eum
2242 5624 2455 5676 coetum
2487 5617 2798 5674 collectum
2831 5618 3022 5674 fuerat
3046 5623 3336 5689 quantum
3369 5623 3494 5674 erat
3512 5622 3643 5674 tum
3675 5619 3734 5674 in

2082 5712 2226 5767 urbe
2248 5709 2618 5766 sacerdotum
2638 5712 2695 5763 et
2717 5707 3163 5765 monachorum.
3187 5709 3400 5763 Aderat
3415 5712 3474 5764 et
3494 5709 3738 5780 patriar-

2083 5802 2194 5859 cha
2246 5817 2379 5856 cum
2434 5798 2710 5855 universa
2767 5799 3012 5872 synodo.
3066 5795 3509 5856 Deliberationis
3561 5815 3738 5872 argui
