4080 6392
467 420 577 478 847
1768 413 2071 471 GEORGII

2257 415 2575 470 HYMEBE
3777 414 3868 472 848

465 543 558 600 καὶ
593 546 865 616 μοναχοῖς
890 538 1203 612 πάνδημος.
1233 542 1418 613 Παρῆν
1450 534 1614 591 δὲκαὶ
1639 536 1988 612 πατριάρχης
2019 531 2109 591 καὶ
2141 541 2194 607 Α
2224 534 2497 611 ῥησίαζεν·
2547 539 2581 605 ἠ
2639 533 2685 591 δ’
2742 536 2838 606 ἦν,
2899 535 2973 597 ὡς
3035 533 3237 591 ἐκεῖνον
3295 533 3498 612 λέγειν,
3549 537 3583 605 ἡ
3633 534 3761 612 πρὸς
3787 538 3865 593 τὸν

470 634 650 688 ἅπασα
681 628 927 693 σύνοδος.
956 632 1019 687 ἹΙ
1042 627 1099 684 δὲ
1121 630 1307 702 σκὲψις
1335 628 1455 702 περὶ
1488 632 1589 696 τῆς
1618 627 1948 699 κινουμένης
1977 626 2124 700 εἷ’ρη-
2238 622 2406 679 παῖδα
2461 624 2718 694 Ἰωάννην
2776 625 2867 679 καὶ
2923 620 3147 699 βασιλέα
3179 620 3381 695 εὔνοια,
3438 625 3541 680 Καὶ
3601 625 3627 679 6
3677 626 3762 697 μὲν
3809 627 3867 681 εἴ.

469 744 567 793 νης
606 719 839 791 ἐκείνης.
891 719 1030 776 Τότε
1057 723 1185 794 γοῦν
1232 716 1621 784 καθεσθέντων,
1676 714 2018 787 τιμηθέντων
2079 713 2126 769 δ’
2236 735 2355 782 πεν,
2390 715 2439 768 οἱ
2473 712 2530 768 δὲ
2561 714 2684 781 περί
2712 716 2801 769 τὸν
2864 713 3089 787 βασιλέα
3139 714 3213 777 ὡς
3261 710 3419 781 δῆθεν
3457 712 3756 777 εὐνοοῦντες
3802 715 3864 778 εἰς

471 809 558 864 ἐπὶ
589 805 824 881 καθέδρᾳ
851 804 941 861 καί
970 806 1173 883 ἀμφοῖν
1200 804 1416 859 τούτοιν
1465 804 1540 864 ὡς
1599 801 2123 877 συναγωνιζομένων
2237 804 2397 879 χάριν
2458 802 2630 867 ἄλλος
2689 803 2923 859 ἄλλοθέν
2979 804 3141 867 πόθεν
3199 801 3605 874 ἐκπηδήσαντες
3661 802 3864 876 διασπᾷν

470 903 551 971 τῷ
602 895 837 973 βασιλεῖ,
893 900 992 950 τοῦ
1038 915 1097 949 τε
1144 890 1537 969 ἀρχιδιακὸνου
1570 891 1987 962 Μελιτηνιώτου
2036 892 2122 945 καὶ
2238 893 2463 969 ὥρμων.
2526 893 2682 950 Ἀλλ’
2732 895 2759 947 ὁ
2796 890 3049 968 βασιλεὺς
3080 894 3153 954 ὡς
3186 890 3344 961 δῆθεν
3380 892 3865 969 φιλανΟριυπευόμε.

470 992 568 1044 τοῦ
598 983 1165 1063 πρωταποστολαρίου
1225 982 1495 1057 Κυπρίου.
1551 984 1578 1035 ὁ
1638 982 1823 1057 ῥήτωρ
1878 976 2128 1037 Ὀλόὸω-
2236 1004 2329 1044 νος
2380 982 2667 1051 διεκώλυε,
2719 983 2907 1055 καιρὸν
2956 982 3030 1043 εἷς
3083 980 3358 1051 ἐκδίκησιν
3399 980 3530 1049 Θεῖς,
3582 982 3654 1044 ὡς
3699 978 3866 1053 ἔδειξεν

474 1077 574 1142 λος
596 1075 811 1146 ’ίστατο,
844 1071 1169 1149 προσδοκῶν
1200 1074 1299 1140 τὴν
1334 1072 1439 1126 ἀπὸ
1484 1070 1756 1147 βασιλέως
1788 1071 2127 1145 ἐκχώρησιν.
2238 1072 2478 1148 ὕστερον*
2512 1075 2572 1129 Ὁ
2609 1074 2702 1145 μὲν
2751 1071 2843 1126 οὖν
2878 1074 3063 1146 ῥήτωρ
3094 1072 3193 1139 τὴν
3223 1074 3323 1124 τοῦ
3352 1074 3679 1140 κρατοῦντος
3710 1071 3855 1146 ὀργῆν

471 1169 560 1229 Ὠς
594 1164 639 1220 δ’
698 1166 809 1239 οὐχ
856 1164 1083 1239 ὡρίζετο
1115 1161 1201 1215 ἐπὶ
1237 1158 1502 1236 καθέδρας
1553 1164 1642 1214 καὶ
1700 1160 1862 1214 αὐτὸν
1895 1157 2127 1228 ἕζεσθαι,
2238 1162 2555 1217 ὑποπτεύων
2580 1167 2648 1236 τῇ
2697 1160 2962 1231 ἐκκλησίᾳ
3010 1162 3364 1235 προστρέχει,
3425 1161 3517 1214 καὶ
3548 1164 3669 1235 παρ’
3719 1161 3862 1230 αὐτῆς

475 1255 705 1327 ἐξελθὼν
754 1256 1015 1322 καθῆστο,
1068 1251 1217 1308 Ἐπεὶ
1253 1248 1309 1304 δὲ
1361 1249 1544 1325 λόγων
1594 1251 1928 1322 κινουμένων
1980 1251 2069 1303 καὶ
2102 1251 2129 1303 ὁ
2235 1252 2437 1321 ἤλπιζε
2496 1254 2795 1321 σώζεσθαι.
2856 1252 2915 1307 Ὁ
2973 1248 3027 1305 δὲ
3090 1244 3275 1303 λαϐὼν
3329 1249 3531 1313 ἐκεῖθεν
3591 1250 3859 1324 περιορίζει

477 1346 662 1423 ῥήτωρ
698 1344 941 1414 ἐζητεῖτο
973 1341 1062 1396 καὶ
1112 1342 1392 1415 χρήσιμος
1422 1337 1595 1393 ἐδόκει
1631 1341 1712 1413 [Ρ.
1745 1342 1872 1412 267]
1922 1342 1956 1409 ἡ
1991 1360 2127 1412 παρ·
2240 1343 2316 1403 εἷς
2372 1342 2594 1396 Νίκαιαν
2628 1385 2643 1407 ,
2710 1341 2786 1401 ὡς
2848 1340 2926 1393 ἐπ’
2991 1338 3239 1411 εὐμενείᾳ
3299 1336 3460 1407 δῆθεν
3509 1338 3584 1400 εἷς
3638 1341 3731 1407 τῆν
3782 1344 3862 1393 τοῦ

475 1432 633 1490 ουσία
689 1431 935 1501 ἐκείνου,
994 1429 1312 1500 ἀνεζητεῖτό
1372 1428 1461 1483 καὶ
1517 1430 1839 1503 παρίστατο,
1896 1428 1956 1483 οὐ
2019 1432 2127 1501 μὴν
2236 1431 2514 1494 Ὑακίνθου
2568 1427 2922 1484 ἀποστέλλων
2988 1430 3160 1501 μονήν
3196 1469 3209 1483 .
3265 1425 3432 1482 Οὔπω
3493 1427 3687 1502 χρόνος
3743 1430 3866 1483 τετέ-

474 1521 533 1577 δὶ
586 1522 725 1577 ὥστε
786 1518 963 1575 δοκεῖν
1021 1518 1253 1591 εὐμενὴς
1284 1518 1351 1572 τδι
1403 1518 1544 1593 πρὸς
1588 1518 1816 1592 βασιλέα
1847 1515 1936 1572 διὰ
1964 1519 2025 1573 τὸ
2058 1519 2131 1581 ὡς
2238 1521 2422 1576 λεσται
2460 1564 2473 1589 ,
2524 1520 2617 1574 καὶ
2676 1519 3007 1589 κινουμένων
3068 1518 3191 1572 τότε
3238 1521 3345 1571 τῶν
3405 1516 3708 1591 ἡμετέρων,
3765 1516 3860 1570 ἐπεὶ

473 1609 635 1682 δῆθεν
666 1618 768 1681 τῆς
815 1607 1039 1681 ἀτιμίας
1090 1607 1301 1677 ἐκείνης
1352 1606 1607 1682 ὑπόγυον.
1659 1608 1814 1661 Ὅθεν
1854 1607 1943 1660 καὶ
1994 1606 2130 1680 ἐρω-
2233 1612 2482 1665 κάκεῖνον
2539 1608 2707 1679 ἤκουε
2762 1613 2870 1683 τῷν
2933 1604 3277 1681 δεδογμένων
3337 1605 3683 1677 ἀποστατεῖν,
3735 1603 3858 1675 δεξά-

466 1702 715 1774 τώμενος
766 1698 867 1755 οὐκ
911 1699 1256 1770 ἀπεκρίνετο,
1317 1697 1408 1751 καὶ
1458 1696 1823 1769 ἓλπιζόμενος
1870 1697 1939 1751 τὰ
1990 1697 2126 1769 πρὸς
2240 1720 2396 1772 μενος
2451 1699 2538 1753 καὶ
2598 1698 2923 1772 κατηγορίας
2970 1699 3044 1769 μὴ
3108 1695 3491 1771 προσηκούσας
3548 1694 3722 1768 ἐκείνῳ
3751 1692 3861 1767 μηδ’

473 1790 636 1867 χάριν
666 1788 869 1865 λέγειν,
898 1788 1110 1849 ἐκεῖνος
1151 1784 1487 1857 παλινῳδίαν
1544 1789 1659 1840 οἷον
1712 1786 1847 1861 πρὸς
1878 1787 1946 1841 τὰ
1993 1788 2128 1861 πρό·
2241 1791 2515 1858 ὁπωσοῦν,
2576 1787 2808 1843 ἄλλοθεν
2865 1787 3054 1861 καιρὸν
3108 1784 3337 1859 νομίσας
3393 1785 3636 1840 κάκεῖνον
3687 1784 3769 1857 μὶν
3794 1804 3859 1837 τι·

466 1900 623 1952 τερον
674 1877 1073 1950 ποιησάμενος,
1128 1877 1226 1944 τὴν
1288 1875 1520 1930 ἐναντίαν
1575 1880 1656 1947 τῷ
1692 1876 1909 1950 βασιλεῖ
1958 1873 2130 1945 δῆλος
2163 1942 2205 1953 _
2245 1886 2520 1953 μωρῆσαι,
2549 1880 2697 1951 ἡμᾶς
2731 1874 2787 1931 δὲ
2822 1874 3127 1946 δεδίξασθαι
3180 1875 3384 1930 ἐκεῖνον
3435 1876 3566 1929 εἶναι
3622 1874 3709 1928 τὸν
3752 1870 3859 1947 πρὲ-

471 1970 541 2039 ἦν
576 1966 813 2044 βαδίζων
847 1967 921 2028 ὡς
967 1967 1044 2039 μὴ
1079 1966 1428 2027 συνοίσοντος
1471 1962 1719 2037 οὐδαμοῦ
1769 1968 1865 2018 τοῦ
1911 1964 1985 2026 εἷς
2033 1967 2129 2035 ζή·
2163 1942 2210 2007 Β
2243 1990 2436 2036 ποντα,
2493 1966 2709 2040 πέμπον
2767 1967 2870 2021 ὑπὸ
2914 1964 3137 2038 δεσμοῖς
3196 1962 3333 2039 ἄγει,
3397 1966 3487 2020 καὶ
3546 1968 3749 2039 πρῶτον
3782 1962 3856 2034 μὲν

467 2080 625 2129 τησιν
657 2056 1048 2133 προκειμένου.
1084 2053 1187 2111 Καὶ
1223 2053 1377 2115 εὐθὺς
1430 2051 1639 2129 αἴρεται
1705 2054 1797 2125 μὶν
1850 2058 1931 2125 τῷ
1977 2055 2132 2128 βασι·
2241 2058 2464 2127 ἀπηνῶς
2546 2058 2871 2131 προστάσσει
2952 2055 3042 2109 καὶ
3127 2054 3508 2131 ἀπανθρώπως
3577 2053 3857 2121 αἰκίζεσθαι,

470 2147 559 2203 λεῖ
615 2148 642 2200 ὁ
677 2147 873 2217 θυμὸς,
926 2144 1017 2197 καἱ
1052 2144 1155 2217 βοῆ
1188 2144 1279 2211 ἦν,
1310 2141 1399 2195 καὶ
1433 2143 1507 2203 ὡς
1542 2140 1768 2204 δύσνους
1799 2142 1880 2196 ἀεὶ
1907 2142 1997 2195 καὶ
2054 2144 2131 2214 τῷ
2242 2141 2427 2200 ἔπειτα
2486 2144 2541 2199 δὲ
2570 2148 2660 2200 τὸν
2721 2146 2903 2199 καινὸν
2945 2144 3146 2199 ἐκεῖνον
3190 2140 3460 2217 θρίαμϐον
3517 2143 3855 2217 ἀπεργάζεται.

473 2237 786 2312 φρονήματι
820 2230 1309 2306 ἀλλοπρόσαλλος,
1340 2230 1429 2284 καὶ
1471 2230 1553 2285 ὅτι
1586 2231 1648 2284 οὐ
1679 2237 1804 2305 παρ’
1835 2228 2010 2301 ἀλλῆν
2048 2230 2135 2285 αἲ-
2244 2235 2461 2309 Γχοίνῳ
2512 2236 2611 2308 γὰρ
2676 2239 2855 2309 μακρᾷ
2912 2240 3021 2288 τῶν
3052 2232 3356 2307 τραχήλων
3386 2230 3641 2293 κελεύσας
3669 2227 3859 2297 ἐκδῆσαι

472 2325 586 2380 τίαν
612 2322 739 2379 ἀλλ’
761 2322 894 2377 αὐτὸ
919 2326 1082 2376 τοῦτο
1101 2321 1163 2375 τὸ
1186 2320 1265 2375 ἀεὶ
1294 2318 1533 2375 δυσνοεῖν
1557 2319 1648 2373 καὶ
1669 2320 1731 2375 τὸ
1754 2320 1841 2374 ἐπὶ
1861 2328 1961 2390 τῆς
1986 2321 2131 2395 ῥινὸς
2241 2324 2445 2378 ἐκεῖνόν
2474 2346 2531 2379 τε
2557 2330 2780 2398 πρῶτον
2834 2326 2923 2378 καὶ
2952 2322 3044 2377 τὸν
3094 2324 3329 2392 Ἰασίτην
3392 2320 3595 2378 Μελίαν
3646 2318 3855 2392 δεύτερον

471 2416 759 2484 πέπονθεν,
819 2411 1204 2482 αἶ’νιττομὲνης
1247 2416 1350 2479 τῆς
1409 2416 1608 2478 ποινῆς
1654 2408 1915 2473 ἐντεῦθεν.
1960 2412 2021 2465 '0
2076 2408 2132 2465 δὲ
2240 2415 2330 2468 καὶ
2366 2414 2487 2483 ἑξῆς
2518 2412 2710 2481 ἄλλον,
2752 2410 2855 2475 ἕως
2904 2414 2993 2467 καὶ
3042 2412 3095 2473 ἐς
3155 2409 3284 2466 δέκα
3341 2416 3440 2466 τοῦ
3496 2410 3721 2483 ἀριθμοῦ
3768 2408 3855 2458 τῶν

472 2505 689 2580 ἀκράτῳ
743 2504 903 2565 πάθει
965 2498 1289 2579 φιλοτιμίας
1349 2499 1440 2553 καὶ
1493 2496 1619 2573 δόξῃ
1674 2502 2131 2574 καταφρονήσεως
2240 2500 2449 2578 ἀνδρῶν
2512 2503 2854 2566 ποσωθὲντος
2888 2544 2901 2569 ,
2965 2501 3187 2555 ὕστατον
3261 2498 3317 2555 δὲ
3376 2501 3466 2554 καὶ
3526 2500 3621 2567 τῆν
3680 2494 3853 2550 ἐκείνου

472 2595 642 2669 θυμὸν
675 2591 900 2666 ἄκαιρον
963 2590 1119 2664 μίξας
1171 2590 1271 2659 τὴν
1331 2594 1433 2658 τῆς
1481 2594 1679 2658 ποινῆς
1734 2586 1908 2643 αἰτίαν
1961 2587 2130 2665 ἐπαρ-
2239 2590 2457 2665 ἀνεψιὰν
2516 2590 2589 2652 εἲς
2645 2592 2745 2659 τὴν
2798 2594 2905 2645 τῶν
2955 2593 3192 2665 μαγειῶν
3253 2586 3417 2659 δῆθεν
3468 2585 3702 2657 ἔνδειξιν,
3751 2580 3852 2641 τοὺς

466 2817 734 2870 mentum
765 2812 890 2865 erat
934 2806 1323 2880 propositum,
1356 2823 1469 2878 pax
1497 2807 1891 2862 Ecclesiarum
1921 2807 2020 2863 illa
2052 2809 2121 2863 de
2228 2807 2545 2864 volentiam
2589 2808 2842 2864 debitam
2888 2798 3207 2881 praestaret.
3244 2810 3375 2863 Haec
3419 2823 3551 2863 eum
3591 2804 3837 2863 locutum,

465 2919 585 2974 qua
615 2899 894 2955 instituta
940 2896 1210 2953 tractatio
1259 2897 1465 2952 luerat.
1498 2896 1953 2952 Considentibus
1998 2899 2122 2968 jam
2230 2898 2331 2968 qui
2354 2898 2509 2953 circa
2538 2898 2953 2970 imperatorem
2978 2903 3162 2967 erant,
3185 2897 3281 2953 alii
3310 2896 3549 2952 aliunde
3573 2904 3841 2961 erumpen-

466 2990 717 3055 cunctis,
751 2993 807 3043 et
850 2986 1106 3057 dignatis
1163 2985 1383 3040 honore
1431 2984 1721 3040 cathedrae
1770 3003 1804 3040 a
1848 2987 2119 3057 praesenti
2228 2992 2337 3055 tes,
2363 2990 2518 3058 quod
2552 2988 2637 3043 sic
2667 2990 2716 3043 ei
2766 2988 3083 3058 gratiﬁcari
3134 3004 3197 3043 se
3237 2992 3529 3058 putarent,
3562 2981 3719 3054 quasi
3742 2977 3838 3032 dis-

463 3082 729 3152 Augusto
761 3078 995 3132 duobus
1024 3075 1166 3141 illis,
1196 3074 1407 3146 quibus
1438 3076 1509 3130 ad
1542 3076 1601 3130 id
1629 3076 1927 3147 negotium
1956 3078 2121 3147 adju-
2230 3078 2485 3147 cerpturi
2518 3078 2829 3148 petierunt.
2863 3077 3079 3132 Verum
3124 3093 3222 3132 eos
3266 3077 3582 3148 imperator
3610 3070 3839 3127 atiectata

466 3170 696 3226 toribus
727 3167 863 3222 ﬁdis
896 3165 1196 3235 utebatur,
1230 3164 1642 3221 archidiacono
1673 3165 2032 3221 Meliteniota
2064 3173 2121 3222 et
2231 3166 2649 3221 moderationis
2672 3166 2864 3237 specie
2897 3165 3219 3237 prohibuit,
3242 3182 3479 3236 poenam
3514 3180 3622 3218 non
3655 3156 3837 3215 condo-

464 3255 989 3332 protoapostolario
1034 3255 1273 3327 Cyprio,
1308 3254 1507 3309 rhetor
1555 3254 1875 3310 Holobolus
1924 3258 2117 3312 stabat
2149 3246 2191 3311 C
2230 3272 2399 3320 nans,
2425 3257 2525 3309 sed
2548 3256 2607 3308 in
2632 3255 2785 3309 aliud
2812 3261 3044 3325 tempus
3067 3255 3369 3320 differens,
3394 3260 3457 3309 ut
3481 3256 3670 3323 postea
3690 3260 3834 3332 appaf

460 3352 803 3420 exspectans
828 3344 1232 3415 utimperator
1254 3343 1449 3414 ipsum
1476 3344 1961 3414 quoquejuberet
1981 3346 2125 3401 assi-
2233 3344 2366 3398 ruit.
2416 3343 2633 3398 Rhetor
2680 3350 2877 3399 autem
2927 3345 3075 3399 iram
3126 3343 3504 3415 imperatoris
3549 3338 3752 3396 veritus
3781 3330 3833 3386 ad

462 3440 630 3506 dere;
664 3436 765 3492 sed
801 3450 933 3491 cum
959 3434 1016 3487 id
1040 3432 1140 3487 diu
1167 3432 1387 3487 frustra
1408 3437 1828 3503 exspectasset,
1854 3433 2051 3488 exiens
2074 3435 2124 3490 is
2228 3433 2534 3488 ecclesiam
2567 3435 2845 3501 confugit,
2880 3451 3045 3489 sacro
3077 3450 3139 3489 se
3171 3434 3330 3506 asylo
3356 3435 3425 3489 ad
3450 3431 3686 3488 salutem
3719 3437 3833 3477 usu-

463 3527 523 3581 in
566 3524 831 3598 proximo
879 3522 1169 3578 consedit.
1203 3520 1616 3591 Disputatione
1666 3537 1799 3575 mox
1850 3521 2124 3577 inchoata
2227 3540 2359 3577 rum
2388 3540 2653 3594 sperans.
2676 3527 2749 3579 At
2778 3524 3097 3595 imperator
3120 3526 3352 3580 blandis
3382 3525 3516 3579 inde
3547 3522 3697 3575 illum
3720 3528 3830 3570 sua-

463 3613 787 3686 requisitus
817 3616 909 3667 est
940 3610 1158 3679 rhetor,
1186 3610 1359 3679 cujus
1390 3626 1567 3679 opera
1597 3609 1902 3681 praesentis
1933 3613 2121 3681 profu-
2226 3614 2492 3671 sionibus
2522 3621 2842 3671 extractum
2886 3618 3140 3687 perpulit
3172 3622 3235 3671 ut
3276 3617 3446 3687 quasi
3478 3612 3648 3670 animi
3678 3603 3831 3679 gratia

461 3709 596 3761 tura
624 3702 779 3758 898
811 3700 1137 3756 videbatur.
1178 3697 1282 3753 Ille
1322 3698 1545 3754 accitus
1588 3700 1838 3770 adstitit,
1872 3703 1974 3756 sed
2007 3703 2116 3757 im-
2227 3706 2281 3759 in
2309 3706 2729 3761 monasterium
2756 3706 3062 3777 Hyacinthi
3092 3724 3153 3762 se
3175 3697 3826 3775 conterret,commodum

461 3792 677 3863 Ριιιείῑο
728 3791 788 3845 in
836 3788 1160 3861 principem
1220 3788 1440 3854 animo.
1474 3805 1506 3843 8
1566 3805 1681 3859 quo
1730 3806 1792 3844 se
1851 3796 2114 3861 spretum
2223 3793 3724 3867 videlicet394diversorium;quofactohominem
3748 3784 3827 3835 hu-

459 3880 682 3936 omissa
711 3877 1005 3934 delatione
1051 3877 1335 3933 sessionis
1385 3877 1623 3949 penitus
1671 3878 2111 3950 indignabatur.
2221 3900 2393 3939 mane
2420 3884 2765 3940 consulendi
2797 3884 2991 3955 specie
3022 3884 3301 3956 relegavit
3329 3878 3703 3945 Nicaeammbi
3727 3873 3825 3926 erat

454 3971 605 4041 Ergo
630 3969 1025 4039 interrogatus
1058 3966 1246 4038 primo
1279 3975 1486 4038 praeter
1534 3967 1870 4038 opinionem
1921 3970 2107 4025 siluit.
2218 3973 2275 4027 id
2311 3974 2733 4028 monasterium
2769 3976 2971 4028 situm.
3008 3974 3280 4030 Nondum
3323 3990 3511 4030 annus
3541 3964 3819 4025 efﬂuxerat,

456 4059 708 4132 Urgente
754 4074 889 4113 vero
937 4056 1312 4127 imperatore,
1335 4056 1436 4127 qui
1486 4073 1622 4111 eum
1674 4059 2019 4125 conﬁdebat,
2052 4061 2110 4114 in
2218 4079 2349 4117 cum
2402 4064 2552 4117 inter
2600 4062 2776 4117 hasce
2826 4068 3056 4117 nostras
3104 4065 3175 4119 de
3224 4063 3531 4119 concordia
3578 4048 3818 4112 Ecclesia!

455 4151 941 4215 suam,utantea,
968 4146 1323 4201 sententiam
1347 4146 1830 4214 locuturum,ille
1852 4164 1965 4202 non
1992 4149 2111 4203 dis-
2219 4168 2350 4205 rum
2408 4158 2598 4207 motas
2650 4152 2954 4207 ardentius
3004 4154 3449 4218 controversias,
3484 4146 3647 4204 certis
3689 4152 3817 4195 com-

454 4238 742 4294 simulans
783 4236 1063 4307 poenitere
1095 4251 1156 4289 se
1198 4235 1361 4306 prius
1394 4240 1680 4299 actorum,
1704 4241 1761 4289 et
1790 4238 2111 4293 contrarias
2218 4246 2381 4312 perto
2413 4242 2639 4296 nuntiis
2670 4241 2986 4312 imperator
3017 4240 3364 4297 llolobolum
3416 4258 3446 4295 e
3495 4233 3659 4311 priori
3689 4223 3813 4299 quod

454 4326 795 4399 imperatori
815 4324 1305 4396 partesdeinceps
1320 4331 1658 4378 secuturum
1681 4340 1796 4395 pra:
1818 4326 2107 4395 seferens,
2215 4330 2362 4384 alias
2393 4332 2725 4386 ostenderat
2753 4332 2973 4400 judicio
3001 4332 3160 4402 pacis
3192 4332 3366 4387 istius
3389 4326 3682 4386 consilium
3712 4330 3813 4387 pr0'

454 4413 1453 4483 libereafﬂrmavitnegotiumquod
1476 4412 2108 4484 proponebaturhaud-
2214 4420 2389 4474 bante
2430 4420 2619 4491 palam
2662 4421 2785 4489 jam
2837 4421 3136 4487 resiliisse,
3170 4422 3511 4492 perindigne
3559 4414 3611 4469 id
3658 4410 3811 4462 ferens

451 4521 751 4576 quaquam
770 4504 892 4558 fore
910 4501 1053 4557 utile
1072 4500 1273 4556 videri.
1298 4501 1610 4557 Perculsus
1630 4502 2105 4574 inopinatissimo
2212 4525 2384 4563 aures
2419 4511 2583 4563 facile
2608 4512 2853 4581 praebuit
2875 4511 3403 4566 calumniatoribus
3434 4506 3662 4574 indigna
3688 4507 3811 4565 ᾳυᾶε·

445 4593 601 4650 dicto
659 4594 979 4663 imperator
1036 4590 1368 4655 excanduit,
1420 4590 1858 4663 increpavitque
1906 4594 2097 4648 homi-
2135 4616 2179 4679 ι)
2212 4596 2346 4651 dam
2381 4604 2437 4652 et
2467 4616 2499 4652 a
2534 4599 2631 4653 tali
2664 4599 2784 4653 viro
2817 4598 3007 4654 aliena
3029 4602 3098 4655 de
3133 4600 3407 4655 llolobolo
3438 4584 3806 4679 deferentibtlS-

444 4700 578 4740 nem
612 4682 845 4754 magnis
894 4681 1254 4737 clamoribus
1290 4696 1302 4733 :
1336 4697 1544 4751 nempe
1577 4680 1743 4735 illum
1774 4683 2097 4738 vocilerans
2135 4668 2174 4679 u
2210 4687 2396 4749 Quare
2427 4690 2794 4744 occasionem
2818 4706 2946 4744 eam
2974 4691 3345 4744 commodam
3378 4692 3535 4742 ratus
3558 4671 3716 4735 simul
3738 4668 3804 4754 in-

442 4775 829 4846 eXprobrabat
860 4788 976 4826 non
1011 4787 1168 4825 nunc
1202 4768 1458 4840 primum
1483 4770 1595 4824 sibi
1628 4769 1947 4840 infensum,
1973 4790 2099 4828 am-
2209 4776 2316 4831 visi
2350 4778 2557 4849 capitis
2586 4778 2929 4845 ulciscendi,
2956 4776 3482 4833 simul‘deducendi
3506 4786 3605 4827 nos
3626 4764 3687 4820 ab
3708 4753 3803 4827 ορί·

444 4864 689 4933 biguum
715 4861 1077 4934 jamdudum
1100 4864 1157 4914 et
1191 4860 1249 4913 in
1282 4859 1576 4913 contraria
1600 4861 1954 4927 versatilem,
1981 4880 2096 4917 non
2210 4866 2403 4934 nione,
2431 4885 2606 4937 quam
2639 4870 2710 4922 de
2742 4870 2871 4937 ejus
2906 4874 2968 4923 ut
3007 4868 3112 4921 viri
3150 4866 3475 4938 praestantis
3506 4850 3804 4915 auctoritate

440 4951 557 5008 alia
588 4952 776 5023 magis
799 4967 977 5006 causa
999 4965 1102 5021 per
1122 4950 1389 5019 opposita
1412 4949 1734 5019 circumagi
1759 4966 1935 5019 quam
1970 4969 2095 5007 ma-
2207 4958 2590 5027 doctrinaque
2641 4959 2981 5028 praeclaram
3032 4958 3417 5021 habebamus,
3458 4944 3651 5007 adduci
3695 4944 3799 5028 etim

434 5040 618 5097 levola
648 5041 891 5097 libidine
922 5039 1033 5095 sibi
1091 5038 1385 5102 obstandi,
1420 5052 1596 5108 quem
1648 5040 1901 5108 pessime
1931 5043 2092 5097 odis-
2200 5046 2464 5100 vinctum
2495 5024 2557 5100 in
2588 5024 2789 5101 urbem
2816 5048 3006 5116 jubet.
3032 5048 3134 5102 Hic
3160 5048 3411 5118 primum
3444 5042 3603 5096 illum
3631 5024 3797 5118 εΐιιδξδ·

435 5135 544 5187 set.
575 5131 741 5186 Ferre
770 5130 937 5185 illum
969 5128 1147 5184 istius
1171 5144 1292 5183 suae
1316 5126 1699 5197 malignitatis
1723 5127 2002 5200 stigmata
2032 5134 2088 5187 in
2200 5134 2332 5190 liter
2362 5108 3075 5206 immaniterqueuconcidi
3118 5108 3318 5207 ﬂagris
3349 5132 3604 5203 imperat,
3627 5108 3797 5173 deinde

431 5236 597 5287 naso,
630 5218 715 5274 illi
748 5218 1017 5275 videlicet
1045 5217 1187 5273 olim
1230 5217 1494 5272 abscisso
1526 5214 1585 5271 in
1618 5233 1849 5287 poenam
1900 5223 2086 5276 aversi
2199 5228 2329 5280 novi
2361 5226 2541 5293 hujus
2573 5226 2887 5296 spectaculi
2926 5242 3025 5297 per
3046 5226 3259 5282 civium
3294 5243 3393 5281 ora
3423 5225 3672 5292 pompam
3702 5208 3795 5254 ιη’

430 5308 613 5365 animi
645 5327 677 5365 a
714 5308 996 5379 principe.
1031 5312 1115 5363 Ea
1146 5307 1347 5362 rhetor
1386 5306 1635 5361 audiens
1666 5307 1852 5363 elatus
1883 5310 2083 5365 incon-
2196 5315 2375 5368 ducit.
2431 5316 2692 5386 Longum
2727 5316 2796 5369 de
2829 5314 2977 5370 collo
3008 5316 3307 5371 trahentes
3360 5316 3544 5367 funem
3577 5297 3789 5386 primu?

427 5371 1179 5469 sultaira,-quam.ambitio
1202 5397 1498 5467 impotens
1522 5397 1794 5466 opinione
1817 5405 2081 5455 contem-
2194 5371 2825 5469 Holobolus,secundo
2870 5404 2998 5459 loco
3046 5406 3265 5460 Jasites
3321 5371 3791 5459 Melias,tumalii

424 5495 562 5562 ptus
594 5487 821 5542 irritata
852 5484 1003 5540 ultra
1032 5485 1119 5539 fas
1169 5484 1451 5555 propulit,
1483 5502 1680 5540 veram
1733 5487 1905 5542 istius
1952 5506 2082 5559 quae
2191 5495 2471 5548 continua
2502 5468 2650 5549 saris
2682 5494 2938 5549 virorum
2965 5496 3241 5549 decadem
3274 5491 3582 5564 explentes,
3613 5468 3789 5564 adiit!“

422 5578 711 5634 sibinunc
732 5575 1185 5646 exprobraretur
1208 5590 1648 5644 poenaecausam
1674 5576 2078 5634 estliberrime
2188 5588 2283 5637 cta
2341 5584 2649 5638 undecima
2708 5584 2973 5650 muliere,
3026 5584 3287 5639 lloloboli
3338 5556 3584 5651 ejusdem
3632 5556 3785 5651 Πεῗρίίλ

420 5668 744 5738 professus.
776 5664 931 5720 clare
971 5664 1175 5718 dicens
1223 5679 1286 5717 se
1342 5679 1484 5717 naso
1543 5665 1884 5736 multatum,
1918 5672 2073 5738 quod
2186 5674 2444 5727 ostentui
2479 5678 2667 5727 tracta
2708 5673 2867 5727 velut
2918 5690 3102 5745 maga,
3138 5691 3240 5745 per
3270 5646 3586 5727 universam
3616 5646 3779 5745 urbe?

416 5754 631 5810 ιῖοθοηοί
662 5770 864 5824 Puero,
896 5751 1161 5824 ιθείιίωο
1201 5750 1560 5821 imperatori,
1596 5751 1771 5808 ﬁdem
1804 5760 1861 5809 et
1892 5756 2073 5812 bene-
2182 5766 2240 5816 et
2272 5762 2646 5833 peculiariter
2666 5762 2821 5817 circa
2846 5728 3153 5819 ecclesiam
3184 5764 3329 5819 l'azdo
3352 5744 3628 5818 triumpho
3649 5728 3779 5789 duc“
3918 5794 3919 5833 ι
