4080 6410
396 415 505 471 849

1474 423 1563 474 DE
1602 420 1974 475 MICHAELE
2016 418 2463 475 PALEOLOGO
2498 418 2632 473 LIB.
2672 420 2741 474 V.

3716 414 3825 472 850

400 542 494 615 μὲν
529 534 626 596 δύο
681 540 810 604 τοὺς
855 543 1105 618 πρώτους
1160 543 1233 606 ὡς
1283 543 1373 599 καὶ
1423 545 1511 599 ἐπὶ
1562 552 1628 615 τῆ
1689 545 1934 601 ὑποθέσει
1972 543 2048 616 μὴ
2077 551 2133 617 Α
2164 541 2239 608 εἷς
2270 548 2391 599 νοῦν
2431 543 2618 619 βαλεῖν
2674 542 2844 619 μέχοι
2893 542 2984 598 καὶ
3036 540 3089 605 ἐς
3142 538 3358 615 κεραίαν
3411 540 3541 614 μέαν
3571 540 3662 597 καὶ
3686 540 3823 596 ἰῶτα

394 630 785 693 κατανεύοντας
856 631 946 686 καὶ
1020 632 1263 706 ἐγκᾶτοις
1341 630 1629 710 προϐάτων
1713 634 2047 711 ἐπιφορτίζει

396 720 487 774 σὺν
540 719 726 784 αὐτοῖς
775 726 889 783 τοῖς
949 721 1161 777 ἐκείνων
1225 720 1641 799 διαχωρήμασι,
1698 724 1791 778 τὸν
1843 723 2049 799 ῥήτορα

396 807 452 864 δὲ
513 807 877 887 διαφερόντως
934 812 1024 865 καὶ
1097 812 1265 880 ἥπσισι
1336 808 1622 889 προϐάτιον
1683 814 1819 867 κατὰ
1872 813 2047 886 στόμα

390 897 601 954 κελεύει
647 899 939 955 τύπτεσθαι
988 902 1386 977 συνεχέστερον,
1434 903 1521 957 καὶ
1576 901 1754 965 οὕτως
1802 903 1899 957 ἀνὰ
1944 905 2042 971 τήν

390 990 553 1044 πόλιν
588 991 795 1045 ἅπασαν
824 987 1327 1065 Θριαμϐευομένους
1375 992 1564 1065 κύκλῳ
1594 1001 1696 1063 τῆς
1747 992 2041 1063 ἐκκλησίας

387 1085 753 1156 περιαγαγεῖν,
805 1080 1138 1154 ἀτιμοῦντας
1187 1082 1358 1138 ἐκεῖσε
1406 1082 1573 1139 πλέον
1607 1085 1681 1145 εἱς
1731 1079 1903 1161 φόϐου
1950 1082 2041 1137 καὶ

384 1169 621 1239 ἀπειλῆς
652 1175 770 1232 τοῖς
809 1169 1102 1246 κληρικοῖς
1136 1167 1381 1245 ἔνδειξιν,
1416 1175 1497 1246 [Ρ.
1548 1176 1673 1246 268]
1712 1173 2038 1247 Ἐπράττετο

387 1260 481 1332 μὶν
545 1260 637 1314 οὗν
695 1264 862 1315 ταῦτα
938 1256 1425 1332 Ἐλαφηϐολιῶνος
1500 1259 1626 1338 ἕκτῃ
1705 1264 1875 1337 μηνὸς
1940 1267 2037 1319 τοῦ

382 1350 629 1412 ἐπιόντος
658 1347 835 1419 ἔτους,
875 1354 971 1405 τοῦ
1029 1354 1377 1428 πατριάρχου
1437 1353 1716 1429 Ἀρσενίου
1768 1353 2032 1428 πρότερον

380 1441 415 1509 ἢ
464 1444 632 1494 ταῦτα
687 1439 923 1513 γίνεσθαι
981 1444 1203 1513 ἡμερῶν
1329 1442 1463 1497 κστὰ
1517 1444 1618 1511 τὴν
1676 1449 1837 1511 νῆσον
1900 1465 2031 1516 μετ-

379 1526 741 1601 αλλάξαντος,
787 1528 884 1585 εἴτ’
934 1529 1022 1584 οὖν
1071 1536 1368 1606 τριακοστῇ
1418 1531 1784 1606 Γαμηλιῶνος
1836 1534 2028 1606 μηνός.

378 1619 444 1675 Oi
473 1617 530 1673 δὲ
557 1623 656 1674 τοῦ
710 1619 924 1695 κλήρου
981 1620 1073 1676 τὸν
1121 1619 1369 1676 κίνδυνον
1427 1622 1600 1700 σφίσιν
1652 1622 2027 1696 αῗωρούμενον

381 1707 676 1784 βλέποντες
750 1709 1093 1773 καθικέτευον
1149 1712 1240 1766 τὸν
1298 1717 1599 1787 κρατοῦντα
1674 1712 1877 1767 ἀνεῖναι
1931 1713 2030 1767 αὐ-

372 1798 499 1860 τοὺς
523 1806 622 1869 τῆς
653 1801 823 1875 ὀργῆς
873 1798 954 1875 ἐφ’
985 1801 1030 1872 ᾧ
1062 1800 1283 1877 ἡςύχως
1340 1809 1627 1873 καθῆσθαι,
1682 1804 1847 1878 μέχρι
1878 1801 1939 1857 ἂν
1973 1804 2025 1857 οἱ

373 1884 625 1962 πρέσϐεις
660 1888 717 1944 ἐκ
773 1890 995 1963 Ῥώμης
1050 1891 1495 1962 ἐπαναζεύξωσιψ
1557 1890 1681 1948 ἀλλ’
1742 1893 1845 1947 οὐκ
1873 1889 2022 1948 ἕπει-

372 1980 462 2032 θον
495 1977 684 2033 πολλὰ
712 1978 1093 2052 λιπαροῦντες,
1144 1978 1270 2034 ἀλλ’
1319 1978 1570 2057 ἄντικρυς
1616 1980 1890 2058 ἐκρίνοντο
1921 1984 2018 2051 τῆς

368 2068 503 2141 πρὸς
563 2065 789 2143 βασιλέα
845 2069 1245 2138 καθοσιώσεως,
1279 2071 1344 2139 ἢν
1383 2072 1457 2142 μή
1499 2090 1560 2145 γε
1610 2071 1675 2123 τὰ
1722 2077 1821 2139 τῆς
1881 2072 2015 2125 ὑπο-

362 2162 577 2232 γραφῆς
605 2155 836 2213 τελοῖεν.
870 2158 958 2221 Ὡς
1015 2155 1071 2213 δέ
1128 2180 1269 2220 τινες
1330 2158 1404 2220 εἷς
1459 2154 1626 2236 φόϐον
1684 2161 2010 2236 κατέφευγον

357 2250 455 2301 τοῖ’)
497 2248 572 2320 μή
622 2268 673 2301 τι
723 2247 814 2302 καὶ
865 2246 1029 2303 πλέον
1077 2243 1532 2323 προσϐιασθῆναι,
1568 2249 1594 2302 ὁ
1632 2246 1886 2325 βασιλεὺς
1918 2249 2012 2304 αὐ-

356 2334 480 2389 τίκα
534 2335 905 2410 προστάσσει,
969 2337 1058 2392 καὶ
1120 2339 1282 2412 λόγος
1338 2336 1605 2401 ἐκτίθεται
1663 2333 2013 2414 χρυσοϐούλ-

356 2422 528 2497 λειος,
562 2425 786 2502 πλήρης
821 2428 915 2499 μὲν
959 2425 1405 2505 φρικωδεστάτων
1472 2428 1640 2505 ἀρῶν,
1699 2427 1922 2503 πλήρης
1956 2426 2013 2483 δὲ

352 2513 443 2568 καὶ
504 2514 680 2588 ὅρκων
740 2511 1257 2588 παλαμναιοτάτων,
1292 2515 1326 2584 ἧ
1367 2516 1472 2589 μὴν
1528 2517 1603 2588 μὴ
1661 2510 2009 2570 ἐκϐιάσασθαι

352 2603 520 2659 πλέον
560 2646 573 2673 ,
638 2606 713 2678 μὴ
774 2601 1187 2679 διαπράξασθαι,
1247 2606 1324 2679 μή
1378 2612 1815 2681 παρεγχειρῆσαι
1878 2602 2008 2679 μηδ’

351 2834 511 2887 sunt.
537 2830 603 2885 Et
624 2829 739 2885 duo
762 2829 1000 2900 quidem
1034 2828 1277 2899 priores,
1304 2827 1754 2899 quasividelieet
1775 2829 2005 2899 objecta

351 2920 462 2976 sibi
492 2924 549 2975 et
580 2919 723 2975 satis
756 2920 1002 2991 probata
1023 2919 1270 2974 crimina
1294 2918 1668 2990 pertinaciter
1698 2922 1998 2989 negarent,

352 3009 645 3065 intestinis
677 3009 871 3065 ovium
903 3008 1033 3080 ipso
1067 3008 1257 3063 adhuc
1288 3008 1423 3063 ﬁmo
1456 3008 1683 3064 refertis
1728 3007 2000 3079 impliciti

350 3098 662 3169 onustique
694 3098 1107 3171 procedebant,
1127 3098 1328 3153 addito
1352 3098 1410 3152 in
1435 3096 1797 3169 singularem
1830 3098 1999 3153 Holo-

343 3188 462 3244 boli
480 3188 1016 3244 dehonestationem
1030 3228 1041 3252 ,
1057 3191 1121 3242 ut
1137 3204 1238 3258 per
1252 3190 1438 3243 totam
1470 3186 1998 3257 viamjeeinoribus

2160 638 2256 688 τοῦ
2288 628 2571 706 συμϐόλου
2604 637 2958 709 παραγαγεῖν,
3026 635 3099 706 μὴ
3141 630 3308 687 πλέον
3365 634 3473 684 τῶν
3522 633 3690 703 τριῶν
3729 650 3821 684 κε-

2162 723 2431 800 φαλαίων,
2492 723 2764 797 πρωτείου
2822 722 2913 776 καὶ
2971 721 3241 792 ἐκκλήτου
3288 720 3379 774 καὶ
3440 717 3814 793 μνημοσῦνου,

2158 812 2246 867 καὶ
2277 813 2487 867 τούτων
2523 813 2606 867 ἐπὶ
2642 811 2827 886 ψιλοῖς
2860 810 3087 885 ὀνόμασι
3145 811 3262 865 κατ’
3318 809 3661 880 οἰκονομίαν,
3717 812 3812 877 ζη-

2156 910 2339 972 τῆσαι,
2373 903 2419 957 εἰ
2454 900 2497 956 δ’
2531 900 2643 974 οὖν,
2688 901 2864 975 ἐξώλη
2914 923 2973 956 τε
3019 901 3109 956 xui
3161 896 3392 974 προώλη
3447 896 3809 973 γενέσθαικαὶ

2154 992 2219 1047 τὰ
2276 988 2625 1069 φοϐερώτερα
2683 993 2943 1067 ὑποσχεῖν
2974 1037 2985 1048 .
3036 994 3213 1045 Ταῦτα
3257 990 3469 1064 γράψας
3518 986 3608 1042 καὶ
3672 988 3809 1041 ὑπο-

2151 1084 2384 1157 γράψας,
2426 1083 2647 1158 προσέτι
2696 1079 2752 1136 δέ
2809 1082 2896 1137 καὶ
2962 1078 3177 1156 βούλλῃ
3240 1080 3419 1153 χρυσῇ
3468 1074 3811 1155 κατασφαλι-

2154 1171 2431 1244 σάμενοις,
2467 1173 2670 1245 πέμπει
2728 1174 2797 1245 τῇ
2852 1168 3159 1241 Ἐκκλησία
3216 1165 3305 1222 διά
3358 1170 3455 1221 τοῦ
3510 1186 3804 1242 πρωταση-

2149 1268 2345 1334 κρῆτις
2384 1261 2881 1336 Νεοκαισαρειώτου
2930 1256 3187 1334 Μιχαήλ.
3238 1258 3305 1335 ᾮ
3349 1253 3415 1325 δὴ
3448 1256 3537 1311 xui
3572 1249 3806 1331 βεϐαιω-

2148 1349 2326 1412 θέντες
2387 1348 2786 1426 ὑπογράφουσιν
2825 1391 2838 1418 ,
2900 1346 3024 1402 ἄνευ
3075 1345 3165 1401 καὶ
3221 1344 3345 1401 τότε
3386 1347 3572 1413 τινῶν,
3626 1342 3680 1398 οἵ
3731 1340 3797 1412 δὴ

2145 1440 2236 1495 καὶ
2294 1438 2677 1515 ἐξορισθέντες,
2712 1437 2845 1512 μετὰ
2898 1436 3085 1512 καιρὸν
3136 1434 3614 1512 συγκαναθέμενοι,
3666 1453 3800 1487 κατ-

2144 1530 2372 1604 ἄγονται
2425 1530 2513 1584 καὶ
2578 1529 2820 1584 ένοῦνται
2878 1534 2944 1597 τῆ
3009 1523 3346 1598 Ἐκκλησίᾳ,
3407 1522 3631 1586 οὐδενὸς
3686 1527 3796 1579 τῶν

2141 1623 2238 1673 τοῦ
2268 1618 2482 1694 κλήρου
2514 1617 2892 1693 ἐλλείψαντος.

2138 1781 2237 1838 κα’.
2307 1784 2448 1842 ’πως
2524 1781 2575 1835 οἱ
2647 1773 2904 1854 πρέσϐεις
2975 1781 3072 1854 τρϐ
3153 1774 3422 1853 βασιλέως
3493 1771 3630 1829 κατᾶ
3694 1784 3789 1838 θα-

2646 1848 2845 1908 λασσαν
2887 1848 3094 1905 ἐκινδόν
3103 1848 3277 1905 ευσαν.

2058 1946 2100 2011 Β
2202 1981 2284 2051 [Ρ.
2316 1981 2438 2048 269]
2511 1978 2690 2037 Ἀλλὰ
2757 1977 2949 2056 ῥητέον
3014 1977 3105 2033 καὶ
3170 1974 3239 2032 τὰ
3301 1978 3413 2031 τῶν
3480 1966 3782 2049 πρέσϐεων.

2127 2068 2357 2123 Ἐκεῖνοι
2403 2070 2506 2145 γὰρ
2565 2068 2712 2143 παρὰ
2764 2069 2953 2144 καιρὸν
3008 2065 3337 2127 πλεύσαντες
3389 2062 3640 2140 (Κρονίου
3682 2060 3784 2136 γὰρ

2123 2157 2437 2232 ἀρχόμένου
2501 2158 2672 2231 μηνὸς
2728 2162 2849 2220 ταῖς
2907 2156 3094 2212 ναυσὶν
3160 2150 3423 2229 ἐμϐάντες
3484 2150 3781 2221 ἀπέπλεον)

2121 2248 2256 2321 πρὸς
2292 2246 2436 2319 αὐτῷ
2466 2252 2544 2319 τῷ
2571 2246 2782 2318 Μαλέᾳ,
2840 2246 2897 2301 ’ὸν
2956 2246 3047 2301 καὶ
3080 2241 3381 2321 ξυλοφάγον
3439 2238 3627 2296 καλεῖν
3657 2238 3781 2294 εἰώ-

2123 2347 2262 2409 θασι,
2323 2334 2591 2414 λήγοντος
2649 2340 2746 2392 τοῦ
2799 2335 2971 2410 μηνὸς
3002 2332 3271 2410 γίνονται,
3304 2332 3396 2388 xui
3443 2333 3513 2406 τῇ
3571 2327 3784 2384 ἐνιστα-

2124 2430 2257 2503 μένῃ
2287 2428 2409 2485 τότε
2445 2427 2656 2506 μεγάλῃ
2697 2429 2922 2504 πέμπτῃ
2982 2425 3208 2502 ἑσπέρας
3263 2424 3469 2498 ναυγίῳ
3529 2425 3777 2498 χρῶνται

2120 2514 2302 2590 δεινῷ.
2337 2518 2543 2574 Λύτίκα
2596 2518 2700 2594 γὰρ
2755 2513 2918 2573 ὤδινε
2977 2517 3073 2590 μέν
3104 2519 3139 2586 ἡ
3174 2517 3438 2584 θάλασσα,
3469 2514 3561 2568 καὶ
3615 2512 3777 2567 κατέ-

2119 2602 2301 2663 ϐαινεν
2345 2606 2783 2680 Ἑλλησποντίας
2841 2604 3118 2683 λαμπρὸς,
3152 2602 3243 2659 σὺν
3294 2603 3353 2659 δὲ
3380 2604 3585 2681 νεφέεσι
3614 2606 3770 2678 γαῖαν

2112 2846 2357 2888 assensu
2390 2834 2739 2888 cunctorum
2772 2832 2832 2888 in
2866 2831 2975 2888 tria
3023 2831 3310 2887 duntaxat
3343 2825 3602 2900 capitula
3642 2825 3769 2899 pri-

2111 2924 2330 2987 matus,
2366 2922 2793 2993 provocationis
2823 2926 2879 2978 et
2909 2917 3511 2983 commemorationis,
3544 2932 3674 2988 quas
3708 2918 3767 2971 et

2109 3010 2239 3082 ipsa
2268 3012 2506 3067 nomine
2536 3011 2729 3067 solum
2759 3016 2957 3079 tenus,
2992 3008 3325 3067 necessaria
3355 3006 3539 3079 quieti
3572 3022 3638 3061 ac
3670 3020 3764 3060 se-

2109 3100 2345 3156 curitati
2378 3099 2623 3173 publicae
2655 3100 3216 3167 accommodatione,
3242 3095 3482 3154 concedi
3505 3098 3764 3168 cuperet.

2109 3189 2175 3244 In
2208 3190 2329 3245 haec
2344 3191 2405 3246 ni
2422 3190 2918 3263 obtemperarent,
2944 3187 3451 3263 perniciosissima
3469 3184 3581 3241 sibi
3606 3201 3765 3256 quas-

342 3279 685 3334 earumdem
718 3277 912 3333 ovium
945 3294 974 3332 e
1003 3281 1201 3332 ventre
1233 3293 1433 3333 recens
1465 3276 1739 3333 extractis
1765 3276 1821 3331 in
1850 3276 1993 3331 facie
2025 3262 2067 3328 C
2108 3296 2221 3351 que
2252 3297 2318 3337 ac
2348 3298 2590 3352 prorsus
2623 3262 2882 3337 exitialia
2934 3262 3066 3336 mox
3114 3296 3148 3335 a
3178 3295 3239 3335 se
3286 3277 3436 3349 ipsis
3482 3278 3763 3330 eventura

341 3368 712 3424 continenter
728 3368 1063 3423 caederetur.
1089 3367 1226 3430 Quae
1248 3367 1331 3422 sic
1356 3373 1484 3422 acta
1506 3371 1645 3421 sunt
1670 3384 1783 3422 non
1810 3367 1998 3438 magis

341 3458 416 3514 ad
443 3457 824 3530 ignominiam
851 3457 1099 3513 infelicis
1123 3456 1281 3511 illius
1305 3473 1482 3527 quam
1508 3457 1579 3511 ad
1619 3457 1997 3512 deterrendos

341 3552 678 3620 perstantes
710 3548 901 3603 adhuc
918 3547 977 3601 in
994 3547 1153 3618 pacis
1173 3546 1485 3617 rejectione
1498 3545 1762 3613 clericos,
1779 3546 1996 3617 quibus

338 3637 455 3693 hoc
481 3637 746 3710 exemplo
778 3637 1105 3693 luculenter
1125 3638 1824 3707 ostentabaturquantum
1847 3636 1995 3708 ipsis

336 3727 407 3783 in
465 3727 569 3782 tali
614 3728 910 3799 proposito
956 3726 1358 3798 perstantibus
1414 3725 1781 3797 impenderet
1832 3724 1992 3779 mali.

334 3822 476 3872 Haec
508 3822 673 3889 gesta
695 3822 836 3872 sunt
894 3817 1137 3871 ineunte
1157 3832 1310 3871 anno
1343 3815 1435 3871 die
1487 3820 1649 3869 sexta
1699 3813 1991 3883 Octobris,

332 3907 677 3980 patriarcha
706 3906 1134 3985 Arsenio.395
1169 3923 1269 3963 sex
1291 3904 1454 3977 prius
1485 3904 1695 3959 diebus
1725 3920 1901 3975 quam
1926 3919 1993 3957 ea

330 3998 545 4052 ﬁerent
576 3997 635 4051 in
670 3996 865 4052 insula
898 4002 1128 4052 mortuo
1158 4014 1171 4052 :
1216 4012 1493 4065 suprema
1540 3994 1697 4049 enim
1747 3992 1832 4048 illi
1866 3993 1991 4048 dies

330 4087 445 4143 fuit
476 4086 774 4142 tricesima
806 4086 1026 4142 mensis
1059 4084 1423 4157 septembris.
1460 4085 1632 4140 Porro
1669 4082 1861 4139 clerici
1886 4082 1990 4137 tali

325 4178 493 4236 edito
526 4176 842 4249 specimine
864 4176 961 4231 ire
988 4174 1378 4247 imperatoris,
1398 4174 1619 4246 proprii
1652 4173 1809 4229 haud
1844 4190 1991 4229 vana

324 4268 595 4341 imagine
613 4265 856 4338 periculi
878 4266 1087 4337 territi,
1120 4268 1403 4337 rogarunt
1424 4265 1832 4336 imperatorem
1856 4263 1990 4319 bre-

322 4375 434 4416 ves
466 4355 756 4423 inducias,
789 4359 845 4410 et
875 4371 948 4412 ne
979 4355 1037 4409 in
1072 4355 1229 4425 ipsos
1262 4358 1363 4409 aut
1392 4354 1731 4409 decerneret
1762 4352 1988 4425 aliquid

324 4447 572 4523 gravius
588 4446 941 4501 automnino
958 4448 1211 4516 urgeret,
1230 4444 1419 4515 quoad
1440 4443 1537 4515 qui
1556 4444 1801 4499 Romam
1822 4442 1989 4499 missi

322 4541 570 4595 fuerant
598 4535 735 4590 inde
764 4533 942 4605 legati
991 4533 1300 4589 redissent.
1354 4533 1466 4588 Sed
1512 4531 1657 4587 nihil
1707 4533 1988 4603 impetra-

2104 3374 2328 3426 certum
2353 3370 2655 3427 haberent.
2671 3372 2821 3436 Quas
2836 3369 3028 3425 minas
3043 3385 3221 3440 quam
3237 3362 3758 3438 exaggeratissime

2103 3465 2278 3532 atque
2308 3460 2852 3517 asseverantissime
2881 3458 3187 3514 inculcans
3209 3454 3543 3511 intentabat
3566 3453 3625 3509 in
3648 3451 3750 3507 illo

2100 3549 2440 3621 diplomate,
2474 3551 2629 3622 quod
2664 3548 2948 3621 scriptum
2971 3552 3029 3603 et
3044 3545 3469 3617 subscriptum,
3496 3546 3554 3599 et
3574 3557 3753 3597 aurea

2099 3645 2380 3712 praeterea
2392 3640 2679 3696 munitum
2696 3638 2876 3710 bulla,
2898 3634 3359 3693 mittitEcclesiaa
3376 3651 3476 3705 per
3488 3630 3745 3705 primum

2098 3747 2129 3784 a
2159 3730 2400 3785 secretis
2431 3728 2957 3785 Neocaesariensem
2991 3724 3354 3782 Michaelem.
3387 3723 3467 3779 Eo
3486 3720 3749 3794 plerique

2098 3818 2364 3888 persuasi
2396 3820 2706 3890 securique
2720 3817 2909 3874 ell‘ecti
2934 3815 3358 3887 subscripsere,
3392 3811 3743 3885 quibusdam

2095 3910 2292 3963 tamen
2325 3907 2517 3963 adhuc
2549 3911 2690 3963 tunc
2722 3923 2957 3978 quoque
2988 3905 3048 3960 id
3082 3905 3272 3960 facere
3294 3900 3743 3967 recusantibus;

2096 3996 2197 4067 qui
2229 4000 2536 4068 propterea
2565 3996 2625 4051 in
2657 3994 2929 4051 exsilium
2962 3993 3153 4062 missi,
3176 3995 3305 4064 post
3325 3990 3561 4063 aliquod
3593 3993 3747 4045 tem-

2094 4102 2206 4157 pus
2238 4085 2673 4158 resipiscentes,
2706 4085 2859 4140 396
2892 4099 3140 4139 assensu
3172 4082 3310 4137 dato
3333 4078 3583 4136 revocati
3608 4081 3749 4134 sunt

2094 4184 2147 4232 et
2176 4176 2444 4233 Ecclesiae
2468 4175 2787 4247 conjuncti,
2808 4173 3185 4244 neminejam
3200 4188 3270 4227 ex
3298 4169 3454 4227 clero
3486 4169 3744 4239 residuo,

2094 4266 2195 4338 qui
2227 4283 2342 4322 non
2375 4265 2733 4323 consentiret
2760 4265 2819 4320 in
2854 4279 3055 4336 pacem
3087 4260 3487 4318 Ecelesiarum
3526 4258 3598 4314 ad
3645 4274 3743 4314 vo-

2093 4360 2222 4440 tum
2255 4355 2652 4429 imperatoris.

2088 4502 2177 4557 21.
2218 4501 2283 4558 Ut
2308 4501 2472 4572 legati
2500 4500 2859 4573 imperatoris
2887 4499 2949 4554 in
2979 4497 3125 4553 mari
3146 4490 3451 4568 periclitati
3500 4490 3737 4564 fuerint.

323 4631 496 4693 runt,
528 4623 907 4696 quantumvis
939 4623 1211 4678 ardenter
1232 4626 1486 4678 orarent.
1513 4622 1660 4685 Quin
1677 4622 1762 4677 eis
1785 4637 1982 4678 severe
2012 4646 2059 4711 D
2159 4627 2269 4682 Sed
2301 4627 2615 4683 dicendum
2649 4626 2718 4681 de
2748 4625 2979 4697 legatis.
3024 4622 3113 4679 Illi
3143 4620 3301 4678 enim
3332 4617 3522 4676 alieno
3573 4615 3740 4672 navi-

322 4716 748 4775 denuntiatum
779 4719 869 4769 est
913 4710 1355 4768 inexorabiliter
1398 4712 1798 4766 damnandum
1832 4710 1979 4767 laesa

322 4805 683 4878 majestatis,
716 4804 1057 4876 quicunque
1089 4802 1349 4873 ipsorum
1367 4818 1479 4857 non
1504 4799 1701 4857 statim
1729 4801 1981 4856 subseri-

322 4898 493 4952 beret
523 4892 796 4966 capitulis
825 4892 1145 4949 concordiae
1168 4908 1294 4963 quae
1318 4890 1695 4945 tractabatur.
1720 4892 1978 4955 Quarum

327 4991 518 5041 terror
550 4984 846 5039 minarum
889 4999 1023 5038 cum
1069 4981 1357 5053 quosdam
1407 4980 1467 5035 in
1512 4980 1710 5051 fugam
1741 4979 1979 5051 egisset,

323 5076 545 5131 veritos
579 5090 651 5129 ne
683 5074 739 5127 vi
774 5072 983 5144 majori
1029 5076 1376 5143 cogerentur
1426 5071 1611 5127 facere
1643 5069 1797 5141 quod
1822 5086 1979 5124 aver-

327 5166 635 5229 sabantur,
660 5163 836 5233 jussu
871 5161 1244 5233 imperatoris
1275 5159 1581 5231 vulgatum
1616 5159 1815 5214 statim
1849 5160 1977 5230 ejus

326 5253 592 5325 diploma
622 5256 730 5318 est,
764 5269 942 5307 aurea
975 5250 1271 5305 munitum
1294 5249 1470 5315 bulla,
1496 5267 1607 5319 quo
1630 5251 1741 5305 sub
1767 5250 1977 5321 impre-

324 5342 659 5399 cationibus
686 5340 1001 5396 dirissimis
1033 5339 1449 5410 etjuramentis
1473 5338 1762 5395 horriﬁcis
1786 5344 1974 5395 conte-

326 5433 598 5489 stabatur
628 5431 784 5485 haud
814 5430 874 5484 in
908 5429 1105 5485 animo
1127 5429 1237 5484 sibi
1268 5445 1417 5499 esse,
1444 5446 1510 5484 ac
1534 5446 1604 5485 ne
1627 5446 1819 5500 prima
1840 5429 1976 5500 qui-

326 5523 460 5577 dem
492 5519 841 5592 cogitatione
868 5524 1041 5575 tenus
1067 5520 1297 5575 venisse
1328 5519 1387 5573 in
1422 5527 1696 5587 mentem,
1741 5518 1977 5590 adigere

326 5610 575 5668 ulterius
600 5626 959 5683 quemquam
992 5614 1095 5664 aut
1124 5624 1330 5682 urgere
1362 5608 1703 5665 inducereve
1753 5609 1824 5664 ad
1875 5608 1978 5664 ad-

327 5700 677 5758 mittendam
708 5698 799 5755 vel
830 5698 1007 5755 unius
1029 5699 1148 5755 iota
1170 5698 1583 5755 minutissimas
1612 5697 1799 5770 apicis
1821 5698 1976 5767 adje-

325 5789 621 5848 ctionenm
646 5788 720 5846 ad
750 5786 1471 5861 symbolum.Contentum
1494 5804 1557 5845 se
1583 5787 1823 5844 omnino
1855 5788 1976 5846 fore

2091 4733 2230 4790 gare
2259 4716 2376 4772 orsi
2405 4722 2691 4787 tempore,
2715 4712 3077 4771 subinitium
3102 4705 3740 4767 videlicetMartiinave

2093 4823 2435 4875 conscensa,
2460 4806 2533 4861 ad
2564 4804 2832 4875 Maleam,
2866 4818 3042 4875 quem
3073 4800 3247 4872 vulgo
3275 4797 3631 4871 lignivorum
3666 4795 3739 4850 ob

2089 4897 2324 4952 crebras
2356 4895 2476 4951 illic
2500 4894 2736 4951 navium
2761 4891 3202 4949 submersiones
3225 4891 3453 4955 vocant,
3480 4888 3741 4941 extrema

2088 4986 2309 5042 mensis
2360 4986 2489 5056 ejus
2533 4985 2750 5039 decade
2795 4981 3203 5054 pervenerunt.
3251 4975 3339 5033 Ibi
3389 4974 3599 5046 quinta
3645 4972 3739 5027 die

2088 5074 2330 5146 majoris
2360 5074 2739 5130 hebdomadas
2763 5072 2875 5129 sub
2899 5084 3201 5141 vesperam
3225 5063 3599 5136 naufragium
3624 5061 3738 5116 mi-

2086 5165 2335 5221 serabile
2368 5167 2572 5221 fecere.
2624 5163 2827 5218 Subito
2881 5161 3037 5217 enim
3091 5175 3289 5231 aequor
3336 5153 3643 5219 intumuit,
3677 5155 3736 5207 et

2085 5254 2315 5309 validus
2347 5255 2417 5310 ab
2451 5252 2823 5327 Hellesponto
2855 5255 3068 5307 ventus
3092 5249 3372 5320 ingruens
3390 5250 3606 5301 terram
3631 5258 3732 5314 pa-

2085 5343 2225 5398 riter
2254 5349 2311 5399 et
2342 5348 2585 5417 pontum
2601 5333 3734 5399 aterrimisobduxitnubibus.Nondum

2087 5434 2323 5504 quidem
2358 5450 2601 5506 prorsus
2632 5433 2871 5488 dondito
2907 5434 2962 5487 in
2989 5447 3261 5487 occasum
3282 5422 3736 5484 solecommissa

2087 5540 2199 5579 nox
2229 5527 2391 5579 erat:
2438 5540 2639 5578 verum
2687 5524 2972 5595 opacabat
3020 5521 3135 5577 late
3184 5521 3398 5575 cuncta
3445 5529 3560 5569 nox
3617 5508 3734 5565 alia

2085 5614 2349 5685 quaedam
2384 5611 2570 5668 nihilo
2604 5617 2752 5669 tetra
2782 5612 2981 5668 minus
3013 5626 3188 5683 quam
3214 5607 3317 5663 illa
3332 5600 3640 5667 naturalis,
3664 5614 3734 5653 ex

2085 5702 2297 5758 umbra
2324 5703 2496 5758 terrei
2523 5701 2679 5775 globi
2711 5700 2884 5759 solita
2918 5700 3143 5769 induci,
3175 5715 3242 5755 eo
3273 5696 3449 5752 etiam
3480 5687 3727 5754 tristior,

2084 5791 2239 5865 quod
2291 5791 2489 5849 nullus
2532 5808 2661 5849 eam
2720 5791 2876 5849 lunas
2922 5795 3289 5847 astrorumve
3334 5777 3733 5853 temperabate
