  <div class='ocr_page' id='page_1' title='image "/cluster/home/n/w/nwhite01/storage/ocr_20150623/143:no.1/coo.31924054870484/433.png"; bbox 0 0 4080 6384; ppageno 0'>
   <div class='ocr_carea' id='block_1_1' title="bbox 313 399 416 458">
    <p class='ocr_par' dir='ltr' id='par_1_1' title="bbox 313 399 416 458">
     <span class='ocr_line' id='line_1_1' title="bbox 313 399 416 458; baseline 0.01 -2"><span class='ocrx_word' id='word_1_1' title='bbox 313 399 416 458; x_wconf 89' lang='grc'><strong>851</strong></span> 
     </span>
    </p>
   </div>
   <div class='ocr_carea' id='block_1_2' title="bbox 1625 399 2430 460">
    <p class='ocr_par' dir='ltr' id='par_1_2' title="bbox 1625 399 2430 460">
     <span class='ocr_line' id='line_1_2' title="bbox 1625 399 2430 460; baseline -0.005 0"><span class='ocrx_word' id='word_1_2' title='bbox 1625 403 1927 460; x_wconf 79' lang='lat' dir='ltr'><strong>GEORGII</strong></span> <span class='ocrx_word' id='word_1_3' title='bbox 1965 399 2430 456; x_wconf 67' lang='lat' dir='ltr'><strong>PACHYMERE</strong></span> 
     </span>
    </p>
   </div>
   <div class='ocr_carea' id='block_1_3' title="bbox 3634 399 3744 455">
    <p class='ocr_par' dir='ltr' id='par_1_3' title="bbox 3634 399 3744 455">
     <span class='ocr_line' id='line_1_3' title="bbox 3634 399 3744 455; baseline -0.009 0"><span class='ocrx_word' id='word_1_4' title='bbox 3634 399 3744 455; x_wconf 89' lang='lat'><strong>852</strong></span> 
     </span>
    </p>
   </div>
   <div class='ocr_carea' id='block_1_4' title="bbox 315 523 3732 602">
    <p class='ocr_par' dir='ltr' id='par_1_4' title="bbox 315 523 3732 602">
     <span class='ocr_line' id='line_1_4' title="bbox 315 523 3732 602; baseline -0 -21"><span class='ocrx_word' id='word_1_5' title='bbox 315 526 457 599; x_wconf 78' lang='grc' dir='ltr'>ὁμοῦ</span> <span class='ocrx_word' id='word_1_6' title='bbox 488 526 576 582; x_wconf 81' lang='grc' dir='ltr'><strong>καὶ</strong></span> <span class='ocrx_word' id='word_1_7' title='bbox 608 525 803 582; x_wconf 82' lang='grc' dir='ltr'><strong>πόντον</strong></span> <span class='ocrx_word' id='word_1_8' title='bbox 834 525 1064 602; x_wconf 76' lang='grc' dir='ltr'>κάλυψε.</span> <span class='ocrx_word' id='word_1_9' title='bbox 1117 530 1214 583; x_wconf 84' lang='grc' dir='ltr'>Καὶ</span> <span class='ocrx_word' id='word_1_10' title='bbox 1270 529 1359 601; x_wconf 79' lang='grc' dir='ltr'>νὺξ</span> <span class='ocrx_word' id='word_1_11' title='bbox 1423 529 1515 602; x_wconf 77' lang='grc' dir='ltr'>μὲν</span> <span class='ocrx_word' id='word_1_12' title='bbox 1578 527 1677 582; x_wconf 83' lang='grc' dir='ltr'>οὐκ</span> <span class='ocrx_word' id='word_1_13' title='bbox 1735 523 2241 600; x_wconf 76' lang='grc' dir='ltr'>ούρανό-Ανύκτα</span> <span class='ocrx_word' id='word_1_14' title='bbox 2266 532 2440 580; x_wconf 81' lang='grc' dir='ltr'>πᾶσαν</span> <span class='ocrx_word' id='word_1_15' title='bbox 2493 527 2628 602; x_wconf 89' lang='grc' dir='ltr'>πρός</span> <span class='ocrx_word' id='word_1_16' title='bbox 2675 549 2735 582; x_wconf 84' lang='grc' dir='ltr'><strong>τε</strong></span> <span class='ocrx_word' id='word_1_17' title='bbox 2789 533 2936 600; x_wconf 79' lang='grc' dir='ltr'>κῦμα</span> <span class='ocrx_word' id='word_1_18' title='bbox 2991 528 3127 602; x_wconf 83' lang='grc' dir='ltr'>πρός</span> <span class='ocrx_word' id='word_1_19' title='bbox 3177 549 3235 582; x_wconf 91' lang='grc' dir='ltr'><strong>τε</strong></span> <span class='ocrx_word' id='word_1_20' title='bbox 3289 527 3562 582; x_wconf 82' lang='grc' dir='ltr'>θάλασσαν</span> <span class='ocrx_word' id='word_1_21' title='bbox 3624 523 3732 580; x_wconf 82' lang='grc' dir='ltr'>δια-</span> 
     </span>
    </p>
   </div>
   <div class='ocr_carea' id='block_1_5' title="bbox 318 615 1978 691">
    <p class='ocr_par' dir='ltr' id='par_1_5' title="bbox 318 615 1978 691">
     <span class='ocr_line' id='line_1_5' title="bbox 318 615 1978 691; baseline -0.001 -21"><span class='ocrx_word' id='word_1_22' title='bbox 318 625 405 678; x_wconf 81' lang='grc' dir='ltr'><strong>θεν</strong></span> <span class='ocrx_word' id='word_1_23' title='bbox 439 615 663 691; x_wconf 86' lang='grc' dir='ltr'>ἀρώρει,</span> <span class='ocrx_word' id='word_1_24' title='bbox 696 616 822 672; x_wconf 85' lang='grc' dir='ltr'>ἀλλ’</span> <span class='ocrx_word' id='word_1_25' title='bbox 853 617 922 685; x_wconf 73' lang='grc' dir='ltr'><strong>ἦν</strong></span> <span class='ocrx_word' id='word_1_26' title='bbox 989 623 1108 681; x_wconf 85' lang='grc' dir='ltr'>ταῖς</span> <span class='ocrx_word' id='word_1_27' title='bbox 1167 616 1452 687; x_wconf 75' lang='grc' dir='ltr'>ἀληθείαις</span> <span class='ocrx_word' id='word_1_28' title='bbox 1510 617 1599 689; x_wconf 76' lang='grc' dir='ltr'>νύξ</span> <span class='ocrx_word' id='word_1_29' title='bbox 1632 619 1666 685; x_wconf 79' lang='grc' dir='ltr'>ἡ</span> <span class='ocrx_word' id='word_1_30' title='bbox 1704 616 1830 670; x_wconf 87' lang='grc' dir='ltr'><strong>σκιά</strong></span> <span class='ocrx_word' id='word_1_31' title='bbox 1875 622 1978 691; x_wconf 81' lang='grc' dir='ltr'><strong>γῆς</strong></span> 
     </span>
    </p>
   </div>
   <div class='ocr_carea' id='block_1_6' title="bbox 317 703 1978 780">
    <p class='ocr_par' dir='ltr' id='par_1_6' title="bbox 317 703 1978 780">
     <span class='ocr_line' id='line_1_6' title="bbox 317 703 1978 780; baseline 0.001 -22"><span class='ocrx_word' id='word_1_32' title='bbox 317 705 407 759; x_wconf 74' lang='grc' dir='ltr'><strong>καὶ</strong></span> <span class='ocrx_word' id='word_1_33' title='bbox 440 707 695 775; x_wconf 71' lang='grc' dir='ltr'>συνήθης.</span> <span class='ocrx_word' id='word_1_34' title='bbox 725 703 870 774; x_wconf 72' lang='grc' dir='ltr'>πλὴν</span> <span class='ocrx_word' id='word_1_35' title='bbox 906 705 1170 776; x_wconf 82' lang='grc' dir='ltr'>ἀσέληνός</span> <span class='ocrx_word' id='word_1_36' title='bbox 1209 727 1268 760; x_wconf 85' lang='grc' dir='ltr'><strong>τε</strong></span> <span class='ocrx_word' id='word_1_37' title='bbox 1297 706 1387 760; x_wconf 72' lang='grc' dir='ltr'>καὶ</span> <span class='ocrx_word' id='word_1_38' title='bbox 1425 703 1689 780; x_wconf 78' lang='grc' dir='ltr'>ἀλαμπὴς</span> <span class='ocrx_word' id='word_1_39' title='bbox 1738 705 1787 777; x_wconf 80' lang='grc' dir='ltr'>ἐξ</span> <span class='ocrx_word' id='word_1_40' title='bbox 1821 703 1978 760; x_wconf 80' lang='grc' dir='ltr'>ἀστέ-</span> 
     </span>
    </p>
   </div>
   <div class='ocr_carea' id='block_1_7' title="bbox 320 792 1976 870">
    <p class='ocr_par' dir='ltr' id='par_1_7' title="bbox 320 792 1976 870">
     <span class='ocr_line' id='line_1_7' title="bbox 320 792 1976 870; baseline 0 -23"><span class='ocrx_word' id='word_1_41' title='bbox 320 814 451 868; x_wconf 84' lang='grc' dir='ltr'>ρων.</span> <span class='ocrx_word' id='word_1_42' title='bbox 497 795 560 850; x_wconf 86' lang='grc' dir='ltr'>Ἡ</span> <span class='ocrx_word' id='word_1_43' title='bbox 620 792 677 848; x_wconf 73' lang='grc' dir='ltr'>δὲ</span> <span class='ocrx_word' id='word_1_44' title='bbox 732 799 829 848; x_wconf 74' lang='grc' dir='ltr'><strong>τοῦ</strong></span> <span class='ocrx_word' id='word_1_45' title='bbox 889 795 1042 869; x_wconf 89' lang='grc' dir='ltr'>ἀέρος</span> <span class='ocrx_word' id='word_1_46' title='bbox 1095 797 1390 850; x_wconf 86' lang='grc' dir='ltr'>ἀκαστασία</span> <span class='ocrx_word' id='word_1_47' title='bbox 1445 796 1536 850; x_wconf 84' lang='grc' dir='ltr'><strong>καὶ</strong></span> <span class='ocrx_word' id='word_1_48' title='bbox 1597 796 1856 870; x_wconf 85' lang='grc' dir='ltr'>σύγχυσις</span> <span class='ocrx_word' id='word_1_49' title='bbox 1913 795 1976 848; x_wconf 86' lang='grc' dir='ltr'>τὸ</span> 
     </span>
    </p>
   </div>
   <div class='ocr_carea' id='block_1_8' title="bbox 319 879 1976 960">
    <p class='ocr_par' dir='ltr' id='par_1_8' title="bbox 319 879 1976 960">
     <span class='ocr_line' id='line_1_8' title="bbox 319 879 1976 960; baseline 0 -23"><span class='ocrx_word' id='word_1_50' title='bbox 319 879 492 938; x_wconf 86' lang='grc' dir='ltr'>δεινὸν</span> <span class='ocrx_word' id='word_1_51' title='bbox 537 883 800 954; x_wconf 80' lang='grc' dir='ltr'>ἐπηύξανε</span> <span class='ocrx_word' id='word_1_52' title='bbox 848 891 949 953; x_wconf 87' lang='grc' dir='ltr'><strong>τῆς</strong></span> <span class='ocrx_word' id='word_1_53' title='bbox 1004 883 1298 955; x_wconf 72' lang='grc' dir='ltr'><strong>Θαλάσσης,</strong></span> <span class='ocrx_word' id='word_1_54' title='bbox 1358 885 1447 940; x_wconf 78' lang='grc' dir='ltr'><strong>καὶ</strong></span> <span class='ocrx_word' id='word_1_55' title='bbox 1507 882 1681 946; x_wconf 79' lang='grc' dir='ltr'>δεινὸς</span> <span class='ocrx_word' id='word_1_56' title='bbox 1739 884 1976 960; x_wconf 63' lang='grc' dir='ltr'>ἐφῆπται</span> 
     </span>
    </p>
   </div>
   <div class='ocr_carea' id='block_1_9' title="bbox 314 969 1974 1049">
    <p class='ocr_par' dir='ltr' id='par_1_9' title="bbox 314 969 1974 1049">
     <span class='ocr_line' id='line_1_9' title="bbox 314 969 1974 1049; baseline 0.001 -23"><span class='ocrx_word' id='word_1_57' title='bbox 314 976 434 1034; x_wconf 83' lang='grc' dir='ltr'>τοῖς</span> <span class='ocrx_word' id='word_1_58' title='bbox 491 969 719 1026; x_wconf 87' lang='grc' dir='ltr'>πλέουσι</span> <span class='ocrx_word' id='word_1_59' title='bbox 772 969 1042 1036; x_wconf 82' lang='grc' dir='ltr'>κίνδυνος.</span> <span class='ocrx_word' id='word_1_60' title='bbox 1105 979 1326 1048; x_wconf 81' lang='grc' dir='ltr'>Πρῶτον</span> <span class='ocrx_word' id='word_1_61' title='bbox 1391 975 1485 1046; x_wconf 73' lang='grc' dir='ltr'>μὲν</span> <span class='ocrx_word' id='word_1_62' title='bbox 1547 971 1637 1028; x_wconf 77' lang='grc' dir='ltr'>οὖν</span> <span class='ocrx_word' id='word_1_63' title='bbox 1697 971 1910 1049; x_wconf 76' lang='grc' dir='ltr'>διέσχεν</span> <span class='ocrx_word' id='word_1_64' title='bbox 1947 975 1974 1027; x_wconf 89' lang='grc' dir='ltr'>ὁ</span> 
     </span>
    </p>
   </div>
   <div class='ocr_carea' id='block_1_10' title="bbox 315 1057 1978 1132">
    <p class='ocr_par' dir='ltr' id='par_1_10' title="bbox 315 1057 1978 1132">
     <span class='ocr_line' id='line_1_10' title="bbox 315 1057 1978 1132; baseline 0.001 -18"><span class='ocrx_word' id='word_1_65' title='bbox 315 1057 535 1116; x_wconf 80' lang='grc' dir='ltr'>κλύδων</span> <span class='ocrx_word' id='word_1_66' title='bbox 563 1059 658 1124; x_wconf 90' lang='grc' dir='ltr'><strong>τάς</strong></span> <span class='ocrx_word' id='word_1_67' title='bbox 697 1067 824 1124; x_wconf 80' lang='grc' dir='ltr'>ναῦς</span> <span class='ocrx_word' id='word_1_68' title='bbox 857 1063 946 1116; x_wconf 89' lang='grc' dir='ltr'>ἀπ’</span> <span class='ocrx_word' id='word_1_69' title='bbox 1001 1061 1290 1132; x_wconf 79' lang='grc' dir='ltr'>ἀλλήλων,</span> <span class='ocrx_word' id='word_1_70' title='bbox 1323 1062 1412 1118; x_wconf 84' lang='grc' dir='ltr'><strong>καὶ</strong></span> <span class='ocrx_word' id='word_1_71' title='bbox 1461 1064 1514 1118; x_wconf 75' lang='grc' dir='ltr'>οἱ</span> <span class='ocrx_word' id='word_1_72' title='bbox 1559 1062 1613 1118; x_wconf 89' lang='grc' dir='ltr'><strong>ἐν</strong></span> <span class='ocrx_word' id='word_1_73' title='bbox 1661 1063 1846 1124; x_wconf 78' lang='grc' dir='ltr'>αὐταῖς</span> <span class='ocrx_word' id='word_1_74' title='bbox 1878 1062 1978 1116; x_wconf 83' lang='grc' dir='ltr'><strong>οὐκ</strong></span> 
     </span>
    </p>
   </div>
   <div class='ocr_carea' id='block_1_11' title="bbox 313 1147 1973 1227">
    <p class='ocr_par' dir='ltr' id='par_1_11' title="bbox 313 1147 1973 1227">
     <span class='ocr_line' id='line_1_11' title="bbox 313 1147 1973 1227; baseline 0.001 -23"><span class='ocrx_word' id='word_1_75' title='bbox 313 1150 463 1224; x_wconf 70' lang='grc' dir='ltr'>εἶχον</span> <span class='ocrx_word' id='word_1_76' title='bbox 503 1147 697 1205; x_wconf 80' lang='grc' dir='ltr'>εἰδέναι</span> <span class='ocrx_word' id='word_1_77' title='bbox 748 1155 854 1205; x_wconf 78' lang='grc' dir='ltr'><strong>ποῦ</strong></span> <span class='ocrx_word' id='word_1_78' title='bbox 913 1149 1165 1227; x_wconf 73' lang='grc' dir='ltr'>προΐασιν</span> <span class='ocrx_word' id='word_1_79' title='bbox 1227 1149 1339 1224; x_wconf 75' lang='grc' dir='ltr'><strong>ἅμα</strong></span> <span class='ocrx_word' id='word_1_80' title='bbox 1397 1152 1663 1226; x_wconf 65' lang='grc' dir='ltr'>ἑκάτερον</span> <span class='ocrx_word' id='word_1_81' title='bbox 1725 1149 1973 1206; x_wconf 83' lang='grc' dir='ltr'>ἐνέδοσαν</span> 
     </span>
    </p>
   </div>
   <div class='ocr_carea' id='block_1_12' title="bbox 308 1237 1976 1318">
    <p class='ocr_par' dir='ltr' id='par_1_12' title="bbox 308 1237 1976 1318">
     <span class='ocr_line' id='line_1_12' title="bbox 308 1237 1976 1318; baseline 0.001 -26"><span class='ocrx_word' id='word_1_82' title='bbox 308 1239 412 1314; x_wconf 75' lang='grc' dir='ltr'><strong>γὰρ</strong></span> <span class='ocrx_word' id='word_1_83' title='bbox 437 1243 514 1311; x_wconf 82' lang='grc' dir='ltr'>τῷ</span> <span class='ocrx_word' id='word_1_84' title='bbox 554 1238 755 1313; x_wconf 87' lang='grc' dir='ltr'>κύματι</span> <span class='ocrx_word' id='word_1_85' title='bbox 815 1237 1067 1318; x_wconf 72' lang='grc' dir='ltr'>σφοδρῶς</span> <span class='ocrx_word' id='word_1_86' title='bbox 1110 1238 1548 1317; x_wconf 75' lang='grc' dir='ltr'>πλημμυροῦντι</span> <span class='ocrx_word' id='word_1_87' title='bbox 1608 1239 1745 1296; x_wconf 81' lang='grc' dir='ltr'>ὅπου</span> <span class='ocrx_word' id='word_1_88' title='bbox 1805 1261 1976 1316; x_wconf 86' lang='grc' dir='ltr'>προσ-</span> 
     </span>
    </p>
   </div>
   <div class='ocr_carea' id='block_1_13' title="bbox 311 1327 1970 1407">
    <p class='ocr_par' dir='ltr' id='par_1_13' title="bbox 311 1327 1970 1407">
     <span class='ocr_line' id='line_1_13' title="bbox 311 1327 1970 1407; baseline 0.002 -27"><span class='ocrx_word' id='word_1_89' title='bbox 311 1327 555 1402; x_wconf 86' lang='grc' dir='ltr'>αράσσων</span> <span class='ocrx_word' id='word_1_90' title='bbox 590 1328 792 1403; x_wconf 88' lang='grc' dir='ltr'>ἀγρίως</span> <span class='ocrx_word' id='word_1_91' title='bbox 841 1328 934 1384; x_wconf 83' lang='grc' dir='ltr'><strong>καὶ</strong></span> <span class='ocrx_word' id='word_1_92' title='bbox 987 1329 1162 1407; x_wconf 70' lang='grc' dir='ltr'>φέροι.</span> <span class='ocrx_word' id='word_1_93' title='bbox 1218 1331 1378 1394; x_wconf 76' lang='grc' dir='ltr'>’Ὀθεν</span> <span class='ocrx_word' id='word_1_94' title='bbox 1437 1331 1526 1385; x_wconf 80' lang='grc' dir='ltr'><strong>καὶ</strong></span> <span class='ocrx_word' id='word_1_95' title='bbox 1588 1331 1640 1384; x_wconf 74' lang='grc' dir='ltr'>οἱ</span> <span class='ocrx_word' id='word_1_96' title='bbox 1698 1329 1822 1406; x_wconf 84' lang='grc' dir='ltr'>περὶ</span> <span class='ocrx_word' id='word_1_97' title='bbox 1879 1331 1970 1384; x_wconf 84' lang='grc' dir='ltr'><strong>τὸν</strong></span> 
     </span>
    </p>
   </div>
   <div class='ocr_carea' id='block_1_14' title="bbox 311 1417 1974 1494">
    <p class='ocr_par' dir='ltr' id='par_1_14' title="bbox 311 1417 1974 1494">
     <span class='ocr_line' id='line_1_14' title="bbox 311 1417 1974 1494; baseline 0.001 -24"><span class='ocrx_word' id='word_1_98' title='bbox 311 1417 585 1491; x_wconf 83' lang='grc' dir='ltr'>Γερμανὸν</span> <span class='ocrx_word' id='word_1_99' title='bbox 616 1417 706 1472; x_wconf 84' lang='grc' dir='ltr'><strong>καὶ</strong></span> <span class='ocrx_word' id='word_1_100' title='bbox 735 1419 825 1473; x_wconf 89' lang='grc' dir='ltr'>τὸν</span> <span class='ocrx_word' id='word_1_101' title='bbox 864 1420 1029 1493; x_wconf 83' lang='grc' dir='ltr'>μέγαν</span> <span class='ocrx_word' id='word_1_102' title='bbox 1091 1417 1388 1493; x_wconf 81' lang='grc' dir='ltr'>λογοοέτην</span> <span class='ocrx_word' id='word_1_103' title='bbox 1450 1419 1687 1474; x_wconf 77' lang='grc' dir='ltr'>ἀνώθουν</span> <span class='ocrx_word' id='word_1_104' title='bbox 1748 1441 1806 1473; x_wconf 86' lang='grc' dir='ltr'><strong>τε</strong></span> <span class='ocrx_word' id='word_1_105' title='bbox 1836 1419 1974 1494; x_wconf 76' lang='grc' dir='ltr'>πρὸς</span> 
     </span>
    </p>
   </div>
   <div class='ocr_carea' id='block_1_15' title="bbox 310 1504 1967 1583">
    <p class='ocr_par' dir='ltr' id='par_1_15' title="bbox 310 1504 1967 1583">
     <span class='ocr_line' id='line_1_15' title="bbox 310 1504 1967 1583; baseline 0.002 -23"><span class='ocrx_word' id='word_1_106' title='bbox 310 1504 552 1581; x_wconf 85' lang='grc' dir='ltr'>πέλαγος</span> <span class='ocrx_word' id='word_1_107' title='bbox 609 1509 708 1576; x_wconf 66' lang='grc' dir='ltr'>τὴν</span> <span class='ocrx_word' id='word_1_108' title='bbox 789 1510 990 1582; x_wconf 73' lang='grc' dir='ltr'>τριήρη</span> <span class='ocrx_word' id='word_1_109' title='bbox 1057 1509 1147 1562; x_wconf 84' lang='grc' dir='ltr'><strong>καὶ</strong></span> <span class='ocrx_word' id='word_1_110' title='bbox 1209 1508 1540 1583; x_wconf 79' lang='grc' dir='ltr'>ἐξουρίαζον,</span> <span class='ocrx_word' id='word_1_111' title='bbox 1601 1514 1680 1581; x_wconf 81' lang='grc' dir='ltr'>τῷ</span> <span class='ocrx_word' id='word_1_112' title='bbox 1734 1508 1967 1583; x_wconf 78' lang='grc' dir='ltr'><strong>πελάγει</strong></span> 
     </span>
    </p>
   </div>
   <div class='ocr_carea' id='block_1_16' title="bbox 313 1595 1970 1671">
    <p class='ocr_par' dir='ltr' id='par_1_16' title="bbox 313 1595 1970 1671">
     <span class='ocr_line' id='line_1_16' title="bbox 313 1595 1970 1671; baseline 0.001 -23"><span class='ocrx_word' id='word_1_113' title='bbox 313 1595 694 1656; x_wconf 74' lang='grc' dir='ltr'><strong>πιστεύσαντες</strong></span> <span class='ocrx_word' id='word_1_114' title='bbox 725 1595 1045 1671; x_wconf 74' lang='grc' dir='ltr'>οπφιῦτερον</span> <span class='ocrx_word' id='word_1_115' title='bbox 1147 1597 1282 1652; x_wconf 82' lang='grc' dir='ltr'>κατᾶ</span> <span class='ocrx_word' id='word_1_116' title='bbox 1337 1597 1464 1660; x_wconf 81' lang='grc' dir='ltr'>τοὺς</span> <span class='ocrx_word' id='word_1_117' title='bbox 1498 1596 1752 1659; x_wconf 86' lang='grc' dir='ltr'>λοιπούς.</span> <span class='ocrx_word' id='word_1_118' title='bbox 1784 1599 1970 1654; x_wconf 84' lang='grc' dir='ltr'>Ἐκεῖ-</span> 
     </span>
    </p>
   </div>
   <div class='ocr_carea' id='block_1_17' title="bbox 316 1683 1970 1760">
    <p class='ocr_par' dir='ltr' id='par_1_17' title="bbox 316 1683 1970 1760">
     <span class='ocr_line' id='line_1_17' title="bbox 316 1683 1970 1760; baseline 0.001 -22"><span class='ocrx_word' id='word_1_119' title='bbox 316 1683 529 1759; x_wconf 88' lang='grc' dir='ltr'>νοιγάρ</span> <span class='ocrx_word' id='word_1_120' title='bbox 593 1687 1109 1760; x_wconf 74' lang='grc' dir='ltr'>μικροψυχήσαντες</span> <span class='ocrx_word' id='word_1_121' title='bbox 1164 1684 1254 1741; x_wconf 84' lang='grc' dir='ltr'><strong>διά</strong></span> <span class='ocrx_word' id='word_1_122' title='bbox 1309 1688 1399 1740; x_wconf 85' lang='grc' dir='ltr'>τὸν</span> <span class='ocrx_word' id='word_1_123' title='bbox 1456 1684 1726 1758; x_wconf 89' lang='grc' dir='ltr'>κίνδυνον,</span> <span class='ocrx_word' id='word_1_124' title='bbox 1785 1689 1871 1740; x_wconf 78' lang='grc' dir='ltr'>καὶ</span> <span class='ocrx_word' id='word_1_125' title='bbox 1905 1690 1970 1759; x_wconf 80' lang='grc' dir='ltr'><strong>τῇ</strong></span> 
     </span>
    </p>
   </div>
   <div class='ocr_carea' id='block_1_18' title="bbox 317 1770 1971 1848">
    <p class='ocr_par' dir='ltr' id='par_1_18' title="bbox 317 1770 1971 1848">
     <span class='ocr_line' id='line_1_18' title="bbox 317 1770 1971 1848; baseline 0.002 -23"><span class='ocrx_word' id='word_1_126' title='bbox 317 1773 454 1843; x_wconf 80' lang='grc' dir='ltr'>ξηρᾷ</span> <span class='ocrx_word' id='word_1_127' title='bbox 512 1772 672 1846; x_wconf 81' lang='grc' dir='ltr'>ἐγγὺς</span> <span class='ocrx_word' id='word_1_128' title='bbox 733 1770 864 1846; x_wconf 76' lang='grc' dir='ltr'>οὕσῃ</span> <span class='ocrx_word' id='word_1_129' title='bbox 912 1772 1225 1844; x_wconf 80' lang='grc' dir='ltr'>ἐλπίζοντες</span> <span class='ocrx_word' id='word_1_130' title='bbox 1283 1777 1618 1846; x_wconf 70' lang='grc' dir='ltr'>σωθήσεσθαι</span> <span class='ocrx_word' id='word_1_131' title='bbox 1679 1775 1727 1830; x_wconf 75' lang='grc' dir='ltr'><strong>εἷ’</strong></span> <span class='ocrx_word' id='word_1_132' title='bbox 1789 1775 1971 1848; x_wconf 87' lang='grc' dir='ltr'>λιμένι</span> 
     </span>
    </p>
   </div>
   <div class='ocr_carea' id='block_1_19' title="bbox 2083 613 3741 690">
    <p class='ocr_par' dir='ltr' id='par_1_19' title="bbox 2083 613 3741 690">
     <span class='ocr_line' id='line_1_19' title="bbox 2083 613 3741 690; baseline 0.001 -22"><span class='ocrx_word' id='word_1_133' title='bbox 2083 620 2519 690; x_wconf 73' lang='grc' dir='ltr'><strong>ναυμαχοῦντες,</strong></span> <span class='ocrx_word' id='word_1_134' title='bbox 2551 616 2641 671; x_wconf 87' lang='grc' dir='ltr'><strong>καὶ</strong></span> <span class='ocrx_word' id='word_1_135' title='bbox 2697 615 2970 678; x_wconf 78' lang='grc' dir='ltr'>πολλάκις</span> <span class='ocrx_word' id='word_1_136' title='bbox 3005 616 3159 690; x_wconf 80' lang='grc' dir='ltr'>ἐγγὺς</span> <span class='ocrx_word' id='word_1_137' title='bbox 3208 613 3458 680; x_wconf 83' lang='grc' dir='ltr'>ἐλθόντες</span> <span class='ocrx_word' id='word_1_138' title='bbox 3509 620 3609 669; x_wconf 75' lang='grc' dir='ltr'>τοῦ</span> <span class='ocrx_word' id='word_1_139' title='bbox 3639 636 3741 669; x_wconf 86' lang='grc' dir='ltr'>κα-</span> 
     </span>
    </p>
   </div>
   <div class='ocr_carea' id='block_1_20' title="bbox 2083 701 3746 781">
    <p class='ocr_par' dir='ltr' id='par_1_20' title="bbox 2083 701 3746 781">
     <span class='ocr_line' id='line_1_20' title="bbox 2083 701 3746 781; baseline -0.001 -23"><span class='ocrx_word' id='word_1_140' title='bbox 2083 701 2348 776; x_wconf 79' lang='grc' dir='ltr'>ταδῦναι,</span> <span class='ocrx_word' id='word_1_141' title='bbox 2413 705 2577 776; x_wconf 82' lang='grc' dir='ltr'>μόλις</span> <span class='ocrx_word' id='word_1_142' title='bbox 2634 706 2724 760; x_wconf 78' lang='grc' dir='ltr'><strong>καὶ</strong></span> <span class='ocrx_word' id='word_1_143' title='bbox 2776 706 2866 759; x_wconf 72' lang='grc' dir='ltr'>σὺν</span> <span class='ocrx_word' id='word_1_144' title='bbox 2931 706 3118 780; x_wconf 72' lang='grc' dir='ltr'>πολλῇ</span> <span class='ocrx_word' id='word_1_145' title='bbox 3187 706 3276 781; x_wconf 74' lang='grc' dir='ltr'>βία</span> <span class='ocrx_word' id='word_1_146' title='bbox 3328 703 3746 778; x_wconf 78' lang='grc' dir='ltr'>ύπαυγαζούσης</span> 
     </span>
    </p>
   </div>
   <div class='ocr_carea' id='block_1_21' title="bbox 2086 791 3744 870">
    <p class='ocr_par' dir='ltr' id='par_1_21' title="bbox 2086 791 3744 870">
     <span class='ocr_line' id='line_1_21' title="bbox 2086 791 3744 870; baseline -0.001 -22"><span class='ocrx_word' id='word_1_147' title='bbox 2086 795 2297 868; x_wconf 76' lang='grc' dir='ltr'>ἡμέρας</span> <span class='ocrx_word' id='word_1_148' title='bbox 2353 797 2489 868; x_wconf 74' lang='grc' dir='ltr'>πρὸς</span> <span class='ocrx_word' id='word_1_149' title='bbox 2546 796 2810 866; x_wconf 76' lang='grc' dir='ltr'><strong>Μεθώνην</strong></span> <span class='ocrx_word' id='word_1_150' title='bbox 2866 797 3127 870; x_wconf 79' lang='grc' dir='ltr'>γίνονται,</span> <span class='ocrx_word' id='word_1_151' title='bbox 3192 796 3349 870; x_wconf 83' lang='grc' dir='ltr'>μόγις</span> <span class='ocrx_word' id='word_1_152' title='bbox 3408 791 3744 868; x_wconf 76' lang='grc' dir='ltr'>ἀποδράντες</span> 
     </span>
    </p>
   </div>
   <div class='ocr_carea' id='block_1_22' title="bbox 2084 882 3752 958">
    <p class='ocr_par' dir='ltr' id='par_1_22' title="bbox 2084 882 3752 958">
     <span class='ocr_line' id='line_1_22' title="bbox 2084 882 3752 958; baseline -0.001 -22"><span class='ocrx_word' id='word_1_153' title='bbox 2084 885 2210 958; x_wconf 82' lang='grc' dir='ltr'>παρ’</span> <span class='ocrx_word' id='word_1_154' title='bbox 2270 882 2466 939; x_wconf 85' lang='grc' dir='ltr'>ἐλπίδα</span> <span class='ocrx_word' id='word_1_155' title='bbox 2522 892 2693 940; x_wconf 74' lang='grc' dir='ltr'>πᾶσαν</span> <span class='ocrx_word' id='word_1_156' title='bbox 2744 886 2836 940; x_wconf 85' lang='grc' dir='ltr'>τὸν</span> <span class='ocrx_word' id='word_1_157' title='bbox 2884 885 3158 958; x_wconf 69' lang='grc' dir='ltr'>ἐφεστῶτα</span> <span class='ocrx_word' id='word_1_158' title='bbox 3207 883 3474 938; x_wconf 83' lang='grc' dir='ltr'>κίνδυνον.</span> <span class='ocrx_word' id='word_1_159' title='bbox 3539 884 3752 937; x_wconf 85' lang='grc' dir='ltr'>Ἐκεῖσε</span> 
     </span>
    </p>
   </div>
   <div class='ocr_carea' id='block_1_23' title="bbox 2087 970 3752 1051">
    <p class='ocr_par' dir='ltr' id='par_1_23' title="bbox 2087 970 3752 1051">
     <span class='ocr_line' id='line_1_23' title="bbox 2087 970 3752 1051; baseline 0.001 -26"><span class='ocrx_word' id='word_1_160' title='bbox 2087 970 2132 1025; x_wconf 89' lang='grc' dir='ltr'>δ’</span> <span class='ocrx_word' id='word_1_161' title='bbox 2192 973 2470 1036; x_wconf 87' lang='grc' dir='ltr'>ἀνέσαντες</span> <span class='ocrx_word' id='word_1_162' title='bbox 2525 977 2736 1049; x_wconf 76' lang='grc' dir='ltr'>ἡμέρας</span> <span class='ocrx_word' id='word_1_163' title='bbox 2795 973 3022 1035; x_wconf 78' lang='grc' dir='ltr'>πλείους</span> <span class='ocrx_word' id='word_1_164' title='bbox 3079 973 3238 1051; x_wconf 69' lang='grc' dir='ltr'>ἐφίἶ)</span> <span class='ocrx_word' id='word_1_165' title='bbox 3274 977 3463 1046; x_wconf 85' lang='grc' dir='ltr'>μαθεῖν</span> <span class='ocrx_word' id='word_1_166' title='bbox 3521 973 3586 1027; x_wconf 76' lang='grc' dir='ltr'><strong>τά</strong></span> <span class='ocrx_word' id='word_1_167' title='bbox 3647 979 3752 1041; x_wconf 78' lang='grc' dir='ltr'><strong>τῆς</strong></span> 
     </span>
    </p>
   </div>
   <div class='ocr_carea' id='block_1_24' title="bbox 2086 1058 3748 1136">
    <p class='ocr_par' dir='ltr' id='par_1_24' title="bbox 2086 1058 3748 1136">
     <span class='ocr_line' id='line_1_24' title="bbox 2086 1058 3748 1136; baseline -0.001 -20"><span class='ocrx_word' id='word_1_168' title='bbox 2086 1059 2265 1132; x_wconf 78' lang='grc' dir='ltr'>ἄλλης</span> <span class='ocrx_word' id='word_1_169' title='bbox 2295 1065 2565 1136; x_wconf 72' lang='grc' dir='ltr'>τριήρεως</span> <span class='ocrx_word' id='word_1_170' title='bbox 2612 1066 2685 1136; x_wconf 83' lang='grc' dir='ltr'>[Ρ.</span> <span class='ocrx_word' id='word_1_171' title='bbox 2743 1066 2868 1136; x_wconf 81' lang='grc'>270]</span> <span class='ocrx_word' id='word_1_172' title='bbox 2902 1061 2954 1117; x_wconf 73' lang='grc' dir='ltr'><strong>εἶ’</strong></span> <span class='ocrx_word' id='word_1_173' title='bbox 2977 1084 3082 1117; x_wconf 89' lang='grc' dir='ltr'><strong>που</strong></span> <span class='ocrx_word' id='word_1_174' title='bbox 3138 1067 3234 1118; x_wconf 68' lang='grc' dir='ltr'><strong>τοῦ</strong></span> <span class='ocrx_word' id='word_1_175' title='bbox 3286 1059 3570 1123; x_wconf 79' lang='grc' dir='ltr'>κλύδωνος</span> <span class='ocrx_word' id='word_1_176' title='bbox 3621 1058 3748 1115; x_wconf 85' lang='grc' dir='ltr'>δια-</span> 
     </span>
    </p>
   </div>
   <div class='ocr_carea' id='block_1_25' title="bbox 2082 1149 3748 1226">
    <p class='ocr_par' dir='ltr' id='par_1_25' title="bbox 2082 1149 3748 1226">
     <span class='ocr_line' id='line_1_25' title="bbox 2082 1149 3748 1226; baseline 0.001 -23"><span class='ocrx_word' id='word_1_177' title='bbox 2082 1152 2338 1225; x_wconf 83' lang='grc' dir='ltr'>γένοιτο,</span> <span class='ocrx_word' id='word_1_178' title='bbox 2399 1152 2450 1205; x_wconf 83' lang='grc' dir='ltr'><strong>έν</strong></span> <span class='ocrx_word' id='word_1_179' title='bbox 2510 1150 2720 1222; x_wconf 76' lang='grc' dir='ltr'>εῗδήσει</span> <span class='ocrx_word' id='word_1_180' title='bbox 2779 1153 3019 1226; x_wconf 83' lang='grc' dir='ltr'>γίνονται</span> <span class='ocrx_word' id='word_1_181' title='bbox 3073 1159 3172 1221; x_wconf 77' lang='grc' dir='ltr'><strong>τῆς</strong></span> <span class='ocrx_word' id='word_1_182' title='bbox 3232 1158 3430 1225; x_wconf 70' lang='grc' dir='ltr'>πικρᾶς</span> <span class='ocrx_word' id='word_1_183' title='bbox 3488 1149 3748 1226; x_wconf 86' lang='grc' dir='ltr'>ἀγγελίας</span> 
     </span>
    </p>
   </div>
   <div class='ocr_carea' id='block_1_26' title="bbox 2089 1237 3747 1318">
    <p class='ocr_par' dir='ltr' id='par_1_26' title="bbox 2089 1237 3747 1318">
     <span class='ocr_line' id='line_1_26' title="bbox 2089 1237 3747 1318; baseline 0 -24"><span class='ocrx_word' id='word_1_184' title='bbox 2089 1242 2203 1312; x_wconf 88' lang='grc' dir='ltr'>μετ’</span> <span class='ocrx_word' id='word_1_185' title='bbox 2235 1240 2296 1295; x_wconf 88' lang='grc' dir='ltr'><strong>ού</strong></span> <span class='ocrx_word' id='word_1_186' title='bbox 2326 1240 2492 1298; x_wconf 88' lang='grc' dir='ltr'>πολύ.</span> <span class='ocrx_word' id='word_1_187' title='bbox 2527 1242 2594 1299; x_wconf 73' lang='grc' dir='ltr'>Ο’ί</span> <span class='ocrx_word' id='word_1_188' title='bbox 2625 1241 2690 1308; x_wconf 79' lang='grc' dir='ltr'>δὴ</span> <span class='ocrx_word' id='word_1_189' title='bbox 2736 1243 2825 1296; x_wconf 76' lang='grc' dir='ltr'><strong>καὶ</strong></span> <span class='ocrx_word' id='word_1_190' title='bbox 2881 1237 3038 1314; x_wconf 87' lang='grc' dir='ltr'>μόνοι</span> <span class='ocrx_word' id='word_1_191' title='bbox 3091 1240 3420 1318; x_wconf 71' lang='grc' dir='ltr'>λειφθέντες,</span> <span class='ocrx_word' id='word_1_192' title='bbox 3481 1240 3597 1295; x_wconf 77' lang='grc' dir='ltr'>ἐπεὶ</span> <span class='ocrx_word' id='word_1_193' title='bbox 3644 1241 3747 1294; x_wconf 87' lang='grc' dir='ltr'><strong>ούκ</strong></span> 
     </span>
    </p>
   </div>
   <div class='ocr_carea' id='block_1_27' title="bbox 2081 1326 3749 1407">
    <p class='ocr_par' dir='ltr' id='par_1_27' title="bbox 2081 1326 3749 1407">
     <span class='ocr_line' id='line_1_27' title="bbox 2081 1326 3749 1407; baseline -0.001 -24"><span class='ocrx_word' id='word_1_194' title='bbox 2081 1333 2147 1398; x_wconf 73' lang='grc' dir='ltr'>ἦν</span> <span class='ocrx_word' id='word_1_195' title='bbox 2185 1332 2560 1407; x_wconf 74' lang='grc' dir='ltr'>ὑποστρέφειν,</span> <span class='ocrx_word' id='word_1_196' title='bbox 2591 1337 2708 1393; x_wconf 84' lang='grc' dir='ltr'>τοῖς</span> <span class='ocrx_word' id='word_1_197' title='bbox 2749 1331 2937 1404; x_wconf 86' lang='grc' dir='ltr'>πρόσω</span> <span class='ocrx_word' id='word_1_198' title='bbox 2988 1326 3421 1403; x_wconf 75' lang='grc' dir='ltr'>ἐπιϐαλλόμενοι</span> <span class='ocrx_word' id='word_1_199' title='bbox 3471 1331 3610 1405; x_wconf 87' lang='grc' dir='ltr'>πρὸς</span> <span class='ocrx_word' id='word_1_200' title='bbox 3644 1331 3749 1397; x_wconf 78' lang='grc' dir='ltr'><strong>τήν</strong></span> 
     </span>
    </p>
   </div>
   <div class='ocr_carea' id='block_1_28' title="bbox 2083 1417 3749 1494">
    <p class='ocr_par' dir='ltr' id='par_1_28' title="bbox 2083 1417 3749 1494">
     <span class='ocr_line' id='line_1_28' title="bbox 2083 1417 3749 1494; baseline -0.002 -18"><span class='ocrx_word' id='word_1_201' title='bbox 2083 1421 2304 1492; x_wconf 76' lang='grc' dir='ltr'>Ῥωμην</span> <span class='ocrx_word' id='word_1_202' title='bbox 2338 1419 2632 1476; x_wconf 85' lang='grc' dir='ltr'>ἀπέπλεον.</span> <span class='ocrx_word' id='word_1_203' title='bbox 2695 1421 2792 1474; x_wconf 78' lang='grc' dir='ltr'><strong>Καὶ</strong></span> <span class='ocrx_word' id='word_1_204' title='bbox 2849 1417 2918 1474; x_wconf 84' lang='grc' dir='ltr'>δι’</span> <span class='ocrx_word' id='word_1_205' title='bbox 2977 1419 3175 1493; x_wconf 76' lang='grc' dir='ltr'>ὀλίγων</span> <span class='ocrx_word' id='word_1_206' title='bbox 3231 1422 3454 1494; x_wconf 75' lang='grc' dir='ltr'>ἡμερῶν</span> <span class='ocrx_word' id='word_1_207' title='bbox 3507 1417 3749 1473; x_wconf 87' lang='grc' dir='ltr'>καταλα-</span> 
     </span>
    </p>
   </div>
   <div class='ocr_carea' id='block_1_29' title="bbox 2084 1504 3749 1581">
    <p class='ocr_par' dir='ltr' id='par_1_29' title="bbox 2084 1504 3749 1581">
     <span class='ocr_line' id='line_1_29' title="bbox 2084 1504 3749 1581; baseline -0.001 -19"><span class='ocrx_word' id='word_1_208' title='bbox 2084 1507 2270 1571; x_wconf 78' lang='grc' dir='ltr'>ϐόντες</span> <span class='ocrx_word' id='word_1_209' title='bbox 2328 1511 2418 1564; x_wconf 84' lang='grc' dir='ltr'>τὸν</span> <span class='ocrx_word' id='word_1_210' title='bbox 2476 1511 2699 1564; x_wconf 77' lang='grc' dir='ltr'>πάππαν</span> <span class='ocrx_word' id='word_1_211' title='bbox 2757 1510 2824 1564; x_wconf 78' lang='grc' dir='ltr'><strong>τὰ</strong></span> <span class='ocrx_word' id='word_1_212' title='bbox 2887 1509 2988 1576; x_wconf 71' lang='grc' dir='ltr'>τῆς</span> <span class='ocrx_word' id='word_1_213' title='bbox 3070 1504 3360 1581; x_wconf 73' lang='grc' dir='ltr'>πρεσϐείας</span> <span class='ocrx_word' id='word_1_214' title='bbox 3417 1506 3694 1580; x_wconf 78' lang='grc' dir='ltr'>ἐπλήρουν</span> <span class='ocrx_word' id='word_1_215' title='bbox 3734 1553 3749 1576; x_wconf 86' lang='grc'><strong>,</strong></span> 
     </span>
    </p>
   </div>
   <div class='ocr_carea' id='block_1_30' title="bbox 2085 1592 3746 1672">
    <p class='ocr_par' dir='ltr' id='par_1_30' title="bbox 2085 1592 3746 1672">
     <span class='ocr_line' id='line_1_30' title="bbox 2085 1592 3746 1672; baseline -0.002 -20"><span class='ocrx_word' id='word_1_216' title='bbox 2085 1598 2334 1670; x_wconf 89' lang='grc' dir='ltr'>ἀσμένως</span> <span class='ocrx_word' id='word_1_217' title='bbox 2400 1597 2803 1670; x_wconf 73' lang='grc' dir='ltr'>ὑποδεξαμένου</span> <span class='ocrx_word' id='word_1_218' title='bbox 2861 1603 2957 1652; x_wconf 75' lang='grc' dir='ltr'><strong>τοῦ</strong></span> <span class='ocrx_word' id='word_1_219' title='bbox 3029 1601 3225 1652; x_wconf 86' lang='grc' dir='ltr'>πάππα</span> <span class='ocrx_word' id='word_1_220' title='bbox 3283 1596 3410 1658; x_wconf 78' lang='grc' dir='ltr'>τοὺς</span> <span class='ocrx_word' id='word_1_221' title='bbox 3463 1592 3746 1672; x_wconf 74' lang='grc' dir='ltr'>πρέσϐεις,</span> 
     </span>
    </p>
   </div>
   <div class='ocr_carea' id='block_1_31' title="bbox 2084 1685 3746 1765">
    <p class='ocr_par' dir='ltr' id='par_1_31' title="bbox 2084 1685 3746 1765">
     <span class='ocr_line' id='line_1_31' title="bbox 2084 1685 3746 1765; baseline -0.001 -24"><span class='ocrx_word' id='word_1_222' title='bbox 2084 1687 2222 1742; x_wconf 82' lang='grc' dir='ltr'>ὥστε</span> <span class='ocrx_word' id='word_1_223' title='bbox 2264 1688 2353 1741; x_wconf 83' lang='grc' dir='ltr'>καὶ</span> <span class='ocrx_word' id='word_1_224' title='bbox 2384 1695 2615 1760; x_wconf 80' lang='grc' dir='ltr'>τιμῆσαι</span> <span class='ocrx_word' id='word_1_225' title='bbox 2647 1694 2780 1765; x_wconf 65' lang='grc' dir='ltr'>σφᾶς</span> <span class='ocrx_word' id='word_1_226' title='bbox 2839 1689 3051 1763; x_wconf 89' lang='grc' dir='ltr'>τιάραις</span> <span class='ocrx_word' id='word_1_227' title='bbox 3109 1708 3168 1741; x_wconf 88' lang='grc' dir='ltr'><strong>τε</strong></span> <span class='ocrx_word' id='word_1_228' title='bbox 3225 1686 3314 1742; x_wconf 83' lang='grc' dir='ltr'><strong>καὶ</strong></span> <span class='ocrx_word' id='word_1_229' title='bbox 3378 1686 3594 1760; x_wconf 82' lang='grc' dir='ltr'>μίτραις</span> <span class='ocrx_word' id='word_1_230' title='bbox 3650 1685 3746 1740; x_wconf 81' lang='grc' dir='ltr'><strong>καὶ</strong></span> 
     </span>
    </p>
   </div>
   <div class='ocr_carea' id='block_1_32' title="bbox 2083 1773 3747 1851">
    <p class='ocr_par' dir='ltr' id='par_1_32' title="bbox 2083 1773 3747 1851">
     <span class='ocr_line' id='line_1_32' title="bbox 2083 1773 3747 1851; baseline -0.002 -21"><span class='ocrx_word' id='word_1_231' title='bbox 2083 1773 2416 1845; x_wconf 83' lang='grc' dir='ltr'>δακτυλίοις,</span> <span class='ocrx_word' id='word_1_232' title='bbox 2473 1778 2546 1838; x_wconf 85' lang='grc' dir='ltr'>ὡς</span> <span class='ocrx_word' id='word_1_233' title='bbox 2579 1780 2612 1844; x_wconf 84' lang='grc' dir='ltr'>ἡ</span> <span class='ocrx_word' id='word_1_234' title='bbox 2667 1776 2882 1831; x_wconf 76' lang='grc' dir='ltr'>ἐκείνων</span> <span class='ocrx_word' id='word_1_235' title='bbox 2943 1774 3060 1850; x_wconf 78' lang='grc' dir='ltr'>ἔχει</span> <span class='ocrx_word' id='word_1_236' title='bbox 3116 1776 3199 1830; x_wconf 88' lang='grc' dir='ltr'>ἐπ’</span> <span class='ocrx_word' id='word_1_237' title='bbox 3229 1776 3543 1851; x_wconf 75' lang='grc' dir='ltr'>ἀρχιερεῦσι</span> <span class='ocrx_word' id='word_1_238' title='bbox 3578 1777 3747 1844; x_wconf 71' lang='grc' dir='ltr'>συνή-</span> 
     </span>
    </p>
   </div>
   <div class='ocr_carea' id='block_1_33' title="bbox 315 1860 3746 1948">
    <p class='ocr_par' dir='ltr' id='par_1_33' title="bbox 315 1860 3746 1948">
     <span class='ocr_line' id='line_1_33' title="bbox 315 1860 3746 1948; baseline 0.001 -33"><span class='ocrx_word' id='word_1_239' title='bbox 315 1860 614 1936; x_wconf 85' lang='grc' dir='ltr'>ἐντύχοιεν,</span> <span class='ocrx_word' id='word_1_240' title='bbox 648 1864 747 1931; x_wconf 76' lang='grc' dir='ltr'>τὴν</span> <span class='ocrx_word' id='word_1_241' title='bbox 772 1862 870 1937; x_wconf 72' lang='grc' dir='ltr'><strong>γῆν</strong></span> <span class='ocrx_word' id='word_1_242' title='bbox 910 1865 1002 1934; x_wconf 72' lang='grc' dir='ltr'>μὲν</span> <span class='ocrx_word' id='word_1_243' title='bbox 1058 1863 1428 1941; x_wconf 72' lang='grc' dir='ltr'>ὸιρυλάσσοντο</span> <span class='ocrx_word' id='word_1_244' title='bbox 1471 1867 1562 1920; x_wconf 87' lang='grc' dir='ltr'>τὸν</span> <span class='ocrx_word' id='word_1_245' title='bbox 1615 1865 1720 1920; x_wconf 88' lang='grc' dir='ltr'>ἀπὸ</span> <span class='ocrx_word' id='word_1_246' title='bbox 1767 1864 1969 1933; x_wconf 87' lang='grc' dir='ltr'>ταύτης</span> <span class='ocrx_word' id='word_1_247' title='bbox 2003 1883 2049 1948; x_wconf 81' lang='grc' dir='ltr'>Β</span> <span class='ocrx_word' id='word_1_248' title='bbox 2083 1868 2216 1921; x_wconf 83' lang='grc' dir='ltr'>Οεια.</span> <span class='ocrx_word' id='word_1_249' title='bbox 2254 1867 2386 1939; x_wconf 77' lang='grc' dir='ltr'>Ἔαρ</span> <span class='ocrx_word' id='word_1_250' title='bbox 2422 1867 2512 1920; x_wconf 77' lang='grc' dir='ltr'><strong>οὖν</strong></span> <span class='ocrx_word' id='word_1_251' title='bbox 2559 1867 2648 1920; x_wconf 77' lang='grc' dir='ltr'>καὶ</span> <span class='ocrx_word' id='word_1_252' title='bbox 2704 1865 2858 1941; x_wconf 78' lang='grc' dir='ltr'>θέρος</span> <span class='ocrx_word' id='word_1_253' title='bbox 2917 1865 3088 1920; x_wconf 84' lang='grc' dir='ltr'>ἐκεῖσε</span> <span class='ocrx_word' id='word_1_254' title='bbox 3147 1863 3512 1940; x_wconf 81' lang='grc' dir='ltr'>διαγαγόντες,</span> <span class='ocrx_word' id='word_1_255' title='bbox 3544 1865 3634 1919; x_wconf 91' lang='grc' dir='ltr'>καὶ</span> <span class='ocrx_word' id='word_1_256' title='bbox 3676 1865 3746 1918; x_wconf 71' lang='grc' dir='ltr'><strong>τὰ</strong></span> 
     </span>
    </p>
   </div>
   <div class='ocr_carea' id='block_1_34' title="bbox 317 1945 1968 2028">
    <p class='ocr_par' dir='ltr' id='par_1_34' title="bbox 317 1945 1968 2028">
     <span class='ocr_line' id='line_1_34' title="bbox 317 1945 1968 2028; baseline 0.003 -25"><span class='ocrx_word' id='word_1_257' title='bbox 317 1945 556 2012; x_wconf 85' lang='grc' dir='ltr'>δεδιότες</span> <span class='ocrx_word' id='word_1_258' title='bbox 587 1948 859 2020; x_wconf 82' lang='grc' dir='ltr'>κίνδυνον,</span> <span class='ocrx_word' id='word_1_259' title='bbox 897 1951 1045 2022; x_wconf 78' lang='grc' dir='ltr'>πλὴν</span> <span class='ocrx_word' id='word_1_260' title='bbox 1082 1951 1126 2028; x_wconf 67' lang='grc' dir='ltr'><strong>δι</strong></span> <span class='ocrx_word' id='word_1_261' title='bbox 1153 1953 1279 2008; x_wconf 72' lang='grc' dir='ltr'>ἀλλ’</span> <span class='ocrx_word' id='word_1_262' title='bbox 1313 1952 1436 2009; x_wconf 72' lang='grc' dir='ltr'>οὐδὲ</span> <span class='ocrx_word' id='word_1_263' title='bbox 1466 1953 1629 2009; x_wconf 87' lang='grc' dir='ltr'>πάλιν</span> <span class='ocrx_word' id='word_1_264' title='bbox 1684 1958 1763 2007; x_wconf 79' lang='grc' dir='ltr'>τῶ</span> <span class='ocrx_word' id='word_1_265' title='bbox 1794 1956 1968 2008; x_wconf 79' lang='grc' dir='ltr'>πελά-</span> 
     </span>
    </p>
   </div>
   <div class='ocr_carea' id='block_1_35' title="bbox 311 2039 1968 2120">
    <p class='ocr_par' dir='ltr' id='par_1_35' title="bbox 311 2039 1968 2120">
     <span class='ocr_line' id='line_1_35' title="bbox 311 2039 1968 2120; baseline 0.001 -25"><span class='ocrx_word' id='word_1_266' title='bbox 311 2061 394 2116; x_wconf 89' lang='grc' dir='ltr'><strong>γει</strong></span> <span class='ocrx_word' id='word_1_267' title='bbox 455 2039 771 2099; x_wconf 81' lang='grc' dir='ltr'>ἒπίστευον.</span> <span class='ocrx_word' id='word_1_268' title='bbox 830 2043 990 2106; x_wconf 84' lang='grc' dir='ltr'>Ὅθεν</span> <span class='ocrx_word' id='word_1_269' title='bbox 1049 2043 1138 2096; x_wconf 85' lang='grc' dir='ltr'><strong>καὶ</strong></span> <span class='ocrx_word' id='word_1_270' title='bbox 1196 2044 1334 2098; x_wconf 88' lang='grc' dir='ltr'><strong>κατά</strong></span> <span class='ocrx_word' id='word_1_271' title='bbox 1393 2044 1585 2118; x_wconf 90' lang='grc' dir='ltr'>μικρὸν</span> <span class='ocrx_word' id='word_1_272' title='bbox 1642 2051 1742 2112; x_wconf 84' lang='grc' dir='ltr'><strong>τῆς</strong></span> <span class='ocrx_word' id='word_1_273' title='bbox 1800 2049 1968 2120; x_wconf 72' lang='grc' dir='ltr'>φορᾶς</span> 
     </span>
    </p>
   </div>
   <div class='ocr_carea' id='block_1_36' title="bbox 308 2127 1968 2210">
    <p class='ocr_par' dir='ltr' id='par_1_36' title="bbox 308 2127 1968 2210">
     <span class='ocr_line' id='line_1_36' title="bbox 308 2127 1968 2210; baseline 0.002 -28"><span class='ocrx_word' id='word_1_274' title='bbox 308 2132 418 2183; x_wconf 83' lang='grc' dir='ltr'><strong>τῶν</strong></span> <span class='ocrx_word' id='word_1_275' title='bbox 472 2130 730 2202; x_wconf 81' lang='grc' dir='ltr'>κυμάτων</span> <span class='ocrx_word' id='word_1_276' title='bbox 797 2131 1120 2203; x_wconf 78' lang='grc' dir='ltr'>ἡττωμένου</span> <span class='ocrx_word' id='word_1_277' title='bbox 1202 2136 1298 2186; x_wconf 78' lang='grc' dir='ltr'><strong>τοῦ</strong></span> <span class='ocrx_word' id='word_1_278' title='bbox 1353 2127 1692 2208; x_wconf 70' lang='grc' dir='ltr'>κυϐερνήτου</span> <span class='ocrx_word' id='word_1_279' title='bbox 1748 2131 1968 2210; x_wconf 69' lang='grc' dir='ltr'>ἀφανῶς</span> 
     </span>
    </p>
   </div>
   <div class='ocr_carea' id='block_1_37' title="bbox 308 2219 1970 2294">
    <p class='ocr_par' dir='ltr' id='par_1_37' title="bbox 308 2219 1970 2294">
     <span class='ocr_line' id='line_1_37' title="bbox 308 2219 1970 2294; baseline 0.002 -22"><span class='ocrx_word' id='word_1_280' title='bbox 308 2221 429 2282; x_wconf 85' lang='grc' dir='ltr'>ταῖς</span> <span class='ocrx_word' id='word_1_281' title='bbox 485 2219 673 2280; x_wconf 85' lang='grc' dir='ltr'>ἀκταῖς</span> <span class='ocrx_word' id='word_1_282' title='bbox 714 2219 1105 2293; x_wconf 84' lang='grc' dir='ltr'>προσπαίουσι,</span> <span class='ocrx_word' id='word_1_283' title='bbox 1165 2220 1254 2276; x_wconf 85' lang='grc' dir='ltr'><strong>καὶ</strong></span> <span class='ocrx_word' id='word_1_284' title='bbox 1305 2221 1478 2284; x_wconf 75' lang='grc' dir='ltr'>οὕτως</span> <span class='ocrx_word' id='word_1_285' title='bbox 1529 2221 1764 2294; x_wconf 87' lang='grc' dir='ltr'>αύτόνεῳ</span> <span class='ocrx_word' id='word_1_286' title='bbox 1808 2243 1970 2276; x_wconf 87' lang='grc' dir='ltr'>κατα-</span> 
     </span>
    </p>
   </div>
   <div class='ocr_carea' id='block_1_38' title="bbox 314 2303 1973 2384">
    <p class='ocr_par' dir='ltr' id='par_1_38' title="bbox 314 2303 1973 2384">
     <span class='ocr_line' id='line_1_38' title="bbox 314 2303 1973 2384; baseline 0.002 -23"><span class='ocrx_word' id='word_1_287' title='bbox 314 2304 555 2376; x_wconf 84' lang='grc' dir='ltr'>δύονται,</span> <span class='ocrx_word' id='word_1_288' title='bbox 590 2303 740 2381; x_wconf 83' lang='grc' dir='ltr'>δῶρα</span> <span class='ocrx_word' id='word_1_289' title='bbox 770 2306 946 2362; x_wconf 80' lang='grc' dir='ltr'>ἐκεῖνα</span> <span class='ocrx_word' id='word_1_290' title='bbox 997 2307 1257 2384; x_wconf 83' lang='grc' dir='ltr'>βασιλικά</span> <span class='ocrx_word' id='word_1_291' title='bbox 1311 2310 1402 2365; x_wconf 83' lang='grc' dir='ltr'><strong>καὶ</strong></span> <span class='ocrx_word' id='word_1_292' title='bbox 1457 2311 1556 2380; x_wconf 77' lang='grc' dir='ltr'>τὴν</span> <span class='ocrx_word' id='word_1_293' title='bbox 1612 2311 1713 2380; x_wconf 84' lang='grc' dir='ltr'><strong>τῆς</strong></span> <span class='ocrx_word' id='word_1_294' title='bbox 1773 2309 1973 2380; x_wconf 88' lang='grc' dir='ltr'>ἐκκλη-</span> 
     </span>
    </p>
   </div>
   <div class='ocr_carea' id='block_1_39' title="bbox 311 2393 1972 2475">
    <p class='ocr_par' dir='ltr' id='par_1_39' title="bbox 311 2393 1972 2475">
     <span class='ocr_line' id='line_1_39' title="bbox 311 2393 1972 2475; baseline 0.003 -25"><span class='ocrx_word' id='word_1_295' title='bbox 311 2393 430 2459; x_wconf 88' lang='grc' dir='ltr'>σίας</span> <span class='ocrx_word' id='word_1_296' title='bbox 468 2394 778 2470; x_wconf 85' lang='grc' dir='ltr'>πολύτιμον</span> <span class='ocrx_word' id='word_1_297' title='bbox 834 2394 1059 2467; x_wconf 73' lang='grc' dir='ltr'>ένδυτὴν</span> <span class='ocrx_word' id='word_1_298' title='bbox 1120 2398 1305 2461; x_wconf 80' lang='grc' dir='ltr'>αὺτοῖς</span> <span class='ocrx_word' id='word_1_299' title='bbox 1359 2397 1582 2472; x_wconf 82' lang='grc' dir='ltr'>ἀνδράσι</span> <span class='ocrx_word' id='word_1_300' title='bbox 1636 2397 1972 2475; x_wconf 82' lang='grc' dir='ltr'>συγκαταδύ-</span> 
     </span>
    </p>
   </div>
   <div class='ocr_carea' id='block_1_40' title="bbox 315 2481 1971 2563">
    <p class='ocr_par' dir='ltr' id='par_1_40' title="bbox 315 2481 1971 2563">
     <span class='ocr_line' id='line_1_40' title="bbox 315 2481 1971 2563; baseline 0.004 -25"><span class='ocrx_word' id='word_1_301' title='bbox 315 2505 521 2555; x_wconf 84' lang='grc' dir='ltr'>σαντες,</span> <span class='ocrx_word' id='word_1_302' title='bbox 546 2484 665 2549; x_wconf 80' lang='grc' dir='ltr'>ἐνὸς</span> <span class='ocrx_word' id='word_1_303' title='bbox 693 2484 784 2540; x_wconf 81' lang='grc' dir='ltr'><strong>καὶ</strong></span> <span class='ocrx_word' id='word_1_304' title='bbox 838 2487 1008 2559; x_wconf 88' lang='grc' dir='ltr'>μόνου</span> <span class='ocrx_word' id='word_1_305' title='bbox 1039 2481 1414 2559; x_wconf 85' lang='grc' dir='ltr'>διασωθέντος,</span> <span class='ocrx_word' id='word_1_306' title='bbox 1467 2489 1525 2550; x_wconf 80' lang='grc' dir='ltr'>ὃς</span> <span class='ocrx_word' id='word_1_307' title='bbox 1577 2485 1644 2558; x_wconf 86' lang='grc' dir='ltr'>δή</span> <span class='ocrx_word' id='word_1_308' title='bbox 1675 2488 1766 2543; x_wconf 81' lang='grc' dir='ltr'><strong>καὶ</strong></span> <span class='ocrx_word' id='word_1_309' title='bbox 1811 2486 1971 2563; x_wconf 76' lang='grc' dir='ltr'>ἅγγε-</span> 
     </span>
    </p>
   </div>
   <div class='ocr_carea' id='block_1_41' title="bbox 321 2572 1970 2656">
    <p class='ocr_par' dir='ltr' id='par_1_41' title="bbox 321 2572 1970 2656">
     <span class='ocr_line' id='line_1_41' title="bbox 321 2572 1970 2656; baseline 0.002 -28"><span class='ocrx_word' id='word_1_310' title='bbox 321 2572 421 2638; x_wconf 88' lang='grc' dir='ltr'><strong>λος</strong></span> <span class='ocrx_word' id='word_1_311' title='bbox 451 2572 686 2649; x_wconf 82' lang='grc' dir='ltr'>ἐγεγόνει</span> <span class='ocrx_word' id='word_1_312' title='bbox 714 2581 816 2645; x_wconf 80' lang='grc' dir='ltr'><strong>τῆς</strong></span> <span class='ocrx_word' id='word_1_313' title='bbox 855 2582 1157 2654; x_wconf 74' lang='grc' dir='ltr'>συμφορᾶς.</span> <span class='ocrx_word' id='word_1_314' title='bbox 1210 2578 1312 2633; x_wconf 80' lang='grc' dir='ltr'><strong>Καὶ</strong></span> <span class='ocrx_word' id='word_1_315' title='bbox 1371 2576 1515 2633; x_wconf 78' lang='grc' dir='ltr'>οὕτω</span> <span class='ocrx_word' id='word_1_316' title='bbox 1580 2578 1674 2651; x_wconf 75' lang='grc' dir='ltr'>μὲν</span> <span class='ocrx_word' id='word_1_317' title='bbox 1722 2579 1774 2633; x_wconf 78' lang='grc' dir='ltr'>οἱ</span> <span class='ocrx_word' id='word_1_318' title='bbox 1831 2579 1970 2656; x_wconf 80' lang='grc' dir='ltr'><strong>ἀμφί</strong></span> 
     </span>
    </p>
   </div>
   <div class='ocr_carea' id='block_1_42' title="bbox 312 2660 1969 2742">
    <p class='ocr_par' dir='ltr' id='par_1_42' title="bbox 312 2660 1969 2742">
     <span class='ocr_line' id='line_1_42' title="bbox 312 2660 1969 2742; baseline 0.003 -26"><span class='ocrx_word' id='word_1_319' title='bbox 312 2661 447 2727; x_wconf 84' lang='grc' dir='ltr'>τοὺς</span> <span class='ocrx_word' id='word_1_320' title='bbox 503 2660 776 2739; x_wconf 79' lang='grc' dir='ltr'>ἄρχοντας</span> <span class='ocrx_word' id='word_1_321' title='bbox 805 2661 1216 2735; x_wconf 80' lang='grc' dir='ltr'>ἐξαπολωλότες</span> <span class='ocrx_word' id='word_1_322' title='bbox 1261 2664 1626 2742; x_wconf 73' lang='grc' dir='ltr'>ἠγγέλλοντο·</span> <span class='ocrx_word' id='word_1_323' title='bbox 1665 2668 1717 2722; x_wconf 69' lang='grc' dir='ltr'>οἱ</span> <span class='ocrx_word' id='word_1_324' title='bbox 1751 2664 1806 2721; x_wconf 76' lang='grc' dir='ltr'>δὲ</span> <span class='ocrx_word' id='word_1_325' title='bbox 1845 2667 1969 2741; x_wconf 83' lang='grc' dir='ltr'>περὶ</span> 
     </span>
    </p>
   </div>
   <div class='ocr_carea' id='block_1_43' title="bbox 309 2751 1966 2833">
    <p class='ocr_par' dir='ltr' id='par_1_43' title="bbox 309 2751 1966 2833">
     <span class='ocr_line' id='line_1_43' title="bbox 309 2751 1966 2833; baseline 0.001 -25"><span class='ocrx_word' id='word_1_326' title='bbox 309 2751 440 2817; x_wconf 78' lang='grc' dir='ltr'>τοὺς</span> <span class='ocrx_word' id='word_1_327' title='bbox 487 2757 588 2820; x_wconf 82' lang='grc' dir='ltr'><strong>τῆς</strong></span> <span class='ocrx_word' id='word_1_328' title='bbox 643 2753 936 2824; x_wconf 85' lang='grc' dir='ltr'>ἐκκλησίας</span> <span class='ocrx_word' id='word_1_329' title='bbox 991 2754 1082 2810; x_wconf 82' lang='grc' dir='ltr'><strong>καὶ</strong></span> <span class='ocrx_word' id='word_1_330' title='bbox 1134 2755 1225 2810; x_wconf 88' lang='grc' dir='ltr'>τὸν</span> <span class='ocrx_word' id='word_1_331' title='bbox 1289 2756 1454 2833; x_wconf 85' lang='grc' dir='ltr'>μέγαν</span> <span class='ocrx_word' id='word_1_332' title='bbox 1515 2755 1809 2832; x_wconf 84' lang='grc' dir='ltr'>λογοθέτην</span> <span class='ocrx_word' id='word_1_333' title='bbox 1866 2758 1966 2827; x_wconf 75' lang='grc' dir='ltr'>τὴν</span> 
     </span>
    </p>
   </div>
   <div class='ocr_carea' id='block_1_44' title="bbox 313 2972 1972 3047">
    <p class='ocr_par' dir='ltr' id='par_1_44' title="bbox 313 2972 1972 3047">
     <span class='ocr_line' id='line_1_44' title="bbox 313 2972 1972 3047; baseline 0.002 -18"><span class='ocrx_word' id='word_1_334' title='bbox 313 2972 458 3030; x_wconf 58' lang='lat' dir='ltr'><strong>coelo</strong></span> <span class='ocrx_word' id='word_1_335' title='bbox 490 2972 790 3045; x_wconf 81' lang='lat' dir='ltr'><strong>splendor.</strong></span> <span class='ocrx_word' id='word_1_336' title='bbox 823 2973 1247 3030; x_wconf 87' lang='lat' dir='ltr'><strong>Violentissimi</strong></span> <span class='ocrx_word' id='word_1_337' title='bbox 1280 2991 1414 3031; x_wconf 90' lang='lat' dir='ltr'><strong>vero</strong></span> <span class='ocrx_word' id='word_1_338' title='bbox 1446 2979 1643 3032; x_wconf 89' lang='lat' dir='ltr'><strong>motus</strong></span> <span class='ocrx_word' id='word_1_339' title='bbox 1660 2976 1972 3047; x_wconf 83' lang='lat' dir='ltr'><strong>procellosi</strong></span> 
     </span>
    </p>
   </div>
   <div class='ocr_carea' id='block_1_45' title="bbox 317 3063 1968 3135">
    <p class='ocr_par' dir='ltr' id='par_1_45' title="bbox 317 3063 1968 3135">
     <span class='ocr_line' id='line_1_45' title="bbox 317 3063 1968 3135; baseline 0.002 -16"><span class='ocrx_word' id='word_1_340' title='bbox 317 3063 471 3119; x_wconf 87' lang='lat' dir='ltr'><strong>aeris</strong></span> <span class='ocrx_word' id='word_1_341' title='bbox 519 3063 950 3135; x_wconf 87' lang='lat' dir='ltr'><strong>conﬂictusque</strong></span> <span class='ocrx_word' id='word_1_342' title='bbox 1017 3063 1425 3120; x_wconf 88' lang='lat' dir='ltr'><strong>collidentium</strong></span> <span class='ocrx_word' id='word_1_343' title='bbox 1477 3081 1605 3120; x_wconf 89' lang='lat' dir='ltr'><strong>sese</strong></span> <span class='ocrx_word' id='word_1_344' title='bbox 1661 3070 1968 3122; x_wconf 84' lang='lat' dir='ltr'><strong>ventorum</strong></span> 
     </span>
    </p>
   </div>
   <div class='ocr_carea' id='block_1_46' title="bbox 314 3151 1972 3227">
    <p class='ocr_par' dir='ltr' id='par_1_46' title="bbox 314 3151 1972 3227">
     <span class='ocr_line' id='line_1_46' title="bbox 314 3151 1972 3227; baseline 0.003 -21"><span class='ocrx_word' id='word_1_345' title='bbox 314 3151 585 3208; x_wconf 91' lang='lat' dir='ltr'><strong>horribili</strong></span> <span class='ocrx_word' id='word_1_346' title='bbox 618 3152 846 3225; x_wconf 90' lang='lat' dir='ltr'><strong>fragore</strong></span> <span class='ocrx_word' id='word_1_347' title='bbox 875 3154 1198 3210; x_wconf 80' lang='lat' dir='ltr'><strong>tumultum</strong></span> <span class='ocrx_word' id='word_1_348' title='bbox 1229 3153 1608 3210; x_wconf 87' lang='lat' dir='ltr'><strong>vehementer</strong></span> <span class='ocrx_word' id='word_1_349' title='bbox 1636 3155 1824 3227; x_wconf 78' lang='lat' dir='ltr'><strong>magis</strong></span> <span class='ocrx_word' id='word_1_350' title='bbox 1863 3173 1972 3211; x_wconf 89' lang='lat' dir='ltr'><strong>au-</strong></span> 
     </span>
    </p>
   </div>
   <div class='ocr_carea' id='block_1_47' title="bbox 2077 2039 2793 2116">
    <p class='ocr_par' dir='ltr' id='par_1_47' title="bbox 2077 2039 2793 2116">
     <span class='ocr_line' id='line_1_47' title="bbox 2077 2039 2793 2116; baseline 0 -18"><span class='ocrx_word' id='word_1_351' title='bbox 2077 2039 2362 2116; x_wconf 74' lang='grc' dir='ltr'>πρεσϐείας</span> <span class='ocrx_word' id='word_1_352' title='bbox 2423 2042 2750 2108; x_wconf 81' lang='grc' dir='ltr'>διευθετοῦσι</span> <span class='ocrx_word' id='word_1_353' title='bbox 2784 2087 2793 2098; x_wconf 95' lang='grc'><em>.</em></span> 
     </span>
    </p>
   </div>
   <div class='ocr_carea' id='block_1_48' title="bbox 2080 1953 3742 2032">
    <p class='ocr_par' dir='ltr' id='par_1_48' title="bbox 2080 1953 3742 2032">
     <span class='ocr_line' id='line_1_48' title="bbox 2080 1953 3742 2032; baseline -0.002 -23"><span class='ocrx_word' id='word_1_354' title='bbox 2080 1955 2263 2010; x_wconf 85' lang='grc' dir='ltr'>εἰκότα</span> <span class='ocrx_word' id='word_1_355' title='bbox 2320 1954 2780 2032; x_wconf 61' lang='grc' dir='ltr'>φιλφρονηθέντες</span> <span class='ocrx_word' id='word_1_356' title='bbox 2862 1954 3006 2027; x_wconf 69' lang='grc' dir='ltr'>παρὰ</span> <span class='ocrx_word' id='word_1_357' title='bbox 3056 1958 3158 2008; x_wconf 75' lang='grc' dir='ltr'><strong>τοῦ</strong></span> <span class='ocrx_word' id='word_1_358' title='bbox 3217 1953 3414 2008; x_wconf 89' lang='grc' dir='ltr'>πάππα</span> <span class='ocrx_word' id='word_1_359' title='bbox 3449 1997 3463 2024; x_wconf 92' lang='grc'><strong>,</strong></span> <span class='ocrx_word' id='word_1_360' title='bbox 3521 1953 3588 2006; x_wconf 87' lang='grc' dir='ltr'><strong>τά</strong></span> <span class='ocrx_word' id='word_1_361' title='bbox 3637 1956 3742 2017; x_wconf 84' lang='grc' dir='ltr'>τῆς</span> 
     </span>
    </p>
   </div>
   <div class='ocr_carea' id='block_1_49' title="bbox 2855 2041 3738 2118">
    <p class='ocr_par' dir='ltr' id='par_1_49' title="bbox 2855 2041 3738 2118">
     <span class='ocr_line' id='line_1_49' title="bbox 2855 2041 3738 2118; baseline -0.001 -22"><span class='ocrx_word' id='word_1_362' title='bbox 2855 2042 2951 2096; x_wconf 82' lang='grc' dir='ltr'><strong>Καὶ</strong></span> <span class='ocrx_word' id='word_1_363' title='bbox 3027 2044 3377 2118; x_wconf 71' lang='grc' dir='ltr'>φθινοπώρου</span> <span class='ocrx_word' id='word_1_364' title='bbox 3462 2041 3738 2116; x_wconf 76' lang='grc' dir='ltr'>λήγοντος</span> 
     </span>
    </p>
   </div>
   <div class='ocr_carea' id='block_1_50' title="bbox 2081 2126 3461 2206">
    <p class='ocr_par' dir='ltr' id='par_1_50' title="bbox 2081 2126 3461 2206">
     <span class='ocr_line' id='line_1_50' title="bbox 2081 2126 3461 2206; baseline -0.001 -19"><span class='ocrx_word' id='word_1_365' title='bbox 2081 2134 2292 2206; x_wconf 89' lang='grc' dir='ltr'>σύναμα</span> <span class='ocrx_word' id='word_1_366' title='bbox 2323 2129 2576 2205; x_wconf 72' lang='grc' dir='ltr'>πρέσϐεσι</span> <span class='ocrx_word' id='word_1_367' title='bbox 2607 2134 2706 2201; x_wconf 78' lang='grc' dir='ltr'><strong>τήν</strong></span> <span class='ocrx_word' id='word_1_368' title='bbox 2739 2131 2904 2186; x_wconf 90' lang='grc' dir='ltr'>πόλιν</span> <span class='ocrx_word' id='word_1_369' title='bbox 2935 2126 3461 2204; x_wconf 75' lang='grc' dir='ltr'>κατακαμϐάνουσιν.</span> 
     </span>
    </p>
   </div>
   <div class='ocr_carea' id='block_1_51' title="bbox 2079 2292 3738 2376">
    <p class='ocr_par' dir='ltr' id='par_1_51' title="bbox 2079 2292 3738 2376">
     <span class='ocr_line' id='line_1_51' title="bbox 2079 2292 3738 2376; baseline -0.001 -28"><span class='ocrx_word' id='word_1_370' title='bbox 2274 2296 2462 2357; x_wconf 79' lang='grc' dir='ltr'>Ὃπως</span> <span class='ocrx_word' id='word_1_371' title='bbox 2523 2295 2550 2348; x_wconf 93' lang='grc' dir='ltr'>ὁ</span> <span class='ocrx_word' id='word_1_372' title='bbox 2616 2295 2800 2354; x_wconf 89' lang='grc' dir='ltr'>πάπας</span> <span class='ocrx_word' id='word_1_373' title='bbox 2896 2292 3302 2376; x_wconf 82' lang='grc' dir='ltr'>ἐμνημονεύετο</span> <span class='ocrx_word' id='word_1_374' title='bbox 3399 2293 3738 2368; x_wconf 75' lang='grc' dir='ltr'>ἀργήσαντος</span> 
     </span>
    </p>
   </div>
   <div class='ocr_carea' id='block_1_52' title="bbox 2649 2370 3163 2441">
    <p class='ocr_par' dir='ltr' id='par_1_52' title="bbox 2649 2370 3163 2441">
     <span class='ocr_line' id='line_1_52' title="bbox 2649 2370 3163 2441; baseline 0.002 -22"><span class='ocrx_word' id='word_1_375' title='bbox 2649 2370 2745 2419; x_wconf 72' lang='grc' dir='ltr'><strong>τοῦ</strong></span> <span class='ocrx_word' id='word_1_376' title='bbox 2794 2370 3163 2441; x_wconf 70' lang='grc' dir='ltr'>πατριάρχαι).</span> 
     </span>
    </p>
   </div>
   <div class='ocr_carea' id='block_1_53' title="bbox 2151 2486 3740 2564">
    <p class='ocr_par' dir='ltr' id='par_1_53' title="bbox 2151 2486 3740 2564">
     <span class='ocr_line' id='line_1_53' title="bbox 2151 2486 3740 2564; baseline -0.003 -20"><span class='ocrx_word' id='word_1_377' title='bbox 2151 2491 2252 2546; x_wconf 86' lang='grc' dir='ltr'>Ἦν</span> <span class='ocrx_word' id='word_1_378' title='bbox 2287 2486 2379 2543; x_wconf 76' lang='grc' dir='ltr'>οὖν</span> <span class='ocrx_word' id='word_1_379' title='bbox 2413 2489 2726 2544; x_wconf 78' lang='grc' dir='ltr'>ἀπεντεῦοεν</span> <span class='ocrx_word' id='word_1_380' title='bbox 2786 2491 3020 2564; x_wconf 81' lang='grc' dir='ltr'>ἀργῆσαι</span> <span class='ocrx_word' id='word_1_381' title='bbox 3086 2491 3178 2562; x_wconf 74' lang='grc' dir='ltr'>μὲν</span> <span class='ocrx_word' id='word_1_382' title='bbox 3237 2489 3327 2543; x_wconf 85' lang='grc' dir='ltr'>τὸν</span> <span class='ocrx_word' id='word_1_383' title='bbox 3387 2488 3740 2564; x_wconf 78' lang='grc' dir='ltr'>πατριάρχην</span> 
     </span>
    </p>
   </div>
   <div class='ocr_carea' id='block_1_54' title="bbox 2081 2575 3737 2654">
    <p class='ocr_par' dir='ltr' id='par_1_54' title="bbox 2081 2575 3737 2654">
     <span class='ocr_line' id='line_1_54' title="bbox 2081 2575 3737 2654; baseline -0.001 -20"><span class='ocrx_word' id='word_1_384' title='bbox 2081 2580 2218 2635; x_wconf 76' lang='grc' dir='ltr'>κατὰ</span> <span class='ocrx_word' id='word_1_385' title='bbox 2271 2580 2338 2634; x_wconf 83' lang='grc' dir='ltr'><strong>τὰ</strong></span> <span class='ocrx_word' id='word_1_386' title='bbox 2396 2578 2714 2654; x_wconf 83' lang='grc' dir='ltr'>συγκείμενα</span> <span class='ocrx_word' id='word_1_387' title='bbox 2762 2577 2976 2648; x_wconf 87' lang='grc' dir='ltr'>τέλεον,</span> <span class='ocrx_word' id='word_1_388' title='bbox 3031 2577 3464 2652; x_wconf 81' lang='grc' dir='ltr'>μνημονεύεσθαι</span> <span class='ocrx_word' id='word_1_389' title='bbox 3527 2575 3586 2632; x_wconf 73' lang='grc' dir='ltr'>δὲ</span> <span class='ocrx_word' id='word_1_390' title='bbox 3641 2577 3737 2632; x_wconf 90' lang='grc' dir='ltr'>τὸν</span> 
     </span>
    </p>
   </div>
   <div class='ocr_carea' id='block_1_55' title="bbox 2080 2667 3739 2742">
    <p class='ocr_par' dir='ltr' id='par_1_55' title="bbox 2080 2667 3739 2742">
     <span class='ocr_line' id='line_1_55' title="bbox 2080 2667 3739 2742; baseline -0.004 -18"><span class='ocrx_word' id='word_1_391' title='bbox 2080 2672 2327 2740; x_wconf 83' lang='grc' dir='ltr'>πάππαν,</span> <span class='ocrx_word' id='word_1_392' title='bbox 2368 2670 2456 2723; x_wconf 83' lang='grc' dir='ltr'><strong>καὶ</strong></span> <span class='ocrx_word' id='word_1_393' title='bbox 2529 2669 2622 2722; x_wconf 77' lang='grc' dir='ltr'><strong>εἶθ’</strong></span> <span class='ocrx_word' id='word_1_394' title='bbox 2690 2668 2862 2730; x_wconf 64' lang='grc' dir='ltr'>οὕτως</span> <span class='ocrx_word' id='word_1_395' title='bbox 2926 2669 3016 2722; x_wconf 85' lang='grc' dir='ltr'>καὶ</span> <span class='ocrx_word' id='word_1_396' title='bbox 3082 2670 3173 2723; x_wconf 85' lang='grc' dir='ltr'>τὸν</span> <span class='ocrx_word' id='word_1_397' title='bbox 3245 2667 3320 2730; x_wconf 83' lang='grc' dir='ltr'>εἷς</span> <span class='ocrx_word' id='word_1_398' title='bbox 3388 2669 3739 2742; x_wconf 83' lang='grc' dir='ltr'>πατριάρχην</span> 
     </span>
    </p>
   </div>
   <div class='ocr_carea' id='block_1_56' title="bbox 2081 2754 3740 2833">
    <p class='ocr_par' dir='ltr' id='par_1_56' title="bbox 2081 2754 3740 2833">
     <span class='ocr_line' id='line_1_56' title="bbox 2081 2754 3740 2833; baseline -0.001 -21"><span class='ocrx_word' id='word_1_399' title='bbox 2081 2759 2364 2832; x_wconf 82' lang='grc' dir='ltr'>ἀνάγεσσαι</span> <span class='ocrx_word' id='word_1_400' title='bbox 2445 2754 2723 2830; x_wconf 81' lang='grc' dir='ltr'>μέλλοντα</span> <span class='ocrx_word' id='word_1_401' title='bbox 2798 2755 3126 2833; x_wconf 65' lang='grc' dir='ltr'>ψηφίζεσοαί</span> <span class='ocrx_word' id='word_1_402' title='bbox 3177 2776 3234 2810; x_wconf 91' lang='grc' dir='ltr'><strong>τε</strong></span> <span class='ocrx_word' id='word_1_403' title='bbox 3288 2755 3379 2811; x_wconf 79' lang='grc' dir='ltr'><strong>καὶ</strong></span> <span class='ocrx_word' id='word_1_404' title='bbox 3461 2757 3740 2826; x_wconf 78' lang='grc' dir='ltr'>καθιστᾷν.</span> 
     </span>
    </p>
   </div>
   <div class='ocr_carea' id='block_1_57' title="bbox 2082 2973 3743 3048">
    <p class='ocr_par' dir='ltr' id='par_1_57' title="bbox 2082 2973 3743 3048">
     <span class='ocr_line' id='line_1_57' title="bbox 2082 2973 3743 3048; baseline -0.004 -15"><span class='ocrx_word' id='word_1_405' title='bbox 2082 2978 2242 3033; x_wconf 86' lang='lat' dir='ltr'><strong>illam</strong></span> <span class='ocrx_word' id='word_1_406' title='bbox 2259 2993 2325 3032; x_wconf 90' lang='lat' dir='ltr'><strong>ac</strong></span> <span class='ocrx_word' id='word_1_407' title='bbox 2343 2975 2827 3048; x_wconf 84' lang='lat' dir='ltr'><strong>pretiosissimam</strong></span> <span class='ocrx_word' id='word_1_408' title='bbox 2851 2977 3098 3048; x_wconf 85' lang='lat' dir='ltr'><strong>eudyten</strong></span> <span class='ocrx_word' id='word_1_409' title='bbox 3126 2976 3243 3030; x_wconf 82' lang='lat' dir='ltr'><strong>sive</strong></span> <span class='ocrx_word' id='word_1_410' title='bbox 3269 2973 3514 3046; x_wconf 78' lang='lat' dir='ltr'><strong>pallium</strong></span> <span class='ocrx_word' id='word_1_411' title='bbox 3537 2973 3743 3028; x_wconf 86' lang='lat' dir='ltr'><strong>altaris</strong></span> 
     </span>
    </p>
   </div>
   <div class='ocr_carea' id='block_1_58' title="bbox 2081 3061 3746 3134">
    <p class='ocr_par' dir='ltr' id='par_1_58' title="bbox 2081 3061 3746 3134">
     <span class='ocr_line' id='line_1_58' title="bbox 2081 3061 3746 3134; baseline -0.003 -15"><span class='ocrx_word' id='word_1_412' title='bbox 2081 3065 2337 3120; x_wconf 70' lang='lat' dir='ltr'><strong>ecclesia:</strong></span> <span class='ocrx_word' id='word_1_413' title='bbox 2373 3064 2631 3133; x_wconf 64' lang='lat' dir='ltr'><strong>Majoris.</strong></span> <span class='ocrx_word' id='word_1_414' title='bbox 2656 3066 2727 3118; x_wconf 85' lang='lat' dir='ltr'><strong>At</strong></span> <span class='ocrx_word' id='word_1_415' title='bbox 2759 3064 3019 3134; x_wconf 87' lang='lat' dir='ltr'><strong>episcopi</strong></span> <span class='ocrx_word' id='word_1_416' title='bbox 3045 3080 3179 3118; x_wconf 90' lang='lat' dir='ltr'><strong>cum</strong></span> <span class='ocrx_word' id='word_1_417' title='bbox 3207 3078 3420 3133; x_wconf 85' lang='lat' dir='ltr'><strong>magno</strong></span> <span class='ocrx_word' id='word_1_418' title='bbox 3445 3061 3746 3133; x_wconf 87' lang='lat' dir='ltr'><strong>logotheta</strong></span> 
     </span>
    </p>
   </div>
   <div class='ocr_carea' id='block_1_59' title="bbox 2085 3151 3740 3221">
    <p class='ocr_par' dir='ltr' id='par_1_59' title="bbox 2085 3151 3740 3221">
     <span class='ocr_line' id='line_1_59' title="bbox 2085 3151 3740 3221; baseline -0.002 -13"><span class='ocrx_word' id='word_1_419' title='bbox 2085 3159 2312 3209; x_wconf 87' lang='lat' dir='ltr'><strong>noctem</strong></span> <span class='ocrx_word' id='word_1_420' title='bbox 2348 3159 2529 3208; x_wconf 88' lang='lat' dir='ltr'><strong>totam</strong></span> <span class='ocrx_word' id='word_1_421' title='bbox 2559 3170 2692 3208; x_wconf 90' lang='lat' dir='ltr'><strong>cum</strong></span> <span class='ocrx_word' id='word_1_422' title='bbox 2727 3153 2908 3207; x_wconf 80' lang='lat' dir='ltr'><strong>fluctu</strong></span> <span class='ocrx_word' id='word_1_423' title='bbox 2943 3152 3206 3221; x_wconf 78' lang='lat' dir='ltr'><strong>marique</strong></span> <span class='ocrx_word' id='word_1_424' title='bbox 3235 3151 3398 3207; x_wconf 89' lang='lat' dir='ltr'><strong>omni</strong></span> <span class='ocrx_word' id='word_1_425' title='bbox 3424 3157 3740 3205; x_wconf 83' lang='lat' dir='ltr'><strong>nautarum</strong></span> 
     </span>
    </p>
   </div>
   <div class='ocr_carea' id='block_1_60' title="bbox 319 3239 3747 3342">
    <p class='ocr_par' dir='ltr' id='par_1_60' title="bbox 319 3239 3747 3342">
     <span class='ocr_line' id='line_1_60' title="bbox 319 3239 3747 3342; baseline -0.001 -45"><span class='ocrx_word' id='word_1_426' title='bbox 319 3241 556 3314; x_wconf 86' lang='lat' dir='ltr'><strong>gebant,</strong></span> <span class='ocrx_word' id='word_1_427' title='bbox 605 3243 954 3314; x_wconf 88' lang='lat' dir='ltr'><strong>gravissimo</strong></span> <span class='ocrx_word' id='word_1_428' title='bbox 988 3243 1124 3298; x_wconf 88' lang='lat' dir='ltr'><strong>inde</strong></span> <span class='ocrx_word' id='word_1_429' title='bbox 1155 3243 1506 3299; x_wconf 85' lang='lat' dir='ltr'><strong>imminente</strong></span> <span class='ocrx_word' id='word_1_430' title='bbox 1559 3244 1973 3316; x_wconf 71' lang='lat' dir='ltr'><strong>navigantibus</strong></span> <span class='ocrx_word' id='word_1_431' title='bbox 2006 3273 2049 3342; x_wconf 65' lang='grc' dir='ltr'>α</span> <span class='ocrx_word' id='word_1_432' title='bbox 2087 3243 2384 3298; x_wconf 79' lang='lat' dir='ltr'><strong>industria</strong></span> <span class='ocrx_word' id='word_1_433' title='bbox 2412 3242 2642 3307; x_wconf 88' lang='lat' dir='ltr'><strong>luctati,</strong></span> <span class='ocrx_word' id='word_1_434' title='bbox 2679 3259 2744 3297; x_wconf 87' lang='lat' dir='ltr'><strong>ac</strong></span> <span class='ocrx_word' id='word_1_435' title='bbox 2776 3243 2996 3314; x_wconf 62' lang='lat' dir='ltr'><strong>saepein</strong></span> <span class='ocrx_word' id='word_1_436' title='bbox 3012 3248 3337 3297; x_wconf 87' lang='lat' dir='ltr'><strong>extremum</strong></span> <span class='ocrx_word' id='word_1_437' title='bbox 3355 3239 3747 3295; x_wconf 86' lang='lat' dir='ltr'><strong>demersionis</strong></span> 
     </span>
    </p>
   </div>
   <div class='ocr_carea' id='block_1_61' title="bbox 318 3330 1975 3405">
    <p class='ocr_par' dir='ltr' id='par_1_61' title="bbox 318 3330 1975 3405">
     <span class='ocr_line' id='line_1_61' title="bbox 318 3330 1975 3405; baseline 0.002 -19"><span class='ocrx_word' id='word_1_438' title='bbox 318 3330 605 3404; x_wconf 88' lang='lat' dir='ltr'><strong>periculo.</strong></span> <span class='ocrx_word' id='word_1_439' title='bbox 646 3339 726 3387; x_wconf 87' lang='lat' dir='ltr'><strong>Ac</strong></span> <span class='ocrx_word' id='word_1_440' title='bbox 758 3333 1015 3404; x_wconf 90' lang='lat' dir='ltr'><strong>primum</strong></span> <span class='ocrx_word' id='word_1_441' title='bbox 1047 3333 1134 3389; x_wconf 87' lang='lat' dir='ltr'><strong>vis</strong></span> <span class='ocrx_word' id='word_1_442' title='bbox 1168 3333 1534 3405; x_wconf 88' lang='lat' dir='ltr'><strong>tempestatis</strong></span> <span class='ocrx_word' id='word_1_443' title='bbox 1576 3333 1850 3390; x_wconf 80' lang='lat' dir='ltr'><strong>distraxit</strong></span> <span class='ocrx_word' id='word_1_444' title='bbox 1904 3335 1975 3389; x_wconf 88' lang='lat' dir='ltr'><strong>ab</strong></span> 
     </span>
    </p>
   </div>
   <div class='ocr_carea' id='block_1_62' title="bbox 323 3421 1989 3494">
    <p class='ocr_par' dir='ltr' id='par_1_62' title="bbox 323 3421 1989 3494">
     <span class='ocr_line' id='line_1_62' title="bbox 323 3421 1989 3494; baseline 0.002 -19"><span class='ocrx_word' id='word_1_445' title='bbox 323 3421 600 3488; x_wconf 88' lang='lat' dir='ltr'><strong>invicem,</strong></span> <span class='ocrx_word' id='word_1_446' title='bbox 631 3426 876 3494; x_wconf 86' lang='lat' dir='ltr'><strong>tamque</strong></span> <span class='ocrx_word' id='word_1_447' title='bbox 907 3421 1079 3494; x_wconf 88' lang='lat' dir='ltr'><strong>longe</strong></span> <span class='ocrx_word' id='word_1_448' title='bbox 1110 3423 1354 3478; x_wconf 85' lang='lat' dir='ltr'><strong>abduxit</strong></span> <span class='ocrx_word' id='word_1_449' title='bbox 1409 3424 1678 3480; x_wconf 82' lang='lat' dir='ltr'><strong>triremes</strong></span> <span class='ocrx_word' id='word_1_450' title='bbox 1718 3425 1888 3492; x_wconf 89' lang='lat' dir='ltr'><strong>duas,</strong></span> <span class='ocrx_word' id='word_1_451' title='bbox 1923 3429 1989 3479; x_wconf 93' lang='lat' dir='ltr'><strong>ut</strong></span> 
     </span>
    </p>
   </div>
   <div class='ocr_carea' id='block_1_63' title="bbox 320 3511 1981 3584">
    <p class='ocr_par' dir='ltr' id='par_1_63' title="bbox 320 3511 1981 3584">
     <span class='ocr_line' id='line_1_63' title="bbox 320 3511 1981 3584; baseline 0.003 -19"><span class='ocrx_word' id='word_1_452' title='bbox 320 3511 593 3566; x_wconf 88' lang='lat' dir='ltr'><strong>neutrius</strong></span> <span class='ocrx_word' id='word_1_453' title='bbox 623 3512 834 3568; x_wconf 91' lang='lat' dir='ltr'><strong>harum</strong></span> <span class='ocrx_word' id='word_1_454' title='bbox 867 3517 1128 3568; x_wconf 86' lang='lat' dir='ltr'><strong>vectores</strong></span> <span class='ocrx_word' id='word_1_455' title='bbox 1157 3513 1375 3568; x_wconf 85' lang='lat' dir='ltr'><strong>scirent</strong></span> <span class='ocrx_word' id='word_1_456' title='bbox 1398 3513 1538 3584; x_wconf 90' lang='lat' dir='ltr'><strong>quid</strong></span> <span class='ocrx_word' id='word_1_457' title='bbox 1559 3513 1736 3570; x_wconf 88' lang='lat' dir='ltr'><strong>sociis</strong></span> <span class='ocrx_word' id='word_1_458' title='bbox 1761 3519 1981 3584; x_wconf 89' lang='lat' dir='ltr'><strong>actum,</strong></span> 
     </span>
    </p>
   </div>
   <div class='ocr_carea' id='block_1_64' title="bbox 324 3599 1984 3676">
    <p class='ocr_par' dir='ltr' id='par_1_64' title="bbox 324 3599 1984 3676">
     <span class='ocr_line' id='line_1_64' title="bbox 324 3599 1984 3676; baseline 0.003 -22"><span class='ocrx_word' id='word_1_459' title='bbox 324 3615 514 3671; x_wconf 88' lang='lat' dir='ltr'><strong>quove</strong></span> <span class='ocrx_word' id='word_1_460' title='bbox 545 3599 722 3657; x_wconf 88' lang='lat' dir='ltr'><strong>aliam</strong></span> <span class='ocrx_word' id='word_1_461' title='bbox 756 3617 961 3658; x_wconf 90' lang='lat' dir='ltr'><strong>navem</strong></span> <span class='ocrx_word' id='word_1_462' title='bbox 1018 3602 1106 3656; x_wconf 91' lang='lat' dir='ltr'><strong>vis</strong></span> <span class='ocrx_word' id='word_1_463' title='bbox 1165 3601 1291 3657; x_wconf 73' lang='lat' dir='ltr'><strong>cceli</strong></span> <span class='ocrx_word' id='word_1_464' title='bbox 1351 3601 1575 3674; x_wconf 86' lang='lat' dir='ltr'><strong>salique</strong></span> <span class='ocrx_word' id='word_1_465' title='bbox 1616 3604 1984 3676; x_wconf 83' lang='lat' dir='ltr'><strong>propelleret,</strong></span> 
     </span>
    </p>
   </div>
   <div class='ocr_carea' id='block_1_65' title="bbox 329 3688 1984 3764">
    <p class='ocr_par' dir='ltr' id='par_1_65' title="bbox 329 3688 1984 3764">
     <span class='ocr_line' id='line_1_65' title="bbox 329 3688 1984 3764; baseline 0.005 -21"><span class='ocrx_word' id='word_1_466' title='bbox 329 3688 440 3743; x_wconf 90' lang='lat' dir='ltr'><strong>hoe</strong></span> <span class='ocrx_word' id='word_1_467' title='bbox 471 3694 709 3746; x_wconf 88' lang='lat' dir='ltr'><strong>tantum</strong></span> <span class='ocrx_word' id='word_1_468' title='bbox 741 3706 904 3762; x_wconf 79' lang='lat' dir='ltr'><strong>asque</strong></span> <span class='ocrx_word' id='word_1_469' title='bbox 937 3690 1205 3762; x_wconf 86' lang='lat' dir='ltr'><strong>utrisque</strong></span> <span class='ocrx_word' id='word_1_470' title='bbox 1237 3691 1652 3764; x_wconf 87' lang='lat' dir='ltr'><strong>sentientibus,</strong></span> <span class='ocrx_word' id='word_1_471' title='bbox 1686 3695 1891 3750; x_wconf 85' lang='lat' dir='ltr'><strong>cedere</strong></span> <span class='ocrx_word' id='word_1_472' title='bbox 1923 3711 1984 3751; x_wconf 88' lang='lat' dir='ltr'><strong>se</strong></span> 
     </span>
    </p>
   </div>
   <div class='ocr_carea' id='block_1_66' title="bbox 323 3778 1985 3840">
    <p class='ocr_par' dir='ltr' id='par_1_66' title="bbox 323 3778 1985 3840">
     <span class='ocr_line' id='line_1_66' title="bbox 323 3778 1985 3840; baseline 0.005 -8"><span class='ocrx_word' id='word_1_473' title='bbox 323 3779 655 3836; x_wconf 85' lang='lat' dir='ltr'><strong>necessario</strong></span> <span class='ocrx_word' id='word_1_474' title='bbox 685 3778 1052 3835; x_wconf 88' lang='lat' dir='ltr'><strong>ineluctabili</strong></span> <span class='ocrx_word' id='word_1_475' title='bbox 1083 3781 1136 3834; x_wconf 92' lang='lat' dir='ltr'><strong>vi</strong></span> <span class='ocrx_word' id='word_1_476' title='bbox 1153 3781 1459 3837; x_wconf 64' lang='lat' dir='ltr'><strong>aestuantis</strong></span> <span class='ocrx_word' id='word_1_477' title='bbox 1472 3781 1985 3840; x_wconf 81' lang='lat' dir='ltr'><strong>vehementissime</strong></span> 
     </span>
    </p>
   </div>
   <div class='ocr_carea' id='block_1_67' title="bbox 328 3865 1984 3944">
    <p class='ocr_par' dir='ltr' id='par_1_67' title="bbox 328 3865 1984 3944">
     <span class='ocr_line' id='line_1_67' title="bbox 328 3865 1984 3944; baseline 0.004 -22"><span class='ocrx_word' id='word_1_478' title='bbox 328 3865 541 3939; x_wconf 83' lang='lat' dir='ltr'><strong>pelagi,</strong></span> <span class='ocrx_word' id='word_1_479' title='bbox 576 3884 682 3924; x_wconf 91' lang='lat' dir='ltr'><strong>nec</strong></span> <span class='ocrx_word' id='word_1_480' title='bbox 713 3885 828 3940; x_wconf 92' lang='lat' dir='ltr'><strong>quo</strong></span> <span class='ocrx_word' id='word_1_481' title='bbox 859 3868 1087 3941; x_wconf 90' lang='lat' dir='ltr'><strong>impetu</strong></span> <span class='ocrx_word' id='word_1_482' title='bbox 1119 3869 1767 3944; x_wconf 89' lang='lat' dir='ltr'><strong>tantoimpingerentur</strong></span> <span class='ocrx_word' id='word_1_483' title='bbox 1789 3872 1984 3944; x_wconf 86' lang='lat' dir='ltr'><strong>explo-</strong></span> 
     </span>
    </p>
   </div>
   <div class='ocr_carea' id='block_1_68' title="bbox 327 3956 1985 4018">
    <p class='ocr_par' dir='ltr' id='par_1_68' title="bbox 327 3956 1985 4018">
     <span class='ocr_line' id='line_1_68' title="bbox 327 3956 1985 4018; baseline 0.005 -8"><span class='ocrx_word' id='word_1_484' title='bbox 327 3961 522 4012; x_wconf 86' lang='lat' dir='ltr'><strong>ratum</strong></span> <span class='ocrx_word' id='word_1_485' title='bbox 551 3956 929 4014; x_wconf 88' lang='lat' dir='ltr'><strong>habentibus.</strong></span> <span class='ocrx_word' id='word_1_486' title='bbox 965 3961 1028 4014; x_wconf 90' lang='lat' dir='ltr'><strong>In</strong></span> <span class='ocrx_word' id='word_1_487' title='bbox 1061 3958 1170 4015; x_wconf 92' lang='lat' dir='ltr'><strong>hoc</strong></span> <span class='ocrx_word' id='word_1_488' title='bbox 1200 3959 1422 4015; x_wconf 90' lang='lat' dir='ltr'><strong>incerto</strong></span> <span class='ocrx_word' id='word_1_489' title='bbox 1473 3964 1673 4017; x_wconf 90' lang='lat' dir='ltr'><strong>tamen</strong></span> <span class='ocrx_word' id='word_1_490' title='bbox 1729 3967 1985 4018; x_wconf 88' lang='lat' dir='ltr'><strong>rectores</strong></span> 
     </span>
    </p>
   </div>
   <div class='ocr_carea' id='block_1_69' title="bbox 330 4045 1982 4122">
    <p class='ocr_par' dir='ltr' id='par_1_69' title="bbox 330 4045 1982 4122">
     <span class='ocr_line' id='line_1_69' title="bbox 330 4045 1982 4122; baseline 0.005 -24"><span class='ocrx_word' id='word_1_491' title='bbox 330 4045 593 4101; x_wconf 89' lang='lat' dir='ltr'><strong>triremis</strong></span> <span class='ocrx_word' id='word_1_492' title='bbox 618 4062 737 4117; x_wconf 90' lang='lat' dir='ltr'><strong>qua</strong></span> <span class='ocrx_word' id='word_1_493' title='bbox 765 4047 1094 4105; x_wconf 89' lang='lat' dir='ltr'><strong>Germanus</strong></span> <span class='ocrx_word' id='word_1_494' title='bbox 1125 4065 1258 4104; x_wconf 90' lang='lat' dir='ltr'><strong>cum</strong></span> <span class='ocrx_word' id='word_1_495' title='bbox 1295 4048 1536 4122; x_wconf 89' lang='lat' dir='ltr'><strong>collegis</strong></span> <span class='ocrx_word' id='word_1_496' title='bbox 1562 4055 1620 4106; x_wconf 91' lang='lat' dir='ltr'><strong>et</strong></span> <span class='ocrx_word' id='word_1_497' title='bbox 1651 4067 1863 4121; x_wconf 77' lang='lat' dir='ltr'><strong>magno</strong></span> <span class='ocrx_word' id='word_1_498' title='bbox 1894 4051 1982 4107; x_wconf 85' lang='lat' dir='ltr'><strong>lo-</strong></span> 
     </span>
    </p>
   </div>
   <div class='ocr_carea' id='block_1_70' title="bbox 329 4133 1984 4210">
    <p class='ocr_par' dir='ltr' id='par_1_70' title="bbox 329 4133 1984 4210">
     <span class='ocr_line' id='line_1_70' title="bbox 329 4133 1984 4210; baseline 0.004 -22"><span class='ocrx_word' id='word_1_499' title='bbox 329 4133 570 4204; x_wconf 90' lang='lat' dir='ltr'><strong>gotheta</strong></span> <span class='ocrx_word' id='word_1_500' title='bbox 615 4135 973 4209; x_wconf 84' lang='lat' dir='ltr'><strong>ferebantur,</strong></span> <span class='ocrx_word' id='word_1_501' title='bbox 997 4138 1331 4210; x_wconf 88' lang='lat' dir='ltr'><strong>sapientius</strong></span> <span class='ocrx_word' id='word_1_502' title='bbox 1375 4139 1824 4207; x_wconf 87' lang='lat' dir='ltr'><strong>consuluerunt,</strong></span> <span class='ocrx_word' id='word_1_503' title='bbox 1859 4145 1984 4194; x_wconf 90' lang='lat' dir='ltr'><strong>tru-</strong></span> 
     </span>
    </p>
   </div>
   <div class='ocr_carea' id='block_1_71' title="bbox 332 4224 1988 4298">
    <p class='ocr_par' dir='ltr' id='par_1_71' title="bbox 332 4224 1988 4298">
     <span class='ocr_line' id='line_1_71' title="bbox 332 4224 1988 4298; baseline 0.004 -20"><span class='ocrx_word' id='word_1_504' title='bbox 332 4225 538 4280; x_wconf 87' lang='lat' dir='ltr'><strong>dentes</strong></span> <span class='ocrx_word' id='word_1_505' title='bbox 570 4224 630 4280; x_wconf 91' lang='lat' dir='ltr'><strong>in</strong></span> <span class='ocrx_word' id='word_1_506' title='bbox 662 4225 847 4280; x_wconf 90' lang='lat' dir='ltr'><strong>altum</strong></span> <span class='ocrx_word' id='word_1_507' title='bbox 867 4228 1060 4282; x_wconf 89' lang='lat' dir='ltr'><strong>navim</strong></span> <span class='ocrx_word' id='word_1_508' title='bbox 1075 4233 1132 4284; x_wconf 90' lang='lat' dir='ltr'><strong>et</strong></span> <span class='ocrx_word' id='word_1_509' title='bbox 1163 4227 1301 4283; x_wconf 88' lang='lat' dir='ltr'><strong>totis</strong></span> <span class='ocrx_word' id='word_1_510' title='bbox 1322 4227 1836 4298; x_wconf 88' lang='lat' dir='ltr'><strong>accipientesvelis</strong></span> <span class='ocrx_word' id='word_1_511' title='bbox 1869 4229 1988 4284; x_wconf 90' lang='lat' dir='ltr'><strong>abi-</strong></span> 
     </span>
    </p>
   </div>
   <div class='ocr_carea' id='block_1_72' title="bbox 329 4315 1988 4388">
    <p class='ocr_par' dir='ltr' id='par_1_72' title="bbox 329 4315 1988 4388">
     <span class='ocr_line' id='line_1_72' title="bbox 329 4315 1988 4388; baseline 0.003 -20"><span class='ocrx_word' id='word_1_512' title='bbox 329 4316 562 4384; x_wconf 88' lang='lat' dir='ltr'><strong>gentem</strong></span> <span class='ocrx_word' id='word_1_513' title='bbox 608 4331 643 4370; x_wconf 88' lang='lat' dir='ltr'><strong>a</strong></span> <span class='ocrx_word' id='word_1_514' title='bbox 672 4318 828 4371; x_wconf 86' lang='lat' dir='ltr'><strong>terra</strong></span> <span class='ocrx_word' id='word_1_515' title='bbox 875 4320 1136 4381; x_wconf 89' lang='lat' dir='ltr'><strong>ventum,</strong></span> <span class='ocrx_word' id='word_1_516' title='bbox 1172 4316 1326 4387; x_wconf 88' lang='lat' dir='ltr'><strong>quod</strong></span> <span class='ocrx_word' id='word_1_517' title='bbox 1367 4315 1468 4371; x_wconf 90' lang='lat' dir='ltr'><strong>tali</strong></span> <span class='ocrx_word' id='word_1_518' title='bbox 1501 4321 1758 4388; x_wconf 89' lang='lat' dir='ltr'><strong>tempore</strong></span> <span class='ocrx_word' id='word_1_519' title='bbox 1789 4317 1924 4388; x_wconf 87' lang='lat' dir='ltr'><strong>plus</strong></span> <span class='ocrx_word' id='word_1_520' title='bbox 1953 4335 1988 4373; x_wconf 90' lang='lat' dir='ltr'><strong>a</strong></span> 
     </span>
    </p>
   </div>
   <div class='ocr_carea' id='block_1_73' title="bbox 332 4401 1986 4474">
    <p class='ocr_par' dir='ltr' id='par_1_73' title="bbox 332 4401 1986 4474">
     <span class='ocr_line' id='line_1_73' title="bbox 332 4401 1986 4474; baseline 0.004 -19"><span class='ocrx_word' id='word_1_521' title='bbox 332 4401 524 4456; x_wconf 88' lang='lat' dir='ltr'><strong>littore</strong></span> <span class='ocrx_word' id='word_1_522' title='bbox 550 4419 726 4473; x_wconf 89' lang='lat' dir='ltr'><strong>quam</strong></span> <span class='ocrx_word' id='word_1_523' title='bbox 758 4421 792 4458; x_wconf 91' lang='lat' dir='ltr'><strong>a</strong></span> <span class='ocrx_word' id='word_1_524' title='bbox 821 4403 940 4458; x_wconf 91' lang='lat' dir='ltr'><strong>lato</strong></span> <span class='ocrx_word' id='word_1_525' title='bbox 971 4420 1202 4474; x_wconf 72' lang='lat' dir='ltr'><strong>aequore</strong></span> <span class='ocrx_word' id='word_1_526' title='bbox 1233 4405 1618 4460; x_wconf 88' lang='lat' dir='ltr'><strong>metuendum</strong></span> <span class='ocrx_word' id='word_1_527' title='bbox 1639 4410 1793 4461; x_wconf 84' lang='lat' dir='ltr'><strong>recte</strong></span> <span class='ocrx_word' id='word_1_528' title='bbox 1813 4407 1986 4462; x_wconf 90' lang='lat' dir='ltr'><strong>duce-</strong></span> 
     </span>
    </p>
   </div>
   <div class='ocr_carea' id='block_1_74' title="bbox 329 4489 1988 4566">
    <p class='ocr_par' dir='ltr' id='par_1_74' title="bbox 329 4489 1988 4566">
     <span class='ocr_line' id='line_1_74' title="bbox 329 4489 1988 4566; baseline 0.004 -22"><span class='ocrx_word' id='word_1_529' title='bbox 329 4493 477 4545; x_wconf 87' lang='lat' dir='ltr'><strong>rent.</strong></span> <span class='ocrx_word' id='word_1_530' title='bbox 506 4489 570 4545; x_wconf 91' lang='lat' dir='ltr'><strong>ln</strong></span> <span class='ocrx_word' id='word_1_531' title='bbox 611 4507 728 4562; x_wconf 93' lang='lat' dir='ltr'><strong>quo</strong></span> <span class='ocrx_word' id='word_1_532' title='bbox 759 4491 905 4546; x_wconf 92' lang='lat' dir='ltr'><strong>alios</strong></span> <span class='ocrx_word' id='word_1_533' title='bbox 939 4493 1086 4546; x_wconf 86' lang='lat' dir='ltr'><strong>ratio</strong></span> <span class='ocrx_word' id='word_1_534' title='bbox 1121 4491 1327 4546; x_wconf 84' lang='lat' dir='ltr'><strong>fefellit</strong></span> <span class='ocrx_word' id='word_1_535' title='bbox 1359 4493 1508 4547; x_wconf 78' lang='lat'><strong>397</strong></span> <span class='ocrx_word' id='word_1_536' title='bbox 1536 4493 1720 4549; x_wconf 87' lang='lat' dir='ltr'><strong>stulta</strong></span> <span class='ocrx_word' id='word_1_537' title='bbox 1753 4495 1988 4566; x_wconf 88' lang='lat' dir='ltr'><strong>pusilla-</strong></span> 
     </span>
    </p>
   </div>
   <div class='ocr_carea' id='block_1_75' title="bbox 331 4578 1986 4652">
    <p class='ocr_par' dir='ltr' id='par_1_75' title="bbox 331 4578 1986 4652">
     <span class='ocr_line' id='line_1_75' title="bbox 331 4578 1986 4652; baseline 0.003 -18"><span class='ocrx_word' id='word_1_538' title='bbox 331 4578 606 4635; x_wconf 88' lang='lat' dir='ltr'><strong>nimitate</strong></span> <span class='ocrx_word' id='word_1_539' title='bbox 636 4579 881 4652; x_wconf 87' lang='lat' dir='ltr'><strong>pelagus</strong></span> <span class='ocrx_word' id='word_1_540' title='bbox 901 4581 1176 4649; x_wconf 88' lang='lat' dir='ltr'><strong>vitantes,</strong></span> <span class='ocrx_word' id='word_1_541' title='bbox 1209 4584 1376 4637; x_wconf 67' lang='lat' dir='ltr'><strong>terra:</strong></span> <span class='ocrx_word' id='word_1_542' title='bbox 1396 4581 1676 4638; x_wconf 89' lang='lat' dir='ltr'><strong>viciniam</strong></span> <span class='ocrx_word' id='word_1_543' title='bbox 1710 4584 1986 4640; x_wconf 76' lang='lat' dir='ltr'><strong>aﬂ&#39;ectan-</strong></span> 
     </span>
    </p>
   </div>
   <div class='ocr_carea' id='block_1_76' title="bbox 2090 3329 3747 3402">
    <p class='ocr_par' dir='ltr' id='par_1_76' title="bbox 2090 3329 3747 3402">
     <span class='ocr_line' id='line_1_76' title="bbox 2090 3329 3747 3402; baseline -0.002 -15"><span class='ocrx_word' id='word_1_544' title='bbox 2090 3332 2311 3387; x_wconf 85' lang='lat' dir='ltr'><strong>admoti</strong></span> <span class='ocrx_word' id='word_1_545' title='bbox 2350 3331 2693 3396; x_wconf 86' lang='lat' dir='ltr'><strong>discrimen,</strong></span> <span class='ocrx_word' id='word_1_546' title='bbox 2743 3347 2893 3402; x_wconf 81' lang='lat' dir='ltr'><strong>aegre</strong></span> <span class='ocrx_word' id='word_1_547' title='bbox 2941 3347 3178 3386; x_wconf 90' lang='lat' dir='ltr'><strong>summa</strong></span> <span class='ocrx_word' id='word_1_548' title='bbox 3222 3330 3276 3385; x_wconf 93' lang='lat' dir='ltr'><strong>vi</strong></span> <span class='ocrx_word' id='word_1_549' title='bbox 3325 3329 3436 3385; x_wconf 91' lang='lat' dir='ltr'><strong>sub</strong></span> <span class='ocrx_word' id='word_1_550' title='bbox 3470 3345 3747 3384; x_wconf 89' lang='lat' dir='ltr'><strong>auroram</strong></span> 
     </span>
    </p>
   </div>
   <div class='ocr_carea' id='block_1_77' title="bbox 2091 3420 3746 3491">
    <p class='ocr_par' dir='ltr' id='par_1_77' title="bbox 2091 3420 3746 3491">
     <span class='ocr_line' id='line_1_77' title="bbox 2091 3420 3746 3491; baseline -0.001 -16"><span class='ocrx_word' id='word_1_551' title='bbox 2091 3421 2426 3476; x_wconf 89' lang='lat' dir='ltr'><strong>Methonem</strong></span> <span class='ocrx_word' id='word_1_552' title='bbox 2463 3426 2796 3483; x_wconf 87' lang='lat' dir='ltr'><strong>tenuerunt,</strong></span> <span class='ocrx_word' id='word_1_553' title='bbox 2832 3420 3016 3490; x_wconf 88' lang='lat' dir='ltr'><strong>elapsi</strong></span> <span class='ocrx_word' id='word_1_554' title='bbox 3051 3424 3258 3491; x_wconf 60' lang='lat' dir='ltr'><strong>praeter</strong></span> <span class='ocrx_word' id='word_1_555' title='bbox 3309 3435 3546 3474; x_wconf 92' lang='lat' dir='ltr'><strong>omnem</strong></span> <span class='ocrx_word' id='word_1_556' title='bbox 3579 3435 3746 3490; x_wconf 87' lang='lat' dir='ltr'><strong>spem</strong></span> 
     </span>
    </p>
   </div>
   <div class='ocr_carea' id='block_1_78' title="bbox 2091 3506 3749 3581">
    <p class='ocr_par' dir='ltr' id='par_1_78' title="bbox 2091 3506 3749 3581">
     <span class='ocr_line' id='line_1_78' title="bbox 2091 3506 3749 3581; baseline -0.002 -17"><span class='ocrx_word' id='word_1_557' title='bbox 2091 3509 2350 3581; x_wconf 90' lang='lat' dir='ltr'><strong>periculo</strong></span> <span class='ocrx_word' id='word_1_558' title='bbox 2384 3509 2866 3581; x_wconf 60' lang='lat' dir='ltr'><strong>prmsentissimo.</strong></span> <span class='ocrx_word' id='word_1_559' title='bbox 2901 3510 2987 3564; x_wconf 89' lang='lat' dir='ltr'><strong>lbi</strong></span> <span class='ocrx_word' id='word_1_560' title='bbox 3019 3509 3368 3580; x_wconf 89' lang='lat' dir='ltr'><strong>quieverunt</strong></span> <span class='ocrx_word' id='word_1_561' title='bbox 3397 3508 3606 3564; x_wconf 91' lang='lat' dir='ltr'><strong>diebus</strong></span> <span class='ocrx_word' id='word_1_562' title='bbox 3639 3506 3749 3562; x_wconf 83' lang='lat' dir='ltr'><strong>ali-</strong></span> 
     </span>
    </p>
   </div>
   <div class='ocr_carea' id='block_1_79' title="bbox 2091 3598 3749 3670">
    <p class='ocr_par' dir='ltr' id='par_1_79' title="bbox 2091 3598 3749 3670">
     <span class='ocr_line' id='line_1_79' title="bbox 2091 3598 3749 3670; baseline -0.001 -16"><span class='ocrx_word' id='word_1_563' title='bbox 2091 3604 2673 3670; x_wconf 86' lang='lat' dir='ltr'><strong>quot,exspectantes</strong></span> <span class='ocrx_word' id='word_1_564' title='bbox 2704 3599 2992 3654; x_wconf 90' lang='lat' dir='ltr'><strong>indicium</strong></span> <span class='ocrx_word' id='word_1_565' title='bbox 3027 3600 3097 3653; x_wconf 90' lang='lat' dir='ltr'><strong>de</strong></span> <span class='ocrx_word' id='word_1_566' title='bbox 3131 3613 3197 3654; x_wconf 89' lang='lat' dir='ltr'><strong>eo</strong></span> <span class='ocrx_word' id='word_1_567' title='bbox 3228 3599 3382 3670; x_wconf 89' lang='lat' dir='ltr'><strong>quod</strong></span> <span class='ocrx_word' id='word_1_568' title='bbox 3423 3598 3749 3654; x_wconf 88' lang='lat' dir='ltr'><strong>comitibus</strong></span> 
     </span>
    </p>
   </div>
   <div class='ocr_carea' id='block_1_80' title="bbox 2090 3686 3746 3762">
    <p class='ocr_par' dir='ltr' id='par_1_80' title="bbox 2090 3686 3746 3762">
     <span class='ocr_line' id='line_1_80' title="bbox 2090 3686 3746 3762; baseline -0.002 -18"><span class='ocrx_word' id='word_1_569' title='bbox 2090 3688 2401 3756; x_wconf 89' lang='lat' dir='ltr'><strong>evenisset,</strong></span> <span class='ocrx_word' id='word_1_570' title='bbox 2436 3688 2484 3744; x_wconf 88' lang='lat' dir='ltr'><strong>si</strong></span> <span class='ocrx_word' id='word_1_571' title='bbox 2518 3705 2632 3762; x_wconf 91' lang='lat' dir='ltr'><strong>quo</strong></span> <span class='ocrx_word' id='word_1_572' title='bbox 2665 3689 2812 3744; x_wconf 90' lang='lat' dir='ltr'><strong>forte</strong></span> <span class='ocrx_word' id='word_1_573' title='bbox 2843 3692 3163 3760; x_wconf 86' lang='lat' dir='ltr'><strong>tempestas</strong></span> <span class='ocrx_word' id='word_1_574' title='bbox 3195 3687 3472 3743; x_wconf 81' lang='lat' dir='ltr'><strong>similiter</strong></span> <span class='ocrx_word' id='word_1_575' title='bbox 3523 3686 3746 3742; x_wconf 85' lang='lat' dir='ltr'><strong>salvam</strong></span> 
     </span>
    </p>
   </div>
   <div class='ocr_carea' id='block_1_81' title="bbox 2091 3776 3753 3849">
    <p class='ocr_par' dir='ltr' id='par_1_81' title="bbox 2091 3776 3753 3849">
     <span class='ocr_line' id='line_1_81' title="bbox 2091 3776 3753 3849; baseline -0.002 -16"><span class='ocrx_word' id='word_1_576' title='bbox 2091 3777 2418 3849; x_wconf 87' lang='lat' dir='ltr'><strong>appulisset</strong></span> <span class='ocrx_word' id='word_1_577' title='bbox 2448 3780 2663 3834; x_wconf 84' lang='lat' dir='ltr'><strong>sociam</strong></span> <span class='ocrx_word' id='word_1_578' title='bbox 2687 3778 3223 3834; x_wconf 85' lang='lat' dir='ltr'><strong>triremim.Verum</strong></span> <span class='ocrx_word' id='word_1_579' title='bbox 3267 3794 3380 3832; x_wconf 92' lang='lat' dir='ltr'><strong>non</strong></span> <span class='ocrx_word' id='word_1_580' title='bbox 3408 3776 3590 3830; x_wconf 89' lang='lat' dir='ltr'><strong>multo</strong></span> <span class='ocrx_word' id='word_1_581' title='bbox 3615 3780 3753 3846; x_wconf 91' lang='lat' dir='ltr'><strong>post</strong></span> 
     </span>
    </p>
   </div>
   <div class='ocr_carea' id='block_1_82' title="bbox 2037 3865 3751 3939">
    <p class='ocr_par' dir='ltr' id='par_1_82' title="bbox 2037 3865 3751 3939">
     <span class='ocr_line' id='line_1_82' title="bbox 2037 3865 3751 3939; baseline 0 -21"><span class='ocrx_word' id='word_1_582' title='bbox 2037 3913 2042 3918; x_wconf 91' lang='lat'><strong>.</strong></span> <span class='ocrx_word' id='word_1_583' title='bbox 2091 3868 2278 3923; x_wconf 83' lang='lat' dir='ltr'><strong>tristis</strong></span> <span class='ocrx_word' id='word_1_584' title='bbox 2307 3884 2406 3922; x_wconf 90' lang='lat' dir='ltr'><strong>eos</strong></span> <span class='ocrx_word' id='word_1_585' title='bbox 2447 3868 2576 3937; x_wconf 88' lang='lat' dir='ltr'><strong>ejus</strong></span> <span class='ocrx_word' id='word_1_586' title='bbox 2626 3867 2917 3939; x_wconf 86' lang='lat' dir='ltr'><strong>naufragii</strong></span> <span class='ocrx_word' id='word_1_587' title='bbox 2969 3867 3215 3921; x_wconf 88' lang='lat' dir='ltr'><strong>nuntius</strong></span> <span class='ocrx_word' id='word_1_588' title='bbox 3265 3865 3535 3937; x_wconf 87' lang='lat' dir='ltr'><strong>perculit.</strong></span> <span class='ocrx_word' id='word_1_589' title='bbox 3583 3865 3751 3920; x_wconf 90' lang='lat' dir='ltr'><strong>Unde</strong></span> 
     </span>
    </p>
   </div>
   <div class='ocr_carea' id='block_1_83' title="bbox 2091 3953 3752 4027">
    <p class='ocr_par' dir='ltr' id='par_1_83' title="bbox 2091 3953 3752 4027">
     <span class='ocr_line' id='line_1_83' title="bbox 2091 3953 3752 4027; baseline -0.001 -18"><span class='ocrx_word' id='word_1_590' title='bbox 2091 3955 2384 4011; x_wconf 90' lang='lat' dir='ltr'><strong>intellecto</strong></span> <span class='ocrx_word' id='word_1_591' title='bbox 2417 3956 2528 4011; x_wconf 92' lang='lat' dir='ltr'><strong>sibi</strong></span> <span class='ocrx_word' id='word_1_592' title='bbox 2554 3956 2677 4026; x_wconf 87' lang='lat' dir='ltr'><strong>jam</strong></span> <span class='ocrx_word' id='word_1_593' title='bbox 2711 3956 2854 4011; x_wconf 89' lang='lat' dir='ltr'><strong>solis</strong></span> <span class='ocrx_word' id='word_1_594' title='bbox 2894 3955 3048 4010; x_wconf 89' lang='lat' dir='ltr'><strong>haud</strong></span> <span class='ocrx_word' id='word_1_595' title='bbox 3083 3953 3342 4027; x_wconf 89' lang='lat' dir='ltr'><strong>amplius</strong></span> <span class='ocrx_word' id='word_1_596' title='bbox 3372 3954 3626 4026; x_wconf 73' lang='lat' dir='ltr'><strong>collegas</strong></span> <span class='ocrx_word' id='word_1_597' title='bbox 3657 3971 3752 4008; x_wconf 83' lang='lat' dir='ltr'><strong>ex-</strong></span> 
     </span>
    </p>
   </div>
   <div class='ocr_carea' id='block_1_84' title="bbox 2091 4044 3753 4115">
    <p class='ocr_par' dir='ltr' id='par_1_84' title="bbox 2091 4044 3753 4115">
     <span class='ocr_line' id='line_1_84' title="bbox 2091 4044 3753 4115; baseline -0.001 -16"><span class='ocrx_word' id='word_1_598' title='bbox 2091 4045 2466 4115; x_wconf 87' lang='lat' dir='ltr'><strong>spectandos,</strong></span> <span class='ocrx_word' id='word_1_599' title='bbox 2505 4062 2610 4100; x_wconf 87' lang='lat' dir='ltr'><strong>nec</strong></span> <span class='ocrx_word' id='word_1_600' title='bbox 2640 4061 2882 4100; x_wconf 87' lang='lat' dir='ltr'><strong>causam</strong></span> <span class='ocrx_word' id='word_1_601' title='bbox 2916 4061 3045 4100; x_wconf 89' lang='lat' dir='ltr'><strong>esse</strong></span> <span class='ocrx_word' id='word_1_602' title='bbox 3075 4062 3180 4099; x_wconf 90' lang='lat' dir='ltr'><strong>cur</strong></span> <span class='ocrx_word' id='word_1_603' title='bbox 3206 4061 3266 4098; x_wconf 90' lang='lat' dir='ltr'><strong>re</strong></span> <span class='ocrx_word' id='word_1_604' title='bbox 3308 4044 3524 4099; x_wconf 89' lang='lat' dir='ltr'><strong>infecta</strong></span> <span class='ocrx_word' id='word_1_605' title='bbox 3557 4059 3753 4099; x_wconf 90' lang='lat' dir='ltr'><strong>rever-</strong></span> 
     </span>
    </p>
   </div>
   <div class='ocr_carea' id='block_1_85' title="bbox 2091 4130 3754 4204">
    <p class='ocr_par' dir='ltr' id='par_1_85' title="bbox 2091 4130 3754 4204">
     <span class='ocr_line' id='line_1_85' title="bbox 2091 4130 3754 4204; baseline 0.002 -17"><span class='ocrx_word' id='word_1_606' title='bbox 2091 4137 2380 4200; x_wconf 87' lang='lat' dir='ltr'><strong>terentur,</strong></span> <span class='ocrx_word' id='word_1_607' title='bbox 2410 4149 2614 4188; x_wconf 75' lang='lat' dir='ltr'><strong>versus</strong></span> <span class='ocrx_word' id='word_1_608' title='bbox 2638 4133 2883 4189; x_wconf 81' lang='lat' dir='ltr'><strong>Romam</strong></span> <span class='ocrx_word' id='word_1_609' title='bbox 2899 4133 3292 4202; x_wconf 85' lang='lat' dir='ltr'><strong>solverunt,et</strong></span> <span class='ocrx_word' id='word_1_610' title='bbox 3313 4131 3519 4204; x_wconf 87' lang='lat' dir='ltr'><strong>paucis</strong></span> <span class='ocrx_word' id='word_1_611' title='bbox 3543 4130 3754 4190; x_wconf 85' lang='lat' dir='ltr'><strong>diebus</strong></span> 
     </span>
    </p>
   </div>
   <div class='ocr_carea' id='block_1_86' title="bbox 2093 4221 3752 4295">
    <p class='ocr_par' dir='ltr' id='par_1_86' title="bbox 2093 4221 3752 4295">
     <span class='ocr_line' id='line_1_86' title="bbox 2093 4221 3752 4295; baseline 0 -17"><span class='ocrx_word' id='word_1_612' title='bbox 2093 4222 2494 4294; x_wconf 89' lang='lat' dir='ltr'><strong>pervenientes</strong></span> <span class='ocrx_word' id='word_1_613' title='bbox 2527 4223 2599 4277; x_wconf 89' lang='lat' dir='ltr'><strong>ad</strong></span> <span class='ocrx_word' id='word_1_614' title='bbox 2633 4223 2850 4295; x_wconf 87' lang='lat' dir='ltr'><strong>Papam</strong></span> <span class='ocrx_word' id='word_1_615' title='bbox 2885 4221 3173 4295; x_wconf 82' lang='lat' dir='ltr'><strong>legatione</strong></span> <span class='ocrx_word' id='word_1_616' title='bbox 3214 4222 3400 4278; x_wconf 84' lang='lat' dir='ltr'><strong>functi</strong></span> <span class='ocrx_word' id='word_1_617' title='bbox 3447 4239 3552 4278; x_wconf 87' lang='lat' dir='ltr'><strong>sua</strong></span> <span class='ocrx_word' id='word_1_618' title='bbox 3588 4226 3752 4289; x_wconf 90' lang='lat' dir='ltr'><strong>sunt,</strong></span> 
     </span>
    </p>
   </div>
   <div class='ocr_carea' id='block_1_87' title="bbox 2092 4310 3754 4384">
    <p class='ocr_par' dir='ltr' id='par_1_87' title="bbox 2092 4310 3754 4384">
     <span class='ocr_line' id='line_1_87' title="bbox 2092 4310 3754 4384; baseline 0.001 -18"><span class='ocrx_word' id='word_1_619' title='bbox 2092 4310 2539 4383; x_wconf 85' lang='lat' dir='ltr'><strong>perhumaniter</strong></span> <span class='ocrx_word' id='word_1_620' title='bbox 2568 4313 2721 4368; x_wconf 76' lang='lat'><strong>398</strong></span> <span class='ocrx_word' id='word_1_621' title='bbox 2773 4312 2906 4368; x_wconf 91' lang='lat' dir='ltr'><strong>illos</strong></span> <span class='ocrx_word' id='word_1_622' title='bbox 2938 4311 3264 4384; x_wconf 87' lang='lat' dir='ltr'><strong>excipiente</strong></span> <span class='ocrx_word' id='word_1_623' title='bbox 3295 4311 3474 4384; x_wconf 87' lang='lat' dir='ltr'><strong>Papa,</strong></span> <span class='ocrx_word' id='word_1_624' title='bbox 3508 4311 3651 4367; x_wconf 91' lang='lat' dir='ltr'><strong>adeo</strong></span> <span class='ocrx_word' id='word_1_625' title='bbox 3687 4318 3754 4367; x_wconf 91' lang='lat' dir='ltr'><strong>ut</strong></span> 
     </span>
    </p>
   </div>
   <div class='ocr_carea' id='block_1_88' title="bbox 2093 4403 3750 4475">
    <p class='ocr_par' dir='ltr' id='par_1_88' title="bbox 2093 4403 3750 4475">
     <span class='ocr_line' id='line_1_88' title="bbox 2093 4403 3750 4475; baseline -0.002 -15"><span class='ocrx_word' id='word_1_626' title='bbox 2093 4421 2191 4460; x_wconf 87' lang='lat' dir='ltr'><strong>eos</strong></span> <span class='ocrx_word' id='word_1_627' title='bbox 2223 4403 2595 4460; x_wconf 89' lang='lat' dir='ltr'><strong>honoraverit</strong></span> <span class='ocrx_word' id='word_1_628' title='bbox 2627 4405 2813 4475; x_wconf 87' lang='lat' dir='ltr'><strong>tiaris,</strong></span> <span class='ocrx_word' id='word_1_629' title='bbox 2848 4405 3041 4462; x_wconf 89' lang='lat' dir='ltr'><strong>mitris</strong></span> <span class='ocrx_word' id='word_1_630' title='bbox 3071 4403 3636 4475; x_wconf 87' lang='lat' dir='ltr'><strong>etannulis,quibus</strong></span> <span class='ocrx_word' id='word_1_631' title='bbox 3659 4403 3750 4458; x_wconf 81' lang='lat' dir='ltr'><strong>in-</strong></span> 
     </span>
    </p>
   </div>
   <div class='ocr_carea' id='block_1_89' title="bbox 2093 4493 3751 4567">
    <p class='ocr_par' dir='ltr' id='par_1_89' title="bbox 2093 4493 3751 4567">
     <span class='ocr_line' id='line_1_89' title="bbox 2093 4493 3751 4567; baseline -0.001 -17"><span class='ocrx_word' id='word_1_632' title='bbox 2093 4493 2364 4565; x_wconf 87' lang='lat' dir='ltr'><strong>signibus</strong></span> <span class='ocrx_word' id='word_1_633' title='bbox 2394 4493 2700 4567; x_wconf 88' lang='lat' dir='ltr'><strong>episcopos</strong></span> <span class='ocrx_word' id='word_1_634' title='bbox 2760 4496 2955 4552; x_wconf 88' lang='lat' dir='ltr'><strong>ornari</strong></span> <span class='ocrx_word' id='word_1_635' title='bbox 2992 4511 3121 4551; x_wconf 88' lang='lat' dir='ltr'><strong>mos</strong></span> <span class='ocrx_word' id='word_1_636' title='bbox 3154 4493 3274 4549; x_wconf 90' lang='lat' dir='ltr'><strong>illic</strong></span> <span class='ocrx_word' id='word_1_637' title='bbox 3305 4493 3549 4550; x_wconf 88' lang='lat' dir='ltr'><strong>obtinet.</strong></span> <span class='ocrx_word' id='word_1_638' title='bbox 3600 4496 3751 4548; x_wconf 87' lang='lat' dir='ltr'><strong>Vere</strong></span> 
     </span>
    </p>
   </div>
   <div class='ocr_carea' id='block_1_90' title="bbox 2094 4581 3754 4655">
    <p class='ocr_par' dir='ltr' id='par_1_90' title="bbox 2094 4581 3754 4655">
     <span class='ocr_line' id='line_1_90' title="bbox 2094 4581 3754 4655; baseline 0.001 -20"><span class='ocrx_word' id='word_1_639' title='bbox 2094 4581 2275 4654; x_wconf 86' lang='lat' dir='ltr'><strong>igitur</strong></span> <span class='ocrx_word' id='word_1_640' title='bbox 2294 4587 2350 4639; x_wconf 92' lang='lat' dir='ltr'><strong>et</strong></span> <span class='ocrx_word' id='word_1_641' title='bbox 2373 4583 2703 4655; x_wconf 87' lang='lat' dir='ltr'><strong>insequenti</strong></span> <span class='ocrx_word' id='word_1_642' title='bbox 2731 4591 2928 4641; x_wconf 71' lang='lat' dir='ltr'><strong>aestate</strong></span> <span class='ocrx_word' id='word_1_643' title='bbox 2949 4584 3030 4640; x_wconf 88' lang='lat' dir='ltr'><strong>ibi</strong></span> <span class='ocrx_word' id='word_1_644' title='bbox 3051 4583 3579 4652; x_wconf 80' lang='lat' dir='ltr'><strong>exactis,omnibus</strong></span> <span class='ocrx_word' id='word_1_645' title='bbox 3611 4581 3754 4637; x_wconf 92' lang='lat' dir='ltr'><strong>culti</strong></span> 
     </span>
    </p>
   </div>
   <div class='ocr_carea' id='block_1_91' title="bbox 327 4655 3748 4745">
    <p class='ocr_par' dir='ltr' id='par_1_91' title="bbox 327 4655 3748 4745">
     <span class='ocr_line' id='line_1_91' title="bbox 327 4655 3748 4745; baseline 0.001 -22"><span class='ocrx_word' id='word_1_646' title='bbox 327 4671 439 4737; x_wconf 85' lang='lat' dir='ltr'><strong>tes,</strong></span> <span class='ocrx_word' id='word_1_647' title='bbox 472 4668 645 4739; x_wconf 91' lang='lat' dir='ltr'><strong>quasi</strong></span> <span class='ocrx_word' id='word_1_648' title='bbox 669 4685 806 4741; x_wconf 90' lang='lat' dir='ltr'><strong>spes</strong></span> <span class='ocrx_word' id='word_1_649' title='bbox 840 4670 977 4726; x_wconf 91' lang='lat' dir='ltr'><strong>inde</strong></span> <span class='ocrx_word' id='word_1_650' title='bbox 1012 4669 1225 4726; x_wconf 87' lang='lat' dir='ltr'><strong>salutis</strong></span> <span class='ocrx_word' id='word_1_651' title='bbox 1257 4673 1686 4740; x_wconf 89' lang='lat' dir='ltr'><strong>ostenderetur,</strong></span> <span class='ocrx_word' id='word_1_652' title='bbox 1717 4677 1914 4745; x_wconf 89' lang='lat' dir='ltr'><strong>portu,</strong></span> <span class='ocrx_word' id='word_1_653' title='bbox 1938 4673 1986 4728; x_wconf 84' lang='lat' dir='ltr'><strong>si</strong></span> <span class='ocrx_word' id='word_1_654' title='bbox 2015 4655 2065 4720; x_wconf 77' lang='grc' dir='ltr'><strong>Ι)</strong></span> <span class='ocrx_word' id='word_1_655' title='bbox 2097 4688 2130 4726; x_wconf 89' lang='lat' dir='ltr'><strong>a</strong></span> <span class='ocrx_word' id='word_1_656' title='bbox 2159 4675 2318 4743; x_wconf 90' lang='lat' dir='ltr'><strong>Papa</strong></span> <span class='ocrx_word' id='word_1_657' title='bbox 2350 4674 2762 4731; x_wconf 67' lang='lat' dir='ltr'><strong>benevolentiae</strong></span> <span class='ocrx_word' id='word_1_658' title='bbox 2796 4675 3055 4742; x_wconf 88' lang='lat' dir='ltr'><strong>indiciis,</strong></span> <span class='ocrx_word' id='word_1_659' title='bbox 3087 4677 3507 4745; x_wconf 89' lang='lat' dir='ltr'><strong>transegerunt</strong></span> <span class='ocrx_word' id='word_1_660' title='bbox 3536 4689 3664 4745; x_wconf 71' lang='lat' dir='ltr'><strong>quae</strong></span> <span class='ocrx_word' id='word_1_661' title='bbox 3688 4672 3748 4726; x_wconf 91' lang='lat' dir='ltr'><strong>in</strong></span> 
     </span>
    </p>
   </div>
   <div class='ocr_carea' id='block_1_92' title="bbox 321 4756 1985 4832">
    <p class='ocr_par' dir='ltr' id='par_1_92' title="bbox 321 4756 1985 4832">
     <span class='ocr_line' id='line_1_92' title="bbox 321 4756 1985 4832; baseline 0.005 -21"><span class='ocrx_word' id='word_1_662' title='bbox 321 4756 521 4829; x_wconf 80' lang='lat' dir='ltr'><strong>legere</strong></span> <span class='ocrx_word' id='word_1_663' title='bbox 553 4773 716 4814; x_wconf 89' lang='lat' dir='ltr'><strong>oram</strong></span> <span class='ocrx_word' id='word_1_664' title='bbox 745 4764 1080 4832; x_wconf 88' lang='lat' dir='ltr'><strong>pergerent,</strong></span> <span class='ocrx_word' id='word_1_665' title='bbox 1117 4758 1669 4831; x_wconf 87' lang='lat' dir='ltr'><strong>facileinveniendo,</strong></span> <span class='ocrx_word' id='word_1_666' title='bbox 1695 4767 1985 4832; x_wconf 84' lang='lat' dir='ltr'><strong>quotutus</strong></span> 
     </span>
    </p>
   </div>
   <div class='ocr_carea' id='block_1_93' title="bbox 320 4849 1983 4924">
    <p class='ocr_par' dir='ltr' id='par_1_93' title="bbox 320 4849 1983 4924">
     <span class='ocr_line' id='line_1_93' title="bbox 320 4849 1983 4924; baseline 0.004 -22"><span class='ocrx_word' id='word_1_667' title='bbox 320 4852 596 4920; x_wconf 90' lang='lat' dir='ltr'><strong>receptus</strong></span> <span class='ocrx_word' id='word_1_668' title='bbox 628 4849 792 4904; x_wconf 90' lang='lat' dir='ltr'><strong>foret.</strong></span> <span class='ocrx_word' id='word_1_669' title='bbox 827 4854 902 4905; x_wconf 82' lang='lat' dir='ltr'><strong>At</strong></span> <span class='ocrx_word' id='word_1_670' title='bbox 949 4866 1292 4922; x_wconf 83' lang='lat' dir='ltr'><strong>quanquam</strong></span> <span class='ocrx_word' id='word_1_671' title='bbox 1341 4850 1576 4906; x_wconf 90' lang='lat' dir='ltr'><strong>interim</strong></span> <span class='ocrx_word' id='word_1_672' title='bbox 1629 4851 1709 4906; x_wconf 90' lang='lat' dir='ltr'><strong>illi</strong></span> <span class='ocrx_word' id='word_1_673' title='bbox 1744 4853 1983 4924; x_wconf 89' lang='lat' dir='ltr'><strong>quidem</strong></span> 
     </span>
    </p>
   </div>
   <div class='ocr_carea' id='block_1_94' title="bbox 324 4935 1984 5014">
    <p class='ocr_par' dir='ltr' id='par_1_94' title="bbox 324 4935 1984 5014">
     <span class='ocr_line' id='line_1_94' title="bbox 324 4935 1984 5014; baseline 0.005 -24"><span class='ocrx_word' id='word_1_674' title='bbox 324 4935 494 5004; x_wconf 89' lang='lat' dir='ltr'><strong>satis,</strong></span> <span class='ocrx_word' id='word_1_675' title='bbox 529 4941 595 4992; x_wconf 93' lang='lat' dir='ltr'><strong>ut</strong></span> <span class='ocrx_word' id='word_1_676' title='bbox 624 4937 737 4994; x_wconf 86' lang='lat' dir='ltr'><strong>sibi</strong></span> <span class='ocrx_word' id='word_1_677' title='bbox 767 4938 1143 5005; x_wconf 88' lang='lat' dir='ltr'><strong>videbantur,</strong></span> <span class='ocrx_word' id='word_1_678' title='bbox 1178 4939 1250 4994; x_wconf 90' lang='lat' dir='ltr'><strong>ab</strong></span> <span class='ocrx_word' id='word_1_679' title='bbox 1273 4939 1730 5012; x_wconf 89' lang='lat' dir='ltr'><strong>impingendoin</strong></span> <span class='ocrx_word' id='word_1_680' title='bbox 1752 4959 1984 5014; x_wconf 91' lang='lat' dir='ltr'><strong>procur-</strong></span> 
     </span>
    </p>
   </div>
   <div class='ocr_carea' id='block_1_95' title="bbox 317 5024 1982 5104">
    <p class='ocr_par' dir='ltr' id='par_1_95' title="bbox 317 5024 1982 5104">
     <span class='ocr_line' id='line_1_95' title="bbox 317 5024 1982 5104; baseline 0.006 -26"><span class='ocrx_word' id='word_1_681' title='bbox 317 5024 514 5079; x_wconf 87' lang='lat' dir='ltr'><strong>rentia</strong></span> <span class='ocrx_word' id='word_1_682' title='bbox 533 5024 732 5083; x_wconf 85' lang='lat' dir='ltr'><strong>littora</strong></span> <span class='ocrx_word' id='word_1_683' title='bbox 753 5028 1060 5098; x_wconf 88' lang='lat' dir='ltr'><strong>cavebant,</strong></span> <span class='ocrx_word' id='word_1_684' title='bbox 1093 5044 1236 5084; x_wconf 85' lang='lat' dir='ltr'><strong>nave</strong></span> <span class='ocrx_word' id='word_1_685' title='bbox 1266 5028 1617 5085; x_wconf 89' lang='lat' dir='ltr'><strong>sustinenda</strong></span> <span class='ocrx_word' id='word_1_686' title='bbox 1647 5045 1718 5085; x_wconf 93' lang='lat' dir='ltr'><strong>ne</strong></span> <span class='ocrx_word' id='word_1_687' title='bbox 1741 5031 1982 5104; x_wconf 89' lang='lat' dir='ltr'><strong>propius</strong></span> 
     </span>
    </p>
   </div>
   <div class='ocr_carea' id='block_1_96' title="bbox 320 5117 1981 5185">
    <p class='ocr_par' dir='ltr' id='par_1_96' title="bbox 320 5117 1981 5185">
     <span class='ocr_line' id='line_1_96' title="bbox 320 5117 1981 5185; baseline 0.007 -18"><span class='ocrx_word' id='word_1_688' title='bbox 320 5128 488 5184; x_wconf 83' lang='lat' dir='ltr'><strong>aequo</strong></span> <span class='ocrx_word' id='word_1_689' title='bbox 519 5117 687 5171; x_wconf 64' lang='lat' dir='ltr'><strong>terra</strong></span> <span class='ocrx_word' id='word_1_690' title='bbox 720 5117 1152 5185; x_wconf 88' lang='lat' dir='ltr'><strong>admoveretur,</strong></span> <span class='ocrx_word' id='word_1_691' title='bbox 1188 5117 1259 5172; x_wconf 90' lang='lat' dir='ltr'><strong>ad</strong></span> <span class='ocrx_word' id='word_1_692' title='bbox 1289 5121 1614 5174; x_wconf 83' lang='lat' dir='ltr'><strong>extremum</strong></span> <span class='ocrx_word' id='word_1_693' title='bbox 1639 5123 1832 5176; x_wconf 88' lang='lat' dir='ltr'><strong>tamen</strong></span> <span class='ocrx_word' id='word_1_694' title='bbox 1859 5125 1981 5179; x_wconf 89' lang='lat' dir='ltr'><strong>arte</strong></span> 
     </span>
    </p>
   </div>
   <div class='ocr_carea' id='block_1_97' title="bbox 317 5200 1977 5282">
    <p class='ocr_par' dir='ltr' id='par_1_97' title="bbox 317 5200 1977 5282">
     <span class='ocr_line' id='line_1_97' title="bbox 317 5200 1977 5282; baseline 0.007 -26"><span class='ocrx_word' id='word_1_695' title='bbox 317 5200 586 5272; x_wconf 73' lang='lat' dir='ltr'><strong>ipsorum</strong></span> <span class='ocrx_word' id='word_1_696' title='bbox 602 5206 762 5261; x_wconf 92' lang='lat' dir='ltr'><strong>omni</strong></span> <span class='ocrx_word' id='word_1_697' title='bbox 778 5212 1105 5279; x_wconf 88' lang='lat' dir='ltr'><strong>conatuque</strong></span> <span class='ocrx_word' id='word_1_698' title='bbox 1120 5206 1310 5277; x_wconf 89' lang='lat' dir='ltr'><strong>victis,</strong></span> <span class='ocrx_word' id='word_1_699' title='bbox 1332 5206 1697 5265; x_wconf 87' lang='lat' dir='ltr'><strong>validissimo</strong></span> <span class='ocrx_word' id='word_1_700' title='bbox 1717 5210 1977 5282; x_wconf 90' lang='lat' dir='ltr'><strong>impulsu</strong></span> 
     </span>
    </p>
   </div>
   <div class='ocr_carea' id='block_1_98' title="bbox 320 5291 1978 5370">
    <p class='ocr_par' dir='ltr' id='par_1_98' title="bbox 320 5291 1978 5370">
     <span class='ocr_line' id='line_1_98' title="bbox 320 5291 1978 5370; baseline 0.007 -25"><span class='ocrx_word' id='word_1_701' title='bbox 320 5291 624 5348; x_wconf 90' lang='lat' dir='ltr'><strong>ruentium</strong></span> <span class='ocrx_word' id='word_1_702' title='bbox 656 5294 715 5350; x_wconf 90' lang='lat' dir='ltr'><strong>in</strong></span> <span class='ocrx_word' id='word_1_703' title='bbox 745 5294 916 5352; x_wconf 89' lang='lat' dir='ltr'><strong>littus</strong></span> <span class='ocrx_word' id='word_1_704' title='bbox 947 5297 1238 5353; x_wconf 87' lang='lat' dir='ltr'><strong>ﬂuctuum</strong></span> <span class='ocrx_word' id='word_1_705' title='bbox 1291 5295 1532 5366; x_wconf 84' lang='lat' dir='ltr'><strong>impacti</strong></span> <span class='ocrx_word' id='word_1_706' title='bbox 1587 5298 1724 5370; x_wconf 76' lang='lat' dir='ltr'><strong>ripa:</strong></span> <span class='ocrx_word' id='word_1_707' title='bbox 1772 5317 1978 5357; x_wconf 90' lang='lat' dir='ltr'><strong>navem</strong></span> 
     </span>
    </p>
   </div>
   <div class='ocr_carea' id='block_1_99' title="bbox 319 5380 1980 5456">
    <p class='ocr_par' dir='ltr' id='par_1_99' title="bbox 319 5380 1980 5456">
     <span class='ocr_line' id='line_1_99' title="bbox 319 5380 1980 5456; baseline 0.007 -22"><span class='ocrx_word' id='word_1_708' title='bbox 319 5380 645 5452; x_wconf 84' lang='lat' dir='ltr'><strong>fregerunt,</strong></span> <span class='ocrx_word' id='word_1_709' title='bbox 692 5383 1066 5456; x_wconf 86' lang='lat' dir='ltr'><strong>demereique</strong></span> <span class='ocrx_word' id='word_1_710' title='bbox 1115 5401 1251 5440; x_wconf 90' lang='lat' dir='ltr'><strong>cum</strong></span> <span class='ocrx_word' id='word_1_711' title='bbox 1295 5383 1394 5439; x_wconf 87' lang='lat' dir='ltr'><strong>illa</strong></span> <span class='ocrx_word' id='word_1_712' title='bbox 1445 5386 1748 5456; x_wconf 90' lang='lat' dir='ltr'><strong>perierunt</strong></span> <span class='ocrx_word' id='word_1_713' title='bbox 1777 5405 1980 5445; x_wconf 88' lang='lat' dir='ltr'><strong>omnes</strong></span> 
     </span>
    </p>
   </div>
   <div class='ocr_carea' id='block_1_100' title="bbox 321 5473 1979 5550">
    <p class='ocr_par' dir='ltr' id='par_1_100' title="bbox 321 5473 1979 5550">
     <span class='ocr_line' id='line_1_100' title="bbox 321 5473 1979 5550; baseline 0.006 -26"><span class='ocrx_word' id='word_1_714' title='bbox 321 5484 442 5526; x_wconf 88' lang='lat' dir='ltr'><strong>uno</strong></span> <span class='ocrx_word' id='word_1_715' title='bbox 471 5477 732 5544; x_wconf 86' lang='lat' dir='ltr'><strong>excepto,</strong></span> <span class='ocrx_word' id='word_1_716' title='bbox 757 5473 856 5542; x_wconf 92' lang='lat' dir='ltr'><strong>qui</strong></span> <span class='ocrx_word' id='word_1_717' title='bbox 892 5475 1139 5530; x_wconf 90' lang='lat' dir='ltr'><strong>nuntius</strong></span> <span class='ocrx_word' id='word_1_718' title='bbox 1159 5473 1516 5530; x_wconf 87' lang='lat' dir='ltr'><strong>calamitatis</strong></span> <span class='ocrx_word' id='word_1_719' title='bbox 1541 5479 1779 5544; x_wconf 83' lang='lat' dir='ltr'><strong>natavit,</strong></span> <span class='ocrx_word' id='word_1_720' title='bbox 1815 5495 1844 5533; x_wconf 91' lang='lat' dir='ltr'><strong>e</strong></span> <span class='ocrx_word' id='word_1_721' title='bbox 1863 5495 1979 5550; x_wconf 93' lang='lat' dir='ltr'><strong>quo</strong></span> 
     </span>
    </p>
   </div>
   <div class='ocr_carea' id='block_1_101' title="bbox 320 5559 1976 5637">
    <p class='ocr_par' dir='ltr' id='par_1_101' title="bbox 320 5559 1976 5637">
     <span class='ocr_line' id='line_1_101' title="bbox 320 5559 1976 5637; baseline 0.007 -25"><span class='ocrx_word' id='word_1_722' title='bbox 320 5571 498 5614; x_wconf 82' lang='lat' dir='ltr'><strong>casus</strong></span> <span class='ocrx_word' id='word_1_723' title='bbox 527 5559 627 5616; x_wconf 91' lang='lat' dir='ltr'><strong>ille</strong></span> <span class='ocrx_word' id='word_1_724' title='bbox 659 5560 849 5617; x_wconf 89' lang='lat' dir='ltr'><strong>tristis</strong></span> <span class='ocrx_word' id='word_1_725' title='bbox 877 5567 944 5617; x_wconf 88' lang='lat' dir='ltr'><strong>ut</strong></span> <span class='ocrx_word' id='word_1_726' title='bbox 971 5563 1230 5617; x_wconf 87' lang='lat' dir='ltr'><strong>evenerit</strong></span> <span class='ocrx_word' id='word_1_727' title='bbox 1259 5566 1350 5617; x_wconf 88' lang='lat' dir='ltr'><strong>est</strong></span> <span class='ocrx_word' id='word_1_728' title='bbox 1400 5568 1604 5633; x_wconf 87' lang='lat' dir='ltr'><strong>postea</strong></span> <span class='ocrx_word' id='word_1_729' title='bbox 1653 5566 1976 5637; x_wconf 88' lang='lat' dir='ltr'><strong>cognitum.</strong></span> 
     </span>
    </p>
   </div>
   <div class='ocr_carea' id='block_1_102' title="bbox 316 5644 1980 5727">
    <p class='ocr_par' dir='ltr' id='par_1_102' title="bbox 316 5644 1980 5727">
     <span class='ocr_line' id='line_1_102' title="bbox 316 5644 1980 5727; baseline 0.007 -27"><span class='ocrx_word' id='word_1_730' title='bbox 316 5644 398 5701; x_wconf 91' lang='lat' dir='ltr'><strong>Eo</strong></span> <span class='ocrx_word' id='word_1_731' title='bbox 430 5649 742 5720; x_wconf 79' lang='lat' dir='ltr'><strong>naufragio</strong></span> <span class='ocrx_word' id='word_1_732' title='bbox 775 5655 989 5722; x_wconf 65' lang='lat' dir='ltr'><strong>preter</strong></span> <span class='ocrx_word' id='word_1_733' title='bbox 1019 5649 1286 5706; x_wconf 88' lang='lat' dir='ltr'><strong>homines</strong></span> <span class='ocrx_word' id='word_1_734' title='bbox 1311 5667 1471 5706; x_wconf 88' lang='lat' dir='ltr'><strong>mare</strong></span> <span class='ocrx_word' id='word_1_735' title='bbox 1503 5653 1800 5725; x_wconf 89' lang='lat' dir='ltr'><strong>absorpsit</strong></span> <span class='ocrx_word' id='word_1_736' title='bbox 1821 5656 1980 5727; x_wconf 89' lang='lat' dir='ltr'><strong>regia</strong></span> 
     </span>
    </p>
   </div>
   <div class='ocr_carea' id='block_1_103' title="bbox 314 5730 1977 5816">
    <p class='ocr_par' dir='ltr' id='par_1_103' title="bbox 314 5730 1977 5816">
     <span class='ocr_line' id='line_1_103' title="bbox 314 5730 1977 5816; baseline 0.008 -30"><span class='ocrx_word' id='word_1_737' title='bbox 314 5730 443 5803; x_wconf 87' lang='lat' dir='ltr'><strong>illa,</strong></span> <span class='ocrx_word' id='word_1_738' title='bbox 476 5735 550 5791; x_wconf 89' lang='lat' dir='ltr'><strong>de</strong></span> <span class='ocrx_word' id='word_1_739' title='bbox 579 5737 800 5808; x_wconf 83' lang='lat' dir='ltr'><strong>quibus</strong></span> <span class='ocrx_word' id='word_1_740' title='bbox 837 5738 1120 5809; x_wconf 80' lang='lat' dir='ltr'><strong>diximus,</strong></span> <span class='ocrx_word' id='word_1_741' title='bbox 1166 5739 1344 5808; x_wconf 88' lang='lat' dir='ltr'><strong>dona,</strong></span> <span class='ocrx_word' id='word_1_742' title='bbox 1373 5743 1431 5795; x_wconf 83' lang='lat' dir='ltr'><strong>et</strong></span> <span class='ocrx_word' id='word_1_743' title='bbox 1459 5739 1520 5796; x_wconf 91' lang='lat' dir='ltr'><strong>in</strong></span> <span class='ocrx_word' id='word_1_744' title='bbox 1557 5741 1652 5798; x_wconf 91' lang='lat' dir='ltr'><strong>his</strong></span> <span class='ocrx_word' id='word_1_745' title='bbox 1681 5742 1977 5816; x_wconf 85' lang='lat' dir='ltr'><strong>insignem</strong></span> 
     </span>
    </p>
   </div>
   <div class='ocr_carea' id='block_1_104' title="bbox 2098 4762 3750 4820">
    <p class='ocr_par' dir='ltr' id='par_1_104' title="bbox 2098 4762 3750 4820">
     <span class='ocr_line' id='line_1_104' title="bbox 2098 4762 3750 4820; baseline -0.001 -4"><span class='ocrx_word' id='word_1_746' title='bbox 2098 4762 2390 4818; x_wconf 86' lang='lat' dir='ltr'><strong>mandatis</strong></span> <span class='ocrx_word' id='word_1_747' title='bbox 2406 4763 2720 4820; x_wconf 89' lang='lat' dir='ltr'><strong>habebant.</strong></span> <span class='ocrx_word' id='word_1_748' title='bbox 2737 4765 2888 4820; x_wconf 90' lang='lat' dir='ltr'><strong>Tum</strong></span> <span class='ocrx_word' id='word_1_749' title='bbox 2921 4769 3179 4820; x_wconf 84' lang='lat' dir='ltr'><strong>extremo</strong></span> <span class='ocrx_word' id='word_1_750' title='bbox 3197 4769 3484 4819; x_wconf 85' lang='lat' dir='ltr'><strong>autumno</strong></span> <span class='ocrx_word' id='word_1_751' title='bbox 3509 4767 3750 4816; x_wconf 90' lang='lat' dir='ltr'><strong>mutuos</strong></span> 
     </span>
    </p>
   </div>
   <div class='ocr_carea' id='block_1_105' title="bbox 2095 4849 3752 4926">
    <p class='ocr_par' dir='ltr' id='par_1_105' title="bbox 2095 4849 3752 4926">
     <span class='ocr_line' id='line_1_105' title="bbox 2095 4849 3752 4926; baseline 0.001 -21"><span class='ocrx_word' id='word_1_752' title='bbox 2095 4850 2240 4922; x_wconf 87' lang='lat' dir='ltr'><strong>ipsis</strong></span> <span class='ocrx_word' id='word_1_753' title='bbox 2269 4853 2581 4923; x_wconf 86' lang='lat' dir='ltr'><strong>adjunctos</strong></span> <span class='ocrx_word' id='word_1_754' title='bbox 2627 4871 2660 4908; x_wconf 93' lang='lat' dir='ltr'><strong>a</strong></span> <span class='ocrx_word' id='word_1_755' title='bbox 2704 4854 2860 4926; x_wconf 89' lang='lat' dir='ltr'><strong>Papa</strong></span> <span class='ocrx_word' id='word_1_756' title='bbox 2906 4852 3130 4925; x_wconf 90' lang='lat' dir='ltr'><strong>legatos</strong></span> <span class='ocrx_word' id='word_1_757' title='bbox 3179 4849 3752 4924; x_wconf 87' lang='lat' dir='ltr'><strong>Constantinopolim</strong></span> 
     </span>
    </p>
   </div>
   <div class='ocr_carea' id='block_1_106' title="bbox 2092 4941 2510 5011">
    <p class='ocr_par' dir='ltr' id='par_1_106' title="bbox 2092 4941 2510 5011">
     <span class='ocr_line' id='line_1_106' title="bbox 2092 4941 2510 5011; baseline 0.005 -16"><span class='ocrx_word' id='word_1_758' title='bbox 2092 4941 2510 5011; x_wconf 85' lang='lat' dir='ltr'><strong>perduxerunt.</strong></span> 
     </span>
    </p>
   </div>
   <div class='ocr_carea' id='block_1_107' title="bbox 2090 5103 3757 5178">
    <p class='ocr_par' dir='ltr' id='par_1_107' title="bbox 2090 5103 3757 5178">
     <span class='ocr_line' id='line_1_107' title="bbox 2090 5103 3757 5178; baseline -0.001 -20"><span class='ocrx_word' id='word_1_759' title='bbox 2090 5104 2180 5160; x_wconf 83' lang='lat'><strong>22.</strong></span> <span class='ocrx_word' id='word_1_760' title='bbox 2239 5107 2304 5164; x_wconf 80' lang='lat' dir='ltr'><strong>Ut</strong></span> <span class='ocrx_word' id='word_1_761' title='bbox 2347 5107 2510 5178; x_wconf 67' lang='lat' dir='ltr'><strong>Papa:</strong></span> <span class='ocrx_word' id='word_1_762' title='bbox 2571 5110 3014 5164; x_wconf 80' lang='lat' dir='ltr'><strong>commemoratio</strong></span> <span class='ocrx_word' id='word_1_763' title='bbox 3078 5110 3240 5178; x_wconf 77' lang='lat' dir='ltr'><strong>facta</strong></span> <span class='ocrx_word' id='word_1_764' title='bbox 3316 5103 3378 5159; x_wconf 81' lang='lat' dir='ltr'><strong>in</strong></span> <span class='ocrx_word' id='word_1_765' title='bbox 3454 5118 3612 5160; x_wconf 72' lang='lat' dir='ltr'><strong>sacro</strong></span> <span class='ocrx_word' id='word_1_766' title='bbox 3661 5104 3757 5171; x_wconf 79' lang='lat' dir='ltr'><strong>sit,</strong></span> 
     </span>
    </p>
   </div>
   <div class='ocr_carea' id='block_1_108' title="bbox 2547 5178 3284 5252">
    <p class='ocr_par' dir='ltr' id='par_1_108' title="bbox 2547 5178 3284 5252">
     <span class='ocr_line' id='line_1_108' title="bbox 2547 5178 3284 5252; baseline -0.003 -18"><span class='ocrx_word' id='word_1_767' title='bbox 2547 5185 2904 5237; x_wconf 77' lang='lat' dir='ltr'><strong>exauctorato</strong></span> <span class='ocrx_word' id='word_1_768' title='bbox 2929 5178 3284 5252; x_wconf 77' lang='lat' dir='ltr'><strong>patriarcha.</strong></span> 
     </span>
    </p>
   </div>
   <div class='ocr_carea' id='block_1_109' title="bbox 2161 5300 3753 5377">
    <p class='ocr_par' dir='ltr' id='par_1_109' title="bbox 2161 5300 3753 5377">
     <span class='ocr_line' id='line_1_109' title="bbox 2161 5300 3753 5377; baseline -0.001 -21"><span class='ocrx_word' id='word_1_769' title='bbox 2161 5301 2240 5356; x_wconf 87' lang='lat' dir='ltr'><strong>Ex</strong></span> <span class='ocrx_word' id='word_1_770' title='bbox 2273 5302 2383 5359; x_wconf 89' lang='lat' dir='ltr'><strong>hoc</strong></span> <span class='ocrx_word' id='word_1_771' title='bbox 2411 5303 2736 5374; x_wconf 85' lang='lat' dir='ltr'><strong>legatorum</strong></span> <span class='ocrx_word' id='word_1_772' title='bbox 2771 5307 3248 5377; x_wconf 74' lang='lat' dir='ltr'><strong>adventu&#39;pacem</strong></span> <span class='ocrx_word' id='word_1_773' title='bbox 3268 5303 3480 5358; x_wconf 88' lang='lat' dir='ltr'><strong>factam</strong></span> <span class='ocrx_word' id='word_1_774' title='bbox 3497 5300 3753 5356; x_wconf 86' lang='lat' dir='ltr'><strong>referen-</strong></span> 
     </span>
    </p>
   </div>
   <div class='ocr_carea' id='block_1_110' title="bbox 2089 5389 3752 5466">
    <p class='ocr_par' dir='ltr' id='par_1_110' title="bbox 2089 5389 3752 5466">
     <span class='ocr_line' id='line_1_110' title="bbox 2089 5389 3752 5466; baseline -0.001 -22"><span class='ocrx_word' id='word_1_775' title='bbox 2089 5389 2239 5446; x_wconf 90' lang='lat' dir='ltr'><strong>tium</strong></span> <span class='ocrx_word' id='word_1_776' title='bbox 2273 5393 2389 5448; x_wconf 89' lang='lat' dir='ltr'><strong>duo</strong></span> <span class='ocrx_word' id='word_1_777' title='bbox 2419 5401 2734 5450; x_wconf 88' lang='lat' dir='ltr'><strong>consecuta</strong></span> <span class='ocrx_word' id='word_1_778' title='bbox 2787 5399 2948 5466; x_wconf 91' lang='lat' dir='ltr'><strong>sunt,</strong></span> <span class='ocrx_word' id='word_1_779' title='bbox 2993 5395 3045 5450; x_wconf 91' lang='lat' dir='ltr'><strong>vi</strong></span> <span class='ocrx_word' id='word_1_780' title='bbox 3097 5393 3259 5465; x_wconf 84' lang='lat' dir='ltr'><strong>prius</strong></span> <span class='ocrx_word' id='word_1_781' title='bbox 3309 5393 3752 5454; x_wconf 90' lang='lat' dir='ltr'><strong>conventorum,</strong></span> 
     </span>
    </p>
   </div>
   <div class='ocr_carea' id='block_1_111' title="bbox 2088 5482 3753 5555">
    <p class='ocr_par' dir='ltr' id='par_1_111' title="bbox 2088 5482 3753 5555">
     <span class='ocr_line' id='line_1_111' title="bbox 2088 5482 3753 5555; baseline -0.001 -21"><span class='ocrx_word' id='word_1_782' title='bbox 2088 5483 2486 5538; x_wconf 87' lang='lat' dir='ltr'><strong>exauctoratio</strong></span> <span class='ocrx_word' id='word_1_783' title='bbox 2521 5483 2887 5555; x_wconf 80' lang='lat' dir='ltr'><strong>patriarchae,</strong></span> <span class='ocrx_word' id='word_1_784' title='bbox 2922 5489 2980 5540; x_wconf 91' lang='lat' dir='ltr'><strong>et</strong></span> <span class='ocrx_word' id='word_1_785' title='bbox 3012 5499 3174 5554; x_wconf 69' lang='lat' dir='ltr'><strong>papae</strong></span> <span class='ocrx_word' id='word_1_786' title='bbox 3207 5482 3266 5536; x_wconf 90' lang='lat' dir='ltr'><strong>in</strong></span> <span class='ocrx_word' id='word_1_787' title='bbox 3301 5496 3466 5535; x_wconf 90' lang='lat' dir='ltr'><strong>sacro</strong></span> <span class='ocrx_word' id='word_1_788' title='bbox 3498 5493 3753 5534; x_wconf 89' lang='lat' dir='ltr'><strong>comme-</strong></span> 
     </span>
    </p>
   </div>
   <div class='ocr_carea' id='block_1_112' title="bbox 2088 5570 3755 5644">
    <p class='ocr_par' dir='ltr' id='par_1_112' title="bbox 2088 5570 3755 5644">
     <span class='ocr_line' id='line_1_112' title="bbox 2088 5570 3755 5644; baseline -0.001 -22"><span class='ocrx_word' id='word_1_789' title='bbox 2088 5570 2337 5626; x_wconf 89' lang='lat' dir='ltr'><strong>moratio</strong></span> <span class='ocrx_word' id='word_1_790' title='bbox 2371 5571 2645 5643; x_wconf 90' lang='lat' dir='ltr'><strong>publica;</strong></span> <span class='ocrx_word' id='word_1_791' title='bbox 2672 5574 2812 5644; x_wconf 90' lang='lat' dir='ltr'><strong>quin</strong></span> <span class='ocrx_word' id='word_1_792' title='bbox 2838 5572 3015 5628; x_wconf 88' lang='lat' dir='ltr'><strong>etiam</strong></span> <span class='ocrx_word' id='word_1_793' title='bbox 3047 5573 3120 5628; x_wconf 88' lang='lat' dir='ltr'><strong>ad</strong></span> <span class='ocrx_word' id='word_1_794' title='bbox 3145 5571 3488 5627; x_wconf 90' lang='lat' dir='ltr'><strong>electionem</strong></span> <span class='ocrx_word' id='word_1_795' title='bbox 3519 5583 3755 5622; x_wconf 88' lang='lat' dir='ltr'><strong>succes-</strong></span> 
     </span>
    </p>
   </div>
   <div class='ocr_carea' id='block_1_113' title="bbox 2087 5655 3752 5734">
    <p class='ocr_par' dir='ltr' id='par_1_113' title="bbox 2087 5655 3752 5734">
     <span class='ocr_line' id='line_1_113' title="bbox 2087 5655 3752 5734; baseline 0 -23"><span class='ocrx_word' id='word_1_796' title='bbox 2087 5657 2208 5712; x_wconf 88' lang='lat' dir='ltr'><strong>suri</strong></span> <span class='ocrx_word' id='word_1_797' title='bbox 2244 5659 2302 5714; x_wconf 92' lang='lat' dir='ltr'><strong>in</strong></span> <span class='ocrx_word' id='word_1_798' title='bbox 2336 5661 2802 5732; x_wconf 88' lang='lat' dir='ltr'><strong>patriarchatum</strong></span> <span class='ocrx_word' id='word_1_799' title='bbox 2829 5660 3024 5734; x_wconf 87' lang='lat' dir='ltr'><strong>palam</strong></span> <span class='ocrx_word' id='word_1_800' title='bbox 3055 5660 3246 5718; x_wconf 87' lang='lat' dir='ltr'><strong>vocati</strong></span> <span class='ocrx_word' id='word_1_801' title='bbox 3277 5655 3752 5730; x_wconf 79' lang='lat' dir='ltr'><strong>quibusinidjus</strong></span> 
     </span>
    </p>
   </div>
   <div class='ocr_carea' id='block_1_114' title="bbox 2087 5742 3748 5824">
    <p class='ocr_par' dir='ltr' id='par_1_114' title="bbox 2087 5742 3748 5824">
     <span class='ocr_line' id='line_1_114' title="bbox 2087 5742 3748 5824; baseline -0.001 -22"><span class='ocrx_word' id='word_1_802' title='bbox 2087 5751 2175 5803; x_wconf 87' lang='lat' dir='ltr'><strong>est</strong></span> <span class='ocrx_word' id='word_1_803' title='bbox 2206 5747 2492 5821; x_wconf 73' lang='lat' dir='ltr'><strong>suffragii.</strong></span> <span class='ocrx_word' id='word_1_804' title='bbox 2523 5751 2604 5806; x_wconf 86' lang='lat' dir='ltr'><strong>Ac</strong></span> <span class='ocrx_word' id='word_1_805' title='bbox 2635 5749 2791 5823; x_wconf 91' lang='lat' dir='ltr'><strong>quod</strong></span> <span class='ocrx_word' id='word_1_806' title='bbox 2823 5750 3080 5824; x_wconf 87' lang='lat' dir='ltr'><strong>primum</strong></span> <span class='ocrx_word' id='word_1_807' title='bbox 3111 5747 3353 5823; x_wconf 87' lang='lat' dir='ltr'><strong>quidem</strong></span> <span class='ocrx_word' id='word_1_808' title='bbox 3384 5744 3595 5802; x_wconf 89' lang='lat' dir='ltr'><strong>horum</strong></span> <span class='ocrx_word' id='word_1_809' title='bbox 3613 5742 3748 5800; x_wconf 85' lang='lat' dir='ltr'><strong>atti-</strong></span> 
     </span>
    </p>
   </div>
  </div>
